4104 6516
448 494 613 543 ιιιιι

1759 473 2349 536 τρΒοιΕροΜΕΝΑ.
3536 478 3539 481 ’
3648 480 3723 523 ιι

449 609 511 656 ιιι
541 601 619 655 illi
651 599 769 655 sine
792 595 904 651 ulla
932 592 1260 650 titubatione
1310 599 1405 647 aut
1436 591 1748 661 suspicione
1777 600 2029 644 mutuum

2134 588 2303 641 οπτὸν
2343 603 2437 641 σου
2470 585 2565 640 καὶ
2597 584 2820 657 βεϐαίαν
2865 584 2964 654 τὴν
2996 584 3216 655 ἀγάπην
3249 582 3550 655 διατηρῶσι
3574 595 3586 610 '
3628 585 3725 636 και

449 706 579 762 erga
599 699 651 744 te
686 688 929 742 animum
984 692 1177 757 gerant
1217 701 1231 738 :
1266 693 1320 739 et
1375 699 1443 738 ne
1488 696 1768 751 nunquam
1824 680 2027 751 ingrati

450 780 619 837 animi
656 779 859 845 fueris;
892 792 1025 848 pars
1054 776 1200 831 enim
1234 776 1456 845 pietatis
1480 783 1565 829 est
1594 774 1733 827 bene
1763 772 2027 827 merenti-

450 874 556 927 bus
594 870 834 941 gratiam
864 872 1070 923 reterre
1102 885 1114 920 :
1145 867 1237 936 qui
1268 880 1397 920 vero
1465 867 1716 934 ingratus
1770 871 1855 919 est
1912 863 2031 933 ipse

451 961 559 1016 sibi
586 960 838 1015 infensus
888 969 971 1013 est
1007 976 1020 1011 :
1049 956 1225 1028 gratia
1270 956 1416 1011 enim
1452 968 1579 1009 eum
1611 952 1866 1016 refertur,
1895 966 2030 1022 quo-

449 1052 742 1107 dammodo
773 1051 1374 1120 multiplicatur;cum
1424 1063 1553 1103 vero
1607 1062 1714 1101 non
1772 1046 2030 1110 refertur,

448 1141 613 1195 etiam
637 1156 761 1210 quae
792 1148 946 1209 parta
979 1140 1181 1201 fuerat,
1219 1136 1457 1207 deperit.
1489 1137 1627 1190 Dum
1662 1151 1795 1207 ergo
1824 1144 1878 1189 te
1908 1150 2034 1205 gra~

452 1245 563 1289 tum
633 1232 971 1297 exhibueris,
1024 1231 1228 1286 nmltos
1287 1231 1549 1285 habueris
1586 1228 1664 1283 tui
1717 1226 2057 1282 demerendi'

449 1325 681 1396 cupidos
711 1340 776 1380 ac
832 1326 1109 1380 studiosos
1152 1341 1165 1377 :
1223 1324 1270 1378 si
1318 1333 1499 1378 autem
1539 1322 1787 1393 ingratus
1839 1319 2032 1385 fueris,

449 1419 659 1472 nullum
693 1417 917 1470 omnino
974 1415 1213 1469 amicum
1244 1414 1495 1479 habebis,
1527 1413 1753 1482 quicum
1784 1410 2036 1481 jucunde

451 1511 637 1562 vivere
698 1507 907 1576 possis,
962 1504 1179 1560 etiamsi
1248 1518 1441 1559 omnes
1506 1502 1821 1558 simulatam
1884 1503 1936 1556 in
1984 1511 2036 1557 te

454 1599 757 1654 amicitiam
810 1613 874 1653 ac
926 1597 1356 1652 benevolentiam
1388 1610 1500 1665 prae
1532 1610 1590 1650 se
1619 1594 1815 1649 ferant.

905 1691 984 1744 De
1023 1707 1258 1746 sermone
1280 1700 1329 1745 et
1355 1690 1587 1744 silentio.

522 1787 583 1839 In
620 1784 935 1855 detegendis
967 1785 1247 1838 hominum
1281 1782 1515 1851 ingeniis
1556 1782 1734 1837 solers
1768 1788 1821 1835 et
1852 1781 2039 1836 consi—

2133 680 2208 751 μὴ
2236 680 2387 749 γίνου
2417 682 2482 751 τῇ
2514 678 2709 749 γνώμῃ
2738 679 3066 749 ἀχάριστοςο
3113 677 3278 747 μέρος
3309 676 3418 748 γὰρ
3445 675 3727 738 εὐσεϐείας

2128 772 2192 826 τὸ
2223 771 2631 825 ἀνταποδιδόναι
2675 773 2787 832 τοῖς
2819 768 3097 822 εὐποιοῦσι
3131 769 3228 834 τάς
3264 767 3589 838 χάριτας.⁹0
3616 769 3724 835 γὰρ

2130 864 2423 935 ἀχάριστος
2469 862 2647 930 ἐαυτῷ
2677 861 2913 933 ὑπάρχει
2958 859 3237 930 πολέμιος.
3275 859 3451 930 Χάρις
3484 858 3583 927 μὲν
3615 858 3726 927 γὰρ

2132 954 2590 1025 ἀνταποδιδομένη
2622 951 2977 1015 πλεονάζεται
3001 967 3014 982 ’
3053 950 3129 1020 μὴ
3157 949 3621 1020 ἀνταποδιδομένη
3642 948 3725 1012 δὲ,

2134 1046 2228 1099 καὶ
2271 1046 2371 1116 τὴν
2404 1044 2843 1115 καταϐληθεῑσαν
2889 1042 3349 1114 προσαπόλλυσιν,
3386 1042 3725 1114 Εὐχάριστος

2132 1136 2311 1190 τοίνυν
2335 1136 2645 1207 γενόμενος,
2665 1135 2892 1199 πολλοὺς
2924 1134 3068 1198 ἐξεις
3092 1134 3218 1197 τούς
3240 1133 3369 1204 περὶ
3397 1134 3457 1187 σὲ
3486 1133 3723 1186 σπουδά-

2137 1243 2352 1293 σοντας,
2413 1227 2511 1281 καὶ
2541 1226 2743 1291 πολλάς
2768 1242 2859 1279 σοι
2882 1224 3323 1288 καταϐαλοῦντας
3346 1226 3441 1288 τὰς
3462 1224 3686 1294 χάριτας
3706 1237 3722 1254 °

2135 1317 2429 1388 ἀχάριστος
2448 1317 2505 1370 δὲ
2531 1318 2812 1389 ὑπάρχων,
2842 1316 3036 1371 οὐδένα
3064 1317 3241 1388 κτήσῃ
3274 1316 3425 1385 φίλον
3446 1315 3723 1388 οὐδαμῶς,

2140 1408 2259 1478 μεθ’
2282 1402 2343 1463 οὗ
2370 1407 2703 1479 συμϐιώσεις
2735 1410 2928 1479 ἡδέως,
2960 1408 3066 1462 κᾶν
3098 1408 3298 1472 πάντες
3329 1408 3605 1478 ἄνθρωποι
3625 1407 3726 1477 τὴν

2137 1500 2275 1569 πρὸς
2306 1500 2365 1552 σὲ
2397 1500 2579 1570 φιλίαν
2615 1500 2972 1571 ὐποκριθῶσι.

2532 1681 2667 1749 Περὶ
2706 1680 2893 1747 λόγου
2933 1680 3032 1734 καὶ
3067 1678 3326 1749 σιωπῆς.

2212 1772 2488 1844 Νουνεχὴς
2516 1772 2631 1838 ἔσο,
2654 1773 2749 1826 καὶ
2779 1773 3041 1844 φρόνιμος
3067 1776 3125 1826 ἐν
3151 1772 3227 1843 τῷ
3250 1773 3311 1826 τδ
3333 1772 3565 1827 ἑκάστου
3592 1768 3726 1846 ἦθος

452 1879 673 1933 deratus
686 1884 805 1931 esto
832 1894 844 1930 :
864 1882 918 1929 et
949 1876 1090 1929 bona
1108 1874 1325 1943 quidem
1346 1875 1629 1929 voluntate
1657 1871 1913 1943 praeditos
1935 1871 2029 1926 tibi

2140 1864 2564 1936 ἀναμανθάνειν,
2598 1864 2693 1918 καὶ
2725 1864 2834 1917 τῶν
2881 1865 2983 1935 μὲν
3023 1865 3331 1920 σπουδαίων
3360 1867 3462 1928 τὰς
3500 1865 3725 1936 γνώμας

456 1968 716 2039 adjnnge,
751 1966 998 2035 improba
1040 1938 1168 2019 vero
1218 1978 1492 2019 aversare.
1531 1938 1810 2033 Quidquid
1845 1970 2028 2017 autem

2140 1957 2522 2027 ἀποδέχεσθαι,
2557 1956 2667 2009 τῶν
2714 1956 2770 2010 δὲ
2823 1956 3044 2023 φαύλων
3087 1957 3546 2031 ἀποστρέφεσθαι.
3564 1956 3726 2011 Ἀλλά

459 2059 852 2113 enuntiaturus
890 2071 1127 2127 unquam
1164 2055 1262 2122 sis,
1296 2056 1437 2125 apud
1468 2063 1521 2110 te
1560 2054 1713 2125 prius
1742 2053 2031 2123 diligenter

451 2148 738 2203 considera
768 2186 783 2211 ,
840 2162 908 2201 ne
956 2147 1144 2215 lingua
1188 2146 1573 2217 cogitationem
1630 2151 2030 2209 antevertente,

450 2242 595 2309 quod
617 2245 953 2308 praepostere
979 2237 1227 2307 loquaris
1250 2237 1350 2290 tibi
1378 2236 1768 2306 exprobretur.
1800 2234 1857 2288 In
1880 2243 2027 2290 ctetu

448 2331 593 2383 enim
662 2329 950 2381 hominum
1008 2338 1306 2396 antequam
1362 2324 1570 2395 aliquid
1617 2326 1793 2391 dicas,
1833 2325 1888 2379 in
1936 2333 2031 2379 tua

452 2425 721 2485 potestate
743 2424 827 2469 est
843 2415 1087 2484 cogitare
1109 2455 1124 2481 ,
1156 2416 1200 2469 si
1239 2414 1378 2469 forte
1394 2423 1517 2484 post
1547 2415 1777 2483 primam
1807 2423 2030 2467 senten-

452 2509 584 2561 tiam
614 2509 719 2561 alia
754 2507 855 2561 tibi
887 2508 1080 2561 melior
1133 2506 1490 2562 succurrerit.
1528 2506 1601 2561 lis
1660 2515 1843 2560 autem
1904 2519 2032 2576 quae

454 2600 625 2655 semel
669 2599 875 2653 dixeris
934 2598 1232 2668 pugnantia
1269 2598 1541 2666 subjicere
1575 2613 1684 2651 non
1717 2598 1949 2666 poteris,
1981 2596 2031 2651 si

454 2704 738 2746 sermones
800 2690 1027 2744 tuos-ab
1086 2691 1233 2744 omni
1279 2689 1707 2759 reprehensione
1758 2689 2031 2743 immunes

453 2797 576 2838 esse
606 2782 869 2836 volueris.
921 2780 1114 2835 Dicere
1166 2789 1347 2834 autem
1400 2780 1675 2851 oportebit
1701 2786 1797 2833 aut
1824 2794 1887 2833 ea
1911 2792 2033 2848 qua:

453 2873 699 2944 perfecte
722 2877 887 2936 scies,
919 2882 1015 2926 aut
1064 2888 1186 2942 quae
1221 2872 1487 2942 temporis
1519 2872 1658 2925 ratio
1693 2870 2028 2941 postulabit;

456 2962 528 3019 de
562 2964 791 3035 reliquis
826 2972 1008 3018 autem
1041 2966 1299 3020 omnibus
1334 2965 1511 3021 satius
1529 2964 1636 3019 erit
1672 2964 1836 3018 silere
1866 2975 2029 3032 quam

456 3058 625 3127 loan

1025 3149 1099 3204 De
1126 3150 1477 3219 eleemosgna.

2132 2053 2228 2108 καὶ
2252 2052 2397 2121 ὅπερ
2426 2049 2493 2104 ἂν
2524 2040 2739 2121 μέλλεις
2776 2051 2944 2121 ἐρεῖν,
2979 2052 3376 2122 προεπισκόπει
3405 2053 3472 2122 τῇ
3506 2049 3723 2122 γνώμῃ,

2135 2147 2221 2201 ἵνα
2266 2146 2341 2216 μὴ
2393 2145 2487 2199 καὶ
2533 2144 2568 2214 ὴ
2618 2143 2840 2212 γλῶσσα
2887 2144 3263 2214 προτρέχουσα
3299 2143 3393 2197 τοῦ
3433 2141 3722 2213 λογισμοῦ,

2132 2238 2383 2300 ἀτάκτως
2404 2236 2584 2305 λέγειν
2608 2235 2899 2306 ὁνειδισθῇ.
2925 2236 3215 2306 Σκοπήσας
3249 2234 3348 2306 μὲν
3376 2236 3485 2305 γάρ
3510 2236 3567 2287 ἐν
3595 2233 3724 2286 συλο
3784 2230 3787 2233 ’

2133 2331 2278 2400 λόγῳ
2312 2329 2502 2400 κύριος
2534 2322 2586 2381 εἴ
2610 2328 2717 2398 πρὸ
2745 2328 2840 2381 τοῦ
2870 2346 2923 2382 τι
2947 2330 3143 2393 εἰπεῖν,
3171 2320 3246 2381 ὧν
3279 2327 3492 2397 μέλλεις
3528 2329 3723 2392 είπεῖν,

2133 2421 2317 2475 εἵπου
2350 2421 2443 2474 καὶ
2480 2420 2620 2491 μετὰ
2662 2418 2762 2489 τὴν
2820 2421 3093 2490 προτέραν
3143 2418 3372 2491 γνώμην
3419 2422 3453 2491 ἡ
3493 2419 3723 2490 δευτέρα

2133 2512 2399 2583 κρείττων
2432 2512 2702 2583 ἀναφανῇ.
2727 2510 2984 2583 Λαλήσας
3013 2511 3069 2565 δὲ
3096 2511 3264 2577 ἅπαξ,
3291 2513 3351 2565 οὐ
3390 2511 3598 2585 δυνήσῃ
3626 2512 3723 2565 τοῦ

2132 2602 2457 2672 λαληθέντος
2485 2602 2705 2657 ἐναντία
2736 2605 3148 2674 προσεπειπεῖν,
3175 2604 3289 2671 εἴγε
3328 2603 3522 2674 μώμου
3554 2605 3724 2675 χωρτς

2133 2696 2231 2756 τὰς
2265 2692 2485 2764 ὁμιλίας
2513 2693 2787 2747 ποιεῖσθαι
2829 2693 3036 2758 ποθεῖς.
3064 2696 3258 2763 Λέγειν
3299 2696 3357 2748 δὲ
3399 2696 3720 2764 ἀναγκαῖον,

2133 2785 2167 2855 ἢ
2202 2786 2332 2856 περὶ
2374 2778 2450 2839 ὧν
2482 2785 2726 2856 ἀκριϐῶς
2770 2784 3090 2854 γινώσκεις,
3135 2787 3168 2857 ἢ
3218 2789 3345 2858 περὶ
3374 2781 3450 2841 ὧν
3477 2788 3507 2839 ὁ
3536 2789 3726 2858 καιρὸς

2133 2878 2391 2932 ἀπαιτεῖ·
2426 2879 2484 2931 ἐν
2515 2879 2571 2932 δὲ
2611 2880 2723 2942 τοῖς
2766 2878 2949 2944 ἄλλοις
2996 2880 3169 2934 ἆπασι
3221 2882 3486 2953 κρείττων
3513 2879 3605 2934 τοῦ
3636 2881 3724 2934 λέ-

2134 2989 2253 3039 γειν
2287 2974 2320 3043 ὴ
2352 2973 2549 3044 σιωπή.

2612 3162 2750 3229 Περὶ
2790 3162 3234 3231 ἐλεημοσύνης.

527 3239 754 3312 Largire
789 3242 1024 3313 ‘eopiose
1071 3243 1358 3312 egentibus
1391 3241 1778 3297 misericordiae
1806 3242 2026 3311 stipem,

2204 3252 2308 3305 Τὸν
2359 3251 2506 3305 ἔλεον
2558 3252 2941 3322 ἐπιδαψιλεύου
2971 3255 3083 3317 τοῖς
3116 3254 3423 3325 δεομένοις,
3457 3256 3546 3309 ἴνα
3576 3254 3725 3310 ἔλεον

456 3342 514 3389 ut
548 3335 662 3404 ipse
682 3335 750 3388 ab
780 3335 1166 3389 universorum
1201 3348 1329 3403 rcge
1367 3333 1801 3388 misericordiam
1832 3347 2029 3388 conse-

454 3426 690 3493 quaris:
725 3424 946 3494 pmprie
1004 3422 1149 3478 enim
1191 3423 1368 3493 pietas
1407 3430 1492 3478 est
1550 3436 1847 3493 egenorum
1909 3436 2030 3477 sus—

453 3516 706 3571 tentatio.
734 3514 865 3570 Eam
908 3528 1041 3584 ergo
1086 3512 1227 3568 diem
1280 3514 1513 3584 periisse
1558 3512 1893 3577 existimato,
1923 3527 2030 3583 qua

455 3607 657 3663 nemini
699 3606 1063 3673 benefeceris,
1118 3621 1219 3676 pro
1246 3605 1529 3661 beneficiis
1572 3619 1695 3675 quae
1722 3605 1840 3675 ipse
1868 3620 1897 3659 a
1920 3605 2032 3659 Deo

456 3698 761 3768 acceperis.
797 3695 1005 3752 Exerce
1040 3697 1207 3767 igitur
1253 3696 1680 3766 eleemosynam,
1713 3704 1773 3750 ut
1801 3709 1921 3750 eam
1952 3695 2033 3749 vi-

454 3790 642 3845 cissim
669 3805 699 3844 a
724 3789 835 3843 Deo
859 3788 1113 3857 recipias.
1151 3786 1339 3843 Pmbe
1374 3801 1537 3842 aures
1560 3794 1685 3842 tuas
1720 3786 2031 3857 supplicum

456 3882 735 3951 precibus,
773 3889 827 3935 et
869 3881 1029 3935 hilari
1080 3880 1234 3934 vultu
1279 3894 1473 3934 eorum
1517 3878 1710 3948 pudori
1765 3879 2031 3933 consule:

455 3970 715 4024 miserere
738 3970 1106 4040 lacrymarum
1130 3967 1328 4032 viduas,
1368 3982 1431 4021 ac
1461 3965 1698 4036 gemitus
1756 3964 2033 4035 orphano-

454 4078 574 4117 rum
601 4077 670 4118 ne
702 4062 934 4131 repellas
971 4080 984 4115 :
1029 4076 1153 4131 quae
1184 4062 1327 4116 enim
1382 4061 1697 4122 fecerimus,
1754 4058 1947 4114 eadem
1980 4064 2035 4112 et

454 4154 753 4221 patiemur,
794 4162 849 4207 et
882 4152 1025 4207 sicut
1072 4149 1352 4211 audimus,
1402 4151 1476 4204 ita
1524 4158 1579 4204 et
1628 4148 1947 4214 audiemur,
1977 4155 2037 4200 et

456 4244 598 4297 sicut
637 4243 911 4307 videmus,
947 4242 1021 4295 ita
1061 4252 1113 4296 et
1145 4240 1473 4295 videbimur.
1506 4240 1736 4306 Qualem
1770 4253 1901 4309 ergo
1933 4237 2034 4291 tibi

454 4352 514 4389 se
550 4333 718 4387 Deum
751 4333 993 4401 praebere
1029 4339 1273 4401 optares,
1313 4332 1476 4386 talem
1510 4341 1564 4386 et
1587 4328 1821 4385 subditis
1848 4330 1956 4383 tuis
1986 4336 2038 4385 te

457 4424 739 4492 impertias
759 4440 774 4476 :
792 4437 899 4493 qua
924 4424 1068 4479 enim
1093 4435 1349 4478 mensura
1385 4418 1610 4478 mensus
1629 4420 1822 4487 fueris,
1846 4420 2035 4475 eadem

461 4516 559 4571 tibi
588 4523 899 4583 reponetur.

452 4606 820 4660 Momentanea
867 4617 915 4660 et
956 4608 1163 4661 caduca
1201 4622 1314 4662 esse
1350 4607 1531 4660 omnia
1565 4622 1683 4675 quw
1738 4607 1824 4660 hic
1879 4614 2023 4661 sunt.
2052 4615 2106 4674 1)

528 4694 699 4763 Scito,
742 4697 819 4752 illi
860 4698 959 4764 mi,
993 4699 1130 4753 nihil
1188 4698 1242 4753 in
1287 4699 1390 4754 hac
1447 4699 1556 4753 vita
1596 4697 1836 4765 firmum,
1889 4698 2026 4751 nihil

454 4791 671 4855 stabile,
722 4792 861 4846 nihil
912 4798 1241 4863 perpetuum
1293 4805 1450 4848 esse:
1504 4804 1630 4845 nam
1677 4788 1909 4845 subinde
1937 4803 2028 4845 res

457 4881 620 4936 aliter
649 4888 815 4951 atque
873 4882 1035 4937 aliter
1082 4881 1394 4948 variantur,
1446 4888 1503 4935 et
1530 4887 1666 4934 rota:
1708 4879 1766 4933 in
1818 4892 2025 4934 morem

450 4986 575 5042 quae
593 4972 1069 5038 circumvolvitur,
1102 4988 1164 5028 ea
1196 4988 1318 5043 qua:
1342 4986 1568 5027 sursum
1593 4980 1723 5027 sunt
1764 4970 2025 5026 deorsum

454 5063 727 5129 feruntur,
745 5073 800 5118 et
824 5079 945 5133 qua:
984 5064 1243 5119 deorsum
1289 5062 1477 5133 jacent
1507 5078 1729 5118 sursum
1784 5061 2028 5118 evehun-

453 5162 583 5209 tur:
629 5163 968 5224 quaprOptcr
1021 5167 1199 5223 neque
1256 5152 1516 5207 secundis
1549 5152 1713 5207 rebus
1741 5152 2026 5219 extollere,

453 5260 630 5315 neque
662 5244 910 5300 adversis
953 5245 1213 5314 dejicere,
1265 5244 1358 5299 sed
1415 5243 1470 5298 in
1509 5252 1748 5315 utraque
1802 5242 2025 5297 fortuna

451 5346 714 5393 constans
743 5346 862 5392 esto
893 5348 1056 5408 atque
1092 5338 1474 5403 immutabilis,
1531 5347 1744 5393 tantum
1777 5340 2025 5395 honestis

454 5428 620 5483 rebus
652 5429 903 5493 studens,
963 5438 1160 5483 caetera
1210 5445 1338 5484 vero
1388 5429 1501 5485 Deo
1535 5430 1845 5484 committe:
1899 5446 2023 5484 nam

453 5533 579 5572 cum
614 5520 851 5574 secunda
884 5522 1058 5576 uteris
1092 5520 1338 5586 fortuna,
1377 5521 1624 5577 adversae
1658 5530 1840 5578 metus
1874 5533 1927 5577 te
1954 5524 2022 5578 ab

454 5612 711 5680 superbia
743 5627 1005 5669 revocare
1050 5613 1236 5681 debet,
1277 5622 1334 5669 et
1370 5629 1496 5668 cum
1527 5614 1759 5670 adversa
1780 5615 2023 5684 jactabe~

452 5703 551 5767 ris,
580 5701 825 5758 melioris
862 5718 986 5774 spes
1017 5706 1224 5776 pariter
1267 5713 1322 5760 te
1367 5705 1436 5759 ab
1487 5705 1660 5759 animi
1716 5706 2025 5775 dejectione

451 5792 717 5848 deducere
741 5813 755 5848 :
779 5793 884 5849 hoc
917 5796 1065 5849 enim
1104 5796 1292 5866 pusilli
1316 5804 1403 5851 est
1425 5795 1593 5850 animi
1634 5810 1698 5850 ac
1724 5797 1874 5866 regia
1913 5797 2024 5851 vir-

452 5890 569 5939 tute
589 5883 908 5953 indignum:
941 5888 1070 5957 quia
1106 5886 1253 5958 quod
1310 5888 1553 5944 futurum
1595 5901 1678 5947 est
1706 5891 1878 5946 videri
1929 5908 2023 5949 ne-

2136 3346 2413 3415 ἐπισπάσῃ
2465 3344 2615 3416 παρά
2657 3343 2751 3397 τοῦ
2801 3345 2910 3399 τῶν
2955 3345 3093 3399 ὅλων
3140 3344 3438 3415 βασιλέως·
3470 3346 3725 3399 εὐσέϐεια

2106 3436 2243 3505 ,γὰρ
2272 3436 2477 3505 κυρίως
2500 3437 2534 3505 ὴ
2564 3434 2675 3488 τῶν
2695 3434 2965 3505 δεομένων
2998 3435 3116 3488 ἐστὶ
3149 3435 3455 3505 μετάδοσις.
3478 3437 3587 3489 Καὶ
3615 3453 3724 3505 μη-

2134 3526 2222 3579 δὲν
2248 3525 2383 3595 ἡγοῦ
2415 3529 2513 3596 τὴν
2539 3525 2754 3596 ἡμέραν
2783 3526 3022 3596 ἐκείνην,
3049 3527 3106 3579 ἐν
3202 3525 3407 3596 μηδένα
3436 3528 3728 3597 εὐεργετήο

2137 3634 2271 3681 σεις,
2303 3617 2444 3688 ὑπὲρ
2487 3609 2565 3671 ὧν
2614 3617 2765 3687 παρὰ
2798 3616 2934 3669 Θεοῦ
2986 3618 3081 3671 καὶ
3125 3617 3288 3681 αὐτὸς
3326 3617 3722 3689 εὐηργετήθης.

2137 3708 2351 3777 Κτῆσαι
2402 3706 2494 3761 οῦν
2528 3708 2625 3778 τὴν
2676 3707 3070 3779 ἐλεημοσύνην,
3101 3708 3188 3761 ἶνα
3232 3709 3294 3761 τὸ
3341 3710 3525 3779 ὅμοιον
3572 3710 3725 3779 παρά

2136 3797 2272 3852 Θεοῦ
2303 3799 2589 3870 ἀντιδέξῃ·
2633 3800 2812 3853 κλῖνον
2841 3800 2905 3852 τὸ
2929 3796 3025 3863 οὖς
3074 3817 3167 3854 σου
3213 3801 3328 3863 τοῖς
3381 3800 3683 3854 ἱκετεύουσι
3705 3817 3719 3831 ·

2135 3890 2493 3961 δυσωπήθητι
2540 3890 2749 3961 δμματι
2800 3890 2972 3962 ἱλαρῷ
3017 3892 3145 3955 τούς
3191 3891 3725 3954 δυσωποῦνταςοοῐ-

2137 3998 2354 4052 κτειρον
2380 3981 2592 4053 δάκρυα
2622 3983 2819 4052 χήρας,
2850 3983 2943 4036 καὶ
2986 3984 3323 4053 στεναγμοὺς
3367 3982 3621 4053 ὀρφανῶν
3647 3984 3723 4053 μὴ

2136 4070 2335 4144 ἀπώσῃ
2354 4086 2367 4101 ο
2414 4072 2450 4127 ἃ
2480 4072 2591 4142 γὰρ
2633 4072 2699 4126 ἂν
2727 4074 3065 4145 ποιήσωμεν,
3093 4073 3264 4127 ταῦτα
3294 4072 3388 4127 καὶ
3435 4072 3721 4142 πάθωμεν,

2138 4165 2233 4216 καὶ
2280 4162 2356 4224 ὡς
2408 4161 2681 4233 ἀκούομεν
2728 4163 3205 4236 ἀκουσθησόμεθα,
3255 4164 3346 4216 καὶ
3387 4163 3463 4225 ώς
3507 4164 3725 4232 ὁρῶμεν

2137 4252 2541 4325 ὀραθησόμεθα.
2569 4250 2697 4307 Οἷον
2725 4254 2818 4308 οὖν
2864 4258 2998 4325 εὐχη
3033 4256 3124 4309 τὸν
3151 4254 3283 4308 Θεὸν
3312 4253 3567 4323 γενέσθαι
3616 4271 3721 4319 σοι,

2137 4346 2375 4410 τοιοῦτος
2400 4345 2528 4416 περὶ
2549 4346 2675 4411 τούς
2705 4347 2920 4411 οἰκέτας
2946 4346 3105 4415 γενοῦ
3129 4346 3225 4399 καὶ
3244 4348 3407 4410 αὐτός
3427 4364 3441 4378 ·
3465 4348 3523 4400 ἐν
3545 4339 3589 4414 ᾧ
3612 4346 3725 4417 γὰρ

2142 4438 2327 4509 μέτρῳ
2362 4439 2676 4508 μετρήσαις,
2707 4438 3234 4511 ἀντιμετρηθήσεταί
3260 4455 3367 4496 σοι.

2401 4617 2529 4671 ’Ότι
2563 4618 2902 4687 πρόσκαιρα
2936 4618 3010 4672 τὰ
3044 4617 3189 4686 τῇδε
3226 4619 3445 4673 πάντα.

2211 4710 2369 4774 Ἵσθι,
2399 4711 2590 4766 τέκνον
2619 4711 2751 4782 ἐμὸν
2771 4752 2785 4777 ,
2812 4711 2887 4775 ὡς
2932 4712 3085 4768 οὐδὲν
3113 4712 3141 4765 ὁ
3172 4712 3285 4783 βίος
3327 4706 3482 4776 οὗτος
3514 4710 3627 4783 ἔχει
3657 4713 3724 4767 τὸ

2138 4802 2425 4871 στάσιμον,
2453 4802 2608 4857 οὐδὲν
2657 4802 2720 4856 τὺ
2768 4802 2989 4873 βέϐαιον
3028 4804 3723 4875 ἢάμετάϐλητον.Ἀλλοτε

2135 4893 2243 4965 γάρ
2286 4892 2459 4957 ἄλλως
2486 4893 2706 4964 ἀμείϐει
2736 4894 2805 4947 τὰ
2836 4895 3158 4965 πράγματα,
3190 4897 3284 4951 καὶ
3341 4895 3537 4967 τροχοῦ
3563 4897 3723 4970 δίκην

2136 4984 2476 5055 κυλιομένου,
2510 4984 2576 5039 τὰ
2601 4986 2700 5057 μὲν
2721 4986 2832 5040 ἄνω
2886 4986 3110 5057 φέρεται
3138 4987 3322 5052 κάτω,
3375 4989 3448 5041 τά
3479 4987 3535 5041 δὲ
3568 4988 3724 5043 κάτω

2138 5076 2363 5147 φέρεται
2406 5077 2538 5131 ἀνω.
2588 5078 2680 5131 Διὸ
2711 5079 2849 5149 μήτε
2881 5078 3161 5147 εὐτυχίαις
3187 5079 3440 5149 ἐπαίρου,
3476 5081 3613 5151 μήτε
3658 5082 3721 5135 ἐν

2135 5168 2256 5229 ταῖς
2280 5166 2592 5236 δυστυχίαις
2617 5166 2929 5237 καταφέρου
2951 5181 2965 5195 ·
2998 5165 3111 5219 ἀλλ’
3134 5164 3227 5220 έσο
3250 5168 3370 5221 κατ’
3392 5168 3559 5239 ἄμφω
3590 5186 3722 5221 στα-

2134 5256 2300 5327 θηρὸς
2333 5256 2427 5311 καὶ
2454 5256 2845 5326 ἀμετάπτωτος
2864 5298 2879 5319 ,
2917 5256 3064 5327 μόνῳ
3088 5258 3165 5328 τῷ
3191 5258 3341 5330 καλῷ
3376 5260 3715 5327 σπουδάζων,

2132 5348 2200 5402 τά
2247 5348 2292 5400 δ’
2320 5347 2455 5401 ἄλλα
2485 5348 2901 5417 προσανατιθεὶς
2930 5347 3007 5418 τῷ
3040 5348 3181 5420 Θεῷ.
3215 5350 3387 5404 Ὅταν
3416 5350 3525 5421 γὰρ
3555 5351 3718 5403 εὐτυ-

2133 5442 2254 5509 χῇς,
2302 5442 2366 5510 τῇ
2402 5439 2575 5492 ἐλπίδι
2622 5439 2721 5511 τῆς
2755 5439 3047 5511 δυστυχίας
3075 5444 3400 5515 ἐπαίρεσθαι
3441 5444 3539 5496 οὐκ
3571 5443 3721 5511 ὀφεί-

2132 5529 2271 5590 λεις·
2310 5530 2433 5600 μηδ’
2460 5530 2662 5585 ὁπόταν
2692 5530 2982 5604 δυστυχῇς,
3013 5536 3081 5605 τῇ
3128 5535 3300 5588 ἐλπίδι
3328 5535 3427 5605 τῆς
3458 5534 3716 5603 εὐτυχίας

2133 5623 2535 5695 καταφέρεσθαι
2560 5626 2921 5697 παρενεχθῇς·
2944 5628 3307 5699 μικροψυχίας
3329 5629 3438 5700 γὰρ
3458 5630 3519 5683 τὸ
3540 5628 3718 5684 τοιοῦ-

2080 5740 2091 5747 ι
2130 5731 2192 5765 το
2247 5716 2340 5767 καὶ
2384 5715 2604 5782 ἀνάξιον
2648 5716 2931 5787 βασιλικῆς
2962 5720 3191 5790 ἀρετῆς,
3221 5720 3356 5775 διότι
3404 5722 3467 5775 τὸ
3520 5724 3714 5794 μέλλον

2131 5808 2381 5876 ἀόρατον.
2413 5808 2568 5879 Μήτε
2595 5806 2687 5862 οῦν
2718 5810 3032 5876 στυγνάζων
3061 5813 3213 5877 ποτὲ,
3246 5814 3383 5885 μήτε
3413 5814 3712 5884 γελοιάζων

2130 5895 2376 5960 αὐθαδῶς
2410 5898 2695 5969 φωραθῇςο
2732 5898 2875 5955 οὕτω
2903 5902 3011 5971 γάρ
3048 5903 3309 5975 φρόνιμός
3339 5923 3397 5959 τε
3433 5907 3602 5971 δόξεις
3636 5905 3714 5961 εἷ-
