4104 6516
408 408 503 445 ιιι

1165 389 1445 449 BASlLlI
1494 389 1645 447 IMP.
1674 386 2114 446 PAREXESIS
2146 385 2245 443 AD
2276 382 2585 442 LEONEM
2626 380 2923 440 FlLlUM.

3552 388 3663 428 XI."

403 530 515 577 ναι,
539 511 636 565 καὶ
659 509 731 563 τὰ
754 508 815 574 ἐξ
841 507 1105 577 ἐκατέρου
1127 505 1272 575 πάθη
1297 502 1608 573 διαφύγοις·
1641 500 1735 555 καὶ
1759 504 1806 555 οἱ
1831 502 1897 553 τὰ
1924 501 1989 554 σὰ

2113 500 2227 568 ιιιίι.
2266 497 2451 567 Neque
2506 497 2672 566 igitur
2704 496 2876 550 tristis
2936 500 3115 564 neque
3160 491 3326 545 etiam
3378 492 3667 560 procacius

404 599 877 673 λογοπραγοῦντες
925 598 1183 670 οὐδεμίαν
1222 596 1402 663 ἕξουσι
1447 596 1619 667 λαϐὴν
1647 595 1741 650 τοῦ
1790 596 1995 667 μέμφε-

409 694 535 749 σθαι
568 694 638 747 τὰ
673 691 1111 765 προσπίπτοντα.

939 956 1081 1027 Περὶ
1115 957 1482 1028 ἐπιμελείας.

479 1050 698 1120 Ταύτην
725 1049 938 1122 σεαυτῷ
960 1049 1060 1121 τὴν
1088 1050 1333 1121 ἀνάγκην
1358 1050 1566 1117 ἐπίθες,
1599 1048 1662 1103 τὸ
1688 1048 1864 1105 πάντα
1894 1049 1995 1120 μὲν

415 1144 625 1199 ἐθέλειν
678 1143 900 1215 ἐφορᾷν,
957 1141 1127 1213 μηδὲν
1168 1140 1227 1194 δέ
1274 1139 1669 1211 καταδέχεσθαι
1725 1140 1993 1211 παρορᾷν.

415 1234 562 1289 Αὐτὸ
588 1234 645 1288 δέ
674 1252 814 1304 φημι
835 1274 850 1296 .
882 1234 1003 1287 ἐπεὶ
1032 1232 1285 1303 βασιλεὺς
1314 1232 1595 1305 ὑπάρχων,
1626 1232 1814 1285 οὐδένα
1852 1231 1996 1302 ἔχεις

411 1330 509 1382 ἐπὶ
544 1328 646 1397 γῆς
675 1325 815 1397 ὐπέρ
849 1325 909 1379 σέ
930 1366 946 1389 ,
979 1325 1040 1389 ὃς
1070 1324 1378 1393 ἀναγκάσαι
1416 1341 1475 1377 σε
1517 1323 1759 1378 δύναται.
1779 1323 1917 1378 Ἀλλ’
1947 1324 1995 1377 εί

408 1420 508 1473 καὶ
539 1419 759 1471 πάντων
792 1416 1100 1488 βασιλεύεις
1130 1416 1241 1469 τῶν
1289 1416 1381 1469 ἐπὶ
1427 1416 1552 1485 γῆς,
1585 1415 1702 1470 ἀλλ’
1729 1414 1871 1486 ἔχεις
1903 1416 1996 1469 καὶ

410 1511 575 1573 αὐτὸς
597 1509 690 1563 τὸν
716 1511 773 1562 ἐν
802 1510 1053 1578 οὐρανοῖς
1081 1507 1325 1578 βασιλέα.
1357 1507 1483 1575 Εῖγε
1508 1502 1601 1560 οὖν
1632 1505 1825 1575 ἐκείνῳ
1858 1506 1996 1561 πάν-

408 1620 518 1656 των
553 1602 705 1670 μέλει
732 1600 808 1663 ὡς
832 1598 973 1669 Θεῷ,
1000 1598 1144 1653 οὕτω
1173 1598 1278 1671 χρὴ
1305 1600 1399 1653 καὶ
1435 1599 1495 1652 σὲ
1526 1597 1693 1669 μηδὲν
1723 1599 1992 1669 παρορᾷν,

406 1695 484 1759 ὠς
501 1695 607 1748 ὑπὸ
628 1693 747 1765 Θεῷ
784 1692 1239 1764 βασιλεῖ.”Ωσπερ
1262 1692 1370 1764 γάρ
1397 1693 1467 1747 τὰ
1493 1691 1647 1764 παρά
1680 1693 1774 1746 σοῦ
1801 1692 1997 1762 ἐπιμει

408 1786 518 1850 λῶς
546 1784 801 1857 δρώμενά
842 1800 907 1838 τε
948 1783 1042 1839 καὶ
1073 1782 1420 1856 διοικούμενα
1458 1783 1703 1854 μεγάλης
1730 1781 1995 1837 ἀπολαύει

2095 591 2284 645 ridens
2316 590 2492 659 palam
2522 586 2991 657 deprehendaris;
3049 584 3122 638 ita
3154 583 3300 638 enim
3328 589 3395 637 et'
3430 580 3670 650 prudens

2095 680 2523 745 existitnaberis,
2576 687 2630 735 et
2684 677 2864 733 ailinia
2917 678 3176 745 utrinque
3203 674 3339 727 vitia
3376 672 3666 732 devitabis.

2095 788 2270 843 neque
2313 774 2534 827 curiose
2588 769 2875 826 maledicis
2930 784 3121 824 ansam
3179 767 3346 821 ullam
3398 765 3669 838 praebebis

2094 865 2427 936 obloquendi
2468 865 2535 921 de
2558 865 2649 928 iis,
2684 878 2807 933 quae
2840 863 2935 917 tibi
2972 860 3248 916 accident.

2685 958 2756 1011 De
2797 955 3102 1025 diligentia.

2166 1050 2455 1118 Obstringe
2528 1057 2581 1105 te
2635 1048 2768 1103 huic
2836 1046 3179 1109 necessitati,
3232 1053 3293 1099 ιιι
3345 1042 3528 1098 omnia
3569 1042 3668 1098 tibi

2097 1143 2274 1199 oculis
2300 1140 2641 1213 inspicienda
2671 1156 2794 1196 esse
2843 1140 3035 1203 ducas,
3088 1146 3142 1194 et
3191 1136 3329 1192 nihil
3359 1136 3670 1207 inexplora—

2098 1247 2212 1291 tum
2246 1235 2638 1306 praetermittas
2684 1253 2696 1288 :
2752 1234 2951 1304 quippe
2981 1232 3281 1301 imperator
3316 1246 3439 1285 cum
3470 1230 3571 1293 sis,
3617 1231 3670 1283 in

2098 1329 2265 1383 terris
2295 1326 2517 1397 quidem
2556 1326 2828 1381 neminem
2878 1324 3218 1394 superiorem
3249 1322 3438 1390 babes,
3486 1321 3581 1392 qui
3623 1329 3675 1375 te

2099 1435 2292 1491 cogere
2322 1420 2541 1485 valeat;
2572 1434 2634 1475 ac
2666 1417 2792 1473 licet
2826 1420 3074 1471 omnium
3110 1414 3164 1471 in
3200 1424 3345 1471 terra
3369 1416 3448 1470 sis
3493 1413 3672 1468 domi-

2099 1529 2225 1578 nus,
2269 1528 2452 1584 regem
2478 1522 2659 1567 tamen
2698 1511 2869 1566 babes
2899 1509 3244 1580 superiorem
3296 1509 3349 1562 in
3389 1508 3553 1573 caelo,
3584 1508 3672 1562 cui

2098 1609 2244 1665 sicut
2277 1605 2460 1661 omnia
2488 1614 2548 1660 ut
2581 1605 2688 1659 Deo
2726 1619 2873 1659 curae
2922 1612 3072 1668 sunt,
3130 1601 3204 1656 ita
3236 1600 3332 1655 tibi
3363 1614 3586 1670 quoque
3619 1608 3677 1652 ut
3792 1672 3793 1675 η

2099 1701 2217 1771 regi
2248 1714 2400 1755 curae
2427 1714 2549 1754 esse
2572 1699 2807 1753 debent:
2841 1697 2976 1751 nihil
3006 1710 3135 1765 ergo
3172 1693 3267 1749 tibi
3294 1693 3675 1765 negligendum

2099 1802 2208 1861 est,
2241 1800 2433 1863 utpote
2466 1791 2560 1863 qui
2592 1807 2686 1845 rex
2715 1789 2825 1845 Deo
2873 1788 3160 1858 subjectus
3189 1802 3272 1841 es.
3305 1785 3677 1853 Quemadmo-

409 1879 513 1945 τῆς
542 1876 833 1945 ὠφελείας,
868 1877 1011 1931 οὕτω
1033 1877 1126 1931 καὶ
1154 1876 1225 1930 τὰ
1258 1874 1625 1946 παρορώμενα
1658 1874 1795 1946 πρὸς
1823 1875 1994 1944 μεγά-

2113 1858 2227 1940 ium
2263 1858 2413 1939 enim
2448 1858 2513 1937 ea
2544 1898 2664 1952 quae
2700 1897 2727 1936 a
2753 1891 2804 1936 te
2835 1881 3131 1950 diligenter
3191 1879 3439 1946 inspecta
3500 1878 3679 1931 admi-

410 1971 513 2039 λην
546 1967 945 2023 κατολισθαίνει
971 1966 1263 2021 ἀπώλειαν.
1295 1965 1358 2019 Εἰ
1388 1965 1496 2036 γὰρ
1523 1965 1618 2019 καὶ
1647 1964 1742 2018 ἐπὶ
1778 1966 1995 2019 πάντων

408 2063 473 2114 οὐ
526 2062 721 2130 μικρόν
769 2060 830 2113 τὸ
870 2059 1023 2130 παρά
1073 2060 1287 2130 μικρὸν,
1320 2058 1434 2113 ἀλλ’
1461 2054 1552 2112 οὖν
1585 2058 1676 2112 ἐπὶ
1702 2058 1911 2128 βασιλεῖ
1936 2059 1997 2114 τὸ

412 2153 581 2222 σοφὴν
613 2152 770 2205 τοῦτο
796 2153 997 2222 μᾶλλον
1021 2151 1302 2224 ἁρμόσειε.

968 2431 1107 2499 Περὶ
1144 2436 1445 2504 φυλακῆς.

487 2521 578 2585 Ὠς
606 2519 785 2593 ἀγαθὴ
814 2520 935 2575 λίαν
967 2522 1176 2594 σώματι
1213 2525 1481 2598 βασιλικῷ
1514 2529 1750 2601 φυλακὴ,
1783 2531 1815 2601 ἡ
1849 2531 1999 2602 παρὰ

415 2615 526 2668 τῶν
542 2614 800 2683 ὑπηκόων
830 2612 1011 2670 εὔνοια
1042 2617 1138 2670 σύν
1164 2616 1300 2687 Θεῷ,
1328 2619 1423 2673 καὶ
1438 2619 1500 2672 τὸ
1528 2620 1734 2684 πάντας
1764 2621 2000 2675 εὐποιεῖ-

420 2706 547 2760 σθαι
576 2708 705 2776 παρ’
731 2704 895 2759 αὐτοῦ
915 2751 929 2773 ,
975 2708 1070 2761 καὶ¹
1115 2709 1295 2778 μηδέν’
1327 2711 1631 2781 ὑφορᾶσθαι
1679 2713 2001 2784 τυραννικόν

415 2813 472 2849 τι
502 2796 715 2851 παθεῖν.
760 2796 903 2851 Ἀλλ’
924 2798 1112 2868 ὥσπερ
1134 2799 1215 2852 δεῖ
1238 2799 1335 2872 τὴν
1365 2800 1641 2871 βασιλείαν
1676 2821 1769 2859 σου
1800 2805 2001 2873 (pulei:-

416 2889 536 2942 ’rew
556 2888 708 2960 παρὰ
726 2889 836 2943 τῶν
868 2890 1079 2960 ἐχθρῶν
1111 2891 1485 2959 ἀνεπίϐουλον,
1519 2894 1661 2948 οὕτω
1689 2896 1795 2966 χρὴ
1815 2898 2002 2967 τηρεῖν

418 2982 516 3034 καὶ
542 2982 656 3044 τοῖς
687 2980 916 3035 πάθεσιν
945 2982 1269 3038 ἀνεπίϐατον
1291 2998 1307 3014 ⁸
1339 2986 1622 3057 ἀμφότερα
1655 2986 1761 3059 γὰρ
1786 2990 1815 3041 ό
1848 2987 2004 3056 λόγος

416 3070 717 3142 ἐπιϐουλὴν
743 3071 1007 3143 ὁρίζεται,
1038 3076 1131 3128 καὶ
1164 3077 1221 3129 ἐν
1252 3077 1533 3147 ἑκατέροις
1568 3078 1739 3149 μέγας
1770 3080 1798 3133 ὁ
1823 3080 2005 3134 κίνδυ-

2100 1978 2435 2041 nistrantur,
2496 1974 2640 2029 haud
2687 1988 2880 2044 parum
2936 1972 3249 2040 proﬁciunt,
3278 1972 3465 2039 itaque
3497 1968 3681 2037 negle-

2099 2067 2230 2122 ctitn
2264 2073 2693 2138 praetereuntur,
2727 2065 2781 2117 in
2832 2076 3083 2132 magnam
3130 2061 3426 2129 perniciem
3485 2058 3680 2113 labun—

2099 2167 2226 2224 tur;
2257 2170 2309 2213 et
2339 2158 2386 2213 si
2410 2157 2669 2212 omnibus
2702 2157 2757 2210 in
2789 2156 2956 2210 rebus
2993 2170 3101 2210 non
3136 2169 3366 2224 parvum
3391 2159 3477 2207 est
3519 2153 3667 2219 quod

2100 2264 2294 2320 parum
2322 2248 2497 2310 abest,
2537 2248 2814 2318 praecipue
2850 2255 3033 2301 tamen
3072 2247 3290 2316 regibus
3327 2244 3549 2314 sapiens
3575 2243 3679 2298 hoc

2101 2341 2309 2395 dictum
2350 2339 2632 2394 convenit.

2704 2428 2777 2484 De
2814 2427 3080 2483 custodia.

2173 2525 2333 2580 Nulla
2358 2525 2490 2596 regii
2546 2525 2797 2594 corporis
2840 2524 3034 2578 melior
3074 2532 3157 2578 est
3209 2523 3484 2591 custodia,
3514 2539 3677 2594 quam

2104 2620 2453 2676 subditorum
2493 2617 2904 2679 benevolentia,
2961 2615 3070 2672 Deo
3132 2616 3403 2685 juvante;
3462 2632 3585 2672 cum
3610 2617 3681 2672 ita

2104 2718 2234 2768 sunt
2258 2726 2452 2765 omnes
2487 2709 2556 2763 ab
2598 2724 2663 2763 eo
2697 2707 2976 2763 beneﬁciis
3011 2706 3300 2772 cumulati,
3335 2715 3393 2760 ut
3422 2723 3582 2762 nemo
3616 2710 3684 2762 ab

2104 2816 2169 2857 eo
2206 2799 2479 2871 tyrannici
2505 2797 2803 2869 quidquam
2859 2796 2963 2851 sibi
2999 2804 3228 2851 metuat.
3284 2796 3391 2851 Sed
3416 2799 3684 2866 quemad-

2106 2892 2332 2946 modum
2396 2890 2689 2960 imperium
2744 2896 2899 2941 tuum
2945 2888 3013 2941 ab
3059 2887 3409 2942 inimicorum
3466 2888 3685 2944 insidiis

2108 2992 2316 3039 sartum
2342 2986 2545 3036 tectum
2583 2993 2807 3035 servare
2836 2985 3076 3049 oportet,
3109 2979 3183 3033 ita
3215 2989 3269 3035 et
3298 2994 3327 3033 a
3389 2980 3686 3050 pcrturba-

2107 3073 2319 3128 tionum
2355 3070 2771 3127 incursionibus
2805 3069 3173 3127 inotl‘ensum:
3205 3080 3504 3143 utrumque
3540 3073 3684 3128 enim

416 3179 531 3226 νος.
550 3163 693 3217 Ἀλλ’
730 3166 764 3236 ἡ
813 3164 915 3235 μὲν
958 3164 1052 3219 τοῦ
1103 3166 1353 3237 σώματος
1400 3169 1659 3240 ἐπιϐουλὴ
1709 3171 1860 3241 παρά
1897 3172 2006 3226 τῶν

2113 3166 2441 3224 insidiarum
2475 3166 2697 3221 nomine
2727 3166 3070 3232 continetur,
3108 3173 3163 3221 et
3192 3166 3262 3220 ab
3324 3174 3558 3237 utroque
3610 3168 3689 3221 in-

418 3252 655 3325 ἐχθρῶν,
679 3255 1015 3327 πρόσκαιρον
1043 3256 1155 3328 ἔχει
1180 3257 1269 3312 τὸν
1298 3258 1556 3315 θάνατον·
1585 3263 1617 3332 ἡ
1645 3262 1702 3317 δὲ
1734 3263 1874 3317 κατὰ
1904 3262 2004 3331 τῆς

420 3346 603 3415 ψυχῆς
626 3348 887 3419 ἐπιϐουλὴ
924 3352 1074 3420 παρὰ
1104 3349 1215 3404 τῶν
1254 3351 1464 3418 παθῶν,
1507 3355 1777 3427 τιμωρίαν
1810 3355 2005 3428 προξε-

422 3438 525 3504 νεῖ,
549 3437 655 3499 καὶ
686 3439 825 3509 μετὰ
848 3440 940 3494 τὸν
975 3440 1225 3509 θάνατον,
1252 3442 1352 3515 τὴν
1378 3443 1668 3502 ἀθάνατον.

685 3697 832 3766 ’Περὶ
874 3697 983 3767 τῆς
1020 3699 1384 3769 ἐπουρανίου
1416 3702 1757 3768 βασιλείας.

501 3789 695 3844 Πολλοὶ
742 3789 983 3861 βασιλεῖς
1011 3792 1081 3845 τὰ
1116 3792 1365 3863 βασιλεῖα
1404 3794 1579 3849 ταῦτα
1628 3796 1967 3868 παρῴκησαν
1990 3815 2006 3830 ο

424 3883 546 3937 ἀλλ’
593 3882 760 3950 ὀλίγοι
809 3882 909 3950 τὴν
958 3884 1284 3955 ἐπουράνιον
1331 3885 1612 3956 βασιλείαν
1662 3888 2007 3960 κατῴκησαν.

426 3971 709 4036 Σπούδαζε
744 3966 858 4032 οὖν.
890 3971 1080 4025 τέκνον
1108 3973 1485 4043 ἠγαπημένον,
1510 3975 1584 4045 μὴ
1618 3975 1779 4045 μόνον
1807 3975 2012 4046 ταύτην

426 4067 529 4135 τὴν
565 4064 840 4134 βασιλείαν
865 4064 1211 4135 κατορθῶσαι
1239 4066 1328 4119 διὰ
1356 4066 1456 4136 τῆς
1483 4066 1592 4119 τῶν
1614 4067 1829 4138 τρόπων
1852 4068 2014 4121 καλο-

428 4155 727 4225 κὰγαθίας,
751 4155 886 4209 ἀλλά
913 4156 1008 4209 καλ⁵
1032 4157 1129 4227 τὴν
1156 4158 1480 4225 ἐπουράνιον
1499 4158 1905 4231 κληρονομῆσαι
1926 4159 2014 4214 διά

429 4252 533 4319 τῆς
577 4249 687 4302 τῶν
719 4250 928 4321 ἀρετῶν
963 4249 1351 4321 ἀγαθοεργίας.
1394 4251 1642 4322 Σήμερον
1671 4251 1780 4324 γάρ
1813 4254 1916 4307 εἰσι
1947 4253 2015 4307 τὰ

432 4341 682 4412 βασίλεια
714 4342 804 4409 σὰ,
833 4342 926 4395 καὶ
955 4340 1142 4414 αὔριον
1166 4343 1378 4397 ἔσονται
1403 4344 1463 4397 οὐ
1496 4343 1595 4409 σὰ,
1628 4344 1767 4416 μετά
1813 4344 1873 4398 δὲ
1920 4345 2016 4415 τὴν

432 4432 629 4506 αὔριον
661 4434 849 4505 ἐτέρου
870 4450 884 4465 ⁸
916 4435 1010 4488 καὶ
1038 4436 1135 4505 τὴν
1177 4434 1294 4504 μετ’
1325 4436 1562 4507 ἐκείνην,
1592 4436 1687 4490 τοῦ
1728 4437 1845 4507 μετ’
1874 4438 2018 4491 ἐκεῖ·

2109 3274 2245 3331 gens
2273 3257 2523 3313 imminet
2546 3256 2881 3327 periculum.
2921 3255 3029 3312 Sed
3080 3256 3301 3328 corpori
3335 3256 3558 3329 quidem
3592 3273 3685 3329 pa-

2108 3359 2241 3406 ruta:
2272 3351 2339 3405 ab
2377 3349 2629 3405 hostibus
2652 3348 2864 3405 insidia'
2900 3350 3247 3419 temporariae
3272 3352 3465 3407 mortis
3487 3351 3689 3407 discri-

2110 3459 2234 3500 men
2265 3442 2529 3498 aﬂ'erunt:
2562 3442 2827 3497 adversus
2859 3449 3041 3497 autem
3078 3445 3317 3496 animam
3363 3458 3392 3497 a
3419 3445 3692 3513 cupidita-

2109 3533 2258 3588 tibus
2284 3539 2632 3601 comparatm,
2667 3530 2832 3585 etiam
2866 3538 2989 3600 post
3028 3538 3286 3594 mortem,
3314 3529 3685 3586 immortalem

2112 3637 2295 3680 secum
2316 3636 2532 3692 pinnam
2557 3622 2807 3677 trahunt.

2636 3713 2714 3768 De
2740 3714 2938 3768 ca’lesti
2976 3729 3157 3783 regno.

2186 3809 2409 3879 Regiam
2466 3806 2627 3861 istam
2685 3804 2943 3877 permulti
2979 3820 3136 3875 reges
3173 3803 3565 3870 incoluerunt;
3595 3804 3690 3859 sed

2115 3901 2271 3973 pauci
2299 3899 2520 3954 cmleste
2549 3912 2774 3965 regnum
2811 3895 2992 3965 adepti
3018 3903 3166 3949 sunt.
3202 3893 3284 3948 Tu
3323 3910 3453 3949 vero
3487 3895 3695 3949 charis-

2116 3993 2254 4049 sime
2299 3989 2395 4052 tili,
2453 3987 2665 4041 enitere
2702 4001 2808 4039 non
2864 3986 3042 4040 solum
3081 3993 3362 4038 terrenum
3413 3984 3559 4038 istud
3604 4000 3692 4041 re-

2117 4096 2282 4154 gnum
2324 4093 2419 4149 per
2449 4092 2663 4131 morum
2695 4076 3027 4146 probitatem
3078 4085 3225 4131 recte
3258 4075 3689 4132 administrare:

2118 4174 2213 4231 sed
2249 4170 2495 4227 cmlestis
2548 4169 2715 4224 etiam
2748 4169 3126 4224 haereditatem
3177 4185 3271 4241 per
3291 4171 3512 4226 virtutis
3536 4187 3696 4226 exer-

2117 4271 2431 4326 citationem
2469 4266 2724 4337 adipisci.
2761 4264 2932 4322 llodie
2962 4267 3109 4321 enim
3166 4276 3257 4322 tua
3306 4277 3437 4323 sunt
3476 4268 3579 4322 ista
3605 4282 3699 4339 pa-

2121 4363 2274 4427 latia,
2319 4360 2560 4417 crastina
2589 4358 2679 4413 die
2720 4367 2813 4413 tua
2867 4358 3106 4415 fortasse
3134 4376 3244 4415 non
3284 4369 3468 4427 erunt,
3511 4376 3574 4415 ac
3606 4376 3701 4431 pe-

2120 4453 2309 4509 rendie
2347 4452 2575 4506 alterius
2633 4448 2799 4514 ﬁent,
2855 4465 2919 4505 ac
2991 4458 3115 4521 post
3148 4453 3509 4521 perendinum
3554 4451 3699 4507 diem

433 4543 549 4591 νον,
576 4525 720 4579 ὥστε
770 4526 870 4580 οὐκ
920 4527 1057 4579 εἰσὶν
1105 4527 1358 4580 οὐδέποτε
1409 4528 1639 4592 οὐδενός.
1694 4528 1756 4582 Εἰ
1786 4528 1894 4601 γὰρ
1924 4531 2009 4584 καὶ

2127 4547 2267 4602 alius
2301 4545 2478 4600 adhuc
2506 4551 2627 4615 post
2658 4545 2849 4611 alium,
2871 4544 2944 4599 ita
2978 4552 3037 4598 ut
3071 4545 3274 4600 nullius
3302 4560 3543 4615 unquam
3582 4545 3694 4599 sint

436 4618 671 4681 πολλοὺς
720 4618 1012 4689 ἀμείϐουσι
1058 4620 1183 4683 τοὺς
1224 4620 1511 4685 δεσπότας,
1543 4620 1733 4674 οὐδένα
1776 4620 1887 4691 ἄρα
1930 4622 2021 4675 τὸν

436 4713 665 4782 γνήσιον
707 4710 893 4781 έχουσι
934 4711 1218 4782 δεσπότην.
1254 4712 1406 4765 Ἐπεὶ
1437 4706 1532 4766 οὖν
1581 4712 1883 4783 μεταϐῆναι
1916 4712 2022 4784 χρὴ

437 4804 537 4873 τῆς
594 4802 847 4857 ἐντεῦθεν
894 4804 1159 4870 ἐξουσίας,
1190 4804 1516 4874 σπεύσωμεν
1562 4805 1897 4876 ἀμείψασθαι
1945 4805 2025 4859 δι’

436 4898 645 4964 ἀρετῆς
672 4895 773 4966 τὴν
796 4894 1005 4949 ἐκεῖθεν
1031 4895 1330 4965 βασιλείαν,
1361 4897 1483 4967 ἥτις
1516 4897 1651 4968 μόνη
1678 4896 1739 4950 τὺ
1759 4896 2025 4951 ἀθάνατον

436 4989 705 5057 κέκτηται
743 4987 837 5041 καὶ
884 4987 1194 5058 ἀδιάδοχονο
1242 4990 1310 5043 τὰ
1338 4989 1393 5042 δὲ
1424 4989 1558 5043 ἄλλα
1594 4989 1774 5043 πάντα
1818 4990 1903 5060 ῥεῖ
1931 4989 2025 5044 καὶ

438 5082 810 5152 παρέρχεται.

930 5277 1064 5344 Περὶ
1100 5277 1341 5345 μνήμης
1383 5277 1547 5332 Θεοῦ.

513 5367 641 5421 Ἐὰν
667 5366 833 5437 νόμον
858 5367 1085 5421 σεαυτοῦ
1111 5368 1210 5440 τὴν
1237 5368 1541 5435 συνείδησιν
1568 5367 1697 5442 ἔχῃς
1720 5409 1736 5432 ,
1765 5369 1859 5422 καὶ
1888 5368 2032 5441 ἆπερ

441 5460 609 5523 αὐτὸς
642 5459 836 5513 παθεῖν
863 5460 965 5512 οὐκ
991 5457 1196 5523 ἐθέλεις
1215 5499 1231 5523 ,
1258 5459 1381 5513 οὐδέ
1415 5460 1635 5531 ἐτέρους
1671 5460 1863 5514 παθεῖν
1908 5462 2030 5513 ἐπι-

441 5551 675 5623 τρέψῃς,
706 5550 963 5604 οὐδέποτε
996 5550 1203 5621 μέμψιν
1234 5550 1509 5622 ἁμαρτίας
1538 5551 1820 5623 ὐποστήσῃ
1841 5567 1857 5582 ο
1895 5554 1945 5605 εἰ
1977 5551 2032 5604 δὲ

444 5643 545 5697 καὶ
566 5642 661 5695 τὸν
687 5642 822 5696 Θεὸν
847 5644 905 5696 ἐν
934 5642 1082 5714 πάσῃ
1117 5660 1209 5696 σου
1236 5643 1431 5714 πράξει
1455 5643 1700 5713 ἐπόπτην
1728 5645 1820 5697 καὶ
1852 5644 2033 5708 ἐξετα-

445 5733 605 5803 στὴν,
637 5733 827 5806 ῶσπερ
859 5734 1028 5800 ἐστιν,
1053 5734 1382 5807 ἀναλογίσῃ,
1415 5732 1538 5789 οὐτε
1581 5734 1833 5805 φανερῶς
1882 5751 2035 5799 ποτε,

446 5826 578 5883 οὔτε
614 5828 872 5897 κρυπτῶς
905 5829 1269 5899 ἁμαρτήσεις.
1305 5826 1423 5884 Κᾶν
1453 5826 1560 5898 γὰρ
1596 5828 1814 5897 ἐτέρους
1842 5827 2035 5882 λανθά-

2127 4636 2368 4707 propria.
2396 4632 2530 4687 Nam
2564 4633 2665 4687 etsi
2687 4633 2890 4687 multos
2916 4632 3156 4688 vicissim
3182 4641 3493 4704 permutant
3521 4633 3701 4687 domi-

2130 4742 2254 4794 nos,
2284 4735 2469 4781 tamen
2497 4725 2716 4796 proprie
2771 4725 2983 4780 nullum
3030 4740 3222 4781 verum
3255 4740 3321 4779 ac
3378 4740 3704 4795 germanum

2132 4818 2356 4874 habent.
2382 4818 2654 4884 Quoniam
2683 4831 2815 4887 ergo
2848 4815 3228 4871 dominatione
3252 4815 3359 4871 ista
3398 4814 3721 4885 cedendum

2132 4917 2235 4973 est,
2268 4906 2592 4963 Studeamus
2620 4920 2741 4960 eam
2769 4920 2865 4975 per
2887 4906 3149 4961 virtutem
3181 4921 3307 4961 cum
3361 4907 3575 4962 cmlesti
3621 4922 3707 4963 re—

2134 5012 2241 5069 gno
2267 5004 2632 5061 commutare,
2651 4994 2797 5066 quod
2826 4994 3002 5051 solum
3024 5010 3124 5051 nec
3148 4996 3338 5064 morti,
3369 5013 3470 5053 nec
3497 4997 3711 5053 vicissi-

2137 5087 2313 5144 tudini
2348 5087 2650 5143 obnoxium
2676 5073 2799 5152 est,
2833 5101 2958 5141 cum
2992 5097 3191 5144 caetera
3244 5089 3427 5144 omnia
3468 5087 3709 5145 deﬂuant

2138 5196 2201 5236 ac
2229 5188 2569 5252 prtetercant.

2671 5272 2744 5328 De
2778 5276 3031 5329 memoria
3065 5274 3181 5329 Dei.

2209 5365 2616 5421 Conscientiam
2644 5374 2793 5420 tuam
2828 5366 2877 5420 si
2912 5380 3011 5436 pro
3038 5366 3156 5435 lege
3204 5365 3486 5434 habueris,
3512 5375 3712 5439 etquae

2140 5459 2254 5529 pati
2298 5457 2417 5527 ipse
2465 5455 2632 5521 nolis,
2678 5470 2960 5525 nunquam
3020 5455 3161 5511 alios
3207 5456 3320 5527 pati
3352 5459 3711 5528 permiseris,

2142 5548 2349 5604 nullius
2373 5560 2613 5617 unquam
2646 5548 2859 5618 peccati
2889 5546 3011 5603 labe
3039 5545 3340 5604 fmdaberis
3360 5556 3442 5615 ;et
3468 5548 3514 5603 si
3540 5546 3715 5605 Deum

2143 5638 2389 5696 omnium
2448 5650 2569 5708 quae
2624 5635 2762 5692 facis
2810 5636 3177 5707 inspectorem
3230 5640 3712 5712 cognitoremque.

2145 5735 2289 5789 sicut
2327 5741 2430 5798 est,
2458 5748 2585 5790 esse
2644 5731 2741 5787 tibi
2796 5730 3163 5803 persuaseris,
3212 5747 3491 5804 nunquam
3534 5747 3737 5804 neque.

2148 5827 2529 5898 palamsuequc
2558 5825 2697 5884 ciam
2718 5824 2994 5898 peccabis.
3030 5822 3166 5883 Nam
3208 5826 3315 5888 etsi
3358 5826 3495 5887 alios
3542 5827 3717 5885 latere
