4104 6434
470 354 596 394 XLIII

1788 330 2078 394 PROLEG
2088 331 2344 390 OMENA
2356 377 2368 390 .

3585 335 3708 374 ηιν

471 450 744 506 videberis
801 463 922 520 quae
989 454 1203 503 secreto
1269 444 1478 510 facies;
1531 454 1586 496 at
1630 444 2027 496 conscientiam

2147 463 2246 498 IEW
2292 445 2468 515 δόξῃς,
2501 444 2644 513 ἅπερ
2671 443 2728 494 ἐν
2760 443 2943 510 κρυφῇ
2975 440 3224 510 πράξεις,
3259 438 3372 492 ἀλλ’
3402 437 3495 492 οὖν
3523 455 3586 506 γε
3612 437 3711 507 τὴν

467 552 616 600 certe
652 551 823 606 tuam,
859 549 913 596 et
949 541 1113 595 Deum
1150 540 1327 608 ipsum
1360 538 1452 608 qtti
1509 552 1681 606 usque
1717 537 1771 588 in
1815 534 2032 588 abditos

463 635 632 689 animi
691 648 945 688 recessus
1011 631 1284 693 intuetur,
1343 627 1700 682 revereberis.
1777 625 2034 678 llomines

461 727 746 793 enimquze
776 722 1023 792 corporis
1053 731 1184 776 sunt
1206 721 1421 785 vident;
1457 727 1511 771 at
1543 733 1660 787 quae
1696 717 1751 770 in
1780 725 2035 783 pcnetra-

465 817 605 871 libus
638 815 803 869 animi
845 814 1208 877 la:cnt,solus
1244 811 1335 864 Dei
1387 811 1600 869 oculus.
1663 825 1826 878 quem
1899 806 2035 861 nihil

463 909 614 971 latet,
647 905 1016 973 conspicatur.
1051 903 1205 958 Sicut
1243 903 1387 956 enim
1429 916 1554 954 cum
1613 902 1696 955 sol
1742 901 1889 954 lueet
1934 898 2036 952 sub

462 1000 553 1055 dio
582 997 718 1052 nihil
744 998 1019 1051 occultum
1052 1010 1176 1050 esse
1212 1002 1409 1064 potest,
1441 994 1515 1046 ita
1550 991 1657 1048 Deo
1710 991 2037 1062 inspiciente

462 1091 646 1146 omnia
679 1089 813 1144 nihil
836 1089 986 1142 illum
1022 1087 1192 1142 latere
1227 1094 1431 1155 potest.

849 1178 924 1231 De
955 1179 1292 1246 corruptione
1343 1189 1647 1228 munerum.

531 1268 766 1325 Venales
794 1269 1118 1323 muneribus
1138 1268 1435 1336 dignitates
1469 1281 1597 1319 cave
1617 1279 1684 1318 ne
1700 1259 2039 1326 habeas,sed

465 1363 646 1434 potius
685 1361 856 1434 gratis
904 1375 998 1414 eas
1025 1359 1246 1428 largire.
1305 1358 1404 1424 Qui
1455 1358 1598 1411 enim
1658 1355 2038 1424 magistratum

465 1456 642 1525 pretio
693 1455 844 1517 emit,
905 1453 1076 1505 multo
1129 1452 1301 1520 magis
1339 1451 1515 1503 eidem
1571 1448 1850 1516 subjectos
1883 1443 2038 1508 emit,

468 1555 527 1600 ut
557 1544 876 1598 muneribus
933 1556 1056 1611 quae
1089 1541 1237 1594 dedit
1273 1541 1444 1594 fretus
1479 1539 1596 1608 ipse
1615 1535 1885 1590 audacius
1922 1548 2035 1586 mue

468 1653 595 1692 uera
615 1636 814 1703 capiat.
858 1633 1036 1686 Proba
1076 1632 1242 1702 igitur
1274 1642 1437 1700 atque
1474 1630 1698 1699 explora
1727 1627 2040 1695 diligenter,

466 1741 628 1799 atque
661 1729 732 1780 ita
764 1725 979 1779 domum
1021 1723 1088 1776 ad
1122 1726 1356 1778 honores
1383 1723 1616 1790 pr0vehe
1660 1736 1779 1785 eos,
1819 1719 1912 1790 qui
1938 1719 2038 1772 do-

466 1836 595 1874 num
634 1818 736 1870 hoc
777 1816 897 1869 sine
938 1814 1267 1868 muneribus
1295 1814 1602 1874 ambibunt,
1627 1811 1672 1865 si
1707 1810 1788 1864 vis
1820 1824 2037 1863 omnem

465 1930 494 1965 a
535 1910 810 1981 republica
838 1906 1222 1962 concussionis
1257 1905 1432 1960 labem
1462 1905 1735 1959 exsulare.
1766 1902 1900 1955 Nam
1943 1899 2039 1970 qui

465 2003 557 2057 dat
584 2010 641 2053 ut
672 1999 1052 2068 magistratum
1116 1996 1320 2064 capiat,
1353 2002 1622 2063 quaistum
1653 1992 1755 2047 sibi
1805 2007 1835 2045 a
1865 1991 2041 2061 magi-

470 2101 645 2149 stratu
672 2099 895 2160 captat;
931 2089 1022 2141 dat
1047 2087 1191 2142 enim
1227 2096 1283 2140 ut
1310 2087 1402 2156 jus
1426 2087 1676 2156 capiendi
1738 2085 1957 2145 habeat.
1989 2092 2044 2138 et

468 2185 765 2238 violatione
815 2182 1022 2251 jurimu
1066 2179 1270 2247 jurium
1305 2177 1653 2232 violationem
1710 2177 2042 2246 negotietur.

465 2275 568 2342 Qui
610 2276 754 2328 enim
817 2274 936 2326 sine
987 2271 1162 2341 pretio
1198 2269 1576 2339 magistratum
1633 2268 1955 2332 obtinuerit,
1999 2267 2045 2322 is

472 2380 752 2434 nunquam
778 2361 1166 2417 concussionis
1197 2361 1330 2413 vitio
1378 2360 1680 2414 laborabit:
1716 2368 1773 2412 at
1807 2359 2049 2427 quipre-

475 2457 552 2510 tio
583 2455 958 2524 magistratum
993 2459 1265 2503 mercatus
1292 2448 1476 2513 fuerit,
1509 2450 1553 2503 is
1581 2462 1854 2516 nunquam
1879 2446 1946 2498 ad
1968 2444 2048 2496 fa-

467 2545 721 2601 ciendum
773 2541 979 2612 aliquid
1009 2543 1128 2595 sine
1159 2541 1405 2594 mercede
1446 2554 1766 2594 assuescere
1823 2535 2045 2606 poterit:

469 2651 524 2692 te
566 2647 746 2691 autem
775 2633 1162 2690 concussionis
1192 2641 1246 2686 ct
1295 2631 1542 2686 sordium
1578 2630 1801 2685 habebit
1848 2627 2048 2698 magis-

468 2741 640 2795 trmn,
702 2743 865 2798 quem
927 2726 1203 2780 vindicem
1251 2724 1451 2778 habere
1497 2723 1800 2777 debuerat:
1873 2733 2052 2787 neque

472 2825 590 2892 ipse
624 2823 800 2875 solum
842 2818 1084 2888 captabit
1147 2813 1395 2882 mimera,
1428 2815 1524 2870 sed
1581 2814 1743 2868 etiam
1777 2812 1914 2867 alios
1948 2809 2049 2866 sibi

471 2913 755 2983 subjectos
784 2910 850 2964 ad
878 2909 1021 2965 idem
1059 2907 1369 2961 faciendum
1422 2907 1735 2977 compellet.

1069 3000 1148 3054 De
1192 2999 1486 3069 injustitia.

2139 535 2362 588 σεαυτοῦ
2391 534 2694 603 συνείδησιν
2724 532 2818 586 καὶ
2848 531 3001 593 Θεὸν,
3029 531 3120 583 τὸν
3149 533 3244 583 καὶ
3268 529 3450 582 αὐτῶν
3479 530 3711 598 τῶν,τῆς

2135 629 2312 698 ψυχῆς
2342 626 2580 697 ταμείων
2625 626 2839 694 ἔφορον,
2875 623 3305 697 ἐπαισχυνθήσῃ.
3337 624 3418 678 Τά
3469 623 3566 693 μὲν
3605 624 3713 692 γὰρ

2135 720 2229 772 τοῦ
2262 721 2510 789 σώματος
2551 718 2819 788 ἐφορῶσιν
2845 717 3121 788 ἄνθρωποι
3141 757 3153 776 ,
3186 716 3254 768 τά
3277 716 3333 770 δὲ
3365 718 3422 769 ἐν
3449 717 3527 784 τῷ
3559 715 3712 785 βάθει

2137 811 2233 880 τῆς
2264 810 2440 879 ψυχῆς
2472 811 2500 863 6
2533 809 2692 879 μόνος
2717 809 2984 878 ἀλάθητος
3015 807 3292 878 ὀφθαλμὸς
3318 806 3412 861 τοῦ
3433 807 3568 860 Θεοῦ
3590 809 3710 878 ὁρᾷ.

2139 903 2350 971 ’Ὠσπερ
2380 901 2527 972 ἡλίου
2563 900 2872 970 λάμποντος
2904 902 2964 952 ἐν
2990 900 3180 972 αἰθρίᾳ
3209 899 3594 972 κεκρυμμένον
3625 900 3717 952 οὑ-

2137 992 2245 1056 δὲν,
2276 991 2420 1045 οὕτω
2446 991 2539 1044 τοῦ
2566 991 2701 1046 Θεοῦ
2729 991 3123 1056 ἐποπτεύοντος
3144 993 3242 1055 τὰς
3265 991 3514 1064 πράξεις,
3534 990 3715 1045 λαθεῖν

2140 1083 2362 1136 δυνατὸν
2384 1083 2559 1140 οὐδέν.

2647 1179 2786 1246 Περὶ
2824 1178 3226 1247 δωροληψιας.

2214 1273 2418 1342 Προῖκα
2459 1273 2684 1343 χαρίζου
2711 1272 2782 1326 τὰ
2814 1273 3099 1344 ἀξιώματα
3120 1314 3136 1340 ,
3163 1273 3258 1327 καὶ
3287 1274 3361 1344 μὴ
3389 1273 3584 1344 δώροις
3613 1274 3720 1327 ἀπ-

2142 1365 2374 1434 εμπόλει
2414 1364 2513 1427 τὰς
2543 1364 2716 1428 ἀξίας.
2737 1365 2796 1418 '0
2825 1367 2933 1435 γὰρ
2963 1367 3127 1434 τιμῆς
3158 1365 3256 1436 τὴν
3281 1366 3453 1435 ἀρχὴν
3474 1365 3722 1435 ὠνούμει·

2142 1474 2254 1519 νος,
2286 1456 2463 1527 πολλῷ
2509 1457 2672 1510 πλέον
2702 1458 2828 1518 τοὺς
2861 1457 3197 1527 ἀρχομένους
3240 1458 3509 1528 ὠνήσατο,
3539 1459 3627 1511 ἵνα
3653 1460 3720 1530 τῇ

2142 1548 2439 1619 δωροδοκίᾳ
2490 1548 2733 1619 θαρρῶν,
2785 1549 2922 1620 πρὸς
2972 1549 3315 1618 δωροκοπίαν
3362 1549 3535 1613 ἀδεῶς
3597 1551 3722 1620 ὁρᾷ.

2156 1641 2441 1712 Ἀναζήτει
2468 1638 2559 1695 οῦν
2588 1640 2886 1711 ἐπιμελῶς,
2923 1642 3019 1696 καὶ
3068 1640 3268 1714 ἐρώτα,
3306 1642 3590 1705 κάκείνους
3629 1641 3725 1694 ἐπὶ

2143 1731 2240 1793 τὰς
2286 1732 2462 1804 ἀρχὰς
2510 1731 2827 1798 ἀναϐίϐαζε,
2860 1731 2913 1784 εἴ
2950 1747 3014 1800 τε
3051 1730 3230 1801 βούλει
3255 1731 3354 1801 τὴν
3383 1729 3725 1802 δωροληψίαν

2143 1824 2382 1894 ἐξορίσαι
2424 1824 2525 1892 τῆς
2558 1824 2856 1888 πολιτείας,
2886 1823 3000 1876 ὅσοι
3032 1823 3242 1892 δωρεὰν
3280 1823 3398 1876 ἀλλ’
3423 1822 3486 1875 οὐ
3531 1821 3725 1892 δώροις

2141 1918 2312 1968 ταῦτα
2342 1913 2712 1984 ἐπιζητοῦσιν.
2733 1914 2792 1966 'O
2815 1913 2925 1984 γὰρ
2967 1913 3144 1976 διδούς
3187 1930 3242 1966 τι
3284 1911 3372 1967 διὰ
3403 1912 3501 1983 τὴν
3527 1911 3724 1983 ἀρχὴν,

2143 2009 2336 2078 κέρδος
2385 2026 2438 2061 τι
2487 2009 2642 2076 ζητεῖ
2686 2007 2871 2060 λαϐεῖν
2903 2006 3057 2077 παρά
3082 2006 3182 2075 τῆς
3222 2005 3418 2076 ἀρχῆς,
3447 2005 3594 2058 δόσει
3627 2005 3729 2076 τὴν

2143 2101 2307 2171 λῆψιν
2347 2100 2678 2169 ὠνούμενος,
2716 2099 2811 2152 καὶ
2854 2098 3172 2169 παρανομίᾳ
3230 2096 3329 2168 τὴν
3379 2097 3729 2167 παρανομίαν

2146 2191 2800 2262 πραγματευόμενος.⁶⁹ος
2827 2190 2937 2260 γὰρ
2961 2187 3028 2242 ἂν
3052 2187 3282 2259 ἄμισθον
3309 2187 3408 2258 τὴν
3433 2187 3607 2258 ἀρχὴν
3635 2187 3728 2241 λά-

2147 2282 2252 2346 ϐοι,
2281 2281 2618 2353 δωροληψίας
2670 2282 2729 2334 οὒ
2779 2282 3160 2350 περιπεσεῖται
3209 2279 3533 2350 ἐγκλήματι.
3570 2279 3628 2333 Ὀ
3671 2279 3730 2334 δὲ

2153 2374 2291 2443 μετὰ
2326 2372 2520 2442 μισθοῦ
2568 2371 2750 2425 λαϐὼν
2799 2373 2898 2442 τὴν
2946 2371 3140 2441 ἀρχὴν,
3165 2365 3317 2434 οὗτος
3361 2371 3512 2424 οὐδὲν
3560 2373 3731 2442 χωρὶς

2149 2463 2337 2534 δώρων
2371 2464 2576 2531 πρᾶξαί
2606 2480 2735 2516 ποτε
2769 2462 3072 2533 μεταμάθοι
3092 2477 3105 2490 ’
3142 2463 3235 2515 καὶ
3263 2462 3322 2514 σὲ
3347 2461 3448 2532 τῆς
3486 2460 3728 2532 δωρολη-

2149 2553 2276 2622 ψίας
2304 2552 2622 2605 διδάσκαλον
2651 2550 2811 2620 ἔχων,
2837 2551 2929 2603 τὸν
2951 2549 3158 2618 ταύτην
3186 2550 3393 2620 κρίνειν
3417 2550 3728 2618 ὀφείλοντα,

2151 2646 2211 2696 οὐ
2249 2643 2408 2713 μόνον
2435 2643 2597 2706 αὐτὸς
2622 2642 3054 2711 δωροληπτήσει,
3085 2641 3220 2694 ἀλλά
3246 2641 3338 2694 καὶ
3361 2641 3583 2711 ἑτέρους
3603 2641 3730 2705 τοὺς

2153 2735 2245 2790 ὑπ’
2277 2735 2440 2790 αὐτὸν
2469 2735 2538 2790 τὰ
2572 2734 2712 2788 αὑτά
2745 2735 3007 2805 πράττειν
3038 2733 3460 2800 συναναγκάσει.

2733 2994 2872 3063 Περὶ
2911 2993 3164 3058 ἀδικίας.

545 3091 979 3162 Haudquaquam
1013 3101 1123 3145 tam
1162 3091 1399 3162 graviter
1449 3097 1646 3159 peccat
1674 3089 1765 3158 qui
1804 3087 1932 3142 facit
1963 3089 2042 3142 iu-

2225 3094 2335 3162 Οὐχ
2358 3091 2528 3154 οῦτως
2562 3089 2869 3160 ἁμαρτάνει
2907 3089 2934 3140 6
2965 3087 3166 3140 ἀδικῶν
3185 3126 3199 3149 ,
3226 3085 3302 3148 ὡς
3331 3087 3356 3136 ό
3388 3083 3486 3155 τὴν
3515 3082 3732 3136 ἀδικίαν

2440 3185 2462 3194 -
2535 3185 2596 3194 -_-
2787 3181 2811 3194 ν
3168 3177 3278 3194 ηρ.-
3333 3177 3386 3194 ,μ
3487 3175 3596 3194 nt,
3699 3175 3722 3194 ι

466 3184 694 3255 juriam,
719 3197 882 3252 quam
919 3182 1013 3250 qui
1046 3181 1230 3235 sciens
1261 3180 1375 3234 lieri
1408 3178 1567 3235 sinit.
1623 3177 1761 3231 Cum
1791 3192 1922 3246 ergo
1951 3177 2048 3231 ali-
2081 3177 2100 3198 "

469 3279 594 3347 quis
626 3290 824 3345 passus
860 3273 1121 3340 injuriam
1185 3271 1251 3325 ad
1301 3281 1353 3325 te
1384 3269 1702 3335 accesserit,
1736 3285 1806 3324 ne
1861 3269 2049 3338 queri-

469 3367 708 3422 moniam
735 3375 791 3420 et
847 3364 1195 3422 atllictionem
1226 3363 1373 3417 illius
1399 3373 1744 3427 contemnas,
1787 3377 1855 3416 ne
1886 3375 2048 3415 occa-

470 3460 680 3516 sionem
735 3457 979 3527 przebeas
1038 3457 1105 3509 iis
1162 3456 1254 3524 qui
1317 3453 1499 3509 facere
1547 3456 1808 3524 injuriam
1864 3455 2044 3526 parati

469 3556 652 3605 erunt.
687 3547 792 3614 Qui
827 3547 971 3600 enim
1000 3545 1164 3599 lu‘sus
1189 3544 1390 3610 injuria
1425 3552 1531 3608 est,
1574 3546 1624 3597 in
1664 3555 1716 3598 te
1756 3560 1865 3598 uno
1895 3559 2048 3614 spem

471 3653 625 3693 suam
663 3639 834 3707 ponit,
871 3643 1030 3704 teque
1071 3635 1250 3703 ipsum
1282 3633 1495 3704 injuria:
1519 3651 1632 3689 sine
1664 3634 1934 3689 vindicem
1964 3634 2051 3688 fu-

473 3740 662 3784 turum
690 3742 995 3798 opponens,
1024 3728 1371 3796 persequitur
1402 3741 1525 3780 eum
1559 3743 1586 3779 a
1612 3741 1722 3796 quo
1741 3736 1824 3781 est
1849 3727 2047 3795 injuria

469 3819 724 3874 violatus.
744 3816 977 3872 Omnino
1013 3831 1144 3886 ergo
1172 3823 1390 3889 oportet
1424 3816 1757 3885 supplicem,
1779 3815 1871 3885 qui
1901 3815 2045 3884 apud

470 3921 522 3966 te
547 3910 932 3982 conqueritur;
985 3909 1077 3977 jus
1139 3923 1299 3961 suum
1358 3907 1629 3973 obtinere,
1669 3923 1792 3962 cum
1823 3922 2044 3973 aequum

468 3997 540 4060 sit
571 4003 830 4073 injuriam
886 4001 1223 4071 propulsari.
1285 3998 1342 4052 Si
1392 4014 1522 4053 vero
1590 3999 1790 4069 ipsein
1842 3999 2045 4069 injuria

466 4096 812 4158 connivebis,
838 4101 1003 4161 atque
1037 4107 1163 4146 eum
1209 4091 1301 4161 qui
1346 4091 1511 4147 laesus
1562 4091 1689 4153 erit,
1742 4091 2042 4162 despicies,

466 4203 591 4241 eum
623 4194 802 4242 autem
836 4185 928 4253 qui
978 4183 1201 4244 lmserit,
1234 4198 1360 4238 cum
1417 4183 1573 4238 solus
1603 4183 1791 4236 ulcisci
1834 4185 2044 4247 valeas,

469 4279 675 4333 nullam
724 4277 955 4346 justitize
997 4275 1266 4327 rationem
1322 4274 1546 4336 habeas,
1591 4275 1723 4340 quid
1771 4277 2040 4346 reliquum

469 4369 585 4438 spei
613 4368 719 4422 erit
754 4367 959 4420 misero
979 4365 1056 4416 illi
1091 4378 1200 4432 quo
1228 4363 1434 4433 fugiat?
1468 4379 1496 4415 a
1523 4381 1632 4434 quo
1663 4367 1898 4435 amplius
1924 4369 2046 4423 vin-

2159 3185 2704 3258 παραχωρῶν.”οταν
2755 3181 2847 3234 οῦν
2900 3197 2981 3232 σοι
3011 3177 3287 3249 προσέλθῃ
3321 3175 3619 3248 ἀδικηθεὶς,
3654 3175 3730 3246 μὴ

2157 3277 2416 3348 ὑπερίδῃς
2459 3274 2625 3328 αὑτοῦ
2655 3273 2752 3344 τὴν
2782 3270 3094 3341 συντριϐὴν,
3137 3269 3224 3322 ἵνα
3274 3268 3350 3338 μὴ
3397 3266 3579 3339 χώραν
3625 3266 3732 3336 δῷς

2155 3370 2266 3430 τοῖς
2319 3364 2664 3437 βουλομένοις
2694 3362 2919 3417 ἀδικεῖν.
2940 3361 2998 3414 Ὀ
3033 3361 3140 3430 γὰρ
3170 3358 3495 3428 ἠδικημένος
3523 3357 3617 3411 ἐπὶ
3649 3357 3733 3411 σοὶ

2160 3458 2305 3528 μόνῳ
2331 3456 2432 3518 τὰς
2465 3454 2686 3516 ἐλπίδας
2720 3453 2956 3516 σαλεύει,
2995 3454 3088 3504 καὶ
3118 3450 3178 3502 σὲ
3207 3450 3304 3520 τῆς
3334 3450 3544 3513 ἀδικίας
3587 3449 3734 3504 ἐκδι-

2155 3548 2327 3618 κητὴν
2381 3544 2822 3616 προϐαλλόμενος
2855 3584 2870 3608 ,
2926 3543 3017 3596 τὸν
3085 3543 3385 3613 ἠδικηκότα
3439 3541 3728 3610 ἀμύνεται,

2156 3645 2379 3702 Πάντως
2406 3641 2461 3692 δὲ
2491 3637 2668 3708 χρεὼν
2693 3636 2843 3708 παρὰ
2873 3635 2967 3690 σοῦ
2989 3635 3081 3690 τὸν
3111 3633 3478 3704 προσελθόντα
3506 3634 3728 3686 δικαιω-

2155 3736 2335 3805 θῆναι,
2363 3731 2486 3785 ἐπεὶ
2517 3731 2726 3785 δίκαιον
2771 3729 2870 3799 τὴν
2901 3727 3116 3783 ἀδικίαν
3145 3726 3535 3796 ἀνασταλῆναι.
3571 3727 3632 3780 Εἰ
3675 3725 3734 3778 δὲ

2155 3825 2316 3888 αὐτὸς
2345 3824 2444 3892 τὴν
2474 3822 2691 3876 ἀδικίαν
2723 3822 3132 3891 παραχωρήσας
3175 3819 3254 3891 τῷ
3299 3819 3594 3884 ἀδικοῦντι,
3641 3818 3736 3871 τὸν

2155 3917 2482 3988 ἠδικημένον
2512 3915 2794 3987 ὑπερίδῃς,
2823 3914 2918 3966 καὶ
2962 3913 3258 3982 δυνάμενος
3309 3913 3468 3980 μόνος
3495 3911 3583 3964 τὸν
3620 3910 3737 3980 ἡδιο

2155 4009 2360 4080 κηκότα
2386 4007 2709 4078 ἀμύνεσθαι,
2739 4007 2836 4074 τῆς
2864 4003 3020 4074 δίκης
3054 4002 3260 4072 μηδένα
3292 4002 3526 4072 ποιήσῃς
3550 4001 3734 4069 λόγον,

2154 4101 2256 4155 ποῦ
2286 4101 2314 4153 ό
2339 4099 2568 4160 δείλαιος
2598 4099 2804 4159 ἐκεῖνος
2835 4094 2914 4148 ἔτι
2944 4095 3276 4163 καταφυγεῖν
3305 4091 3549 4158 ἐλπίσεις
3577 4092 3731 4161 παρά

2151 4194 2295 4255 τίνος
2326 4188 2662 4258 ἀπολήψεται
2685 4186 2782 4256 τὴν
2809 4186 3107 4255 ἐκδίκησιν,
3137 4186 3185 4236 εἰ
3215 4183 3289 4254 μὴ
3325 4183 3474 4253 παρά
3497 4182 3653 4246 Θεοῦ,
3673 4183 3734 4245 ὃς

2152 4284 2246 4340 καὶ
2274 4283 2334 4335 σέ
2361 4281 2458 4350 τῆς
2476 4278 2734 4350 ἀμελείας
2759 4277 3050 4351 ἀπαιτήσει
3082 4277 3180 4337 τὰς
3210 4274 3401 4340 δίκαςς
3433 4273 3734 4328 Δικαίωσον

2150 4376 2245 4429 οὖν
2277 4375 2368 4428 τὸν
2395 4371 2743 4443 ἠδικημένον,
2773 4369 2868 4422 κα)⁸
2903 4367 3110 4438 ἀμύνου
3157 4366 3247 4420 τὸν
3295 4366 3613 4435 ἠδικηκότα,
3646 4365 3734 4416 ἵνα

467 4461 673 4516 dictam
707 4455 1071 4525 exspectabit,
1103 4455 1208 4506 nisi
1250 4469 1278 4506 a
1332 4454 1463 4517 Deo,
1502 4456 1594 4525 qui
1629 4473 1656 4508 a
1689 4465 1742 4511 te
1775 4460 2041 4513 rationem

2153 4468 2227 4538 μὴ
2257 4467 2323 4519 δι’
2353 4458 2428 4518 ὧν
2472 4461 2738 4534 παρορᾷς,
2773 4460 2933 4534 δόξῃς
2981 4459 3076 4512 καὶ
3120 4458 3282 4520 αὐτὸς
3319 4459 3432 4520 τοῖς
3483 4456 3733 4510 ἀδικοῦσι

468 4550 684 4619 injuria:
708 4549 968 4618 neglectae
1027 4547 1315 4615 reposcet?
1367 4545 1465 4599 Jus
1511 4547 1678 4616 igitur
1720 4550 1930 4604 reddito
1963 4553 2036 4619 ei,

467 4642 561 4713 qui
605 4643 859 4710 injuriam
884 4654 1080 4710 passus
1110 4648 1212 4704 est,
1240 4647 1402 4706 atque
1436 4638 1581 4693 illius
1607 4651 1889 4696 auctorem
1917 4644 2039 4697 vin-

2149 4558 2476 4623 συναδικεῖν,
2534 4555 2628 4608 καὶ
2678 4552 2976 4622 ἀλλοτρίων
3029 4552 3446 4624 ἁμαρτημάτων
3505 4550 3734 4604 σεαυτὸν

2148 4647 2449 4702 ὑπεύθυνον
2478 4644 2862 4714 καταστήσεις.

467 4738 674 4798 dicato.
709 4751 777 4790 ne
816 4734 1162 4788 conniventia
1221 4744 1310 4789 tua
1341 4733 1580 4824 videaris
1613 4749 1734 4787 cum
1805 4735 2146 4798 facientibus
2223 4740 2484 4811 injuriam
2532 4737 2877 4808 conspirare,
2951 4743 3115 4806 atque
3161 4734 3326 4790 alieni
3397 4733 3626 4790 sceleris
3678 4742 3734 4788 te

467 4830 647 4899 ipsum
679 4841 829 4881 reum
855 4841 1038 4895 agere.

755 4913 826 4968 De
857 4915 1184 4968 mortalitate
1252 4925 1301 4969 et
1332 4915 1757 4971 immortalitate.

537 5007 782 5066 Mortalis
826 5006 1048 5076 quidem
1101 5023 1164 5061 es
1226 5021 1480 5076 corpore,
1523 5008 1707 5061 anima
1759 5023 1891 5063 vero
1937 5009 2041 5063 im-

465 5100 743 5156 mortalis:
773 5097 828 5155 in
859 5098 926 5152 iis
954 5111 1086 5166 ergo
1113 5112 1235 5165 qua:
1271 5100 1460 5152 carnis
1484 5110 1611 5152 sunt
1647 5098 1868 5168 propria
1894 5115 2040 5154 mor-

466 5191 575 5250 tale
610 5189 793 5258 sapias
823 5203 839 5252 ;
873 5202 995 5256 quae
1049 5202 1178 5241 vero
1222 5187 1413 5253 animi,
1441 5188 1765 5243 immortale.
1816 5190 2038 5259 Ample-

464 5291 610 5336 ctere
649 5279 914 5333 mundtun
946 5279 1108 5332 istum
1153 5279 1564 5346 corruptibilem
1598 5295 1828 5349 corpore
1886 5297 2036 5337 mor-

466 5372 602 5437 tali;
629 5371 812 5424 animo
839 5383 968 5424 vero
1010 5369 1407 5423 beatitudinem
1446 5377 1707 5427 :eternam
1743 5370 1899 5440 quasi
1933 5372 2037 5424 im-

465 5462 736 5518 mortalis.
783 5460 897 5515 ιι]ιεί
929 5461 1077 5514 enim
1110 5461 1167 5517 in
1225 5460 1382 5530 regni
1429 5460 1627 5515 solium
1678 5468 1903 5515 evectus
1956 5477 2036 5526 es,

465 5560 589 5620 post
616 5550 953 5618 al-quantum
982 5551 1242 5620 temporis
1268 5560 1449 5607 tamen
1483 5551 1553 5605 ab
1590 5566 1661 5605 eo.
1688 5551 1995 5608 descendes
2022 5571 2034 5606 :

465 5653 520 5696 et
543 5643 588 5695 si
614 5651 787 5696 totum
824 5652 1092 5696 terrarum
1137 5645 1325 5698 orbem
1371 5644 1541 5697 armis
1593 5644 1852 5711 subigere
1904 5661 2034 5698 con-

468 5733 730 5802 tenderis,
763 5742 889 5806 post
919 5743 1145 5789 mortem
1177 5743 1357 5790 tamen
1401 5736 1539 5790 nihil
1589 5737 1825 5806 amplius
1856 5752 2020 5805 quam

2408 4914 2551 4983 Περὶ
2589 4915 2951 4982 θνητότητος
2989 4912 3087 4965 καὶ
3123 4911 3479 4975 ἀθανασίας.

2217 5006 2423 5078 θνὴτδς
2451 5007 2717 5078 ὑπάρχεις
2749 5005 2824 5074 τῷ
2857 5005 3092 5074 σώματι,
3115 5003 3380 5065 ἀθάνατος
3408 5003 3463 5055 δὲ
3485 5006 3552 5073 τῇ
3583 5004 3728 5074 ψυχῇ

2148 5101 2421 5170 διαμένεις
2446 5115 2459 5126 ·
2495 5097 2681 5168 φρόνει
2728 5095 2822 5150 οῦν
2875 5095 3046 5164 θνητὰ
3081 5096 3145 5164 τῇ
3183 5095 3366 5165 σαρκὶ,
3397 5098 3464 5165 τῇ
3499 5094 3555 5148 δὲ
3583 5096 3726 5165 ψυχῇ

2147 5189 2411 5244 ἀθάνατα.
2443 5187 2709 5258 Περίϐαλε
2737 5187 2939 5257 κόσμον
2964 5186 3040 5255 τῷ
3071 5186 3301 5255 σώματι,
3327 5188 3402 5250 ὡς
3433 5185 3625 5254 θνητὺν
3652 5185 3730 5256 τῷ

2145 5280 2356 5351 θνητῷ·
2386 5277 2683 5344 περιϐαλοῦ
2738 5278 2831 5331 καὶ
2873 5277 3030 5331 ὄλϐον
3063 5277 3328 5332 ἀθάνατον
3354 5283 3419 5348 τῇ
3452 5279 3728 5349 ψυχῇ,,ὡς

2144 5372 2417 5440 ἀθανάτῳ.
2448 5371 2566 5423 Κᾶν
2587 5371 2694 5441 γὰρ
2716 5370 2809 5422 ἐπὶ
2839 5371 3026 5440 θρόνον
3058 5371 3300 5442 ὑψωθῇς,
3330 5371 3444 5425 ἀλλ’
3470 5371 3562 5424 οὖν
3587 5371 3730 5442 μετὰ

2145 5465 2336 5534 χρόνον
2375 5463 2694 5536 καταϐήσῃ·
2732 5465 2825 5516 καὶ
2853 5467 2900 5516 εἰ
2929 5465 3028 5533 τῆς
3064 5465 3166 5533 γῆς
3201 5465 3418 5534 ἀπάσης
3448 5483 3727 5536 κατακρα-

2145 5557 2308 5624 τῆσαι
2357 5557 2768 5627 φιλονεικήσης,
2802 5558 2915 5610 ἀλλ’
2947 5559 3006 5612 οὺ
3055 5559 3218 5612 πλέον
3258 5559 3570 5628 τριπήχεως
3620 5557 3725 5628 γῆς

2149 5649 2284 5716 μετά
2319 5645 2547 5700 θάνατον
2583 5648 3024 5721 κληρονομήσεις.
3046 5649 3336 5718 Ἐπιμελοῦ
3361 5645 3454 5702 οὖν
3474 5649 3572 5717 τῆς
3596 5647 3725 5718 θνη-

2132 5741 2227 5811 τῆς
2263 5738 2538 5809 βασιλείας
2573 5742 2646 5806 ὡς
2680 5745 2871 5815 θνητός
2897 5762 2909 5774 ’
2952 5743 3237 5815 περιποιοῦ
3264 5742 3317 5796 δὲ
3360 5741 3453 5796 καὶ
3485 5741 3599 5796 κτῶ
3629 5743 3727 5812 τὴν
