4104 6438
350 325 457 365 ην
1131 320 1405 380 BASISI]
1442 290 1597 381 ιίιιι).
1633 322 2078 383 ΡΑιιιΕΝΕδιε
2112 327 2212 386 AD
2231 329 2540 393 LEONEM
2562 335 2857 397 FILIUM.
3489 359 3614 399 ιι...

347 429 619 481 ἀθάνατον
653 429 933 497 βασιλείαν
954 430 1042 484 διὰ
1069 432 1167 502 τῆς
1194 436 1300 486 τῶν
1329 434 1543 505 ἀρετῶν
1574 437 1841 505 κτήσεως,
1862 438 1935 500 ὼς
1966 491 1968 497 ,

1987 444 2155 499 ttres
2190 443 2342 496 humi
2391 446 2609 503 cubitos
2658 450 2975 519 occupabis.
3030 450 3271 510 Proinde
3328 463 3608 513 terrenum

345 520 615 582 ἀθάνατος
638 536 652 550 ·
703 522 795 574 διὰ
823 523 984 576 τοῦτο
1010 523 1120 594 γὰρ
1152 525 1250 595 τῆς
1282 525 1482 596 θνητῆς
1510 528 1749 599 ἠξιώθης
1789 528 1938 591 ἐξον-

2042 531 2147 586 hoc
2185 548 2413 603 regnum
2450 545 2512 591 ut
2546 540 2816 606 mortalis,
2852 543 3209 611 administra;
3261 547 3474 604 enitere
3523 560 3606 604 ta-

347 609 497 673 σίας,
532 610 617 662 ἵνα
651 610 721 663 δι’
751 612 926 683 αὐτῆς
961 613 1282 687 ὲμπορεύσῃ
1330 616 1430 687 τὴν
1481 617 1750 673 ἀθάνατον
1781 618 1938 689 βασι-

2040 636 2165 677 men
2198 630 2259 677 ut
2278 623 2584 684 immortale
2609 643 2839 699 regnum
2868 646 2965 703 per
2980 609 3238 692 virtutem
3260 637 3610 709 adipiscaris,

345 700 519 754 λείαν.
2040 727 2102 766 ac
2130 723 2337 778 teneas,
2386 718 2542 785 quasi
2582 718 2941 788 immortalis;
2972 734 3263 796 propterea
3307 730 3457 785 enim
3501 740 3612 786 ter-

2040 818 2171 857 rena
2189 807 2429 873 potentia
2460 808 2698 865 donatus
2728 826 2811 879 es,
2847 821 2906 866 ut
2928 828 3023 883 per
3054 830 3173 870 eam
3220 818 3499 874 caelestem
3534 829 3618 874 at-

2039 910 2145 964 que
2168 906 2427 953 aeternam
2452 900 2883 960 dominationem
2912 907 3199 975 acquiras.

898 983 1039 1052 Περὶ
1077 987 1405 1056 ἀρχόντων.

2546 996 2623 1052 De
2656 1002 3080 1069 magistratibus.

424 1073 527 1125 Ἦν
555 1072 696 1144 ἔχεις
728 1075 959 1147 γνώμην
982 1079 1112 1148 περὶ
1140 1080 1390 1145 σεαυτοῦ,
1423 1082 1626 1153 ταύτην
1646 1083 1790 1153 ἔχειν
1816 1084 1935 1138 θέλε

2110 1080 2216 1136 Fac
2245 1086 2490 1141 eamdem
2519 1088 2722 1144 habeas
2754 1092 2822 1145 de
2856 1093 3130 1162 subjectis
3178 1097 3311 1159 tuis,
3346 1113 3510 1168 quam
3544 1100 3612 1154 dc

345 1166 447 1217 καὶ
476 1167 608 1236 περὶ
630 1167 741 1220 τῶν
770 1168 877 1220 ὑπὸ
907 1169 988 1233 σὲ,
1008 1170 1253 1242 καὶπερὶ
1276 1173 1479 1237 παντὸς
1507 1173 1687 1241 ποιοῦ,
1717 1176 1935 1246 ἀγαπη-

2038 1180 2092 1226 te
2118 1176 2237 1242 ipso
2296 1175 2463 1232 habes
2512 1183 2862 1248 sententiam,
2923 1192 2979 1239 et
3031 1185 3102 1241 da
3153 1166 3379 1256 cperam
3433 1190 3614 1259 quoad

340 1257 454 1319 τῶς
485 1258 685 1322 αὐτοὺς
715 1259 865 1331 ἔχειν
894 1263 1022 1332 περὶ
1072 1262 1174 1334 τὴν
1222 1264 1321 1335 σὴν
1349 1265 1548 1336 ἀρχήν.
1565 1265 1791 1321 Ἐκεῖνοι
1824 1267 1935 1339 γὰρ

2035 1264 2155 1335 ejus
2196 1264 2310 1319 ﬁeri
2339 1270 2557 1335 poterit,
2585 1278 2644 1325 ut
2675 1279 2822 1326 tuam
2844 1273 2919 1328 illi
2947 1284 3131 1330 ament
3155 1257 3605 1333 dominationem.

344 1345 581 1415 μάλιστα
605 1347 776 1417 ἡδέως
803 1349 1203 1419 βασιλεύουσιν,
1240 1352 1439 1417 οἵτινες
1464 1353 1525 1407 τὸ
1549 1355 1793 1425 ὑπήκοον
1811 1355 1933 1427 ἄρι-

2036 1352 2116 1406 llli
2147 1354 2292 1408 enim
2310 1358 2409 1410 soli
2430 1357 2676 1424 jucunde
2701 1372 2952 1432 regnant,
2986 1364 3079 1433 qui
3134 1365 3416 1436 subjectos
3466 1383 3609 1423 suos.

343 1455 447 1491 στα
476 1439 866 1510 θεραπεύουσι,
885 1443 982 1497 καὶ
1006 1445 1133 1507 τοὺς
1166 1445 1266 1512 μὲν
1294 1446 1480 1511 ἀξίους
1502 1449 1771 1519 τιμῶντες
1796 1451 1933 1518 ἀγαο

2035 1444 2455 1516 diiigcntissime
2514 1459 2731 1517 curant,
2789 1453 2864 1509 ita
2896 1463 2955 1509 ut
2982 1470 3079 1511 eos
3117 1458 3211 1527 qui
3264 1458 3411 1527 digni
3458 1468 3611 1523 sunt,

341 1529 747 1599 θοποιήσουσιν,
777 1534 906 1597 τοὺς
941 1535 987 1587 δ’
1020 1536 1271 1603 ἀναξίους
1296 1538 1395 1591 οὐκ
1437 1540 1778 1610 ἀδικήσουσι.
1809 1542 1930 1595 Μά-

2036 1537 2333 1595 honoribus
2363 1552 2417 1595 et
2468 1542 2751 1601 beneﬁciis
2813 1548 3115 1612 cumulent,
3166 1546 3425 1619 indignos
3480 1565 3610 1605 vero

340 1621 499 1673 λιστα
530 1623 573 1674 δ’
600 1624 669 1676 ἂν
694 1624 1100 1694 εὐδοκιμήσεις,
1131 1629 1180 1681 εί
1210 1628 1309 1701 τὴν
1339 1630 1556 1701 ἑκάστῳ
1586 1630 1770 1701 χώραν
1792 1633 1932 1687 ἀπο-

2033 1629 2257 1685 minime
2281 1631 2501 1690 laedant.
2534 1634 2610 1688 Ita
2641 1644 2824 1691 autem
2852 1637 3201 1707 potissimum
3231 1638 3370 1694 bene
3399 1639 3612 1700 audies.

337 1712 518 1783 δώσῃς
540 1732 554 1746 ·
581 1717 679 1770 καὶ
715 1720 828 1779 τοῖς
859 1718 960 1788 μὲν
992 1720 1163 1787 ἀξίοις
1197 1722 1385 1792 ἄρχειν
1413 1722 1510 1786 τάς
1553 1724 1729 1795 ἀρχὰς
1758 1742 1927 1779 κατα-

1993 1792 1999 1801 _
2033 1721 2080 1777 si
2114 1738 2274 1778 suum
2307 1725 2509 1795 cuique
2535 1728 2718 1782 locum
2741 1738 2795 1785 et
2821 1730 3051 1801 gradum
3079 1731 3425 1799 servaveris;
3459 1740 3513 1788 ct
3546 1732 3614 1788 iis

338 1806 584 1874 στήσεις,
614 1810 727 1870 τοῖς
747 1808 803 1862 δὲ
820 1787 1145 1880 ἀρχομένοις
1172 1787 1333 1866 πάλιν
1376 1812 1505 1883 μήθ’
1543 1787 1785 1886 ὑέρίξειν
1803 1817 1927 1879 τοὺς

1986 1789 2000 1842 ³
2034 1814 2252 1883 quidem
2278 1817 2370 1886 qui
2395 1787 2611 1874 caeteris
2646 1787 2881 1890 praeesse
2911 1821 3062 1893 digni
3093 1832 3276 1889 erunt,
3312 1821 3607 1893 praefectu-

334 1896 631 1966 ἄρχοντας,
662 1899 792 1968 μήθ’
824 1900 1145 1971 ὑϐρίζεσθαι
1196 1905 1656 1975 παρασκευάσας.
1686 1907 1927 1961 Γίνωσκε

2032 1923 2120 1961 ras
2139 1908 2484 1965 commiseris
2525 1927 2540 1963 :
2582 1926 2678 1968 eos
2718 1920 2899 1966 autem
2932 1914 3025 1982 qui
3056 1929 3248 1983 parere
3280 1914 3505 1975 debent,
3537 1913 3609 1967 ita

332 1984 430 2041 οὖν
463 1990 860 2060 ἀναμανθάνων
884 1992 1134 2059 ἕκαστον,
1165 1997 1258 2049 καὶ
1277 1996 1421 2050 οὓτω
1450 2001 1837 2068 προσηκόντως
1860 2003 1927 2054 τά

2028 2001 2445 2067 temperaveris,
2474 2009 2532 2053 ut
2562 2016 2741 2070 neque
2772 2001 3060 2071 praefectos
3117 2017 3253 2057 suos
3312 2003 3609 2066 offendere,

334 2097 393 2131 τε
426 2082 558 2151 περὶ
586 2082 697 2135 τῶν
728 2084 1136 2154 ἀρχόντων,καὶ
1160 2087 1268 2141 τῶν
1292 2090 1632 2159 ἀρχομένων,
1664 2107 1925 2162 πραγμα-

2027 2104 2209 2157 neque
2232 2089 2336 2159 ipsi
2370 2091 2615 2146 vicissim
2648 2093 2815 2149 abiis
2839 2094 3030 2148 violari
3060 2094 3295 2164 possint.
3331 2093 3404 2149 Da
3443 2095 3609 2164 igitur

333 2172 518 2236 τεὺου,
555 2174 643 2227 ἵνα
673 2174 748 2246 μὴ
777 2176 1021 2247 ἄρχωσιν
1054 2177 1241 2249 ἔλαφοι
1267 2180 1517 2245 λεόντων,
1547 2182 1683 2235 ἀλλά
1709 2182 1924 2246 λέοντες

2026 2194 2272 2248 operam,
2305 2190 2365 2235 ut
2395 2198 2844 2255 unumquemque
2904 2187 3247 2255 exploratum
3294 2195 3349 2240 et
3381 2201 3607 2255 perspe—

331 2265 570 2332 ἐλάφων.
2027 2280 2177 2327 etum
2202 2274 2426 2341 habeas,
2477 2287 2642 2349 atque
2673 2280 2747 2334 ita
2778 2288 2836 2334 ut
2860 2295 2957 2351 par
2984 2290 3089 2345 est,
3128 2281 3196 2337 de
3231 2281 3299 2335 iis
3350 2282 3442 2352 qui
3474 2296 3609 2351 prae

331 2372 479 2421 esse,
501 2366 557 2412 et
594 2360 685 2430 qui
716 2361 939 2418 obedire
992 2364 1269 2421 debebunt
1332 2368 1611 2437 sapienter
1671 2378 1907 2433 statuas,
1966 2385 2032 2424 ne
2094 2374 2237 2427 cervi
2296 2374 2567 2443 imperent
2631 2373 2883 2431 leonibus
2917 2418 2932 2441 ,
2996 2377 3090 2431 scd
3152 2378 3333 2445 potius
3424 2378 3611 2433 leones

334 2464 536 2506 CCI’YIS.

903 2548 1045 2615 Περὶ
1082 2549 1353 2618 εἰρήνης.

1314 2572 1353 2615 ς,
2686 2554 2760 2606 De
2788 2570 2935 2622 pace.

406 2633 690 2705 Μακάρων
724 2637 953 2690 σεαυτὸν
990 2640 1085 2692 καὶ
1119 2641 1289 2694 κόπου
1320 2644 1488 2711 χωρὶς
1515 2645 1840 2712 ἀποδείξεις,
1866 2651 1913 2702 εί

2098 2644 2317 2697 Beatum
2351 2650 2402 2697 te
2432 2658 2596 2712 porro
2624 2657 2687 2696 ac
2722 2644 2844 2697 sine
2898 2658 3096 2714 magno
3128 2645 3331 2700 labore‘
3354 2646 3607 2702 reddide-

332 2724 401 2777 τὰ
462 2727 746 2797 μαχόμενα
811 2731 1064 2797 σπεύδεις
1115 2738 1477 2807 εἰρηνοποιεῖν
1507 2780 1522 2800 ,
1574 2725 1669 2794 κοῖὶ
1731 2744 1911 2797 πᾶσαν

2020 2736 2117 2799 ris,
2149 2736 2193 2790 si
2218 2736 2341 2790 lites
2364 2748 2554 2788 omnes
2571 2749 2920 2804 componere,
2938 2750 3236 2806 omnesque
3281 2737 3600 2794 inimicitias

331 2816 535 2887 ἔχθραν
566 2822 661 2873 καὶ
694 2825 877 2880 πᾶσαν
905 2826 1025 2898 ἔριν
1054 2828 1154 2897 τῆς
1182 2831 1457 2895 πολιτείας
1488 2834 1749 2904 ἐξορίζεις
1768 2878 1781 2899 ,
1815 2839 1909 2890 καὶ

2019 2843 2084 2882 ac
2127 2828 2440 2883 simultates
2475 2842 2506 2882 e
2536 2827 2811 2897 republica
2871 2828 3160 2883 eliminare
3209 2830 3511 2895 studueris,
3539 2838 3595 2887 et

331 2916 512 2967 πᾶσαν
532 2916 796 2990 γαλήνην,
822 2922 919 2975 καὶ
948 2926 1129 2978 πᾶσαν
1148 2925 1369 2997 ἀγάπην
1391 2928 1451 2981 τὸ
1473 2928 1714 2999 ὑπήκοον
1735 2932 1911 2985 ἀσπά-

2018 2920 2294 2987 suhjertos
2322 2917 2439 2988 paci
2484 2917 2728 2983 studere,
2754 2931 2818 2972 ac
2844 2925 3032 2972 mutua
3059 2934 3118 2974 se
3147 2919 3414 2975 charitate
3437 2935 3589 2977 com-

332 3002 523 3067 ζεσθαι
549 3007 800 3075 διδάξεις.
829 3014 923 3066 καὶ
952 3017 1078 3079 τοὺς
1109 3018 1209 3086 μὲν
1228 3018 1327 3083 τὰς
1355 3020 1555 3090 ἔχθρας
1583 3023 1905 3091 γεννῶντας,

2015 3011 2177 3080 plecti
2212 3011 2506 3066 docueris:
2539 3012 2586 3065 si
2630 3010 2891 3065 nimirum
2944 3025 3042 3066 eos
3101 3014 3195 3082 qui
3249 3012 3373 3067 lites
3415 3020 3604 3067 serunt

328 3095 673 3168 ἀποελήτους
722 3097 883 3168 εἶναι,
923 3106 1047 3170 τοὺς
1087 3108 1143 3161 δὲ
1193 3110 1289 3179 τὴν
1334 3114 1556 3182 εἰρήνην
1597 3114 1902 3181 φιλοῦντας,

2011 3102 2262 3156 exsulare
2287 3100 2549 3169 jusseris,
2581 3100 2731 3170 pacis
2756 3109 2936 3155 autem
2958 3109 3208 3156 amantes
3224 3101 3321 3156 tibi
3340 3100 3604 3171 adjunxc-

331 3188 689 3246 οἰκειοῦσθαι.
746 3194 874 3260 Υἱὸς
928 3196 1037 3268 γὰρ
1090 3200 1224 3270 ἐμοῦ
1269 3203 1363 3255 τοῦ
1415 3182 1605 3274 γηΐνου
1653 3194 1952 3276 βασιλέως⁴

1978 3192 1983 3251 '.
2018 3193 2117 3247 ris.
2150 3192 2320 3248 Filius
2345 3193 2489 3248 enim
2520 3208 2697 3259 meus,
2717 3192 2825 3247 hoc
2850 3200 2936 3247 est
2978 3193 3180 3248 terreni
3207 3193 3373 3261 regis.
3403 3204 3599 3248 natura

327 3280 595 3351 ὑπάρχων
626 3285 768 3339 κατά
800 3288 1001 3359 σάρκα,
1040 3293 1134 3346 καὶ
1164 3297 1277 3359 τοῖς
1315 3297 1444 3366 παρ’
1473 3299 1607 3368 ἐμοῦ
1648 3315 1729 3353 σοι
1760 3301 1917 3369 λεγο-

2020 3299 2143 3338 cum
2171 3283 2270 3348 sis,
2325 3283 2551 3339 monitis
2606 3284 2744 3338 meis
2791 3297 2867 3337 ac
2915 3283 3202 3353 praeceptis
3229 3284 3275 3338 si
3313 3285 3585 3355 parueris,

329 3372 516 3440 μένοις
546 3374 867 3443 πειθόμενος
895 3380 1095 3450 λόγοις,
1129 3386 1247 3450 υίὸς
1286 3388 1531 3462 κληθήσῃ
1565 3392 1660 3445 καὶ
1686 3392 1782 3446 τοῦ
1813 3395 1915 3449 ἐπ-

2020 3374 2262 3430 ctelestis
2284 3388 2505 3446 quoque
2521 3374 2686 3445 Regis
2710 3373 2863 3429 ﬁlius
2882 3374 3190 3438 vocaberis,
3221 3373 3465 3428 divinam
3497 3374 3594 3428 tibi

322 3466 583 3531 ουρανίου
631 3469 944 3538 Βασιλέως,
990 3474 1089 3546 τὴν
1136 3476 1288 3531 θείαν
1341 3481 1553 3550 σεαυτῴ
1598 3484 1918 3552 συγγένειαν

2020 3465 2556 3535 consanguinitatem
2624 3481 2720 3535 per
2769 3465 3000 3535 gratiam
3051 3465 3385 3534 adipisccns,
3451 3480 3513 3519 ac
3545 3472 3598 3519 te

323 3555 770 3629 ἐπιγραφόμενος
796 3566 937 3618 κατά
971 3568 1212 3639 πνεῦμα,
1244 3570 1338 3624 τοῦ
1370 3573 1547 3642 πράου
1581 3575 1675 3628 καί
1708 3577 1918 3646 εἰρηνι-

2022 3572 2120 3625 pro
2156 3556 2364 3625 paciﬁci
2426 3571 2491 3611 ac
2522 3555 2796 3612 mitissimi
2826 3554 3031 3611 Christi
3062 3554 3333 3626 discipulo
3358 3571 3551 3625 gerens
3583 3573 3595 3609 :

326 3646 447 3740 κοῦ,
477 3649 718 3719 Χριστοῦ
767 3655 1015 3727 μαθητὴς
1070 3661 1363 3732 ὑπάρχωνο
1419 3665 1732 3733 Μακάριοι,
1786 3669 1916 3740 γὰρ,

2024 3647 2195 3713 Beati,
2229 3649 2398 3715 enim,
2433 3649 2866 3720 inquit,paciﬁci,
2898 3648 3151 3717 quoniam
3185 3647 3287 3714 ﬁlii
3312 3646 3412 3702 Dei
3441 3664 3600 3702 voca-

323 3739 518 3808 φησιν,
549 3744 604 3796 οἱ
626 3746 1014 3814 εἰρηνοποιοί,
1042 3751 1131 3807 ὅτι
1159 3756 1329 3829 αὐτοὶ
1366 3755 1481 3810 υἱοὶ
1508 3757 1657 3813 Θεοῦ
1692 3761 1920 3829 κληθή-
2022 3740 2268 3796 bum”.-

322 3847 562 3889 σονται.

894 3934 1032 4001 Περὶ
1069 3935 1345 3993 ἐπαίνου.

1336 3981 1345 3993 ι
2677 3922 2752 3976 De
2773 3921 2957 3976 laude.

393 4017 640 4072 Ἐπαίνει
667 4020 779 4074 τῶν
807 4023 1093 4092 συνόντων,
1131 4028 1204 4099 μὴ
1238 4029 1365 4094 τοὺς
1393 4030 1610 4088 ἅπαντα
1641 4036 1709 4091 τὰ
1740 4054 1917 4105 πρατ-

2092 4012 2276 4067 Lauda
2328 4029 2392 4067 ex
2437 4012 2797 4066 familiaribus
2841 4026 2947 4065 nou
3007 4027 3103 4065 eos
3161 4012 3257 4081 qui
3305 4013 3443 4066 facta
3504 4020 3595 4067 tua

321 4108 530 4176 τὸμενά
560 4125 642 4163 σοι
672 4110 1029 4178 ἐπαινοῦντας
1055 4156 1070 4181 ,
1099 4117 1236 4173 ἀλλά
1260 4120 1386 4185 τοὺς
1416 4125 1531 4188 τοῖς
1558 4102 1919 4199 ἐσφαλμένοις

2021 4105 2199 4159 omnia
2258 4104 2591 4174 probabunt,
2644 4102 2736 4157 sed
2772 4103 2959 4173 potius
3005 4118 3100 4157 eos
3132 4103 3224 4172 qui
3260 4110 3487 4172 peccata
3515 4103 3595 4157 in-

323 4198 529 4267 μᾶλλον
555 4200 924 4271 ἐπιτιμῶντας
949 4222 962 4235 °
1014 4208 1233 4274 τούτους
1263 4213 1370 4284 γὰρ
1404 4214 1515 4281 ἐγὼ
1538 4194 1918 4292 εὐνουστέρους

2020 4196 2233 4251 tet-dum
2270 4203 2365 4251 tua
2396 4194 2830 4264 reprehendent;
2868 4210 2963 4249 eos
2993 4194 3137 4247 enim
3190 4209 3292 4265 ego
3328 4201 3383 4247 ct
3404 4208 3593 4248 aman-

320 4290 923 4381 σωφρονεστέρους
945 4293 1064 4353 οἶδα
1112 4300 1225 4355 τῶν
1269 4302 1465 4360 ἄλλων.
1509 4308 1619 4361 Καὶ
1670 4285 1917 4381 γὰρ’τοῦ

2022 4290 2191 4343 tiores
2214 4299 2266 4342 et
2293 4285 2656 4356 sapientiores
2699 4301 2823 4341 csse
2868 4285 3060 4353 judico
3122 4302 3135 4339 :
3189 4300 3407 4354 semper
3445 4285 3589 4339 enim

318 4379 554 4447 ψεύδους
603 4384 639 4453 ἡ
672 4384 902 4455 ἀλήθεια
959 4394 1320 4465 προτιμητέα.
1368 4397 1529 4453 Ἀλλά
1561 4402 1656 4454 καὶ
1680 4374 1813 4468 *τοῖς
1857 4400 1917 4460 εῦ

2014 4377 2224 4432 veritas
2251 4376 2532 4431 mendacio
2555 4374 2892 4445 praeferenda
2928 4386 3032 4431 est.
3059 4376 3128 4429 At
3158 4376 3296 4430 bene
3334 4375 3592 4432 animatis

319 4470 583 4563 ιρρονοῦσι
624 4476 943 4563 παρρησίαν
973 4484 1220 4555 χαρίζου,
1258 4488 1344 4541 ἵνα
1393 4492 1522 4562 περὶ
1567 4488 1643 4547 ὧν
1672 4466 1911 4563 ἀγαλοείς,

1966 4534 1988 4563 ἱ
2019 4483 2149 4540 erga
2179 4476 2233 4523 te
2278 4466 2533 4537 loquendi
2594 4466 2901 4522 libertatem
2951 4466 3242 4528 concedes,
3276 4474 3336 4520 ut
3383 4466 3587 4523 habeas

482 4560 603 4630 μεθ’
653 4533 957 4637 ὤν’ἄριστα
1568 4533 1911 4638 ξδ’τιῖιῖιῖέέἷ

1967 4534 1988 4587 )
2016 4533 2343 4630 quibuscum
2363 4560 2429 4615 de
2460 4558 2628 4615 rebus
2666 4574 2806 4629 quas
2834 4559 3073 4630 ignoras,
3116 4559 3382 4629 optimum
3410 4558 3588 4614 cousi-

318 4650 457 4716 θεὶς,
475 4634 883 4725 σκοπήσειςξώς
911 4662 971 4714 οὐ
985 4634 1089 4734 χρὴ
1117 4668 1231 4731 τοῖς
1251 4634 1557 4741 διάᾟιέχνης
1582 4675 1907 4731 κολακεύου-

2012 4653 2145 4707 lium
2174 4666 2372 4721 capere
2404 4651 2584 4721 possis
2621 4669 2635 4705 :
2666 4658 2720 4705 et
2757 4651 2826 4705 ad
2867 4650 3014 4705 hunc
3039 4648 3260 4705 modum
3293 4649 3341 4704 si
3371 4655 3586 4704 tecom-

318 4759 429 4844 σιν.
456 4744 594 4799 ἀλλά
652 4750 766 4811 τοῖς
823 4752 940 4820 μετ’
962 4754 1178 4820 εὐνοίας
1211 4738 1577 4829 θεραπεῦουσι
1610 4768 1900 4837 προσέχειν

2011 4744 2310 4816 paraveris,
2343 4758 2668 4814 cognosces,
2698 4756 2805 4798 non
2826 4742 2897 4798 iis
2919 4740 3332 4813 quijartiliciose
3353 4738 3583 4796 adulan-

314 4832 405 4885 ἀεί
423 4835 554 4905 ’τῆς
575 4836 688 4908 γὰρ
713 4840 899 4912 ἑτέρου
920 4844 1187 4913 ὠφελείας
1217 4851 1305 4903 καὶ
1338 4851 1543 4924 βλάὄης
1574 4850 1631 4909 εὖ
1656 4829 1903 4927 ’μάλιστα

2007 4845 2117 4902 tur,
2137 4835 2232 4891 sed
2262 4835 2371 4892 illis
2392 4834 2484 4905 qui
2503 4838 2724 4890 sincera
2734 4832 3108 4889 benevolentia
3126 4831 3222 4885 tibi
3242 4829 3580 4893 deserviunt,

316 4930 626 4999 πειραθεὶς,
650 4932 711 4987 τὸ
742 4935 841 5005 μὲν
871 4937 1176 5014 ἀποφεύξῃ,
1201 4942 1296 4998 τοῦ
1324 4945 1379 4999 δὲ
1412 4921 1688 5020 ἐπιτεύξῃ.

2005 4925 2389 4981 adhaerendum
2433 4940 2558 4981 esse
2598 4944 2612 4980 :
2648 4924 2845 4980 horum
2897 4925 3044 4979 enim
3095 4922 3351 4988 utilitate,
3373 4930 3430 4977 et
3459 4921 3580 4975 illo-

2008 5033 2128 5073 rum
2157 5018 2399 5089 pernicie
2432 5018 2735 5087 explorata,
2782 5015 2850 5072 ab
2888 5015 3012 5073 istis
3050 5015 3275 5088 quidem
3332 5013 3577 5081 cavebis,

2006 5109 2130 5165 illos
2161 5124 2293 5164 vero
2326 5109 2423 5166 tibi
2457 5108 2745 5179 adjunges.

846 5201 984 5268 napi
1037 5205 1368 5274 προσοχῆς.

1319 5226 1368 5272 ς,
2573 5199 2649 5254 De
2672 5201 2755 5254 sui
2789 5216 2939 5254 cura.

382 5284 636 5356 Νεότητα
684 5289 995 5360 κόσμησον,
1050 5292 1127 5365 μὴ
1177 5298 1291 5359 τοῖς
1342 5302 1626 5367 γυμνικοῖς
1669 5300 1897 5367 ἀγῶσιν,

2081 5293 2432 5349 ιιινοιιιιιιειιι
2462 5299 2609 5345 tuam
2642 5306 2847 5348 exorna
2878 5306 2987 5346 non
3024 5291 3274 5358 corporis
3299 5286 3570 5343 exercita-

310 5376 449 5427 ἁλλά
479 5378 595 5439 τοῖς
629 5380 926 5449 ὲναρέτοις,
976 5384 1110 5454 μηδὲ
1157 5387 1405 5459 περιίδῃς
1452 5406 1548 5441 σου
1591 5389 1688 5460 τὴν
1736 5389 1897 5458 φύσιν

2005 5388 2174 5450 tione,
2201 5387 2295 5442 scd
2309 5385 2529 5439 virtutis
2548 5400 2568 5451 ;
2584 5397 2760 5452 neque
2788 5389 3041 5437 naturam
3061 5389 3209 5435 tuam
3231 5380 3383 5436 sinas
3405 5376 3569 5433 simul

310 5466 430 5535 ἅμα
463 5470 641 5522 πᾶσαν
669 5472 987 5543 διαλυθῆναι
1006 5492 1022 5508 ο
1071 5477 1172 5532 κᾶν
1204 5478 1308 5550 γὰρ
1338 5480 1585 5553 σώματος
1630 5482 1895 5553 ὑπάρχεις

2004 5490 2170 5535 totam
2203 5476 2430 5532 interire
2450 5519 2463 5542 ,
2490 5477 2595 5530 etsi
2630 5474 2776 5530 enim
2833 5473 3061 5529 mortale
3106 5485 3311 5541 corpus
3340 5468 3573 5526 sortitus

310 5555 530 5628 θνητοῦ,
565 5562 702 5617 ἀλλά
726 5566 822 5620 καὶ
848 5566 1029 5637 ψυχῆς
1066 5570 1253 5642 ἔλαχες
1281 5572 1570 5629 ἀθανάτου.
1596 5574 1777 5645 Πειρῶ
1800 5574 1894 5628 οὖν

1998 5589 2079 5638 es,
2114 5581 2165 5626 at
2194 5569 2437 5625 animum
2498 5566 2848 5621 mortalitatis
2875 5573 3161 5636 expertem
3186 5561 3381 5619 habes.
3417 5558 3567 5615 Cou-

3607 5182 3615 5227 ί

389 5735 405 5766 ¹
440 5734 634 5793 Matth.
664 5755 718 5807 ν,
748 5743 801 5797 9.
