4104 6436
535 338 683 380 XLVII

1871 325 2458 389 PROLEGOMENA.

3629 337 3787 377 XLVIII

538 446 716 501 nitere
744 449 805 497 ut
830 456 925 512 per
948 440 1075 495 boni
1106 441 1345 496 nominis
1364 442 1682 496 memoriam
1716 440 2101 495 immortalita-

2206 440 2295 493 διὰ
2344 441 2444 511 τῆς
2492 440 2700 511 ἀγαθῆς
2756 441 2973 511 μνήμης
3014 438 3319 511 κτήσασθαι
3369 438 3427 491 τὸ
3478 436 3792 491 ἀθάνατονο

538 544 649 591 tem
707 532 1086 603 consequaris.
1132 530 1437 587 Gloriosam
1488 540 1671 587 autem
1738 532 1817 585 tui
1871 532 2111 586 nominis

540 627 860 684 memoriam
880 625 1180 695 relinques,
1200 624 1245 679 si
1272 638 1388 689 eos,
1420 624 1514 693 qui
1539 623 1701 678 talem
1741 624 2066 692 reliquerint
2094 662 2110 690 ,

539 719 876 784 imitaberis;
915 726 975 771 ut
1010 715 1293 771 mediteris
1315 712 1535 783 quidem
1561 720 1616 770 et
1648 716 1879 768 honesta
1903 713 2110 779 dicere,

537 821 593 867 et
638 811 839 867 similia
893 812 1073 867 facere
1121 822 1479 872 consuescas,
1516 815 1571 861 et
1619 822 1741 876 quis
1790 813 1844 861 te
1904 806 2113 861 sentire

536 906 702 961 dictis
730 905 1084 969 iudicaveris,
1126 903 1316 958 eadem
1381 915 1549 971 opere
1594 898 1824 970 implere
1875 912 2112 952 curave-
2148 941 2153 947 .

536 1015 631 1056 I‘IS.

620 1100 621 1103 ‘
1031 1087 1107 1143 De
1140 1088 1620 1143 commiseratione.

608 1178 678 1235 Ut
728 1179 978 1249 corporis
1052 1181 1232 1234 omnis
1266 1179 1458 1232 umbra
1517 1194 1733 1248 semper
1772 1187 1856 1234 est
1902 1193 2110 1242 comes,

538 1272 611 1325 ita
643 1287 859 1341 semper
888 1271 1166 1325 hominem
1205 1282 1491 1339 peccatum
1517 1270 1880 1337 consequitur
1908 1286 1921 1323 :
1951 1278 2114 1323 natu-

539 1378 597 1417 ra
634 1364 779 1418 enim
816 1363 1055 1415 humana
1089 1363 1243 1416 valde
1270 1362 1335 1415 ad
1362 1362 1653 1416 labendqu
1704 1370 1791 1415 est
1823 1361 2110 1429 proclivis,

535 1464 590 1508 et
620 1454 683 1508 ad
706 1454 1010 1510 cadendum
1032 1469 1223 1522 prona.
1259 1454 1388 1509 Esto
1413 1453 1583 1522 igitur
1607 1452 1921 1507 errantibus
1944 1453 2105 1518 lenis,

535 1560 589 1604 et
617 1549 847 1615 iustitiae
871 1548 1113 1602 admisce
1142 1547 1567 1601 humanitatem.
1610 1546 1665 1599 Si
1692 1550 1836 1599 enim
1888 1544 2005 1614 ipse
2043 1543 2112 1596 ab

536 1640 856 1695 errantibus
886 1639 1059 1709 exigis
1097 1638 1391 1701 rationem,
1442 1642 1657 1689 tuorum
1709 1636 1825 1706 ipse
1854 1644 2112 1704 peccato-

452 1728 455 1733 ’
537 1746 661 1785 rum
694 1746 981 1787 censorem
1016 1729 1187 1784 babes
1218 1728 1389 1783 Deum
1428 1745 1445 1783 :
1474 1728 1701 1799 proinde
1732 1728 1970 1797 quotidie
2012 1728 2109 1781 tibi

538 1821 657 1890 ipse
681 1820 945 1875 denuntia
971 1837 985 1885 ;
1016 1829 1074 1873 ιιι
1101 1820 1225 1874 aliis
1251 1828 1476 1888 peccata
1506 1818 1902 1883 remiseris,ita
1933 1834 1962 1871 a
2001 1817 2110 1872 Deo

535 1911 829 1965 remissum
864 1911 928 1964 iri
953 1910 1046 1964 tibi
1082 1925 1264 1979 spera.
1294 1909 1430 1963 Cum
1465 1923 1597 1978 ergo
1625 1908 2003 1977 prmjudicium
2039 1907 2105 1959 ti-

537 1994 588 2048 bi
621 1995 735 2063 ipse
767 1994 958 2059 facias,
988 1994 1207 2047 remitte
1228 1991 1557 2046 debentibus
1586 1991 1792 2055 debita,
1835 2002 1894 2044 ut
1930 1999 1985 2044 et
2011 1991 2107 2043 tibi

535 2086 883 2138 remittantur
908 2096 1040 2138 tua:
1078 2098 1200 2153 quae
1223 2083 1367 2137 enim
1403 2083 1689 2138 conservis
1733 2082 1843 2136 tuis
1890 2080 2107 2144 feceris,

531 2176 720 2231 eadem
759 2189 787 2228 a
819 2176 1100 2230 communi
1126 2174 1355 2229 Domino
1396 2175 1650 2243 recipies,
1686 2182 1741 2228 et
1774 2172 2110 2242 quojudicio

532 2270 670 2324 alios
692 2268 1049 2339 iudicaveris,
1074 2267 1263 2322 eodem
1291 2275 1347 2322 et
1385 2266 1502 2337 ipse
1532 2264 1893 2337 judicaberis.

1132 2440 1207 2494 De
1239 2441 1504 2511 (equitate.

604 2533 792 2589 Prwbe
837 2532 1026 2587 faciles
1077 2548 1239 2587 aures
1264 2531 1528 2600 precanti,
1565 2530 1727 2600 eique
1765 2529 1976 2600 placide
2023 2543 2110 2582 re-

514 2624 761 2695 sponde.
822 2622 938 2677 Etsi
1003 2635 1224 2693 prepter
1278 2622 1481 2677 terreni
1539 2621 1692 2692 regni
1726 2620 2107 2675 celsitudinem

531 2715 685 2770 aditu
754 2713 932 2769 facilis
987 2728 1208 2778 nones,
1261 2721 1315 2766 at
1368 2723 1591 2783 propter
1651 2714 1806 2783 regni
1866 2712 2109 2767 caelestis

529 2819 684 2873 spem
733 2819 996 2860 accessus
1055 2802 1122 2858 ad
1162 2811 1217 2859 te
1273 2813 1456 2873 pateat
1498 2803 1777 2858 omnibus.
1810 2802 2109 2858 Consolare

532 2907 832 2953 intuentes
874 2898 919 2954 si
971 2912 1078 2951 non
1128 2896 1477 2963 muneribus,
1511 2904 1567 2950 at
1617 2895 1814 2950 saltem
1871 2894 2105 2950 verbis:

530 3005 657 3044 nam
681 2991 765 3045 vel
794 3007 961 3045 unum
998 2990 1226 3045 verbum
1251 3004 1419 3059 quam
1452 2989 1623 3044 multa
1656 3002 1889 3043 munera
1922 2988 2097 3059 pluris

531 3096 657 3137 esse
681 3081 827 3147 novi,
886 3080 1170 3143 etdictum
1201 3080 1423 3135 unicum
1463 3079 1530 3135 ad
1549 3078 1943 3135 consolandum
1995 3078 2110 3133 etii-

530 3172 723 3228 cacius
753 3187 879 3229 esse
932 3187 1099 3242 quam
1140 3187 1231 3227 res
1284 3172 1421 3228 alias
1468 3178 1779 3228 sexcentas.
1809 3168 1928 3225 Non
1961 3170 2106 3224 enim

529 3271 746 3317 tantum
775 3263 919 3318 valet
946 3263 1191 3333 pecuniae
1210 3263 1366 3333 copia
1397 3262 1464 3318 ad
1494 3261 1784 3319 levandum
1809 3263 1975 3316 animi
2007 3261 2106 3316 do-

530 3355 726 3417 lorem,
757 3363 1026 3424 quantum
1066 3354 1263 3408 blanda
1312 3363 1367 3409 et
1399 3355 1538 3411 lenis
1572 3355 1753 3409 oratio
1789 3354 2056 3424 principis
2090 3371 2103 3406 :

532 3447 636 3501 hac
663 3447 833 3517 igitur
858 3446 1075 3502 ratione
1098 3446 1451 3501 subditorum
1503 3447 1597 3502 tibi
1651 3448 1977 3517 populorum
2012 3447 2107 3501 be-

530 3538 893 3594 nevolentiam
914 3539 1035 3594 sine
1087 3540 1201 3593 ullo
1233 3547 1457 3609 sumptu
1501 3538 1597 3593 tibi
1628 3538 1974 3603 conciliabis,
2010 3538 2105 3608 qui

528 3645 595 3681 ex
624 3644 691 3683 eo
744 3637 797 3686 te
827 3638 1034 3699 patrem
1078 3631 1261 3700 potius
1296 3646 1459 3700 quam
1508 3630 1787 3685 dominum
1842 3630 2108 3701 praedica-

532 3720 686 3774 bunL

1023 3811 1099 3866 De
1130 3810 1403 3879 referenda
1426 3814 1624 3882 gratia.

599 3902 743 3968 Quot
775 3918 801 3954 ιι
848 3903 955 3957 lico
981 3905 1240 3973 accepisti
1279 3904 1566 3965 beneﬁcia.
1604 3911 1682 3957 tot
1710 3904 1852 3958 scitu
1906 3902 2107 3958 debere

528 4001 582 4047 te
617 3994 824 4062 gratias
850 3993 899 4047 ei
936 3993 1161 4059 referre,
1195 3994 1288 4063 qui
1316 3993 1496 4049 debita
1533 4010 1643 4049 non
1694 4004 1953 4064 tanquam
2011 3993 2106 4049 de-

531 4083 642 4138 bita
687 4082 960 4152 excipiat,
1004 4083 1098 4138 sed
1155 4083 1314 4152 quasi
1376 4098 1475 4152 pro
1507 4084 1684 4153 gratia
1715 4083 1882 4153 duplo
1919 4083 2105 4153 plures

529 4174 733 4243 gratias
788 4174 1003 4229 reddat.
1052 4173 1222 4244 Igitur
1270 4175 1518 4245 largitori
1575 4176 1844 4231 bonorum
1902 4179 2102 4231 bonam

529 4263 761 4334 gratiam
804 4265 991 4324 redde.
1052 4276 1108 4319 et
1151 4280 1315 4334 quam
1359 4265 1427 4319 ab
1462 4279 1528 4319 eo
1555 4266 1820 4336 accepisti
1857 4267 2106 4323 domina-

530 4356 758 4418 tionem,
798 4371 921 4409 eam
970 4355 1251 4410 beneficiis
1314 4355 1367 4409 in
1430 4365 1555 4410 tuos
1604 4358 1956 4414 conferendis
2002 4360 2105 4415 im-

2220 534 2440 601 μνήμην
2484 532 2543 585 δὲ
2590 532 2895 605 καταλίπῃς
2935 532 3167 600 ἀγαθὴν,
3197 531 3291 583 ἐὰν
3334 531 3425 582 καὶ
3468 529 3629 591 αὐτὸς
3668 527 3791 589 τοὺς

2215 623 2427 692 ἀγαθὴν
2454 622 2852 686 καταλιπόντας
2902 625 3126 691 μνήμην
3155 622 3373 691 ζηλοῖς*
3407 621 3494 672 ἵνα
3523 617 3665 672 καλά
3695 617 3792 686 μὲν

2217 718 2589 791 ἐκμελετήσῃς
2633 717 2833 786 λέγειν,
2865 718 2935 770 τά
2964 718 3124 786 ὅμοια
3168 716 3224 769 δὲ
3260 714 3578 784 ωνεθισθῇς
3623 713 3792 783 πράτ-

2214 825 2355 875 τειν,
2390 810 2485 863 καὶ
2531 809 2569 863 ἃ
2624 812 2842 880 φρονεῖν
2895 808 3267 877 ἐπιτηδεύσεις
3309 807 3398 861 διὰ
3443 805 3551 860 τῶν
3595 804 3790 873 λόγων,

2214 900 2389 955 ταῦτα
2420 904 2594 954 ποιεῖν
2622 901 2942 973 ὲπιμελήσει
2970 900 3058 953 διὰ
3088 900 3196 953 τῶν
3226 898 3425 968 έργων.

2716 1077 2852 1145 Περὶ
2882 1076 3281 1143 σι.ιμπαθειάς.

2287 1172 2495 1240 ’Ὠσπερ
2518 1169 2617 1223 οὐκ
2644 1168 2722 1223 ἔνι
2755 1168 2914 1239 σῶμα
2950 1161 2994 1235 ᾧ
3014 1169 3075 1220 οὐ
3107 1169 3416 1238 παρέπεται
3448 1164 3595 1223 σκιὰ.
3620 1162 3793 1226 οὕτως

2213 1263 2335 1317 οὐδὲ
2388 1261 2673 1332 ἄνθρωπος
2726 1254 2771 1329 ᾧ
2799 1261 2859 1313 οὐ
2895 1258 3203 1331 παρέπεται
3249 1256 3515 1327 ἁμαρτία.
3554 1255 3617 1308 ἸΙ
3685 1254 3792 1325 γὰρ

2214 1353 2375 1423 φύσις
2402 1351 2561 1422 ἡμῶν
2584 1350 2860 1405 εὐόλισθόν
2905 1367 2959 1403 τι
2996 1349 3181 1420 χρῆμα
3216 1347 3310 1402 καὶ¹
3340 1350 3475 1417 πρὸς
3499 1348 3561 1400 τὺ
3579 1346 3792 1399 πταίειν

2213 1444 2608 1514 εὐκατάφορον.
2646 1443 2779 1495 "Eoo
2807 1437 2900 1496 οὖν
2933 1443 3046 1503 τοῖς
3094 1440 3503 1509 ἁμαρτάνουσιν
3532 1437 3790 1506 εὐμενὴς,

2213 1538 2307 1590 καὶ
2332 1536 2409 1606 τῷ
2430 1536 2625 1605 δικαίῳ
2646 1534 2809 1605 κίρνα
2836 1533 2899 1588 τὸ
2939 1533 3342 1603 φιλάνθρωπον.
3377 1532 3492 1583 Κάν
3528 1529 3637 1597 γὰρ
3672 1527 3793 1581 ἑτέ-

2215 1646 2343 1699 ρους
2370 1628 2665 1690 πταίοντας
2688 1627 3016 1695 λογοθετεῖς,
3041 1625 3176 1679 ἀλλὰ
3197 1626 3291 1676 καὶ
3316 1623 3476 1686 αὐτὸς
3496 1620 3605 1674 τῶν
3628 1637 3794 1673 σεαυ-

2212 1718 2310 1772 τοῦ
2342 1718 2679 1788 σφαλμάτων
2710 1717 3005 1785 λογοθέτην
3031 1715 3178 1785 ἔχεις
3202 1714 3295 1767 τὸν
3339 1712 3491 1767 Θεόν.
3527 1711 3635 1766 Καὶ
3668 1710 3792 1765 καθ’

2146 1782 2184 1835 Β
2213 1782 2451 1879 ἑκάστην
2481 1782 2660 1881 έαυτῷ
2698 1782 2988 1881 παρεγγύα
3163 1806 3399 1878 ἡμέραν,
3437 1804 3514 1866 ὡς
3562 1803 3794 1873 ἀφήσεις

2211 1903 2307 1957 καὶ
2331 1903 2493 1965 αὐτὸς
2521 1901 2787 1972 ἀφεθῆναί
2828 1917 2912 1953 σοι
2973 1899 3105 1969 παρ’
3160 1896 3355 1952 ἑαυτοῦ
3386 1895 3593 1958 ἔλπιζε.
3640 1893 3794 1947 Ἐπεὶ

2210 1993 2302 2048 οὖν
2334 1994 2543 2065 σεαυτῷ
2569 1993 2667 2063 τὴν
2701 1991 2886 2063 κρίσιν
2915 1988 3243 2060 ἐπιψηφίζῃ,
3274 1988 3409 2057 ἄφες
3429 1988 3542 2048 τοῖς
3576 1984 3794 2053 ὀφειλέ-

2209 2102 2328 2150 ταις
2356 2085 2425 2139 τὰ
2456 2084 2818 2155 ὀφειλήματα,
2851 2086 2946 2136 καὶ
3002 2080 3336 2151 ἀφεθήσεταί
3396 2096 3478 2131 σοι
3510 2077 3580 2130 τὰ
3612 2079 3798 2147 ἁμαρ-

2208 2178 2452 2246 τήματα.
2490 2176 2558 2227 Ἃ
2596 2174 2705 2242 γὰρ
2750 2175 2816 2227 ἂν
2847 2176 2959 2235 τοῖς
2996 2171 3303 2233 συνδούλοις
3331 2171 3595 2237 ποιήσεις,
3619 2164 3797 2218 ταῦτα

2210 2264 2362 2333 παρὰ
2378 2261 2468 2316 τοῦ
2498 2261 2680 2315 κοινοῦ
2714 2262 2986 2315 Δεσπότου
3019 2259 3376 2330 ἀνταποδέξῃ,
3399 2259 3479 2311 ὅτι
3520 2258 3576 2309 ὲν
3604 2250 3649 2325 ᾧ
3672 2256 3798 2327 κρί-

2214 2371 2345 2425 ματι
2380 2354 2608 2424 κρίνεις,
2634 2356 2691 2407 ὲν
2729 2354 2904 2423 τούτῳ
2932 2353 3026 2406 καὶ
3050 2351 3310 2424 κριθήσῃ.

2743 2445 2880 2511 Περὶ
2912 2443 3255 2507 ἐπιεικείας.

2295 2536 2616 2591 ’Υπόκλινον
2664 2535 2724 2587 τὸ
2755 2530 2848 2597 οὖς
2878 2551 2971 2587 σου
3013 2534 3091 2605 τῷ
3129 2533 3395 2604 δεομένῳ,
3433 2534 3527 2587 καὶ
3560 2532 3799 2603 ἀποκρί-

2211 2630 2333 2702 θητι
2371 2628 2524 2699 αὐτῷ
2554 2629 2625 2681 τὰ
2650 2626 2926 2698 εἰρηνικά.
2963 2627 3083 2679 Κᾶν
3136 2625 3247 2696 γὰρ
3278 2625 3573 2696 ἀπρόσιτος
3612 2624 3802 2693 ὐπάρ-

2210 2738 2312 2793 χῃς
2340 2722 2431 2776 διὰ
2454 2721 2553 2791 τὴν
2586 2720 2737 2774 κάτω
2757 2718 3097 2783 δυναστείαν,
3116 2717 3229 2771 ἀλλ’
3256 2717 3577 2786 εὐπρόσιτος
3631 2712 3800 2783 γενοῦ

2209 2817 2297 2870 διά
2330 2815 2428 2885 τὴν
2475 2815 2587 2868 ἄνω
2618 2810 2887 2878 ἐξουσίαν.
2921 2809 3325 2880 Παραμωησαι
3358 2809 3486 2870 τούς
3517 2804 3802 2873 ὀδυνωμέ-

2208 2926 2356 2975 νους,
2390 2908 2440 2960 εί
2469 2905 2564 2959 καὶ
2596 2904 2671 2975 μὴ
2700 2902 2915 2975 δώροις,
2937 2902 3052 2956 ἀλλ’
3082 2901 3174 2954 οὖν
3205 2904 3317 2963 τοῖς
3348 2901 3548 2968 λόγοις·
3580 2896 3803 2952 πολλῶν

2208 3001 2319 3070 γὰρ
2346 2996 2567 3068 δωρεῶν
2596 2990 2712 3048 οῖδα
2745 2994 2842 3048 καὶ
2870 2993 3031 3061 λόγον
3055 2992 3152 3045 ἕνα
3182 2992 3497 3060 ὐπεράξιον,
3543 2990 3639 3044 καὶ
3688 3006 3803 3058 μυ-

2132 3119 2177 3182 C
2212 3092 2344 3164 ρίων
2387 3090 2563 3182 ἄλλων
2615 3086 2964 3182 πραγμάτων
3011 3085 3164 3182 ῥῆμα
3218 3084 3276 3137 ἓν
3328 3085 3407 3182 είς
3462 3078 3806 3182 παραψυχὴν

2213 3181 2598 3254 ίσχυρώτερον.
2633 3180 2707 3234 Οὐ
2751 3177 3007 3232 τοσοῦτον
3057 3175 3167 3247 γάρ
3208 3176 3511 3247 χρημάτων
3566 3174 3807 3228 δύναται

2209 3273 2521 3347 περιουσία,
2547 3271 2623 3334 ὼς
2659 3268 2923 3339 βασιλέως
2957 3269 3111 3340 ῥῆμα
3140 3267 3404 3330 ἐπιεικὲς,
3457 3263 3805 3336 παραμυθή-

2211 3366 2402 3420 σεσθαι
2423 3363 2602 3434 ψυχὴν
2623 3359 2917 3429 ἀλγοῦσαν.
2936 3356 3123 3421 Οὐτως
3150 3354 3433 3424 ἀγαπητὸς
3449 3355 3654 3423 γενήσῃ
3678 3353 3808 3417 τοῖς

2209 3460 2313 3514 ὐπὸ
2337 3460 2496 3529 χεῖρα
2531 3455 2792 3526 μάλιστα,
2823 3451 2917 3505 καὶ
2942 3450 3190 3519 δαπάνης
3220 3448 3386 3518 χωρὶς
3415 3447 3512 3517 τὴν
3531 3445 3803 3499 ἁπάντων

2209 3550 2424 3604 εὔνοιαν
2444 3544 2753 3617 κερδήσεις,
2787 3542 2881 3597 καὶ
2918 3539 3133 3609 πατέρα
3162 3556 3216 3592 σε
3245 3538 3444 3609 μᾶλλον
3468 3536 3502 3608 ἦ
3525 3534 3800 3609 δεσπότην

2209 3636 2639 3709 ἀνακηρύξουσι.

2699 3811 2839 3880 Περί
2877 3811 3011 3865 ἀντι
3019 3811 3282 3879 χάριτος.

2285 3906 2423 3960 Ἶσθι
2458 3907 2533 3969 ὡς
2558 3905 2641 3975 ἐφ’
2676 3906 2799 3959 ὅσον
2826 3903 3068 3975 ἠξιώθης
3092 3902 3243 3973 παρὰ
3268 3900 3404 3955 Θεοῦ
3428 3900 3535 3956 τῶν
3550 3900 3796 3969 ἀγαθῶν,

2208 3999 2303 4055 ἐπὶ
2328 3996 2581 4052 τοσοῦτον
2608 3995 2847 4064 ὀφείλεις
2880 3993 3029 4064 αὐτῷ
3050 3992 3373 4046 ἀντιδιδόναι
3396 3991 3493 4055 τὰς
3540 3992 3798 4061 χάριτας,

2207 4092 2286 4163 τῷ
2320 4089 2396 4162 μὴ
2432 4089 2507 4151 ὡς
2533 4089 2695 4159 χρέος
2729 4088 3008 4158 δεχομένῳ
3043 4086 3143 4149 τὰς
3191 4085 3437 4154 ὀφειλάς,
3492 4084 3608 4138 ἀλλ’
3640 4084 3800 4137 ἀντι-

2206 4182 2422 4245 διδόντι,
2455 4180 2644 4250 ὥσπερ
2680 4180 2803 4232 ἀντὶ
2844 4177 3085 4249 χαρίτων
3142 4176 3488 4239 διπλασίονας
3538 4176 3794 4246 χάριτας.

2212 4275 2479 4345 Ἀμειψαι
2499 4267 2592 4326 οὖν
2612 4272 2691 4343 τῷ
2716 4272 2978 4342 εὐεργέτῃ
2994 4270 3102 4325 τῶν
3121 4269 3342 4338 ἀγαθῶν
3363 4269 3521 4339 χάριν
3554 4268 3796 4340 ἀγαθὴν,

2206 4367 2303 4421 καὶ
2365 4365 2431 4435 ἢν
2465 4362 2656 4423 ἔλαϐες
2711 4361 2841 4432 παρ’
2882 4361 3046 4414 αὐτοῦ
3086 4359 3337 4423 ἐξουσίαν
3383 4360 3588 4431 χρῆσαι
3617 4359 3795 4431 ταύτῃ

529 4447 727 4517 pende.
769 4446 873 4503 Sed
910 4462 1006 4501 eos
1056 4454 1237 4500 tamen
1270 4448 1336 4501 ad
1367 4447 1822 4505 benefaciendum
1858 4452 2091 4509 ditiores

2205 4460 2318 4520 ταῖς
2364 4458 2443 4518 είς
2494 4456 2619 4517 τοὺς
2659 4453 2887 4522 πλησίον
2931 4451 3295 4524 εὐεργεσίαις.
3352 4452 3799 4522 Πλουσιωτέρους

529 4546 583 4594 te
620 4554 745 4594 esse
780 4546 990 4607 putato,
1021 4538 1112 4608 qui
1144 4548 1195 4593 te
1222 4547 1351 4593 sunt
1376 4539 1619 4595 minores
1643 4542 1786 4612 quod
1820 4544 1887 4598 ad
1916 4545 2093 4615 impe-

527 4627 597 4682 rii
636 4628 933 4697 potentiam
981 4629 1197 4681 attinet.
1229 4626 1345 4683 Non
1389 4630 1532 4684 enim
1585 4647 1704 4686 eam
1745 4635 2004 4704 accepisti
2046 4644 2106 4691 ut

528 4720 816 4781 retiueres.
875 4719 970 4783 sed
1027 4722 1315 4790 suscepisti
1379 4731 1438 4775 ut
1474 4724 1916 4789 administrares,
1953 4737 2009 4783 et
2038 4729 2106 4784 ab

526 4824 612 4870 eo.
648 4811 741 4880 qui
767 4826 886 4866 eam
949 4813 1047 4866 tibi
1106 4814 1349 4878 tradidit,
1384 4816 1567 4886 probae
1602 4818 2105 4879 administrationis

527 4903 833 4959 mercedem
886 4920 950 4959 ac
1013 4919 1111 4975 pro
1144 4914 1366 4962 terreno
1427 4925 1654 4978 regnum
1704 4913 1932 4969 cmleste
1962 4916 2105 4969 rcci-

526 5008 704 5065 petes.

914 5088 993 5145 De
1020 5093 1413 5159 pulchritudine
1444 5096 1710 5164 corporis.

595 5175 856 5248 Corporis
909 5179 1084 5236 forma
1139 5183 1414 5239 hominem
1474 5185 1654 5241 reddit
1688 5186 1969 5255 idoneum,
2003 5187 2099 5261 qui

527 5270 582 5321 in
613 5268 738 5323 aula
764 5270 876 5340 regi
908 5279 1129 5327 terreno
1157 5274 1421 5342 assistat;
1460 5277 1558 5332 sed
1584 5278 1751 5332 animi
1786 5282 2103 5349 pulchritu-

524 5358 596 5413 do
622 5360 773 5415 illum
800 5364 1014 5419 caelesti
1044 5366 1155 5437 regi
1191 5367 1417 5422 charum
1442 5378 1769 5440 gratumque
1794 5374 1967 5430 reddit
2004 5395 2016 5429 :
2046 5384 2102 5430 et

528 5448 621 5503 illa
682 5452 902 5519 quidem
936 5463 996 5509 ut
1050 5462 1452 5516 momentaneis
1506 5461 1813 5519 honoribus
1848 5465 2102 5535 perfrua-

527 5553 652 5592 mur
681 5539 809 5594 facit
849 5557 867 5595 :
904 5544 1018 5600 hare
1068 5562 1195 5602 vero
1226 5558 1487 5604 aeternam
1536 5552 1695 5608 nobis
1735 5552 1831 5609 Dei
1885 5571 1949 5609 ac
1992 5555 2099 5611 Do-

530 5627 664 5681 mini
720 5628 1013 5688 a'micitiam
1068 5634 1608 5711 familiaritatemque
1665 5644 1940 5698 conciliat.
2016 5645 2097 5700 Tu

530 5731 659 5773 vero
694 5720 902 5776 nullum
928 5724 1097 5782 habes
1124 5732 1176 5783 to
1204 5731 1543 5799 superiorem
1582 5734 1669 5789 cui
1711 5736 1962 5805 corporis
1984 5737 2101 5807 pul-

2209 4550 2266 4602 δέ
2290 4565 2380 4601 σου
2406 4545 2605 4617 μᾶλλον
2627 4544 2815 4615 νόμιζε
2842 4542 2985 4598 κατά
3013 4543 3113 4614 τὴν
3142 4543 3415 4605 εὐποιίαν,
3452 4544 3568 4596 ὅσοι
3598 4546 3800 4612 μικρό-

2208 4637 2358 4709 τεροί
2382 4655 2475 4690 σου
2498 4635 2826 4705 τυγχάνουσι
2844 4633 2932 4687 διὰ
2950 4633 3048 4704 τὴν
3064 4633 3334 4699 ἐξουσίαν.
3359 4633 3431 4685 οὐ
3451 4632 3560 4703 γὰρ
3576 4630 3794 4699 ἔλαϐες,

2162 4782 2180 4803 ,
2209 4730 2296 4782 ἵνα
2344 4727 2601 4798 κατέχῃς,
2635 4726 2748 4780 ἀλλ’
2777 4724 2964 4791 ἐδέξω,
2994 4725 3084 4779 ἵνα
3116 4725 3508 4795 οίκονομήσῃς,
3567 4724 3662 4777 καὶ
3690 4723 3795 4792 τῆς

2210 4820 2380 4890 καλῆς
2421 4820 2737 4891 διοικήσεως
2776 4817 3034 4888 παρὰτοῦ
3065 4817 3357 4880 δεδωκότος
3402 4818 3527 4881 τοὺς
3563 4814 3796 4887 μισθοὺς

2208 4911 2489 4985 ἀπολήψῃ,
2515 4913 2608 4966 καὶ
2631 4911 2749 4965 ἀντὶ
2772 4910 2871 4978 τῆς
2897 4910 3167 4979 ὲπικήρου
3198 4906 3497 4977 βασιλείας,
3528 4906 3624 4977 τὴν
3650 4904 3784 4961 ἀθά·

2209 5022 2387 5060 νατον.
2852 5013 2858 5021 ’

2626 5099 2764 5166 Περὶ
2790 5098 3057 5162 κάλλους
3078 5095 3370 5166 σώματος.

2292 5190 2577 5261 Ὠραιότης
2623 5189 2877 5260 σώματος
2905 5189 3055 5253 ἀξιον
3088 5188 3181 5241 τὸν
3209 5189 3545 5261 κεκτημένον
3559 5188 3790 5258 ἐποίησε

2209 5279 2577 5350 παρίστασθαι
2617 5277 2695 5348 τῷ
2734 5279 2963 5349 ὲπιγείῳ
2991 5278 3231 5349 βασιλεῖ’
3274 5280 3546 5350 ὡραιότης
3600 5280 3657 5333 δὲ
3679 5279 3788 5349 ψυ-

2207 5369 2311 5440 κῆς
2335 5369 2619 5437 ἀγαπητὸν
2644 5370 3039 5440 ἑργάζεταιτδν
3068 5372 3353 5443 ἄνθρωπον
3370 5372 3449 5443 τῷ
3474 5372 3790 5443 ἐπουρανίῳ

2206 5459 2441 5514 Βασιλεῖ.
2477 5460 2619 5513 Ἀλλ’
2645 5463 2677 5530 ἡ
2722 5461 2820 5531 μὲν
2854 5462 3191 5535 πρόσκαιρον
3213 5463 3327 5533 ἔχει
3360 5464 3455 5534 τὴν
3477 5463 3586 5517 τῶν
3618 5463 3787 5527 ἀξιω-

2208 5550 2396 5622 μάτων
2422 5550 2754 5605 ἀπόλαυσινο
2785 5554 2819 5622 ἠ
2871 5552 2927 5606 δὲ
2959 5554 3185 5611 αἰωνίαν
3217 5555 3461 5625 εὑρίσκει
3492 5554 3590 5624 τὴν
3644 5554 3782 5622 πρὸς

2203 5644 2294 5696 τὸν
2322 5643 2456 5697 Θεὸν
2498 5644 2593 5697 καὶ
2626 5645 2904 5715 Δεσπότην
2929 5647 3223 5701 οἱκείωσιν.
3270 5646 3409 5699 Ἀλλ’
3464 5646 3625 5707 αὐτὸς
3680 5644 3781 5712 μὲν

2204 5734 2301 5789 οὐκ
2328 5734 2469 5806 ἔχεις
2500 5736 2685 5806 ἕτερον
2716 5737 2856 5809 ὑπὲρ
2882 5736 2964 5806 σὲ,
2998 5731 3043 5806 ᾧ
3066 5738 3142 5807 τῷ
3162 5737 3255 5791 τοῦ
3291 5734 3543 5808 σώματος
3591 5734 3775 5789 κάλλει
