4104 6446
402 353 535 394 χιιι

1165 335 1446 397 BASILII
1489 337 1644 397 IMP.
1687 337 2130 397 PARzENESIS
2159 340 2260 398 AD
2285 341 2592 408 LEONEM
2623 347 2919 409 FILIUM.
3644 362 3676 408 ι.

399 461 646 531 ἀρέσεις,
674 457 792 514 ἀλλ’
825 458 969 528 ἔχεις
991 456 1143 520 Θεὸν,
1180 457 1239 521 ὂς
1277 458 1338 510 οὐ
1368 456 1561 521 κάλλος
1610 457 1861 528 σώματος
1893 458 1983 509 ὲκ-

2092 458 2402 515 chritudine
2465 461 2706 531 placeas,
2758 463 2852 519 sed
2915 462 3087 517 Deum
3139 463 3308 521 habes
3363 465 3686 537 Dominum,

398 555 578 622 ζητεῖ,
618 552 757 605 ἀλλά
807 551 987 621 ψυχῆς
1035 551 1337 618 εὐγένειαν.
1375 550 1562 621 Τούτῳ
1607 547 1701 604 οὖν
1735 549 1995 620 ἀρέσκειν

403 645 602 698 σπεῦδε
624 644 715 696 διὰ
737 644 962 706 παντὸς,
999 643 1099 712 τὴν
1135 643 1302 696 αὐτοῦ
1329 644 1517 697 εἰκόνα.
1554 642 1768 711 σεαυτῷ
1816 641 1992 696 καθα-

400 737 505 806 ρὰν
535 740 629 789 καὶ
685 735 990 805 ἀμόλυντον
1037 735 1342 806 φυλάττων,
1377 735 1466 790 διὰ
1501 735 1605 806 τῆς
1628 734 1991 806 σωφροσύνης

399 829 497 882 καὶ
526 829 882 899 ἀγαθότητος.

974 1009 1113 1076 Περὶ
1143 1008 1422 1074 ἰατρείας.

471 1103 642 1167 Κενδς
704 1103 910 1166 ἐκεῖνός
938 1104 1086 1156 ἐστιν
1135 1105 1162 1156 ὁ
1193 1101 1284 1156 τοῦ
1343 1100 1532 1172 ἰατροῦ
1566 1101 1750 1165 πόνος,
1782 1100 1876 1154 ὲάν
1925 1100 1988 1154 τὸ

395 1198 533 1265 παρ’
569 1194 732 1247 αὐτοῦ
761 1195 1049 1265 φάρμακον
1077 1193 1138 1246 τὸ
1162 1194 1321 1262 σῶμα
1345 1193 1421 1262 μὴ
1453 1191 1736 1265 ίατρεύσῃο
1769 1193 1864 1245 καὶ
1883 1192 1990 1261 μάο

393 1302 549 1346 ταιος
580 1285 783 1346 ἐκεῖνος
804 1285 832 1336 ὁ
865 1283 960 1336 τοῦ
1006 1282 1297 1351 φιλοσόφου
1339 1280 1520 1348 λόγος,
1555 1281 1620 1334 ἂν
1645 1281 1720 1352 μὴ
1762 1280 1985 1351 δύνηται

393 1377 468 1429 ti
497 1375 646 1445 πάθη
682 1376 779 1442 τῆς
811 1373 991 1445 ψυχῆς
1014 1373 1370 1443 θεραπεῦσαι.
1397 1374 1610 1444 Ὠσπερ
1631 1372 1740 1443 γὰρ
1770 1374 1986 1442 ίατρούς

397 1471 531 1540 περὶ
568 1468 836 1538 σωμάτων
865 1467 1200 1537 φιλοσοφεῖν,
1231 1463 1374 1518 οὕτω
1404 1465 1500 1518 καὶ
1527 1464 1848 1533 φιλοσόφους
1884 1463 1982 1533 ψυ-

395 1563 498 1632 χάς
525 1562 798 1632 ἰατρεύειν
848 1559 1148 1627 ἀναγκαῖόν
1177 1561 1344 1612 ἐστιν.
1391 1557 1664 1620 Ἐκείνους
1691 1555 1821 1624 γοῦν
1847 1555 1983 1626 ἡγοῦ

398 1657 620 1723 ίατροῦς
648 1653 889 1719 ἀληθεῖς,
945 1652 1060 1706 ὅσοι
1088 1651 1196 1705 ἀπὸ
1227 1651 1496 1720 σωμάτων
1534 1649 1633 1713 τὰς
1681 1649 1870 1712 νόσους
1917 1650 1983 1720 τῇ

391 1746 562 1816 τέχνῃ
582 1743 873 1800 διώκουσιο
912 1743 1200 1806 κάκείνους
1232 1741 1416 1812 ὁρίζου
1452 1740 1777 1811 φιλοσόφους
1813 1740 1980 1810 ἀψευ-

391 1843 526 1904 δεῖς,
563 1841 677 1892 ὅσοι
710 1838 818 1891 ἀπὺ
842 1837 951 1891 τῶν
976 1836 1166 1907 ψυχῶν
1207 1836 1273 1889 τὰ
1317 1835 1464 1906 πάθη
1509 1837 1622 1897 τοῖς
1660 1834 1841 1903 λόγοις
1887 1834 1977 1900 ἐξ·

390 1934 692 2002 ορίζουσινο
711 1933 763 1984 εί
787 1947 851 1999 γε
885 1930 1197 2001 πειθηνίους
1223 1928 1440 1998 ἔχουσιν
1462 1929 1590 1992 τούς
1619 1925 1980 1990 ἀσθενοῦντας

389 2028 459 2080 δι’
484 2027 635 2080 ὅλου.

878 2114 1018 2182 Περὶ
1057 2111 1482 2181 συκοφαντῶν.

481 2209 677 2279 ’Δκοὴν
730 2207 967 2278 ματαίαν
998 2205 1071 2275 μὴ
1103 2204 1433 2276 παραδέχου,
1490 2203 1625 2274 μηδὲ
1665 2203 1792 2266 τούς
1822 2219 1986 2256 συκο-

393 2300 734 2370 φαντοῦντας
791 2297 1170 2366 ἑναγκαλίζου,
1209 2296 1342 2368 μηδὲ
1397 2295 1622 2364 φαύλοις
1673 2293 1985 2365 ἀνθρώποις

395 2395 520 2464 εἱκῆ
544 2394 792 2448 πίστευε.
818 2388 885 2446 Ol
912 2390 1012 2460 μὲν
1051 2390 1161 2459 γὰρ
1193 2386 1450 2450 πολλάκις
1481 2387 1606 2444 τούς
1631 2384 1869 2452 ἀγαθοὺς
1893 2383 1987 2438 ἄν-

393 2488 526 2557 δρας
550 2486 638 2539 διὰ
663 2484 864 2548 κακίας
912 2483 1180 2551 ὑπόληψιν
1204 2481 1513 2546 ἀπώλεσαν,
1551 2479 1599 2533 oi
1645 2479 1704 2532 δὲ
1734 2479 1862 2541 τούς
1901 2478 1983 2530 ol-

393 2575 576 2637 κείους
599 2572 704 2641 τῆς
728 2572 930 2634 κακίας
958 2571 1162 2641 θυμοὺς
1194 2571 1476 2641 ἐμοῦντες,
1527 2569 1708 2623 ἀθώου
1755 2568 1986 2639 αἵματος

393 2663 699 2718 ὑπεύθυνόν
739 2680 799 2716 σε
827 2664 1276 2734 καταστήσουσιν,
1307 2664 1358 2716 oi
1380 2663 1437 2716 δὲ
1464 2661 1703 2714 ὕποπτόν
1735 2677 1794 2712 σε
1828 2660 1987 2730 ποιή-

394 2773 616 2822 σουσιν,
681 2756 758 2820 ώς
818 2755 1077 2824 χαίροντα
1139 2756 1251 2817 τοῖς
1308 2754 1518 2815 κακοῖς.
1574 2750 1710 2805 Μεθ’
1762 2742 1838 2802 ὧν
1878 2749 1988 2819 γὰρ

392 2846 760 2915 ἀναστρέφειν
794 2844 1002 2908 ποθεῖς,
1041 2843 1136 2897 καὶ
1176 2837 1257 2906 οἷς
1293 2842 1574 2894 πιστεύειν
1637 2839 1988 2908 φιλονεικεῖς,

391 2939 488 2988 καὶ
545 2936 608 2989 σύ
671 2935 800 2998 τοὺς
853 2933 1032 2988 αὐτῶν
1089 2932 1326 3004 τρόπους
1392 2931 1633 3000 εὐλόγως
1689 2929 1987 3000 κεκτῆσθαι

387 3027 589 3092 δόξεις.

810 3117 951 3186 Περὶ
969 3118 1229 3186 μελέτης
1267 3115 1529 3186 ψαρῶν.

475 3211 742 3282 ’ἱστορίας
771 3210 1004 3282 ἀρχαίας
1029 3208 1349 3279 ὲξὲρχεσθαι
1384 3208 1459 3280 μὴ
1495 3207 1751 3262 κατόκνει
1770 3223 1784 3238 ·
1810 3206 1868 3260 ὲν
1891 3205 1989 3260 αύ-

385 3306 514 3366 ταῖς
573 3304 683 3373 γὰρ
733 3302 987 3373 εὑρήσεις
1032 3302 1256 3364 ἀκόπως
1314 3300 1459 3373 ἅπερ
1521 3301 1698 3371 ἕτεροι
1753 3298 1989 3369 συνῆξαν

390 3394 667 3463 ὲγκόπως.
703 3394 816 3448 Καὶ
853 3393 1046 3463 μάθοις
1078 3393 1289 3448 ἐκεῖθεν
1312 3393 1411 3457 τάς
1443 3410 1502 3446 τε
1550 3392 1662 3446 τῶν
1686 3391 1988 3446 σπουδαίων

389 3488 620 3558 ἀρετὰς,
650 3487 747 3540 καλ⁸
779 3487 880 3549 τὰς
908 3486 1016 3538 τῶν
1046 3486 1267 3554 φαύλων
1301 3486 1520 3551 κακίας,
1550 3485 1650 3548 τάς
1668 3502 1730 3538 τε
1752 3483 1846 3539 τοῦ
1871 3484 1986 3553 βίου

393 3579 769 3650 πολυτρόπους
801 3578 1126 3649 μεταϐολὰς,
1163 3580 1258 3631 καὶ
1288 3578 1397 3631 τῶν
1428 3579 1486 3632 ὲν
1545 3576 1696 3648 αὐτῷ
1725 3575 1988 3649 πραγμά-

389 3688 502 3724 των
530 3671 629 3734 τὰς
651 3669 976 3738 ἐναλλαγάς,
1014 3669 1109 3722 καὶ
1129 3670 1226 3723 τοῦ
1264 3669 1473 3740 κόσμου
1503 3669 1566 3723 τὸ
1601 3669 1856 3736 ἄστατον,
1888 3669 1985 3722 καὶ

388 3762 454 3815 τὸ
481 3763 582 3832 τῆς
601 3762 780 3832 ἀρχῆς
813 3762 1254 3831 εὐμετάπτωτον,
1289 3763 1385 3815 καὶ
1419 3762 1604 3827 ἁπλῶς
1637 3763 1833 3826 εἰπεῖν,
1873 3763 1984 3817 τῶν

391 3854 497 3923 μὶν
529 3852 746 3920 φαύλων
775 3851 877 3915 τὰς
905 3852 1164 3924 ἀμοιϐὰς,
1194 3853 1304 3906 τῶν
1324 3851 1381 3904 δὲ
1406 3851 1712 3906 σπουδαίων
1735 3851 1984 3921 πράξεων

387 3946 491 4007 τὰς
521 3944 840 4009 ἀντιδόσεις,
867 3937 942 3997 ὧν
995 3945 1091 4009 τὰς
1125 3946 1224 4016 μὲν
1254 3944 1454 4015 φύγῃς,
1506 3945 1593 3996 ἵνα
1627 3947 1724 4014 τῆς
1771 3943 1983 3996 ἐκεῖθεν

386 4037 551 4106 δίκης
575 4039 771 4106 πεῖραν
802 4036 880 4108 μὴ
899 4037 1090 4108 λάϐῃς,
1119 4037 1216 4100 τὰς
1249 4037 1305 4089 δὲ
1344 4035 1733 4106 κατορθώσεις,
1759 4035 1846 4088 ἵνα
1872 4034 1981 4087 τῶν

388 4127 644 4182 ἐντεῦθεν
669 4129 921 4183 ἐπάθλων
949 4129 1316 4201 καταξιωθῇς.

926 4310 1066 4380 Περὶ
1093 4311 1466 4382 εὐεργεσίας.

456 4401 630 4468 Σοφόν
654 4399 708 4454 τί
735 4417 796 4454 σε
831 4401 1160 4471 νουθετήσω,
1193 4401 1291 4454 καὶ
1325 4400 1492 4472 ἄηθες
1523 4401 1652 4464 ἴσως
1674 4400 1787 4463 τοῖς
1831 4416 1974 4471 συμ-

2098 553 2191 621 qui
2225 553 2475 623 corporis
2507 553 2738 610 formam
2765 571 2874 611 non
2903 556 3160 627 requirit,
3192 556 3289 612 sed
3328 559 3498 612 animi
3525 561 3684 615 nobi-

2099 648 2328 701 litatem.
2397 645 2536 702 lluic
2587 647 2751 717 igitur
2797 649 2852 704 in
2883 650 3142 705 omnibus
3188 650 3406 720 placere
3431 651 3678 713 studeas.

2097 737 2245 791 illius
2298 738 2588 807 imaginem
2655 755 2848 810 puram
2904 741 3393 811 incorruptamque
3419 758 3515 812 per
3549 751 3678 797 tem-

2097 828 2400 899 perantiam
2439 845 2505 885 ac
2560 847 2780 887 morum
2803 833 3100 902 puritatem
3132 832 3186 886 in
3212 841 3266 887 te
3298 833 3420 903 ipso
3454 849 3684 889 conser-

2099 937 2256 977 vans.

2693 1014 2766 1071 De
2797 1017 3084 1070 medicina.

2163 1104 2358 1161 Medici
2407 1106 2563 1161 labor
2619 1105 2802 1164 inanis
2823 1117 2927 1171 est,
2973 1109 3019 1164 si
3047 1123 3169 1179 qua
3193 1109 3260 1163 ab
3290 1123 3357 1163 eo
3389 1108 3683 1163 exhibetur

2091 1196 2360 1252 tnedicina
2395 1213 2596 1268 corpus
2624 1213 2732 1252 non
2758 1206 2950 1252 curat:
2977 1199 3052 1252 ita
3097 1213 3234 1252 vana
3260 1208 3344 1253 est
3373 1198 3682 1267 philosophi

2095 1291 2300 1353 oratio,
2332 1305 2455 1360 quae
2491 1306 2600 1346 non
2631 1299 2810 1361 potest
2841 1292 3006 1345 animi
3038 1292 3553 1360 perturbationibus
3578 1307 3687 1344 mc—

2090 1381 2228 1436 deri.
2271 1381 2426 1436 Sicut
2467 1383 2612 1436 enim
2665 1382 2895 1438 medicis
2927 1383 3208 1452 proprium
3237 1391 3321 1438 est
3349 1383 3418 1437 de
3438 1383 3688 1452 corpori-

2090 1473 2196 1529 bus
2223 1473 2618 1543 philosophari,
2659 1474 2734 1529 ita
2786 1481 2840 1529 et
2889 1474 3256 1544 philosOphos
3341 1488 3572 1528 necesse
3601 1483 3686 1527 est

2089 1567 2258 1621 animi
2294 1567 2503 1622 morbis
2553 1566 2878 1623 medicinam
2935 1565 3137 1623 facere.
3196 1565 3304 1621 Eos
3336 1566 3499 1636 igitur
3529 1581 3685 1621 veros

2089 1659 2334 1715 medicos
2389 1660 2665 1726 existima,
2695 1661 2790 1731 qui
2849 1671 2966 1714 arte
2993 1674 3093 1714 sua
3125 1660 3347 1715 morbos
3370 1675 3400 1714 e
3429 1659 3684 1728 corpori-

2095 1748 2202 1804 bus
2259 1749 2564 1820 expellunt,
2599 1758 2653 1804 et
2690 1749 3045 1819 phil030pbos
3091 1763 3197 1803 non
3240 1751 3398 1804 flctos
3426 1749 3678 1818 quicum-

2088 1857 2196 1911 que
2224 1842 2582 1912 persuasione
2607 1857 2705 1898 sua
2736 1841 3071 1912 cupiditates
3113 1857 3179 1896 ex
3225 1841 3516 1896 hominum
3558 1840 3681 1895 ani-

2087 1934 2193 1988 mis
2244 1934 2504 2000 evellunt,
2563 1936 2610 1989 si
2676 1933 2847 1990 modo
2881 1935 3251 2005 obsequentes
3310 1933 3414 1989 sibi
3449 1933 3678 1988 omnino

2090 2022 2324 2078 habeant
2357 2023 2630 2085 infirmos.

2589 2115 2662 2169 De
2693 2116 3202 2170 calumniatoribus.

2158 2205 2277 2260 Noli
2346 2221 2510 2262 aures
2563 2206 2814 2262 futilibus
2872 2207 3113 2277 praebere
3163 2206 3538 2271 sermonibus,
3589 2214 3684 2260 aut

2091 2297 2534 2352 Calumniatores
2562 2296 2770 2362 fovere,
2799 2308 2896 2352 aut
2932 2298 3202 2368 improbis
3243 2296 3566 2352 hominibus
3600 2306 3682 2351 le-

2089 2400 2236 2439 mere
2282 2385 2530 2442 credere.
2585 2386 2668 2440 Illi
2700 2387 2846 2442 enim
2894 2401 3273 2457 sa‘penumero
3318 2387 3466 2442 viros
3509 2387 3682 2442 bonos

2088 2484 2312 2547 propter
2369 2477 2738 2547 improbitatis
2787 2477 3162 2547 suspicionem
3226 2475 3555 2542 afllixeruut,
3619 2477 3676 2533 hi

2088 2581 2222 2622 vero
2252 2568 2490 2638 propria:
2518 2568 2888 2637 improbitatis
2918 2568 3031 2623 iras
3061 2574 3378 2622 evomentes
3402 2567 3666 2626 innocen-

2095 2656 2169 2710 tis
2197 2658 2486 2726 sanguinis
2518 2672 2671 2711 reum
2734 2665 2788 2713 te
2824 2659 3188 2722 constituent,
3228 2665 3321 2710 aut
3353 2665 3670 2726 suspectum

2096 2745 2327 2801 reddent
2363 2750 2520 2816 quasi
2560 2747 2936 2817 improborum
2970 2746 3373 2802 consuetudine
3415 2748 3675 2817 gaudeas.

2091 2840 2439 2907 Quibuscum
2471 2843 2618 2897 enim
2663 2858 2817 2897 amas
2863 2857 3246 2906 consuescere,
3280 2850 3333 2896 et
3376 2841 3576 2910 quibus
3614 2840 3680 2892 fio

2093 2929 2216 2985 dem
2250 2930 2450 2986 habere
2482 2933 2650 2997 soles,
2683 2947 2792 2986 non
2823 2932 3104 2988 immerito
3133 2946 3324 2988 eorum
3365 2945 3548 2986 mores
3593 2930 3679 2982 in~

2092 3021 2277 3078 duisse
2316 3021 2676 3093 judicaberis.

2466 3115 2541 3171 De
2572 3117 2754 3173 studio
2789 3117 2993 3188 legendi
3014 3118 3290 3174 historias.

2169 3208 2444 3266 Historias
2466 3218 2708 3265 veterum
2737 3211 2989 3266 evolvere
3014 3228 3083 3266 nc
3109 3221 3160 3266 te
3194 3211 3373 3280 pigeat
3401 3225 3415 3262 :
3441 3208 3513 3264 ibi
3530 3208 3676 3264 enim

2096 3306 2220 3363 sine
2281 3303 2469 3358 labore
2499 3303 2742 3372 reperies
2781 3319 2904 3373 quae
2937 3304 3028 3358 alii
3077 3319 3277 3372 magno
3323 3318 3448 3357 cum
3489 3301 3679 3357 labore

2095 3397 2515 3461 congesserunt.
2571 3391 2750 3461 Atque
2817 3391 2943 3446 inde
2999 3392 3272 3446 bonorum
3317 3390 3574 3450 virtutes,
3618 3398 3674 3444 ct

2094 3483 2471 3554 improborum
2493 3482 2626 3537 vitia
2650 3497 2976 3553 cognosces,
3000 3493 3054 3537 et
3082 3483 3262 3537 varias
3283 3482 3536 3536 humana!
3557 3482 3678 3535 vita:

2093 3577 2448 3643 mutationes,
2486 3585 2542 3632 et
2567 3591 2751 3631 rerum
2780 3591 2901 3646 qua:
2933 3576 2984 3631 iu
3025 3576 3140 3645 ipsa
3198 3575 3331 3629 fiuut
3389 3575 3676 3629 vicissitu-

2093 3669 2274 3732 dines,
2306 3683 2430 3723 cum
2465 3682 2646 3722 rerum
2679 3669 3043 3722 humanarqu
3083 3667 3528 3729 instabilitatem,
3558 3676 3671 3718 tum

2093 3758 2306 3829 imperii
2347 3758 2416 3813 ad
2455 3758 2762 3813 cadendum
2797 3759 3234 3829 proclivitatem,
3275 3766 3436 3827 atque
3472 3766 3531 3811 ut
3565 3772 3676 3811 uno

2092 3849 2262 3904 verbo
2278 3849 2477 3914 dicam,
2498 3849 2888 3904 maleficiorum
2921 3848 3141 3919 quidem
3168 3863 3378 3918 ptenas,
3407 3849 3671 3901 virtutum

2089 3955 2222 3996 vero
2257 3939 2479 4010 praemia
2518 3941 2703 4010 leges;
2731 3956 2964 4011 quorum
2999 3941 3089 3994 illa
3126 3941 3346 4010 quidem
3368 3938 3661 4005 devitabis,

2090 4049 2160 4090 ne
2212 4033 2460 4099 ultionis,
2501 4049 2624 4104 quae
2656 4035 2749 4088 illa
2786 4036 3159 4104 persequitur,
3193 4034 3542 4089 severitatem
3577 4049 3676 4105 pa-

2089 4125 2280 4190 tiaris;
2314 4125 2450 4179 istas
2480 4141 2610 4180 vero
2637 4125 2987 4195 amplecteris
3021 4133 3080 4180 ut
3113 4125 3297 4181 debita
3315 4124 3424 4180 illis
3447 4125 3672 4195 praemia

2091 4216 2352 4288 consequi
2386 4217 2670 4274 merearis.

2657 4311 2734 4366 De
2762 4311 3120 4381 beneﬁcentia.

2162 4401 2426 4472 Regulam
2465 4403 2563 4458 tibi
2601 4404 2928 4474 sapientem,
2965 4404 3092 4460 licet
3143 4403 3211 4460 ab
3239 4420 3342 4460 usu
3375 4405 3676 4460 consulen-

393 4492 732 4558 ϐουλεύουσι,
765 4492 903 4564 πλὴν
935 4493 1029 4547 καὶ
1061 4493 1268 4564 πατρὸς
1305 4492 1399 4545 καὶ
1433 4493 1665 4563 στοργῆς
1689 4493 1790 4547 οὐκ
1850 4493 1980 4547 ἀνάο

2091 4493 2223 4548 tium
2257 4494 2512 4551 fortassis
2560 4495 2819 4558 alienam,
2861 4495 2958 4560 fili,
2988 4511 3278 4566 suggeram
3329 4503 3556 4566 paterno
3595 4505 3676 4549 ta-

393 4583 530 4647 ξιον.
564 4585 782 4639 Μᾶλλον
839 4584 1128 4656 ἀποδέχου,
1160 4584 1372 4650 τέκνον,
1402 4585 1528 4648 τοὺς
1559 4584 1713 4656 παρὰ
1744 4583 1839 4638 σοῦ
1876 4584 1982 4638 δω-

393 4675 525 4745 ρεάς
564 4675 948 4740 ἐξαιτοῦντας,
989 4677 1022 4747 ἢ
1065 4677 1195 4740 τούς
1239 4675 1388 4747 δῶρά
1435 4693 1518 4729 σοι
1574 4675 1983 4747 φιλοτιμότερον

391 4769 884 4839 προσκομίζοντας.
902 4770 1041 4834 Τούς
1068 4770 1169 4840 μὲν
1191 4769 1298 4840 γὰρ
1319 4769 1602 4840 χρεώστας
1619 4770 1983 4840 καταστήσεις

387 4860 720 4928 εὐχομένους
757 4878 838 4914 σοι
868 4860 939 4914 τά
966 4860 1149 4928 ἀγαθά
1179 4860 1332 4931 παρά
1365 4859 1460 4914 τοῦ
1487 4859 1656 4913 Θεοῦ·
1688 4859 1984 4914 κάντεῦθεν

389 4952 488 5002 καὶ
520 4951 682 5003 αὐτον
713 4951 802 5003 τὸν
834 4951 966 5005 Θεὸν
997 4951 1284 5022 ὀφειλέτην
1322 4953 1592 5017 ποιήσεις,
1623 4950 1720 5014 τὰς
1749 4949 1984 5020 ἀμοιϐάς

388 5057 475 5094 σοι
507 5043 855 5115 χρεωστικῶς
882 5045 1229 5114 ἀπονέμοντα
1252 5062 1263 5074 ·
1287 5044 1396 5097 τῶν
1415 5043 1472 5098 δὲ
1495 5042 1782 5114 χρεώστης
1813 5042 1987 5112 ὐπάρ.

389 5136 528 5201 ξεις,
561 5135 654 5186 καὶ
680 5133 755 5196 ώς
789 5134 1086 5205 εὐεργέτας
1117 5133 1301 5198 αἰδοῦς
1331 5134 1687 5205 ἀνελευθέρου
1709 5133 1982 5200 καταξιώ-

390 5242 529 5288 σεις.
565 5224 751 5288 Θέλοις
780 5225 874 5280 οῦν
895 5226 1206 5296 εὐεργετεῖν
1232 5227 1331 5296 μὲν
1351 5226 1600 5289 ἅπαντας
1632 5225 1978 5297 ἀνθρώπους,

388 5317 796 5388 εὐεργετείσθαι
823 5316 880 5369 δὲ
913 5317 1043 5388 παρ’
1075 5317 1292 5381 οὐδενὸς
1323 5317 1430 5372 τῶν
1479 5317 1808 5388 ἀνθρώπων,
1860 5317 1984 5370 ἀλλ’

388 5407 422 5475 ἦ
460 5409 614 5475 παρά
646 5407 812 5476 μόνου
831 5407 998 5460 Θεοῦ·
1017 5409 1175 5462 τοῦτο
1205 5407 1313 5478 γὰρ
1342 5409 1514 5472 ὅντως
1548 5408 1804 5479 ἁρμόδιον
1826 5408 1981 5462 ἐλευ-

389 5493 534 5566 θέρῳ
569 5495 660 5549 καὶ
690 5495 886 5566 ἀληθεῖ
909 5496 1164 5566 τυγχάνει
1202 5497 1429 5566 βασιλεῖ.
1477 5497 1587 5552 Καὶ
1614 5500 1724 5562 τοῖς
1755 5497 1856 5566 μὲν
1888 5498 1979 5550 al-

387 5584 542 5638 τοῦσι
571 5587 737 5654 δίδου,
796 5587 894 5642 καὶ
944 5589 1141 5660 στέργε
1174 5589 1433 5653 τούτους·
1467 5591 1592 5653 τοὺς
1625 5591 1682 5643 δὲ
1734 5591 1975 5653 διδόντας

390 5673 550 5747 ἦττον
583 5680 875 5750 ἀποδέχου.
897 5681 1122 5744 Τούτοις
1149 5681 1247 5751 μὲν
1276 5682 1384 5755 γὰρ
1413 5683 1534 5744 ὅλος
1558 5682 1587 5734 ό
1623 5682 1823 5745 σκοπὸς
1875 5684 1974 5753 τὴν

389 5771 546 5842 χάριν
582 5771 928 5828 ἀντιλαϐεῖν
993 5773 1222 5836 ἐκείνοις
1279 5773 1334 5827 δὲ
1367 5773 1554 5827 ἀπασα
1607 5775 1813 5847 σπουδὴ
1871 5779 1970 5847 τὴν

2089 4601 2211 4642 men
2244 4602 2429 4642 amore
2459 4603 2569 4642 non
2603 4587 2882 4657 indignam
2903 4627 2916 4640 .
2954 4587 3061 4644 Eos
3093 4587 3358 4658 approba,
3414 4587 3513 4653 illi,
3569 4602 3670 4656 po-

2088 4677 2223 4742 tius,
2259 4676 2353 4746 qui
2387 4691 2416 4729 a
2457 4685 2511 4732 te
2541 4692 2771 4732 munera
2806 4678 3190 4747 postulabunt,
3225 4691 3386 4746 quam
3422 4675 3515 4747 qui
3551 4689 3673 4728 aln-

2088 4767 2286 4824 bitiose
2313 4783 2412 4823 sua
2439 4768 2534 4823 tibi
2564 4768 2709 4824 dona
2737 4768 3054 4823 obtrudeut.
3093 4766 3218 4823 Illos
3261 4767 3406 4822 enim
3457 4767 3673 4821 obaera-

2090 4869 2176 4914 tos
2217 4858 2312 4914 tibi
2337 4860 2658 4923 constitues,
2692 4859 2784 4928 qui
2821 4859 2969 4914 tibia
3010 4859 3121 4913 Deo
3171 4859 3312 4914 bona
3365 4857 3672 4929 precabun-

2090 4959 2200 5017 tur,
2234 4960 2290 5008 et
2337 4951 2516 5023 ipsum
2584 4952 2749 5006 etiam
2802 4951 2972 5006 Deum
3005 4951 3310 5007 debitorem
3351 4949 3542 5016 facies,
3580 4948 3673 5016 qui

2089 5043 2501 5100 benefactorum
2568 5046 3069 5100 remunerationem
3152 5043 3452 5114 persolvet,
3515 5041 3672 5112 quasi

2090 5135 2370 5205 obligatus
2405 5154 2420 5189 :
2454 5135 2579 5191 istis
2604 5143 2788 5189 autem
2846 5135 3062 5190 debitor
3093 5137 3210 5203 ipse
3243 5132 3594 5202 obligaberis,
3623 5142 3678 5186 et

2087 5229 2247 5299 quasi
2265 5227 2644 5284 benefactores
2676 5229 2980 5283 reverentia
3010 5230 3245 5298 quadam
3271 5226 3519 5281 illiberali
3551 5239 3678 5294 pro-

2089 5321 2359 5391 sequeris.
2408 5321 2560 5377 Velis
2598 5337 2729 5392 ergo
2778 5323 2961 5390 potius
2992 5336 3184 5374 omnes
3237 5317 3492 5373 homines
3524 5317 3669 5370 obli-

2088 5425 2218 5479 gare
2263 5411 2360 5465 tibi
2397 5411 2704 5474 beneflciis,
2756 5412 2872 5479 ipse
2917 5418 3102 5464 autem
3167 5407 3368 5462 ncmiui
3437 5405 3674 5474 obligari

2090 5501 2194 5556 nisi
2237 5501 2330 5555 uni
2389 5510 2444 5556 et
2485 5503 2588 5556 soli
2641 5501 2769 5556 Deo.
2813 5502 2926 5556 lloc
2971 5502 3118 5555 enim
3186 5498 3432 5570 profecto
3487 5500 3666 5569 magis

2085 5609 2387 5664 congruum
2434 5602 2518 5649 est
2572 5611 2839 5664 generoso
2885 5603 2937 5650 et
2975 5596 3263 5664 magnifico
3321 5593 3665 5662 imperatori.

2087 5683 2310 5756 Largirc
2333 5686 2498 5754 igitur
2521 5685 2856 5757 petentibus,
2890 5695 3054 5755 atque
3083 5686 3220 5740 istos
3259 5687 3623 5754 complectere
3655 5701 3669 5736 :

2085 5791 2180 5832 cos
2251 5785 2432 5833 autem
2484 5779 2575 5849 qui
2644 5777 2742 5832 tibi
2792 5777 3022 5832 oll'crcnt
3056 5777 3228 5847 magis
3270 5775 3531 5846 rcproba.
3597 5772 3673 5828 lis
