4104 6442
460 341 510 379 ιρι
1793 328 2365 390 PROLEGOMENA.
3610 340 3681 380 ut

462 438 607 491 enim
645 438 746 493 hoc
774 440 1106 508 propositum
1134 450 1237 502 est,
1267 448 1323 493 ut
1354 455 1382 492 a
1407 449 1457 493 te
1487 456 1708 494 munera.
1743 440 2014 501 auferant,
2047 491 2053 503 Α

2157 437 2279 506 ἀριν
2320 437 2728 500 άνταποδοῦναι,
2760 439 2807 491 εἰ
2862 440 2962 507 μὲν
3015 440 3247 510 ἔχουσιν,
3305 442 3680 511 ἀνθρωπίνην,

466 530 574 583 illis
603 540 780 583 autem
817 546 977 582 (unite
1008 532 1241 583 studium
1273 534 1394 591 erit,
1419 538 1476 583 ut
1499 532 1722 597 gratiam
1752 529 1844 581 tibi
1889 528 2034 581 refe-

2141 528 2190 578 εἰ
2225 527 2279 579 δὲ
2310 527 2383 594 μὴ
2416 526 2617 595 ἔχουσι,
2654 528 3057 583 πολλαπλασίαν
3092 534 3240 602 παρὰ
3277 534 3372 587 τοῦ
3401 534 3557 588 Θεοῦ.

469 630 613 679 rant.
654 622 968 676 humanitus
1024 622 1241 688 quidem
1292 622 1337 676 si
1377 620 1637 676 solvendo
1667 628 1869 683 erunt;
1910 619 1995 672 sin
2037 620 2240 683 secus,:
2273 619 2626 687 nmltiplicrm
2676 636 2705 673 a
2744 622 2852 674 Deo
2888 622 2985 675 tibi
3028 625 3277 691 precibus
3310 625 3679 695 impetrantes-

1032 739 1102 791 De
1136 739 1425 792 nobilitate.

542 830 819 883 Summam
869 831 1121 893 iniuriam
1180 830 1427 898 corporis
1487 830 1754 883 nobilitati
1793 830 1922 884 facit
1969 831 2016 885 is

471 923 561 989 qui
592 922 755 975 animi
787 923 1121 976 nobilitatem
1183 926 1423 993 negligit.
1454 925 1532 977 Tu
1552 942 1682 996 ergo
1712 929 1872 997 regiae
1900 943 2021 982 cor-

475 1013 619 1079 poris
652 1011 921 1065 nobilitati
953 1028 1113 1081 quam
1149 1014 1313 1069 habes
1353 1014 1435 1069 fac
1467 1024 1522 1069 nt
1562 1019 1727 1072 animi
1760 1020 2019 1072 nobilita-

472 1109 602 1163 tem,
634 1116 753 1169 qua:
783 1117 990 1155 summa
1019 1112 1125 1168 est,
1159 1106 1453 1176 adjungas;
1490 1110 1578 1163 illa
1608 1110 1751 1163 enim
1778 1127 1806 1163 a
1832 1121 2023 1164 natura

473 1200 527 1242 et
563 1192 685 1245 sine
718 1193 943 1260 praemio
975 1194 1226 1250 habetur.
1269 1198 1383 1251 haec
1409 1214 1536 1253 vero
1582 1215 1611 1253 a
1643 1201 1942 1266 voluntate,
1974 1209 2028 1256 et

475 1281 773 1335 mercedem
802 1282 1145 1350 conjunctam
1170 1285 1348 1340 habet.
1380 1286 1590 1341 llonora
1616 1304 1743 1358 ergo
1764 1297 1819 1345 et
1845 1291 2029 1355 lauda,

2666 739 2798 805 Περὶ
2825 742 3147 807 εὐγενείας.

2207 831 2447 898 ’Υϐρίζει
2478 830 2572 899 τὴν
2611 831 2701 883 τοῦ
2733 831 2979 898 σώματος
3021 833 3296 900 εὐγένειαν
3352 835 3611 903 ἐσχάτως,
3659 838 3689 890 δ

2129 920 2223 990 τὴν
2243 922 2342 988 τῆς
2374 921 2549 989 ψυχῆς
2582 921 2858 988 εὐγένειαν
2891 921 2966 991 μὴ
3012 924 3367 992 κεκτημένος.
3399 926 3509 980 Καὶ
3529 928 3689 990 αὐτὲις

2128 1007 2222 1064 οὖν
2254 1012 2349 1064 σὺν
2379 1013 2444 1080 τῇ
2478 1011 2571 1063 τοῦ
2610 1011 2859 1079 σώματος
2896 1013 3144 1083 βασιλικῇ
3174 1015 3441 1085 εὐγενείᾳ,
3489 1018 3689 1085 κτῆσαι

2132 1104 2226 1155 καὶ
2255 1103 2353 1162 τὴν
2414 1104 2510 1170 τῆς
2544 1100 2723 1170 ψυχῆς
2788 1103 3090 1171 ἀκροτάτην
3138 1105 3450 1170 εὐγένειαν’
3511 1108 3691 1176 ἐκείνη

2135 1192 2232 1259 μὲν
2247 1191 2353 1260 γάρ
2388 1192 2500 1244 ἐστι
2532 1190 2731 1262 φυσικὴ
2767 1195 2858 1245 καὶ
2886 1193 3133 1261 ἄμισθος.
3175 1194 3314 1268 αὕτη
3345 1197 3399 1249 δὲ
3433 1214 3693 1266 προαιρε-

2135 1282 2262 1351 τικὴ
2345 1282 2437 1335 καὶ
2496 1281 2781 1351 ἔμμισθος.
2834 1285 2941 1338 Καὶ
2996 1285 3129 1354 τίμα
3198 1287 3296 1355 μὲν
3349 1288 3442 1342 καὶ
3499 1288 3695 1343 ἀποδέ-

477 1386 585 1424 ηοη
616 1386 733 1431 eos.
766 1372 862 1440 qui
894 1388 1123 1442 corpore
1155 1385 1283 1427 sunt
1334 1378 1565 1441 nobiles,
1592 1374 1700 1433 sed'
1725 1381 1905 1448 potius
1936 1396 2031 1435 eos

2156 1386 2224 1438 [ου
2255 1369 2327 1438 μὴ
2361 1372 2485 1433 τοὺς
2537 1371 2775 1437 εὐγενεῖς
2803 1371 2879 1442 τῷ
2914 1372 3144 1441 σώματι,
3183 1374 3317 1427 ἀλλὰ
3372 1375 3498 1435 τοὺς
3534 1392 3697 1443 κεχα-

475 1462 569 1529 qui
608 1470 735 1515 sunt
787 1464 967 1516 animo
1015 1464 1179 1519 variis
1232 1467 1526 1521 virtutibus
1578 1480 1790 1524 ornato.
1843 1469 2031 1538 Neque

479 1554 628 1605 enim
689 1552 851 1606 debet
912 1554 1072 1607 homo
1116 1555 1232 1609 sola
1262 1558 1512 1625 corporis
1545 1561 1848 1625 nobilitate,
1890 1561 2034 1615 sicut

480 1650 675 1694 caetera
707 1642 980 1703 animalia,
1003 1659 1125 1697 esse
1154 1652 1465 1699 contentus.
1513 1646 1643 1700 Nam
1677 1649 1800 1716 equi
1836 1648 2036 1703 nobilio

2139 1460 2421 1526 ρισμὲνους
2472 1459 2548 1527 τῷ
2602 1462 2889 1529 πνεύματι.
2929 1461 3006 1515 Οὐ
3064 1463 3172 1533 γὰρ
3217 1465 3416 1534 ὁμοίως
3474 1469 3582 1528 τοῖς
3611 1468 3700 1520 ἅλ’

2138 1549 2248 1611 λοις
2271 1549 2429 1614 ζώοις
2483 1552 2575 1604 καὶ
2618 1552 2647 1603 ὁ
2690 1552 2974 1622 ἄνθρωπος
3042 1554 3245 1623 ὀφείλει
3303 1558 3513 1626 γυμνὴν
3554 1557 3700 1625 ἔχειν

2138 1640 2236 1708 τὴν
2264 1641 2356 1692 τοῦ
2388 1642 2637 1710 σώματος
2665 1643 3167 1712 εὐγένεισ.ν.⁶’ῐππου
3196 1646 3294 1715 μὲν
3321 1647 3428 1715 γὰρ
3457 1648 3701 1715 εὐγένεια

482 1739 568 1784 tas
594 1740 678 1785 est
707 1739 766 1785 ut
819 1734 890 1785 sit
921 1732 1068 1787 ferox
1117 1743 1277 1804 atque
1327 1735 1643 1802 interritus;
1676 1738 1830 1793 canis
1857 1747 1915 1791 ut
1964 1740 2043 1792 Ia-

2156 1730 2199 1781 τὺ
2226 1729 2454 1799 σοϐαρόν
2482 1748 2539 1783 τε
2573 1733 2667 1784 καὶ
2718 1734 2977 1794 εὐσταθὲς
2997 1751 3013 1766 ·
3047 1735 3200 1797 κυνὸς
3235 1736 3291 1789 δὲ
3324 1735 3384 1788 τὸ
3412 1736 3702 1788 ὑλακτικὸν

483 1825 658 1871 trator
692 1832 817 1872 acer
848 1820 901 1873 in
928 1822 1318 1891 persequendis
1349 1822 1505 1889 feris,
1525 1832 1579 1878 et
1599 1825 1664 1879 de
1690 1827 1903 1882 caeteris
1924 1828 2042 1881 ani-

488 1912 763 1966 mantibus
794 1912 1045 1969 similiter
1082 1935 1097 1971 :
1133 1916 1367 1971 hominis
1396 1932 1548 1982 vero,
1582 1926 1639 1971 ut
1669 1919 1908 1973 animum
1946 1919 2043 1972 ha-

489 2003 610 2055 beat
663 2003 809 2056 omni
840 2004 1098 2058 virtutum
1153 2022 1350 2074 genere
1377 2017 1720 2065 exornatum.
1779 2007 2044 2077 Corporis

488 2101 714 2147 ornatus
772 2102 857 2148 est
887 2095 1081 2161 forma,
1144 2106 1197 2150 et
1249 2098 1436 2162 robur,
1469 2109 1522 2152 et
1572 2099 1711 2151 bona
1748 2098 2041 2153 valetudo:

488 2182 653 2236 animi
709 2193 890 2239 autem
926 2188 1266 2255 generositas
1338 2189 1391 2241 in
1443 2189 1625 2243 verbis
1669 2189 2045 2259 moribusque,

490 2287 553 2326 ac
584 2272 843 2328 virtutum
871 2276 1113 2329 omnium
1146 2275 1477 2345 perfectione
1505 2278 1773 2333 consistit.

1082 2384 1158 2437 De
1188 2387 1460 2451 patientia.

564 2472 849 2543 Nunquam
876 2475 928 2527 in
957 2490 1015 2530 re
1042 2476 1174 2538 ulla,
1211 2477 1279 2527 mi
1313 2475 1406 2538 fili,
1436 2478 1695 2527 adversus
1722 2473 1885 2526 Deum
1944 2475 2051 2527 ira-

496 2568 672 2622 scaris
704 2585 717 2620 :
753 2568 801 2620 id
836 2570 977 2621 enim
1005 2583 1373 2637 saapenumcro
1410 2567 1574 2620 animi
1605 2567 1818 2621 exilitas
1842 2564 2054 2620 efﬁcere

493 2656 642 2710 solet
682 2672 697 2708 :
750 2656 843 2709 sed
892 2673 1049 2726 aequo
1100 2659 1281 2711 animo
1312 2673 1472 2714 casus
1496 2672 1684 2712 omnes
1707 2655 1966 2724 perferto,
2000 2662 2055 2711 et

500 2746 621 2799 sine
656 2748 1005 2802 cunctatione
1057 2750 1164 2801 ulla
1215 2749 1593 2817 oblempcrato
1656 2746 1907 2803 omnibus
1937 2760 2057 2815 qua:

503 2835 603 2889 tibi
649 2836 790 2892 Deus
837 2838 1121 2908 obtingere
1164 2841 1427 2905 voluerit;
1475 2841 1519 2895 si
1558 2840 1813 2909 gaudere,
1848 2840 2056 2908 gaude;

503 2927 549 2980 si
580 2940 841 2990 maerere,
888 2942 1085 2991 iuuare;
1122 2930 1167 2984 si
1198 2930 1431 2985 secunda
1469 2932 1545 2984 uti
1588 2930 1825 2993 fortuna,
1857 2938 2010 2983 utere
2039 2945 2057 2983 :

505 3016 550 3069 si
596 3016 851 3082 adversa,
905 3031 1102 3087 patere.
1166 3020 1431 3075 Omnibus
1480 3021 1632 3083 cede,
1676 3021 1935 3075 omnibus
1961 3034 2056 3074 ac-

504 3106 725 3173 quiesce
766 3125 779 3160 :
817 3122 843 3159 a
891 3119 1110 3177 peccato
1153 3108 1418 3165 duntaxat
1476 3114 1691 3167 abstine
1745 3112 1885 3166 :boc
1909 3112 2053 3167 enim

508 3214 673 3253 unum
730 3208 816 3254 est
874 3201 1019 3269 quod
1073 3218 1348 3273 nunquam
1402 3214 1453 3259 te
1481 3204 2051 3273 admittereoportet:

507 3292 762 3360 quoniam
799 3306 865 3345 ex
917 3293 1028 3347 Deo
1054 3309 1159 3347 non
1188 3306 1293 3363 est,
1324 3296 1434 3350 imo
1466 3312 1533 3351 ex
1586 3296 2057 3351 inconsiderantia

512 3380 631 3434 fere
666 3379 813 3434 nasci
837 3381 994 3435 solet.
1032 3382 1217 3453 Neque
1240 3400 1370 3452 ergo
1398 3386 1656 3441 secundis
1696 3389 1859 3442 rebus
1885 3386 2059 3440 extol-

512 3472 642 3534 lere,
696 3488 868 3542 neque
913 3475 1155 3531 adversis
1188 3478 1505 3548 deprimere.
1547 3480 1603 3533 Si
1636 3480 1779 3533 enim
1814 3482 1868 3532 in
1914 3478 2061 3533 omni

515 3577 699 3616 rerum
734 3564 1029 3621 acerbitate
1050 3565 1262 3623 fortiter
1294 3568 1515 3623 ferenda
1549 3571 1713 3624 animi
1757 3571 2064 3640 aequitatem

512 3653 844 3720 ostenderis,
906 3658 1179 3725 patientia:
1239 3663 1538 3716 mercedem
1592 3677 1620 3715 a
1652 3661 1760 3717 Deo
1805 3661 1945 3717 feres
1977 3679 1990 3715 :
2020 3660 2065 3717 si

516 3759 647 3798 vero
678 3758 912 3800 interere
966 3757 1019 3801 te
1061 3750 1357 3807 conﬁciens
1395 3752 1485 3805 Dei
1522 3752 1752 3807 consilio
1781 3766 1844 3807 ac
1873 3753 2067 3806 volun-

516 3836 612 3888 tati
668 3836 736 3890 de
816 3846 869 3893 te
927 3852 1226 3906 repugnare
1291 3838 1547 3901 volueris,
1624 3839 1821 3893 invitus
1891 3847 2067 3891 tamen

2140 1836 2198 1871 τε
2233 1820 2325 1872 καὶ
2373 1822 2745 1888 κυνηγετικὸν,
2780 1823 2875 1876 καὶ
2910 1823 3019 1877 τῶν
3051 1825 3226 1878 ἄλλων
3274 1824 3430 1888 ζώων
3467 1825 3663 1895 ὁμοίως
3685 1841 3699 1855 ·

2143 1908 2430 1981 ἀνθρώπου
2470 1912 2551 1973 δὲ,
2579 1912 2641 1964 τὸ
2669 1914 2770 1983 τὴν
2822 1914 2998 1983 ψυχὴν
3035 1914 3179 1983 ἔχειν
3226 1916 3503 1979 παντοίαις
3546 1934 3704 1969 κεκο-

2144 2001 2430 2071 σμημένην
2459 2003 2702 2072 ἀρεταῖς.
2744 2004 2863 2056 Τῶν
2897 2004 2995 2072 μὲν
3023 2006 3130 2074 γὰρ
3148 2006 3409 2075 σωμάτων
3428 2006 3455 2057 ὀ
3483 2007 3704 2075 κόσμος,

2146 2089 2338 2151 κάλλος
2370 2091 2462 2142 καὶ⁵
2512 2090 2668 2161 ῥώμη
2696 2091 2789 2143 καὶ
2844 2092 3061 2155 εὐεξία·
3095 2094 3202 2145 τῶν
3248 2094 3306 2146 δὲ
3362 2093 3566 2162 ψυχῶν,
3620 2094 3706 2146 λό-

2146 2195 2238 2246 γος
2272 2180 2368 2232 καὶ
2390 2181 2593 2249 τρόπος
2620 2180 2845 2248 ἀγαθὸς,
2898 2182 2992 2234 καὶ
3021 2181 3129 2236 τῶν
3156 2184 3364 2253 ἀρετῶν
3415 2186 3447 2255 ἡ
3491 2184 3707 2237 τελειω-

2148 2286 2253 2332 σις.

2682 2384 2815 2452 Περὶ
2850 2387 3175 2454 ὑπομονῆς.

2158 2546 2161 2549 _
2222 2475 2507 2541 Μηδέποτε
2540 2476 2674 2545 πρὸς
2694 2476 2824 2528 Θεὸν
2845 2476 3249 2547 ἀγανακτήσῃς,
3282 2478 3488 2543 τέκνον,
3542 2479 3601 2532 ἐν
3621 2480 3708 2533 οὐ·

2152 2565 2293 2617 δενί⁶
2338 2565 2495 2618 τοῦτο
2544 2566 2653 2636 γὰρ
2679 2565 2935 2629 πολλάκις
2960 2563 3099 2620 οἶδεν
3129 2569 3162 2637 ἡ
3202 2569 3534 2639 μικροψυχία
3585 2586 3707 2640 γεν-

2154 2659 2250 2728 νᾷν
2271 2672 2284 2687 ⁸
2311 2659 2427 2711 ἀλλ’
2444 2659 2774 2729 εὐχαρίστως
2798 2659 3012 2714 ἅπαντα
3031 2661 3187 2731 δέχου
3206 2661 3273 2713 τά
3297 2662 3710 2731 περιπίπτοντα,

2156 2750 2251 2802 καὶ
2283 2751 2445 2801 πᾶσιν
2477 2749 2608 2802 ἕπου
2656 2748 3060 2815 ἀνενδοιάστως,
3110 2746 3193 2812 οἷς
3222 2751 3289 2804 ἂν
3351 2752 3474 2822 θέλῃ
3528 2754 3556 2806 ὁ
3583 2753 3713 2815 Θεὸς

2156 2839 2409 2909 γενέσθαι
2459 2839 2587 2911 περὶ
2625 2846 2716 2895 σέο
2747 2838 2812 2895 ἂν
2842 2841 3071 2912 χαίρειν,
3108 2844 3261 2912 χαῖρε
3286 2858 3301 2875 ο
3338 2841 3403 2897 ἂν
3433 2843 3714 2898 λυπεῖσθαι

2158 2931 2365 2986 λυποῦ·
2408 2930 2474 2984 ἂν
2524 2931 2836 3001 εὐημερεῖν,
2869 2932 3162 3003 εὐημέρει’
3206 2934 3273 2987 ἂν
3311 2932 3472 2987 πάλιν
3522 2932 3715 2987 δυστυ-

2162 3024 2297 3092 χεῖν,
2341 3020 2611 3089 δυστύχει.
2660 3021 2829 3073 Πᾶσιν
2857 3016 2992 3084 εἷκε,
3038 3023 3202 3074 πᾶσιν
3238 3023 3507 3093 ὀιρέσκου⁸
3552 3022 3718 3093 μόνης

2159 3107 2214 3160 δὲ
2245 3106 2346 3174 τῆς
2371 3107 2643 3175 ἁμαρτίας
2673 3108 2986 3177 μακρύνουο
3032 3111 3236 3180 ταύτην
3287 3111 3394 3179 γάρ
3442 3127 3501 3164 σε
3553 3112 3721 3180 μόνην

2158 3197 2541 3268 καταδέχεσθαι
2557 3199 2618 3250 οὐ
2638 3200 2763 3270 χρή·
2777 3199 2897 3253 οὐδὲ
2914 3200 2985 3267 γά
2992 3218 3024 3270 ρ
3046 3202 3111 3254 ὲκ
3125 3200 3282 3268 Θεοῦ,
3299 3201 3415 3255 ἀλλ’
3439 3202 3499 3267 ἐξ
3514 3205 3721 3272 ἀπροσ-

2159 3289 2308 3352 εξίας
2350 3289 2689 3357 ἐπιγίνεσθαι
2735 3288 2914 3343 εἴωθε.
2948 3291 3099 3359 Μήτι
3128 3286 3221 3344 οὖν
3267 3292 3507 3361 εὐτυχῶν
3551 3295 3722 3361 ἐπαρ-

2160 3378 2281 3447 θῇς,
2312 3380 2446 3449 μήτε
2480 3380 2609 3448 γοῦν
2641 3380 2915 3449 δυστυχῶν
2942 3381 3348 3454 ὑπεραλγήσῃς.
3379 3381 3443 3435 El
3494 3383 3592 3452 μὶν
3618 3383 3724 3452 γάρ

2167 3468 2534 3539 μακροθύμως
2589 3471 2768 3537 φέρων
2808 3470 2902 3522 ἐπὶ
2950 3473 3115 3524 πᾶσιν
3155 3472 3566 3541 εὐχαριστήσεις
3614 3476 3725 3536 τοῖς

2164 3562 2426 3631 ἀνιαροῖς,
2456 3562 2658 3615 καὶτὸν
2678 3562 2778 3631 τῆς
2808 3562 3080 3632 ὑπομονῆς
3103 3560 3322 3624 πάντως
3356 3563 3606 3635 ἀπολήψῃ
3636 3581 3725 3633 μισ

2169 3650 2329 3703 σθόνο
2362 3652 2410 3703 εί
2439 3650 2497 3703 δὲ
2528 3650 2753 3703 σεαυτὸν
2779 3648 3014 3720 τρύχων,
3068 3652 3367 3723 ἐναντιώσῃ
3404 3654 3469 3721 τῇ
3503 3653 3629 3719 περ)⁸
3668 3652 3727 3704 σὲ

2166 3741 2262 3793 τοῦ
2315 3740 2449 3793 Θεοῦ
2482 3740 2781 3810 οἰκονομίᾳ,
2818 3741 2914 3792 καὶ
2956 3740 3104 3793 ἄκων
3132 3740 3345 3803 πάθοις,
3390 3743 3455 3810 τῇ
3509 3741 3733 3811 προνοίᾳ

2171 3830 2488 3900 φερόμενος,
2527 3832 2622 3883 καὶ
2682 3830 2832 3883 οὐδὲν
2891 3829 2991 3898 μὲν
3042 3832 3483 3901 προσωφελήσεις
3515 3832 3731 3894 σαυτὸν,

516 3924 762 3990 patieris,
814 3942 934 3995 quae
980 3927 1071 3979 Dei
1112 3926 1448 3994 providentia
1501 3927 1569 3980 de
1612 3936 1663 3981 te
1703 3926 1983 3991 statuerit,
2018 3938 2053 3979 et

2176 3921 2373 3989 μᾶλλον
2399 3922 2456 3974 δὲ
2485 3921 2576 3975 καὶ
2604 3921 2693 3974 τὸν
2714 3921 2813 3990 τῆς
2847 3918 3123 3988 ὑπομονῆς
3170 3920 3597 3990 προσαπολέσεις
3647 3937 3737 3989 μι-

517 4016 791 4083 patientia:
816 4018 1096 4085 praemium
1126 4020 1285 4073 simul
1318 4020 1558 4075 amittes.

1096 4129 1173 4183 De
1199 4130 1513 4184 eruditione.

589 4218 840 4284 Cagitare
870 4235 977 4274 non
1012 4222 1188 4275 solum
1239 4220 1306 4275 de
1335 4222 1472 4282 suis.
1506 4221 1598 4275 sed
1631 4221 1792 4275 etiam
1833 4220 1902 4274 de
1946 4220 2078 4273 sub-

520 4306 759 4360 ditorum
792 4307 955 4361 rebus
976 4307 1286 4361 sollicitudo
1307 4316 1390 4362 est
1418 4323 1542 4377 rege
1596 4308 1917 4377 dignissima
1947 4323 1961 4359 :
1991 4324 2078 4362 ne-

2175 4012 2318 4065 σθόν.

2727 4128 2867 4195 Περὶ
2892 4126 3182 4189 παιδείας.

2248 4216 2679 4270 Βασιλικώτατόν
2709 4220 2857 4271 ἐστιν
2914 4217 3073 4286 ἔργον
3109 4214 3184 4285 μὴ
3235 4212 3391 4285 μόνον
3439 4209 3507 4265 τὰ
3546 4206 3739 4263 ἑαυτοῦ

2177 4305 2269 4358 τὸν
2299 4304 2520 4374 βασιλέα
2548 4308 2790 4371 σκοπεῖν,
2828 4305 2963 4360 ἀλλὰ
2991 4304 3083 4359 καὶ
3118 4304 3185 4357 τὰ
3209 4304 3313 4355 τῶν
3346 4300 3599 4368 ὑπηκόων
3634 4300 3744 4351 ὲπι·

521 4410 632 4462 que
656 4396 801 4449 enim
854 4396 992 4451 satis
1016 4403 1099 4451 est
1124 4396 1326 4450 bonum
1376 4404 1429 4450 te
1452 4403 1710 4465 praestare
1742 4394 1812 4449 iis
1845 4395 1938 4463 qui
1974 4404 2053 4448 tua

2184 4396 2428 4447 σκοπεῖν.
2480 4395 2553 4447 Οὐ
2579 4394 2688 4464 γὰρ
2716 4394 2879 4464 ἀρκεῖ
2916 4392 2978 4448 τὸ
3012 4390 3203 4445 ἑαυτὸν
3234 4388 3437 4457 ἀγαθον
3485 4384 3745 4457 παρέχειν

522 4486 719 4540 ditioni
767 4486 997 4556 subjecti
1054 4493 1205 4551 sunt,
1248 4487 1341 4542 sed
1406 4494 1463 4541 et
1507 4486 1707 4541 liberos
1770 4486 2078 4554 relinquere

524 4584 760 4646 oportet,
798 4578 889 4647 qui
920 4578 1074 4647 quasi
1097 4578 1233 4633 vim
1260 4578 1481 4633 virtutis
1502 4576 1762 4647 imagines
1783 4577 1892 4631 sint
1920 4584 2077 4631 caete-

531 4670 631 4722 ris.
672 4667 1142 4732 Quemadmodum
1165 4668 1259 4737 qui
1292 4668 1495 4722 liberos
1523 4668 1687 4737 probe
1720 4667 1977 4729 instituit,
2014 4664 2081 4720 de

2181 4486 2292 4548 τοῖς
2324 4485 2427 4537 ὑπὸ
2451 4486 2627 4554 χεῖρα,
2651 4484 2788 4538 ἀλλὰ
2812 4482 3025 4551 καὶτῆς
3061 4482 3195 4545 ἰδίας
3224 4478 3425 4549 ἀρετῆς
3468 4478 3591 4539 τοὺς
3619 4478 3746 4529 παῖε

2182 4576 2277 4637 δας
2314 4574 2742 4644 καταλιμπάνειν
2764 4574 3208 4640 είκόνας.”Ωσπερ
3230 4570 3339 4639 γάρ
3362 4568 3595 4635 ἀγαθοὺς
3621 4566 3743 4618 παῖ-

2184 4666 2278 4727 δας
2339 4665 2640 4736 ὲκτρέφων,
2694 4665 2912 4718 ἃπασαν
2959 4662 3059 4734 τὴν
3104 4660 3379 4731 βασιλείαν
3433 4656 3748 4725 εὐεργετεῖ,

531 4759 790 4814 universo
839 4774 1008 4829 regno
1064 4761 1202 4816 bene
1262 4768 1533 4822 meretur,
1568 4759 1641 4813 ita
1673 4759 1894 4828 quieos
1942 4758 2053 4812 mall

2187 4755 2358 4817 οὕτως
2392 4758 2421 4807 ὁ
2448 4757 2716 4826 πονηροὺς
2753 4755 2846 4808 καὶ
2878 4753 3232 4813 ἀπαιδεύτους
3257 4749 3381 4809 ὲῶν,
3410 4748 3626 4800 ἃπασαν
3654 4746 3751 4813 τὴν

536 4860 799 4918 moratos,
826 4867 890 4907 ac
919 4852 1082 4907 nullis
1107 4852 1303 4909 litteris
1338 4838 1584 4906 excultos
1614 4850 1889 4919 relinquit,
1917 4858 2082 4903 totam

537 4942 929 5013 rempublicam
985 4944 1220 5010 graviter
1265 4943 1429 4997 laedit.
1464 4942 1631 4997 Obedi
1672 4956 1822 5012 ergo,
1856 4942 1951 5003 fili,
1988 4955 2083 5009 pa-

2191 4846 2466 4898 πολιτείαν
2498 4847 2691 4900 ἀδικεῖ.
2727 4845 2916 4899 Πείθου
2948 4840 3061 4907 οὖν,
3083 4845 3293 4909 τέκνον,
3326 4844 3438 4903 τοῖς
3472 4838 3752 4906 πατρικοῖς

2198 4951 2298 5002 μου
2333 4935 2530 5001 λόγοις,
2564 4936 2650 4987 ἵνα
2676 4935 2769 4987 καὶ
2799 4933 3023 4987 σεαυτὸν
3046 4932 3354 5001 ὠφελήσεις.
3393 4929 3488 4981 καὶ
3520 4928 3621 4994 τὴν
3659 4926 3755 4995 pa“

540 5032 713 5086 ternis
769 5030 1261 5095 admonitionibus,
1315 5042 1374 5085 ut
1420 5040 1474 5087 et
1521 5032 1619 5084 tibi
1646 5031 1760 5100 ipse
1793 5032 1990 5099 prosis,
2034 5043 2053 5082 ε

2196 5025 2400 5078 οιλείαν
2432 5025 2720 5095 εὑοδὼσῃς,
2754 5027 2849 5078 καὶ⁵
2874 5025 2996 5093 ἐμοὶ
3024 5022 3183 5091 χάριν
3239 5020 3338 5088 τῆς
3389 5018 3633 5080 παιδείας
3662 5016 3757 5084 τὴν

543 5137 768 5190 regnum
814 5131 963 5177 recte
994 5122 1315 5186 modeseris,
1350 5128 1405 5175 et
1436 5122 1565 5174 mibi
1598 5119 1955 5175 institutionis
1984 5126 2053 5170 tu:

2197 5116 2407 5184 ἀγαθὴν
2445 5117 2662 5186 μνήμην
2692 5115 2911 5185 χαρίσῃ.

544 5213 803 5281 gratiam,
825 5213 1021 5271 bonam
1056 5212 1305 5267 videlicet
1330 5212 1566 5265 nominis
1620 5211 1934 5265 memoriam
1966 5223 2087 5277 per-

547 5305 748 5360 solvas.

1089 5416 1167 5471 De
1200 5416 1390 5486 lingua:
1414 5430 1571 5469 no.1‘a.

617 5496 811 5551 Omnia
842 5497 992 5560 audi,
1015 5506 1069 5551 et
1095 5498 1162 5551 ab
1190 5498 1445 5553 omnibus
1472 5497 1620 5552 disce
1652 5515 1663 5549 :
1699 5509 1753 5553 at
1779 5499 2033 5568 quaedum
2064 5515 2132 5557 es

549 5589 617 5642 iis
644 5587 875 5657 rejicies,
909 5588 1160 5658 quaedam
1189 5604 1321 5645 vero
1355 5591 1608 5645 admittes
1636 5632 1649 5657 ,
1690 5606 1885 5661 nempe
1915 5607 1977 5646 ca
2009 5609 2053 5664 ιιι

2210 5586 2274 5636 τὸ.
2308 5582 2404 5651 μὲν
2437 5577 2722 5645 ἀποδέχου,
2760 5580 2827 5626 τά
2854 5574 2912 5625 δὲ
2968 5567 3331 5637 ἀποστρέφου,

2698 5391 2828 5458 Περὶ
2851 5386 3289 5456 γλωσσαλγίας.

2280 5495 2477 5545 ’Ἄκουε
2509 5490 2701 5548 πάντα,
2738 5485 2831 5537 καὶ
2861 5483 3009 5551 πσρὰ
3055 5480 3269 5531 πάντων
3311 5471 3578 5543 μάνθανε·
3628 5467 3764 5521 ἀλλὰ

3381 5562 3473 5613 καὶ
3503 5556 3764 5625 ἀποδέχου

549 5681 645 5736 tibi
677 5682 802 5737 usui
834 5691 995 5747 atque
1026 5683 1219 5740 honori
1248 5700 1371 5742 esse
1398 5696 1628 5753 queunt,
1664 5704 1726 5744 ac
1760 5688 1867 5745 tuis
1896 5687 2053 5744 subdi

2217 5648 2435 5745 μὲνόσα
2463 5689 2537 5723 σοι
2570 5670 2757 5738 ὄφελος
2793 5668 2883 5721 καὶ
2920 5662 3082 5734 τιμὴν
3122 5656 3506 5728 περιποιεῖται,
3538 5650 3629 5703 καὶ
3656 5648 3766 5708 τοῖς
