4104 6470
315 360 411 400 LIII

1048 355 1327 416 BASILII
1367 358 1521 418 1MP.
1560 361 2006 424 PAR/ENESIS
2047 367 2148 429 AD
2179 371 2487 431 LEONEM
2531 375 2827 437 FlLlUM.
3507 400 3599 443 l.:v

316 460 581 530 ὑπηκόοις
608 460 768 516 οὐδὲν
807 462 1135 535 λυμαίνεται
1154 483 1167 497 ·
1192 468 1543 539 ἀποστρέφου
1573 470 1653 539 δὲ,
1682 473 1783 526 ὅσα
1816 477 1900 527 καἸ

2017 479 2242 536 minime
2279 484 2473 540 obesse
2526 499 2763 556 possunt

315 554 442 615 τοὺς
488 553 770 625 ὑπηκόους
832 555 1049 625 βλάψει,
1115 559 1210 611 καὶ
1264 558 1324 612 σὲ
1385 561 1551 630 μηδὲν
1623 560 1917 633 ὠφελήσει.

314 644 542 698 Γλῶσσα
570 646 682 717 γὰρ
711 646 888 711 δολία,
929 650 1026 702 ἐὰν
1050 649 1151 723 ἔχῃ
1184 651 1276 705 τὸν
1316 656 1658 726 συνεργάτην
1685 658 1900 729 δυνάμει

2022 661 2396 730 fraudulenta,
2421 667 2467 721 si
2490 678 2761 737 potentem
2786 644 3093 742 adjut'orem
3126 685 3287 732 nacta
3315 644 3508 746 Fuerit,
3540 691 3595 737 et

315 755 425 803 νον,
451 737 665 791 πολλῶν
698 740 889 793 κακῶν
922 741 1071 796 αἰτία
1112 744 1281 815 ἑαυτῇ
1316 763 1375 798 τε
1424 749 1519 800 καὶ
1546 750 1659 812 τοῖς
1714 752 1900 822 ἑπομέ-

2021 750 2124 806 sibi
2153 760 2208 806 et
2232 757 2596 811 sectatoribus
2628 759 2747 813 suis
2770 737 3002 815 multum
3033 764 3229 820 afferet
3253 737 3593 825 detrimenti.

314 847 450 892 νοις,
476 831 774 902 γενήσεται
801 848 816 862 ’
847 834 1026 905 στόμα
1054 836 1110 888 δὲ
1136 835 1389 909 εὔφημον
1420 841 1519 894 σὺν
1552 843 1785 916 ἀληθείᾳ
1800 845 1900 899 δια-

2019 838 2094 897 Os
2128 850 2311 897 autem
2335 843 2804 917 sincerum,quod
2836 850 2910 904 nil
2942 851 3048 905 nisi
3082 868 3271 908 verum
3306 857 3595 927 proloqui-

313 921 634 991 λεγόμενον,
692 926 867 980 πολλά
904 928 1034 993 τούς
1096 947 1156 983 τε
1191 931 1608 1003 ἀκροωμένους,
1674 938 1770 993 καὶ
1825 938 1900 992 τοι

2020 941 2129 999 tur,
2159 944 2214 989 et
2238 935 2524 992 dominum
2582 954 2764 1005 suum,
2824 951 2881 996 et
2919 956 3014 998 eos
3044 945 3138 1013 qui
3181 921 3332 1001 illuni
3361 921 3596 1005 audi-unt

314 1014 659 1084 κεκτημένον
708 1016 940 1087 ὀνίνησι.
983 1018 1119 1073 Θέλε
1172 1017 1268 1074 οὖν
1322 1024 1398 1093 μὴ
1426 1027 1539 1088 τοῖς
1574 1030 1770 1090 κακοῖς
1791 1029 1900 1099 χαί·

2009 1024 2166 1093 juvat
2194 1027 2511 1097 plurimum.
2542 1030 2699 1089 Malis
2721 1048 2853 1103 ergo
2882 1050 2950 1089 ne
2990 1038 3255 1105 gaudeas,
3294 1040 3391 1096 sed
3421 1041 3594 1098 bonos

315 1123 459 1175 ρειν,
484 1107 625 1162 ἀλλά
649 1110 776 1171 τοὺς
800 1110 1039 1178 ἀγαθοὺς
1058 1113 1447 1183 ἀποδέχεσθαι’
1488 1116 1581 1170 καὶ
1610 1120 1900 1188 είρηνεύειη

2015 1132 2277 1172 assume:
2306 1134 2493 1188 pacem
2519 1122 2663 1177 inter
2692 1126 2924 1194 populos
2950 1127 3090 1191 love,
3142 1145 3320 1200 neque
3356 1146 3452 1188 eos
3502 1134 3594 1187 in-

317 1200 419 1268 μὲν
445 1200 508 1252 τὸ
534 1201 797 1271 ὑπήκοον,
814 1202 951 1255 ἀλλά
979 1203 1054 1273 μὴ
1070 1205 1192 1258 κατ’
1207 1205 1451 1276 ἀλλήλων
1468 1207 1790 1279 ὀτρύνεσθαι
1817 1227 1830 1240 ·
1849 1208 1900 1266 οἶ

2017 1213 2104 1259 ter
2134 1223 2192 1261 se
2242 1210 2579 1267 committas.
2616 1210 2718 1267 Ubi
2758 1214 2906 1269 enim
2952 1216 3079 1272 lites
3127 1226 3336 1274 suntet
3374 1237 3590 1289 pugnae.

2809 509 2824 545 :
2889 493 3057 561 rejice
3089 504 3273 551 autem
3304 513 3367 553 ca
3400 515 3520 569 quia:
3542 508 3598 555 et

2023 570 2303 640 subjectos
2325 573 2547 640 laedunt,
2566 586 2620 631 et
2651 578 2748 634 tibi
2781 580 3184 653 nihilprosunt.
3219 583 3428 657 Lingua
3449 591 3595 643 enim

314 1292 425 1361 γάρ
476 1290 650 1361 μάχαι
693 1294 789 1345 καὶ
833 1293 1031 1365 ἔριδες,
1063 1295 1273 1352 ἐκεῖθεν
1316 1298 1654 1369 μακρύνεται
1679 1303 1707 1355 ό
1742 1303 1909 1368 Θεόςο

312 1376 375 1435 οὗ
398 1381 457 1434 δὲ
475 1383 674 1452 εἰρήνη
701 1385 793 1437 καὶ
814 1385 1030 1454 ἀγάπη,
1051 1388 1144 1441 καὶ
1160 1388 1401 1457 ὁμόνοια,
1427 1391 1645 1456 καὶτοῖς
1662 1396 1910 1464 εἰρηνεύ-

312 1493 489 1541 ουσιν,
514 1478 767 1531 εύῖλατον
794 1479 888 1532 καὶ
917 1479 1086 1545 ἐγγὺς
1106 1480 1165 1532 τὸ
1188 1480 1342 1533 Θεῑον
1378 1485 1640 1555 παριστᾷ,
1673 1488 1767 1540 καὶ
1796 1490 1908 1553 τοῖς

314 1572 682 1640 εἰρηνοποιοξ
703 1569 803 1640 τὴν
837 1570 1111 1623 υἱοθεσίαν
1134 1571 1228 1624 τού
1255 1572 1391 1625 Θεοῦ
1426 1573 1697 1645 προξενεῖ.

761 1661 903 1728 Περὶ
941 1661 1168 1730 ἀγαθοῦ
1208 1663 1453 1731 τρόπου.

386 1752 663 1820 Στέφανον
701 1751 984 1822 βασιλείας
1028 1754 1126 1825 τήν
1176 1756 1389 1827 ἀγαθὴν
1431 1757 1614 1829 ὁρίζου
1656 1759 1902 1832 συνείδη-

2016 1297 2206 1366 procul
2258 1300 2417 1354 abest
2490 1301 2637 1358 Deus
2671 1319 2686 1355 :
2721 1305 2810 1359 ubi
2835 1319 2966 1361 vero
2991 1322 3119 1377 pax,
3149 1317 3204 1363 et
3232 1310 3501 1375 eharitas,
3537 1322 3592 1367 ct

2012 1391 2331 1457 concordia,
2352 1393 2594 1463 paciﬁcis
2620 1411 2678 1452 se
2699 1406 3022 1466 praesentem
3041 1407 3096 1455 et
3123 1401 3417 1471 propitiant
3439 1406 3594 1460 exhi-

2012 1479 2103 1535 bct
2137 1489 2191 1535 et
2218 1481 2532 1551 ad0ptionis
2565 1485 2619 1540 in
2644 1487 2787 1543 ﬁlios
2814 1486 2908 1543 Dei
2942 1489 3155 1560 copiam
3185 1491 3268 1547 eis
3298 1494 3450 1549 facit.

2528 1656 2604 1712 De
2629 1660 2778 1713 bonis
2815 1661 3071 1716 moribus.

2079 1742 2457 1799 Lectissimam
2518 1764 2641 1804 esse
2692 1753 2846 1821 regni
2913 1753 2989 1806 tui
3053 1767 3315 1809 coronam
3359 1758 3591 1814 statuito

312 1860 400 1896 σιν
423 1885 440 1907 ,
468 1843 539 1896 δι’
570 1839 638 1915 ἦς
668 1845 969 1914 κοσμήσεις
998 1847 1223 1901 σεαυτὸν
1257 1847 1459 1918 μᾶλλον
1490 1850 1521 1921 ἢ
1550 1855 1661 1914 τοῖς
1692 1854 1900 1925 μυρίοις

2016 1834 2211 1890 bonam
2240 1840 2661 1906 conscientiam,
2699 1858 2804 1910 qua
2845 1852 2896 1898 te
2931 1847 3104 1915 magis
3160 1848 3467 1921 meliusque
3490 1867 3590 1907 ex-

310 1934 495 1997 ἀλλοις
525 1935 1073 2006 ὲγκαλλωπὶσμασιν.
1105 1939 1163 1991 '0
1193 1940 1300 2010 γὰρ
1338 1940 1565 2006 πλοῦτος
1592 1944 1818 1998 ἄπιστόν
1852 1963 1906 1999 τι

311 2024 503 2091 χρῆμα
544 2024 641 2077 καὶ
669 2024 946 2080 εύόλισθον
967 2044 980 2056 ·
1007 2030 1039 2099 ἡ
1070 2028 1128 2082 δὲ
1159 2029 1308 2097 δόξα,
1341 2034 1713 2104 παρέρχεται·
1758 2037 1820 2089 τὸ
1848 2038 1905 2091 δὲ

313 2118 516 2185 κράτος
563 2118 896 2188 ἀπέρχεται·
926 2122 1018 2176 καὶ
1047 2123 1102 2175 αἱ
1136 2122 1319 2191 ἡδοναὶ
1363 2125 1706 2197 διαρρέουσι·
1743 2129 1904 2197 μόνος

310 2209 419 2263 δὲό
452 2210 661 2277 ἀγαθὸς
708 2211 915 2280 τρόπος
965 2214 1044 2276 εἰς
1096 2215 1300 2278 αἰῶνας
1346 2220 1902 2288 συμπαρεκτείνεται,

313 2300 407 2352 καὶ
454 2300 733 2355 ἀθάνατόν
759 2319 819 2354 σε
854 2304 1074 2373 ποιήσει
1106 2308 1171 2375 τῇ
1212 2307 1424 2377 μνήμῃ,
1458 2308 1905 2383 ἀλεξιφάρμακον

310 2393 501 2466 ὥσπερ
526 2394 630 2466 τὴν
663 2396 765 2467 σὴν
792 2396 995 2467 ἀρετὴν
1020 2401 1130 2461 τοῖς
1164 2400 1302 2469 μετὰ
1332 2402 1391 2453 σὲ
1413 2402 1790 2472 χαριζόμενος,
1809 2405 1905 2458 καὶ

312 2488 521 2549 πάντας
574 2490 669 2540 καὶ
718 2490 1012 2555 ἐπαινέτας
1033 2529 1049 2553 ,
1079 2492 1173 2545 καὶ
1207 2494 1452 2564 μιμητὰς
1479 2497 1580 2564 τῆς
1611 2494 1711 2564 σῆς
1759 2496 1906 2550 πολι.

310 2581 461 2644 τείας
497 2580 847 2652 ποιούμενος.

596 2758 739 2826 Περὶ
773 2759 882 2814 τοῦ
920 2760 1161 2828 κρατεῖν
1198 2759 1318 2816 τῶν
1352 2761 1610 2831 ἡδονῶν.

383 2846 549 2912 Ἱσθι,
579 2848 773 2901 τέκνον
798 2849 933 2920 ἐμὸν
953 2888 968 2913 ,
998 2850 1074 2914 ὡς
1108 2852 1229 2905 τότε
1261 2869 1322 2906 σε
1352 2856 1490 2907 κατά
1519 2854 1617 2925 τήν
1642 2856 1901 2925 ἀλήθειαν

311 2940 538 3009 βασιλέα
564 2942 864 3011 ὁρίσονται,
902 2944 1030 2996 ὅταν
1060 2943 1135 3014 μὴ
1168 2945 1332 3015 μόνον
1356 2944 1462 2998 τῶν
1484 2946 1740 3015 ὑπηκόων
1764 2966 1901 3018 κρα-

308 3037 431 3102 τῇς,
451 3032 591 3087 ἀλλὰ
619 3035 717 3089 καὶ
751 3034 862 3089 τῶν
887 3035 1089 3106 ἡδονῶν
1115 3037 1347 3091 ἀπασῶν
1381 3040 1707 3111 ὲπικρατῇς.
1720 3042 1901 3095 Ἔστω

310 3125 418 3192 γάρ
444 3140 528 3178 σοι
552 3124 839 3192 στέφανος,
863 3126 963 3196 τῆς
990 3125 1267 3196 βασιλείας
1294 3127 1357 3181 σύ
1366 3128 1562 3198 μὸολον
1582 3147 1595 3161 ο
1624 3130 1740 3183 ἀλλ’
1759 3130 1901 3183 έστω

307 3218 404 3269 καὶ
457 3216 779 3288 δικαιοσύνη
828 3218 907 3289 τῷ
956 3220 1244 3290 πράγματι
1277 3221 1609 3292 σύνδρομος⁸
1641 3223 1900 3293 πορφύρα.

305 3308 363 3360 δέ
396 3324 456 3359 σε
485 3309 777 3379 κοσμήσει,
808 3309 905 3363 ὲάν
936 3311 968 3379 ή
1002 3312 1328 3382 σωφροσύνη
1361 3314 1535 3384 ταύτῃ
1565 3315 1902 3385 συνεπανθή-

308 3415 425 3451 σει*
456 3401 553 3453 καὶ
582 3400 694 3454 τῶν
722 3402 900 3456 ποδῶν
931 3420 990 3455 σε
1029 3405 1087 3457 τὸ
1116 3405 1347 3476 ἐρυθρὸν
1375 3408 1596 3477 τιμήσει
1621 3408 1899 3478 ὑπόδημα,

306 3494 405 3544 ἐὰν
468 3495 657 3557 αὐτοῖς
705 3496 804 3567 τὴν
854 3497 1030 3565 φλόγα
1094 3498 1190 3551 τοῦ
1248 3497 1420 3567 τύφου
1485 3503 1897 3574 καταπατήσῃς.

318 3586 540 3639 Ἐκεῖνα
578 3589 677 3657 μὲν
708 3588 816 3657 γὰρ
848 3591 1184 3659 πρόσκαιρόν
1217 3608 1299 3643 σοι
1337 3591 1433 3661 τὴν
1485 3590 1764 3660 βασιλείαν
1799 3613 1899 3664 χα-

306 3677 636 3750 ρακτηρίζει
664 3696 679 3710 ⁸
710 3682 884 3735 ταῦτα
915 3684 1087 3737 δὲκαὶ
1118 3688 1216 3755 τῆς
1244 3687 1464 3740 αἰωνίου
1504 3685 1780 3750 κολάσεως
1814 3689 1901 3759 ρύ-

307 3787 489 3836 σεται,
527 3771 623 3824 καὶ
645 3773 748 3842 τὴν
776 3774 1044 3829 ἀθάνατόν
1078 3793 1161 3829 σοι
1198 3777 1451 3846 προξενεῖ
1478 3780 1774 3849 βασιλείαν.

779 3867 919 3933 Περὶ
957 3869 1144 3936 λόγου
1182 3872 1437 3926 τελείου.

374 3955 558 4024 Λόγου
591 3955 684 4008 τοῦ
714 3956 1054 4013 τελειοτάτου
1085 3960 1305 4014 πάντων
1336 3962 1395 4013 ἐν
1422 3962 1732 4034 ἀνθρώποις
1778 3963 1898 4016 λίαν

302 4047 604 4116 ἔπιμελοῦ·
646 4049 713 4101 δι’
753 4049 917 4102 αὑτοῦ
945 4050 1051 4120 γάρ
1083 4053 1115 4122 ἡ
1149 4051 1388 4119 ἐπίγειος
1421 4052 1670 4123 βασιλεία
1696 4052 1899 4119 ἐξεικο-

300 4140 445 4203 νίζει
474 4140 574 4210 τὴν
604 4141 929 4211 ἐπουράνιον
955 4142 1127 4208 τάξιν,
1153 4145 1247 4197 καὶ
1281 4145 1545 4215 ἁρμονίαν
1564 4164 1579 4177 ’
1607 4147 1762 4216 λόγος
1790 4148 1898 4217 γὰρ

302 4229 635 4297 ἡγεμονεύει
686 4230 794 4284 τῶν
828 4229 1183 4301 ἀνθρωπίνων
1231 4234 1594 4303 πραγμάτων,
1626 4227 1686 4287 οὗ
1740 4251 1897 4304 περι-

301 4304 620 4386 αιρεθέντος
652 4323 1132 4389 συμπεριαιρεῖται
1167 4322 1234 4374 τὰ
1262 4322 1525 4394 ἡμέτερα.
1558 4325 1776 4393 Κτῆσαι
1804 4320 1898 4377 οὖν

301 4410 404 4462 τοῦ
452 4410 615 4475 λόγου
663 4410 723 4461 τὸ
755 4412 965 4481 χρῆμα,
1001 4413 1076 4483 μὴ
1106 4414 1304 4480 ἐνδεὲς,
1335 4414 1472 4467 ἀλλά
1502 4417 1728 4471 τέλειον.
1763 4418 1897 4470 Ούδὲ

2009 1927 2236 1982 ornabis
2263 1945 2427 1998 quam
2484 1934 2765 1988 sexcentis
2814 1936 2938 1991 aliis
2970 1940 3332 1996 ornamentis.
3375 1940 3591 1997 Divitiae

2007 2021 2152 2072 enim
2179 2020 2344 2075 inﬁda
2372 2024 2619 2092 quaedam
2650 2041 2739 2081 res
2768 2035 2872 2092 est,
2891 2039 2943 2082 et
2968 2046 3089 2098 qua-
3113 2030 3272 2086 l'acile
3302 2033 3585 2089 dilabitur.

2007 2109 2193 2163 Gloria
2220 2114 2521 2178 evanescit,
2551 2116 2721 2170 robur
2757 2122 3091 2186 marcescit;
3154 2123 3462 2193 voluptates
3483 2126 3589 2180 dif—
3682 2136 3688 2143 '

2007 2202 2223 2258 ﬂuunt:
2262 2205 2375 2259 sola
2410 2207 2723 2263 innocentia
2779 2211 3016 2280 bonique
3076 2230 3255 2271 niores
3298 2216 3354 2271 in
3388 2218 3591 2273 multas

2006 2302 2196 2351 anates
2224 2299 2654 2367 protenduntur,
2682 2316 2747 2356 ac
2774 2312 2922 2357 tuum
2945 2321 3145 2361 nomen
3188 2306 3585 2383 immortalitati

2006 2388 2493 2455 commendabunt,
2522 2395 2893 2463 virtutemque
2927 2405 3076 2450 tuam
3114 2399 3270 2469 quasi
3319 2400 3585 2456 adversus

2008 2477 2149 2531 maia
2180 2481 2360 2534 omnia
2393 2481 2747 2550 pharmacum
2781 2487 3017 2555 posteris
3067 2487 3387 2544 imitandam
3418 2491 3587 2545 relin-

2005 2584 2162 2639 ques,
2212 2585 2415 2640 eosque
2441 2580 2495 2627 et
2518 2573 2830 2632 laudatores
2898 2585 2953 2632 et
2989 2579 3288 2636 imitatores
3341 2588 3447 2636 tua:
3486 2582 3583 2636 ad-

2006 2661 2433 2719 ministrationis
2462 2664 2713 2723 habebis.

2359 2752 2437 2807 De
2472 2758 2827 2825 voluptatibus
2866 2761 3203 2827 superandis.

2078 2845 2253 2911 Scito,
2272 2846 2341 2899 mi
2364 2847 2458 2911 lili,
2480 2863 2666 2902 verum
2691 2857 2742 2904 te
2766 2865 2947 2920 regem
2976 2851 3584 2922 hominesjudicaturos

2004 2950 2128 2991 cum
2162 2954 2272 2992 non
2317 2940 2493 2995 solum
2549 2941 2800 2998 subditos
2837 2943 2891 2997 in
2930 2959 3093 2999 manu
3125 2944 3383 3012 habebis,
3427 2948 3522 3003 sed
3549 2963 3581 3002 a

2004 3032 2377 3101 voluptatibus
2398 3033 2563 3089 etiam
2601 3035 2859 3091 omnibus
2909 3038 3266 3108 temperabis.
3314 3037 3398 3093 Sit
3452 3054 3585 3109 ergo

2004 3124 2102 3178 tibi
2134 3140 2337 3180 corona
2374 3141 2473 3195 pro
2499 3126 2654 3197 signo
2679 3127 2916 3197 imperii,
2946 3128 3043 3184 sed
3081 3144 3309 3185 coronae
3366 3144 3585 3200 semper

2003 3218 2259 3286 adjuncta
2291 3218 2365 3273 sit
2419 3233 2606 3274 eomes
2656 3219 2889 3289 iustitia.
2951 3220 3197 3292 Purpura
3227 3222 3448 3293 quidem
3483 3222 3583 3278 tibi

2003 3317 2332 3363 ornamento
2378 3307 2504 3376 erit,
2564 3310 2612 3366 si
2667 3312 3026 3382 temperantia
3081 3314 3227 3368 illaut
3271 3314 3578 3370 comitetur.

2002 3400 2185 3456 Calcei
2233 3402 2388 3457 rubri
2449 3404 2708 3459 decenter
2744 3405 2909 3474 pedes
2954 3414 3081 3463 tuos
3114 3408 3415 3471 ornabunt,
3453 3408 3498 3463 si
3527 3408 3580 3460 in

2002 3493 2139 3564 ipsis
2167 3496 2439 3565 superbia).
2465 3495 2667 3551 fastum
2703 3497 3078 3567 proculcabis.
3122 3497 3215 3553 Illa
3257 3500 3404 3553 enim
3439 3500 3582 3568 peri-

2003 3587 2111 3640 turi
2132 3585 2346 3655 imperii
2369 3586 2462 3641 tibi
2499 3598 2625 3643 nota
2657 3600 2821 3643 erunt
2849 3605 2914 3644 ac
2942 3591 3157 3661 signum
3194 3607 3207 3644 :
3234 3591 3337 3645 ista
3366 3605 3493 3644 vero
3514 3592 3584 3644 ab

2000 3686 2208 3733 aeterno
2241 3680 2514 3750 supplicio
2539 3682 2986 3743 tevindicabunt,
3008 3691 3062 3738 et
3085 3682 3377 3738 immortali
3414 3697 3583 3753 regno

2002 3772 2309 3827 donabunt.

2343 3862 2419 3918 De
2449 3864 2683 3932 perfecta
2707 3864 2914 3918 dicendi
2944 3864 3221 3932 facultate.

2073 3954 2455 4024 Eloquentiam
2506 3971 2693 4011 rerum
2746 3956 2997 4012 omnium
3053 3957 3418 4010 humanarum
3456 3970 3583 4025 per-

2000 4048 2359 4103 fectissimam
2386 4049 2677 4117 ddigenter
2709 4064 2945 4103 exerce:
2981 4062 3079 4118 per
3115 4062 3236 4101 eam
3288 4048 3434 4101 enim
3475 4054 3583 4100 ter-

2001 4139 2118 4193 reni
2141 4138 2290 4208 regni
2311 4138 2648 4208 principatus
2666 4136 2832 4193 refert
2849 4136 3256 4207 quodammodo
3274 4135 3582 4191 etelestium

2000 4247 2182 4286 rerum
2237 4231 2484 4286 ordinem
2528 4240 2581 4285 et
2637 4229 3073 4285 convenientiam
3124 4246 3137 4283 :
3186 4228 3367 4283 oratio
3417 4227 3589 4282 rebus

1999 4322 2255 4377 omnibus
2286 4321 2541 4377 humanis
2571 4331 2790 4392 prmest,
2823 4336 2986 4392 quam
3016 4319 3061 4376 si
3096 4319 3279 4387 tollas,
3336 4318 3501 4374 simul
3527 4327 3584 4373 ct

1998 4416 2182 4470 omnia
2238 4422 2427 4469 nostra
2487 4414 2665 4470 tollas.
2710 4412 2785 4467 Da
2827 4428 2960 4483 ergo
3021 4426 3249 4484 Operam
3282 4420 3340 4467 ut
3375 4412 3470 4468 tibi
3501 4412 3584 4465 di-

300 4502 420 4571 γάρ
449 4502 761 4574 κυϐερνήτῃ
790 4505 1107 4558 πιστευτέον
1151 4505 1243 4558 τοῦ
1293 4506 1539 4576 σκάφους
1584 4508 1683 4578 τὴν
1723 4526 1898 4577 σωτη-

2004 4510 2163 4567 cendi
2217 4510 2530 4565 facultatem
2560 4525 2740 4581 pares,
2771 4525 2881 4564 non
2912 4524 3033 4565 eam
3074 4508 3296 4579 quidem
3326 4522 3581 4563 mancam

300 4594 456 4663 ρίαν,
492 4595 543 4645 εί
590 4594 663 4663 μὴ
712 4596 892 4659 καλῶς
927 4597 1194 4669 κυϐερνᾷν
1242 4598 1623 4672 ὲξεπίφαται·
1657 4600 1782 4654 οὔτε
1837 4602 1894 4655 δὲ

298 4688 522 4755 βασιλεί
568 4687 967 4754 βασιλικώτατα
1015 4692 1257 4760 κρατεῖν,
1289 4693 1338 4744 εἰ
1373 4693 1447 4761 μὴ
1479 4691 1572 4746 τοῦ
1605 4692 1765 4763 λόγου
1796 4694 1896 4764 τήν

295 4780 544 4849 ἄσκησιν
568 4779 665 4833 τοῦ
696 4781 1153 4849 πρακτικωτάτου
1184 4782 1538 4853 διεξέρχεται.
1570 4784 1759 4837 Λέοντι
1795 4784 1895 4853 μὲν

297 4874 417 4943 γὰρ
451 4873 514 4925 τὸ
543 4873 770 4944 ἀρχικὸν
798 4874 854 4925 ἐν
884 4873 1114 4943 θηρίοις,
1146 4873 1222 4938 ὡς
1267 4878 1297 4928 ὁ
1340 4876 1527 4944 λόγος,
1556 4878 1590 4947 ἡ
1622 4875 1852 4945 δύναμις
1878 4891 1891 4904 '

296 4966 451 5037 ἀετῷ
490 4967 547 5019 δὲ
590 4969 651 5020 ἐν
694 4970 983 5032 πετεινοῖς,
1015 4969 1076 5021 τὸ
1103 4969 1363 5039 ύψιπετὲς
1407 4971 1500 5023 καὶ
1529 4970 1855 5041 δραστήριον
1877 4985 1892 5000 θ

295 5060 584 5131 ἀνθρώπῳ
607 5060 665 5112 δὲ
692 5061 832 5114 κατὰ
859 5064 963 5132 γῆν
1002 5062 1031 5114 ὁ
1068 5061 1227 5131 λόγος
1260 5062 1359 5134 τήν
1389 5062 1638 5130 ἐξουσίαν
1670 5063 1894 5133 χαρίζε-

296 5169 419 5207 ται.

686 5332 825 5399 Περὶ
866 5332 973 5386 τοῦ
1006 5334 1093 5403 μὴ
1134 5334 1506 5402 ἐπαίρεσθαι.

375 5426 500 5478 Ἐπὶ
553 5426 731 5489 νίκαις
776 5425 1112 5480 ὑπεναντίων
1156 5426 1429 5495 μηδέποτε
1457 5426 1729 5497 ὲπαρθῇς,
1762 5427 1898 5497 μηδὲ

301 5517 401 5571 ἐπὶ
433 5517 711 5587 πολεμίων
740 5521 1046 5591 συμφοραῖς
1076 5520 1361 5590 γαυρίαμα
1388 5520 1585 5589 κτήσῃ,
1614 5518 1751 5589 μηδὲ
1774 5521 1894 5572 ἐπιο

302 5612 483 5679 χαρῇς
538 5610 633 5661 ἐπὶ
686 5609 893 5663 πτώσει
956 5610 1170 5681 ἐχθρῶν
1227 5627 1345 5675 σου,
1405 5611 1539 5681 μηδὲ
1595 5610 1899 5680 ὲγγελάσῃς

301 5700 595 5769 δυστυχίαν
642 5702 835 5772 ἐτέρου
862 5739 879 5768 ,
920 5702 1058 5772 μηδὲ
1105 5702 1482 5773 ὲπικροτήσῃς
1530 5703 1617 5753 ἐπ’
1651 5702 1899 5773 ἀπωλείᾳ

304 5793 629 5863 ἀνθρώπου·
664 5796 819 5866 κοινὴ
852 5794 960 5867 γάρ
986 5797 1021 5866 ή
1054 5794 1218 5866 φύσις
1243 5834 1258 5862 ,
1295 5794 1388 5850 καὶ
1416 5795 1478 5849 τὸ
1507 5795 1700 5866 μέλλον
1728 5796 1896 5865 ἀόρα-

2001 4610 2097 4658 aut
2133 4603 2484 4668 diminutam,
2526 4602 2620 4658 sed
2644 4601 2963 4672 perlectam.
2996 4600 3184 4671 Neque
3205 4601 3352 4656 enim
3383 4600 3584 4670 guber-

2001 4694 2181 4749 natori
2222 4693 2422 4765 navigii
2454 4694 2606 4750 salus
2646 4695 3032 4759 committitur,
3056 4693 3164 4749 nisi
3206 4694 3343 4749 bene
3379 4692 3583 4763 guber-

2002 4802 2135 4842 nare
2159 4786 2415 4841 didicerit
2464 4803 2478 4840 :
2508 4802 2687 4856 neque
2745 4787 2858 4857 regi
2892 4785 3124 4855 imperio
3153 4784 3305 4854 regio
3333 4782 3447 4847 uti,"
3473 4781 3582 4837 nisi

2003 4880 2316 4935 facultatem
2347 4878 2563 4935 dicendi
2586 4879 2652 4934 ad
2687 4894 2775 4933 res
2801 4879 3070 4950 gerendas
3110 4876 3573 4933 accommodatis-

2002 4971 2197 5028 simam
2215 4970 2504 5041 diligenter
2519 4968 3025 5026 exercuerit.Leoni
3050 4968 3320 5038 siquidem
3351 4982 3578 5040 regnum

2001 5064 2056 5119 in
2090 5063 2295 5118 bestias
2334 5063 2430 5117 dat
2487 5061 2844 5116 roburanimi
2872 5068 2929 5116 et
2962 5061 3215 5132 corporis
3248 5077 3262 5115 :
3299 5060 3498 5130 aquila:
3521 5058 3576 5112 in

1999 5172 2129 5212 aves
2164 5157 2380 5210 volatus
2407 5154 2661 5210 sublimis
2712 5163 2764 5209 et
2798 5153 2954 5210 velox
2984 5172 2997 5209 :
3029 5154 3234 5209 homini
3265 5163 3446 5208 autem
3482 5169 3578 5208 su-

2002 5264 2098 5320 per
2121 5258 2323 5304 terram
2362 5247 2652 5317 imperium
2694 5247 2789 5300 dat
2808 5246 3009 5302 oratio.

2458 5336 2583 5392 Non
2611 5354 2725 5392 esse
2754 5335 3118 5407 gloriandum.

2072 5429 2301 5501 Propter
2354 5430 2582 5485 relatam
2608 5429 2676 5485 de
2714 5429 2966 5483 hostibus
3028 5427 3317 5482 victoriam
3373 5426 3576 5497 gaudio

2002 5538 2071 5579 ne
2124 5522 2387 5584 cll‘eraris,
2432 5535 2534 5575 nec
2577 5519 3017 5574 adversariorum
3055 5516 3462 5573 calamitatibus
3492 5516 3577 5570 iu-

2002 5616 2198 5680 sultes,
2251 5627 2428 5682 neque
2453 5612 2522 5666 ob
2558 5612 2775 5665 ruinam
2841 5609 3191 5664 inimicorum
3227 5609 3444 5670 laeteris,
3474 5623 3575 5663 nec

2001 5705 2228 5761 alterius
2279 5704 2557 5759 miseriam
2613 5701 2813 5767 rideas,
2862 5716 2964 5756 nec
3018 5701 3090 5757 ob
3128 5700 3294 5757 ullius
3342 5699 3579 5755 hominis

2001 5797 2285 5853 interitum
2324 5796 2578 5852 manibus
2613 5794 2842 5865 plaudas
2874 5810 2887 5850 :
2914 5802 3113 5852 natura
3137 5794 3281 5850 enim
3327 5806 3577 5849 commu-
