4104 6438
555 359 623 402 1.*
1910 332 2505 395 PROLEGOMENA.
3729 343 3808 383 ut

554 459 642 514 nis
674 467 759 513 est
786 456 1063 521 omnibus,
1095 467 1143 510 et
1176 454 1419 509 futurum
1484 450 1754 523 provideri
1794 449 2002 518 nequit.
2033 447 2128 501 Re-

2243 462 2363 499 τον’
2396 446 2497 514 δρα
2526 439 2619 498 οὖν
2645 444 2770 507 τούς
2804 445 2910 514 πρὸ
2941 443 3059 507 σοῦ.
3083 447 3175 499 καὶ
3200 445 3319 498 τότε
3348 445 3567 516 μαθήσῃ
3590 446 3655 498 τὰ
3682 448 3816 515 μετὰ

554 550 848 604 miniscere
862 564 1051 602 eorum
1080 563 1201 616 qua:
1234 556 1360 600 ante
1377 554 1430 601 te
1459 544 1698 607 luerunt,
1725 549 1781 597 et
1797 555 1917 611 qua:
1943 548 2130 609 postea

552 643 804 695 evenient
864 642 1170 711 intelliges,
1237 655 1446 711 magna:
1498 639 1642 692 enim
1686 652 1752 691 ac
1780 635 1963 689 multa:
2005 641 2133 688 sunt

553 731 678 784 vita:
720 730 884 798 hujus
916 729 1350 791 vicissitudines,
1390 742 1453 781 ac
1484 725 1881 796 praeteritorum
1945 737 2133 776 recor-

549 822 699 875 datio
740 821 1105 891 praesentibus
1156 820 1490 875 documento
1540 832 1663 871 esse
1723 815 1904 870 debet.
1950 812 2029 867 Ne
2082 820 2135 867 te

548 909 765 973 eﬂ‘eras,
824 911 1002 974 aiunt,
1042 926 1109 964 ne
1134 917 1285 963 tanto
1345 907 1674 978 profundius
1718 905 2028 975 dejiciaris;
2058 918 2126 956 ne

550 1012 736 1070 partas
762 1002 861 1054 tibi
890 1000 1149 1056 victorias
1174 1001 1410 1061 asCribe,
1449 1015 1516 1053 ne
1548 1013 1789 1068 unquam
1848 996 2125 1050 fortunam

548 1093 854 1161 experiaris
910 1093 1195 1147 adversam
1232 1109 1245 1145 :
1278 1091 1371 1146 sed
1418 1091 1651 1145 aliorum
1722 1088 2134 1143 calamitatibus

549 1180 916 1251 illacrymare,
946 1186 1111 1249 atque
1170 1180 1455 1233 hominum
1496 1177 1740 1231 miseriis
1772 1176 2130 1241 condolesce,

549 1274 713 1327 homo
740 1274 855 1342 ipse
903 1288 1025 1326 cum
1063 1273 1142 1327 sis
1171 1291 1183 1324 :
1216 1272 1481 1325 festorum
1514 1271 1867 1326 celebritates
1912 1278 2135 1340 propter

546 1375 736 1435 partas
771 1365 1032 1419 victorias
1084 1364 1184 1418 soli
1246 1363 1354 1418 Deo
1412 1372 1599 1433 gratus
1656 1373 1915 1433 acceptas
1965 1362 2129 1428 refer,

548 1462 608 1507 ut
638 1464 691 1508 et
726 1454 781 1507 in
815 1452 1077 1508 secundis
1119 1454 1285 1507 rebus
1311 1463 1361 1506 te
1392 1453 1742 1515 submittens,
1773 1463 1827 1507 et
1860 1454 1911 1506 in
1941 1454 2132 1506 adver-

548 1547 625 1601 sis
659 1546 901 1617 erigens,
935 1561 1215 1616 nunquam
1242 1555 1297 1599 te
1322 1546 1597 1600 hominem
1619 1560 1743 1600 esse
1762 1545 2130 1599 obliviscaris.

1046 1636 1123 1690 De
1154 1636 1331 1690 studio
1354 1636 1676 1691 litterarum.

620 1728 700 1781 Ad
729 1742 906 1782 mores
928 1736 1051 1783 tuos
1077 1729 1225 1781 omni
1251 1744 1315 1783 ex
1350 1735 1504 1797 parte
1526 1728 1858 1783 excolendos
1884 1736 2129 1784 veterum

2237 539 2319 592 σιξ.
2357 538 2535 591 Πολλὰ
2562 538 2670 610 γὰρ
2701 532 2843 590 οἶδεν
2869 539 2898 589 ὁ
2929 536 3043 606 βίος
3073 540 3378 608 πράγματα
3419 539 3691 608 ἀμείϐειν,
3723 542 3816 592 καὶ

2234 629 2343 681 τῶν
2374 628 2752 698 παρελθόντων
2783 627 2852 681 τὰ
2880 628 3030 696 πάθη
3079 632 3191 691 τοῖς
3229 628 3323 682 νῦν
3349 628 3615 698 παροῦσιν
3641 630 3816 701 ὐπάρ·

2243 735 2326 788 χει
2350 716 2690 771 διδασκαλία.
2714 718 2805 786 Μὴ
2825 717 2918 771 οὖν
2951 718 3092 788 μέγα
3121 719 3388 791 ὲπαρθῇς,
3415 721 3601 791 φησὶν,
3632 722 3717 774 ἵνα
3744 721 3818 792 μὴ

2238 810 2423 881 μεῖζον
2477 811 2682 883 πέσῃς,
2743 810 2858 863 ἀλλ’
2892 810 3014 863 οὐδὲ
3066 811 3176 863 τῶν
3238 811 3685 882 κατορθουμένων
3739 828 3820 866 σοι

2235 902 2511 971 τροπαίων
2544 902 2713 973 μηδὲν
2741 903 2882 967 ὅλως
2915 903 3046 957 ίδιον
3067 902 3282 975 λογίσῃ,
3311 904 3410 957 καὶ
3438 903 3693 958 οὐδέποτε
3716 905 3820 959 τῶν

2236 995 2581 1047 ἁπευκταίων
2636 995 2970 1065 πειραθήσῃ.
3022 994 3162 1048 Ἀλλ’
3207 996 3503 1067 ὲπιδάκρυε
3556 997 3655 1066 μὲν
3701 1001 3821 1062 ταῖς

2233 1086 2545 1156 ἀλλοτρίαις
2593 1090 2918 1157 συμφοραῖς,
2950 1087 3228 1157 συμπάθει
3272 1088 3329 1140 δὲ
3384 1090 3682 1159 πάσχουσιν
3728 1091 3825 1142 ἁνο

2236 1176 2496 1248 θρώποις,
2524 1177 2814 1249 ἄνθρωπος
2864 1177 2939 1231 ὣν
2991 1179 3085 1231 καὶ
3136 1179 3327 1242 αὐτός·
3365 1179 3463 1243 τὰς
3494 1180 3550 1232 δὲ
3584 1181 3676 1233 ἐπὶ
3704 1184 3824 1243 ταῖς

2234 1267 2414 1331 νίκαις
2463 1268 2822 1339 πανηγύρεις,
2852 1269 3100 1322 ἀνατίθει
3154 1268 3301 1339 μόνῳ
3342 1270 3419 1339 τῷ
3450 1270 3571 1339 Θεῷ
3601 1272 3821 1341 εὐχαρί-

2237 1378 2400 1425 στως.
2434 1361 2523 1414 ἵνα
2554 1363 2648 1415 καὶ
2698 1364 2755 1414 ἐν
2810 1364 2932 1424 ταῖς
2988 1362 3269 1432 εὐτυχίαις
3313 1361 3612 1431 δυστυχῶν,
3642 1364 3734 1416 καὶ
3768 1364 3824 1415 ὲν

2234 1455 2353 1515 ταῖς
2382 1452 2697 1523 δυστυχίαις
2723 1453 2984 1525 εὐτυχῶν,
3007 1453 3068 1506 τὸ
3099 1454 3383 1525 ἄνθρωπος
3414 1449 3554 1507 εἶναι
3584 1452 3660 1524 μὴ
3690 1456 3824 1506 ἀπο-

2234 1542 2292 1595 λέ
2304 1560 2417 1613 της.

2590 1636 2728 1705 Περὶ
2771 1635 3166 1705 ἀναγνώσεως
3204 1635 3465 1705 γραφῶν.

2312 1727 2432 1780 Ἵνα
2482 1726 2541 1780 δέ
2596 1744 2688 1779 σου
2738 1726 2799 1780 τὸ
2841 1722 2974 1798 ἦθος
3017 1728 3104 1781 διὰ
3145 1728 3363 1781 πάντων
3410 1728 3717 1799 κοσμήσῃς,
3749 1728 3826 1800 μὴ

548 1819 853 1888 sapientum
925 1821 1225 1874 sententias
1286 1820 1631 1874 continenter
1688 1822 1924 1875 evolve:
1966 1825 2128 1875 multa

2238 1818 2490 1871 κιτόκνει
2538 1820 2638 1881 τὰς
2684 1817 2791 1871 τῶν
2840 1818 3088 1873 παλαιῶν
3135 1818 3508 1891 διεξέρχεσθαι
3555 1818 3821 1890 γνώμας·

545 1912 689 1964 enitn
746 1911 798 1964 in
836 1910 944 1965 illis
1005 1920 1269 1979 pratccpta
1320 1910 1607 1965 utilissima
1654 1914 1892 1981 reperies
1924 1955 1937 1977 ,
1997 1929 2133 1981 prte-

468 2072 471 2077 _
544 2004 731 2059 sertim
798 2005 854 2058 in
923 2003 1182 2073 operibus
1248 2003 1557 2059 Salomonis
1626 2013 1789 2074 atque
1853 2003 2130 2061 Isocratis.

546 2095 698 2150 Adde
728 2096 889 2150 etiam
920 2095 963 2151 si
992 2096 1072 2149 vis
1097 2094 1224 2149 Jesu
1258 2095 1348 2148 lilii
1372 2094 1564 2150 Sirach
1594 2095 1921 2151 documenta
1970 2106 2134 2167 atque

543 2185 844 2246 consilia,e
876 2185 1077 2254 quibus
1110 2187 1342 2238 multum
1375 2186 1559 2241 civilis
1593 2197 1643 2241 ct
1685 2187 1845 2257 regiae
1885 2189 2128 2258 pruden-

542 2277 633 2330 tim
654 2276 876 2331 haurire
910 2278 1133 2345 poteris.
1198 2276 1407 2331 Caetera
1461 2278 1625 2331 etiam
1665 2279 1929 2334 divinitus
1961 2281 2131 2350 inspi-

544 2381 680 2424 rata:
714 2370 1016 2440 Scriptum
1049 2370 1269 2424 oracula
1320 2371 1557 2439 perlecta
1601 2371 1697 2424 tibi
1746 2386 1869 2426 esse
1893 2382 2128 2441 oportet,

543 2470 604 2515 ut
636 2478 760 2516 cum
794 2462 1062 2532 sapientia
1101 2470 1515 2518 consummatus
1570 2461 1761 2527 fueris,
1806 2479 1892 2517 me
1922 2478 2125 2533 regem,

542 2563 752 2628 patrem
785 2568 850 2608 ac
879 2536 1270 2623 praeceptorem
1314 2560 1495 2620 tuum,
1582 2552 1768 2607 laetitia
1831 2553 2128 2625 perfundas

544 2660 608 2699 ac
645 2654 873 2701 caeteros
907 2647 1070 2701 etiam
1105 2649 1221 2715 ipse
1254 2646 1536 2702 exhortari
1562 2661 1627 2701 ac
1660 2646 1862 2702 docere
1888 2646 2069 2717 possis
2104 2665 2117 2700 :

541 2742 597 2789 et
614 2737 777 2791 homo
824 2750 948 2790 cum
985 2736 1064 2792 sis
1088 2736 1247 2790 linem
1281 2737 1380 2791 tibi
1414 2736 1798 2806 praescriptum
1827 2752 1972 2802 esse,
2006 2752 2124 2794 me-

543 2828 651 2882 lius
680 2828 954 2899 intelligas
979 2847 994 2897 ;
1024 2842 1087 2883 ac
1117 2828 1332 2883 nullum
1387 2829 1668 2884 hominem
1725 2844 1849 2884 esse
1872 2829 2081 2899 peccati
2106 2869 2122 2895 ,

539 2921 749 2976 nullum
807 2923 1003 2978 mortis
1056 2932 1371 2991 expertem;
1430 2921 1642 2976 nullum
1692 2922 1787 2992 qui
1819 2936 1928 2975 non
1974 2921 2125 2991 judi-

539 3014 751 3066 candus
782 3014 853 3068 sit
887 3013 954 3068 de
984 3012 1243 3067 omnibus
1294 3027 1417 3083 quae
1452 3012 1508 3066 in
1538 3012 1650 3067 vita
1710 3012 1968 3082 gesserit,
2004 3011 2125 3066 nul-

540 3102 655 3158 lum
688 3104 781 3174 qui
808 3104 875 3160 de
908 3104 1103 3161 mortis
1137 3119 1250 3160 suae
1277 3105 1512 3161 termino
1533 3102 1737 3175 aliquid
1776 3104 1909 3159 certi
1962 3103 2119 3160 sciat.

1126 3299 1518 3316 *ῆν-

557 3295 1075 3334 =_________
1126 3299 1534 3316 ψ.

2151 3152 2199 3213 C

2238 1909 2410 1963 πολλὰ
2439 1912 2547 1978 γὰρ
2574 1912 2631 1963 ὲν
2660 1911 2849 1975 αὐταῖς
2874 1911 3127 1982 εὑρήσεις
3148 1911 3216 1965 τὰ
3242 1914 3519 1983 χρήσιμαο
3545 1913 3640 1965 καὶ
3662 1912 3825 1965 πλέον

2238 2002 2452 2056 πάντων
2484 2004 2553 2055 τά
2586 2019 2643 2054 τε
2694 2002 3088 2071 Σολομὼντεια,
3139 1996 3210 2055 τᾶ
3254 2020 3314 2056 τε
3347 2004 3703 2071 Ἰσοκράτεια.
3763 2004 3826 2056 El

2236 2092 2418 2163 βούλει
2466 2094 2561 2147 καὶ
2590 2093 2660 2147 τὰ
2686 2093 2781 2147 τοῦ
2820 2093 2997 2165 Ἰησοῦ
3029 2095 3123 2149 τοῦ
3152 2096 3322 2167 Σιρὰχ
3358 2095 3651 2165 διαμελέτα
3700 2096 3825 2166 βου-

2235 2183 2483 2253 λεύματα
2533 2185 2627 2239 καὶ
2674 2186 3000 2255 διδάγματα,
3030 2187 3105 2252 ὡς
3136 2188 3346 2241 ἐκεῖθεν
3392 2188 3487 2241 καὶ
3532 2187 3826 2251 πολιτικὰς

2234 2278 2328 2331 καὶ
2383 2277 2669 2348 βασιλικὰς
2720 2278 2921 2349 ἀρετὰς
2969 2279 3267 2348 δυνάμενος
3318 2278 3704 2344 ἀναλέξασθαι.
3744 2279 3825 2331 Τὰ

2231 2368 2341 2436 γὰρ
2394 2367 2529 2421 ἄλλα
2560 2368 2739 2423 πάντα
2786 2369 2885 2437 τῆς
2920 2368 3283 2421 θεοπνεύστου
3316 2369 3543 2439 Γραφῆς
3573 2370 3823 2440 σωτήρια

2230 2459 2386 2527 λόγια
2415 2460 2882 2514 συναναπνέεσθαί
2927 2477 3011 2513 σοι
3051 2461 3269 2524 πάντως
3298 2461 3630 2529 ἐπάναγκες.
3650 2462 3825 2514 Ἐπὲν

2227 2551 2285 2604 δὲ
2311 2551 2514 2615 τέλειος
2540 2552 2672 2624 γένῃ
2702 2552 2799 2623 τὴν
2828 2552 3108 2623 φρόνησιν,
3139 2552 3282 2623 κάμὲ
3313 2553 3405 2607 τὸν
3436 2554 3658 2624 βασιλέα
3680 2594 3696 2619 ,
3727 2554 3827 2608 καὶ

2229 2644 2463 2715 πατέρα,
2504 2647 2599 2698 καὶ
2647 2645 2941 2715 παιδευτὴν
2980 2646 3302 2718 εὐφρανεῖς,
3349 2647 3444 2700 καὶ
3491 2647 3653 2711 αὐτὸς
3696 2648 3825 2701 τότε

2227 2735 2496 2789 νουθετεῖν
2551 2736 2770 2808 ἑτέρους
2820 2736 3137 2810 ἀξιωθήσῃ·
3170 2739 3264 2793 καὶ
3309 2740 3371 2793 τὸ
3413 2741 3613 2794 οἰκεῖον
3657 2741 3821 2804 τέλος

2225 2827 2512 2900 ἅνθρωπος
2540 2828 2636 2893 ὢν,
2671 2830 2873 2900 μᾶλλον
2914 2830 3216 2905 ὲπιγνώσῃ,
3262 2832 3343 2885 ὅτι
3398 2832 3570 2896 οὐδεὶς
3600 2832 3822 2904 ἀνθρώ-

2225 2936 2343 2973 πων
2385 2920 2789 2993 ἀναμάρτητος,
2819 2923 2995 2987 οὐδεὶς
3048 2922 3354 2991 ἀνθρώπων
3405 2924 3697 2989 ἀθάνατος,
3731 2925 3823 2978 οὐ·

2223 3013 2335 3077 δεὶς
2365 3012 2671 3083 ἀνθρώπων
2699 3014 2795 3085 τὴν
2812 3014 2919 3069 τῶν
2945 3015 3292 3087 βεόιωμένων
3319 3015 3669 3084 διαφεύξεται
3697 3016 3824 3087 κρί-

2230 3121 2315 3157 σιν
2334 3144 2350 3170 ,
2379 3105 2551 3171 οὐδεὶς
2588 3106 2893 3177 ἀνθρώπων
2918 3103 3027 3162 οἶδε
3056 3107 3150 3162 τοῦ
3180 3108 3295 3177 βίου
3323 3109 3383 3162 τὸ
3408 3108 3603 3179 ἄδηλον
3633 3109 3818 3172 τέλος.

2703 3304 3009 3314 —_~

1570 3306 3009 3314 _._________________
3030 3306 3164 3333 ===
3183 3307 3206 3333 τ
3227 3306 3675 3335 H======
3768 3306 3776 3333 ι

1912 3467 2444 3549 MONITUM.

1417 3638 1579 3711 (Aug.
1606 3640 1733 3697 Mat.
1759 3642 1958 3711 Script.
1983 3652 2144 3699 veter.
2162 3660 2281 3700 nov.
2304 3645 2430 3701 coll.
2456 3652 2496 3701 t.
2529 3644 2595 3713 11,
2623 3662 2748 3719 pag.
2789 3647 2945 3719 679.)

607 3945 743 3999 Cum
802 3944 858 4001 in
910 3945 1191 4003 Vaticanis
1258 3949 1537 4006 codicibus
1611 3954 1832 4023 politica
1898 3956 2102 4027 scripta
2168 3959 2517 4029 vestigarem,
2582 3960 2765 4016 Basilii
2818 3976 3034 4033 quoque
3081 3960 3425 4031 imperatoris
3496 3961 3673 4018 editas
3742 3964 3814 4018 ad

552 4037 721 4092 filium
752 4038 1157 4097 admonitiones
1194 4041 1528 4109 lectitaham,
1564 4045 1633 4101 ab
1675 4047 1872 4117 iisque,
1908 4050 1961 4103 in
2000 4065 2109 4104 uno
2153 4051 2345 4105 saltem
2386 4052 2601 4119 codice,
2671 4063 2836 4123 caput
2880 4070 3039 4120 mn,
3096 4054 3240 4124 quod
3318 4060 3402 4109 est
3442 4056 3510 4109 de
3561 4057 3816 4124 pecunia:

536 4137 881 4199 contemptu,
954 4131 1149 4188 abesse
1192 4133 1466 4189 videbam.
1521 4135 1723 4192 Verum
1812 4139 1953 4193 idem
2016 4140 2187 4196 codex
2232 4145 2551 4212 prardictum
2588 4146 2858 4203 delectum
2889 4161 3013 4201 cum
3043 4147 3228 4201 fenore
3254 4145 3616 4201 resarciebat:
3650 4162 3821 4201 nam-

534 4237 642 4290 que
672 4223 726 4277 iu
759 4222 1194 4281 admonitionum
1226 4226 1443 4283 illarum
1468 4232 1913 4303 pervulgatarum
1940 4236 2111 4301 calce,
2154 4238 2261 4292 alia
2319 4240 2713 4297 subtexebatur
2757 4242 3003 4314 ejusdem
3064 4242 3251 4300 Basilii
3318 4244 3387 4300 ad
3438 4245 3687 4302 eumdem
3748 4248 3811 4301 lt-

533 4314 669 4369 lium
704 4315 1029 4388 admonitio,
1060 4334 1181 4391 quae
1202 4321 1258 4378 in
1292 4322 1650 4397 editionibus,
1680 4336 1947 4399 quantum
1978 4330 2109 4398 vidi,
2150 4332 2521 4395 desideratur.
