4104 6444
289 363 405 410 ιτιι

468 529 861 541 -σιο-

883 358 1175 420 BASILII
1206 360 1361 422 IMP.
1408 363 1856 425 PARAENESIS
1886 366 2186 427 ALTERA
2216 368 2318 428 AD
2357 369 2666 431 LEONEM
2696 371 2994 434 FILIUM.

3462 387 3593 441 Lvut

874 516 3596 563 ἓξὲξ-ἕξω

1126 898 1950 1023 ΒΑΣΙΛΕΙΟΥ
2039 904 2790 1029 ΒΑΣΙΛΕΩΣ

1572 1132 1799 1186 ΕΤΕΡΑ
1841 1134 2257 1189 ΠΑΡΑΙΝΕΣΙΣ

772 1309 952 1396 ΕΙΣ
1027 1310 1251 1395 ΤΟΝ
1320 1308 1701 1396 ΑΥΤΟΥ
1774 1309 2051 1397 ΥΙΟΝ
2127 1310 2577 1400 ΛΕΟΝΤΑ
2651 1316 3146 1411 ΒΑΣΙΛΕΑ.

1175 1717 1695 1835 BASILII
1760 1708 2739 1839 IMPERATORIS

1539 1956 1846 2016 ALTERA
1883 1956 2381 2017 EXHORTATIO

558 2128 713 2218 AD

818 2130 1259 2221 FILIUM
1363 2128 1690 2222 SUUM
1803 2126 2302 2222 LEONEM
2401 2128 3336 2223 IMPERATOREM.

378 2467 449 2522 Ἥ
485 2467 612 2522 θεία
662 2467 762 2523 καὶ
796 2470 1043 2540 παναγία
1076 2470 1248 2542 Τρίας
1295 2472 1330 2543 ἡ
1377 2472 1789 2544 παντοδύναμος
1818 2475 1913 2528 xui.
1939 2477 1963 2536 ,Α

2089 2474 2281 2530 Divina
2316 2483 2369 2530 et
2391 2475 2740 2530 sanctissima
2773 2475 2886 2530 Tr’n
2914 2484 3041 2540 ttas,
3074 2491 3198 2546 qua:
3232 2486 3316 2531 est
3349 2476 3609 2547 omnipo-

296 2559 565 2626 ζωοποιδς
592 2559 897 2631 ἀγαθότης,
941 2563 975 2634 ἠ
1004 2564 1063 2616 ὲν
1086 2563 1270 2633 τρισὶν
1322 2564 1691 2619 ὑποστάσεσιν
1718 2568 1916 2636 δμοουο

300 2655 432 2717 σίως
466 2653 831 2725 δοξαζομένη,
880 2655 945 2709 τὸ
979 2655 1323 2728 ὑπερϐάλλον
1356 2657 1623 2726 ἐπιδεῖξαι
1653 2658 1915 2730 βουλομέ-

299 2764 368 2817 νη
422 2748 529 2819 τῆς
562 2746 778 2812 οίκείας
815 2747 1176 2818 ἀγαθότητος,
1202 2750 1298 2804 xui
1339 2750 1398 2804 ὲν
1450 2751 1587 2805 πᾶσι
1643 2754 1741 2823 μὲν
1802 2756 1915 2818 τοῖς

298 2835 446 2905 οὖσι,
475 2842 863 2914 κατεξαίρετον
886 2841 943 2895 δὲ
962 2842 1058 2896 τοῦ
1087 2841 1379 2915 ἀνθρώπου
1408 2843 1666 2913 πρόνοιαν
1728 2846 1916 2899 ποιού-

303 2934 465 3003 μένη,
499 2936 621 2988 κατ’
654 2935 843 2989 εἰκόνα
881 2935 1021 2990 ίδίαν
1043 2935 1103 2989 τὸ
1132 2935 1321 3007 νοερὸν
1347 2935 1542 2990 τούτου
1565 2936 1911 3009 δημιουργή-

302 3042 469 3088 σασα,
497 3025 627 3097 δόξῃ
651 3042 712 3079 τε
742 3026 840 3080 xui.
866 3028 1001 3097 τιμῇ
1054 3025 1474 3096 στεφανώσασα,
1527 3027 1723 3098 σοφίαν
1764 3027 1916 3099 αὐτῷ

300 3119 641 3188 ἐδωρήσατο,
665 3119 734 3172 δι’
755 3113 825 3191 ἧς
840 3119 983 3174 κατά
1012 3118 1074 3173 τὸ
1117 3119 1338 3175 δυνατὸν
1358 3120 1492 3174 Θεὸν
1519 3119 1787 3191 γνωρίσαι
1821 3121 1917 3174 δυ·

300 3209 558 3279 νάμενος.
588 3208 802 3274 δοξάζοι
853 3209 942 3263 διά
992 3210 1195 3274 παντὸς
1230 3210 1324 3263 τὸν
1367 3209 1474 3263 τῶν
1509 3210 1766 3264 ἀπάντων
1795 3210 1916 3264 κτί-

303 3319 441 3373 στην
467 3319 484 3335 ο
541 3304 575 3373 ἠ
623 3302 788 3371 σοφία
825 3303 1006 3357 τοίνυν
1049 3303 1115 3356 ἐκ
1145 3302 1247 3372 τῆς
1272 3302 1445 3374 αὐτῆς
1499 3302 1918 3375 μεγαλειότητος

297 3398 417 3458 τοῖς
472 3395 784 3467 ἀνθρώποις
835 3394 1073 3459 δοθεῖσα,
1134 3394 1417 3467 προδήλως
1477 3394 1569 3448 xui
1639 3395 1779 3467 καλὴ
1824 3397 1917 3449 καὶ

298 3488 511 3558 τερπνὴ
534 3488 609 3550 ὼς
652 3485 787 3540 Θεοῦ
820 3485 994 3557 δῶρον
1024 3486 1356 3558 καθέστηκε.
1389 3488 1503 3541 Καὶ
1531 3488 1595 3541 σὺ
1649 3486 1764 3553 οὖν,
1827 3485 1916 3539 τέο

299 3599 432 3637 xm
456 3582 593 3652 ὲμδν
636 3582 1031 3652 θεοφύλακτον,
1085 3582 1246 3654 σοφίᾳ
1301 3581 1704 3653 ὲκτρεφόμενος
1756 3581 1916 3650 γενοῦ

298 3676 596 3747 φιλόσοφος
630 3677 711 3747 (2)
745 3677 810 3729 ἐκ
840 3676 933 3729 τοῦ
967 3676 1059 3728 τὸν
1090 3675 1224 3728 Θεδν
1253 3673 1546 3744 φοϐεῖσθαι
1581 3691 1595 3706 ο
1636 3673 1781 3745 ἀρχὴ
1807 3673 1918 3746 γὰρ

299 3767 500 3835 σοφίας
522 3766 689 3835 φόϐος
721 3766 935 3837 Κυρίου
969 3782 983 3797 ·
1034 3765 1257 3829 σύνεσις
1289 3765 1345 3819 δὲ
1375 3765 1579 3836 ἀγαθὴ,
1632 3766 1766 3818 πᾶσι
1807 3768 1919 3829 τοῖς

2022 2577 2140 2623 lens
2188 2567 2587 2638 viviﬁcansque
2644 2567 2888 2635 bonitas,
2926 2568 3102 2624 trihus
3158 2569 3609 2623 consubstantia-

2018 2659 2164 2713 libus
2212 2660 2264 2714 in
2318 2658 2572 2730 personis
2609 2658 2952 2721 honoranda.
2987 2659 3117 2713 dum
3154 2676 3423 2715 summam
3451 2674 3608 2715 suam

2022 2751 2413 2823 benignitatem
2467 2753 2630 2820 gestit
2685 2752 3092 2817 demonstrare,
3144 2764 3307 2823 atque
3362 2752 3609 2807 omnium

2018 2832 2227 2909 reruin,
2251 2843 2344 2898 sed
2373 2845 2607 2898 hominis
2635 2844 2933 2914 prreeipue,
2972 2858 3163 2899 curam
3202 2860 3314 2915 prae
3344 2861 3401 2897 se
3433 2843 3607 2911 ferre;

2020 2933 2185 3004 hujus
2216 2933 2434 3005 quidem
2465 2934 2704 2988 animam
2745 2932 2811 2987 ad
2837 2934 3133 3003 imaginem
3161 2934 3247 2990 sui
3283 2934 3515 2995 creavit.
3556 2943 3612 2988 et

2020 3026 2195 3095 gloria
2220 3039 2387 3097 atque
2418 3024 2628 3080 honore
2653 3023 2962 3091 exornavit,
2985 3023 3426 3094 sapientiamque
3460 3024 3607 3079 indi-

2019 3120 2100 3176 dit
2133 3120 2342 3190 ;cujus
2376 3132 2481 3189 ope
2517 3117 2708 3181 Deum,
2744 3126 3020 3187 quatenus
3048 3115 3164 3171 ﬁeri
3208 3124 3408 3186 pmest,
3441 3130 3613 3185 agno-

2020 3221 2218 3281 sceret,
2253 3221 2583 3282 uaturaeque
2627 3209 2899 3265 universae
2935 3208 3276 3264 conditorem
3325 3222 3609 3278 nunquam

2019 3323 2127 3363 non
2162 3306 2480 3376 honoraret.
2534 3300 2722 3372 Itaque
2773 3302 3049 3373 sapientia
3087 3315 3154 3355 ex
3180 3298 3370 3354 eodeu
3418 3314 3612 3369 super-

2019 3415 2103 3455 na:
2132 3397 2485 3454 liberalitatis
2548 3396 2701 3450 fonte
2729 3395 3040 3460 dimanans,
3079 3392 3199 3447 sine
3222 3391 3391 3447 dub'o
3424 3400 3479 3447 et
3512 3394 3610 3445 de-

2019 3506 2149 3546 cora
2184 3498 2270 3547 est
2309 3497 2363 3546 et
2399 3480 2671 3559 jucunda,
2706 3486 2964 3542 videlicet
2994 3485 3120 3556 quia
3152 3483 3353 3539 donum
3382 3481 3474 3537 Dei
3503 3491 3609 3539 est.

2020 3583 2101 3638 Tu
2140 3597 2366 3655 quoque
2392 3581 2580 3652 igitur,
2610 3579 2683 3634 ﬁli
2720 3579 2793 3633 nti
2823 3577 2935 3650 (cui
2973 3578 3115 3632 Deus
3149 3577 3356 3630 utinam
3393 3590 3612 3644 semper

2021 3676 2285 3745 faveatl),
2325 3674 2610 3745 sapientiae
2645 3672 2785 3726 laete
2814 3671 3080 3735 nutritus,
3130 3670 3515 3740 philosommut
3560 3676 3614 3722 to

2024 3770 2268 3826 timendo
2300 3767 2471 3824 Deum
2498 3768 2755 3839 prolitere
2787 3784 2800 3820 :
2837 3766 3055 3820 initium
3081 3762 3287 3834 quippe
3329 3761 3613 3831 Sapientia:

297 3833 555 3912 ποίοῦσῷ
584 3857 778 3927 αὑτήν.
816 3833 1048 3924 ”Λγάπα
1081 3856 1262 3910 τοίνυν
1286 3855 1379 3908 τὸν
1427 3833 1638 3928 Κύριον
1702 3855 1761 3921 ὲξ
1787 3853 1916 3926 ὅλης
1948 3833 1963 3889 Ῑ

2022 3863 2187 3917 timor
2237 3859 2496 3927 Domini;
2564 3867 2712 3913 recte
2766 3866 2945 3909 autem
3011 3854 3235 3923 sapiunt
3292 3852 3613 3923 quicunque

296 3950 479 4020 ψυχῆς
497 3951 595 4003 καὶ
624 3949 857 4019 καρδίας
889 3966 984 4002 σου
1010 3948 1106 4003 καὶ
1130 3947 1284 4018 αύτῷ
1310 3947 1565 4019 λάτρευε,
1614 3947 1712 4000 καὶ
1750 3946 1914 4002 αὐτὸν

301 4046 467 4114 μόνον
490 4042 680 4107 δόξαζε
706 4041 1054 4112 Δημιουργδν
1102 4039 1335 4110 ούρανοῦ
1368 4040 1463 4094 xui.
1510 4042 1615 4110 γῆς
1670 4039 1766 4092 καὶ
1825 4039 1916 4092 θα.

297 4133 535 4204 λάσσης,
563 4134 787 4186 πάντων
810 4149 871 4185 τε
897 4130 1112 4203 ὁρατῶν
1141 4130 1238 4184 xu‘.
1267 4129 1539 4202 ἀοράτων,
1576 4128 1635 4193 ὃς
1674 4127 1768 4181 καὶ
1818 4144 1914 4195 γε·-

298 4225 528 4295 νήσεταί
556 4241 639 4277 σοι
676 4221 869 4293 βοηθὸς
895 4225 953 4277 ὲν
970 4223 1171 4285 πάσαις
1203 4222 1325 4283 ταῖς
1359 4220 1596 4292 ἡμέραις
1622 4218 1723 4290 τῆς
1746 4234 1915 4289 προσ-

300 4316 499 4388 καίριον
552 4313 717 4385 τῆσδε
753 4312 903 4383 ζωῆς
940 4329 1055 4379 σου,
1084 4313 1179 4366 καὶ
1224 4313 1282 4365 ἐν
1308 4311 1470 4365 αίῶνι
1496 4309 1574 4381 τῷ
1625 4309 1909 4380 μέλλοντι·

300 4407 567 4476 σχόλασον
592 4408 661 4477 τῇ
694 4405 1023 4476 θεοδιδάκτῳ
1056 4404 1221 4475 σοφὲᾳ
1250 4403 1328 4473 (5)
1358 4418 1371 4431 ·
1412 4402 1613 4474 ἀρίστη
1666 4401 1776 4471 γὰρ
1818 4401 1913 4470 ἥδε

301 4499 650 4569 ὑπάρχουσα,
669 4498 790 4551 δυσὶ
819 4498 1046 4569 τρόποις
1069 4498 1127 4551 ὲν
1156 4496 1235 4567 τῷ
1284 4494 1561 4567 ἀνθρώπῳ
1623 4494 1912 4565 θεωρεῖται

297 4609 359 4645 τε
396 4594 492 4645 xui.
529 4589 881 4661 γνωρίζεται,
914 4589 1197 4644 τουτέστιν
1228 4591 1288 4643 ὲν
1322 4588 1502 4657 λόγοις
1534 4588 1630 4642 xu‘.
1681 4589 1739 4640 ὲν
1779 4589 1907 4658 ups-

298 4685 447 4746 ταῖς.
492 4682 646 4736 Αὺτὰ
672 4682 741 4735 τὰ
771 4681 909 4753 βάθη
943 4681 1053 4735 τῶν
1082 4680 1426 4753 πραγμάτων
1479 4678 1728 4751 ἐναργῶς
1771 4679 1881 4732 ἀπο

298 4774 648 4838 δεικνύουσα,
677 4774 773 4826 καὶ
804 4775 862 4826 ὲν
887 4775 1058 4844 σεμνῇ
1086 4773 1334 4844 διαγωγῇ
1368 4770 1464 4825 xui.
1492 4770 1677 4841 ἔργοις
1723 4770 1908 4838 ἁγνοῖς

300 4868 399 4920 καὶ
447 4866 764 4935 θεαρέστοις
785 4881 799 4895 ·
849 4865 918 4919 δι’
945 4860 1022 4920 ὧν
1063 4864 1290 4919 δύναταί
1322 4881 1404 4928 τις
1433 4864 1612 4919 πάντα
1646 4864 1911 4933 πράττειν

301 4960 606 5032 ἁρμοδίως,
638 4958 779 5013 ὥστε
810 4961 903 5014 xui
930 4959 1061 5013 Θεὸν
1089 4957 1438 5031 θεραπεύειν,
1467 4958 1564 5011 xui
1598 4955 1911 5027 ἀνθρώποις

304 5054 480 5122 μέγας
532 5054 627 5105 καὶ
672 5051 881 5117 ἔνδοξος
924 5050 1368 5107 ἀναδείκνυσθαι.
1421 5050 1570 5120 Τίμα
1622 5050 1787 5119 ἱερεῖς
1818 5048 1911 5101 xui.

304 5142 643 5215 πρεσϐύτας,
680 5143 933 5213 καθάπερ
958 5145 1158 5213 γονεῖς,
1194 5144 1345 5207 ὅπως
1376 5142 1473 5196 xui.
1499 5141 1664 5204 αὐτὸς
1716 5140 1901 5193 κελεύ-

306 5254 393 5290 σει
421 5235 560 5290 Θεοῦ
593 5236 833 5307 τιμηθῇς
868 5237 934 5290 ὲκ
964 5236 1172 5291 παίδων
1216 5234 1328 5289 τῶν
1356 5234 1573 5288 οἰκείων
1608 5234 1704 5286 xui.
1740 5233 1898 5285 ἁλλο-

302 5328 495 5399 τρίων.
534 5325 779 5398 Πτωχοῖς
808 5329 903 5382 καὶ
941 5327 1146 5382 ὲνδεέσι
1174 5327 1269 5383 xui.
1313 5330 1372 5381 ὲν
1418 5326 1687 5393 ἀνάγκαις
1719 5324 1902 5396 ὑπάρο

2018 3955 2167 4011 illam
2220 3959 2497 4009 exercent.
2549 3950 2689 4021 Ergo
2720 3947 3009 4002 Dominum
3062 3954 3178 3997 toto
3223 3959 3289 3996 ex
3339 3942 3525 3996 animo
3558 3952 3613 3995 et

2017 4047 2184 4104 corde
2247 4059 2395 4110 ama,
2457 4044 2643 4113 illique
2685 4042 2896 4095 cultum
2930 4037 3126 4110 exhibe
3153 4051 3169 4090 :
3196 4045 3361 4106 atque
3396 4043 3453 4088 ut
3476 4036 3603 4088 titti-

2017 4154 2142 4194 cum
2177 4136 2329 4202 caeli,
2384 4144 2545 4190 terrae
2581 4135 2860 4201 marisque
2891 4128 3191 4183 visibilium
3219 4124 3611 4181 invisilulium-

2015 4245 2124 4302 que
2151 4227 2508 4284 Conditorem
2543 4225 2775 4287 honom,
2818 4221 2911 4292 qui
2962 4218 3206 4274 vicissim
3255 4216 3352 4272 tibi
3403 4227 3518 4272 tum
3553 4216 3611 4273 in

2016 4324 2164 4380 omni
2188 4324 2289 4377 hac
2320 4321 2608 4392 temporali
2633 4321 2762 4385 vita,
2804 4326 2917 4372 tum
2952 4316 3006 4370 in
3036 4315 3221 4368 tuturo
3244 4314 3445 4368 sceeulo
3474 4310 3612 4365 t‘avi-

2018 4426 2108 4472 tor
2144 4415 2273 4472 erit.
2308 4414 2493 4469 Sacra:
2540 4411 2845 4483 prmserlim
2895 4408 3163 4463 doctrinae
3216 4405 3457 4460 studium
3508 4404 3614 4457 im-

2016 4508 2238 4579 pende;
2274 4506 2414 4561 hanc
2443 4504 2591 4559 enim
2628 4510 2681 4557 et
2706 4517 2820 4572 pra:
2849 4497 3066 4553 cmteris
3096 4505 3151 4551 et
3190 4494 3483 4564 dupliciter
3511 4494 3613 4545 ho-

2016 4597 2149 4651 mini
2206 4612 2331 4652 esse
2400 4595 2587 4649 utilem
2646 4599 2992 4662 compertum
3058 4594 3167 4649 est,
3221 4584 3349 4655 quia
3402 4580 3616 4636 scilicet

2015 4706 2139 4745 eum
2168 4689 2371 4743 litteris
2422 4688 2587 4744 simul
2631 4696 2685 4740 et
2731 4684 3033 4739 virtutibus
3063 4678 3309 4734 instruit.
3364 4674 3499 4729 Nam
3527 4689 3615 4727 re-

2015 4796 2136 4834 rum
2166 4779 2241 4833 illi
2280 4786 2532 4833 naturam
2563 4776 2808 4831 intimam
2841 4772 3135 4844 perspicue
3175 4770 3418 4831 revelat,
3462 4783 3613 4822 eunt-

2014 4875 2253 4943 demque
2283 4876 2516 4927 honesta
2540 4871 2674 4933 vita,
2695 4868 2851 4940 puris
2882 4866 3104 4935 Deoquc
3128 4864 3299 4935 gratis
3327 4860 3610 4933 Operihus,

2014 4965 2300 5020 ﬂorentem
2342 4963 2507 5019 eﬂieit
2540 4981 2554 5018 :
2590 4978 2654 5017 ex
2696 4975 2806 5031 quo
2867 4956 3245 5028 consequitur,
3304 4962 3364 5008 ut
3417 4963 3614 5007 cuncta

2013 5062 2161 5108 recte
2218 5053 2288 5107 ab
2345 5051 2567 5106 homine
2619 5049 2787 5113 ﬂant,
2856 5047 2965 5102 ι)οο
3015 5045 3201 5099 cultus
3264 5045 3611 5106 exhibentur,

2014 5146 2238 5215 ipseque
2274 5158 2504 5213 magnus
2533 5143 2676 5196 inter
2707 5140 2859 5195 cives
2889 5155 3022 5194 suos
3053 5146 3106 5193 et
3146 5138 3448 5208 prmclarus
3476 5150 3605 5189 eva-

2005 5238 2115 5291 dat.
2157 5239 2378 5291 llonora
2406 5236 2723 5291 sacerdotes
2749 5243 2803 5288 et
2831 5250 3017 5301 senes,
3050 5244 3339 5302 parentum
3404 5229 3607 5291 instar,

2007 5338 2068 5382 ut
2103 5339 2158 5381 tu
2203 5329 2445 5383 vicissim
2488 5327 2752 5383 honorem
2794 5341 2842 5380 ea
2891 5326 3002 5380 Deo
3047 5322 3346 5391 liberisque
3402 5320 3512 5374 tu7s
3561 5323 3616 5372 et

304 5437 459 5486 κουσι
494 5420 779 5491 μεταδίδου
810 5421 1109 5493 προθύμως
1135 5440 1151 5455 ο
1186 5419 1475 5490 γινώσκων
1510 5420 1594 5473 ὃτι
1628 5419 1694 5471 δι’
1723 5419 1904 5471 αὐτῶν

2017 5423 2205 5478 alienis
2237 5421 2620 5491 consequaris.
2684 5419 2972 5490 lnopibus,
3018 5414 3384 5478 calamitosis,
3425 5421 3476 5468 et
3522 5425 3617 5465 ue-

1853 5555 2087 5615 ΝΟΤᾹΞ.

376 5669 459 5740 (2)
504 5668 730 5741 Scilicet
771 5668 1094 5741 Philosophi
1141 5687 1237 5727 seu
1302 5670 1581 5741 Sapientis
1630 5685 1900 5740 agnomen

300 5753 502 5865 teipse
556 5740 666 5800 Leo
723 5742 931 5798 vitante
978 5740 1091 5797 sua
1136 5740 1505 5813 doctrinaque
1559 5754 1901 5798 consecutus

300 5823 365 5865 cs
395 5849 410 5865 .

2087 5675 2164 5746 ('5)
2224 5674 2429 5730 Revera
2484 5672 2687 5729 Leonis
2732 5670 3012 5741 Sapientis
3059 5668 3262 5743 scripta
3317 5666 3503 5724 multis
3557 5664 3616 5721 in

2016 5745 2356 5817 argumentis
2384 5745 2560 5802 sacris
2602 5753 2910 5802 versantur.
