4104 6444
584 379 678 421 i.ix
1626 411 1628 413 -
1940 384 2523 449 PROLEGOMENA.
3794 421 3854 463 i.x

577 486 839 539 cessitate
870 488 1074 555 pressis
1103 488 1358 544 alacriter
1396 490 1629 560 largire;
1665 503 1925 563 reputans
1951 498 2143 553 scilicet

2266 501 2524 567 δανείζων
2570 507 2728 578 Θεῷ,
2785 513 2913 585 παρ’
2943 515 3105 570 αὑτοῦ
3159 519 3413 593 ἀπολήψῃ

578 579 631 626 te
666 576 952 642 pecuniam
990 579 1134 668 apud
1170 578 1335 634 Deum
1386 583 1438 634 in
1476 581 1665 637 fenore
1704 599 1929 653 ponere,
1968 603 1996 640 a
2043 607 2155 660 quo

579 664 839 731 majorem
873 676 1075 722 sortein
1099 664 1436 739 reportabis.
1471 674 1804 730 Beneficium
1849 693 1916 732 ne
1950 681 2002 733 in
2039 696 2160 734 cra~

1165 759 1390 825 Nescis,
1441 764 1627 828 enim,
1685 766 1858 836 inquit
1907 769 2166 824 divinuin'

574 754 776 806 stinum
827 755 1049 812 differas
1099 776 1112 812 :

574 841 871 913 Scriptum,
896 847 1022 914 quid
1053 853 1289 904 ctastina
1315 853 1426 907 dies
1457 857 1636 910 latura
1671 859 1760 912 sit.
1799 859 1932 915 Esto
1972 863 2156 916 animo

573 943 738 1003 atque
762 952 928 1007 opera
963 940 1196 995 liberali.
1232 941 1507 1014 Quidquid
1540 945 1688 1000 enim
1725 948 1780 1000 in
1817 958 1960 1004 terra
2010 952 2156 1007 seri-

567 1033 678 1092 tur,
733 1028 933 1083 ibidem
963 1036 1314 1091 succrescit:
1366 1039 1482 1093 sola
1509 1042 1855 1112 eleemosyna
1899 1053 1982 1100 est
2027 1060 2150 1115 qua:

568 1114 719 1168 humi
777 1127 915 1184 sata,
967 1120 1020 1175 in
1057 1123 1215 1180 caelis
1274 1130 1637 1199 centuplicem
1697 1133 1936 1189 fructum
1989 1138 2150 1206 parit.

567 1203 707 1276 Erga
761 1209 932 1266 bonus
963 1221 1083 1268 esto
1134 1216 1304 1284 initis,
1340 1220 1606 1277 adversus
1637 1239 1835 1293 pravos
1884 1241 2149 1291 severus;

569 1295 806 1356 blandus
859 1303 1212 1374 hominibus,
1261 1311 1635 1373 voluntatibus
1683 1327 1961 1375 ansterus.
2014 1321 2150 1376 Cum

563 1393 772 1448 sanctis
811 1394 943 1452 viris
978 1415 1236 1468 versare;
1275 1404 1550 1474 improbos
1583 1407 1710 1479 fuge
1739 1420 1793 1466 et
1815 1411 2086 1469 detestare
2123 1432 2136 1469 :

563 1474 926 1549 Corrumpunt
959 1486 1121 1553 enim,
1173 1498 1230 1542 ul
1259 1490 1334 1544 ait
1391 1491 1693 1565 Scriptura,
1745 1499 1904 1554 bonos
1967 1520 2138 1558 mores

561 1567 828 1638 colloquia
851 1587 1034 1639 prava.
1075 1577 1267 1646 lniqun
1311 1579 1518 1636 homini
1557 1599 1627 1640 ne
1652 1585 1957 1645 blandiaris
1985 1607 1999 1653 ;
2030 1592 2139 1645 iino

563 1673 696 1714 vero
727 1677 851 1715 eum
875 1678 1222 1723 commoneto
1253 1686 1266 1722 :
1295 1688 1419 1727 nam
1443 1675 1488 1730 si
1521 1679 1836 1748 rcsipuerit,
1863 1684 1998 1739 bene
2022 1695 2139 1750 est;

565 1747 650 1800 sin
689 1754 955 1821 propositi
1013 1763 1175 1811 tenax
1224 1760 1406 1826 fuerit,
1445 1747 1700 1823 acerbius
1752 1787 1876 1825 eum
1911 1747 2143 1847 corrige.

561 1836 653 1893 Sic
693 1843 837 1897 enim
879 1854 932 1900 et
965 1857 1172 1917 gratam
1221 1851 1330 1908 Deo
1387 1871 1500 1912 rcin
1559 1859 1748 1929 facies,
1783 1873 1836 1918 et
1874 1867 2147 1923 hominem
2184 1867 2226 1921 Β

556 1929 709 1985 illum
769 1935 1012 2005 capistro
1071 1942 1235 1997 veluti
1290 1947 1599 2020 astringcs,
1657 1962 1822 2025 atque
1864 1959 1929 2011 ad
1981 1959 2147 2015 Deum

555 2029 996 2093 cognoscendum
1027 2036 1342 2104 compclles.
1381 2038 1491 2095 Etsi
1545 2044 1692 2098 enim
1731 2049 2012 2118 paulisper
2048 2053 2148 2105 do-

557 2109 709 2179 lebit,
771 2124 932 2186 teque
980 2121 1180 2188 oderit,
1234 2127 1432 2183 deinde
1489 2141 1669 2188 tamen
1731 2109 1979 2194 aeternus
2039 2138 2146 2197 tibi

553 2205 766 2262 amicus
825 2210 950 2264 erit.
1011 2209 1308 2271 Veritatem
1374 2235 1495 2276 ama
1563 2234 1618 2279 et
1677 2239 1934 2287 sectator.
2000 2232 2144 2290 Dens

552 2292 758 2362 quippe
791 2300 996 2354 veritas
1030 2312 1135 2358 est.
1175 2304 1468 2365 Melitiendi
1525 2316 1746 2372 nescius
1775 2321 1852 2374 sis
1880 2338 1899 2385 ;
1950 2339 2146 2392 parens

551 2383 697 2437 enim
739 2391 1009 2452 mendacii
1041 2393 1315 2453 diabolus.
1355 2400 1412 2454 In
1458 2405 1639 2462 sacris
1673 2411 2035 2470 concionibus
2063 2419 2141 2471 si-

555 2473 780 2530 Ientium
830 2492 1071 2551 servato,
1117 2486 1247 2542 dum
1294 2489 1388 2546 Dei
1446 2510 1732 2555 sei-mones
1778 2503 2139 2576 audis:quin

554 2567 691 2622 adeo
721 2569 888 2626 Deum
939 2587 1120 2631 mente
1169 2587 1262 2634 tua
1298 2599 1394 2652 per
1449 2590 1622 2642 otium
1661 2596 1894 2649 rcvolvc.
1933 2598 2069 2653 Cum
2110 2617 2140 2656 a

552 2662 888 2729 quotidianis
911 2671 1060 2726 curis
1080 2675 1317 2740 vacabis,
1342 2691 1410 2731 ne
1427 2681 1502 2735 sis
1536 2682 1682 2740 iners
1710 2701 1723 2747 ;
1761 2692 1962 2743 eteuiin
2000 2692 2142 2747 iner-

553 2755 627 2807 tia
694 2759 1008 2815 morbosum
1049 2767 1290 2822 animum
1338 2786 1649 2844 corpusque
1705 2778 1856 2834 facit.
1927 2782 2138 2841 Divinis

554 2845 714 2903 libris
747 2863 966 2920 operam
995 2855 1097 2922 da;
1144 2874 1331 2929 pacem
1387 2864 1584 2936 dilige;
1629 2871 1885 2926 scandala
1935 2875 2136 2932 devita.

561 2934 760 2996 Uxoris
789 2951 895 2998 tuae
935 2949 1200 3006 sircietate
1254 2955 1528 3024 gaudeas;
1563 2961 1754 3017 alienae
1807 2981 1876 3020 ne
1915 2971 2134 3024 oculum

547 3031 768 3098 quidem
800 3033 1078 3095 intendas.
1128 3041 1315 3099 Fastui
1359 3050 1600 3121 denique
1639 3069 1902 3127 ramoque
1949 3061 2137 3130 gloria:

548 3137 616 3178 ne
650 3124 728 3180 sis
757 3129 1049 3187 obnoxius.
1072 3133 1253 3193 Patris
1282 3139 1361 3193 tui
1392 3144 1598 3199 monita
1624 3147 1916 3218 diligenter
1945 3163 2134 3209 custo-

546 3213 621 3269 di.
656 3215 826 3275 Nemo
858 3223 1002 3276 enim
1043 3227 1125 3281 sic
1169 3231 1376 3302 absque
1435 3235 1633 3292 invidia
1679 3213 1856 3308 docet,
1892 3255 1950 3300 ut
1977 3260 2132 3317 pater

547 3306 741 3364 filium.
771 3309 837 3366 Et
870 3313 986 3370 fieri
1011 3320 1230 3387 quidem
1260 3334 1442 3392 potest
1475 3336 1532 3381 ut
1575 3306 2131 3408 magister-discipulo

545 3401 807 3469 invideat,
864 3421 894 3462 a
953 3425 1064 3480 quo
1116 3412 1258 3470 forte
1300 3431 1645 3490 superetur:
1688 3443 1886 3498 parens
1948 3441 2129 3488 autem

544 3507 738 3563 magna
771 3497 942 3567 gloria
969 3513 1215 3573 augetur,
1237 3509 1282 3563 si
1300 3526 1422 3566 eum
1442 3513 1475 3568 fi

542 3599 674 3638 vero
690 3590 958 3646 maximus
979 3594 1122 3650 inter
1142 3599 1387 3659 homines
1405 3609 1622 3669 evadat.
1647 3611 2132 3673 Admonitionibus

543 3676 716 3743 patris
738 3681 818 3735 tui
851 3683 934 3739 fac
951 3691 1254 3760 auscultes,
1292 3712 1467 3766 neque
1500 3701 1815 3759 indecoram
1843 3708 2008 3763 vitain
2041 3711 2127 3765 in-

543 3769 760 3828 stituas.
793 3773 1030 3834 Omnino
1056 3799 1172 3840 mos
1205 3794 1333 3844 tuus
1365 3799 1419 3846 et
1458 3809 1642 3850 sermo
1665 3807 1718 3852 et
1749 3801 2009 3871 cogitatio
2035 3803 2123 3858 ho-

542 3872 754 3920 nestate
782 3883 1136 3932 exornentur.

3468 523 3534 576 τά
3591 525 3809 594 μείζονα
3835 542 3848 557 ⁸

2266 595 2664 668 ἀγαθοποιῆσαι
2698 602 3042 673 βουλόμενος,
3077 611 3153 681 μὴ
3207 613 3444 683 ὑπέρθου
3491 619 3572 680 εἰς
3617 617 3844 690 αὕριονυ

2269 689 2351 772 οῤ
2405 690 2511 759 γὰρ
2567 687 2755 759 οἶδας,
2810 697 2966 766 φησὶ,
2998 701 3055 753 τί
3105 703 3335 767 τέξεται
3376 708 3414 775 ἠ
3447 687 3705 763 ἐπιοῦσά
3753 713 3851 782 (4).

2283 763 2687 858 Ἐλεημοσύνην
2734 763 2923 857 ἀγάπα
2953 763 3060 848 καὶ
3086 763 3289 870 ταύτην
3315 763 3544 873 ἐργάζου
3565 821 3580 835 ’
3618 808 3724 859 πᾶν

2265 870 2326 924 τὸ
2356 874 2451 926 ἐπὶ
2479 875 2583 944 γῆς
2616 879 3007 949 σπειρόμενον,
3043 887 3138 937 ἐπὶ
3166 887 3268 956 γῆς
3299 870 3394 941 καὶ
3428 890 3622 958 φύεται
3649 909 3662 923 ο
3701 870 3855 953 ἐλεηζ

2266 964 2472 1037 μοσρνη
2495 967 2553 1020 δὲ
2586 969 2720 1039 μόνη
2752 972 2843 1024 ἐπὶ
2871 975 2972 1043 γῆς
2996 975 3095 1045 μὲν
3121 978 3500 1048 σπείρεται,ὲν
3529 984 3777 1053 οὐρανοῖς
3799 987 3854 1038 δὲ

2269 1054 2802 1127 έκατονταπλασίους
2852 1068 3098 1136 καρποὺς
3122 1069 3434 1128 ἀποδίδωσι.
3459 1073 3620 1128 Γενοῦ
3643 1077 3856 1148 ἑκάστῳ

2260 1147 2423 1216 ἤπιος
2475 1151 2659 1216 καλῶς
2707 1156 2982 1227 ἀγομένῳ,
3013 1159 3091 1229 τῷ
3143 1162 3418 1218 ἀδικοῦντι
3464 1166 3522 1219 δὲ
3576 1147 3847 1238 σοϐαρός·

2259 1237 2463 1302 γλυκὺς
2511 1243 2623 1303 τοῖς
2655 1242 2985 1312 ἀνθρώποις,
3021 1250 3141 1312 ταῖς
3185 1250 3402 1321 ἡδοναῖς
3455 1254 3500 1308 δ’
3554 1259 3852 1330 αὐστηρός.

2260 1329 2414 1382 Μετὰ
2464 1332 2627 1386 ὁσίων
2675 1335 2884 1403 ἀνδρῶν
2925 1340 3306 1412 ἀναστρέφου·
3338 1347 3629 1417 στρεϐλοὺς
3667 1329 3854 1406 δἠἀπ-

2256 1421 2473 1474 αναίνου
2500 1427 2594 1476 καὶ
2622 1426 2988 1498 ἀποστρέφου·
3012 1432 3332 1501 Φθειρουσι
3358 1437 3490 1508 γὰρ,
3522 1443 3709 1509 φησὶν,
3737 1442 3854 1512 ἤθη

2255 1513 2491 1579 χρηστὰ
2523 1517 2753 1583 ὁμιλίαι
2781 1521 2962 1572 κακαί
3005 1521 3105 1591 (5).
3153 1523 3350 1598 Ἀδίκῳ
3382 1529 3456 1600 μὴ
3507 1532 3854 1605 παραχώρει,

2254 1603 2390 1656 ἀλλά
2437 1604 2628 1660 τοῦτον
2673 1609 2949 1664 νουθέτειο
2995 1615 3101 1668 κᾶν
3149 1616 3249 1686 μὲν
3302 1603 3632 1694 ὲπιστρέψῄ,
3674 1603 3759 1680 εὖή
3787 1626 3854 1680 ἂν

2255 1694 2369 1765 ἔχοι
2389 1712 2402 1724 ·
2440 1698 2506 1750 ἂν
2528 1697 2573 1751 δ’
2593 1698 2852 1774 ἐπιμένῃ,
2878 1703 3300 1778 αὑστηροτέρως
3320 1710 3511 1766 τοῦτον
3533 1715 3850 1788 ἐπίστρεφε.

2251 1785 2410 1841 Οὕτω
2453 1789 2562 1862 γὰρ
2608 1793 2886 1863 πράττων,
2924 1797 3019 1849 καὶ
3065 1797 3186 1869 Θεῷ
3233 1802 3334 1872 μὲν
3385 1785 3850 1879 εὐάρεπθςήέάψ

2251 1883 2504 1935 κάκεῖνον
2553 1885 2613 1936 ἐν
2667 1887 2832 1956 κημῷ
2879 1887 3087 1956 ἀγξεις,
3143 1892 3234 1945 καὶ
3279 1895 3569 1965 γνωρίζειν
3619 1897 3852 1964 διδάξεις

2249 1975 2405 2030 Θεόν.
2437 1977 2535 2029 Ἂν
2560 1977 2668 2048 γὰρ
2714 1980 2809 2032 καὶ
2843 1980 2980 2052 πρὸς
3014 1985 3212 2052 μικρὸν
3241 1984 3474 2058 ὀδυνηθῇ
3511 1989 3606 2042 καὶ
3639 1994 3850 2062 μισήσῃ

2251 2086 2331 2132 σε,
2370 2068 2488 2122 ἀλλ’
2513 2065 2608 2124 οὖν
2657 2070 2841 2126 ἔσεται
2894 2076 3032 2144 μετὰ
3079 2075 3255 2131 ταῦτα
3305 2080 3538 2148 ἀγαπῶν
3564 2099 3624 2134 σε
3651 2084 3734 2146 εἰς
3759 2085 3853 2137 τὸν

2248 2159 2452 2213 αἰῶναο
2488 2161 2749 2231 ἀλήθειαν
2771 2165 2965 2232 ἀγάπα
2991 2168 3088 2220 καὶ
3113 2169 3312 2239 κτῆσαι
3346 2172 3552 2243 ταύτην
3571 2191 3586 2206 ο
3618 2175 3851 2246 ἀλήθεια

2246 2249 2358 2320 γάρ
2398 2251 2426 2303 ὁ
2458 2252 2622 2315 Θεός·
2654 2253 2850 2321 ψεῦδος
2886 2254 2944 2307 δὲ
2995 2257 3068 2327 μὴ
3115 2259 3390 2332 γνωρίσῃς
3413 2278 3425 2291 ·
3475 2261 3706 2330 ψεύδους
3740 2265 3850 2335 γὰρ

2251 2342 2432 2412 πατὴρ
2473 2345 2502 2395 ὁ
2541 2343 2804 2409 διάϐολος.
2854 2346 2944 2400 Ἑν
2971 2349 3290 2420 ἐκκλησίαις
3322 2354 3551 2424 ἡσυχίαν
3582 2355 3710 2424 ἄγε,
3737 2359 3848 2411 τῶν

2243 2433 2336 2486 τοῦ
2381 2434 2517 2488 Θεοῦ
2566 2435 2740 2504 λόγων
2789 2438 3024 2506 ἀκούων,
3058 2443 3154 2495 καὶ⁵
3188 2445 3325 2513 πρὸς
3355 2447 3521 2500 αὑτὸν
3559 2451 3620 2502 ὲν
3661 2452 3848 2504 ἀνέσει

2242 2525 2332 2577 τὸν
2362 2525 2487 2578 νοῦν
2522 2545 2616 2580 σου
2654 2529 2978 2601 ποιούμενος
3000 2550 3013 2564 ο
3043 2535 3173 2588 ὅταν
3225 2538 3290 2590 ἐκ
3342 2538 3450 2592 τῶν
3501 2543 3848 2612 συνεχουσῶν

2242 2617 2534 2689 ἡρεμήσῃς
2583 2622 2907 2690 φροντίδων,
2955 2623 3030 2697 μὴ
3082 2628 3252 2698 ἀργὸς
3305 2631 3472 2700 μένε’
3517 2633 3688 2705 ἀργία
3738 2635 3848 2705 γὰρ

2243 2711 2396 2763 νόσον
2423 2711 2600 2783 ψυχῆς
2624 2714 2797 2769 τίκτει
2830 2718 2927 2771 καὶ
2962 2719 3237 2790 σώματος.
3269 2723 3398 2788 Ταῖς
3432 2725 3607 2791 θείαις
3635 2727 3846 2797 βίϐλοις

2244 2803 2533 2873 ένασχολοῦ
2559 2823 2572 2837 °
2609 2808 2834 2880 εἰρήνην
2863 2811 3056 2879 ἀγάπα
3079 2830 3092 2844 ·
3147 2815 3423 2871 σκάνδαλα
3463 2820 3842 2892 ἀποστρέφου.

2255 2895 2485 2950 Γυναικὶ
2515 2900 2675 2969 μέλος
2710 2903 2816 2974 ἰδίᾳ
2842 2905 3023 2970 γενοῦ,
3053 2905 3311 2981 ἀλλοτρίᾳ
3327 2910 3382 2963 δὲ
3413 2912 3537 2981 μηδ’
3571 2913 3845 2986 ὀφθαλμῷ

2241 2992 2632 3064 προσεγγίσῃς.
2675 2995 2855 3063 Τύφον
2883 2997 2978 3050 καὶ
3008 2999 3312 3066 κενοδοξίαν
3357 3002 3433 3073 μὴ
3483 3006 3691 3077 κτήσῃ·
3747 3006 3843 3060 τοῦ

2243 3082 2448 3152 πατρός
2497 3101 2592 3137 σου
2628 3085 2755 3147 τοὺς
2787 3087 2980 3156 λόγους
3026 3091 3286 3160 ἀσφαλῶς
3336 3095 3571 3164 φύλαττε
3599 3113 3612 3126 ⁶
3658 3100 3844 3164 οὐδεὶς

2161 3214 2204 3276 C
2237 3173 2343 3244 γάρ
2376 3174 2623 3243 ἀφθόνως
2647 3175 2908 3245 διδάσκει,
2936 3179 3012 3245 ὡς
3045 3184 3073 3234 ὁ
3100 3185 3304 3254 πατὴρ,
3323 3185 3511 3240 τέκνον
3532 3205 3544 3218 ’
3581 3189 3845 3245 διδάσκα-

2237 3267 2324 3328 λος
2344 3268 2473 3340 γάρ,
2492 3268 2566 3332 ὼς
2589 3270 2757 3336 εἰκὸς,
2793 3271 2979 3340 φθονεῖ
3003 3275 3220 3346 μαθητῇ
3252 3279 3530 3351 γενομένῳ
3561 3282 3708 3353 ὑπὲρ
3737 3285 3842 3339 αὺ-

2229 3358 2348 3410 τόν·
2383 3359 2568 3430 πατὴρ
2617 3360 2672 3412 δὲ
2730 3362 2975 3435 μεγάλην
3011 3364 3126 3435 ἔχει
3169 3367 3348 3432 δόξαν,
3381 3369 3587 3424 ὁπόταν
3639 3373 3731 3447 ἴδῃ
3779 3375 3842 3427 τὸ

2235 3449 2429 3502 ἑαυτοῦ
2463 3449 2653 3503 τέκνον
2681 3451 2743 3506 οὐ
2776 3453 2937 3522 μόνον
2965 3454 3106 3528 ὑπὲρ
3135 3457 3330 3524 αὑτὸν,
3362 3461 3500 3515 ἀλλὰ
3545 3464 3637 3518 καὶ
3691 3466 3842 3537 ὑπὲρ

1481 3515 1585 3572 lius
1609 3533 1744 3576 suus
1764 3533 2001 3592 superet,
2023 3525 2132 3580 imo

2776 3515 2789 3522 -
3075 3515 3087 3528 ι
3317 3515 3329 3524 ι
3551 3515 3611 3518 νίν
3701 3515 3833 3537 ἠτι-

2248 3539 2464 3592 ἑκαστον
2496 3540 2605 3593 τῶν
2635 3541 2942 3614 ἀνθρώπων
2991 3548 3209 3603 πάντων
3261 3553 3570 3623 γενόμενον.
3621 3555 3840 3611 Νουθε-

2238 3633 2360 3684 σίαν
2413 3636 2619 3705 πατρός
2672 3654 2765 3690 σου
2817 3639 3004 3704 ἄκουε,
3031 3642 3128 3695 καὶ
3167 3645 3425 3715 ἀσέμνοις
3473 3649 3698 3718 τρόποις
3759 3653 3838 3723 μὴ

2235 3724 2602 3788 ἑξακολούθει.
2659 3729 2829 3782 Παντὶ
2875 3731 2931 3783 δὲ
2980 3733 3170 3805 τρόπῳ
3221 3739 3678 3811 κατακοσμείσθω
3735 3759 3835 3798 σου

2232 3818 2328 3870 καὶ
2356 3813 2485 3889 ἦθος
2517 3822 2610 3873 καὶ
2636 3821 2794 3889 λόγος
2828 3826 2922 3877 καὶ
2955 3825 3158 3897 νόημα.

2043 4065 2276 4122 NOTAE.

609 4147 685 4219 (li)
721 4147 880 4209 νων.
912 4173 1083 4225 xxv",
1114 4161 1163 4215 l.

2301 4182 2379 4251 (5)
2412 4182 2426 4235 Ι
2461 4182 2714 4241 Corinth.
2744 4203 2834 4251 xv,
2855 4192 2946 4244 53.
