4104 6442
353 350 448 390 ut
1544 344 1838 404 VERSUS
1872 344 1952 403 IN

2025 343 2302 403 .EONEM
2347 341 2369 399 Ι
2379 340 2502 399 ΜΡ.
3541 345 3646 384 uti

1869 635 2086 747 IV

859 863 1306 951 ΣΤΙΧΟΙ
1398 863 1948 951 ΗΡΩΙΚΟΙ
2039 861 2261 953 ΚΑΙ
2344 860 3136 948 ΕΛΕΓΕΙΑΚΟΙ

1621 1049 1725 1097 ΕΙΣ
1764 1045 2024 1097 ΛΕΟΝΤΛ
2060 1045 2444 1094 ΦΙΛΟΣΟΦΟΝ

1395 1193 1946 1250 ΚΩΝΣΤΑΝΤΙΝΟΥ
1980 1194 2320 1250 ΜΑθιιΤοΥ
2357 1194 2590 1248 ΑΥΤΟΥ

1039 1521 1486 1614 VERSUS
1575 1520 2078 1615 HEROICI
2171 1522 2322 1611 ET
2411 1521 2960 1611 ELEGIACI

1561 1727 1628 1774 IN
1682 1727 1936 1776 LEONEM
1987 1729 2432 1774 PHILOSOPHUM

1407 1879 1921 1942 CONSTANTINI
1952 1879 2038 1940 EI
2046 1879 2142 1939 US
2207 1878 2622 1942 DISCIPULI.

1073 2017 1176 2090 (Ex
1213 2014 1274 2072 P.
1296 2015 1587 2088 Matranga‘.
1616 2015 1816 2071 Anecd.
1844 2014 2066 2082 ϐνιεεὶε,
2093 2013 2303 2080 Romae,
2326 2015 2486 2084 1850,
2517 2023 2558 2070 t.
2605 2015 2671 2083 ll,
2709 2032 2762 2088 p.
2807 2017 2960 2088 555.)

1119 2327 1183 2381 Α.
1979 2320 2034 2383 Α
2828 2324 2871 2378 l.

359 2423 548 2496 κυρία
581 2423 682 2494 μὲν
703 2419 1003 2490 δεδάηκας,
1031 2419 1131 2473 ὃσα
1162 2419 1581 2491 προγενέστεροι
1605 2417 1797 2487 ἄνδρες

2070 2412 2235 2468 Multa
2269 2412 2490 2482 quidem
2518 2411 2781 2474 docuisti,
2815 2420 3020 2482 quanta
3064 2411 3230 2482 prisci
3270 2412 3368 2466 viri
3395 2413 3651 2469 dixerunt

434 2515 612 2570 Φάντο
635 2513 761 2568 ποθ’
786 2512 1063 2583 ὑψαγόραι
1089 2515 1190 2581 τῆς
1221 2510 1457 2582 θύραθεν
1488 2511 1682 2582 σοφίης
1716 2525 1730 2538 ·

1488 2511 1682 2582 σοφίης
1716 2525 1730 2538 ·
2140 2520 2382 2575 unquam
2411 2514 2596 2559 extera
2617 2505 2882 2574 sapientia
2916 2506 3107 2560 inllati.

378 2607 518 2661 Ἀλλ’
547 2608 576 2660 ὁ
607 2608 698 2670 σὸς
721 2605 895 2658 ὤλετο
922 2604 1114 2675 θυμὸς,
1140 2605 1264 2658 ἐπεὶ
1293 2605 1418 2667 πίες
1445 2603 1690 2676 ἁλμυρὸν
1721 2603 1888 2674 ὕδωρ,

2073 2595 2178 2651 Sed
2219 2605 2346 2650 tuus
2388 2596 2548 2665 periit
2582 2597 2832 2659 animus,
2866 2611 2990 2648 cum
3036 2609 3278 2648 amaram
3315 2594 3515 2648 undam
3566 2595 3649 2650 bi-

439 2699 680 2769 Σχέτλιε,
709 2696 1000 2766 δυσσεϐίης
1047 2695 1270 2769 κύματα
1291 2697 1620 2767 νηξάμενος.

2139 2689 2290 2755 bisti,
2322 2689 2533 2750 infelix,
2560 2689 2860 2758 impietatis
2895 2687 3155 2742 [luctibus
3191 2688 3471 2741 innatans.

365 2790 472 2854 Ὀς
505 2793 576 2860 ῥα
605 2789 1060 2860 παναιγλήεσσαν
1085 2789 1330 2858 ἀγακλέα
1363 2789 1522 2855 δόξαν
1545 2790 1713 2852 ἐάσας

2069 2779 2173 2847 Qui
2201 2781 2516 2848 praeclaram
2540 2781 2862 2835 eteximiam
2894 2781 3108 2834 laudem
3135 2779 3360 2834 mittens
3383 2777 3653 2833 Christia-

439 2880 784 2952 Χριστιανῶν
809 2881 952 2952 μετὰ
986 2897 1051 2950 γε
1076 2881 1306 2952 φαίδιμα
1340 2881 1564 2952 λουτρὰ,
1590 2882 1784 2943 τάλαν,

1623 2882 1784 2943 ἀλαν,
2141 2889 2333 2928 norum
2365 2875 2519 2944 puris
2552 2889 2582 2928 e
2612 2874 2842 2938 balneis,
2871 2873 3208 2926 inl'ortunate
3227 2913 3242 2938 ,

369 2965 480 3020 Καὶ
511 2968 652 3038 μετὰ
682 2969 987 3040 φρικαλέην
1009 2987 1074 3038 γε
1107 2970 1428 3042 θυηπολίην,
1460 2971 1706 3040 μεγάλην
1737 2989 1822 3037 τε,

2071 2964 2136 3020 Et
2164 2981 2230 3019 ex
2261 2965 2574 3020 venerando
2604 2964 2879 3019 sacriﬁcio
2929 2979 3255 3034 magnoque,
3289 2969 3343 3017 et
3367 2975 3655 3017 sacrorum

443 3056 554 3110 Kal.
579 3057 776 3125 βίϐλων
809 3059 971 3129 ἱερῶν
997 3059 1231 3129 θαύματ’
1258 3061 1560 3131 ἐρισθενέα,

1366 3061 1560 3126 ιθενέα,
2147 3056 2414 3110 librorum
2449 3056 2669 3126 inclytis
2699 3055 2987 3125 prodigiis,

383 3147 660 3218 Ἑλλήνων
687 3149 915 3221 ὀλέθρου
947 3153 1264 3222 μεγακήτεα
1296 3151 1459 3223 βυθὸν
1491 3153 1749 3222 ὀρούσας,

2071 3148 2389 3204 Graecorum
2427 3157 2637 3202 vastam
2689 3149 2883 3201 mortis
2906 3148 3163 3218 abyssum
3218 3161 3342 3200 cum
3393 3160 3651 3220 nogeras,

439 3235 647 3307 Θηρσὶν
670 3237 815 3310 ἕλωρ
835 3239 1024 3307 ἐγένου
1061 3239 1436 3312 θυμοδὸροισι,
1468 3241 1628 3298 Λέον.

2137 3240 2268 3295 feris
2288 3238 2469 3310 przeda
2494 3238 2667 3295 fartus
2688 3256 2746 3292 es
2771 3240 3073 3308 praecordia
3093 3239 3441 3300 vorantibus,
3462 3252 3494 3289 ο
3519 3235 3650 3290 Leu.

367 3323 470 3388 Τίς
500 3341 561 3377 σε
589 3323 1012 3396 βαρυστενάχων
1039 3329 1131 3380 τοῦ
1165 3327 1460 3400 πτώματος
1481 3331 1584 3384 οὐκ
1626 3331 1890 3404 ἐλεαίρει,

2072 3333 2206 3399 Quis
2240 3332 2308 3387 de
2340 3341 2391 3386 te
2416 3332 2647 3386 multum
2675 3331 2868 3384 dolens
2905 3343 3060 3385 tuum
3113 3346 3304 3385 casum
3347 3344 3456 3384 non
3489 3326 3655 3382 delle-

456 3417 529 3470 Ἥ
561 3434 620 3470 σε
644 3418 730 3481 τίς
751 3418 814 3472 οὐ
842 3417 1066 3490 δακρύει
1093 3421 1237 3474 τοῖον
1269 3422 1665 3494 ἐπιστάμενοςς

2145 3432 2253 3488 ret,
2310 3434 2406 3478 aut
2441 3425 2568 3494 quis
2610 3430 2664 3478 te
2719 3438 2834 3478 non
2881 3423 3194 3494 deploraret
3230 3423 3358 3476 talia
3405 3428 3652 3475 contem-

2151 3517 2373 3586 platus?

367 3596 488 3649 οὐκ
516 3595 610 3648 ἐπὶ
635 3595 842 3665 πέτραν
871 3594 1086 3667 ἔρεισας
1113 3597 1236 3660 ἑοὺς
1262 3597 1432 3662 πόδας
1463 3599 1846 3670 ἁδρανέοντας,

2072 3606 2190 3662 Non
2249 3607 2302 3662 in
2353 3615 2506 3678 petra
2550 3606 2712 3663 fixisti
2745 3617 2868 3662 tuos
2914 3607 3174 3662 mortales
3211 3608 3397 3678 pedes,
3446 3606 3500 3662 in
3542 3621 3654 3677 qua

440 3683 520 3761 ’ῌ
554 3688 636 3741 Evr.
667 3690 776 3752 πᾶς
815 3686 1024 3760 βεϐαὼς
1045 3687 1279 3759 ἐμπεδός
1316 3691 1432 3744 ἐστι
1461 3691 1605 3757 λίαν,
1997 3685 2040 3745 Β

1997 3685 2040 3745 Β
2141 3703 2256 3757 sola
2296 3701 2481 3756 omnis
2521 3701 2611 3771 qui
2648 3701 2898 3771 graditur
2925 3703 3113 3755 lirluus
3137 3712 3220 3755 est
3244 3702 3510 3764 maxime;

379 3782 526 3836 Ἀλλ’
551 3780 876 3852 ἐσεϐάσθης,
913 3781 1086 3852 μωρέ,
1123 3781 1264 3836 θεῶν
1301 3783 1614 3857 ἀπερείσιον
1638 3785 1816 3858 ὄχλον,

2069 3795 2176 3850 Sed
2209 3795 2448 3849 adorasti
2476 3835 2491 3860 ,
2516 3794 2732 3858 insane,
2767 3792 2998 3847 Deorum
3031 3793 3372 3850 innumeram
3414 3795 3652 3857 turbam,

448 3875 714 3944 Ἔξαρνος
747 3874 965 3942 γεγαὼς
991 3874 1300 3944 φωτοσόλου
1329 3877 1560 3950 Τριάδος
1595 3895 1610 3911 ⁸

1595 3895 1610 3911 ⁸
2141 3894 2370 3954 negator
2402 3884 2584 3938 factus
2613 3883 2918 3953 splendida:
2945 3885 3182 3939 Triadis.

363 3963 618 4017 Τσῦνεκά
646 3980 708 4017 σε
737 3963 973 4033 Χριστός
999 3965 1063 4032 γ’
1083 3965 1193 4018 ἀπὸ
1223 3966 1322 4037 μὲν
1350 3967 1539 4033 σθένος
1565 3970 1794 4041 ἄσχετον
1811 3969 1960 4042 ἕρσε,

2068 3975 2438 4043 Quamobrem
2471 3983 2522 4028 te
2549 3975 2803 4028 Christus
2832 3975 3031 4029 robore
3067 3975 3437 4029 immoderato
3473 3974 3650 4029 nuda-

438 4054 656 4123 τιτάνῳ
679 4055 763 4124 ἠδ’
789 4053 903 4119 ὄξει
927 4055 1020 4108 σὺν
1043 4058 1219 4127 στόμα
1253 4059 1624 4132 πλησάμενος,

2139 4068 2237 4133 vit,
2263 4067 2414 4121 calce
2445 4067 2644 4120 acerba
2669 4081 2732 4121 os
2765 4076 2920 4121 tuum
2961 4066 3220 4134 implens,
3245 4095 3278 4136 ι,

364 4141 468 4208 Οἷς
491 4145 748 4199 ἐθέλεσκε
775 4146 1000 4217 τρόποις
1026 4163 1041 4178 ο
1070 4147 1178 4202 ἔδει
1203 4149 1315 4222 γάρ
1343 4151 1369 4202 ἐ
1399 4151 1572 4206 ταῦτα
1595 4154 1837 4218 ὑποῖσαι,

2068 4158 2190 4224 Quo
2227 4157 2401 4211 voluit
2432 4155 2631 4222 modo;
2657 4157 2944 4228 oportebat
2973 4155 3116 4209 enim
3146 4155 3346 4209 letalia
3392 4153 3644 4220 sull‘erre,

443 4231 550 4290 Οἷα
576 4235 713 4290 Θεοῦ
742 4238 989 4308 μεγάλου
1021 4239 1176 4294 πόλλ’
1209 4241 1640 4313 ἐπικερτομέων.

2139 4264 2262 4317 qum
2289 4249 2341 4301 in
2377 4247 2544 4301 Deum
2580 4262 2840 4317 magnum
2871 4247 3039 4300 multa
3073 4245 3366 4303 cavillatus
3389 4260 3534 4303 cras.

1141 4331 1218 4386 B'.
1351 4386 1374 4402 _
2836 4339 2900 4393 ιι.

367 4415 576 4484 κλῦτε,
605 4418 763 4486 γοναὶ
787 4418 1061 4490 μερόπων,
1091 4421 1327 4493 Χριστοῦ
1347 4425 1692 4496 περιώνυμον
1720 4425 1891 4492 ἔθνος,

2069 4434 2292 4501 Audite,
2349 4435 2735 4505 generationes
2798 4432 3108 4496 hominum,
3175 4431 3384 4487 Christi
3442 4431 3647 4486 eximia

441 4508 507 4561 σε
539 4508 720 4562 πέλετ’
748 4510 995 4577 ἀγνῶτες
1021 4512 1206 4566 κείνου
1236 4514 1577 4588 ἀποστασίης
1603 4534 1618 4548 ·

2141 4529 2316 4598 plebs,
2345 4527 2437 4596 qui
2469 4527 2652 4582 vivitis
2681 4526 2855 4596 ignari
2887 4525 3009 4595 ejus
3043 4524 3365 4596 apostasiam;

365 4599 506 4662 Ζεὺς
536 4599 636 4667 μὲν
655 4599 752 4670 ἐην
780 4600 902 4666 θεὸς
930 4604 1100 4673 αὐτῷ,
1125 4604 1266 4675 ἔχων
1306 4605 1630 4678 ὁμοδέμνιον
1664 4608 1866 4680 Ἶιρην,

2067 4616 2283 4689 Jupiter
2334 4618 2556 4689 quidem
2601 4617 2703 4672 fuit
2754 4618 2831 4672 illi
2881 4620 3014 4672 deus
3048 4657 3064 4682 ,
3102 4617 3314 4670 habens
3362 4613 3652 4684 coniugem

442 4691 583 4754 Ζεὺς
609 4691 872 4762 ἀμέτρως
898 4695 1076 4764 ἐρὰων
1116 4695 1465 4766 παρθενικῶν
1490 4698 1724 4768 λεχέων*

2114 4713 2406 4778 lunonem,
2435 4711 2646 4784 Jupiter
2673 4711 2766 4782 qui
2811 4711 3100 4766 inunodicc
3124 4709 3339 4765 adamat
3359 4709 3655 4779 virginali-5

2143 4805 2331 4860 lilOl‘OS
2353 4821 2368 4870 ;

363 4870 804 4965 2393,1151)»;
836 4873 1022 4944 ὅμιλος
1043 4877 1330 4947 ἀπείριτος
1349 4877 1720 4950 οὐρανιώνων,

2069 4896 2287 4965 Jupiter
2320 4905 2374 4950 et
2404 4896 2511 4950 alia
2547 4896 2709 4951 turba
2748 4896 3036 4950 innumera
3061 4893 3396 4960 cmlicolunt,
3421 4895 3564 4949 sicut
3585 4894 3654 4948 de

442 4957 551 5016 0Ὲὰ
575 4979 635 5016 τε
662 4962 891 5018 ὡκείνου
917 4969 1051 5038 φησὶ
1081 4967 1445 5041 Μελητιάδης.
1994 5034 2038 5058 η

1216 4968 1445 5041 πτιάδης.
1994 5034 2038 5058 η
2143 4957 2235 5040 illa
2270 4988 2512 5058 loquitur
2544 4987 2837 5042 llomerns.

377 5053 524 5147 Ἀλλ’
556 5055 663 5122 ῑτε,
685 5054 867 5121 δεῦτε,
896 5034 1134 5121 ἅπαντες
1175 5034 1397 5124 ἀολλέες
1426 5061 1504 5131 (Ι)
1534 5060 1714 5115 ἐσθλοὶ
1738 5063 1962 5135 ἑταῖροι,
1993 5047 1998 5085 Ὗ

2025 5034 2038 5056 Ι
2144 5034 2235 5040 “’““”
2270 5034 2502 5058 ’⁷“⁴Ι“¹“’““
2544 5034 2736 5042 ““”⁷”“”“”
2757 5034 2838 5041 “““”’

2025 5073 2038 5094 ⁹
2071 5073 2178 5130 Sed
2207 5078 2309 5143 ite,
2351 5078 2515 5147 agite,
2564 5092 2757 5131 omnes
2789 5077 3065 5130 munerosi
3116 5084 3170 5130 et
3202 5075 3357 5146 probi
3406 5073 3646 5138 sodales,

442 5145 576 5198 Τοῖα
612 5147 1001 5220 προσείπωμεν
1024 5150 1188 5205 αὐτὸν
1214 5151 1566 5222 ὁμοφρονέως
1600 5171 1615 5185 ο

2137 5168 2341 5224 talibus
2376 5169 2521 5224 hunc
2557 5169 2908 5238 alloquamur
2938 5169 3184 5221 unanimi
3221 5183 3356 5222 voce
3389 5184 3401 5219 :

369 5241 568 5312 Ἔρρε,
594 5243 742 5315 κακὴ
775 5244 1007 5316 κεφαλὴ,
1037 5246 1295 5318 δνοφερὸν
1323 5247 1488 5318 δόμον
1521 5249 1700 5321 ’ᾼῖδος
1730 5253 1861 5306 εἵσω
1885 5294 1900 5318 ,

2062 5259 2186 5323 Abi,
2221 5261 2423 5313 malum
2459 5269 2646 5330 caput,
2689 5261 3038 5314 tenebrosam
3087 5261 3141 5312 in
3210 5257 3369 5312 inferi
3399 5257 3645 5320 domum,

446 5334 589 5405 Ἔρῤ
606 5335 620 5354 ’
647 5335 785 5406 αὐτῇ
811 5337 973 5409 σοφίῃ
998 5340 1253 5411 κάμμορε
1281 5342 1334 5393 κ’
1355 5341 1569 5412 ἀσεϐίῃ,

2134 5352 2220 5407 abi
2246 5356 2404 5408 istius
2437 5355 2722 5424 sapientia:
2754 5363 2807 5407 et
2840 5353 3142 5422 impietatis
3167 5352 3467 5420 particeps,

377 5427 552 5513 Ἀμφὶ
580 5426 1058 5499 Πυριφλεγέθοντ’,
1089 5432 1241 5486 ὀλοόν
1261 5433 1310 5487 τ’
1329 5435 1433 5488 ἀνὰ
1455 5435 1740 5508 Τάρταρον
1774 5440 1958 5508 εὐρὺν,

2063 5443 2223 5498 Circa
2264 5443 2714 5513 Phlegethontem
2745 5457 2996 5506 exosum,
3025 5446 3090 5495 ad
3127 5442 3418 5496 Tartarum
3452 5441 3643 5506 latum,

442 5509 578 5586 Ἦχι
615 5519 978 5590 Χρυσίππους
1012 5523 1338 5595 Σωκράτας
1367 5543 1425 5580 τε
1454 5527 1606 5593 ἴδοις»

1601 5570 1606 5588 .
2135 5535 2224 5589 ubi
2255 5533 2591 5605 Chrysippos
2620 5537 2984 5603 Soeratcsque
3016 5535 3222 5600 rideas,

1884 5665 2116 5722 NOTAE.

435 5767 515 5836 (ι)
531 5766 596 5821 Δ.
631 5767 852 5825 videtur
879 5769 1104 5834 ἀωλέεςο
