4104 6438
525 346 559 405 3
792 394 793 397 γ
1770 350 1812 406 1.
1825 343 2045 405 sums
2089 343 2179 405 ru
2199 343 2213 401 |
2231 341 2553 405 tosorm
2680 310 2685 313 ⁷
3791 342 3825 406 ι

530 461 678 517 enim
713 472 773 516 ut
822 460 1152 516 miraculum
1205 458 1475 514 miraculo
1528 457 1681 527 prius
1734 466 2127 528 perageretur;

2234 456 2331 511 καὶ
2372 457 2706 528 ὑπερφυοῦς,

525 554 733 622 majore
765 568 827 608 ac
890 561 1099 607 natum
1134 559 1302 606 totum
1336 552 1445 605 vim
1490 559 1809 621 superante,
1842 547 1990 619 quod
2024 548 2129 602 mi-

526 663 628 700 nus
660 656 779 712 est;
814 645 1077 716 quodque
1109 645 1238 697 licet
1282 659 1390 698 non
1436 654 1645 696 natura:
1690 641 1799 694 vim
1851 647 2046 701 totam,
2076 649 2132 692 at

529 738 654 807 spei
700 747 879 791 tamen
930 735 1204 789 rationem
1256 742 1499 801 superet.
1565 730 1867 801 Oportebat
1914 737 1973 781 ut
2013 742 2133 797 qua:

526 844 733 882 novum
766 829 874 883 sub
906 827 1023 881 sole
1058 833 1273 894 partum
1306 824 1523 876 editura
1553 829 1721 882 esset,
1766 820 1883 886 ipsa
1916 831 2135 888 quoque

527 936 638 975 non
668 920 948 975 communi
984 919 1243 973 ederetur
1288 925 1470 985 partu,
1502 928 1566 968 ac
1608 913 1700 983 qui
1735 920 1884 966 totus
1916 926 1977 965 ex
2013 926 2137 964 car-

2760 458 2819 511 τδ
2869 458 3119 517 ἔλαττον·
3162 459 3258 512 καὶ
3310 460 3358 511 εί
3417 459 3491 529 μὴ
3522 459 3823 530 ὑπερφυὲς,

2231 548 2348 604 ἀλλ’
2383 546 2479 602 οὖν
2515 550 2657 620 ὑπὲρ
2686 551 2897 605 ἑλπίδι.
2937 551 3085 605 Ἔδει
3111 552 3211 621 τὴν
3239 552 3543 621 μέλλουσαν
3577 552 3675 623 τὴν
3706 570 3825 607 και·

2232 641 2329 710 νὴν
2355 640 2458 694 ὑπὸ
2481 642 2571 694 τὸν
2604 643 2754 711 ἥλιον
2784 641 2931 695 λύειν
2966 643 3151 707 ὠδῖνα,
3183 643 3279 697 καὶ
3305 642 3477 713 αὐτὴν
3509 643 3585 714 μὴ
3632 645 3825 699 κοινῶν

2234 728 2462 793 ὠδίνων,
2504 732 2639 803 μηδὲ
2674 734 2734 785 τὸ
2766 733 2986 803 σύμπαν
3026 734 3228 801 σαρκὸς
3260 732 3357 785 καὶ
3402 733 3637 799 αἵματος
3688 728 3822 787 εἶναι

2237 820 2580 894 θελήματοςο
2630 825 2748 878 ἀλλ’
2802 826 2949 895 ἔχειν
2991 843 3043 878 τι
3084 825 3455 897 κρείττονοςῆ
3503 828 3645 879 κατὰ
3703 843 3826 879 συν-

2239 911 2433 982 ήθειαν
2466 916 2551 968 ὲνε
2562 917 2767 987 ργείας.

527 1016 617 1069 nis
644 1028 707 1067 ac
742 1010 1030 1082 sanguinis
1068 1011 1352 1065 voluntate
1401 1007 1582 1070 loret;
1624 1004 1719 1059 sed
1766 1005 1858 1075 qui
1890 1001 2123 1073 potioris
2149 1001 2356 1073 aliquid
2424 1007 2645 1065 virtutis
2692 1009 2953 1077 haberet,
2982 1025 3145 1082 quam
3203 1010 3608 1067 consuetudine
3678 1024 3829 1065 com-

522 1112 776 1178 paratum
807 1111 913 1159 est.

597 1195 776 1261 Tarda
809 1195 999 1262 itaque
1034 1191 1219 1262 proles
1243 1190 1516 1261 procedit,
1550 1189 1673 1245 sine
1716 1187 1930 1244 semine
1959 1196 2138 1242 mater

524 1304 590 1343 ex
629 1302 739 1342 non
770 1284 1107 1355 genitalibus
1136 1282 1363 1346 lumbis,
1392 1297 1504 1351 quo
1527 1288 1786 1350 parentes
1823 1276 2138 1333 sterilitatis

527 1382 771 1451 undique
808 1378 1025 1449 probris
1066 1378 1213 1432 velut
1240 1376 1497 1446 imlagine
1523 1373 1723 1438 cincti,
1769 1373 1838 1427 ab
1875 1373 1943 1427 iis
1966 1386 2131 1441 angu-

529 1473 675 1534 stiis,
720 1486 750 1525 a
781 1470 992 1524 carnali
1043 1484 1229 1524 errore
1280 1468 1527 1521 animum
1579 1465 2028 1536 comprimentes,
2069 1463 2138 1518 ad

530 1563 839 1632 prolilicum
896 1561 1111 1614 Patrem
1158 1558 1571 1623 subveherent,
1628 1571 1692 1611 ac
1735 1556 1861 1611 inde
1910 1556 2128 1610 fructus

526 1657 732 1709 donum
760 1654 1113 1709 deducerent.
1142 1651 1357 1705 Idcirco
1396 1650 1787 1721 pungebantur
1826 1649 2138 1705 sterilitatis

528 1744 762 1808 aculeis,
797 1750 856 1796 ut
896 1748 1078 1795 mente
1130 1746 1243 1794 tota
1296 1738 1409 1794 Deo
1457 1738 1804 1794 accederent.
1853 1737 1946 1794 Sic
1986 1740 2133 1795 enim

2311 1189 2912 1262 Προὲρχεταιτοίνυνή
2956 1191 3198 1262 ἄσπορος
3245 1193 3431 1265 μήτηρ
3469 1192 3531 1257 ἐξ
3563 1192 3830 1263 ἀκάρπων

2239 1276 2485 1344 λαγόνων
2508 1280 2781 1348 ὰᾲίγονος,
2812 1282 2902 1335 ἵνα
2926 1284 3038 1344 τοῖς
3080 1282 3308 1335 ὀνείδεσι
3364 1284 3462 1354 τῆς
3493 1284 3745 1346 ἀτεκνίας
3781 1286 3830 1335 οί

2240 1374 2566 1444 γεννήτορες
2587 1375 3135 1445 περιστοιχιζόμενοι,
3162 1378 3229 1447 τῇ
3258 1376 3469 1430 ἐκεῖθεν
3499 1378 3830 1446 στενοχωρίᾳ

2238 1465 2339 1533 τῆς
2370 1465 2636 1536 σαρκίνης
2663 1467 3116 1537 περιπλανήσεως
3142 1467 3236 1520 τὸν
3273 1467 3397 1521 νοῦν
3426 1468 3825 1531 συστείλαντες,

2240 1556 2379 1626 πρὸς
2402 1556 2494 1609 τὸν
2532 1558 2879 1628 καρποδότην
2924 1557 3334 1612 ἀναϐιϐάσωσιν
3354 1574 3368 1588 ·
3402 1558 3614 1611 ἐκεῖθέν
3645 1571 3703 1611 τε
3734 1558 3828 1611 τοῦ

2240 1649 2456 1721 καρποῦ
2486 1649 2548 1702 τὸ
2576 1649 2750 1721 δῶρον
2774 1652 3183 1719 καταγάγωσιν.
3208 1650 3308 1705 Διά
3338 1650 3495 1704 τοῦτο
3522 1654 3642 1713 ταῖς
3675 1652 3827 1705 ἀκίσι

2240 1738 2339 1807 τῆς
2384 1738 2646 1802 ἀπαιδίας
2686 1738 2989 1805 ἐνύττοντο,
3030 1740 3117 1794 ἵνα
3175 1740 3271 1810 ὅλῃ
3307 1739 3501 1811 γνώμῃ
3539 1739 3658 1810 Θεῷ
3691 1740 3830 1808 πλη-

524 1834 708 1889 tristia
741 1804 1055 1901 comparata
1087 1837 1239 1894 sunt,
1280 1840 1339 1884 ut
1380 1829 1582 1884 nedum
1611 1829 1862 1885 Joacltim
1905 1845 1971 1885 ac
2018 1832 2130 1884 An-

2239 1804 2499 1882 σιάσωσιν
2520 1845 2534 1858 ·
2568 1830 2652 1884 δτι
2682 1831 2894 1901 πέφυκε
2927 1804 2995 1885 τά
3019 1804 3329 1903 λυπηρὰ-ού
3363 1804 3522 1904 μόνον
3542 1804 3668 1896 τοῦς
3700 1804 3829 1904 περὶ

527 1940 653 1979 nam
682 1925 974 1994 justosque
1013 1922 1225 1978 similes
1267 1921 1335 1976 ad
1378 1920 1623 1975 divinam
1660 1922 2130 1991 propinquitatem

524 2018 772 2087 adigant,
796 2030 985 2071 verum
1012 2016 1177 2069 etiam
1227 2028 1322 2069 eos
1348 2013 1441 2083 qui
1473 2014 1690 2070 resilire
1722 2021 2000 2084 quaerunt,
2039 2015 2130 2068 ubi

522 2118 581 2165 et
610 2109 735 2164 illos
766 2105 1310 2177 comprehenderint,
1350 2103 1461 2160 Deo
1515 2105 1744 2175 propius
1805 2105 2083 2159 adducant
2116 2122 2129 2157 :

526 2205 587 2251 ut
619 2212 649 2251 e
671 2204 887 2260 contra,
916 2193 1097 2248 dulcia
1133 2207 1199 2248 ac
1227 2192 1589 2247 dill‘undentia
1626 2193 1894 2258 animum,
1925 2192 2128 2247 nedum

527 2296 637 2365 jam
680 2286 928 2352 dissitos,
959 2286 1057 2339 sed
1097 2294 1153 2338 et
1212 2299 1307 2339 eos
1372 2284 1465 2355 qui
1512 2284 1802 2355 propiores
1856 2291 2015 2339 erant
2057 2284 2127 2339 ab

527 2378 723 2435 eodem
748 2376 967 2446 longius
999 2375 1251 2445 abigunt.

601 2469 897 2523 Enimvero
930 2465 1183 2520 Joachiut
1216 2474 1269 2520 et
1294 2466 1458 2519 ‘Anna
1505 2464 1812 2521 sterilitatis
1835 2465 2131 2537 opprobrio

530 2574 560 2611 a
600 2558 886 2614 conservis
908 2558 965 2614 in
997 2568 1143 2612 terra
1186 2556 1515 2627 degentibus
1542 2557 1793 2627 appetiti,
1836 2557 1893 2611 in
1923 2557 2128 2611 cmlum

530 2651 596 2703 ad
632 2649 923 2704 Dominum
951 2663 1016 2704 ac
1046 2657 1257 2703 natura:
1278 2647 1551 2704 Fictorem
1584 2658 1768 2704 mente
1791 2648 2131 2708 ascendunt;

532 2744 649 2793 fore
686 2741 837 2794 illum
865 2751 1150 2811 sperantes
1179 2755 1455 2810 aegrorum
1488 2739 1759 2795 medicum
1797 2740 2130 2804 lumborum,

532 2833 627 2901 qui
673 2832 849 2896 solus,
883 2841 1069 2901 utpote
1120 2840 1358 2895 creator,
1400 2839 1668 2887 accurate
1720 2832 1910 2896 sciret,
1958 2848 2060 2887 cur
2093 2832 2129 2885 ii

534 2923 728 2978 tandiu
761 2923 1181 2978 infecunditatis
1212 2923 1405 2978 morbo
1430 2922 1798 2980 laborassent.
1830 2924 1958 2979 Sive
1983 2925 2129 2979 enim

421 3087 451 3095 η.
529 3018 691 3070 vulva
719 3032 917 3086 expers
937 3025 1080 3073 esset
1111 3018 1331 3072 virtutis
1364 3018 1647 3088 proliﬁc-az,
1674 3033 1739 3073 ac
1762 3020 1925 3073 velut
1950 3028 2131 3074 emor—

2247 1920 2505 1991 Ἰωακεὶμ
2550 1922 2645 1975 καὶ
2694 1924 2897 1977 ’Λνναν
2942 1924 3079 1993 πρὸς
3114 1923 3265 1978 θείαν
3302 1926 3493 1995 φέρειν
3526 1925 3827 1995 ἐγγύτητα,

2233 2010 2373 2065 ἀλλά
2397 2014 2639 2078 καὶτοὺς
2664 2014 2952 2087 ἀποπηδᾷν
2981 2016 3286 2080 ἐθέλοντας,
3312 2017 3405 2069 καὶ
3426 2016 3647 2079 τούτους
3677 2020 3832 2069 ἐπει-

2232 2099 2329 2154 δὰν
2377 2102 2682 2175 περιλάὸῃ,
2744 2106 2839 2158 καὶ
2894 2105 3121 2170 τούτους
3175 2107 3402 2176 πλησίον
3457 2107 3612 2173 ἄγειν
3652 2106 3826 2159 Θεοῦο

2234 2193 2424 2266 ῶσπερ
2474 2198 2545 2252 τὰ
2578 2199 2708 2269 ἡδέα
2754 2199 2851 2253 καὶ
2906 2198 3193 2271 διαχέοντα
3241 2200 3317 2264 ὡς
3366 2200 3718 2253 ἐπιπλεῖστον
3766 2201 3829 2253 ού

2236 2286 2397 2355 μόνον
2441 2288 2761 2357 διεστῶτας,
2795 2290 2934 2344 ἀλλὰ
2980 2293 3075 2345 καὶ
3102 2293 3203 2362 ἤδη
3230 2293 3397 2360 ἐγγὺς
3427 2292 3610 2358 ὄντας,
3638 2293 3831 2364 πόρρω

2233 2378 2478 2433 ἐλαύνειν
2500 2382 2690 2440 αὐτοῦ.

2317 2471 2477 2527 Ἀλλά
2506 2474 2616 2545 γὰρ
2646 2475 2905 2545 Ἰωακεὶμ
2925 2475 3019 2528 καὶ
3039 2477 3209 2529 Ἀννα
3234 2476 3332 2547 τῆς
3352 2477 3609 2540 ἀτεκνίας
3633 2476 3831 2531 ὀνείδει

2234 2562 2340 2617 ὑπὸ
2367 2562 2475 2617 τῶν
2520 2568 2672 2618 κάτω
2712 2566 3019 2635 ὁμοδούλων
3051 2566 3393 2638 βαλλόμενοι,
3419 2568 3532 2621 ἀνω
3574 2568 3711 2638 πρὸς
3738 2570 3832 2623 τὸν

2232 2655 2513 2726 Δεσπότην
2558 2656 2652 2709 καὶ
2687 2657 2939 2730 Πλάστην
2990 2661 3091 2729 τῆς
3142 2659 3356 2727 φύσεως
3404 2658 3828 2712 ἀναϐαίνουσιν

2234 2745 2442 2797 ἐκεῖνον
2486 2746 2686 2815 -ίατρδν
2747 2746 2859 2800 τῶν
2932 2748 3234 2801 νοσούντων
3293 2749 3511 2801 κόλπων
3570 2748 3831 2816 γενέσθαι

2233 2832 2573 2899 ἐλπίσαντες,
2605 2835 2877 2906 ὂς.μόνος,
2910 2831 2997 2890 οἷα
3027 2838 3382 2909 δημιουργὸς,
3427 2840 3487 2891 τὸ
3530 2838 3702 2891 αίτιον
3730 2840 3832 2908 τῆς

2233 2924 2330 2977 ἐπὶ
2361 2926 2620 2979 τοσούτου
2659 2926 2856 2998 καιροῦ
2883 2929 3163 2999 ἀκαρπίας
3216 2928 3397 2983 αὐτῶν
3437 2931 3533 2984 σῦν
3568 2930 3833 3002 ἀκριϐείᾳ

2231 3017 2521 3087 ἠπίστατο.
2551 3020 2677 3072 Εἴτε
2712 3019 2823 3091 γὰρ
2870 3020 3101 3093 ἄμοιρος
3151 3022 3436 3093 ἐνεργείας
3479 3022 3829 3087 τεκνώσεως,

534 3114 650 3171 tua,
692 3105 1000 3161 inditurum
1042 3122 1168 3161 eum
1216 3107 1514 3176 sperabant
1567 3108 1791 3163 vitalem
1844 3108 2127 3171 virtutem,

2235 3111 2330 3163 καὶ
2372 3105 2485 3164 οἷον
2522 3110 2729 3181 ἄψυχος
2760 3114 2793 3182 ἡ
2852 3113 3057 3183 μήτρα,
3094 3113 3255 3167 αὐτὸν
3302 3115 3529 3185 ’ἤλπιζον
3576 3115 3831 3186 ἐνθήσειν

534 3193 630 3263 qui
678 3194 861 3248 anima
911 3194 1178 3249 donasset
1216 3194 1421 3249 animal
1468 3211 1499 3250 e
1541 3195 1676 3250 limo
1732 3196 1919 3250 ﬁctum
1958 3216 1972 3251 :
2016 3198 2130 3253 sive

2237 3199 2474 3273 ζωτικὴν
2499 3201 2751 3273 δύναμιν,
2784 3204 2876 3257 τὸν
2921 3206 2985 3258 ἐκ
3034 3205 3209 3276 πηλοῦ
3260 3207 3588 3278 ψυχώσαντα
3637 3208 3827 3271 ζῶονο

534 3284 681 3339 aliud
710 3282 991 3354 quidpiam
1028 3284 1321 3340 obsisteret
1368 3286 1575 3355 partui,
1620 3286 1802 3347 visum
1847 3287 1915 3341 iri
1950 3288 2129 3357 ipsum

534 3376 867 3445 adjutorem,
914 3375 1008 3444 qui
1059 3374 1389 3436 secundum,
1417 3390 1484 3430 ac
1528 3375 1794 3444 vicinum,
1847 3376 2134 3448 simileque

535 3467 738 3521 animal
766 3470 819 3519 in
847 3481 973 3521 eum
1002 3464 1346 3521 condidisset
1375 3468 1562 3533 tinem,
1607 3476 1669 3523 ut
1700 3469 1755 3523 in
1796 3470 2131 3540 adjutorium

534 3552 695 3614 foret,
724 3568 789 3607 ac
813 3553 962 3607 velut
994 3566 1123 3622 ager
1166 3552 1413 3621 quidam,
1458 3556 1828 3623 generationis
1877 3558 2131 3611 humanae

534 3646 748 3713 spicam
788 3646 1117 3714 produceret
1140 3644 1181 3699 '.
1232 3639 1467 3699 Videbat
1510 3646 1658 3701 enim
1702 3647 1781 3718 (2)
1812 3649 1958 3718 quod
2014 3659 2134 3705 erat

533 3736 805 3801 futurum,
844 3737 932 3791 cui
971 3736 1140 3803 etiam
1176 3751 1241 3791 ea
1269 3752 1392 3805 qua:
1434 3750 1544 3791 non
1578 3748 1728 3807 sunt,
1765 3748 2026 3810 tanquam
2068 3755 2130 3795 ea

533 3844 655 3899 quat
685 3836 834 3895 sunt,
867 3830 1159 3899 praesentia
1190 3837 1339 3885 sunt.

603 3925 873 3980 Caeterum
898 3923 1143 3979 cwlestis
1176 3924 1268 3980 ille
1295 3923 1480 3992 Pater,
1506 3926 1907 3983 sacratissima:
1938 3927 2134 3998 puella:

534 4031 725 4074 sacros
751 4025 1011 4088 parentes
1056 4016 1113 4070 in
1144 4016 1289 4071 hunc
1318 4018 1540 4072 modum
1575 4018 1779 4088 quibus
1803 4018 1880 4072 illi
1908 4028 2133 4089 appete-

533 4108 736 4161 bantur
760 4106 1100 4177 opprobriis,
1132 4106 1202 4160 ad
1245 4122 1306 4161 se
1350 4107 1625 4172 trahebat,
1669 4108 1832 4179 longo
1867 4108 2132 4179 temporis

534 4194 713 4265 spatio
741 4203 867 4249 ante
904 4195 1157 4250 excultos
1209 4194 1429 4251 lumbos
1482 4196 1782 4265 proliﬁcos,
1806 4197 2033 4265 jejuniis
2066 4212 2133 4252 ac

534 4283 885 4340 orationibus
909 4285 1154 4338 animum
1186 4286 1523 4340 excolentes.
1545 4285 1676 4340 Mihi
1712 4300 1881 4356 porro
1902 4286 2129 4342 dubium

533 4386 644 4439 est,
678 4376 948 4432 deceatne
986 4378 1205 4431 vulvam
1240 4377 1387 4433 felici
1420 4378 1558 4435 adeo
1588 4378 1937 4434 honestatam
1978 4382 2133 4449 prole

2234 3296 2345 3346 είτε
2394 3312 2447 3346 τι
2486 3295 2614 3349 ἄλλο
2663 3297 2763 3361 τάς
2813 3297 3007 3361 ὠδῖνας
3057 3298 3269 3369 ἐπέχει,
3323 3300 3529 3352 ἐκεῖνον
3588 3299 3829 3373 ὀφθῆναι

2236 3382 2454 3452 βοηθὸν,
2487 3384 2581 3439 τὸν
2610 3387 2703 3439 ἐπὶ
2740 3386 2901 3441 τοῦτο
2934 3388 2994 3441 τὸ
3018 3387 3269 3460 δεύτερον
3304 3390 3399 3442 καὶ
3436 3391 3834 3462 παραπλήσιον

2234 3474 2374 3537 ζῶον
2408 3476 2879 3549 ὑποστησάμενον,
2909 3480 2994 3550 ἐφ’
3020 3474 3064 3549 ᾧ
3095 3476 3234 3534 εἶναι
3276 3483 3375 3551 μὲν
3411 3480 3625 3550 βοηθὸν,
3661 3481 3830 3552 φύειν

2233 3560 2279 3613 δ’
2307 3560 2497 3633 ῶσπερ
2528 3564 2651 3618 τινὰ
2687 3566 2871 3637 χώραν
2905 3568 2999 3620 καὶ
3043 3568 3144 3638 τῆς
3177 3569 3525 3640 ἀνθρωπίνης
3564 3579 3655 3623 τον
3688 3572 3827 3625 στάο

2234 3669 2335 3721 χυν
2364 3655 2650 3721 γενέσεως.
2694 3656 2870 3727 Ἑώρα
2902 3659 3011 3731 γὰρ
3046 3660 3109 3713 τὸ
3137 3661 3419 3732 ἐσόμενον,
3445 3653 3489 3729 ᾧ
3515 3661 3609 3715 καὶ
3648 3664 3723 3717 τὰ
3750 3664 3831 3735 μὴ

2233 3741 2363 3795 ὄντα
2392 3742 2468 3805 ὡς
2505 3742 2633 3797 ὄντα
2664 3746 3036 3818 παρέστηκεν.

2319 3915 2479 3969 Ἀλλὰ
2520 3917 2647 3981 τοὺς
2685 3918 2784 3987 μὲν
2816 3919 2915 3989 τῆς
2953 3920 3255 3993 ίερωτάτης
3280 3924 3470 3990 παιδὸς
3516 3926 3700 3996 ἱεροὺς
3732 3944 3835 3996 γο-

2232 4008 2380 4075 νέας,
2408 4008 2581 4074 οὕτως
2606 4011 2689 4079 ἐφ’
2726 4005 2807 4075 οἷς
2836 4014 2936 4085 τὴν
2978 4016 3268 4085 στείρωσιν
3292 4016 3648 4084 ὼνειδίζοντο,
3684 4021 3835 4092 πρὸς

2234 4100 2426 4154 ἐαυτὸν
2484 4101 2514 4153 ὁ
2554 4102 2809 4171 οὐράνιος
2863 4103 3116 4173 μεθεῖλκε
3165 4108 3374 4179 Πατὴρ,
3430 4111 3526 4163 ἐπὶ
3566 4112 3833 4167 πλεῖστον

2232 4190 2427 4261 χρόνον
2484 4192 2590 4260 πρὸ
2618 4192 2719 4262 τῆς
2767 4194 3047 4263 γεωργίας
3079 4197 3190 4249 τῶν
3232 4200 3564 4254 τεκνοποιῶν
3603 4202 3836 4258 κόλπων

2232 4282 2510 4352 νηστείαις
2539 4283 2633 4336 καὶ
2654 4282 2875 4353 δεήσεσι
2895 4286 2995 4356 τὴν
3014 4285 3195 4357 ψυχὴν
3227 4291 3629 4360 γεωργοῦντας.
3666 4293 3834 4366 Ἐμοὶ

2232 4372 2275 4426 δ’
2303 4373 2508 4445 ἄπορον
2545 4374 2886 4443 παρίσταται
2932 4378 3279 4449 στειρώσεως
3341 4382 3517 4447 οὕτως
3565 4384 3836 4439 εῦτεκνον

534 4466 845 4522 sterilitatis
875 4468 1100 4523 nomine
1123 4482 1409 4536 accusare,
1440 4469 1676 4541 illosque
1701 4470 1888 4526 dicere
1913 4472 2129 4543 ineptos

2233 4468 2510 4521 αἰτιᾶσθαι
2546 4469 2787 4539 μήτραν,
2835 4469 2931 4523 καὶ
2972 4470 3206 4540 φάσκειν
3249 4473 3495 4537 ἐκείνους
3539 4477 3639 4529 οὐκ
3675 4476 3835 4546 ἔχειν

532 4560 889 4631 procreanda:
920 4560 1081 4630 proli,
1117 4561 1211 4631 qui
1262 4561 1492 4616 omnino
1533 4562 1787 4632 adepturi
1829 4574 2016 4621 essent
2066 4577 2128 4620 ut

2233 4559 2554 4631 ἐπιτηδείως
2588 4561 2727 4633 πρὸς
2756 4561 2945 4630 γονὰς,
2988 4562 3038 4616 οἳ
3072 4563 3293 4618 πάντων
3330 4565 3557 4636 ἔμελλον
3595 4570 3835 4638 κρατεῖν

533 4664 728 4725 partus
768 4668 963 4709 omnes
996 4661 1345 4724 superarent.
1387 4654 1532 4721 Quin
1573 4655 1709 4711 illud
1758 4656 1905 4723 dico,
1954 4656 2129 4714 fuisse

2233 4652 2288 4706 τὸ
2315 4652 2542 4722 γεννῶν.
2604 4652 2745 4706 Ἀλλ’
2788 4654 2965 4708 ἐκεῖνό
3001 4672 3167 4726 φημι,
3198 4656 3393 4726 ὅτιπερ
3441 4657 3750 4725 ἐπιτήδειος
3791 4656 3832 4728 ἡ

532 4747 747 4799 Annam
782 4753 966 4817 aptam
1002 4760 1125 4816 qua;
1157 4753 1394 4816 pareret.
1426 4745 1715 4813 Quomodo
1749 4750 1893 4804 enim
1925 4765 1993 4805 ex
2019 4767 2127 4821 qua

535 4839 685 4894 salus
735 4839 932 4895 ﬂorere
968 4838 1557 4905 babebat,infecundis
1586 4843 1933 4898 accensenda
1954 4845 2130 4900 foret?

533 4929 849 4993 Enimvero,
882 4930 1021 4985 bene
1051 4930 1271 5002 quidem
1302 4946 1364 4986 ac
1394 4933 1659 5002 praeclare
1688 4934 1754 4988 ad
1773 4933 1987 4991 fructus
2011 4936 2129 4990 edi-

536 5020 740 5075 tionem
788 5030 1105 5091 comparata
1136 5030 1278 5087 erat,
1300 5032 1356 5078 at
1382 5024 1616 5078 necdum
1641 5024 1940 5081 advenerat
1970 5027 2127 5094 hora,

533 5124 698 5179 quam
733 5111 1181 5181 sapientisSimus
1216 5113 1309 5168 ille
1349 5120 1659 5185 temporum
1690 5115 1973 5183 dellnitor,
2003 5125 2129 5173 ante

534 5202 721 5255 omnia
753 5204 953 5257 saecula
986 5212 1357 5273 opportunam
1404 5207 1779 5276 germinandae
1819 5209 1962 5278 proli
1994 5224 2127 5263 con-

534 5294 810 5350 stituerat.
838 5294 1111 5350 Caeterum
1147 5295 1349 5352 habeat
1379 5298 1618 5370 quisque
1651 5308 1711 5353 ut
1742 5299 2002 5367 libuerit;
2036 5300 2125 5354 in-

607 5452 627 5481 ²
659 5448 797 5505 Gen.
847 5466 908 5515 ιι,
946 5449 1035 5505 18.

2233 4746 2405 4800 ¹’Δννα
2428 4744 2565 4817 πρὸς
2593 4746 2774 4801 τόκον.
2818 4746 2945 4811 Πῶς
2975 4748 3086 4819 γὰρ
3129 4742 3198 4819 ἦς
3233 4748 3460 4818 ἔμελλεν
3506 4749 3541 4817 ὴ
3575 4749 3834 4821 σωτηρία

2228 4838 2434 4904 ἀνθεῖν,
2458 4839 2734 4910 ἀκάρποις
2760 4840 3179 4911 συνηριθμεῖτος
3218 4839 3355 4893 Ἀλλ’
3377 4835 3489 4911 εἶχε
3517 4840 3619 4909 μὲν
3633 4838 3693 4893 εὖ
3726 4843 3833 4895 καὶ

2227 4928 2411 4990 καλῶς
2429 4930 2509 4991 εἰς
2522 4929 2914 4997 καρπογονίαν,
2934 4927 3088 4982 οὔπω
3102 4930 3145 4983 δ’
3171 4929 3329 5000 ἀραὴ
3350 4929 3468 4998 ὦρα
3492 4929 3831 5000 παρίστατο,

2226 5022 2294 5093 ἢν
2324 5024 2351 5075 ὁ
2372 5022 2646 5091 πάνσοφος
2668 5020 2929 5092 δροθέτης
2967 5022 3074 5092 πρὸ
3123 5022 3343 5075 πάντων
3381 5020 3595 5075 αἰώνων
3642 5023 3726 5083 εἰς
3762 5022 3833 5074 τὸ

2226 5117 2326 5186 τὴν
2378 5114 2616 5185 βλάστην
2685 5113 2905 5182 ἐνέγκαι
2963 5112 3228 5179 διέταξεν.
3262 5115 3418 5185 ,Πλὴν
3452 5114 3528 5174 ὡς
3568 5110 3833 5181 βούλεταί

2225 5224 2310 5271 τις
2355 5208 2563 5277 ἐχέτω·
2620 5206 2762 5268 τέως
2818 5205 2863 5258 δ’
2914 5206 3199 5275 ἀμείνοσιν
3244 5203 3459 5257 ἐλπίσιν
3507 5203 3827 5274 ἀνέχοντες,

2228 5298 2449 5353 ἱστῶσιν
2482 5296 2699 5365 ἐκείνην
2740 5297 2841 5367 τὴν
2875 5296 3229 5368 οὐρανομήκη
3262 5295 3524 5367 κλίμακα,
3561 5295 3832 5364 νηστείας

2063 5520 2298 5580 NOTAE.

610 5614 685 5685 (2)
724 5611 1138 5685 Videbatgenim.
1169 5609 1369 5680 Tangit
1402 5623 1752 5685 communem
1798 5612 2117 5669 Grascorum

539 5681 855 5756 Opinionem
885 5683 1234 5756 inducturum
1294 5681 1609 5750 nuptiarum
1657 5687 1950 5756 occasione
1988 5700 2119 5754 pec.

542 5752 672 5820 cati,
699 5764 757 5813 ut
788 5755 993 5824 alioqui
1030 5754 1332 5808 humanum
1365 5767 1539 5822 genus
1568 5766 1678 5807 non
1713 5752 1859 5811 loret
1912 5752 2115 5826 propa-

2224 5622 2463 5695 gandum
2521 5638 2713 5678 crasso
2772 5624 2868 5683 illo
2914 5640 2977 5683 ac
3035 5624 3181 5681 velut
3223 5623 3426 5681 brutali
3466 5623 3648 5691 modo,
3703 5638 3833 5695 quo

2227 5694 2390 5751 "de
2422 5704 2785 5766 prOpagatur.
