4104 6428
362 341 399 402 5
1234 342 1516 404 ORATIO
1550 341 1599 401 Ι.
1631 366 1696 378 -
1730 339 1813 401 ΙΝ
1848 340 1914 401 Β.
1956 340 1967 399 1

2072 339 2221 400 [ἶΙῶ
2260 340 2801 406 NATIVITATEM.
3624 346 3663 409 6

367 451 464 503 xui.
482 450 800 521 προσευχῆς
825 449 923 504 καὶ
948 449 1285 521 συντριμμοῦ
1310 450 1537 522 καρδίας
1565 449 1966 519 πεποιημένην,

2076 450 2236 504 terim
2276 450 2353 504 illi
2383 449 2596 505 meliori
2636 451 2755 519 spei
2795 448 3039 505 animum
3069 448 3413 517 adhibentes,
3451 452 3658 509 scalam

368 542 467 594 xui.
518 542 659 614 πρὸς
692 543 786 594 τὸν
833 542 1058 612 Πατέρα
1089 541 1200 595 τῶν
1245 541 1548 612 οἰκτιρμῶν
1593 540 1843 594 ἀνίασιν·
1883 541 1977 594 καὶ

370 635 549 706 τούτῳ
581 636 722 706 μετὰ
746 637 998 704 κραυγῆς
1024 636 1272 706 ἰσχυρᾶς,
1293 636 1387 689 καὶ
1408 634 1538 705 πρὶν
1563 634 1754 704 βοῆσαι
1774 631 1960 695 εἰδότι,

369 727 485 781 τῶν
535 745 596 781 τε
642 714 971 799 ὀνειδιρμῶν
1010 727 1111 791 τὰς
1143 727 1323 797 βολὰς,
1347 728 1440 781 καὶ
1471 725 1533 778 τὸ
1562 725 1726 793 ἄλγος
1755 722 1849 777 καὶ
1878 722 1976 793 τὴν

371 818 571 889 ὀδύνην
617 818 803 871 αὐτῶν
859 818 1255 888 ἐμφανίζουσι·
1290 817 1384 869 καὶ
1428 816 1579 869 λύειν
1622 816 1724 887 μέν
1775 814 1876 887 τὴν
1916 810 1977 878 ἐξ

373 909 686 979 ἀνθρώπων
746 909 992 980 χαλεπὴν
1021 909 1279 979 νέμεσιν,
1324 906 1471 961 λύειν
1515 907 1574 961 δὲ
1633 908 1729 961 καὶ
1755 906 1876 976 τὴν,
1912 907 1962 959 εἰ

377 1003 575 1071 μηδεὶς
597 1001 756 1065 ἄλλος
789 1001 1153 1072 ἐπέπληττεν,
1182 1000 1556 1071 ἐπιφυομένην
1588 997 1801 1052 οἴκοθεν
1834 1013 1958 1049 στε-

375 1093 650 1163 νοχωρίαν
678 1093 929 1164 ᾐτοῦντο.

2079 541 2230 595 illam
2263 541 2315 594 iu
2348 541 2546 596 ctelum
2597 557 2774 611 usque
2817 548 3134 611 protensam
3170 543 3419 612 erigunt,
3450 543 3661 615 jejunio

2076 637 2129 685 et
2159 631 2431 696 oratione,
2451 647 2515 686 ac
2541 632 2780 687 contrito
2802 639 3151 688 constantem
3173 634 3364 699 corde,
3397 650 3571 706 eaque
3594 638 3663 692 ad

2076 721 2585 778 misericordiarum
2626 723 2842 779 Patrem
2879 725 3186 780 ascendunt
3219 742 3232 779 :
3262 734 3427 797 atque
3465 728 3514 784 ei
3547 728 3661 784 cla-

2076 829 2229 869 more
2254 815 2456 879 valido,
2481 814 2574 883 qui
2618 823 2746 870 ante
2767 814 2934 869 etiam
2972 815 3269 872 clamorem
3306 826 3520 882 noscet,
3562 832 3664 888 0p-

2074 907 2299 975 probria
2348 907 2550 976 quibus
2610 914 3025 977 appeterentur,
3072 907 3427 979 ipsorumque
3488 911 3659 965 animi

2075 998 2383 1067 angustiam
2412 1008 2575 1068 atque
2607 998 2874 1062 dolorem,
2909 999 3193 1054 declarant
3228 1016 3241 1054 :
3284 1015 3348 1056 ac
3386 1009 3501 1057 tum
3537 1003 3660 1072 qui-

2073 1089 2196 1143 dem
2239 1087 2522 1142 hominum
2565 1102 2785 1156 gravem
2843 1088 2992 1142 illam
3046 1088 3500 1159 indignationem,
3543 1099 3657 1144 tum

377 1201 515 1240 vero
548 1185 993 1254 ipsum,tametsi
1023 1201 1184 1240 nemo
1210 1185 1353 1240 alius
1394 1187 1725 1254 increparet,
1768 1184 1836 1238 ah
1868 1181 2118 1253 ipsismet
2171 1188 2493 1255 nascentem
2573 1194 2833 1252 angorem
2912 1194 2978 1236 ac
3031 1182 3350 1237 maestitiam
3447 1182 3663 1239 solvere

378 1276 648 1346 ﬂagitant.

464 1369 683 1423 Ἀκούει
720 1366 767 1423 δ’
794 1372 823 1423 ὁ
850 1369 959 1423 τῶν
990 1370 1313 1441 θαυμασίων
1341 1373 1475 1437 Θεὸς
1516 1376 1614 1444 τῆς
1661 1372 1772 1427 τῶν
1801 1373 1967 1441 θερα-

378 1462 592 1513 πόντων
618 1460 881 1528 δεήσεως,
916 1460 1012 1513 καὶ
1058 1461 1225 1525 νεύει,
1258 1463 1353 1516 xai.
1401 1462 1617 1516 δίδωσιν
1639 1505 1655 1529 ,
1705 1462 1828 1514 ἀντὶ
1868 1461 1969 1529 τῆς

376 1551 751 1620 προσενειξεως
782 1552 891 1604 τῶν
929 1552 1180 1623 ὀδυρμῶν
1210 1553 1306 1608 καὶ
1342 1556 1399 1607 ἐν
1432 1554 1565 1623 εὐχῇ
1616 1553 1967 1623 προσεδρίας,

375 1644 556 1713 δῶρον
589 1645 804 1707 ἐλπίδος
831 1648 1079 1713 κρεῖττον
1099 1662 1112 1676 ⁸
1140 1646 1334 1716 δῶρον,
1357 1641 1469 1699 οἷον
1498 1645 1673 1708 οὐδεὶς
1693 1646 1752 1710 ἐξ
1774 1645 1971 1709 αίῶνος

374 1734 537 1805 ὤφθη
566 1736 767 1789 λαόών.
799 1737 995 1790 Δίδωσι
1045 1736 1153 1807 γὰρ
1193 1738 1426 1807 καρπὸν,
1460 1734 1519 1800 ὃς
1550 1738 1611 1790 ού
1667 1738 1828 1808 μόνον
1871 1738 1969 1808 τὴν

2149 1363 2383 1419 Exaudit
2413 1377 2542 1418 vero
2577 1362 2909 1417 mirabilium
2955 1362 3098 1417 Deus
3126 1363 3430 1417 orationem
3466 1378 3662 1417 servo-

2077 1471 2198 1510 rum
2232 1470 2481 1520 suorum,
2512 1455 2812 1524 annuitque
2843 1469 2908 1509 ac
2960 1454 3171 1516 tribuit,
3210 1470 3308 1523 pro
3338 1455 3539 1509 oblatis
3568 1473 3662 1526 ge-

2077 1547 2323 1611 mitibus,
2361 1563 2425 1601 ac
2457 1562 2544 1609 ea,
2578 1562 2741 1617 quam
2792 1547 2847 1600 in
2875 1547 3127 1601 oratione
3157 1546 3541 1602 exhibuissent
3572 1563 3663 1601 as-

2077 1638 2360 1703 siduitate,
2408 1655 2610 1693 munus
2651 1654 2805 1709 spem
2851 1654 3072 1694 onmem
3132 1640 3361 1694 vincens
3403 1658 3416 1693 :
3460 1655 3663 1695 munus

2076 1732 2239 1802 quale
2264 1747 2426 1787 nemo
2459 1747 2488 1784 a
2513 1732 2713 1788 saeculo
2742 1731 2895 1787 visus
2933 1738 3018 1785 est
3050 1731 3346 1800 accepisse.
3376 1730 3479 1784 Dat
3508 1747 3664 1785 nam-

375 1830 677 1900 φέρουσαν,
701 1829 840 1883 ἀλλὰ
873 1831 970 1884 καὶ
996 1830 1093 1897 τὴν
1145 1831 1383 1900 ἀρχαίαν
1430 1829 1524 1883 τοῦ
1573 1830 1765 1898 γένους
1796 1830 1967 1884 ἀπαλ-

2077 1840 2184 1894 que
2214 1824 2474 1887 fructum,
2506 1823 2599 1893 qui
2629 1823 2823 1878 nedum
2854 1824 3027 1893 ipsam
3053 1839 3174 1891 qua:
3205 1822 3435 1893 profert,
3472 1839 3661 1879 verum

372 1923 565 1976 λάττει
598 1924 924 1993 προμήτορα
958 1922 1067 1976 τῶν
1100 1923 1571 1993 ὀνειδισμῶν.Καὶ
1591 1923 1749 1993 φέρει
1780 1923 1970 1993 χερσὶν

371 2017 410 2083 ἡ
451 2016 623 2068 Ἀννα
676 2014 912 2077 παιδίον,
963 2015 992 2067 ὃ
1046 2015 1134 2068 τὸν
1184 2016 1576 2085 δωρησάμενον
1626 2016 1718 2069 τὸν
1765 2014 1969 2083 ταύτης

372 2105 541 2160 τόκον
600 2106 701 2174 τῆς
752 2108 1190 2175 γεννησαμένης,
1226 2102 1314 2161 οἶα
1350 2108 1414 2178 δὴ
1458 2108 1618 2160 τόκον
1665 2107 1865 2159 οἰκεῖον
1912 2107 1970 2161 ἐν

373 2200 537 2269 χερσὶ
581 2198 865 2269 βαστάσει.
901 2200 1145 2263 Παιδίον,
1180 2200 1208 2253 ὂ
1244 2200 1351 2254 τὸν
1395 2200 1493 2254 ἐπὶ
1527 2200 1771 2253 πάντων
1821 2199 1971 2254 Θεὸν

373 2289 783 2358 παιὼποιήσει.
818 2290 979 2361 Φέρει
1008 2290 1234 2357 βλαστὸν
1258 2292 1291 2361 ἡ
1318 2290 1571 2361 ἄκαρπος
1599 2291 1801 2356 δόξασα
1830 2291 1970 2354 τέως

378 2382 568 2451 μήτρα
600 2382 702 2451 τῆς
733 2383 952 2449 ’Λννης,
982 2378 1052 2454 ἦς
1075 2382 1170 2435 τοῦ
1204 2384 1400 2446 ἄνθους
1443 2384 1477 2454 ὴ
1516 2384 1713 2438 εὐωδία
1749 2382 1969 2455 μυρίσει

373 2470 453 2523 τὰ
476 2471 713 2542 πέρατα.
738 2472 1072 2542 Προέρχεται
1088 2472 1274 2526 πυλῶν
1294 2472 1700 2543 κεκλεισμένων
1719 2474 1968 2545 ἀτεκνίᾳ,

376 2564 412 2633 ὴ
453 2563 865 2633 ἐσφραγισμένη
903 2563 1047 2633 πύλη
1096 2568 1162 2635 τῇ
1209 2565 1502 2637 παρθενίᾳ,
1550 2568 1644 2619 καὶ
1699 2566 1844 2635 μόνῳ
1894 2564 1971 2636 τῷ

378 2656 595 2723 βασιλεί
614 2655 759 2724 ’πρὸς
787 2656 959 2711 δίοδον
993 2657 1305 2728 τηρουμένη
1327 2674 1341 2686 ·
1372 2651 1442 2729 ἦς
1485 2657 1765 2727 προελθὼν
1791 2660 1970 2730 ἀρρή-

376 2765 487 2811 τως
536 2748 630 2800 καὶ
675 2748 991 2818 ὑπερφυῶς,
1040 2749 1175 2821 πρὸς
1224 2750 1419 2804 ἐαυτὸν
1470 2749 1790 2821 ἐπιστρέψει
1841 2750 1970 2812 τοὺς

377 2837 573 2901 κακῶς
601 2836 1045 2902 ἁπονεύσαντας.

448 3105 625 3161 Πάλαι
681 3105 804 3174 μὲν,
844 3104 1145 3175 Ἴωακεὶμ,
1187 3105 1647 3175 ἐσκυθρώπαζες·
1698 3108 1759 3160 οὐ
1809 3107 1969 3176 μόνον

2072 1917 2235 1970 etiam
2268 1924 2507 1970 veterem
2549 1915 2694 1969 illam
2723 1916 2942 1985 generis
2980 1915 3213 1984 primam
3255 1924 3559 1984 parentem,
3592 1916 3663 1969 ah

2072 2006 2384 2080 opprobrio.
2440 2006 2637 2060 liberet
2688 2023 2702 2060 :
2755 2013 3044 2076 portatque
3104 2007 3360 2062 manibus
3423 2008 3661 2077 puellam

2071 2100 2250 2163 Anna,
2284 2113 2407 2167 quae
2452 2097 2658 2167 ipsum.
2700 2097 2794 2166 qui
2843 2098 3165 2167 parentibus
3195 2098 3420 2153 donavit
3448 2106 3508 2151 ut
3538 2114 3660 2153 eam

2071 2197 2352 2260 parerent,
2392 2189 2447 2243 in
2486 2187 2745 2243 manibus
2790 2189 2931 2258 ipsa,
2983 2196 3173 2259 utpote
3219 2191 3499 2258 propriam
3527 2205 3659 2259 pro-

2072 2283 2201 2345 lem,
2250 2290 2535 2351 portatura
2590 2288 2758 2337 esset.
2820 2279 3104 2345 Puellam,
3162 2282 3406 2351 inquam,
3456 2283 3658 2351 ipsum,

2070 2373 2162 2440 qui
2206 2381 2284 2426 est
2330 2387 2489 2439 super
2542 2371 2742 2433 omnia,
2793 2368 3002 2424 Deum'
3050 2370 3383 2438 genituram.
3414 2368 3661 2425 Germen

2072 2463 2284 2534 profert
2318 2463 2589 2519 hactenus
2639 2462 2846 2517 sterilis
2894 2462 3207 2517 existimata
3256 2463 3429 2517 Annae
3473 2463 3659 2528 vulva,

2070 2555 2231 2624 cujus
2256 2555 2408 2610 ﬂoris
2456 2569 2625 2609 suave
2667 2553 2920 2623 fragrans
2967 2552 3105 2607 odor
3140 2554 3291 2609 orbis
3335 2561 3497 2610 terra:
3528 2555 3664 2612 ﬁnes

2072 2648 2401 2718 perﬂaturus
2430 2652 2535 2702 est.
2582 2645 2843 2700 Procedit
2871 2643 3078 2701 clausis
3125 2646 3419 2702 sterilitate
3485 2647 3663 2717 portis

2070 2739 2361 2809 obsignata
2391 2738 2483 2792 illa
2512 2737 2829 2808 virginitate
2856 2737 3264 2806 porta,solique
3283 2739 3395 2806 regi
3420 2746 3661 2805 servata,

2071 2838 2131 2886 ut
2179 2844 2277 2899 per
2306 2843 2427 2883 eam
2472 2827 2802 2890 transeat‘;
2839 2840 2904 2880 ex
2936 2841 3042 2895 qua
3089 2823 3351 2881 ineffabili
3394 2828 3663 2898 planeque

2072 2919 2309 2976 mirabili
2342 2919 2554 2975 ratione
2581 2918 2911 2988 procedens,
2941 2930 3036 2972 eos
3063 2919 3156 2986 qui
3192 2918 3332 2974 male
3363 2919 3661 2976 aberrave-

2070 3020 2198 3067 rant
2231 3027 2297 3067 ac
2329 3011 2759 3074 declinaverant,
2790 3009 2855 3062 ad
2882 3023 2942 3063 se
2972 3016 3275 3065 convertet.

2140 3102 2280 3158 Olim
2333 3102 2551 3172 quidem
2612 3109 2833 3167 moesto,
2864 3098 3135 3165 Joachim,
3170 3101 3325 3155 vultu
3354 3116 3518 3159 eras:
3550 3119 3663 3161 non
3717 3093 3723 3099 ’

369 3198 593 3252 οἴκοθεν
616 3199 777 3251 τοῦτο
816 3197 1128 3267 ὑπομένων,
1151 3194 1234 3259 οἷς
1283 3216 1343 3251 τε
1393 3198 1493 3269 τὴν
1527 3199 1726 3251 Ἅνναν
1765 3198 1967 3269 ἐώρας,

2074 3198 2127 3252 id
2154 3204 2365 3251 tantum
2403 3211 2433 3250 a
2461 3203 2514 3251 te
2537 3196 2657 3264 ipso
2692 3194 3025 3264 perpetiens,
3048 3208 3119 3247 ac
3143 3202 3261 3249 tum
3286 3196 3415 3265 quia
3445 3196 3662 3252 Annam

373 3290 544 3357 γονῆς
569 3288 907 3358 ἀποροῦσαν,
941 3290 1038 3343 καὶ
1075 3290 1163 3344 διὰ
1192 3289 1353 3343 τοῦτο
1399 3290 1627 3357 στυγνὸν
1674 3291 1830 3360 ὄμμα
1875 3290 1968 3343 καὶ

374 3380 624 3447 κατηφὲς
656 3379 933 3448 φέρουσαν
954 3394 968 3408 ⁸
996 3375 1078 3440 οἷς
1099 3397 1158 3432 τε
1188 3380 1300 3434 οὐδ’
1340 3380 1503 3443 αὐτὸς
1547 3377 1691 3450 εἶχες
1722 3382 1780 3434 ἐν
1812 3383 1969 3453 χερσὶ

374 3470 571 3540 φέρειν
618 3471 731 3523 τῶν
758 3471 939 3526 πόνων
988 3470 1280 3542 γεώργιον.
1315 3473 1380 3525 Τί
1410 3473 1455 3525 δ’
1499 3473 1566 3526 ἂν
1605 3472 1749 3526 οὕτω
1794 3474 1967 3540 γλυκῦ

372 3564 559 3634 θέαμα
594 3566 706 3627 τοῖς
732 3566 1099 3633 κοινωνήσασι
1127 3566 1344 3634 γάμων,
1371 3564 1446 3628 ὡς
1481 3567 1513 3634 ἡ
1546 3566 1610 3618 ἐκ
1641 3566 1969 3635 σπλάγχνων

371 3656 487 3726 φυῇ
516 3656 724 3723 γένοιτι.
749 3673 765 3718 ;
786 3655 946 3709 Ἀλλὰ
963 3658 1055 3711 καὶ
1081 3658 1198 3719 ταῖς
1224 3654 1424 3719 ἔξωθεν
1451 3656 1777 3721 ἐπιπλήξεσι
1806 3656 1967 3709 πλέον

368 3750 475 3817 τῆς
514 3747 817 3816 κατηφείας
845 3748 879 3816 ὴ
908 3747 1105 3817 ὁμίχλη
1153 3749 1400 3817 συνεῖχεν
1421 3761 1434 3775 ’
1468 3747 1535 3800 δι’
1564 3741 1639 3801 ὧν
1664 3748 1722 3802 τὸ
1762 3748 1969 3820 ἄσπερ-

373 3855 477 3909 μον
510 3839 606 3891 καὶ
627 3838 854 3892 ἄτεκνον
882 3839 929 3890 οἱ
964 3837 1304 3907 συμφυλέται
1334 3836 1610 3901 ὠνείδιζον
1632 3855 1645 3870 ·
1686 3836 1803 3892 ἀλλ’
1835 3840 1966 3909 ὁρᾷς

366 3930 497 3999 ἄρτι
549 3929 819 3998 φαιδρῶς.
870 3928 1106 3999 φαιδρὰν
1162 3929 1272 3982 τῶν
1324 3929 1435 3983 σῶν
1487 3930 1822 3999 σπερμάτων
1867 3930 1966 3999 τὴν

366 4022 677 4090 γεωργίαν,
722 4022 790 4075 δι’
820 4016 890 4095 ἦς
934 4023 967 4091 ἡ
1016 4022 1289 4089 κατήφεια
1334 4022 1552 4075 πάντων
1580 4021 1813 4093 ἠλάσθαι
1855 4021 1966 4075 τῶν

366 4110 695 4180 ὀφθαλμῶν.
760 4113 925 4181 Ὁρᾷς
984 4111 1111 4181 ἄρτι
1158 4112 1260 4182 τὴν
1317 4113 1519 4166 ¹Ἀνναν
1573 4113 1797 4183 σεμνὴν,
1880 4130 1968 4166 σε·

371 4198 523 4269 μνῶς
556 4198 654 4251 ἐπὶ
712 4198 791 4267 τῷ
827 4198 1025 4270 καρπῷ
1051 4199 1150 4267 τῆς
1194 4199 1404 4263 κοιλίας
1454 4199 1961 4271 καλλωπιζομένην.

378 4291 653 4363 ᾘσχύνου
695 4291 865 4346 πάλαι
895 4292 1181 4362 άνάστομα
1229 4291 1343 4345 τῶν
1372 4291 1649 4362 ὁμογενῶν
1702 4291 1963 4362 θρυλλου·

370 4384 545 4453 μένης
593 4370 698 4451 τῆς
744 4384 1038 4447 ἀτεκνίας
1072 4383 1209 4438 ἀλλὰ
1255 4384 1350 4438 νῦν
1400 4385 1643 4449 άπάσαις
1689 4383 1964 4452 γλώσσαις

364 4475 606 4545 τερπνὸν
637 4474 907 4543 ὑπάρχεις
931 4472 1186 4542 ἄκουσμα
1213 4475 1306 4528 καὶ
1338 4472 1606 4545 διήγημα,
1639 4474 1963 4545 περιλαλού-

2073 3290 2226 3358 prole
2273 3287 2627 3349 destitutam,
2675 3286 2909 3354 ideoque
2964 3287 3230 3341 tetricoso
3283 3301 3347 3341 ac
3394 3287 3662 3358 depresso

2072 3378 2297 3433 tristitia
2342 3378 2493 3433 vultu
2536 3377 2782 3443 videres;
2841 3385 2955 3433 tum
2988 3377 3116 3447 quia
3167 3393 3268 3433 nec
3305 3379 3422 3448 ipse
3467 3395 3661 3448 posses

2072 3470 2323 3524 laborum
2372 3468 2589 3523 fructus
2634 3468 2689 3521 in
2733 3470 2993 3523 manibus
3023 3467 3188 3523 ferre.
3233 3469 3377 3536 Quid
3420 3485 3663 3540 namque

2071 3560 2388 3615 connubiali
2407 3558 2894 3626 societatejuuctis
2920 3560 2988 3615 ad
3013 3561 3390 3630 spectaculum
3414 3560 3659 3629 dulcius,

2070 3667 2235 3721 quam
2295 3661 2354 3705 ut
2398 3660 2621 3705 enatant
2668 3666 2733 3705 ex
2777 3666 2837 3706 se
2883 3652 3108 3706 videant
3157 3653 3424 3722 germen?
3468 3669 3662 3708 verum

2068 3745 2235 3799 etiam
2275 3744 2343 3798 ab
2378 3744 2656 3798 extraneis
2688 3744 3103 3813 increpantibus
3134 3744 3353 3813 gravior
3379 3745 3661 3802 mmstitiaa

2069 3838 2238 3893 animi
2278 3837 2454 3907 caligo
2479 3837 2812 3907 occupabat,
2844 3838 2989 3906 quod
3022 3838 3255 3906 gentiles
3285 3839 3362 3892 tui
3395 3848 3658 3909 tanquam

2069 3929 2310 3985 sterilem
2344 3944 2407 3983 ac
2442 3931 2638 3984 orbum
2682 3930 2838 3997 prole
2876 3930 3093 3997 probris
3124 3937 3481 3997 appeterent:
3512 3946 3662 3985 nunc

2071 4021 2353 4075 enimvero
2382 4019 2522 4076 laetis
2550 4020 2787 4088 gaudiis,
2822 4020 3005 4074 laetum
3037 4020 3114 4073 tui
3140 4020 3368 4076 seminis
3399 4029 3659 4091 aspectas

2068 4110 2329 4175 fructum,
2361 4128 2473 4182 quo
2503 4112 2728 4167 tristitia
2754 4127 3071 4182 mmrorque
3095 4112 3163 4167 ab
3190 4114 3439 4169 omnium
3463 4115 3656 4185 depul-

2067 4218 2165 4259 sus
2191 4210 2275 4257 est
2304 4203 2498 4258 oculis.
2527 4201 2690 4257 Vides
2713 4201 2876 4257 modo
2905 4202 3277 4258 venerabilem
3305 4205 3543 4269 Annam,
3570 4206 3657 4261 sui

2066 4295 2250 4350 fructu
2301 4293 2441 4348 uteri
2487 4293 2751 4363 praeclare
2798 4294 3173 4350 honestatam.
3228 4293 3480 4351 Pudebat
3522 4296 3657 4352 olim

2066 4388 2378 4444 sterilitatis
2411 4388 2698 4456 gentilium
2736 4394 2957 4441 tuorum
2984 4388 3262 4442 communi
3299 4403 3396 4445 ore
3413 4388 3656 4457 jactataa;

2070 4489 2125 4534 at
2160 4494 2304 4534 nunc
2330 4480 2577 4535 oumiuin
2602 4493 2699 4533 ore
2728 4478 2910 4534 dulcis
2939 4480 3164 4536 exsistis
3194 4480 3403 4536 auditio
3435 4497 3500 4537 ac
3527 4496 3660 4535 nar-

370 4544 543 4637 μένης
586 4568 688 4633 τῆς
749 4567 1025 4630 ἀτεκνίας.
1054 4567 1162 4621 Καὶ
1189 4568 1358 4622 πάλαι
1395 4544 1517 4637 μὲν,
1548 4566 1623 4631 ὼς
1661 4544 1828 4631 εἰκὸς,
1869 4565 1965 4620 καὶ

2072 4571 2248 4633 ratio,
2296 4570 2415 4638 ipsa
2461 4570 2755 4627 sterilitate
2800 4571 3006 4639 ubique
3052 4572 3351 4627 celebrata.
3400 4571 3480 4627 Ac
3523 4573 3657 4627 olim

365 4658 543 4727 αὐτὴν
572 4658 909 4712 ὑπεστέλλου
940 4661 1040 4730 τὴν
1074 4659 1133 4725 ἐξ
1169 4659 1349 4723 οἰκίας
1383 4657 1631 4728 πρόοδον,
1670 4659 1766 4713 καὶ
1806 4658 1967 4728 μόνον

2072 4663 2314 4733 quidem,
2356 4671 2413 4717 ut
2438 4663 2565 4718 veri
2592 4665 2717 4733 quis
2748 4666 2932 4732 specie
2959 4662 3257 4728 existimet,
3287 4663 3452 4718 etiam
3492 4662 3658 4719 domo

364 4749 605 4819 ὀφθῆναι
636 4751 1118 4821 διευλαϐούμενος*
1146 4752 1239 4805 νῦν
1270 4751 1326 4804 δὲ
1363 4752 1582 4822 σύμπας
1607 4754 1635 4806 ό
1665 4751 1774 4805 τῶν
1798 4750 1967 4820 ἁγίων

2072 4756 2369 4827 procedere
2425 4754 2729 4819 verebaris,
2789 4763 3041 4810 metuens
3098 4754 3197 4821 vel.
3231 4755 3400 4810 etiam
3442 4754 3656 4822 videri;

363 4844 552 4914 χορὸς,
593 4845 686 4897 καὶ
716 4842 826 4896 τῶν
856 4844 1103 4912 ἀγγέλων
1141 4845 1191 4898 οἱ
1220 4844 1408 4914 δῆμοι,
1431 4844 1507 4907 ὡς
1536 4845 1706 4915 πατρὶ
1739 4845 1965 4914 Μητρὸς

2072 4862 2216 4904 nunc
2244 4856 2429 4902 autem
2462 4847 2759 4903 universus
2782 4854 3103 4903 sanctorum
3135 4847 3366 4911 chorus,
3400 4863 3465 4903 ac
3493 4864 3659 4920 ange-

362 4933 504 4988 Θεοῦ
553 4935 1058 5005 συνευφρανόμενοί
1103 4952 1186 4989 σοι
1234 4936 1706 5007 περιχορεύουσιν.
1742 4936 1965 5003 Ἐγένου

2072 4942 2243 4998 lorum
2276 4940 2759 5012 populi,tanquam
2791 4940 2881 4994 Dei
2904 4939 3094 4994 Matris
3118 4941 3329 5008 parenti
3361 4951 3659 5010 congratu-

361 5028 560 5080 τέκνου
593 5027 802 5097 πατὴρ,
841 5027 965 5101 ἥτὺ
988 5029 1147 5097 χρέος
1188 5027 1463 5081 ἀποδώσει
1506 5027 1586 5100 τῷ
1619 5027 1958 5099 προπάτορι,

362 5119 505 5187 ὅπερ
533 5119 603 5170 ἐκ
637 5118 881 5187 πλευρᾶς
929 5120 1009 5181 είς
1055 5119 1346 5173 διάπλασιν
1397 5118 1597 5189 ἔχρησε
1632 5122 1697 5190 τῇ
1742 5120 1962 5190 προμή-

331 5222 343 5232 ’
363 5228 509 5280 τορι.
545 5209 837 5279 Πληρὼσει
862 5210 1025 5264 τοῦτο
1052 5213 1182 5268 ἄνευ
1219 5214 1428 5282 σπορᾶς
1453 5213 1563 5265 τῶν
1589 5213 1761 5283 αὐτῆς
1792 5212 1959 5282 αἱμά-

363 5318 474 5357 των
504 5302 691 5374 σάρκα
718 5302 1041 5367 δανείζουσα
1079 5303 1157 5373 τῷ
1191 5303 1300 5375 νέῳ
1341 5303 1533 5374 Ἀδὰμ,
1571 5303 1669 5357 καὶ
1716 5303 1811 5356 τοῦ
1855 5320 1962 5357 πα-

364 5391 518 5446 λαιοῦ
581 5393 967 5465 πλαστουργῷ.
1018 5393 1355 5465 Ἐὅράδυνας
1418 5396 1688 5466 κληθῆναι
1739 5396 1961 5467 “ad”.

366 5489 482 5543 ἀλλ’
540 5488 689 5557 ἔχεις
734 5491 795 5541 ὲν
841 5491 1085 5562 πατράσι
1139 5490 1208 5545 τὰ
1263 5491 1563 5563 πρεσϐεῖα”
1608 5490 1724 5544 ἁλλ’
1776 5490 1963 5554 ἔτεκες

367 5582 583 5653 μητέρα
634 5580 732 5635 τοῦ
767 5580 987 5637 πάντων
1033 5583 1270 5654 Πατρός.
1324 5584 1509 5639 Τίκτει
1553 5586 1647 5639 καὶ
1712 5584 1964 5656 ’Δδραὰμ
1997 5658 2008 5663 ,

434 5765 454 5798 ³
481 5763 646 5822 Rom.
694 5765 874 5837 115,3.
953 5764 1200 5823 δΕῑευΙι.
1242 5778 1390 5836 thv,
1434 5768 1481 5822 Ι.

2071 5033 2269 5098 iantes,
2294 5034 2434 5091 laetis
2459 5034 2903 5103 circumcingunt
2926 5031 3166 5087 choreis.
3196 5029 3401 5088 Factus
3439 5047 3500 5088 es
3536 5032 3660 5087 li'iac

2070 5134 2245 5193 pater,
2282 5141 2405 5195 qua:
2452 5127 2631 5196 primo
2681 5124 2895 5194 parenti
2940 5122 3185 5177 debitum
3240 5122 3520 5177 redditura
3551 5131 3655 5187 est;

2070 5216 2217 5285 quod
2256 5216 2514 5269 nimirum
2550 5216 2743 5286 prima:
2786 5212 3156 5270 commodavit
3200 5213 3434 5282 parenti,
3470 5220 3528 5265 ut
3565 5212 3660 5266 illa

2068 5325 2134 5365 ex
2182 5309 2304 5379 ejus
2355 5310 2526 5364 latere
2571 5307 2930 5363 formaretur.
2985 5305 3158 5360 Porro
3207 5320 3322 5359 rem
3375 5303 3659 5373 pra‘stab't

2068 5401 2223 5455 nullo
2256 5402 2469 5457 semine
2508 5416 2574 5456 ex
2616 5400 2733 5456 suis
2760 5398 3125 5469 sanguinibus
3163 5412 3307 5451 novo
3335 5396 3466 5451 Adae
3502 5395 3655 5452 fene-

2066 5505 2198 5545 rans
2230 5505 2448 5545 carnem
2476 5531 2489 5555 ,
2545 5505 2606 5543 ac
2659 5504 2770 5560 quo
2821 5488 3082 5558 antiquus
3135 5487 3226 5543 ille
3257 5487 3514 5542 conditus
3546 5499 3654 5544 est.

2067 5581 2248 5639 Tarde
2268 5594 2420 5655 pater
2449 5582 2757 5654 appellatus
2784 5597 2879 5649 cs;
2912 5588 2967 5637 at
2990 5581 3197 5653 prjznas
3220 5580 3448 5637 honoris
3472 5590 3655 5652 partes
