4104 6446
398 391 435 450 9
1291 397 1573 457 ORATIO
1600 401 1649 457 l.
1679 426 1748 437 -
1774 403 1852 461 1N
1896 404 1958 460 Β.
1996 401 2257 460 ΜΛΙὶΙίΕ
2296 400 2832 459 ΝΑῬΝΙΤΑΤΕΜ.
3618 390 3682 453 10

410 494 638 568 γλώσσῃ
669 497 802 559 τοὺς
840 498 1007 566 ἐμοὺς
1042 499 1342 569 ἐξειργάσω
1376 503 1726 575 προπάτορας
1752 522 1765 537 ο
1800 505 2000 572 μᾶλλον

2106 522 2337 561 surrone
2385 508 2566 577 lingua
2608 520 2758 559 meos
2800 502 3175 573 progenitores
3220 499 3360 553 male
3402 496 3679 552 habuisti:

408 588 489 649 δὲ,
525 587 591 640 δι’
621 582 700 640 ὧν
738 589 865 642 καθ’
894 589 1021 658 ὅλης
1052 593 1150 659 τῆς
1188 591 1401 658 φύσεως
1435 594 1709 662 ἐτεχνάσω
1751 595 1843 647 τὸν
1882 596 1994 648 ὄλε-

408 680 564 743 θρον.
604 680 682 731 Οὐ
714 681 825 749 γὰρ
868 680 946 733 ἔτι
977 680 1197 744 ἀλύπως
1240 682 1376 751 ἔχων
1403 684 1585 746 ἀπίοις
1608 723 1623 746 ,
1657 685 1776 737 ούδέ
1802 686 1893 737 ἐπὶ
1933 687 1999 755 τῇ

409 770 582 841 χλεύη
607 770 1026 842 σεμνυνόμενος.
1062 772 1199 842 Ἤδη
1217 776 1347 843 γάρ,
1379 775 1480 845 ἤδη
1536 791 1618 828 σοι
1645 776 1737 828 ἐπὶ
1770 777 1868 847 τὴν
1898 794 2000 830 κα-

414 863 731 930 κομήχανον
784 862 1061 931 κεφαλὴν,
1093 863 1155 916 τὸ
1201 864 1321 917 καθ’
1351 865 1509 934 ἡμῶν
1560 866 1858 935 ἐνσκήπτει
1901 884 1999 920 κα-

375 950 981 1041 ικοῦργονΕΕγεννήθη
1130 952 1245 1024 Εὔα
1295 954 1526 1019 παιδίον,
1571 955 1638 1008 δι’
1663 949 1725 1009 οὖ
1786 956 1998 1025 ἐκείνης

414 1040 776 1095 ἀνακαλεῖται
812 1043 911 1110 μὲν
940 1044 973 1111 ἡ
998 1039 1157 1113 ἦττα,
1192 1045 1287 1096 καὶ
1319 1044 1380 1095 τὸ
1410 1044 1733 1115 σκυθρωπὸν
1760 1048 1839 1109 εἰς
1869 1064 1997 1116 φαι-

412 1130 652 1201 δρότητα
694 1138 1006 1201 μεταχωρεῖ
1024 1150 1038 1165 υ
1076 1135 1135 1186 σὲ
1161 1135 1205 1187 δ’
1238 1135 1626 1205 ἀπαράκλητος
1667 1132 1809 1208 ἧττα
1838 1155 1995 1209 περι-

414 1226 662 1293 στοιχιεῖ,
690 1227 781 1277 καὶ
818 1226 1011 1295 βαθεῖα
1080 1228 1393 1299 στυγνότης.
1444 1224 1794 1301 Ἐγεωργήθη
1821 1232 1998 1300 παρά-

410 1312 614 1381 δεισος,
658 1316 718 1380 ἐξ
752 1312 821 1388 ἦς
881 1320 1285 1390 ἀναϐλαστήσει
1333 1321 1500 1388 φυτὸν
1554 1321 1842 1386 ἀθάνατον,
1896 1324 1994 1387 τὰς

413 1403 598 1473 κῆρας
627 1405 719 1459 τοῦ
763 1409 931 1476 φυτοῦ
973 1410 1207 1477 διαλύον,
1242 1404 1303 1464 οὗ
1343 1412 1443 1481 τὴν
1468 1412 1656 1479 γεῦσιν
1702 1411 1993 1482 προεξένη-

412 1500 515 1558 σας
539 1510 556 1526 ·
593 1497 689 1551 καὶ
728 1499 820 1551 τὸν
847 1501 908 1566 ἐξ
953 1502 1167 1573 ἀπάτης
1190 1502 1567 1573 παραδοθέντα
1591 1503 1823 1573 θανάτῳ,
1855 1504 1991 1573 πρὸς

410 1586 717 1641 ἀθανασίαν
743 1591 1149 1662 ἀνακτώμενον.
1183 1594 1372 1665 Κλοπῇ
1403 1595 1498 1647 καὶ
1527 1595 1714 1664 ψεύδει
1755 1596 1855 1666 τὴν
1889 1613 1993 1666 μη·-

410 1678 547 1746 τέρα
573 1684 761 1743 κακοῖς
800 1682 1151 1753 περιέϐαλες·
1182 1686 1402 1755 ἐκδέχου
1448 1687 1643 1756 μικρὸν
1673 1687 1796 1739 ὅσον
1836 1686 1990 1741 οὔπω

410 1769 514 1835 τῆς
544 1770 645 1837 σῆς
675 1776 1092 1845 κακομηχανίας
1133 1776 1201 1830 τά
1248 1777 1522 1847 ἐπίχειρα,
1557 1778 1591 1831 ἆ
1625 1794 1706 1831 σοι
1743 1795 1990 1848 παραγε-

410 1858 638 1927 νήσεται
658 1860 752 1913 τοῦ
774 1864 966 1916 τέκνου
994 1865 1129 1934 πρὸς
1150 1866 1241 1918 τὸν
1269 1867 1609 1935 πανάμωμον
1642 1867 1799 1919 τόκον
1833 1868 1993 1936 ἧκον-

409 1968 527 2013 τος.
575 1955 733 2023 Ἀρτι
755 1955 1047 2025 θεούμενον
1084 1958 1188 2029 ὄψῃ
1221 1957 1299 2029 τῷ
1328 1959 1464 2022 ὄντι,
1493 1959 1550 2011 ὃν
1594 1959 1758 2013 πάλαι
1808 1959 1996 2028 πλάνῳ

411 2043 668 2108 θεώσεως
717 2048 1047 2117 ὑποσχέσει,
1091 2050 1242 2114 θείας
1306 2051 1595 2113 συνουσίας
1656 2052 1996 2120 κατέστησας

413 2135 712 2205 ὑπερόριον
732 2155 745 2168 ·
784 2141 879 2191 καὶ
902 2139 994 2194 τὸν
1017 2140 1076 2205 ἐξ
1106 2140 1282 2211 ἀρχῆς
1323 2144 1617 2195 ἐντακέντα
1651 2158 1732 2194 σοι
1779 2141 1995 2210 φθόνον,

409 2227 509 2278 τοῦ
562 2228 685 2280 καθ’
729 2223 791 2282 οὗ
846 2231 1032 2285 τοῦτον
1088 2231 1301 2298 ὧδινας,
1342 2235 1443 2302 τῆς
1480 2233 1579 2302 σῆς
1627 2233 1998 2297 ἐπιϐαίνοντος

410 2319 685 2389 κεφαλῆς,
718 2320 861 2386 ἕξεις
893 2323 1151 2377 ἐπιπλέον
1179 2341 1238 2378 σε
1267 2323 1589 2381 διεσθίοντα.
1648 2374 1649 2377 η

501 2628 733 2682 Ύπέθου
763 2630 959 2683 θέωσιν
991 2631 1068 2701 τῷ
1101 2632 1331 2702 γυναίῳ,
1362 2634 1457 2687 καὶ
1488 2633 1589 2704 τῆς
1622 2633 1830 2688 ἀλύπου
1856 2634 2001 2706 ζωῆς

412 2721 763 2785 ἀνασπάσας,
800 2723 979 2791 λύπης
1030 2725 1337 2794 ἀνάμεστον
1388 2725 1534 2795 ζωὴν
1585 2727 1905 2796 προξενεῖς·
1939 2729 1999 2781 ού

420 2811 584 2877 μόνον
628 2807 711 2874 οἷς
763 2812 920 2866 ἄλλαι
958 2814 1147 2882 μυρίαι
1173 2817 1341 2886 κῆρες
1388 2817 1479 2869 τὸν
1514 2816 1627 2885 βίον
1665 2820 2003 2889 περιστοιχί·

416 2901 608 2964 quam
630 2916 644 2930 ⁶
686 2902 822 2955 ἀλλά
853 2906 946 2956 καὶ
981 2903 1039 2967 ἐξ
1067 2900 1141 2957 ὧν
1174 2907 1340 2975 ἐχρῆν
1373 2908 1628 2961 ὑπόθεσιν
1665 2909 2004 2980 εὐφροσύνης

417 2987 560 3044 εἶναι
596 2993 885 3060 ἀνθρώπου
938 2995 1075 3065 πρὸς
1104 2997 1217 3065 φῶς
1268 2997 1503 3062 ἐξιόντος
1554 2999 1662 3051 τῶν
1714 3002 2004 3054 σκοτεινῶν

414 3080 528 3131 τῶν
551 3082 802 3150 ἐγκάτων
833 3086 1068 3154 χωρίων,
1100 3087 1196 3139 καὶ
1228 3086 1385 3140 τοῦτο
1409 3088 1472 3157 δὴ
1493 3088 1671 3159 λύπης
1710 3091 1883 3143 αῐτιον
1914 3109 2005 3144 τε·

2112 600 2219 650 imo
2266 598 2467 666 quibus
2519 596 2781 649 adversus
2828 603 3077 647 naturam
3132 590 3443 643 universam
3493 587 3684 641 interi-

2110 698 2220 742 tum
2254 689 2606 742 machinatus
2631 702 2713 741 es.
2738 684 2847 740 Nec
2871 686 3014 739 enim
3040 682 3217 736 adhuc
3241 696 3271 735 a
3297 680 3521 734 tristitia
3547 679 3684 734 liber

2108 780 2285 834 abibis
2308 820 2321 843 ,
2352 795 2529 849 neque
2556 787 2615 833 ut
2638 777 3029 833 subsannando
3054 774 3328 844 glorieris.
3356 770 3477 825 1am
3511 772 3682 835 enim,

2101 871 2213 939 jam
2256 870 2351 923 tibi
2391 870 2444 922 in
2489 869 2798 922 malelicum
2838 874 3031 935 caput,
3071 862 3215 933 quod
3259 862 3546 917 adversum
3583 876 3682 916 nos

2103 961 2423 1031 excogitasti
2445 959 2772 1014 maleﬁcium
2801 958 3052 1011 vertitur.
3072 954 3208 1008 Nata
3226 962 3310 1009 est
3330 953 3456 1006 Eva:
3480 952 3679 1021 puclla,

2101 1067 2197 1123 per
2227 1067 2388 1122 quam
2413 1052 2532 1120 ejus
2561 1052 2783 1122 quidem
2812 1050 3152 1104 instauratur
3178 1046 3356 1109 ruina,
3388 1043 3681 1097 mmstitia-

2099 1159 2206 1213 que
2254 1144 2306 1196 in
2338 1129 2578 1197 laetitiam
2604 1142 2799 1196 transit
2830 1159 2842 1194 :
2901 1148 2952 1195 te
2978 1154 3109 1194 vero
3132 1133 3544 1191 inconsolabilis
3567 1132 3676 1186 cir-

2097 1235 2394 1292 cumstabit
2426 1250 2621 1298 casus,
2669 1247 2733 1287 ac
2771 1230 3080 1301 profundus
3111 1242 3338 1281 maeror.
3372 1226 3569 1279 Cultus
3596 1232 3682 1277 est

2099 1328 2416 1399 paradisus,
2463 1328 2531 1381 ex
2576 1339 2684 1395 quo
2736 1320 3065 1377 immortalis
3115 1317 3443 1389 germinabit
3474 1314 3680 1368 arbor:

2095 1431 2313 1486 quaque
2358 1414 2571 1469 arboris
2602 1412 2922 1481 dispereant
2954 1416 3190 1470 mortes,
3217 1404 3376 1472 cujus
3398 1399 3682 1473 gustandas

2094 1516 2288 1561 auctor
2322 1504 2469 1558 fuisti
2491 1519 2505 1568 ;
2531 1517 2662 1572 qua,
2689 1503 2943 1568 inquam,
2978 1498 3049 1563 is,
3077 1497 3169 1565 qui
3201 1507 3390 1550 errore
3423 1492 3683 1557 deceptus

2094 1596 2255 1651 morti
2284 1594 2514 1650 traditus
2545 1592 2743 1657 fuerat,
2768 1592 2833 1646 ad
2865 1588 3331 1644 immortalitatem
3366 1588 3679 1651 reparetur-

2096 1687 2318 1742 Furtivo
2350 1684 2707 1753 mendacique
2738 1696 2971 1738 susurro
3036 1687 3267 1734 matrem
3301 1675 3462 1731 malis
3491 1673 3678 1742 impli-

2097 1781 2264 1845 casti;
2323 1776 2593 1832 modicum
2630 1773 3032 1845 aliquantulum
3082 1769 3307 1841 maligni
3359 1768 3436 1822 tui
3459 1765 3678 1821 consilii

2098 1870 2399 1927 mercedem
2428 1877 2701 1937 exspecta,
2743 1880 2907 1934 quam
2946 1861 3322 1931 consequeris,
3353 1874 3474 1912 cum
3512 1856 3680 1911 Filius

2100 1959 2611 2017 immaculatissimo
2664 1963 2825 2026 partu
2877 1956 2932 2007 in
2979 1954 3155 2007 lucem
3210 1951 3402 2007 exibit.
3456 1947 3679 2001 Videbis

2100 2052 2266 2108 modo
2307 2065 2494 2107 revera
2536 2049 2741 2103 deitate
2769 2047 3033 2099 donatum
3065 2058 3190 2097 eum
3219 2057 3379 2110 quem
3419 2040 3546 2093 olim
3579 2039 3682 2091 im-

2100 2151 2326 2213 postura
2353 2140 2574 2195 deitatis
2600 2137 2973 2206 promissione
2998 2134 3285 2197 dcludens,
3312 2147 3342 2185 a
3372 2129 3556 2189 divina
3588 2144 3683 2184 ex—

2099 2242 2302 2289 torrem
2352 2228 2747 2287 consuetudine
2818 2224 3094 2279 eﬂ‘ecisti:
3144 2236 3379 2291 cumque
3435 2220 3679 2282 livorem,

2101 2340 2209 2395 quo
2246 2339 2277 2377 a
2313 2321 2579 2392 principio
2613 2316 2942 2373 contabuisti
2971 2356 2986 2381 ,
3031 2315 3184 2384 ipso,
3226 2312 3487 2366 adversus
3520 2324 3682 2379 quem

2104 2416 2405 2487 parturisti,
2431 2423 2578 2467 tuum
2618 2410 2866 2464 calcante
2908 2414 3102 2477 caput,
3145 2402 3397 2475 ampliori
3439 2410 3492 2457 te
3545 2408 3683 2456 aastu

2101 2504 2479 2561 comedentem
2513 2499 2761 2555 habebis.
3014 2496 3015 2499 “

2175 2642 2437 2697 Deitatem
2466 2634 2804 2692 muliercula:
2839 2633 3163 2705 suggessisti
3186 2634 3231 2699 ',
3261 2640 3423 2702 atque
3454 2645 3483 2685 a
3511 2628 3631 2685 vita
3651 2642 3684 2683 a

2103 2731 2341 2787 tristitiis
2370 2728 2540 2782 libera
2568 2726 2915 2790 abstraliens,
2937 2725 3102 2778 vitam
3149 2723 3460 2792 importasti
3511 2720 3683 2775 tristi-

2104 2823 2197 2877 tiis
2218 2820 2430 2889 plenam
2454 2835 2468 2885 ;
2498 2816 2698 2872 nedum
2733 2831 2841 2886 qua
2876 2816 3160 2871 innumera
3188 2816 3294 2868 alia
3318 2815 3462 2869 mala
3489 2815 3685 2867 huma-

2104 2926 2231 2966 nam
2278 2911 2639 2964 circumstant
2687 2908 2855 2962 vitam
2886 2950 2901 2974 ,
2938 2922 3127 2962 verum
3170 2906 3332 2959 etiam
3371 2905 3516 2973 quod
3550 2903 3682 2957 illud

2106 3003 2286 3071 ipsum
2320 3002 2464 3070 quod
2503 3000 2561 3075 in_
2590 2998 2804 3054 laatitiae,
2826 3005 3207 3067 argumentum
3240 2996 3436 3050 cedere
3466 3003 3685 3065 oporte-

2108 3093 2229 3157 bat,
2261 3102 2495 3147 exeunte
2528 3091 2747 3145 homine
2790 3090 2844 3144 in
2893 3089 3033 3143 lucis
3069 3103 3231 3143 auras
3262 3103 3290 3140 a
3324 3085 3685 3141 tenebricosis

418 3174 784 3241 κτηνὰμενος.
824 3177 911 3229 Ἐν
938 3179 1048 3248 γὰρ
1072 3178 1269 3241 λύπαις
1302 3178 1508 3231 τίκτειν
1549 3185 1615 3252 τῇ
1644 3182 1839 3254 βαρείᾳ
1878 3185 2000 3237 καθ’

2106 3186 2374 3238 viscerum
2409 3183 2643 3245 sinibus,
2674 3181 2911 3235 tristitia:
2957 3179 3204 3235 effeceris
3246 3193 3487 3233 causam.
3521 3175 3682 3231 Gravi

418 3265 581 3331 ἡμῶν
612 3267 890 3335 ἀποφάσει
946 3270 1288 3339 προσέκειτο.
1330 3271 1493 3325 Ἀλλά
1529 3272 1624 3326 νῦν
1662 3275 1817 3337 τόκος
1846 3278 2006 3345 ἐμαι-

418 3355 555 3421 εὑθη
590 3359 688 3425 τῆς
718 3358 970 3429 λυπηρᾶς
1002 3362 1220 3431 κρατῶν
1246 3363 1597 3431 ἀποφάσεως,
1625 3366 1721 3418 καὶ
1752 3366 1850 3437 τὴν
1872 3385 2007 3437 χαρ-

424 3449 595 3517 μονὴν
615 3452 725 3512 τοῖς
768 3452 972 3522 πέρασι
1018 3455 1320 3525 μνώμενος.
1349 3456 1654 3528 Διέσφηλας
1694 3459 1785 3511 τὸν
1814 3464 2004 3530 γενάρ-

419 3555 527 3606 χην
578 3539 836 3603 σκελίσας
868 3544 1097 3613 γυναίῳ,
1128 3546 1222 3599 καὶ
1262 3547 1355 3599 τὸν
1404 3548 1724 3617 φθοροποιὸν
1759 3551 1858 3619 τῆς
1912 3553 2009 3620 σῆς

420 3630 738 3701 συμϐουλῆς
777 3634 933 3702 λόγον
968 3638 1058 3688 ἐπὶ
1103 3638 1259 3708 κακῷ
1290 3640 1368 3708 τῷ
1401 3640 1550 3708 σφῶν
1585 3641 1815 3705 ἔπεισας
1858 3644 2009 3707 δέξα-

420 3720 549 3773 σθαι
575 3739 590 3752 ’
629 3725 822 3796 ἐτέχθη
876 3728 1089 3779 παιδίον
1138 3730 1269 3799 ἡμῖν
1306 3733 1405 3801 τῆς
1437 3732 1604 3801 αὐτῆς
1657 3733 1759 3801 μὲν
1792 3736 1857 3803 τῇ
1889 3733 2006 3803 Εὖᾳ

422 3812 679 3876 πλάσεως
708 3855 723 3878 ,
754 3816 846 3869 τοῦ
880 3818 1191 3887 σφάλματος
1231 3821 1276 3872 δ’
1303 3821 1475 3890 αὐτῆς
1499 3824 1531 3892 ἡ
1560 3824 1882 3893 ἀνόρθωσις,
1912 3826 2004 3877 καὶ⁹

420 3906 523 3971 τῆς
548 3906 647 3971 σῆς
667 3908 700 3975 ἡ
733 3909 954 3979 ἀφορμὴ
985 3911 1338 3982 πτερνίσεως,
1375 3908 1454 3976 οἷς
1484 3914 1575 3966 τὸν
1617 3915 1878 3978 ζωοποιὺν
1907 3915 2002 3968 τοῦ

419 3995 561 4047 εξεοῦ
586 3997 757 4065 Λόγον
786 4001 1039 4072 ἀρρήτως
1096 4004 1189 4056 καὶ
1219 4004 1356 4074 ὑπὲρ
1388 4004 1513 4058 νοῦν
1543 4007 1877 4070 ὑποδέξεται.

2106 3292 2338 3345 namque
2370 3276 2443 3329 illi
2478 3274 2765 3328 adversum
2799 3288 2899 3327 nos
2931 3273 3216 3327 sententia
3263 3281 3454 3340 partus
3484 3268 3536 3321 in
3579 3267 3685 3320 tri-

2106 3369 2269 3423 stitiis
2292 3366 2581 3436 adjunctus
2605 3373 2723 3419 erat
2745 3364 2787 3418 ⁸.
2820 3363 2974 3416 Nunc
3004 3362 3283 3417 enimvero
3312 3368 3464 3429 partu
3494 3357 3682 3412 editur

2108 3477 2172 3517 ac
2209 3459 2507 3529 suscipitur
2538 3457 2750 3526 proles,
2799 3454 3147 3509 tristitiarum
3197 3451 3521 3507 sententiam
3552 3448 3678 3501 vin-

2110 3566 2270 3617 cens,
2328 3550 2622 3621 gaudiique
2669 3548 2893 3617 pignora
2944 3546 3094 3599 orbis
3153 3552 3424 3598 terrarum
3486 3539 3684 3593 ﬁnibus

2114 3642 2381 3711 pracbcns.
2419 3637 2675 3694 Fefellisti
2708 3637 2924 3705 generis
2955 3642 3234 3705 parentem
3255 3674 3269 3697 ,
3305 3647 3368 3686 ac
3405 3646 3501 3701 per
3528 3630 3684 3685 femi-

2114 3746 2237 3785 nam
2264 3729 2649 3799 supplantasti,
2682 3730 2871 3796 tuique
2901 3726 3115 3781 consilii
3149 3723 3443 3779 exitiosum
3473 3735 3684 3776 sermo-

2114 3838 2236 3877 nem
2262 3824 2313 3876 in
2336 3837 2489 3876 suam
2516 3824 2756 3891 ipsorum
2788 3821 3084 3891 perniciem
3141 3818 3422 3886 suscipere
3455 3826 3684 3884 persua-

2111 3915 2227 3969 sisti
2266 3932 2278 3967 :
2327 3923 2381 3967 at
2422 3913 2579 3967 nobis
2620 3924 2747 3966 nata
2788 3924 2871 3968 est
2907 3913 3083 3981 puella
3122 3927 3187 3963 ex
3232 3908 3422 3963 eodem
3464 3904 3683 3972 quidem

2109 4014 2273 4074 atque
2302 4004 2409 4058 Eva
2446 4003 2732 4073 ﬁgmento;
2764 4019 2884 4073 qua:
2910 4011 3089 4055 tamen
3126 4000 3248 4052 Eva:
3300 3994 3607 4051 emendatio
3628 3993 3686 4046 ﬁt

420 4099 491 4137 ac
525 4099 694 4141 eausa
736 4100 792 4142 ut
833 4092 950 4159 ipse
989 4093 1391 4164 supplanteris,
1435 4111 1543 4166 qua
1587 4096 1866 4151 vivificum
1911 4096 2005 4153 Dei
2036 4098 2358 4153 Sermonem
2418 4092 2672 4151 ineli'abili
2760 4108 2823 4148 ac
2901 4092 3093 4160 majori
3153 4090 3393 4158 cogitatu
3474 4084 3685 4139 ratione

422 4188 755 4246 susceptura
789 4192 893 4237 est.

503 4315 726 4377 Ἄκουε,
758 4314 956 4385 γηραιέ
1010 4319 1337 4387 προπάτορ,
1392 4320 1487 4373 καὶ
1534 4321 1671 4393 πρὸς
1721 4296 2009 4393 ἀμείνονας

424 4406 659 4469 ἐλπίδας
701 4407 967 4475 μετάθουο
1009 4411 1070 4462 ού
1101 4412 1209 4480 γάρ
1254 4411 1336 4464 ἔτι
1378 4413 1680 4483 ἀϐοήθητος
1733 4416 1791 4466 ἐν
1833 4414 2008 4484 θλίψει.

2186 4320 2351 4387 Audi,
2398 4333 2560 4374 senex
2612 4320 2945 4388 progenitor,
2990 4318 3156 4387 inque
3208 4329 3358 4384 spem
3408 4313 3684 4368 meliorem

2116 4409 2510 4466 transferaris:
2556 4422 2659 4463 nec
2701 4408 2845 4461 enim
2894 4407 3006 4476 jam
3059 4404 3263 4459 auxilio
3305 4403 3599 4459 destitutus
3630 4403 3687 4457 in

426 4499 526 4551 καὶ
550 4503 884 4569 στενοχωρίᾳ
910 4500 1206 4573 διαγενήσῃ
1223 4520 1237 4534 σ
1270 4502 1472 4574 ἐπέστη
1510 4506 1617 4574 γὰρ
1645 4506 1714 4558 δι’
1736 4500 1803 4577 ἧς
1825 4508 1852 4557 ὁ
1877 4523 2001 4575 κρα⁴

2117 4497 2410 4552 amiclione
2435 4511 2499 4551 ac
2522 4496 2775 4565 angustia
2800 4511 2927 4563 ages
2954 4512 2966 4547 :
3002 4496 3205 4564 quippe
3234 4495 3381 4548 venit
3408 4507 3503 4560 per
3522 4505 3687 4561 quam

425 4591 583 4650 ταιδς
609 4592 665 4642 ἐν
696 4591 867 4660 ἰσχύει
903 4592 1097 4662 βοηθὸν
1144 4594 1447 4658 ἐξαπλὼσει
1476 4599 1655 4667 χεῖρα,
1681 4598 1890 4666 καὶτῆς
1919 4616 2014 4651 τα-

425 4682 742 4751 λαιπωρίας
786 4682 1064 4752 ἐξαγάγοι.
1099 4686 1296 4740 Οἱκέτι
1330 4689 1363 4757 ή
1390 4687 1478 4740 διὰ
1529 4687 1783 4758 βρώσεως
1825 4690 2002 4743 ἐπινε-

431 4773 649 4841 μομένη
682 4773 858 4844 φθορά
907 4776 967 4828 τὸ
1017 4776 1137 4829 κατ’
1166 4778 1351 4831 είκόνα
1392 4778 1486 4832 τοῦ
1515 4779 1750 4835 πλάστου
1784 4780 2009 4852 πλάσμα

426 4864 740 4931 λωϐήσεται
767 4882 779 4893 ·
830 4867 860 4918 ὁ
900 4866 1009 4937 γάρ
1047 4868 1387 4939 Δημιουργὸς
1424 4869 1645 4933 οίκείοις
1680 4871 2009 4940 σπλάγχνοις

427 4956 627 5007 ἑαυτὸν
687 4957 1100 5025 παρακαλέσας,
1134 4959 1196 5011 τὸ
1245 4959 1400 5025 ἆγιον
1460 4960 1626 5013 αὑτοῦ
1666 4960 2008 5031 ὑπεστήσατο

430 5046 741 5114 σκήνωμα·
791 5047 886 5100 καὶ
946 5048 1084 5117 μετά
1130 5048 1238 5101 τῶν
1290 5049 1689 5123 κατοικούντων
1723 5051 1780 5103 ἐν
1833 5051 2012 5122 φθορᾷ

427 5137 661 5206 γνώμην
681 5137 887 5190 τίθεται
915 5140 1447 5210 συναναστραφῆναι,
1474 5141 1561 5195 ἵνα
1585 5141 1851 5214 διαμείψῃ
1876 5143 2013 5213 πρὸς

427 5228 764 5296 ἀφθαρσίαν.
800 5227 1181 5297 ’Λλαλάξωμεν
1212 5228 1290 5298 τῷ
1322 5228 1463 5298 Θεῷ,
1498 5229 1581 5282 ὃτι
1621 5231 1719 5299 τῆς
1748 5232 2012 5302 πολυχρο-

427 5320 546 5372 νίου
576 5317 891 5388 τυραννίδος
918 5320 951 5388 ή
985 5317 1228 5388 βαρύτης
1257 5319 1430 5389 ἀρχὴν
1474 5318 1741 5389 λαμϐάνει
1764 5321 1858 5375 τοῦ
1889 5323 2012 5376 ἐλα-

428 5408 771 5477 φρύνεσθαι·
807 5408 1008 5477 μᾶλλον
1056 5409 1156 5461 δ’ό
1204 5409 1518 5479 ἀποστάτης
1563 5412 1643 5473 είς
1688 5413 1868 5479 φυγὴν
1909 5412 2005 5481 τὴν

426 5496 615 5561 δίωξιν
652 5496 972 5567 ἐναλλάξας,
1003 5498 1281 5566 ἀναχωρεῖ
1306 5497 1587 5567 τύραννος.
1623 5499 1877 5566 ὀφθέντος
1910 5500 2003 5553 τοῦ

430 5584 715 5656 βασιλικοῦ
738 5588 1039 5658 σκήπτρου.
1061 5586 1256 5639 Οὐκέτι
1285 5586 1467 5657 χώραν
1492 5587 1680 5656 ἐφόδου
1703 5589 1822 5643 καθ’
1851 5591 2006 5661 ἡμῶν

503 5760 685 5817 ’Gcn.
730 5779 789 5818 ιιι
833 5764 882 5819 ὃ.
962 5763 979 5789 ⁸
1012 5761 1144 5817 ibid.
1206 5761 1290 5817 l6.
1368 5762 1386 5793 ’
1421 5761 1550 5815 Luc.
1607 5777 1642 5827 ι,
1677 5763 1767 5818 69.

2117 4588 2275 4644 fortis
2300 4588 2391 4641 ille
2415 4588 2469 4640 in
2496 4589 2696 4641 virtute
2719 4587 3116 4640 auxilialricem
3140 4585 3418 4652 explicans
3443 4598 3684 4646 manum,

2109 4694 2139 4733 a
2179 4679 2400 4734 miseria
2440 4677 2641 4732 educat
2681 4692 2746 4731 ac
2793 4678 3003 4731 liberet.
3055 4675 3173 4729 Non
3205 4677 3343 4728 ultra
3376 4688 3470 4743 per
3501 4687 3685 4728 escam

2107 4770 2411 4840 depascens
2458 4770 2773 4838 corruptio,
2838 4767 2983 4838 quod
3027 4767 3094 4821 ad
3150 4765 3354 4820 lictoris
3399 4765 3686 4832 imaginem

2110 4861 2424 4933 figmentum
2449 4862 2729 4916 conditum
2755 4868 2858 4919 est,
2881 4860 3038 4914 laedet
3055 4897 3068 4911 .
3111 4857 3376 4912 Conditor
3402 4856 3547 4910 enim
3570 4856 3688 4909 suis

2106 4954 2223 5024 ipse
2245 4953 2552 5013 visceribus
2582 4961 2927 5024 provocatus,
2948 4949 3238 5005 consilium
3264 4948 3386 5014 init,
3409 4945 3685 5001 decernit—

2114 5060 2221 5114 que
2244 5059 2369 5103 cum
2393 5047 2744 5115 corruptione
2768 5044 3128 5113 versari,quo
3145 5043 3198 5096 in
3219 5040 3684 5109 incorruptionem

2113 5144 2430 5192 commutet.
2449 5134 2753 5191 Jubilemus
2774 5136 2903 5199 Deo,
2928 5133 3071 5204 quod
3096 5134 3367 5188 diuturna:
3386 5127 3688 5201 tyrannidis

2114 5240 2277 5297 grave
2324 5241 2465 5282 onus
2502 5226 2616 5281 leve
2653 5225 2766 5281 ﬁeri
2800 5225 3045 5295 incipiat.
3076 5222 3189 5278 lmo
3223 5228 3467 5293 apostata
3499 5227 3687 5286 tyran-

2114 5332 2246 5381 nus,
2270 5333 2375 5388 pro.
2403 5331 2469 5372 eo
2508 5326 2567 5369 ut
2613 5324 2993 5386 persequatur,
3034 5312 3212 5382 fugam
3253 5310 3431 5363 iniens
3458 5304 3685 5367 recedit,

2115 5410 2205 5463 ubi
2236 5408 2416 5478 regale
2443 5406 2735 5477 conspexit
2763 5415 3059 5473 sceptrum.
3085 5400 3204 5455 Non
3235 5397 3470 5467 amplius
3492 5394 3687 5449 adver-

2115 5514 2234 5554 sum
2278 5512 2378 5553 nos
2411 5496 2701 5553 invadendi
2743 5495 2921 5548 locum
2957 5491 3232 5551 inveniet;
3276 5486 3508 5558 erigitur
3536 5485 3684 5541 enim

2082 5590 2275 5646 'nobis
2313 5602 2486 5645 cornu
2528 5587 2782 5658 potentia:
2811 5584 2878 5641 dc
2923 5582 3083 5641 domo
3117 5580 3347 5647 David”;
3375 5591 3569 5641 cornu,
3602 5574 3685 5629 ln-
