4104 6454
463 363 486 432 Ι
502 360 531 432 ί
1713 365 1987 426 LEONIS

2144 362 2511 424 lILOSOPHI
3674 356 3743 419 12

464 490 653 545 quam,
678 473 732 529 in
758 490 866 545 quo
889 490 1076 531 eorum
1104 490 1301 542 cornu,
1332 476 1424 546 qui
1457 475 1726 534 hactenus
1758 478 1810 531 in
1848 477 2038 531 maliti:

2158 476 2413 545 εὑρήσειο
2446 473 2721 544 ἐγείρεται
2750 471 2859 543 γὰρ
2890 471 3025 543 ἡμῖν
3075 470 3136 535 ἐξ
3167 472 3318 525 οίκου
3368 468 3532 525 Δαϐὶδ
3571 471 3740 542 κέρας

470 565 740 620 dominati
766 574 917 631 sunt,
954 567 1349 621 eonterendum
1381 576 1482 623 est.

537 747 864 813 Enimvero,
909 747 1041 801 mihi
1084 745 1251 800 David
1294 755 1635 816 opportunus
1682 746 1882 802 venis:
1917 761 2056 802 cane

465 855 595 896 vero
644 841 835 910 puella:
864 855 931 894 ex
965 840 1072 894 tuis
1100 838 1299 893 lumbis
1335 837 1532 908 genitae
1560 856 1573 892 :
1604 852 1740 893 cane
1768 836 2053 892 duleisoua

467 937 575 981 tute
594 926 873 995 sapientia:
915 928 1127 980 cantica
1152 966 1167 991 ,
1188 927 1626 995 sanctiﬁcationis
1656 943 1836 980 arcam
1863 927 1906 957 ¹⁰
1929 942 2057 981 sua-

466 1018 605 1071 viter
633 1016 955 1085 modulans;
988 1018 1280 1087 gloriosam
1312 1019 1458 1072 illam
1489 1020 1545 1073 in
1566 1018 1771 1089 [imbris
1803 1019 2050 1081 aureis”;

468 1118 695 1162 montem
726 1110 783 1162 in
821 1126 923 1179 quo
955 1110 1339 1178 beneplacilum
1369 1120 1445 1165 est
1490 1112 1789 1167 inhabitare
1819 1113 1872 1165 in
1902 1128 1961 1166 eo
1984 1113 2049 1176 ι’,

468 1202 705 1270 portanti
748 1217 909 1256 manu
955 1203 1243 1257 universos
1286 1203 1421 1259 ﬁnes
1472 1212 1651 1259 terrai.
1693 1205 1805 1270 Age
1845 1215 2050 1273 autem,

466 1307 614 1346 nunc
645 1307 863 1363 quoque
887 1295 1027 1348 salta
1053 1310 1239 1348 coram
1268 1294 1449 1348 divina
1479 1308 1629 1361 arca,
1657 1296 1831 1351 saltus
1862 1298 2053 1366 utique

469 1384 540 1436 ab
561 1388 710 1436 omni
741 1382 949 1440 liberos
977 1386 1426 1454 reprehensione.
1464 1386 1623 1441 Brevi
1655 1387 1876 1458 quidem
1906 1398 2049 1458 post,

470 1474 865 1544 ingredientem
900 1478 952 1531 in
974 1476 1202 1544 Sancta,
1235 1493 1433 1548 pompa
1460 1478 1719 1544 deduces,
1749 1482 2048 1549 jucundam

467 1568 617 1621 illam
641 1568 1057 1636 juvenculurum
1091 1585 1434 1641 congregans
1458 1573 1753 1639 choream;
1786 1573 2051 1629 hactenus

466 1666 672 1721 autem,
699 1667 792 1713 tuo
824 1662 998 1729 ipsius
1023 1662 1187 1725 saltu,
1225 1663 1435 1718 honora
1475 1664 1647 1719 visam
1678 1666 1848 1719 illam.
1881 1665 2050 1720 Nemo

464 1748 611 1800 enim
642 1756 747 1813 est,
778 1750 871 1818 qui
910 1751 1011 1805 hoc
1042 1753 1262 1806 nomine
1288 1754 1686 1822 reprehendere
1715 1765 2039 1824 praesumat:

2153 567 2467 637 δυνάμεως·
2503 566 2672 635 κέρας
2700 565 2757 617 ὲν
2787 557 2832 631 ᾧ
2856 565 3278 633 συντριϐήσεται
3314 561 3421 615 τῶν
3464 560 3626 632 μέχρι
3644 562 3742 616 νῦν

2153 656 2247 709 ἐπὶ
2271 656 2440 725 κακία
2471 655 2948 708 δυναστευσάντων
2979 654 3041 706 τὸ
3065 654 3253 721 κέρας.

2237 747 2401 801 Ἀλλά
2435 764 2525 816 μοι
2558 745 2725 798 Δαδίδ
2772 745 2852 808 εἰς
2888 744 3080 817 καιρὸν
3111 745 3297 814 ἥκεις’
3327 742 3421 797 καὶ
3452 738 3547 813 ᾆδε
3580 742 3646 811 τῇ
3680 740 3742 805 ἐξ

2155 844 2354 913 ὀσφύος
2398 839 2778 911 ἁποκυηθείσῃ
2832 838 3093 907 θυγατρί·
3125 834 3217 908 ᾇδε
3259 840 3359 904 τῆς
3412 836 3511 905 σῆς
3548 834 3742 903 σοφίας

2153 938 2222 990 τὰ
2286 932 2603 1006 ήδύφθογγα
2646 931 2896 1002 ᾄσματα,
2950 928 3067 995 τὴν
3108 927 3360 981 κιϐωτὸν
3408 927 3741 997 ἀναμέλπων

2153 1027 2260 1082 τοῦ
2299 1025 2697 1094 ἁγιάσματος·
2736 1022 2837 1092 τὴν
2883 1021 3279 1089 δεδοξασμένην
3309 1020 3434 1085 τοῖς
3486 1018 3741 1088 χρυσοῖς

2153 1117 2566 1188 κροσσωτοῖςο
2599 1116 2668 1170 τὸ
2716 1116 2855 1183 ὅρος
2905 1111 2937 1167 ὃ
2975 1112 3276 1180 εὐδόκησε
3321 1111 3620 1165 κατοικεῖν
3668 1109 3741 1163 ἐν

2151 1210 2332 1277 αὐτῷ,
2367 1212 2395 1264 ὁ
2433 1210 2614 1280 φέρων
2639 1202 2717 1278 τῇ
2748 1207 2892 1277 χειρὶ
2931 1206 3002 1259 τὰ
3057 1205 3157 1274 τῆς
3200 1204 3301 1273 γῆς
3328 1204 3564 1273 πέρατα.
3600 1203 3740 1269 Ἀγε

2150 1303 2214 1373 δὴ
2241 1303 2335 1355 καὶ
2365 1301 2461 1354 νῦν
2496 1300 2790 1370 σκίρτησον
2820 1296 3132 1368 ἔμπροσθεν
3164 1296 3266 1364 τῆς
3296 1294 3446 1357 θείας
3476 1292 3739 1359 κιϐωτοῦ,

2154 1394 2432 1464 σκίρτημα
2456 1390 2665 1460 μὼμων
2696 1388 3000 1459 ἐλεύθερον,
3028 1388 3241 1459 Μικρὸν
3270 1387 3369 1458 μὲν
3386 1386 3480 1440 οὖν
3508 1386 3740 1456 ὕστερον

2151 1487 2230 1547 εἰς
2255 1485 2324 1539 τὰ
2352 1487 2516 1553 Ἀγια
2541 1483 2817 1552 εἰσιούσης
2868 1481 3338 1552 προπομπεύσεις,
3371 1484 3473 1550 τὴν
3498 1481 3741 1550 τερπνὴν

2152 1579 2370 1648 ἐκείνην
2422 1576 2532 1629 τῶν
2580 1575 2840 1631 νεανίδων
2893 1572 3161 1627 συνιστῶν
3213 1572 3462 1643 χορείαν·
3497 1572 3633 1634 τέως
3679 1570 3738 1624 δὲ

2151 1669 2245 1723 νῦν
2273 1668 2351 1738 τῷ
2386 1667 2509 1721 καθ’
2544 1666 2709 1720 αὑτὸν
2736 1665 2958 1733 ἆλματι,
2992 1662 3223 1733 τίμησον
3253 1661 3511 1730 ὀφθεῖσαν
3540 1661 3732 1729 αὐτὴν.

2151 1760 2227 1815 Ού
2259 1760 2369 1831 γάρ
2402 1760 2550 1812 ἐστιν
2593 1760 2621 1809 ὁ
2648 1757 2739 1811 ἐπὶ
2766 1755 2925 1808 τοῦτο
2962 1753 3288 1824 θρασυνθείη
3328 1751 3696 1822 μωμήσασθαι
3716 1767 3731 1782 ·

462 1853 625 1891 nemo
654 1840 831 1893 instar
859 1841 981 1895 filiae
1003 1842 1184 1898 Saulis
1216 1843 1441 1897 sinistra
1472 1844 1753 1900 voluntate
1786 1847 2038 1901 immittet

2146 1853 2321 1915 οὐδεὶς
2347 1851 2489 1905 κατὰ
2518 1851 2578 1903 τὸ
2609 1849 2781 1903 Σαοὺλ
2811 1848 3103 1917 θυγάτριον
3141 1845 3393 1913 γλῶσσαν
3454 1845 3732 1913 ἐπαφήσει

462 1929 704 1999 linguam
730 1933 799 1985 ‘3:
829 1933 960 2000 quin
986 1935 1276 1990 universos
1302 1951 1390 1991 res
1415 1936 1730 2005 delectabit,
1757 1947 1869 1993 tum
1896 1941 2043 2010 quod

461 2021 744 2089 mysticam
791 2021 884 2077 Dei
932 2040 1116 2078 aream
1168 2028 1428 2081 honorari
1463 2029 1703 2096 videant,
1741 2040 1854 2086 tum
1895 2032 2041 2102 quod

460 2109 589 2173 tibi,
630 2111 700 2164 ob
731 2111 851 2180 eius
896 2118 1075 2167 tet-um
1114 2116 1590 2182 necessitudinem,
1644 2119 1761 2187 pari
1798 2121 2043 2176 exsulta-

459 2200 607 2254 tione
636 2203 1047 2272 congaudeant.
1093 2204 1170 2259 En
1210 2206 1306 2260 tibi
1331 2216 1385 2263 et
1417 2207 1542 2264 ﬁnis
1572 2224 1760 2264 eorum
1798 2211 2040 2275 advenit,

456 2309 578 2361 quae
614 2295 976 2364 jurejurando
1024 2302 1294 2367 promissa
1338 2309 1505 2354 sunt:
1551 2303 1642 2369 qui
1691 2318 1926 2373 namque
1975 2305 2043 2361 de

455 2382 643 2437 fructu
679 2386 883 2440 ventris
916 2387 971 2440 in
1007 2388 1269 2441 szeculum
1307 2404 1473 2458 super
1501 2391 1652 2459 regni
1684 2392 1882 2446 solium
1926 2409 2043 2450 ses—

455 2490 621 2529 surus
646 2486 749 2541 est,
774 2492 803 2530 e
826 2476 1076 2545 virginali
1098 2478 1209 2548 jam
1244 2479 1383 2534 solio
1420 2482 1662 2550 assurgit
1689 2482 1751 2536 ⁸⁸.

523 2655 592 2709 At
618 2656 880 2727 tu,Virgo
912 2673 975 2712 ac
1001 2657 1189 2725 Mater,
1218 2675 1339 2730 qua:
1360 2660 1474 2716 haec
1503 2662 1796 2732 plurimum
1832 2666 2041 2722 distan-

453 2746 565 2811 tia,
614 2750 765 2803 unita
813 2752 865 2804 in
919 2760 970 2805 te
1014 2753 1307 2810 ostendisti
1332 2756 1394 2820 ‘5;
1432 2765 1514 2820 tu,
1556 2756 1800 2827 inquam,
1847 2769 2041 2815 contra

451 2840 673 2908 quidem
716 2857 866 2911 spem
910 2851 1059 2909 nata,
1085 2860 1318 2914 quaeque
1352 2846 1532 2901 altiori
1569 2863 1734 2916 supra
1773 2851 2039 2905 rationem

450 2940 611 3000 partu
646 2934 852 3002 prolem
888 2936 1144 3001 edideris,
1178 2953 1247 2992 ne
1280 2935 1477 2992 Filium
1510 2953 1574 2993 ac
1614 2938 1780 2994 Deum
1824 2943 2042 3011 placare

451 3022 718 3083 desieris,
761 3038 860 3092 pro
903 3023 1220 3079 haereditate
1251 3043 1413 3096 quam
1447 3028 1495 3082 ei
1529 3028 1691 3083 Pater
1721 3030 1907 3099 dedit;
1950 3035 2039 3089 cui

450 3114 617 3167 etiam
650 3130 749 3168 nos
796 3124 1047 3184 pastores
1082 3118 1348 3186 prtefecit,
1391 3128 1450 3172 ut
1488 3121 1556 3173 ab
1581 3122 1838 3179 omnibus
1875 3140 2037 3194 rapa-

452 3204 598 3257 cium
655 3206 958 3261 bestiarum
1026 3208 1246 3264 insidiis
1304 3211 1510 3267 illzesos
1560 3215 1875 3279 custodiat,
1925 3225 2037 3271 tum

452 3306 727 3366 quotquot
769 3298 1091 3363 obscurum,
1151 3309 1265 3353 tum
1320 3310 1588 3372 quotquot
1643 3316 1927 3373 apertum,
1978 3322 2041 3362 ac

452 3388 595 3456 quod
651 3389 825 3445 oculis
853 3391 987 3460 ipsis
1044 3392 1319 3457 videatur,
1388 3395 1695 3464 periculum
1760 3397 2035 3452 alTerunt:

452 3479 772 3548 nutriatque
798 3496 860 3535 ac
892 3481 1108 3547 educet,
1144 3500 1289 3540 nunc
1313 3486 1533 3554 quidem
1570 3487 1626 3541 in
1661 3488 1881 3556 pietatis
1904 3490 2031 3543 vivi-

452 3570 574 3627 iicis
610 3574 1032 3629 mansionibus:
1068 3576 1157 3629 ulti
1204 3585 1384 3631 autem
1429 3579 1558 3633 hinc
1603 3581 1840 3649 migrare
1872 3597 2039 3653 opor-

456 3661 642 3727 tuerit,
680 3663 1005 3720 accumbere
1042 3666 1206 3721 faciat
1228 3668 1280 3721 in
1320 3670 1516 3725 salutis
1541 3672 1696 3726 atriis
1727 3685 1893 3742 atque
1920 3681 2036 3727 sta-

452 3752 619 3817 bulis,
663 3755 755 3807 ubi
788 3757 974 3813 nullus
1025 3760 1220 3824 timor,
1260 3762 1407 3814 nulla
1455 3770 1538 3818 est
1570 3764 1848 3830 turbatio,
1886 3766 2034 3820 nulla

452 3844 775 3901 insidiarum
824 3851 1138 3913 sollicitudo
1170 3870 1183 3905 :
1230 3855 1325 3908 sed
1357 3858 1539 3912 omnis
1578 3858 1853 3923 remissio,
1883 3867 2035 3912 trau-

449 3936 824 4009 quillitasque,
848 3950 1013 4012 atque
1037 3946 1372 4012 exsultatio;
1396 3962 1461 4001 eo
1483 3950 1629 4017 quod
1657 3949 1826 4016 ipsius
1859 3953 2033 4007 simus

449 4030 716 4097 populus,
773 4034 987 4103 solique
1032 4037 1081 4090 ei
1124 4037 1354 4106 gloriam
1405 4053 1470 4093 ac
1514 4038 1891 4096 adorationem
1937 4044 2032 4096 tri-

448 4118 705 4185 buamus,
741 4138 889 4177 nunc
916 4134 972 4179 et
999 4126 1052 4178 in
1083 4130 1279 4182 saecula
1311 4131 1663 4187 saeculorum.
1698 4132 1894 4186 Amen.

1070 4256 1327 4315 ORATIO
1363 4262 1425 4316 ll.

448 4362 517 4419 In
551 4376 792 4449 sanctam
820 4370 1021 4449 prolem
1048 4371 1161 4449 _Dei_
1192 4373 1420 4429 Matrem
1441 4394 1660 4449 sentper
1688 4381 1938 4449 virginem
1967 4398 2034 4436 ex

515 4438 786 4558 flentibus
816 4440 1009 4495 lumbis
1040 4442 1090 4494 in
1122 4443 1323 4500 Sancta
1379 4438 1665 4505 adductam
1697 4438 1853 4520 atque
1876 4451 2030 4505 obla-

541 4523 647 4558 am.
716 4526 723 4535 ο

541 4523 647 4561 am.
716 4526 723 4535 '

2064 4263 2119 4323 D

2145 1944 2343 2018 γνώμῃ
2367 1946 2467 1997 οὐκ
2491 1942 2624 2013 ὀρθῇ
2653 1940 2977 2010 κινουμένην
2996 1956 3007 1967 ·
3039 1937 3155 1992 ἀλλ’
3176 1936 3506 2005 ἡσθήσονται
3527 1951 3542 1966 ⁸
3574 1935 3734 1988 τοῦτο

2149 2036 2248 2106 μὲν
2309 2035 2411 2103 τὴν
2448 2034 2719 2104 μυστικὴν
2775 2030 2869 2083 τοῦ
2925 2029 3062 2081 Θεοῦ
3129 2027 3365 2080 κιϐωτὸν
3412 2025 3734 2095 τιμωμένην

2145 2127 2409 2198 ὁρῶντες·
2442 2124 2601 2178 τοῦτο
2638 2124 2696 2177 δὲ
2757 2122 2850 2175 καὶ
2886 2121 2969 2174 σοὶ
3006 2119 3092 2173 διὰ
3119 2119 3218 2189 τὴν
3267 2117 3405 2189 πρὸς
3446 2116 3618 2187 αὐτὴν
3651 2117 3735 2168 οίε

2145 2219 2403 2287 κειότητα
2438 2215 2924 2285 συναγαλλὸμενοι.
2959 2212 3065 2264 Ἴδε
3093 2228 3177 2265 σοι
3206 2210 3300 2263 καὶ
3330 2210 3390 2261 τὸ
3416 2209 3587 2278 πέρας
3620 2206 3735 2260 τῶν

2142 2310 2551 2382 ὀμωμοσμένων
2601 2307 2983 2379 παρέστηκενο
3058 2306 3124 2357 ὲκ
3182 2303 3399 2374 καρποῦ
3460 2301 3570 2371 γὰρ
3631 2301 3735 2369 τῆς

2144 2402 2355 2465 κοιλίας
2406 2401 2434 2453 ὁ
2484 2400 2695 2471 μέλλων
2746 2401 2826 2463 εἰς
2856 2398 2952 2451 τὸν.
2987 2398 3161 2450 αἰῶνα
3207 2395 3454 2449 καθίσειν
3503 2392 3595 2445 ἐπὶ
3638 2391 3731 2445 τὸν

2146 2495 2334 2567 θρόνον
2388 2494 2484 2564 τῆς
2515 2492 2818 2564 βασιλείας,
2865 2491 2967 2562 ήδη
3023 2488 3118 2543 τοῦ
3158 2486 3489 2561 παρθενικοῦ
3539 2484 3730 2556 θρόνου

2144 2589 2471 2643 ἁνίσταται.’

2227 2680 2390 2746 ’Λλλ’,
2419 2673 2464 2732 ὦ
2492 2677 2737 2748 Παρθένε
2763 2677 2856 2730 καὶ
2886 2676 3112 2747 Μήτηρ,
3142 2677 3176 2746 ή
3207 2674 3275 2729 τὰ
3308 2673 3441 2727 πολὺ
3468 2670 3732 2725 διεστῶτα

2145 2772 2339 2836 ταῦτα,
2374 2769 2634 2841 ἡνωμένα
2682 2769 2773 2822 ἐπὶ
2822 2768 2906 2820 σοὶ
2953 2767 3205 2833 δείξασα·
3239 2769 3273 2837 ἡ
3331 2766 3460 2835 παρ’
3511 2761 3732 2823 ἐλπίδας

2149 2862 2247 2933 μὲν
2272 2862 2547 2931 τεχοεῖσα,
2578 2860 2718 2930 ὑπὲρ
2763 2858 2922 2926 λόγον
2954 2856 3010 2910 δὲ
3059 2856 3317 2921 τεκοῦσα,
3358 2854 3449 2906 τὸν
3479 2852 3607 2905 Υίὸν
3638 2849 3733 2902 καὶ

2144 2950 2276 3004 Θεὸν
2307 2949 2590 3018 ίλεουμένη
2627 2947 2703 3018 μὴ
2734 2945 3015 3018 διαλίπῃς,
3053 2944 3194 3014 ὑπὲρ
3226 2938 3293 3013 ἧς
3320 2942 3519 2995 ἔδωκεν
3548 2942 3575 2993 ὀ
3614 2940 3732 2992 Πα-

2145 3042 2249 3113 τὴρ
2279 3040 2427 3111 αύτῷ
2448 3038 2817 3111 κληρονομίας
2834 3054 2847 3069 ·
2867 3032 2937 3109 ἦς
2966 3036 3059 3090 καὶ
3080 3037 3213 3108 ἡμῖν
3238 3036 3339 3105 τὴν
3363 3033 3734 3103 ποιμαντικὴν

2146 3133 2470 3185 ἐπιστασίαν
2510 3130 2845 3200 ἐπέτρεψεν·
2884 3127 3252 3196 φυλάττεσθαι
3305 3126 3405 3197 μὲν
3448 3124 3733 3195 κρείττους

2144 3223 2437 3292 ἐπιϐουλῆς
2470 3222 2577 3275 τῶν
2614 3220 2881 3291 ἁρπὰγων
2914 3217 3141 3289 θηρίων,
3167 3218 3281 3269 ὅσοι
3314 3232 3373 3268 τε
3411 3213 3613 3284 ἀφανῆ,
3639 3212 3735 3265 καὶ

2142 3319 2257 3370 ὅσοι
2278 3316 2556 3385 ὁρώμενον
2587 3315 2753 3386 φέρου
2766 3330 2818 3366 σι
2853 3311 3126 3364 κίνδυνον·
3152 3311 3304 3377 ἄγειν
3333 3307 3389 3360 δὲ
3418 3307 3513 3360 καὶ
3545 3305 3735 3374 ἐκτρέ-

2144 3427 2266 3475 φειν
2292 3408 2386 3463 νῦν
2409 3408 2507 3477 μὲν
2523 3407 2616 3459 ἐπὶ
2636 3406 2733 3468 τὰς
2755 3404 3073 3473 ζωηφόρους
3088 3402 3183 3469 τῆς
3202 3397 3485 3459 εὐσεϐείας
3524 3394 3692 3465 μονάς
3718 3411 3731 3424 ο

2143 3499 2365 3552 ἐπειδὰν
2393 3498 2437 3550 δ’
2476 3496 2689 3550 ἐκεῖθεν
2735 3493 3135 3566 μεταφοιτῆσαι
3165 3492 3295 3555 δέοι,
3328 3491 3406 3551 είς
3429 3489 3527 3550 τὰς
3559 3502 3735 3554 σωτη-

2146 3590 2293 3658 ρίους
2326 3587 2582 3650 ἐπαύλεις
2605 3583 3010 3638 διαναπαῦσαι·
3058 3582 3121 3635 οὗ
3166 3580 3330 3649 φόϐος
3357 3578 3555 3640 οὐδεὶς,
3611 3575 3735 3629 οὐδὲ

2142 3679 2407 3749 τάραχος,
2433 3678 2541 3730 οὐδ’
2580 3676 2874 3745 ἐπιϐουλῆς
2932 3675 3207 3745 μέριμνα·
3268 3674 3420 3724 πᾶσα
3462 3670 3505 3722 δ’
3551 3669 3734 3730 ἄνεσις

2143 3772 2236 3823 καὶ
2257 3769 2531 3839 ἀταραξία
2573 3769 2668 3822 καὶ
2700 3765 3021 3835 ἀγαλλίασις
3040 3783 3053 3795 ·
3083 3767 3167 3817 ὅτι
3190 3763 3355 3817 αὑτοῦ
3381 3764 3548 3830 ἐσμεν
3582 3760 3731 3825 λαὸς,

2142 3860 2237 3913 καὶ
2289 3860 2437 3929 αὐτῷ
2484 3859 2630 3929 μόνῳ
2664 3860 2761 3927 τὴν
2827 3856 2984 3923 δόξαν
3047 3856 3145 3908 καὶ
3209 3854 3307 3925 τὴν
3360 3851 3732 3923 προσκύνησιν

2142 3954 2413 4024 φέρομεν·
2472 3952 2567 4007 νῦν
2620 3952 2715 4005 καὶ
2772 3950 2851 4014 εἰς
2898 3949 3023 4011 τοὺς
3076 3948 3281 4011 αἰῶνας
3345 3946 3454 3999 τῶν
3493 3942 3729 3999 αἰώνων.

2158 4048 2353 4118 Ἀμήν.

2769 4268 2988 4323 ΛΟΓΟΣ
3027 4264 3103 4321 B'.

2143 4387 2248 4450 Εἰς
2276 4384 2392 4457 τὴν
2416 4384 2486 4457 ἐκ
2530 4383 3232 4457 στείιρωτικῶνὲλαγόνωις
3262 4375 3731 4457 προσαγομένη

2213 4449 2300 4517 εἷς
2332 4449 2404 4508 τὰ
2433 4456 2596 4522 Ἅγια
2615 4449 2791 4524 ἁγίαν
2820 4449 3173 4524 γονὴνίτὴν
3201 4449 3594 4514 ἀειπάρθενον
3623 4449 3729 4501 τοῦ

2218 4525 2367 4579 Θεοῦ
2398 4524 2658 4593 Μητέρα.

1701 4659 2011 4728 (COMBEFIS.
2049 4660 2085 4713 Ι.
2116 4675 2165 4715 c.
2193 4676 2248 4731 p.
2289 4659 2474 4729 1619)

430 4772 440 4808 ἰ
517 4770 780 4836 ρυεῐιητιῐη
826 4770 929 4824 ista
951 4784 1074 4841 qua:
1119 4769 1366 4825 exoritur
1405 4770 1553 4824 velut
1585 4772 1759 4828 lilium
1795 4776 1837 4806 ¹⁶
1882 4774 2026 4831 inter

420 4865 653 4919 -medias
684 4864 938 4917 humanae
976 4864 1323 4920 confusionis
1358 4866 1415 4920 in
1454 4865 1755 4921 vitiusitate
1789 4866 2029 4937 spinas?

351 4945 370 4955 ’
440 4958 576 5025 Quae
629 4973 784 5012 nova:
820 4958 938 5011 istae
983 4973 1047 5010 ac
1085 4959 1318 5013 insolitae
1368 4959 1671 5028 primitiae?
1706 4958 1827 5014 Non
1878 4961 2024 5014 enim

439 5059 741 5114 consuetae,
786 5052 883 5105 sed
916 5066 1039 5120 qua:
1082 5053 1356 5121 prteclarae
1418 5051 1736 5117 admodum,
1783 5067 2025 5106 summe-

435 5159 544 5211 que
576 5158 727 5197 nova:
749 5142 1061 5205 videantur,
1094 5143 1332 5211 atquein
1366 5158 1566 5196 novum
1599 5144 1835 5198 maxime
1858 5142 2021 5197 ﬁnem

436 5235 640 5305 templo
666 5243 1079 5289 consecrentur.
1126 5233 1387 5300 Quaenam
1430 5237 1534 5291 ista
1574 5236 1627 5290 in
1681 5236 1842 5308 [tegis
1876 5237 2026 5306 pala-

438 5322 573 5377 tium
609 5339 733 5378 cum
767 5326 938 5396 gloria
975 5325 1228 5380 intrans?
1265 5324 1523 5392 Qumnam
1553 5325 2023 5395 verajuvencula-

440 5433 561 5471 rum
583 5421 803 5488 chorea,
831 5439 1065 5490 quarum
1092 5423 1319 5479 honeste
1350 5424 1642 5477 admodum
1667 5424 2025 5477 circumstre-

438 5515 601 5579 pente
630 5511 820 5577 choro,
856 5522 1117 5586 tanquam
1164 5517 1366 5570 decoro
1416 5514 1620 5569 amictu
1654 5529 1877 5585 sponsa,
1904 5514 2026 5568 laeta

512 5705 556 5785 ’ξ
580 5704 937 5785 Psal._cxxxt,
971 5709 1041 5785 8._
1103 5715 1141 5744 ¹¹
1169 5713 1311 5771 Psa'.
1341 5732 1488 5785 XLIV,
1511 5717 1592 5774 ιι.

437 5776 580 5845 ιὶιθ.
658 5778 703 5811 ιο
730 5776 868 5832 Cant
922 5795 981 5847 ιι,
1012 5780 1068 5834 2.

1676 5718 1716 5749 ¹²
1749 5715 1894 5771 Psal.
1923 5728 2127 5783 Lxxvn,
2148 5712 2229 5772 17.

2205 4777 2302 4840 Τίς
2332 4775 2472 4847 αὕτη
2519 4775 2552 4845 ἡ
2596 4773 2962 4827 ἀνατέλλουσα
3010 4771 3086 4833 ὼς
3131 4766 3316 4841 κρίνον
3346 4768 3402 4820 ὲν
3435 4767 3585 4837 μέσῳ
3612 4766 3724 4820 τῶν

2133 4867 2392 4934 ἀκανθῶν,
2414 4868 2513 4934 τῆς
2540 4865 2890 4934 ἀνθρωπίνης
2933 4865 2991 4915 ἐν
3020 4860 3189 4931 κακίᾳ
3234 4859 3578 4928 συγχύσεως;
3627 4857 3727 4922 Τίς

2132 4958 2271 5029 α’ύτη
2316 4961 2349 5027 ή
2399 4956 2679 5021 ξενίζουσα
2709 4953 2970 5024 ἁπιρχή;
3022 4951 3096 5003 Od
3136 4950 3243 5019 γὰρ
3289 4948 3549 5018 συνήθης,
3585 4946 3724 5001 ἀλλὰ

2130 5051 2431 5105 καλλίστων
2472 5050 2680 5102 ἐοικυῖα
2718 5046 2812 5098 καὶ
2853 5042 3207 5107 καινοτὰτων,
3250 5041 3343 5093 ἐπὶ
3385 5039 3727 5101 καινοτάτοις

2126 5141 2201 5211 τῷ
2236 5140 2365 5210 ἱερῷ
2410 5138 2751 5208 ἀφορίζεται.
2793 5136 2888 5198 Τίς
2919 5137 2953 5204 ἡ
2994 5134 3133 5203 μετὰ
3159 5132 3319 5201 δόξης
3354 5131 3493 5200 πρδς
3535 5131 3594 5181 τὸ
3625 5128 3722 5181 τοῦ

2132 5233 2405 5296 Βασιλέως
2461 5231 2764 5299 ἀνάκτορον
2816 5226 3234 5291 είσελαύνουσα;
3292 5224 3389 5285 Τίς
3439 5223 3484 5275 δ’
3530 5222 3563 5291 ἡ
3615 5220 3724 5271 τῶν

2132 5327 2386 5382 νεανίδων
2408 5325 2617 5396 χορεία,
2643 5318 2730 5384 αἷς
2762 5321 2907 5390 μάλα
2936 5318 3147 5388 σεμνῶς
3172 5315 3598 5388 περιηχουμένη,
3631 5306 3721 5366 οἷα

2133 5422 2320 5492 νύμφη
2355 5415 2650 5485 εὐπρεπῶς
2685 5412 3039 5482 ἐστολισμένη
3068 5411 3208 5479 πρὸς
3243 5411 3334 5463 τὸν
3364 5407 3624 5477 νυμφῶνα
3660 5406 3720 5459 ὲν

2134 5511 2452 5582 φαιδρότητι
2487 5502 2880 5575 παραγίνεται;
2918 5501 3013 5564 Τίς
3043 5498 3179 5568 αὕτη
3206 5495 3275 5572 ἦς
3305 5500 3363 5551 ἐν
3391 5494 3719 5552 ταπεινώσει

2312 5712 2354 5745 ¹³
2376 5709 2417 5769 ll
2460 5710 2589 5780 Reg.
2620 5724 2694 5773 vr,
2726 5706 2807 5763 l6.
2888 5707 2933 5739 ”
2955 5703 3101 5761 Psal.
3134 5717 3318 5769 cxxxr,
3344 5701 3423 5756 Η.
