  <div class='ocr_page' id='page_1' title='image "/cluster/home/n/w/nwhite01/storage/ocr_20150623/107/coo.31924054870112/052.png"; bbox 0 0 4104 6438; ppageno 0'>
   <div class='ocr_carea' id='block_1_1' title="bbox 327 326 1932 409">
    <p class='ocr_par' dir='ltr' id='par_1_1' title="bbox 327 337 1930 409">
     <span class='ocr_line' id='line_1_1' title="bbox 327 337 1930 409; baseline -0.007 0"><span class='ocrx_word' id='word_1_1' title='bbox 327 345 390 409; x_wconf 86' lang='grc'><strong>13</strong></span> <span class='ocrx_word' id='word_1_2' title='bbox 1095 342 1378 404; x_wconf 84' lang='lat' dir='ltr'><strong>ORATIO</strong></span> <span class='ocrx_word' id='word_1_3' title='bbox 1416 342 1498 405; x_wconf 87' lang='lat' dir='ltr'><strong>li.</strong></span> <span class='ocrx_word' id='word_1_4' title='bbox 1537 366 1608 377; x_wconf 93' lang='grc'><strong><em>-</em></strong></span> <span class='ocrx_word' id='word_1_5' title='bbox 1647 339 1734 401; x_wconf 84' lang='grc' dir='ltr'>ΙΝ</span> <span class='ocrx_word' id='word_1_6' title='bbox 1769 339 1836 398; x_wconf 86' lang='grc' dir='ltr'><strong>Β.</strong></span> <span class='ocrx_word' id='word_1_7' title='bbox 1875 337 1930 397; x_wconf 90' lang='grc' dir='ltr'><strong>Μ</strong></span> 
     </span>
    </p>
   </div>
   <div class='ocr_carea' id='block_1_2' title="bbox 2036 326 3624 409">
    <p class='ocr_par' dir='ltr' id='par_1_2' title="bbox 2049 326 3624 397">
     <span class='ocr_line' id='line_1_2' title="bbox 2049 326 3624 397; baseline -0.003 -2"><span class='ocrx_word' id='word_1_8' title='bbox 2049 337 2142 396; x_wconf 68' lang='grc' dir='ltr'><strong>ΙίΕ</strong></span> <span class='ocrx_word' id='word_1_9' title='bbox 2180 333 2913 397; x_wconf 64' lang='grc' dir='ltr'><strong>ΡΠΕΞΕΝΤΛΤΙΟΝΕΜ.</strong></span> <span class='ocrx_word' id='word_1_10' title='bbox 3559 326 3624 391; x_wconf 77' lang='grc'><strong>14</strong></span> 
     </span>
    </p>
   </div>
   <div class='ocr_carea' id='block_1_3' title="bbox 325 440 1932 529">
    <p class='ocr_par' dir='ltr' id='par_1_3' title="bbox 325 446 1928 529">
     <span class='ocr_line' id='line_1_3' title="bbox 325 446 1928 529; baseline -0.01 -15"><span class='ocrx_word' id='word_1_11' title='bbox 325 465 420 521; x_wconf 72' lang='grc' dir='ltr'>ις’-ς</span> <span class='ocrx_word' id='word_1_12' title='bbox 448 460 734 529; x_wconf 78' lang='grc' dir='ltr'>ἡμετερας</span> <span class='ocrx_word' id='word_1_13' title='bbox 764 454 1028 525; x_wconf 75' lang='grc' dir='ltr'>ἐσχατιᾶς</span> <span class='ocrx_word' id='word_1_14' title='bbox 1057 451 1356 522; x_wconf 83' lang='grc' dir='ltr'>ὡσφράνθη</span> <span class='ocrx_word' id='word_1_15' title='bbox 1383 451 1444 503; x_wconf 79' lang='grc' dir='ltr'><strong>τὸ</strong></span> <span class='ocrx_word' id='word_1_16' title='bbox 1475 449 1694 521; x_wconf 81' lang='grc' dir='ltr'>ἱμάτιον</span> <span class='ocrx_word' id='word_1_17' title='bbox 1715 448 1812 517; x_wconf 84' lang='grc' dir='ltr'><strong>τῆς</strong></span> <span class='ocrx_word' id='word_1_18' title='bbox 1838 446 1928 498; x_wconf 87' lang='grc' dir='ltr'>εὐ-</span> 
     </span>
    </p>
   </div>
   <div class='ocr_carea' id='block_1_4' title="bbox 2036 440 3625 529">
    <p class='ocr_par' dir='ltr' id='par_1_4' title="bbox 2036 440 3625 511">
     <span class='ocr_line' id='line_1_4' title="bbox 2036 440 3625 511; baseline 0.001 -17"><span class='ocrx_word' id='word_1_19' title='bbox 2036 445 2088 497; x_wconf 91' lang='lat' dir='ltr'><strong>in</strong></span> <span class='ocrx_word' id='word_1_20' title='bbox 2125 446 2426 498; x_wconf 85' lang='lat' dir='ltr'><strong>thalamum</strong></span> <span class='ocrx_word' id='word_1_21' title='bbox 2469 443 2660 500; x_wconf 87' lang='lat' dir='ltr'><strong>venit?</strong></span> <span class='ocrx_word' id='word_1_22' title='bbox 2707 441 2967 509; x_wconf 83' lang='lat' dir='ltr'><strong>Quamam</strong></span> <span class='ocrx_word' id='word_1_23' title='bbox 3003 441 3127 508; x_wconf 87' lang='lat' dir='ltr'><strong>ista,</strong></span> <span class='ocrx_word' id='word_1_24' title='bbox 3167 440 3328 511; x_wconf 88' lang='lat' dir='ltr'><strong>cujus</strong></span> <span class='ocrx_word' id='word_1_25' title='bbox 3355 440 3406 495; x_wconf 89' lang='lat' dir='ltr'><strong>in</strong></span> <span class='ocrx_word' id='word_1_26' title='bbox 3440 440 3625 496; x_wconf 83' lang='lat' dir='ltr'><strong>humi-</strong></span> 
     </span>
    </p>
   </div>
   <div class='ocr_carea' id='block_1_5' title="bbox 323 537 1926 618">
    <p class='ocr_par' dir='ltr' id='par_1_5' title="bbox 323 537 1926 618">
     <span class='ocr_line' id='line_1_5' title="bbox 323 537 1926 618; baseline -0.012 -12"><span class='ocrx_word' id='word_1_27' title='bbox 323 553 484 614; x_wconf 78' lang='grc' dir='ltr'>ωδίας</span> <span class='ocrx_word' id='word_1_28' title='bbox 517 549 630 602; x_wconf 82' lang='grc' dir='ltr'>τῶν</span> <span class='ocrx_word' id='word_1_29' title='bbox 662 546 884 618; x_wconf 78' lang='grc' dir='ltr'>ἀρετῶν</span> <span class='ocrx_word' id='word_1_30' title='bbox 912 545 1012 613; x_wconf 75' lang='grc' dir='ltr'>τῆς</span> <span class='ocrx_word' id='word_1_31' title='bbox 1047 543 1262 611; x_wconf 80' lang='grc' dir='ltr'><strong>στολῆς,</strong></span> <span class='ocrx_word' id='word_1_32' title='bbox 1293 542 1321 593; x_wconf 83' lang='grc' dir='ltr'>ὁ</span> <span class='ocrx_word' id='word_1_33' title='bbox 1351 540 1565 610; x_wconf 79' lang='grc' dir='ltr'><strong>ἀπείρῳ</strong></span> <span class='ocrx_word' id='word_1_34' title='bbox 1595 537 1719 608; x_wconf 72' lang='grc' dir='ltr'>ὕψει</span> <span class='ocrx_word' id='word_1_35' title='bbox 1751 537 1926 606; x_wconf 86' lang='grc' dir='ltr'>ὐπερ-</span> 
     </span>
    </p>
   </div>
   <div class='ocr_carea' id='block_1_6' title="bbox 326 626 1928 710">
    <p class='ocr_par' dir='ltr' id='par_1_6' title="bbox 326 626 1928 710">
     <span class='ocr_line' id='line_1_6' title="bbox 326 626 1928 710; baseline -0.011 -14"><span class='ocrx_word' id='word_1_36' title='bbox 326 637 722 710; x_wconf 73' lang='grc' dir='ltr'>αναεεὸηκὼς;</span> <span class='ocrx_word' id='word_1_37' title='bbox 783 636 882 700; x_wconf 82' lang='grc' dir='ltr'><strong>Τίς</strong></span> <span class='ocrx_word' id='word_1_38' title='bbox 930 633 1070 705; x_wconf 82' lang='grc' dir='ltr'>αὐτη</span> <span class='ocrx_word' id='word_1_39' title='bbox 1116 635 1149 703; x_wconf 83' lang='grc' dir='ltr'>ἡ</span> <span class='ocrx_word' id='word_1_40' title='bbox 1197 631 1412 701; x_wconf 80' lang='grc' dir='ltr'>ἀληθῶς</span> <span class='ocrx_word' id='word_1_41' title='bbox 1440 630 1549 683; x_wconf 86' lang='grc' dir='ltr'>τῶν</span> <span class='ocrx_word' id='word_1_42' title='bbox 1579 626 1928 694; x_wconf 79' lang='grc' dir='ltr'><strong>τιμιωτάτων</strong></span> 
     </span>
    </p>
   </div>
   <div class='ocr_carea' id='block_1_7' title="bbox 325 723 1928 804">
    <p class='ocr_par' dir='ltr' id='par_1_7' title="bbox 325 723 1928 804">
     <span class='ocr_line' id='line_1_7' title="bbox 325 723 1928 804; baseline 0.011 -37"><span class='ocrx_word' id='word_1_43' title='bbox 325 734 588 804; x_wconf 43' lang='lat' dir='ltr'><strong>ampli“</strong></span> <span class='ocrx_word' id='word_1_44' title='bbox 635 732 799 801; x_wconf 75' lang='grc' dir='ltr'>Ἀρτι</span> <span class='ocrx_word' id='word_1_45' title='bbox 851 728 963 800; x_wconf 74' lang='grc' dir='ltr'>γὰρ</span> <span class='ocrx_word' id='word_1_46' title='bbox 1011 729 1045 798; x_wconf 83' lang='grc' dir='ltr'>ἡ</span> <span class='ocrx_word' id='word_1_47' title='bbox 1093 727 1182 780; x_wconf 73' lang='grc' dir='ltr'>διὰ</span> <span class='ocrx_word' id='word_1_48' title='bbox 1230 725 1477 796; x_wconf 79' lang='grc' dir='ltr'><strong>κατάραν</strong></span> <span class='ocrx_word' id='word_1_49' title='bbox 1531 723 1928 794; x_wconf 70' lang='grc' dir='ltr'>ἁκανθοφόρος,</span> 
     </span>
    </p>
   </div>
   <div class='ocr_carea' id='block_1_8' title="bbox 328 817 1930 895">
    <p class='ocr_par' dir='ltr' id='par_1_8' title="bbox 328 817 1930 895">
     <span class='ocr_line' id='line_1_8' title="bbox 328 817 1930 895; baseline -0.007 -16"><span class='ocrx_word' id='word_1_50' title='bbox 328 827 465 895; x_wconf 69' lang='grc' dir='ltr'>πρὸς</span> <span class='ocrx_word' id='word_1_51' title='bbox 518 825 581 878; x_wconf 82' lang='grc' dir='ltr'><strong>τὸ</strong></span> <span class='ocrx_word' id='word_1_52' title='bbox 638 824 875 892; x_wconf 84' lang='grc' dir='ltr'>εὐφορον</span> <span class='ocrx_word' id='word_1_53' title='bbox 930 818 1332 892; x_wconf 79' lang='grc' dir='ltr'>μεταόαλοῦσα,</span> <span class='ocrx_word' id='word_1_54' title='bbox 1383 817 1478 872; x_wconf 77' lang='grc' dir='ltr'><strong>καὶ</strong></span> <span class='ocrx_word' id='word_1_55' title='bbox 1527 817 1741 888; x_wconf 77' lang='grc' dir='ltr'>καρπὸν</span> <span class='ocrx_word' id='word_1_56' title='bbox 1775 817 1930 884; x_wconf 75' lang='grc' dir='ltr'>ἐνεγ-</span> 
     </span>
    </p>
   </div>
   <div class='ocr_carea' id='block_1_9' title="bbox 327 907 1927 986">
    <p class='ocr_par' dir='ltr' id='par_1_9' title="bbox 327 907 1927 986">
     <span class='ocr_line' id='line_1_9' title="bbox 327 907 1927 986; baseline -0.008 -12"><span class='ocrx_word' id='word_1_57' title='bbox 327 919 521 983; x_wconf 73' lang='grc' dir='ltr'>κοῦσα,</span> <span class='ocrx_word' id='word_1_58' title='bbox 549 918 612 972; x_wconf 88' lang='grc' dir='ltr'><strong>οὐ</strong></span> <span class='ocrx_word' id='word_1_59' title='bbox 640 913 786 970; x_wconf 84' lang='grc' dir='ltr'>κατᾶ</span> <span class='ocrx_word' id='word_1_60' title='bbox 813 915 917 986; x_wconf 84' lang='grc' dir='ltr'>τὴν</span> <span class='ocrx_word' id='word_1_61' title='bbox 942 913 1150 984; x_wconf 80' lang='grc' dir='ltr'><strong>συνήθη</strong></span> <span class='ocrx_word' id='word_1_62' title='bbox 1179 911 1429 981; x_wconf 79' lang='grc' dir='ltr'>πικρίαν,</span> <span class='ocrx_word' id='word_1_63' title='bbox 1459 909 1595 964; x_wconf 78' lang='grc' dir='ltr'>ἀλλὰ</span> <span class='ocrx_word' id='word_1_64' title='bbox 1613 907 1927 979; x_wconf 73' lang='grc' dir='ltr'>γλυκασμδν</span> 
     </span>
    </p>
   </div>
   <div class='ocr_carea' id='block_1_10' title="bbox 291 1002 1929 1078">
    <p class='ocr_par' dir='ltr' id='par_1_10' title="bbox 291 1002 1929 1078">
     <span class='ocr_line' id='line_1_10' title="bbox 291 1002 1929 1078; baseline -0.007 -14"><span class='ocrx_word' id='word_1_65' title='bbox 291 1009 586 1078; x_wconf 60' lang='grc' dir='ltr'>ἐὐλογίας</span> <span class='ocrx_word' id='word_1_66' title='bbox 622 1007 982 1078; x_wconf 74' lang='grc' dir='ltr'><strong>ἐμφαίνοντα,</strong></span> <span class='ocrx_word' id='word_1_67' title='bbox 1018 1005 1095 1067; x_wconf 82' lang='grc' dir='ltr'>ὡς</span> <span class='ocrx_word' id='word_1_68' title='bbox 1141 1003 1362 1073; x_wconf 72' lang='grc' dir='ltr'>ἔντιμον</span> <span class='ocrx_word' id='word_1_69' title='bbox 1404 1002 1663 1074; x_wconf 81' lang='grc' dir='ltr'>ἀπαρχὴν</span> <span class='ocrx_word' id='word_1_70' title='bbox 1707 1002 1929 1072; x_wconf 85' lang='grc' dir='ltr'>εὐχαρι-</span> 
     </span>
    </p>
   </div>
   <div class='ocr_carea' id='block_1_11' title="bbox 331 1093 1928 1171">
    <p class='ocr_par' dir='ltr' id='par_1_11' title="bbox 331 1093 1928 1171">
     <span class='ocr_line' id='line_1_11' title="bbox 331 1093 1928 1171; baseline -0.007 -16"><span class='ocrx_word' id='word_1_71' title='bbox 331 1101 539 1155; x_wconf 77' lang='grc' dir='ltr'>στοῦαα</span> <span class='ocrx_word' id='word_1_72' title='bbox 567 1099 647 1171; x_wconf 85' lang='grc' dir='ltr'>τῷ</span> <span class='ocrx_word' id='word_1_73' title='bbox 676 1096 988 1170; x_wconf 84' lang='grc' dir='ltr'>καρποδότῃ</span> <span class='ocrx_word' id='word_1_74' title='bbox 1036 1098 1216 1166; x_wconf 81' lang='grc' dir='ltr'><strong>φέρει.</strong></span> <span class='ocrx_word' id='word_1_75' title='bbox 1261 1093 1412 1167; x_wconf 74' lang='grc' dir='ltr'>Αὕτη</span> <span class='ocrx_word' id='word_1_76' title='bbox 1461 1093 1738 1165; x_wconf 84' lang='grc' dir='ltr'>ἀληθῶςή</span> <span class='ocrx_word' id='word_1_77' title='bbox 1788 1109 1928 1163; x_wconf 87' lang='grc' dir='ltr'>νυμ-</span> 
     </span>
    </p>
   </div>
   <div class='ocr_carea' id='block_1_12' title="bbox 331 1184 1928 1264">
    <p class='ocr_par' dir='ltr' id='par_1_12' title="bbox 331 1184 1928 1264">
     <span class='ocr_line' id='line_1_12' title="bbox 331 1184 1928 1264; baseline -0.006 -18"><span class='ocrx_word' id='word_1_78' title='bbox 331 1194 500 1264; x_wconf 74' lang='grc' dir='ltr'>φικὴν</span> <span class='ocrx_word' id='word_1_79' title='bbox 528 1190 989 1248; x_wconf 83' lang='grc' dir='ltr'>καταπλουτοῦσα</span> <span class='ocrx_word' id='word_1_80' title='bbox 1024 1188 1359 1259; x_wconf 84' lang='grc' dir='ltr'>εὐπρέπειαν</span> <span class='ocrx_word' id='word_1_81' title='bbox 1392 1188 1488 1240; x_wconf 78' lang='grc' dir='ltr'><strong>καὶ</strong></span> <span class='ocrx_word' id='word_1_82' title='bbox 1517 1184 1653 1254; x_wconf 79' lang='grc' dir='ltr'>πρὸς</span> <span class='ocrx_word' id='word_1_83' title='bbox 1687 1185 1928 1255; x_wconf 84' lang='grc' dir='ltr'>Νύμφην</span> 
     </span>
    </p>
   </div>
   <div class='ocr_carea' id='block_1_13' title="bbox 329 1276 1929 1355">
    <p class='ocr_par' dir='ltr' id='par_1_13' title="bbox 329 1276 1929 1355">
     <span class='ocr_line' id='line_1_13' title="bbox 329 1276 1929 1355; baseline -0.008 -13"><span class='ocrx_word' id='word_1_84' title='bbox 329 1287 426 1343; x_wconf 76' lang='grc' dir='ltr'>τοῦ</span> <span class='ocrx_word' id='word_1_85' title='bbox 452 1285 796 1355; x_wconf 74' lang='grc' dir='ltr'>Μονογενοῦς</span> <span class='ocrx_word' id='word_1_86' title='bbox 823 1282 1200 1353; x_wconf 78' lang='grc' dir='ltr'>ὲξειλεγμὲνη.</span> <span class='ocrx_word' id='word_1_87' title='bbox 1235 1280 1335 1334; x_wconf 79' lang='grc' dir='ltr'><strong>Διὰ</strong></span> <span class='ocrx_word' id='word_1_88' title='bbox 1363 1279 1521 1333; x_wconf 82' lang='grc' dir='ltr'>τοῦτο</span> <span class='ocrx_word' id='word_1_89' title='bbox 1547 1279 1642 1331; x_wconf 80' lang='grc' dir='ltr'><strong>καὶ</strong></span> <span class='ocrx_word' id='word_1_90' title='bbox 1677 1277 1812 1348; x_wconf 78' lang='grc' dir='ltr'>πρὸς</span> <span class='ocrx_word' id='word_1_91' title='bbox 1838 1276 1929 1330; x_wconf 82' lang='grc' dir='ltr'><strong>τὸν</strong></span> 
     </span>
    </p>
   </div>
   <div class='ocr_carea' id='block_1_14' title="bbox 333 1369 1929 1450">
    <p class='ocr_par' dir='ltr' id='par_1_14' title="bbox 333 1369 1929 1450">
     <span class='ocr_line' id='line_1_14' title="bbox 333 1369 1929 1450; baseline -0.008 -15"><span class='ocrx_word' id='word_1_92' title='bbox 333 1381 479 1435; x_wconf 80' lang='grc' dir='ltr'>Θεῖον</span> <span class='ocrx_word' id='word_1_93' title='bbox 509 1378 781 1450; x_wconf 81' lang='grc' dir='ltr'>νυμφῶνα</span> <span class='ocrx_word' id='word_1_94' title='bbox 823 1376 966 1448; x_wconf 85' lang='grc' dir='ltr'>μετὰ</span> <span class='ocrx_word' id='word_1_95' title='bbox 1000 1375 1291 1444; x_wconf 86' lang='grc' dir='ltr'>Θειότητος</span> <span class='ocrx_word' id='word_1_96' title='bbox 1329 1373 1585 1444; x_wconf 72' lang='grc' dir='ltr'>ἐνδημεῖο</span> <span class='ocrx_word' id='word_1_97' title='bbox 1634 1372 1667 1442; x_wconf 83' lang='grc' dir='ltr'><strong>ὴ</strong></span> <span class='ocrx_word' id='word_1_98' title='bbox 1698 1371 1755 1424; x_wconf 79' lang='grc' dir='ltr'>δὲ</span> <span class='ocrx_word' id='word_1_99' title='bbox 1790 1369 1929 1442; x_wconf 82' lang='grc' dir='ltr'>καλὴ</span> 
     </span>
    </p>
   </div>
   <div class='ocr_carea' id='block_1_15' title="bbox 330 1462 1930 1539">
    <p class='ocr_par' dir='ltr' id='par_1_15' title="bbox 330 1462 1930 1539">
     <span class='ocr_line' id='line_1_15' title="bbox 330 1462 1930 1539; baseline -0.006 -14"><span class='ocrx_word' id='word_1_100' title='bbox 330 1471 443 1525; x_wconf 83' lang='grc' dir='ltr'><strong>τῶν</strong></span> <span class='ocrx_word' id='word_1_101' title='bbox 486 1469 746 1522; x_wconf 81' lang='grc' dir='ltr'>νεανίδων</span> <span class='ocrx_word' id='word_1_102' title='bbox 788 1467 1017 1539; x_wconf 74' lang='grc' dir='ltr'>χορείαο</span> <span class='ocrx_word' id='word_1_103' title='bbox 1070 1465 1230 1518; x_wconf 81' lang='grc' dir='ltr'>τοῦτο</span> <span class='ocrx_word' id='word_1_104' title='bbox 1267 1465 1387 1534; x_wconf 82' lang='grc' dir='ltr'>μὲν,</span> <span class='ocrx_word' id='word_1_105' title='bbox 1427 1462 1812 1533; x_wconf 80' lang='grc' dir='ltr'>προπομπεύει</span> <span class='ocrx_word' id='word_1_106' title='bbox 1845 1480 1930 1516; x_wconf 88' lang='grc' dir='ltr'>τι-</span> 
     </span>
    </p>
   </div>
   <div class='ocr_carea' id='block_1_16' title="bbox 335 1552 1929 1632">
    <p class='ocr_par' dir='ltr' id='par_1_16' title="bbox 335 1552 1929 1632">
     <span class='ocr_line' id='line_1_16' title="bbox 335 1552 1929 1632; baseline -0.004 -18"><span class='ocrx_word' id='word_1_107' title='bbox 335 1563 527 1632; x_wconf 80' lang='grc' dir='ltr'>μῶσα·</span> <span class='ocrx_word' id='word_1_108' title='bbox 593 1559 754 1612; x_wconf 82' lang='grc' dir='ltr'>τοῦτο</span> <span class='ocrx_word' id='word_1_109' title='bbox 806 1558 866 1611; x_wconf 82' lang='grc' dir='ltr'>δὲ</span> <span class='ocrx_word' id='word_1_110' title='bbox 910 1553 1001 1610; x_wconf 76' lang='grc' dir='ltr'><strong>οἷα</strong></span> <span class='ocrx_word' id='word_1_111' title='bbox 1049 1555 1306 1626; x_wconf 78' lang='grc' dir='ltr'>παρθένοι</span> <span class='ocrx_word' id='word_1_112' title='bbox 1357 1557 1425 1627; x_wconf 84' lang='grc' dir='ltr'>τῇ</span> <span class='ocrx_word' id='word_1_113' title='bbox 1480 1552 1744 1625; x_wconf 84' lang='grc' dir='ltr'>Παρθένῳ</span> <span class='ocrx_word' id='word_1_114' title='bbox 1800 1570 1929 1608; x_wconf 90' lang='grc' dir='ltr'>συν-</span> 
     </span>
    </p>
   </div>
   <div class='ocr_carea' id='block_1_17' title="bbox 331 1654 576 1726">
    <p class='ocr_par' dir='ltr' id='par_1_17' title="bbox 331 1654 576 1726">
     <span class='ocr_line' id='line_1_17' title="bbox 331 1654 576 1726; baseline 0.004 -20"><span class='ocrx_word' id='word_1_115' title='bbox 331 1654 576 1726; x_wconf 73' lang='grc' dir='ltr'>ήδονται.</span> 
     </span>
    </p>
   </div>
   <div class='ocr_carea' id='block_1_18' title="bbox 2033 531 3629 602">
    <p class='ocr_par' dir='ltr' id='par_1_18' title="bbox 2033 531 3629 602">
     <span class='ocr_line' id='line_1_18' title="bbox 2033 531 3629 602; baseline -0.001 -14"><span class='ocrx_word' id='word_1_116' title='bbox 2033 534 2186 588; x_wconf 90' lang='lat' dir='ltr'><strong>litate</strong></span> <span class='ocrx_word' id='word_1_117' title='bbox 2236 536 2436 590; x_wconf 72' lang='lat' dir='ltr'><strong>intima:</strong></span> <span class='ocrx_word' id='word_1_118' title='bbox 2481 541 2687 589; x_wconf 75' lang='lat' dir='ltr'><strong>nostra:</strong></span> <span class='ocrx_word' id='word_1_119' title='bbox 2725 531 3078 602; x_wconf 83' lang='lat' dir='ltr'><strong>abjectionis,</strong></span> <span class='ocrx_word' id='word_1_120' title='bbox 3111 545 3281 587; x_wconf 87' lang='lat' dir='ltr'><strong>suave</strong></span> <span class='ocrx_word' id='word_1_121' title='bbox 3323 532 3629 601; x_wconf 79' lang='lat' dir='ltr'><strong>fragrantis</strong></span> 
     </span>
    </p>
   </div>
   <div class='ocr_carea' id='block_1_19' title="bbox 2032 621 3631 690">
    <p class='ocr_par' dir='ltr' id='par_1_19' title="bbox 2032 621 3631 690">
     <span class='ocr_line' id='line_1_19' title="bbox 2032 621 3631 690; baseline -0.003 -10"><span class='ocrx_word' id='word_1_122' title='bbox 2032 625 2298 680; x_wconf 85' lang='lat' dir='ltr'><strong>virtutqu</strong></span> <span class='ocrx_word' id='word_1_123' title='bbox 2355 625 2513 679; x_wconf 79' lang='lat' dir='ltr'><strong>stola:</strong></span> <span class='ocrx_word' id='word_1_124' title='bbox 2580 623 2967 679; x_wconf 87' lang='lat' dir='ltr'><strong>indumentum</strong></span> <span class='ocrx_word' id='word_1_125' title='bbox 3022 621 3287 676; x_wconf 85' lang='lat' dir='ltr'><strong>odoratus</strong></span> <span class='ocrx_word' id='word_1_126' title='bbox 3354 627 3475 688; x_wconf 77' lang='lat' dir='ltr'><strong>est,</strong></span> <span class='ocrx_word' id='word_1_127' title='bbox 3535 621 3631 690; x_wconf 86' lang='lat' dir='ltr'><strong>qui</strong></span> 
     </span>
    </p>
   </div>
   <div class='ocr_carea' id='block_1_20' title="bbox 2033 711 3632 778">
    <p class='ocr_par' dir='ltr' id='par_1_20' title="bbox 2033 711 3632 778">
     <span class='ocr_line' id='line_1_20' title="bbox 2033 711 3632 778; baseline -0.004 -6"><span class='ocrx_word' id='word_1_128' title='bbox 2033 717 2302 773; x_wconf 85' lang='lat' dir='ltr'><strong>immensa</strong></span> <span class='ocrx_word' id='word_1_129' title='bbox 2352 717 2609 773; x_wconf 87' lang='lat' dir='ltr'><strong>celsitale</strong></span> <span class='ocrx_word' id='word_1_130' title='bbox 2639 715 2916 770; x_wconf 89' lang='lat' dir='ltr'><strong>universis</strong></span> <span class='ocrx_word' id='word_1_131' title='bbox 2947 713 3154 770; x_wconf 89' lang='lat' dir='ltr'><strong>eminet</strong></span> <span class='ocrx_word' id='word_1_132' title='bbox 3182 713 3206 766; x_wconf 87' lang='lat'><strong>?</strong></span> <span class='ocrx_word' id='word_1_133' title='bbox 3249 711 3510 778; x_wconf 61' lang='lat' dir='ltr'><strong>Quieuam</strong></span> <span class='ocrx_word' id='word_1_134' title='bbox 3548 712 3632 766; x_wconf 75' lang='lat' dir='ltr'><strong>ha:</strong></span> 
     </span>
    </p>
   </div>
   <div class='ocr_carea' id='block_1_21' title="bbox 2031 800 3629 878">
    <p class='ocr_par' dir='ltr' id='par_1_21' title="bbox 2031 800 3629 878">
     <span class='ocr_line' id='line_1_21' title="bbox 2031 800 3629 878; baseline -0.006 -16"><span class='ocrx_word' id='word_1_135' title='bbox 2031 822 2160 862; x_wconf 79' lang='lat' dir='ltr'><strong>vere</strong></span> <span class='ocrx_word' id='word_1_136' title='bbox 2193 807 2721 878; x_wconf 85' lang='lat' dir='ltr'><strong>pretiosissimarum</strong></span> <span class='ocrx_word' id='word_1_137' title='bbox 2757 820 2942 861; x_wconf 90' lang='lat' dir='ltr'><strong>rerum</strong></span> <span class='ocrx_word' id='word_1_138' title='bbox 2984 803 3240 874; x_wconf 72' lang='lat' dir='ltr'><strong>primititc</strong></span> <span class='ocrx_word' id='word_1_139' title='bbox 3268 805 3291 857; x_wconf 68' lang='grc' dir='ltr'><strong>ζ’</strong></span> <span class='ocrx_word' id='word_1_140' title='bbox 3318 800 3439 858; x_wconf 83' lang='lat' dir='ltr'><strong>Jam</strong></span> <span class='ocrx_word' id='word_1_141' title='bbox 3478 801 3629 859; x_wconf 88' lang='lat' dir='ltr'><strong>enim</strong></span> 
     </span>
    </p>
   </div>
   <div class='ocr_carea' id='block_1_22' title="bbox 2029 895 3628 974">
    <p class='ocr_par' dir='ltr' id='par_1_22' title="bbox 2029 895 3628 974">
     <span class='ocr_line' id='line_1_22' title="bbox 2029 895 3628 974; baseline -0.006 -16"><span class='ocrx_word' id='word_1_142' title='bbox 2029 919 2152 974; x_wconf 72' lang='lat' dir='ltr'><strong>qua:</strong></span> <span class='ocrx_word' id='word_1_143' title='bbox 2184 910 2408 974; x_wconf 81' lang='lat' dir='ltr'><strong>propter</strong></span> <span class='ocrx_word' id='word_1_144' title='bbox 2438 902 2590 958; x_wconf 90' lang='lat' dir='ltr'><strong>diras</strong></span> <span class='ocrx_word' id='word_1_145' title='bbox 2624 900 2910 972; x_wconf 85' lang='lat' dir='ltr'><strong>spinarum</strong></span> <span class='ocrx_word' id='word_1_146' title='bbox 2947 899 3102 954; x_wconf 75' lang='lat' dir='ltr'><strong>ferax</strong></span> <span class='ocrx_word' id='word_1_147' title='bbox 3134 904 3279 963; x_wconf 85' lang='lat' dir='ltr'><strong>eral,</strong></span> <span class='ocrx_word' id='word_1_148' title='bbox 3309 898 3362 952; x_wconf 89' lang='lat' dir='ltr'><strong>in</strong></span> <span class='ocrx_word' id='word_1_149' title='bbox 3411 895 3628 966; x_wconf 86' lang='lat' dir='ltr'><strong>frugum</strong></span> 
     </span>
    </p>
   </div>
   <div class='ocr_carea' id='block_1_23' title="bbox 2032 987 3632 1057">
    <p class='ocr_par' dir='ltr' id='par_1_23' title="bbox 2032 987 3632 1057">
     <span class='ocr_line' id='line_1_23' title="bbox 2032 987 3632 1057; baseline -0.006 -9"><span class='ocrx_word' id='word_1_150' title='bbox 2032 992 2271 1050; x_wconf 85' lang='lat' dir='ltr'><strong>feracem</strong></span> <span class='ocrx_word' id='word_1_151' title='bbox 2315 1005 2602 1057; x_wconf 85' lang='lat' dir='ltr'><strong>conversa,</strong></span> <span class='ocrx_word' id='word_1_152' title='bbox 2655 990 2896 1046; x_wconf 76' lang='lat' dir='ltr'><strong>h-uctum</strong></span> <span class='ocrx_word' id='word_1_153' title='bbox 2943 989 3184 1054; x_wconf 88' lang='lat' dir='ltr'><strong>editum,</strong></span> <span class='ocrx_word' id='word_1_154' title='bbox 3241 1003 3348 1042; x_wconf 91' lang='lat' dir='ltr'><strong>non</strong></span> <span class='ocrx_word' id='word_1_155' title='bbox 3387 987 3487 1057; x_wconf 85' lang='lat' dir='ltr'><strong>qui</strong></span> <span class='ocrx_word' id='word_1_156' title='bbox 3531 999 3632 1056; x_wconf 87' lang='lat' dir='ltr'><strong>pro</strong></span> 
     </span>
    </p>
   </div>
   <div class='ocr_carea' id='block_1_24' title="bbox 2032 1078 3623 1155">
    <p class='ocr_par' dir='ltr' id='par_1_24' title="bbox 2032 1078 3623 1155">
     <span class='ocr_line' id='line_1_24' title="bbox 2032 1078 3623 1155; baseline -0.005 -15"><span class='ocrx_word' id='word_1_157' title='bbox 2032 1100 2184 1141; x_wconf 90' lang='lat' dir='ltr'><strong>more</strong></span> <span class='ocrx_word' id='word_1_158' title='bbox 2227 1085 2488 1140; x_wconf 88' lang='lat' dir='ltr'><strong>acerbum</strong></span> <span class='ocrx_word' id='word_1_159' title='bbox 2520 1084 2752 1155; x_wconf 88' lang='lat' dir='ltr'><strong>aliquid,</strong></span> <span class='ocrx_word' id='word_1_160' title='bbox 2793 1083 2888 1140; x_wconf 90' lang='lat' dir='ltr'><strong>sed</strong></span> <span class='ocrx_word' id='word_1_161' title='bbox 2921 1083 3015 1153; x_wconf 87' lang='lat' dir='ltr'><strong>qui</strong></span> <span class='ocrx_word' id='word_1_162' title='bbox 3047 1079 3456 1137; x_wconf 83' lang='lat' dir='ltr'><strong>benedictionis</strong></span> <span class='ocrx_word' id='word_1_163' title='bbox 3493 1078 3623 1135; x_wconf 82' lang='lat' dir='ltr'><strong>dul-</strong></span> 
     </span>
    </p>
   </div>
   <div class='ocr_carea' id='block_1_25' title="bbox 2031 1173 3631 1246">
    <p class='ocr_par' dir='ltr' id='par_1_25' title="bbox 2031 1173 3631 1246">
     <span class='ocr_line' id='line_1_25' title="bbox 2031 1173 3631 1246; baseline -0.003 -15"><span class='ocrx_word' id='word_1_164' title='bbox 2031 1191 2212 1232; x_wconf 89' lang='lat' dir='ltr'><strong>corem</strong></span> <span class='ocrx_word' id='word_1_165' title='bbox 2250 1176 2530 1242; x_wconf 81' lang='lat' dir='ltr'><strong>exhibeat,</strong></span> <span class='ocrx_word' id='word_1_166' title='bbox 2573 1185 2632 1231; x_wconf 86' lang='lat' dir='ltr'><strong>ut</strong></span> <span class='ocrx_word' id='word_1_167' title='bbox 2676 1175 2914 1246; x_wconf 89' lang='lat' dir='ltr'><strong>pretiosa</strong></span> <span class='ocrx_word' id='word_1_168' title='bbox 2965 1173 3334 1244; x_wconf 90' lang='lat' dir='ltr'><strong>primitiarum</strong></span> <span class='ocrx_word' id='word_1_169' title='bbox 3378 1186 3631 1237; x_wconf 89' lang='lat' dir='ltr'><strong>munera,</strong></span> 
     </span>
    </p>
   </div>
   <div class='ocr_carea' id='block_1_26' title="bbox 2032 1263 3632 1337">
    <p class='ocr_par' dir='ltr' id='par_1_26' title="bbox 2032 1263 3632 1337">
     <span class='ocr_line' id='line_1_26' title="bbox 2032 1263 3632 1337; baseline -0.003 -15"><span class='ocrx_word' id='word_1_170' title='bbox 2032 1268 2338 1337; x_wconf 80' lang='lat' dir='ltr'><strong>gratiarum</strong></span> <span class='ocrx_word' id='word_1_171' title='bbox 2409 1267 2649 1324; x_wconf 78' lang='lat' dir='ltr'><strong>actionis</strong></span> <span class='ocrx_word' id='word_1_172' title='bbox 2708 1273 3106 1331; x_wconf 84' lang='lat' dir='ltr'><strong>monumento,</strong></span> <span class='ocrx_word' id='word_1_173' title='bbox 3162 1263 3384 1335; x_wconf 87' lang='lat' dir='ltr'><strong>frugum</strong></span> <span class='ocrx_word' id='word_1_174' title='bbox 3449 1263 3632 1320; x_wconf 77' lang='lat' dir='ltr'><strong>daturi</strong></span> 
     </span>
    </p>
   </div>
   <div class='ocr_carea' id='block_1_27' title="bbox 2031 1357 3632 1430">
    <p class='ocr_par' dir='ltr' id='par_1_27' title="bbox 2031 1357 3632 1430">
     <span class='ocr_line' id='line_1_27' title="bbox 2031 1357 3632 1430; baseline -0.001 -18"><span class='ocrx_word' id='word_1_175' title='bbox 2031 1367 2349 1430; x_wconf 69' lang='lat' dir='ltr'><strong>prazsentat.</strong></span> <span class='ocrx_word' id='word_1_176' title='bbox 2385 1358 2512 1415; x_wconf 67' lang='lat' dir='ltr'><strong>Haec</strong></span> <span class='ocrx_word' id='word_1_177' title='bbox 2548 1375 2680 1416; x_wconf 83' lang='lat' dir='ltr'><strong>vere</strong></span> <span class='ocrx_word' id='word_1_178' title='bbox 2711 1357 2926 1430; x_wconf 87' lang='lat' dir='ltr'><strong>Sponsa</strong></span> <span class='ocrx_word' id='word_1_179' title='bbox 2967 1359 3171 1414; x_wconf 83' lang='lat' dir='ltr'><strong>decore</strong></span> <span class='ocrx_word' id='word_1_180' title='bbox 3197 1359 3350 1414; x_wconf 88' lang='lat' dir='ltr'><strong>uberi</strong></span> <span class='ocrx_word' id='word_1_181' title='bbox 3379 1358 3632 1429; x_wconf 76' lang='lat' dir='ltr'><strong>prmdita,</strong></span> 
     </span>
    </p>
   </div>
   <div class='ocr_carea' id='block_1_28' title="bbox 2032 1449 3632 1523">
    <p class='ocr_par' dir='ltr' id='par_1_28' title="bbox 2032 1449 3632 1523">
     <span class='ocr_line' id='line_1_28' title="bbox 2032 1449 3632 1523; baseline -0.003 -15"><span class='ocrx_word' id='word_1_182' title='bbox 2032 1455 2200 1523; x_wconf 90' lang='lat' dir='ltr'><strong>inque</strong></span> <span class='ocrx_word' id='word_1_183' title='bbox 2231 1451 2514 1523; x_wconf 86' lang='lat' dir='ltr'><strong>Unigcniti</strong></span> <span class='ocrx_word' id='word_1_184' title='bbox 2572 1451 2844 1523; x_wconf 81' lang='lat' dir='ltr'><strong>Sponsam</strong></span> <span class='ocrx_word' id='word_1_185' title='bbox 2879 1450 3077 1507; x_wconf 88' lang='lat' dir='ltr'><strong>electa.</strong></span> <span class='ocrx_word' id='word_1_186' title='bbox 3123 1449 3339 1504; x_wconf 81' lang='lat' dir='ltr'><strong>Idcirco</strong></span> <span class='ocrx_word' id='word_1_187' title='bbox 3369 1449 3534 1504; x_wconf 85' lang='lat' dir='ltr'><strong>etiam</strong></span> <span class='ocrx_word' id='word_1_188' title='bbox 3575 1449 3632 1504; x_wconf 92' lang='lat' dir='ltr'><strong>in</strong></span> 
     </span>
    </p>
   </div>
   <div class='ocr_carea' id='block_1_29' title="bbox 2030 1538 3632 1608">
    <p class='ocr_par' dir='ltr' id='par_1_29' title="bbox 2030 1538 3632 1608">
     <span class='ocr_line' id='line_1_29' title="bbox 2030 1538 3632 1608; baseline -0.001 -12"><span class='ocrx_word' id='word_1_189' title='bbox 2030 1542 2218 1598; x_wconf 90' lang='lat' dir='ltr'><strong>divino</strong></span> <span class='ocrx_word' id='word_1_190' title='bbox 2277 1543 2518 1597; x_wconf 83' lang='lat' dir='ltr'><strong>thalamo</strong></span> <span class='ocrx_word' id='word_1_191' title='bbox 2569 1557 2696 1596; x_wconf 90' lang='lat' dir='ltr'><strong>cum</strong></span> <span class='ocrx_word' id='word_1_192' title='bbox 2753 1539 2966 1596; x_wconf 89' lang='lat' dir='ltr'><strong>Deitate</strong></span> <span class='ocrx_word' id='word_1_193' title='bbox 3004 1550 3251 1594; x_wconf 91' lang='lat' dir='ltr'><strong>moratur</strong></span> <span class='ocrx_word' id='word_1_194' title='bbox 3296 1556 3310 1591; x_wconf 89' lang='lat'>:</span> <span class='ocrx_word' id='word_1_195' title='bbox 3371 1538 3632 1608; x_wconf 71' lang='lat' dir='ltr'><strong>praeclara</strong></span> 
     </span>
    </p>
   </div>
   <div class='ocr_carea' id='block_1_30' title="bbox 2031 1629 3631 1704">
    <p class='ocr_par' dir='ltr' id='par_1_30' title="bbox 2031 1629 3631 1704">
     <span class='ocr_line' id='line_1_30' title="bbox 2031 1629 3631 1704; baseline -0.003 -16"><span class='ocrx_word' id='word_1_196' title='bbox 2031 1644 2214 1690; x_wconf 85' lang='lat' dir='ltr'><strong>autem</strong></span> <span class='ocrx_word' id='word_1_197' title='bbox 2247 1633 2672 1704; x_wconf 65' lang='lat' dir='ltr'><strong>iuvencularum</strong></span> <span class='ocrx_word' id='word_1_198' title='bbox 2708 1632 2938 1697; x_wconf 84' lang='lat' dir='ltr'><strong>chorea,</strong></span> <span class='ocrx_word' id='word_1_199' title='bbox 2973 1646 3080 1702; x_wconf 90' lang='lat' dir='ltr'><strong>qua</strong></span> <span class='ocrx_word' id='word_1_200' title='bbox 3119 1643 3318 1700; x_wconf 84' lang='lat' dir='ltr'><strong>pompa</strong></span> <span class='ocrx_word' id='word_1_201' title='bbox 3348 1629 3631 1684; x_wconf 85' lang='lat' dir='ltr'><strong>deducens</strong></span> 
     </span>
    </p>
   </div>
   <div class='ocr_carea' id='block_1_31' title="bbox 2031 1721 3629 1797">
    <p class='ocr_par' dir='ltr' id='par_1_31' title="bbox 2031 1721 3629 1797">
     <span class='ocr_line' id='line_1_31' title="bbox 2031 1721 3629 1797; baseline -0.004 -16"><span class='ocrx_word' id='word_1_202' title='bbox 2031 1725 2296 1795; x_wconf 88' lang='lat' dir='ltr'><strong>honorat;</strong></span> <span class='ocrx_word' id='word_1_203' title='bbox 2321 1743 2427 1797; x_wconf 92' lang='lat' dir='ltr'><strong>qua</strong></span> <span class='ocrx_word' id='word_1_204' title='bbox 2453 1735 2716 1797; x_wconf 84' lang='lat' dir='ltr'><strong>tanquam</strong></span> <span class='ocrx_word' id='word_1_205' title='bbox 2741 1724 3004 1795; x_wconf 73' lang='lat' dir='ltr'><strong>virgines,</strong></span> <span class='ocrx_word' id='word_1_206' title='bbox 3023 1722 3232 1794; x_wconf 84' lang='lat' dir='ltr'><strong>Virgini</strong></span> <span class='ocrx_word' id='word_1_207' title='bbox 3258 1721 3629 1789; x_wconf 86' lang='lat' dir='ltr'><strong>congaudent.</strong></span> 
     </span>
    </p>
   </div>
   <div class='ocr_carea' id='block_1_32' title="bbox 405 1803 1932 1904">
    <p class='ocr_par' dir='ltr' id='par_1_32' title="bbox 405 1824 1931 1904">
     <span class='ocr_line' id='line_1_32' title="bbox 405 1824 1931 1904; baseline -0.005 -17"><span class='ocrx_word' id='word_1_208' title='bbox 405 1833 472 1887; x_wconf 79' lang='grc' dir='ltr'><strong>ΤΞ</strong></span> <span class='ocrx_word' id='word_1_209' title='bbox 499 1833 560 1886; x_wconf 78' lang='grc' dir='ltr'>δὲ</span> <span class='ocrx_word' id='word_1_210' title='bbox 592 1834 790 1904; x_wconf 83' lang='grc' dir='ltr'>ἡμεῖς;</span> <span class='ocrx_word' id='word_1_211' title='bbox 821 1826 952 1903; x_wconf 72' lang='lat' dir='ltr'><strong>&#39;Ap‘</strong></span> <span class='ocrx_word' id='word_1_212' title='bbox 979 1824 1072 1886; x_wconf 77' lang='grc' dir='ltr'>οὖν</span> <span class='ocrx_word' id='word_1_213' title='bbox 1103 1830 1295 1902; x_wconf 84' lang='grc' dir='ltr'>μόναις</span> <span class='ocrx_word' id='word_1_214' title='bbox 1330 1828 1650 1901; x_wconf 72' lang='grc' dir='ltr'>παρήσομεν</span> <span class='ocrx_word' id='word_1_215' title='bbox 1673 1829 1794 1890; x_wconf 81' lang='grc' dir='ltr'>ταῖς</span> <span class='ocrx_word' id='word_1_216' title='bbox 1825 1843 1931 1881; x_wconf 87' lang='grc' dir='ltr'><strong>κα-</strong></span> 
     </span>
    </p>
   </div>
   <div class='ocr_carea' id='block_1_33' title="bbox 2036 1803 3634 1904">
    <p class='ocr_par' dir='ltr' id='par_1_33' title="bbox 2115 1814 3634 1887">
     <span class='ocr_line' id='line_1_33' title="bbox 2115 1814 3634 1887; baseline -0.003 -14"><span class='ocrx_word' id='word_1_217' title='bbox 2115 1818 2256 1886; x_wconf 86' lang='lat' dir='ltr'><strong>Quid</strong></span> <span class='ocrx_word' id='word_1_218' title='bbox 2293 1837 2395 1878; x_wconf 80' lang='lat' dir='ltr'><strong>nos</strong></span> <span class='ocrx_word' id='word_1_219' title='bbox 2447 1834 2577 1874; x_wconf 88' lang='lat' dir='ltr'><strong>vero</strong></span> <span class='ocrx_word' id='word_1_220' title='bbox 2607 1819 2631 1872; x_wconf 89' lang='lat'><strong>?</strong></span> <span class='ocrx_word' id='word_1_221' title='bbox 2673 1818 2907 1873; x_wconf 88' lang='lat' dir='ltr'><strong>Solasne</strong></span> <span class='ocrx_word' id='word_1_222' title='bbox 2941 1831 3072 1887; x_wconf 87' lang='lat' dir='ltr'><strong>ergo</strong></span> <span class='ocrx_word' id='word_1_223' title='bbox 3104 1815 3400 1885; x_wconf 71' lang='lat' dir='ltr'><strong>prmclaras</strong></span> <span class='ocrx_word' id='word_1_224' title='bbox 3436 1814 3634 1884; x_wconf 86' lang='lat' dir='ltr'><strong>juven-</strong></span> 
     </span>
    </p>
   </div>
   <div class='ocr_carea' id='block_1_34' title="bbox 327 1919 1930 1994">
    <p class='ocr_par' dir='ltr' id='par_1_34' title="bbox 327 1919 1930 1994">
     <span class='ocr_line' id='line_1_34' title="bbox 327 1919 1930 1994; baseline -0.005 -14"><span class='ocrx_word' id='word_1_225' title='bbox 327 1929 452 1990; x_wconf 77' lang='grc' dir='ltr'>λαῖς</span> <span class='ocrx_word' id='word_1_226' title='bbox 487 1925 697 1978; x_wconf 79' lang='grc' dir='ltr'>νεάνισι</span> <span class='ocrx_word' id='word_1_227' title='bbox 746 1925 845 1994; x_wconf 76' lang='grc' dir='ltr'>τῆς</span> <span class='ocrx_word' id='word_1_228' title='bbox 886 1923 1033 1977; x_wconf 76' lang='grc' dir='ltr'>οὕτω</span> <span class='ocrx_word' id='word_1_229' title='bbox 1078 1922 1230 1986; x_wconf 86' lang='grc' dir='ltr'>θείας</span> <span class='ocrx_word' id='word_1_230' title='bbox 1284 1921 1643 1993; x_wconf 85' lang='grc' dir='ltr'>κατατρυφᾷν</span> <span class='ocrx_word' id='word_1_231' title='bbox 1693 1919 1930 1990; x_wconf 80' lang='grc' dir='ltr'>ἡδονῆς;</span> 
     </span>
    </p>
   </div>
   <div class='ocr_carea' id='block_1_35' title="bbox 326 2010 1931 2087">
    <p class='ocr_par' dir='ltr' id='par_1_35' title="bbox 326 2010 1931 2087">
     <span class='ocr_line' id='line_1_35' title="bbox 326 2010 1931 2087; baseline -0.006 -15"><span class='ocrx_word' id='word_1_232' title='bbox 326 2019 452 2072; x_wconf 67' lang='grc' dir='ltr'>οὐδὲ</span> <span class='ocrx_word' id='word_1_233' title='bbox 487 2017 609 2082; x_wconf 77' lang='grc' dir='ltr'><strong>ἐξὸν</strong></span> <span class='ocrx_word' id='word_1_234' title='bbox 635 2018 766 2087; x_wconf 76' lang='grc' dir='ltr'>ἡμῖν</span> <span class='ocrx_word' id='word_1_235' title='bbox 797 2015 1210 2086; x_wconf 62' lang='grc' dir='ltr'><strong>συμμετασχεῖν</strong></span> <span class='ocrx_word' id='word_1_236' title='bbox 1242 2013 1343 2082; x_wconf 83' lang='grc' dir='ltr'>τῆς</span> <span class='ocrx_word' id='word_1_237' title='bbox 1369 2011 1610 2084; x_wconf 84' lang='grc' dir='ltr'>χορείας,</span> <span class='ocrx_word' id='word_1_238' title='bbox 1639 2010 1761 2064; x_wconf 82' lang='grc' dir='ltr'>οὐδὲ</span> <span class='ocrx_word' id='word_1_239' title='bbox 1795 2011 1931 2064; x_wconf 83' lang='grc' dir='ltr'>ἀπο-</span> 
     </span>
    </p>
   </div>
   <div class='ocr_carea' id='block_1_36' title="bbox 325 2098 1931 2176">
    <p class='ocr_par' dir='ltr' id='par_1_36' title="bbox 325 2098 1931 2176">
     <span class='ocr_line' id='line_1_36' title="bbox 325 2098 1931 2176; baseline -0.006 -15"><span class='ocrx_word' id='word_1_240' title='bbox 325 2110 520 2162; x_wconf 80' lang='grc' dir='ltr'>λαύειν</span> <span class='ocrx_word' id='word_1_241' title='bbox 573 2107 676 2176; x_wconf 80' lang='grc' dir='ltr'><strong>τῆς</strong></span> <span class='ocrx_word' id='word_1_242' title='bbox 725 2104 1110 2176; x_wconf 83' lang='grc' dir='ltr'>εὐφροσύνης;</span> <span class='ocrx_word' id='word_1_243' title='bbox 1179 2103 1248 2158; x_wconf 87' lang='grc' dir='ltr'><strong>Ἢ</strong></span> <span class='ocrx_word' id='word_1_244' title='bbox 1297 2099 1783 2172; x_wconf 73' lang='grc' dir='ltr'>συνεπιληψόμεθα</span> <span class='ocrx_word' id='word_1_245' title='bbox 1836 2098 1931 2152; x_wconf 78' lang='grc' dir='ltr'>καὶ</span> 
     </span>
    </p>
   </div>
   <div class='ocr_carea' id='block_1_37' title="bbox 332 2189 1933 2269">
    <p class='ocr_par' dir='ltr' id='par_1_37' title="bbox 332 2189 1933 2269">
     <span class='ocr_line' id='line_1_37' title="bbox 332 2189 1933 2269; baseline -0.006 -17"><span class='ocrx_word' id='word_1_246' title='bbox 332 2198 804 2269; x_wconf 79' lang='grc' dir='ltr'>συνδιαπλέξομεν</span> <span class='ocrx_word' id='word_1_247' title='bbox 826 2197 927 2268; x_wconf 83' lang='grc' dir='ltr'>τὴν</span> <span class='ocrx_word' id='word_1_248' title='bbox 948 2195 1249 2266; x_wconf 81' lang='grc' dir='ltr'>εὐφημίαν,</span> <span class='ocrx_word' id='word_1_249' title='bbox 1284 2193 1380 2246; x_wconf 76' lang='grc' dir='ltr'><strong>καὶ</strong></span> <span class='ocrx_word' id='word_1_250' title='bbox 1404 2194 1504 2263; x_wconf 85' lang='grc' dir='ltr'>τῆς</span> <span class='ocrx_word' id='word_1_251' title='bbox 1527 2194 1681 2263; x_wconf 80' lang='grc' dir='ltr'>ἱερᾶς</span> <span class='ocrx_word' id='word_1_252' title='bbox 1707 2189 1933 2261; x_wconf 88' lang='grc' dir='ltr'>πορείας</span> 
     </span>
    </p>
   </div>
   <div class='ocr_carea' id='block_1_38' title="bbox 329 2280 1932 2363">
    <p class='ocr_par' dir='ltr' id='par_1_38' title="bbox 329 2280 1932 2363">
     <span class='ocr_line' id='line_1_38' title="bbox 329 2280 1932 2363; baseline -0.006 -17"><span class='ocrx_word' id='word_1_253' title='bbox 329 2292 874 2363; x_wconf 80' lang='grc' dir='ltr'>συμμετασχήσομεν</span> <span class='ocrx_word' id='word_1_254' title='bbox 912 2327 930 2354; x_wconf 89' lang='grc'><strong>,</strong></span> <span class='ocrx_word' id='word_1_255' title='bbox 992 2288 1208 2356; x_wconf 78' lang='grc' dir='ltr'>ἐκείνην</span> <span class='ocrx_word' id='word_1_256' title='bbox 1268 2302 1328 2340; x_wconf 83' lang='grc' dir='ltr'><strong>τε</strong></span> <span class='ocrx_word' id='word_1_257' title='bbox 1379 2280 1460 2349; x_wconf 76' lang='grc' dir='ltr'><strong>οἷς</strong></span> <span class='ocrx_word' id='word_1_258' title='bbox 1505 2283 1932 2355; x_wconf 84' lang='grc' dir='ltr'>λειτουργοῦμεν</span> 
     </span>
    </p>
   </div>
   <div class='ocr_carea' id='block_1_39' title="bbox 325 2375 1932 2454">
    <p class='ocr_par' dir='ltr' id='par_1_39' title="bbox 325 2375 1932 2454">
     <span class='ocr_line' id='line_1_39' title="bbox 325 2375 1932 2454; baseline -0.005 -17"><span class='ocrx_word' id='word_1_259' title='bbox 325 2384 622 2454; x_wconf 79' lang='grc' dir='ltr'>τιμῶντες,</span> <span class='ocrx_word' id='word_1_260' title='bbox 648 2383 742 2435; x_wconf 73' lang='grc' dir='ltr'><strong>καὶ</strong></span> <span class='ocrx_word' id='word_1_261' title='bbox 767 2382 898 2451; x_wconf 81' lang='grc' dir='ltr'>ἡμῖν</span> <span class='ocrx_word' id='word_1_262' title='bbox 920 2381 1104 2442; x_wconf 87' lang='grc' dir='ltr'>αὐτοῖς</span> <span class='ocrx_word' id='word_1_263' title='bbox 1127 2377 1479 2450; x_wconf 80' lang='grc' dir='ltr'>χαριούμενοι</span> <span class='ocrx_word' id='word_1_264' title='bbox 1502 2393 1516 2442; x_wconf 90' lang='lat'><strong>;</strong></span> <span class='ocrx_word' id='word_1_265' title='bbox 1551 2378 1802 2446; x_wconf 77' lang='grc' dir='ltr'>Μάλιστα</span> <span class='ocrx_word' id='word_1_266' title='bbox 1831 2375 1932 2447; x_wconf 84' lang='grc' dir='ltr'><strong>μὲν</strong></span> 
     </span>
    </p>
   </div>
   <div class='ocr_carea' id='block_1_40' title="bbox 325 2467 1929 2547">
    <p class='ocr_par' dir='ltr' id='par_1_40' title="bbox 325 2467 1929 2547">
     <span class='ocr_line' id='line_1_40' title="bbox 325 2467 1929 2547; baseline -0.005 -18"><span class='ocrx_word' id='word_1_267' title='bbox 325 2478 436 2547; x_wconf 71' lang='grc' dir='ltr'><strong>γὰρ</strong></span> <span class='ocrx_word' id='word_1_268' title='bbox 468 2476 617 2528; x_wconf 76' lang='grc' dir='ltr'>ὅσιον</span> <span class='ocrx_word' id='word_1_269' title='bbox 647 2476 716 2544; x_wconf 83' lang='grc' dir='ltr'>τῇ</span> <span class='ocrx_word' id='word_1_270' title='bbox 753 2471 1017 2544; x_wconf 74' lang='grc' dir='ltr'>Παρθένῳ</span> <span class='ocrx_word' id='word_1_271' title='bbox 1045 2470 1114 2524; x_wconf 70' lang='grc' dir='ltr'>τὰ</span> <span class='ocrx_word' id='word_1_272' title='bbox 1144 2473 1224 2534; x_wconf 88' lang='grc' dir='ltr'><strong>είς</strong></span> <span class='ocrx_word' id='word_1_273' title='bbox 1259 2470 1424 2542; x_wconf 86' lang='grc' dir='ltr'>τιμὴν</span> <span class='ocrx_word' id='word_1_274' title='bbox 1469 2468 1774 2522; x_wconf 67' lang='grc' dir='ltr'>συντελεῖ-θ’</span> <span class='ocrx_word' id='word_1_275' title='bbox 1810 2472 1859 2522; x_wconf 91' lang='grc' dir='ltr'><strong>εί</strong></span> <span class='ocrx_word' id='word_1_276' title='bbox 1884 2467 1929 2522; x_wconf 88' lang='grc' dir='ltr'>δ’</span> 
     </span>
    </p>
   </div>
   <div class='ocr_carea' id='block_1_41' title="bbox 327 2558 1929 2640">
    <p class='ocr_par' dir='ltr' id='par_1_41' title="bbox 327 2558 1929 2640">
     <span class='ocr_line' id='line_1_41' title="bbox 327 2558 1929 2640; baseline -0.006 -17"><span class='ocrx_word' id='word_1_277' title='bbox 327 2573 437 2640; x_wconf 78' lang='grc' dir='ltr'><strong>ἄρα</strong></span> <span class='ocrx_word' id='word_1_278' title='bbox 460 2587 514 2622; x_wconf 91' lang='grc' dir='ltr'><strong>τι</strong></span> <span class='ocrx_word' id='word_1_279' title='bbox 536 2569 632 2622; x_wconf 75' lang='grc' dir='ltr'><strong>καὶ</strong></span> <span class='ocrx_word' id='word_1_280' title='bbox 651 2570 786 2638; x_wconf 81' lang='grc' dir='ltr'>ἡμῖν</span> <span class='ocrx_word' id='word_1_281' title='bbox 820 2566 1080 2636; x_wconf 82' lang='grc' dir='ltr'>μετέσται</span> <span class='ocrx_word' id='word_1_282' title='bbox 1107 2562 1266 2634; x_wconf 81' lang='grc' dir='ltr'><strong>δόξης</strong></span> <span class='ocrx_word' id='word_1_283' title='bbox 1300 2558 1384 2627; x_wconf 75' lang='grc' dir='ltr'>οἷς</span> <span class='ocrx_word' id='word_1_284' title='bbox 1413 2562 1598 2632; x_wconf 77' lang='grc' dir='ltr'>ἐκείνη</span> <span class='ocrx_word' id='word_1_285' title='bbox 1623 2561 1929 2629; x_wconf 79' lang='grc' dir='ltr'>δοξάζεται,</span> 
     </span>
    </p>
   </div>
   <div class='ocr_carea' id='block_1_42' title="bbox 328 2655 1930 2728">
    <p class='ocr_par' dir='ltr' id='par_1_42' title="bbox 328 2655 1930 2728">
     <span class='ocr_line' id='line_1_42' title="bbox 328 2655 1930 2728; baseline -0.003 -13"><span class='ocrx_word' id='word_1_286' title='bbox 328 2663 605 2716; x_wconf 69' lang='grc' dir='ltr'>καὶτοῦτο</span> <span class='ocrx_word' id='word_1_287' title='bbox 626 2662 687 2715; x_wconf 80' lang='grc' dir='ltr'>δὲ</span> <span class='ocrx_word' id='word_1_288' title='bbox 712 2659 1052 2722; x_wconf 77' lang='grc' dir='ltr'>σκοποῦντας</span> <span class='ocrx_word' id='word_1_289' title='bbox 1072 2675 1088 2690; x_wconf 87' lang='grc'><strong>·</strong></span> <span class='ocrx_word' id='word_1_290' title='bbox 1129 2655 1555 2728; x_wconf 76' lang='grc' dir='ltr'>συναπαρτίζειν</span> <span class='ocrx_word' id='word_1_291' title='bbox 1578 2658 1677 2723; x_wconf 81' lang='grc' dir='ltr'>τὴν</span> <span class='ocrx_word' id='word_1_292' title='bbox 1705 2657 1930 2728; x_wconf 82' lang='grc' dir='ltr'>χορείαν</span> 
     </span>
    </p>
   </div>
   <div class='ocr_carea' id='block_1_43' title="bbox 328 2745 1930 2820">
    <p class='ocr_par' dir='ltr' id='par_1_43' title="bbox 328 2745 1930 2820">
     <span class='ocr_line' id='line_1_43' title="bbox 328 2745 1930 2820; baseline -0.003 -15"><span class='ocrx_word' id='word_1_293' title='bbox 328 2755 424 2805; x_wconf 75' lang='grc' dir='ltr'><strong>καὶ</strong></span> <span class='ocrx_word' id='word_1_294' title='bbox 469 2753 564 2805; x_wconf 72' lang='grc' dir='ltr'><strong>τόν</strong></span> <span class='ocrx_word' id='word_1_295' title='bbox 615 2751 857 2813; x_wconf 77' lang='grc' dir='ltr'>ἔπαινον,</span> <span class='ocrx_word' id='word_1_296' title='bbox 909 2748 1152 2817; x_wconf 74' lang='grc' dir='ltr'>εὔλογον.</span> <span class='ocrx_word' id='word_1_297' title='bbox 1205 2747 1430 2809; x_wconf 70' lang='grc' dir='ltr'>Πάντως</span> <span class='ocrx_word' id='word_1_298' title='bbox 1465 2745 1521 2798; x_wconf 81' lang='grc' dir='ltr'>δὲ</span> <span class='ocrx_word' id='word_1_299' title='bbox 1554 2747 1652 2800; x_wconf 88' lang='grc' dir='ltr'><strong>οὐκ</strong></span> <span class='ocrx_word' id='word_1_300' title='bbox 1693 2746 1930 2820; x_wconf 82' lang='grc' dir='ltr'>ἀκερδὴς</span> 
     </span>
    </p>
   </div>
   <div class='ocr_carea' id='block_1_44' title="bbox 327 2834 1934 2914">
    <p class='ocr_par' dir='ltr' id='par_1_44' title="bbox 327 2834 1934 2914">
     <span class='ocr_line' id='line_1_44' title="bbox 327 2834 1934 2914; baseline -0.005 -16"><span class='ocrx_word' id='word_1_301' title='bbox 327 2847 466 2914; x_wconf 70' lang='grc' dir='ltr'>ἡμῖν</span> <span class='ocrx_word' id='word_1_302' title='bbox 493 2845 651 2898; x_wconf 80' lang='grc' dir='ltr'>ἕσται</span> <span class='ocrx_word' id='word_1_303' title='bbox 692 2845 726 2913; x_wconf 87' lang='grc' dir='ltr'>ἡ</span> <span class='ocrx_word' id='word_1_304' title='bbox 763 2841 1137 2912; x_wconf 75' lang='grc' dir='ltr'>ἐπιχείρησιςο</span> <span class='ocrx_word' id='word_1_305' title='bbox 1183 2838 1300 2892; x_wconf 71' lang='grc' dir='ltr'>ἀλλ’</span> <span class='ocrx_word' id='word_1_306' title='bbox 1327 2834 1410 2898; x_wconf 78' lang='grc' dir='ltr'>οἷς</span> <span class='ocrx_word' id='word_1_307' title='bbox 1440 2836 1618 2910; x_wconf 76' lang='grc' dir='ltr'>ταύτῃ</span> <span class='ocrx_word' id='word_1_308' title='bbox 1649 2837 1808 2909; x_wconf 84' lang='grc' dir='ltr'>δόξης</span> <span class='ocrx_word' id='word_1_309' title='bbox 1843 2839 1934 2890; x_wconf 86' lang='grc' dir='ltr'>εὐ-</span> 
     </span>
    </p>
   </div>
   <div class='ocr_carea' id='block_1_45' title="bbox 329 2931 1928 3008">
    <p class='ocr_par' dir='ltr' id='par_1_45' title="bbox 329 2931 1928 3008">
     <span class='ocr_line' id='line_1_45' title="bbox 329 2931 1928 3008; baseline -0.006 -16"><span class='ocrx_word' id='word_1_310' title='bbox 329 2941 588 3008; x_wconf 79' lang='grc' dir='ltr'>πορήσει,</span> <span class='ocrx_word' id='word_1_311' title='bbox 625 2937 723 2991; x_wconf 71' lang='grc' dir='ltr'>καὶ</span> <span class='ocrx_word' id='word_1_312' title='bbox 752 2937 889 3008; x_wconf 78' lang='grc' dir='ltr'>πρὸς</span> <span class='ocrx_word' id='word_1_313' title='bbox 916 2937 1064 3006; x_wconf 77' lang='grc' dir='ltr'>ἡμᾶς</span> <span class='ocrx_word' id='word_1_314' title='bbox 1097 2935 1169 2987; x_wconf 68' lang='grc' dir='ltr'>τὰ</span> <span class='ocrx_word' id='word_1_315' title='bbox 1211 2932 1424 2986; x_wconf 72' lang='grc' dir='ltr'>ἐκεῖθεν</span> <span class='ocrx_word' id='word_1_316' title='bbox 1472 2931 1648 3002; x_wconf 81' lang='grc' dir='ltr'>σεμνὰ</span> <span class='ocrx_word' id='word_1_317' title='bbox 1675 2931 1928 3000; x_wconf 89' lang='grc' dir='ltr'>διακομι-</span> 
     </span>
    </p>
   </div>
   <div class='ocr_carea' id='block_1_46' title="bbox 331 3020 1926 3100">
    <p class='ocr_par' dir='ltr' id='par_1_46' title="bbox 331 3020 1926 3100">
     <span class='ocr_line' id='line_1_46' title="bbox 331 3020 1926 3100; baseline -0.006 -17"><span class='ocrx_word' id='word_1_318' title='bbox 331 3030 616 3100; x_wconf 79' lang='grc' dir='ltr'>σθήσεται.</span> <span class='ocrx_word' id='word_1_319' title='bbox 667 3023 765 3090; x_wconf 74' lang='grc' dir='ltr'><strong>Οἷς</strong></span> <span class='ocrx_word' id='word_1_320' title='bbox 811 3025 954 3094; x_wconf 82' lang='grc' dir='ltr'>αὓτη</span> <span class='ocrx_word' id='word_1_321' title='bbox 977 3025 1052 3089; x_wconf 81' lang='grc' dir='ltr'>ὡς</span> <span class='ocrx_word' id='word_1_322' title='bbox 1087 3022 1385 3093; x_wconf 83' lang='grc' dir='ltr'>πολύτιμον</span> <span class='ocrx_word' id='word_1_323' title='bbox 1411 3021 1586 3090; x_wconf 83' lang='grc' dir='ltr'>δῶρον</span> <span class='ocrx_word' id='word_1_324' title='bbox 1620 3020 1926 3090; x_wconf 79' lang='grc' dir='ltr'>ἐκλέγεται,</span> 
     </span>
    </p>
   </div>
   <div class='ocr_carea' id='block_1_47' title="bbox 2035 1905 3632 1977">
    <p class='ocr_par' dir='ltr' id='par_1_47' title="bbox 2035 1905 3632 1977">
     <span class='ocr_line' id='line_1_47' title="bbox 2035 1905 3632 1977; baseline -0.005 -9"><span class='ocrx_word' id='word_1_325' title='bbox 2035 1915 2194 1968; x_wconf 86' lang='lat' dir='ltr'><strong>culas</strong></span> <span class='ocrx_word' id='word_1_326' title='bbox 2231 1909 2423 1965; x_wconf 83' lang='lat' dir='ltr'><strong>divina</strong></span> <span class='ocrx_word' id='word_1_327' title='bbox 2455 1909 2594 1964; x_wconf 87' lang='lat' dir='ltr'><strong>adeo</strong></span> <span class='ocrx_word' id='word_1_328' title='bbox 2624 1906 2878 1962; x_wconf 88' lang='lat' dir='ltr'><strong>deliciari</strong></span> <span class='ocrx_word' id='word_1_329' title='bbox 2908 1905 3192 1977; x_wconf 82' lang='lat' dir='ltr'><strong>voluptate</strong></span> <span class='ocrx_word' id='word_1_330' title='bbox 3225 1906 3474 1961; x_wconf 83' lang='lat' dir='ltr'><strong>sinemus</strong></span> <span class='ocrx_word' id='word_1_331' title='bbox 3501 1907 3526 1960; x_wconf 81' lang='lat'><strong>?</strong></span> <span class='ocrx_word' id='word_1_332' title='bbox 3567 1919 3632 1960; x_wconf 88' lang='lat' dir='ltr'><strong>ac</strong></span> 
     </span>
    </p>
   </div>
   <div class='ocr_carea' id='block_1_48' title="bbox 2034 1997 3633 2070">
    <p class='ocr_par' dir='ltr' id='par_1_48' title="bbox 2034 1997 3633 2070">
     <span class='ocr_line' id='line_1_48' title="bbox 2034 1997 3633 2070; baseline -0.004 -11"><span class='ocrx_word' id='word_1_333' title='bbox 2034 2018 2159 2059; x_wconf 87' lang='lat' dir='ltr'><strong>cum</strong></span> <span class='ocrx_word' id='word_1_334' title='bbox 2199 2003 2359 2057; x_wconf 88' lang='lat' dir='ltr'><strong>liceat</strong></span> <span class='ocrx_word' id='word_1_335' title='bbox 2401 2000 2618 2056; x_wconf 72' lang='lat' dir='ltr'><strong>cliorezc</strong></span> <span class='ocrx_word' id='word_1_336' title='bbox 2653 1998 2953 2070; x_wconf 85' lang='lat' dir='ltr'><strong>participes</strong></span> <span class='ocrx_word' id='word_1_337' title='bbox 2990 2013 3138 2065; x_wconf 86' lang='lat' dir='ltr'><strong>esse,</strong></span> <span class='ocrx_word' id='word_1_338' title='bbox 3191 2013 3261 2054; x_wconf 89' lang='lat' dir='ltr'><strong>ne</strong></span> <span class='ocrx_word' id='word_1_339' title='bbox 3307 1997 3633 2053; x_wconf 89' lang='lat' dir='ltr'><strong>curabimus</strong></span> 
     </span>
    </p>
   </div>
   <div class='ocr_carea' id='block_1_49' title="bbox 2033 2088 3633 2165">
    <p class='ocr_par' dir='ltr' id='par_1_49' title="bbox 2033 2088 3633 2165">
     <span class='ocr_line' id='line_1_49' title="bbox 2033 2088 3633 2165; baseline -0.002 -18"><span class='ocrx_word' id='word_1_340' title='bbox 2033 2093 2256 2165; x_wconf 85' lang='lat' dir='ltr'><strong>quidem</strong></span> <span class='ocrx_word' id='word_1_341' title='bbox 2301 2091 2490 2147; x_wconf 84' lang='lat' dir='ltr'><strong>laetitia</strong></span> <span class='ocrx_word' id='word_1_342' title='bbox 2524 2089 2732 2160; x_wconf 80' lang='lat' dir='ltr'><strong>perfrui</strong></span> <span class='ocrx_word' id='word_1_343' title='bbox 2759 2089 2884 2144; x_wconf 85' lang='lat' dir='ltr'><strong>?Au</strong></span> <span class='ocrx_word' id='word_1_344' title='bbox 2914 2088 3228 2158; x_wconf 85' lang='lat' dir='ltr'><strong>conjunctis</strong></span> <span class='ocrx_word' id='word_1_345' title='bbox 3270 2089 3471 2144; x_wconf 87' lang='lat' dir='ltr'><strong>studiis</strong></span> <span class='ocrx_word' id='word_1_346' title='bbox 3510 2089 3633 2144; x_wconf 88' lang='lat' dir='ltr'><strong>lau—</strong></span> 
     </span>
    </p>
   </div>
   <div class='ocr_carea' id='block_1_50' title="bbox 2035 2179 3634 2252">
    <p class='ocr_par' dir='ltr' id='par_1_50' title="bbox 2035 2179 3634 2252">
     <span class='ocr_line' id='line_1_50' title="bbox 2035 2179 3634 2252; baseline -0.003 -12"><span class='ocrx_word' id='word_1_347' title='bbox 2035 2185 2312 2240; x_wconf 80' lang='lat' dir='ltr'><strong>dationem</strong></span> <span class='ocrx_word' id='word_1_348' title='bbox 2377 2181 2583 2252; x_wconf 85' lang='lat' dir='ltr'><strong>pariter</strong></span> <span class='ocrx_word' id='word_1_349' title='bbox 2639 2190 3022 2247; x_wconf 81' lang='lat' dir='ltr'><strong>contexemus,</strong></span> <span class='ocrx_word' id='word_1_350' title='bbox 3091 2195 3154 2235; x_wconf 88' lang='lat' dir='ltr'><strong>ac</strong></span> <span class='ocrx_word' id='word_1_351' title='bbox 3204 2179 3350 2235; x_wconf 86' lang='lat' dir='ltr'><strong>sacri</strong></span> <span class='ocrx_word' id='word_1_352' title='bbox 3417 2180 3634 2236; x_wconf 87' lang='lat' dir='ltr'><strong>itineris</strong></span> 
     </span>
    </p>
   </div>
   <div class='ocr_carea' id='block_1_51' title="bbox 2035 2272 3633 2343">
    <p class='ocr_par' dir='ltr' id='par_1_51' title="bbox 2035 2272 3633 2343">
     <span class='ocr_line' id='line_1_51' title="bbox 2035 2272 3633 2343; baseline -0.005 -11"><span class='ocrx_word' id='word_1_353' title='bbox 2035 2277 2366 2334; x_wconf 80' lang='lat' dir='ltr'><strong>accedemus</strong></span> <span class='ocrx_word' id='word_1_354' title='bbox 2413 2274 2574 2341; x_wconf 86' lang='lat' dir='ltr'><strong>socii,</strong></span> <span class='ocrx_word' id='word_1_355' title='bbox 2645 2283 2760 2328; x_wconf 88' lang='lat' dir='ltr'><strong>tum</strong></span> <span class='ocrx_word' id='word_1_356' title='bbox 2814 2273 2962 2328; x_wconf 87' lang='lat' dir='ltr'><strong>illam</strong></span> <span class='ocrx_word' id='word_1_357' title='bbox 3002 2273 3207 2343; x_wconf 88' lang='lat' dir='ltr'><strong>quibus</strong></span> <span class='ocrx_word' id='word_1_358' title='bbox 3251 2272 3633 2342; x_wconf 88' lang='lat' dir='ltr'><strong>obsequitnur,</strong></span> 
     </span>
    </p>
   </div>
   <div class='ocr_carea' id='block_1_52' title="bbox 2035 2363 3636 2436">
    <p class='ocr_par' dir='ltr' id='par_1_52' title="bbox 2035 2363 3636 2436">
     <span class='ocr_line' id='line_1_52' title="bbox 2035 2363 3636 2436; baseline -0.004 -13"><span class='ocrx_word' id='word_1_359' title='bbox 2035 2370 2375 2424; x_wconf 82' lang='lat' dir='ltr'><strong>honorantes</strong></span> <span class='ocrx_word' id='word_1_360' title='bbox 2424 2407 2439 2433; x_wconf 97' lang='lat'><strong>,</strong></span> <span class='ocrx_word' id='word_1_361' title='bbox 2479 2374 2599 2422; x_wconf 88' lang='lat' dir='ltr'><strong>tum</strong></span> <span class='ocrx_word' id='word_1_362' title='bbox 2660 2366 2763 2436; x_wconf 86' lang='lat' dir='ltr'><strong>ipsi</strong></span> <span class='ocrx_word' id='word_1_363' title='bbox 2810 2366 2975 2422; x_wconf 85' lang='lat' dir='ltr'><strong>nobis</strong></span> <span class='ocrx_word' id='word_1_364' title='bbox 3028 2365 3375 2435; x_wconf 87' lang='lat' dir='ltr'><strong>indulgentes</strong></span> <span class='ocrx_word' id='word_1_365' title='bbox 3416 2363 3440 2416; x_wconf 72' lang='grc' dir='ltr'><strong><em>Ἰ</em></strong></span> <span class='ocrx_word' id='word_1_366' title='bbox 3487 2365 3636 2418; x_wconf 84' lang='lat' dir='ltr'><strong>Sane</strong></span> 
     </span>
    </p>
   </div>
   <div class='ocr_carea' id='block_1_53' title="bbox 2035 2460 3637 2534">
    <p class='ocr_par' dir='ltr' id='par_1_53' title="bbox 2035 2460 3637 2534">
     <span class='ocr_line' id='line_1_53' title="bbox 2035 2460 3637 2534; baseline -0.006 -16"><span class='ocrx_word' id='word_1_367' title='bbox 2035 2462 2254 2533; x_wconf 89' lang='lat' dir='ltr'><strong>quidem</strong></span> <span class='ocrx_word' id='word_1_368' title='bbox 2279 2476 2544 2534; x_wconf 85' lang='lat' dir='ltr'><strong>perquam</strong></span> <span class='ocrx_word' id='word_1_369' title='bbox 2593 2460 2806 2530; x_wconf 84' lang='lat' dir='ltr'><strong>justum</strong></span> <span class='ocrx_word' id='word_1_370' title='bbox 2845 2469 3228 2528; x_wconf 88' lang='lat' dir='ltr'><strong>sanctumque,</strong></span> <span class='ocrx_word' id='word_1_371' title='bbox 3263 2464 3322 2511; x_wconf 89' lang='lat' dir='ltr'><strong>ut</strong></span> <span class='ocrx_word' id='word_1_372' title='bbox 3352 2471 3475 2526; x_wconf 73' lang='lat' dir='ltr'><strong>qua:</strong></span> <span class='ocrx_word' id='word_1_373' title='bbox 3504 2465 3637 2512; x_wconf 87' lang='lat' dir='ltr'><strong>sunt</strong></span> 
     </span>
    </p>
   </div>
   <div class='ocr_carea' id='block_1_54' title="bbox 2035 2547 3635 2623">
    <p class='ocr_par' dir='ltr' id='par_1_54' title="bbox 2035 2547 3635 2623">
     <span class='ocr_line' id='line_1_54' title="bbox 2035 2547 3635 2623; baseline -0.006 -13"><span class='ocrx_word' id='word_1_374' title='bbox 2035 2556 2104 2610; x_wconf 88' lang='lat' dir='ltr'><strong>ad</strong></span> <span class='ocrx_word' id='word_1_375' title='bbox 2153 2555 2440 2618; x_wconf 81' lang='lat' dir='ltr'><strong>honorem,</strong></span> <span class='ocrx_word' id='word_1_376' title='bbox 2494 2551 2708 2623; x_wconf 77' lang='lat' dir='ltr'><strong>Virgini</strong></span> <span class='ocrx_word' id='word_1_377' title='bbox 2759 2552 3142 2622; x_wconf 79' lang='lat' dir='ltr'><strong>persolvamus</strong></span> <span class='ocrx_word' id='word_1_378' title='bbox 3173 2567 3186 2604; x_wconf 91' lang='lat'><strong>:</strong></span> <span class='ocrx_word' id='word_1_379' title='bbox 3223 2550 3355 2620; x_wconf 90' lang='lat' dir='ltr'><strong>quin</strong></span> <span class='ocrx_word' id='word_1_380' title='bbox 3402 2552 3450 2603; x_wconf 92' lang='lat' dir='ltr'><strong>si</strong></span> <span class='ocrx_word' id='word_1_381' title='bbox 3498 2547 3635 2618; x_wconf 87' lang='lat' dir='ltr'><strong>quid</strong></span> 
     </span>
    </p>
   </div>
   <div class='ocr_carea' id='block_1_55' title="bbox 2035 2639 3634 2714">
    <p class='ocr_par' dir='ltr' id='par_1_55' title="bbox 2035 2639 3634 2714">
     <span class='ocr_line' id='line_1_55' title="bbox 2035 2639 3634 2714; baseline -0.005 -14"><span class='ocrx_word' id='word_1_382' title='bbox 2035 2649 2201 2701; x_wconf 89' lang='lat' dir='ltr'><strong>etiam</strong></span> <span class='ocrx_word' id='word_1_383' title='bbox 2248 2645 2428 2710; x_wconf 87' lang='lat' dir='ltr'><strong>nobis,</strong></span> <span class='ocrx_word' id='word_1_384' title='bbox 2462 2644 2666 2714; x_wconf 87' lang='lat' dir='ltr'><strong>quibus</strong></span> <span class='ocrx_word' id='word_1_385' title='bbox 2708 2644 2798 2698; x_wconf 90' lang='lat' dir='ltr'><strong>illa</strong></span> <span class='ocrx_word' id='word_1_386' title='bbox 2836 2642 3114 2706; x_wconf 83' lang='lat' dir='ltr'><strong>laudatur,</strong></span> <span class='ocrx_word' id='word_1_387' title='bbox 3154 2643 3341 2713; x_wconf 70' lang='lat' dir='ltr'><strong>gloriae.</strong></span> <span class='ocrx_word' id='word_1_388' title='bbox 3386 2639 3634 2704; x_wconf 83' lang='lat' dir='ltr'><strong>accedat,</strong></span> 
     </span>
    </p>
   </div>
   <div class='ocr_carea' id='block_1_56' title="bbox 2038 2732 3637 2808">
    <p class='ocr_par' dir='ltr' id='par_1_56' title="bbox 2038 2732 3637 2808">
     <span class='ocr_line' id='line_1_56' title="bbox 2038 2732 3637 2808; baseline -0.004 -16"><span class='ocrx_word' id='word_1_389' title='bbox 2038 2738 2090 2792; x_wconf 93' lang='lat' dir='ltr'><strong>id</strong></span> <span class='ocrx_word' id='word_1_390' title='bbox 2123 2751 2361 2808; x_wconf 87' lang='lat' dir='ltr'><strong>quoque</strong></span> <span class='ocrx_word' id='word_1_391' title='bbox 2405 2743 2722 2806; x_wconf 84' lang='lat' dir='ltr'><strong>spectantes</strong></span> <span class='ocrx_word' id='word_1_392' title='bbox 2785 2735 2991 2805; x_wconf 80' lang='lat' dir='ltr'><strong>pariter</strong></span> <span class='ocrx_word' id='word_1_393' title='bbox 3017 2737 3274 2790; x_wconf 88' lang='lat' dir='ltr'><strong>choream</strong></span> <span class='ocrx_word' id='word_1_394' title='bbox 3317 2732 3539 2805; x_wconf 79' lang='lat' dir='ltr'><strong>explere</strong></span> <span class='ocrx_word' id='word_1_395' title='bbox 3571 2745 3637 2786; x_wconf 87' lang='lat' dir='ltr'><strong>ac</strong></span> 
     </span>
    </p>
   </div>
   <div class='ocr_carea' id='block_1_57' title="bbox 2025 2825 3634 2897">
    <p class='ocr_par' dir='ltr' id='par_1_57' title="bbox 2025 2825 3634 2897">
     <span class='ocr_line' id='line_1_57' title="bbox 2025 2825 3634 2897; baseline -0.004 -9"><span class='ocrx_word' id='word_1_396' title='bbox 2025 2833 2277 2897; x_wconf 89' lang='lat' dir='ltr'><strong>laudem,</strong></span> <span class='ocrx_word' id='word_1_397' title='bbox 2321 2829 2377 2886; x_wconf 90' lang='lat' dir='ltr'><strong>id</strong></span> <span class='ocrx_word' id='word_1_398' title='bbox 2419 2846 2553 2886; x_wconf 89' lang='lat' dir='ltr'><strong>vero</strong></span> <span class='ocrx_word' id='word_1_399' title='bbox 2587 2830 2796 2886; x_wconf 85' lang='lat' dir='ltr'><strong>rationi</strong></span> <span class='ocrx_word' id='word_1_400' title='bbox 2829 2839 3266 2886; x_wconf 87' lang='lat' dir='ltr'><strong>consentaneum</strong></span> <span class='ocrx_word' id='word_1_401' title='bbox 3314 2837 3422 2885; x_wconf 88' lang='lat' dir='ltr'><strong>est.</strong></span> <span class='ocrx_word' id='word_1_402' title='bbox 3480 2825 3634 2882; x_wconf 84' lang='lat' dir='ltr'><strong>Haud</strong></span> 
     </span>
    </p>
   </div>
   <div class='ocr_carea' id='block_1_58' title="bbox 2039 2918 3636 2995">
    <p class='ocr_par' dir='ltr' id='par_1_58' title="bbox 2039 2918 3636 2995">
     <span class='ocr_line' id='line_1_58' title="bbox 2039 2918 3636 2995; baseline -0.004 -17"><span class='ocrx_word' id='word_1_403' title='bbox 2039 2927 2199 2995; x_wconf 84' lang='lat' dir='ltr'><strong>plane</strong></span> <span class='ocrx_word' id='word_1_404' title='bbox 2247 2932 2486 2980; x_wconf 86' lang='lat' dir='ltr'><strong>conatus</strong></span> <span class='ocrx_word' id='word_1_405' title='bbox 2514 2922 2674 2978; x_wconf 81' lang='lat' dir='ltr'><strong>cedet</strong></span> <span class='ocrx_word' id='word_1_406' title='bbox 2721 2921 2931 2977; x_wconf 89' lang='lat' dir='ltr'><strong>inutilis</strong></span> <span class='ocrx_word' id='word_1_407' title='bbox 2961 2937 2976 2974; x_wconf 88' lang='lat'><strong>:</strong></span> <span class='ocrx_word' id='word_1_408' title='bbox 3034 2921 3166 2985; x_wconf 86' lang='lat' dir='ltr'><strong>imo,</strong></span> <span class='ocrx_word' id='word_1_409' title='bbox 3202 2934 3310 2989; x_wconf 88' lang='lat' dir='ltr'><strong>qua</strong></span> <span class='ocrx_word' id='word_1_410' title='bbox 3346 2918 3636 2974; x_wconf 88' lang='lat' dir='ltr'><strong>commode</strong></span> 
     </span>
    </p>
   </div>
   <div class='ocr_carea' id='block_1_59' title="bbox 2035 3005 3634 3081">
    <p class='ocr_par' dir='ltr' id='par_1_59' title="bbox 2035 3005 3634 3081">
     <span class='ocr_line' id='line_1_59' title="bbox 2035 3005 3634 3081; baseline -0.007 -10"><span class='ocrx_word' id='word_1_411' title='bbox 2035 3031 2156 3071; x_wconf 86' lang='lat' dir='ltr'><strong>eam</strong></span> <span class='ocrx_word' id='word_1_412' title='bbox 2186 3015 2457 3078; x_wconf 87' lang='lat' dir='ltr'><strong>laudabit,</strong></span> <span class='ocrx_word' id='word_1_413' title='bbox 2492 3012 2560 3067; x_wconf 86' lang='lat' dir='ltr'><strong>ad</strong></span> <span class='ocrx_word' id='word_1_414' title='bbox 2594 3026 2694 3068; x_wconf 82' lang='lat' dir='ltr'><strong>nos</strong></span> <span class='ocrx_word' id='word_1_415' title='bbox 2725 3011 2857 3066; x_wconf 89' lang='lat' dir='ltr'><strong>inde</strong></span> <span class='ocrx_word' id='word_1_416' title='bbox 2902 3011 3126 3081; x_wconf 62' lang='lat' dir='ltr'><strong>praemia</strong></span> <span class='ocrx_word' id='word_1_417' title='bbox 3159 3008 3382 3065; x_wconf 83' lang='lat' dir='ltr'><strong>referet.</strong></span> <span class='ocrx_word' id='word_1_418' title='bbox 3420 3005 3634 3074; x_wconf 80' lang='lat' dir='ltr'><strong>Quibus</strong></span> 
     </span>
    </p>
   </div>
   <div class='ocr_carea' id='block_1_60' title="bbox 328 3099 1932 3203">
    <p class='ocr_par' dir='ltr' id='par_1_60' title="bbox 328 3099 1927 3191">
     <span class='ocr_line' id='line_1_60' title="bbox 328 3099 1927 3191; baseline -0.005 -17"><span class='ocrx_word' id='word_1_419' title='bbox 457 3121 546 3173; x_wconf 74' lang='grc' dir='ltr'><strong>ἐπ’</strong></span> <span class='ocrx_word' id='word_1_420' title='bbox 578 3121 716 3189; x_wconf 74' lang='grc' dir='ltr'>αὐτῇ</span> <span class='ocrx_word' id='word_1_421' title='bbox 747 3115 1122 3189; x_wconf 80' lang='grc' dir='ltr'>κερδανοῦμεν</span> <span class='ocrx_word' id='word_1_422' title='bbox 1151 3113 1484 3184; x_wconf 82' lang='grc' dir='ltr'>φιλοτιμίας.</span> <span class='ocrx_word' id='word_1_423' title='bbox 1513 3111 1678 3166; x_wconf 77' lang='grc' dir='ltr'>Ἀλλὰ</span> <span class='ocrx_word' id='word_1_424' title='bbox 1699 3111 1804 3164; x_wconf 83' lang='grc' dir='ltr'>ποῦ</span> <span class='ocrx_word' id='word_1_425' title='bbox 1837 3129 1927 3182; x_wconf 89' lang='grc' dir='ltr'><strong>μοι</strong></span> 
     </span>
    </p>
   </div>
   <div class='ocr_carea' id='block_1_61' title="bbox 2036 3099 3635 3203">
    <p class='ocr_par' dir='ltr' id='par_1_61' title="bbox 2043 3099 3635 3177">
     <span class='ocr_line' id='line_1_61' title="bbox 2043 3099 3635 3177; baseline -0.008 -12"><span class='ocrx_word' id='word_1_426' title='bbox 2043 3111 2133 3165; x_wconf 90' lang='lat' dir='ltr'><strong>illa</strong></span> <span class='ocrx_word' id='word_1_427' title='bbox 2162 3118 2220 3164; x_wconf 89' lang='lat' dir='ltr'><strong>ut</strong></span> <span class='ocrx_word' id='word_1_428' title='bbox 2249 3108 2474 3163; x_wconf 77' lang='lat' dir='ltr'><strong>maximi</strong></span> <span class='ocrx_word' id='word_1_429' title='bbox 2516 3105 2681 3177; x_wconf 91' lang='lat' dir='ltr'><strong>pretii</strong></span> <span class='ocrx_word' id='word_1_430' title='bbox 2733 3105 2938 3160; x_wconf 89' lang='lat' dir='ltr'><strong>donum</strong></span> <span class='ocrx_word' id='word_1_431' title='bbox 2979 3103 3232 3174; x_wconf 82' lang='lat' dir='ltr'><strong>eligitur,</strong></span> <span class='ocrx_word' id='word_1_432' title='bbox 3269 3099 3544 3155; x_wconf 79' lang='lat' dir='ltr'><strong>ambitiosi</strong></span> <span class='ocrx_word' id='word_1_433' title='bbox 3578 3100 3635 3153; x_wconf 91' lang='lat' dir='ltr'><strong>in</strong></span> 
     </span>
    </p>
   </div>
   <div class='ocr_carea' id='block_1_62' title="bbox 328 3199 1936 3282">
    <p class='ocr_par' dir='ltr' id='par_1_62' title="bbox 328 3199 1936 3282">
     <span class='ocr_line' id='line_1_62' title="bbox 328 3199 1936 3282; baseline -0.006 -13"><span class='ocrx_word' id='word_1_434' title='bbox 328 3209 408 3271; x_wconf 78' lang='grc' dir='ltr'>ὧν</span> <span class='ocrx_word' id='word_1_435' title='bbox 440 3215 501 3266; x_wconf 75' lang='grc' dir='ltr'>τὸ</span> <span class='ocrx_word' id='word_1_436' title='bbox 535 3211 836 3282; x_wconf 79' lang='grc' dir='ltr'>πολύτιμον</span> <span class='ocrx_word' id='word_1_437' title='bbox 885 3209 1086 3280; x_wconf 82' lang='grc' dir='ltr'>εὑρέθη</span> <span class='ocrx_word' id='word_1_438' title='bbox 1135 3207 1350 3278; x_wconf 83' lang='grc' dir='ltr'>δῶρον;</span> <span class='ocrx_word' id='word_1_439' title='bbox 1408 3204 1518 3258; x_wconf 83' lang='grc' dir='ltr'>Ποῦ</span> <span class='ocrx_word' id='word_1_440' title='bbox 1551 3205 1630 3270; x_wconf 81' lang='grc' dir='ltr'><strong>δὲ,</strong></span> <span class='ocrx_word' id='word_1_441' title='bbox 1663 3199 1738 3260; x_wconf 82' lang='grc' dir='ltr'>ὧν</span> <span class='ocrx_word' id='word_1_442' title='bbox 1771 3209 1804 3279; x_wconf 80' lang='grc' dir='ltr'><strong>ἡ</strong></span> <span class='ocrx_word' id='word_1_443' title='bbox 1839 3223 1936 3277; x_wconf 86' lang='grc' dir='ltr'>με-</span> 
     </span>
    </p>
   </div>
   <div class='ocr_carea' id='block_1_63' title="bbox 329 3297 1940 3375">
    <p class='ocr_par' dir='ltr' id='par_1_63' title="bbox 329 3297 1940 3375">
     <span class='ocr_line' id='line_1_63' title="bbox 329 3297 1940 3375; baseline -0.006 -16"><span class='ocrx_word' id='word_1_444' title='bbox 329 3305 471 3375; x_wconf 81' lang='grc' dir='ltr'>γάλη</span> <span class='ocrx_word' id='word_1_445' title='bbox 492 3303 635 3374; x_wconf 79' lang='grc' dir='ltr'>αὐτη</span> <span class='ocrx_word' id='word_1_446' title='bbox 667 3301 932 3372; x_wconf 71' lang='grc' dir='ltr'>εὐκληρία</span> <span class='ocrx_word' id='word_1_447' title='bbox 959 3315 980 3364; x_wconf 80' lang='lat'><strong>,&#39;</strong></span> <span class='ocrx_word' id='word_1_448' title='bbox 1003 3299 1198 3362; x_wconf 81' lang='grc' dir='ltr'>Καλῶς</span> <span class='ocrx_word' id='word_1_449' title='bbox 1226 3298 1335 3368; x_wconf 84' lang='grc' dir='ltr'>γὰρ</span> <span class='ocrx_word' id='word_1_450' title='bbox 1365 3299 1480 3367; x_wconf 77' lang='grc' dir='ltr'>ἔχει</span> <span class='ocrx_word' id='word_1_451' title='bbox 1510 3297 1759 3367; x_wconf 81' lang='grc' dir='ltr'>πρώτους</span> <span class='ocrx_word' id='word_1_452' title='bbox 1794 3298 1940 3351; x_wconf 82' lang='grc' dir='ltr'>ὲκεί-</span> 
     </span>
    </p>
   </div>
   <div class='ocr_carea' id='block_1_64' title="bbox 331 3390 1941 3466">
    <p class='ocr_par' dir='ltr' id='par_1_64' title="bbox 331 3390 1941 3466">
     <span class='ocr_line' id='line_1_64' title="bbox 331 3390 1941 3466; baseline -0.007 -12"><span class='ocrx_word' id='word_1_453' title='bbox 331 3416 443 3462; x_wconf 80' lang='grc' dir='ltr'>νοις</span> <span class='ocrx_word' id='word_1_454' title='bbox 496 3396 916 3466; x_wconf 73' lang='grc' dir='ltr'>περιτυχόντας,</span> <span class='ocrx_word' id='word_1_455' title='bbox 953 3393 1095 3446; x_wconf 78' lang='grc' dir='ltr'>οὕτω</span> <span class='ocrx_word' id='word_1_456' title='bbox 1142 3393 1210 3462; x_wconf 76' lang='grc' dir='ltr'>τῇ</span> <span class='ocrx_word' id='word_1_457' title='bbox 1275 3390 1505 3460; x_wconf 72' lang='grc' dir='ltr'>θυγατρὶ</span> <span class='ocrx_word' id='word_1_458' title='bbox 1551 3391 1941 3459; x_wconf 86' lang='grc' dir='ltr'>συνευφραίνε-</span> 
     </span>
    </p>
   </div>
   <div class='ocr_carea' id='block_1_65' title="bbox 333 3481 1934 3559">
    <p class='ocr_par' dir='ltr' id='par_1_65' title="bbox 333 3481 1934 3559">
     <span class='ocr_line' id='line_1_65' title="bbox 333 3481 1934 3559; baseline -0.005 -16"><span class='ocrx_word' id='word_1_459' title='bbox 333 3491 483 3544; x_wconf 84' lang='grc' dir='ltr'>σθαι.</span> <span class='ocrx_word' id='word_1_460' title='bbox 542 3489 699 3559; x_wconf 78' lang='grc' dir='ltr'>Ἀμα</span> <span class='ocrx_word' id='word_1_461' title='bbox 749 3487 805 3540; x_wconf 79' lang='grc' dir='ltr'><strong>δὲ</strong></span> <span class='ocrx_word' id='word_1_462' title='bbox 839 3488 936 3538; x_wconf 77' lang='grc' dir='ltr'><strong>καὶ</strong></span> <span class='ocrx_word' id='word_1_463' title='bbox 972 3484 1103 3554; x_wconf 88' lang='grc' dir='ltr'>παρ’</span> <span class='ocrx_word' id='word_1_464' title='bbox 1132 3481 1315 3538; x_wconf 84' lang='grc' dir='ltr'>αὐτῶν</span> <span class='ocrx_word' id='word_1_465' title='bbox 1344 3481 1490 3544; x_wconf 82' lang='grc' dir='ltr'>είκδς</span> <span class='ocrx_word' id='word_1_466' title='bbox 1531 3482 1796 3551; x_wconf 74' lang='grc' dir='ltr'>ἐκμαθεῖν</span> <span class='ocrx_word' id='word_1_467' title='bbox 1836 3481 1934 3551; x_wconf 77' lang='grc' dir='ltr'>τῆς</span> 
     </span>
    </p>
   </div>
   <div class='ocr_carea' id='block_1_66' title="bbox 332 3579 1058 3654">
    <p class='ocr_par' dir='ltr' id='par_1_66' title="bbox 332 3579 1058 3654">
     <span class='ocr_line' id='line_1_66' title="bbox 332 3579 1058 3654; baseline -0.007 -17"><span class='ocrx_word' id='word_1_468' title='bbox 332 3581 621 3654; x_wconf 78' lang='grc' dir='ltr'>χαρμονῆς</span> <span class='ocrx_word' id='word_1_469' title='bbox 649 3579 751 3652; x_wconf 77' lang='grc' dir='ltr'>τὴν</span> <span class='ocrx_word' id='word_1_470' title='bbox 779 3579 1058 3633; x_wconf 72' lang='grc' dir='ltr'>ὑπόθεσιν.</span> 
     </span>
    </p>
   </div>
   <div class='ocr_carea' id='block_1_67' title="bbox 402 3755 1942 3830">
    <p class='ocr_par' dir='ltr' id='par_1_67' title="bbox 402 3755 1942 3830">
     <span class='ocr_line' id='line_1_67' title="bbox 402 3755 1942 3830; baseline 0.001 -18"><span class='ocrx_word' id='word_1_471' title='bbox 402 3761 546 3830; x_wconf 71' lang='grc' dir='ltr'>Φέρε</span> <span class='ocrx_word' id='word_1_472' title='bbox 575 3758 661 3828; x_wconf 78' lang='grc' dir='ltr'><strong>δὴ.</strong></span> <span class='ocrx_word' id='word_1_473' title='bbox 694 3759 743 3811; x_wconf 88' lang='grc' dir='ltr'><strong>οί</strong></span> <span class='ocrx_word' id='word_1_474' title='bbox 773 3758 872 3826; x_wconf 79' lang='grc' dir='ltr'><strong>τὴν</strong></span> <span class='ocrx_word' id='word_1_475' title='bbox 903 3755 1073 3827; x_wconf 79' lang='grc' dir='ltr'>καλὴν</span> <span class='ocrx_word' id='word_1_476' title='bbox 1103 3755 1268 3809; x_wconf 82' lang='grc' dir='ltr'>ὠδῖνα</span> <span class='ocrx_word' id='word_1_477' title='bbox 1303 3755 1510 3827; x_wconf 85' lang='grc' dir='ltr'>ταύτην</span> <span class='ocrx_word' id='word_1_478' title='bbox 1539 3756 1854 3828; x_wconf 83' lang='grc' dir='ltr'>λυσάμενοι,</span> <span class='ocrx_word' id='word_1_479' title='bbox 1887 3759 1942 3813; x_wconf 78' lang='grc' dir='ltr'><strong>οἶ</strong></span> 
     </span>
    </p>
   </div>
   <div class='ocr_carea' id='block_1_68' title="bbox 330 3833 1938 3919">
    <p class='ocr_par' dir='ltr' id='par_1_68' title="bbox 330 3833 1938 3919">
     <span class='ocr_line' id='line_1_68' title="bbox 330 3833 1938 3919; baseline -0.002 -13"><span class='ocrx_word' id='word_1_480' title='bbox 330 3853 482 3915; x_wconf 82' lang='grc' dir='ltr'>τινές</span> <span class='ocrx_word' id='word_1_481' title='bbox 504 3850 639 3903; x_wconf 79' lang='grc' dir='ltr'>ποτὲ</span> <span class='ocrx_word' id='word_1_482' title='bbox 667 3850 816 3913; x_wconf 68' lang='grc' dir='ltr'>ἔστε,</span> <span class='ocrx_word' id='word_1_483' title='bbox 844 3847 1138 3910; x_wconf 85' lang='grc' dir='ltr'>κοινωνοὺς</span> <span class='ocrx_word' id='word_1_484' title='bbox 1169 3847 1316 3917; x_wconf 80' lang='grc' dir='ltr'>ἡμᾶς</span> <span class='ocrx_word' id='word_1_485' title='bbox 1345 3847 1444 3914; x_wconf 77' lang='grc' dir='ltr'><strong>τῆς</strong></span> <span class='ocrx_word' id='word_1_486' title='bbox 1473 3833 1816 3919; x_wconf 75' lang='grc' dir='ltr'>εὐφροσύνης</span> <span class='ocrx_word' id='word_1_487' title='bbox 1844 3850 1938 3903; x_wconf 78' lang='grc' dir='ltr'>καὶ</span> 
     </span>
    </p>
   </div>
   <div class='ocr_carea' id='block_1_69' title="bbox 331 3937 1937 4014">
    <p class='ocr_par' dir='ltr' id='par_1_69' title="bbox 331 3937 1937 4014">
     <span class='ocr_line' id='line_1_69' title="bbox 331 3937 1937 4014; baseline 0.006 -30"><span class='ocrx_word' id='word_1_488' title='bbox 331 3946 435 4014; x_wconf 67' lang='grc' dir='ltr'><strong>τῆς</strong></span> <span class='ocrx_word' id='word_1_489' title='bbox 464 3945 558 3996; x_wconf 66' lang='grc' dir='ltr'>ἐπὶ</span> <span class='ocrx_word' id='word_1_490' title='bbox 583 3941 663 4012; x_wconf 83' lang='grc' dir='ltr'>τῷ</span> <span class='ocrx_word' id='word_1_491' title='bbox 688 3939 964 4010; x_wconf 74' lang='grc' dir='ltr'>θυγατρίῳ</span> <span class='ocrx_word' id='word_1_492' title='bbox 987 3939 1351 4010; x_wconf 86' lang='grc' dir='ltr'>χοροστασίας</span> <span class='ocrx_word' id='word_1_493' title='bbox 1379 3937 1584 4006; x_wconf 79' lang='grc' dir='ltr'>ἄγοιτε.</span> <span class='ocrx_word' id='word_1_494' title='bbox 1612 3939 1678 3990; x_wconf 90' lang='grc' dir='ltr'><strong>Τί</strong></span> <span class='ocrx_word' id='word_1_495' title='bbox 1699 3939 1790 4006; x_wconf 88' lang='grc' dir='ltr'>δέ;</span> <span class='ocrx_word' id='word_1_496' title='bbox 1815 3940 1937 3994; x_wconf 85' lang='grc' dir='ltr'>Τῶν</span> 
     </span>
    </p>
   </div>
   <div class='ocr_carea' id='block_1_70' title="bbox 332 4027 1935 4101">
    <p class='ocr_par' dir='ltr' id='par_1_70' title="bbox 332 4027 1935 4101">
     <span class='ocr_line' id='line_1_70' title="bbox 332 4027 1935 4101; baseline -0.002 -16"><span class='ocrx_word' id='word_1_497' title='bbox 332 4033 547 4086; x_wconf 81' lang='grc' dir='ltr'>ὠδίνων</span> <span class='ocrx_word' id='word_1_498' title='bbox 573 4030 1065 4100; x_wconf 86' lang='grc' dir='ltr'>εὐχαριστήσοντες</span> <span class='ocrx_word' id='word_1_499' title='bbox 1095 4028 1290 4082; x_wconf 81' lang='grc' dir='ltr'>ἄπιτε·</span> <span class='ocrx_word' id='word_1_500' title='bbox 1323 4027 1498 4082; x_wconf 82' lang='grc' dir='ltr'>ταῦτα</span> <span class='ocrx_word' id='word_1_501' title='bbox 1522 4027 1588 4099; x_wconf 81' lang='grc' dir='ltr'>δὴ</span> <span class='ocrx_word' id='word_1_502' title='bbox 1607 4028 1676 4082; x_wconf 77' lang='grc' dir='ltr'>τὰ</span> <span class='ocrx_word' id='word_1_503' title='bbox 1707 4029 1935 4101; x_wconf 79' lang='grc' dir='ltr'>συνήθη,</span> 
     </span>
    </p>
   </div>
   <div class='ocr_carea' id='block_1_71' title="bbox 333 4118 1935 4195">
    <p class='ocr_par' dir='ltr' id='par_1_71' title="bbox 333 4118 1935 4195">
     <span class='ocr_line' id='line_1_71' title="bbox 333 4118 1935 4195; baseline -0.001 -17"><span class='ocrx_word' id='word_1_504' title='bbox 333 4126 434 4178; x_wconf 54' lang='grc' dir='ltr'><strong>καὶ⁵</strong></span> <span class='ocrx_word' id='word_1_505' title='bbox 462 4124 562 4195; x_wconf 82' lang='grc' dir='ltr'>τὴν</span> <span class='ocrx_word' id='word_1_506' title='bbox 593 4121 873 4193; x_wconf 78' lang='grc' dir='ltr'>θυγατέρα</span> <span class='ocrx_word' id='word_1_507' title='bbox 901 4123 1021 4184; x_wconf 85' lang='grc' dir='ltr'>ταῖς</span> <span class='ocrx_word' id='word_1_508' title='bbox 1059 4121 1234 4192; x_wconf 82' lang='grc' dir='ltr'>ἱεραῖς</span> <span class='ocrx_word' id='word_1_509' title='bbox 1261 4120 1506 4184; x_wconf 85' lang='grc' dir='ltr'>τελεταῖς</span> <span class='ocrx_word' id='word_1_510' title='bbox 1537 4118 1624 4175; x_wconf 78' lang='grc' dir='ltr'>οἷα</span> <span class='ocrx_word' id='word_1_511' title='bbox 1653 4122 1719 4193; x_wconf 81' lang='grc' dir='ltr'>δὴ</span> <span class='ocrx_word' id='word_1_512' title='bbox 1755 4140 1935 4195; x_wconf 80' lang='grc' dir='ltr'>σφρα-</span> 
     </span>
    </p>
   </div>
   <div class='ocr_carea' id='block_1_72' title="bbox 333 4208 1939 4286">
    <p class='ocr_par' dir='ltr' id='par_1_72' title="bbox 333 4208 1939 4286">
     <span class='ocr_line' id='line_1_72' title="bbox 333 4208 1939 4286; baseline 0 -18"><span class='ocrx_word' id='word_1_513' title='bbox 333 4219 485 4284; x_wconf 66' lang='grc' dir='ltr'>γῖσιν</span> <span class='ocrx_word' id='word_1_514' title='bbox 541 4211 1074 4283; x_wconf 84' lang='grc' dir='ltr'>ὲπισημαινούμενοι</span> <span class='ocrx_word' id='word_1_515' title='bbox 1107 4225 1121 4240; x_wconf 85' lang='grc'>⁶</span> <span class='ocrx_word' id='word_1_516' title='bbox 1178 4208 1247 4283; x_wconf 85' lang='grc' dir='ltr'>ἦς</span> <span class='ocrx_word' id='word_1_517' title='bbox 1301 4213 1402 4282; x_wconf 76' lang='grc' dir='ltr'><strong>τὴν</strong></span> <span class='ocrx_word' id='word_1_518' title='bbox 1460 4213 1700 4282; x_wconf 78' lang='grc' dir='ltr'>βλάστην</span> <span class='ocrx_word' id='word_1_519' title='bbox 1749 4215 1939 4286; x_wconf 83' lang='grc' dir='ltr'>εὐχαῖς</span> 
     </span>
    </p>
   </div>
   <div class='ocr_carea' id='block_1_73' title="bbox 332 4304 1939 4378">
    <p class='ocr_par' dir='ltr' id='par_1_73' title="bbox 332 4304 1939 4378">
     <span class='ocr_line' id='line_1_73' title="bbox 332 4304 1939 4378; baseline 0 -16"><span class='ocrx_word' id='word_1_520' title='bbox 332 4307 770 4378; x_wconf 81' lang='grc' dir='ltr'>ἑγεωργήσατε,</span> <span class='ocrx_word' id='word_1_521' title='bbox 804 4305 1010 4375; x_wconf 84' lang='grc' dir='ltr'>ταύτης</span> <span class='ocrx_word' id='word_1_522' title='bbox 1065 4304 1163 4375; x_wconf 73' lang='grc' dir='ltr'>τὴν</span> <span class='ocrx_word' id='word_1_523' title='bbox 1218 4304 1448 4374; x_wconf 71' lang='grc' dir='ltr'>αὔξησιν</span> <span class='ocrx_word' id='word_1_524' title='bbox 1503 4306 1600 4361; x_wconf 80' lang='grc' dir='ltr'><strong>καὶ</strong></span> <span class='ocrx_word' id='word_1_525' title='bbox 1659 4307 1939 4363; x_wconf 86' lang='grc' dir='ltr'>τελείωσιν</span> 
     </span>
    </p>
   </div>
   <div class='ocr_carea' id='block_1_74' title="bbox 2041 3190 3636 3265">
    <p class='ocr_par' dir='ltr' id='par_1_74' title="bbox 2041 3190 3636 3265">
     <span class='ocr_line' id='line_1_74' title="bbox 2041 3190 3636 3265; baseline -0.008 -8"><span class='ocrx_word' id='word_1_526' title='bbox 2041 3216 2163 3257; x_wconf 87' lang='lat' dir='ltr'><strong>eam</strong></span> <span class='ocrx_word' id='word_1_527' title='bbox 2216 3199 2400 3254; x_wconf 77' lang='lat' dir='ltr'><strong>euitus</strong></span> <span class='ocrx_word' id='word_1_528' title='bbox 2450 3197 2629 3253; x_wconf 79' lang='lat' dir='ltr'><strong>nostri</strong></span> <span class='ocrx_word' id='word_1_529' title='bbox 2666 3197 2821 3251; x_wconf 89' lang='lat' dir='ltr'><strong>lucra</strong></span> <span class='ocrx_word' id='word_1_530' title='bbox 2866 3207 3292 3265; x_wconf 86' lang='lat' dir='ltr'><strong>consequemur.</strong></span> <span class='ocrx_word' id='word_1_531' title='bbox 3343 3190 3636 3245; x_wconf 76' lang='lat' dir='ltr'><strong>Enimvero</strong></span> 
     </span>
    </p>
   </div>
   <div class='ocr_carea' id='block_1_75' title="bbox 2043 3283 3637 3361">
    <p class='ocr_par' dir='ltr' id='par_1_75' title="bbox 2043 3283 3637 3361">
     <span class='ocr_line' id='line_1_75' title="bbox 2043 3283 3637 3361; baseline -0.007 -14"><span class='ocrx_word' id='word_1_532' title='bbox 2043 3292 2265 3347; x_wconf 88' lang='lat' dir='ltr'><strong>ubinam</strong></span> <span class='ocrx_word' id='word_1_533' title='bbox 2303 3303 2539 3361; x_wconf 90' lang='lat' dir='ltr'><strong>quorum</strong></span> <span class='ocrx_word' id='word_1_534' title='bbox 2573 3289 2781 3343; x_wconf 88' lang='lat' dir='ltr'><strong>donum</strong></span> <span class='ocrx_word' id='word_1_535' title='bbox 2824 3287 2927 3340; x_wconf 92' lang='lat' dir='ltr'><strong>hec</strong></span> <span class='ocrx_word' id='word_1_536' title='bbox 2956 3285 3419 3356; x_wconf 86' lang='lat' dir='ltr'><strong>pretiosissimqu</strong></span> <span class='ocrx_word' id='word_1_537' title='bbox 3453 3283 3637 3336; x_wconf 47' lang='lat' dir='ltr'><strong>inven.</strong></span> 
     </span>
    </p>
   </div>
   <div class='ocr_carea' id='block_1_76' title="bbox 2039 3372 3636 3447">
    <p class='ocr_par' dir='ltr' id='par_1_76' title="bbox 2039 3372 3636 3447">
     <span class='ocr_line' id='line_1_76' title="bbox 2039 3372 3636 3447; baseline -0.006 -11"><span class='ocrx_word' id='word_1_538' title='bbox 2039 3389 2156 3436; x_wconf 89' lang='lat' dir='ltr'><strong>tum</strong></span> <span class='ocrx_word' id='word_1_539' title='bbox 2187 3379 2324 3435; x_wconf 89' lang='lat' dir='ltr'><strong>est?</strong></span> <span class='ocrx_word' id='word_1_540' title='bbox 2355 3376 2592 3433; x_wconf 86' lang='lat' dir='ltr'><strong>Ubinam</strong></span> <span class='ocrx_word' id='word_1_541' title='bbox 2626 3392 2757 3433; x_wconf 89' lang='lat' dir='ltr'><strong>vero</strong></span> <span class='ocrx_word' id='word_1_542' title='bbox 2785 3390 3020 3447; x_wconf 90' lang='lat' dir='ltr'><strong>quorum</strong></span> <span class='ocrx_word' id='word_1_543' title='bbox 3053 3389 3252 3446; x_wconf 85' lang='lat' dir='ltr'><strong>magna</strong></span> <span class='ocrx_word' id='word_1_544' title='bbox 3293 3373 3410 3429; x_wconf 63' lang='lat' dir='ltr'><strong>haec</strong></span> <span class='ocrx_word' id='word_1_545' title='bbox 3450 3372 3636 3428; x_wconf 79' lang='lat' dir='ltr'><strong>excel-</strong></span> 
     </span>
    </p>
   </div>
   <div class='ocr_carea' id='block_1_77' title="bbox 2041 3467 3635 3542">
    <p class='ocr_par' dir='ltr' id='par_1_77' title="bbox 2041 3467 3635 3542">
     <span class='ocr_line' id='line_1_77' title="bbox 2041 3467 3635 3542; baseline -0.006 -13"><span class='ocrx_word' id='word_1_546' title='bbox 2041 3474 2255 3531; x_wconf 85' lang='lat' dir='ltr'><strong>lentia?</strong></span> <span class='ocrx_word' id='word_1_547' title='bbox 2285 3473 2555 3528; x_wconf 61' lang='lat' dir='ltr'><strong>Praeclare</strong></span> <span class='ocrx_word' id='word_1_548' title='bbox 2589 3486 2830 3542; x_wconf 87' lang='lat' dir='ltr'><strong>namque</strong></span> <span class='ocrx_word' id='word_1_549' title='bbox 2861 3471 3140 3531; x_wconf 89' lang='lat' dir='ltr'><strong>habuerit,</strong></span> <span class='ocrx_word' id='word_1_550' title='bbox 3175 3477 3232 3523; x_wconf 90' lang='lat' dir='ltr'><strong>ut</strong></span> <span class='ocrx_word' id='word_1_551' title='bbox 3272 3467 3508 3538; x_wconf 87' lang='lat' dir='ltr'><strong>primum</strong></span> <span class='ocrx_word' id='word_1_552' title='bbox 3538 3480 3635 3521; x_wconf 83' lang='lat' dir='ltr'><strong>eos</strong></span> 
     </span>
    </p>
   </div>
   <div class='ocr_carea' id='block_1_78' title="bbox 2038 3562 3631 3632">
    <p class='ocr_par' dir='ltr' id='par_1_78' title="bbox 2038 3562 3631 3632">
     <span class='ocr_line' id='line_1_78' title="bbox 2038 3562 3631 3632; baseline -0.004 -11"><span class='ocrx_word' id='word_1_553' title='bbox 2038 3566 2292 3631; x_wconf 87' lang='lat' dir='ltr'><strong>allocuti,</strong></span> <span class='ocrx_word' id='word_1_554' title='bbox 2321 3568 2402 3622; x_wconf 89' lang='lat' dir='ltr'><strong>sic</strong></span> <span class='ocrx_word' id='word_1_555' title='bbox 2428 3566 2555 3620; x_wconf 81' lang='lat' dir='ltr'><strong>filiae</strong></span> <span class='ocrx_word' id='word_1_556' title='bbox 2585 3564 2947 3620; x_wconf 84' lang='lat' dir='ltr'><strong>collaetcmur.</strong></span> <span class='ocrx_word' id='word_1_557' title='bbox 2982 3564 3123 3631; x_wconf 81' lang='lat' dir='ltr'><strong>Quin</strong></span> <span class='ocrx_word' id='word_1_558' title='bbox 3155 3562 3302 3619; x_wconf 87' lang='lat' dir='ltr'><strong>etab</strong></span> <span class='ocrx_word' id='word_1_559' title='bbox 3337 3562 3418 3618; x_wconf 91' lang='lat' dir='ltr'><strong>eis</strong></span> <span class='ocrx_word' id='word_1_560' title='bbox 3449 3575 3631 3632; x_wconf 77' lang='lat' dir='ltr'><strong>opera:</strong></span> 
     </span>
    </p>
   </div>
   <div class='ocr_carea' id='block_1_79' title="bbox 2039 3658 3098 3732">
    <p class='ocr_par' dir='ltr' id='par_1_79' title="bbox 2039 3658 3098 3732">
     <span class='ocr_line' id='line_1_79' title="bbox 2039 3658 3098 3732; baseline -0.005 -16"><span class='ocrx_word' id='word_1_561' title='bbox 2039 3661 2277 3732; x_wconf 89' lang='lat' dir='ltr'><strong>pretium</strong></span> <span class='ocrx_word' id='word_1_562' title='bbox 2311 3659 2494 3730; x_wconf 79' lang='lat' dir='ltr'><strong>gaudii</strong></span> <span class='ocrx_word' id='word_1_563' title='bbox 2525 3673 2750 3716; x_wconf 89' lang='lat' dir='ltr'><strong>causam</strong></span> <span class='ocrx_word' id='word_1_564' title='bbox 2785 3658 3098 3714; x_wconf 84' lang='lat' dir='ltr'><strong>ediscamus</strong></span> 
     </span>
    </p>
   </div>
   <div class='ocr_carea' id='block_1_80' title="bbox 2109 3745 3634 3825">
    <p class='ocr_par' dir='ltr' id='par_1_80' title="bbox 2109 3745 3634 3825">
     <span class='ocr_line' id='line_1_80' title="bbox 2109 3745 3634 3825; baseline -0.007 -16"><span class='ocrx_word' id='word_1_565' title='bbox 2109 3755 2269 3825; x_wconf 82' lang='lat' dir='ltr'><strong>Agite</strong></span> <span class='ocrx_word' id='word_1_566' title='bbox 2290 3768 2440 3823; x_wconf 90' lang='lat' dir='ltr'><strong>ergo,</strong></span> <span class='ocrx_word' id='word_1_567' title='bbox 2483 3753 2806 3824; x_wconf 87' lang='lat' dir='ltr'><strong>quicunque</strong></span> <span class='ocrx_word' id='word_1_568' title='bbox 2835 3748 3056 3804; x_wconf 85' lang='lat' dir='ltr'><strong>tandem</strong></span> <span class='ocrx_word' id='word_1_569' title='bbox 3091 3747 3323 3817; x_wconf 76' lang='lat' dir='ltr'><strong>huiusce</strong></span> <span class='ocrx_word' id='word_1_570' title='bbox 3355 3745 3634 3816; x_wconf 81' lang='lat' dir='ltr'><strong>pra-clarae.</strong></span> 
     </span>
    </p>
   </div>
   <div class='ocr_carea' id='block_1_81' title="bbox 2038 3839 3633 3921">
    <p class='ocr_par' dir='ltr' id='par_1_81' title="bbox 2038 3839 3633 3921">
     <span class='ocr_line' id='line_1_81' title="bbox 2038 3839 3633 3921; baseline -0.008 -18"><span class='ocrx_word' id='word_1_571' title='bbox 2038 3849 2208 3921; x_wconf 89' lang='lat' dir='ltr'><strong>prolis</strong></span> <span class='ocrx_word' id='word_1_572' title='bbox 2233 3856 2488 3918; x_wconf 80' lang='lat' dir='ltr'><strong>parentes</strong></span> <span class='ocrx_word' id='word_1_573' title='bbox 2509 3844 2786 3914; x_wconf 84' lang='lat' dir='ltr'><strong>estis,ejus</strong></span> <span class='ocrx_word' id='word_1_574' title='bbox 2811 3856 2912 3898; x_wconf 90' lang='lat' dir='ltr'><strong>nos</strong></span> <span class='ocrx_word' id='word_1_575' title='bbox 2941 3839 3138 3896; x_wconf 64' lang='lat' dir='ltr'><strong>laetitiae</strong></span> <span class='ocrx_word' id='word_1_576' title='bbox 3157 3856 3221 3896; x_wconf 90' lang='lat' dir='ltr'><strong>ac</strong></span> <span class='ocrx_word' id='word_1_577' title='bbox 3245 3839 3480 3903; x_wconf 71' lang='lat' dir='ltr'><strong>chorem,</strong></span> <span class='ocrx_word' id='word_1_578' title='bbox 3511 3851 3633 3906; x_wconf 78' lang='lat' dir='ltr'><strong>qua:</strong></span> 
     </span>
    </p>
   </div>
   <div class='ocr_carea' id='block_1_82' title="bbox 2039 3927 3632 4010">
    <p class='ocr_par' dir='ltr' id='par_1_82' title="bbox 2039 3927 3632 4010">
     <span class='ocr_line' id='line_1_82' title="bbox 2039 3927 3632 4010; baseline -0.01 -14"><span class='ocrx_word' id='word_1_579' title='bbox 2039 3941 2095 3996; x_wconf 89' lang='lat' dir='ltr'><strong>in</strong></span> <span class='ocrx_word' id='word_1_580' title='bbox 2147 3940 2258 3996; x_wconf 80' lang='lat' dir='ltr'><strong>filia</strong></span> <span class='ocrx_word' id='word_1_581' title='bbox 2317 3939 2518 4010; x_wconf 86' lang='lat' dir='ltr'><strong>agitur,</strong></span> <span class='ocrx_word' id='word_1_582' title='bbox 2553 3937 2735 3991; x_wconf 83' lang='lat' dir='ltr'><strong>socios</strong></span> <span class='ocrx_word' id='word_1_583' title='bbox 2782 3933 3064 3988; x_wconf 89' lang='lat' dir='ltr'><strong>adbibere.</strong></span> <span class='ocrx_word' id='word_1_584' title='bbox 3095 3931 3238 3997; x_wconf 88' lang='lat' dir='ltr'><strong>Quid</strong></span> <span class='ocrx_word' id='word_1_585' title='bbox 3285 3944 3416 3985; x_wconf 87' lang='lat' dir='ltr'><strong>vero</strong></span> <span class='ocrx_word' id='word_1_586' title='bbox 3454 3929 3477 3981; x_wconf 87' lang='lat'><strong>?</strong></span> <span class='ocrx_word' id='word_1_587' title='bbox 3524 3927 3632 3981; x_wconf 87' lang='lat' dir='ltr'><strong>Pro</strong></span> 
     </span>
    </p>
   </div>
   <div class='ocr_carea' id='block_1_83' title="bbox 2040 4020 3630 4102">
    <p class='ocr_par' dir='ltr' id='par_1_83' title="bbox 2040 4020 3630 4102">
     <span class='ocr_line' id='line_1_83' title="bbox 2040 4020 3630 4102; baseline -0.01 -12"><span class='ocrx_word' id='word_1_588' title='bbox 2040 4033 2186 4090; x_wconf 77' lang='lat' dir='ltr'><strong>felici</strong></span> <span class='ocrx_word' id='word_1_589' title='bbox 2241 4042 2400 4102; x_wconf 88' lang='lat' dir='ltr'><strong>partu</strong></span> <span class='ocrx_word' id='word_1_590' title='bbox 2435 4028 2644 4099; x_wconf 80' lang='lat' dir='ltr'><strong>gratias</strong></span> <span class='ocrx_word' id='word_1_591' title='bbox 2669 4025 2908 4081; x_wconf 88' lang='lat' dir='ltr'><strong>habituri</strong></span> <span class='ocrx_word' id='word_1_592' title='bbox 2935 4023 3161 4095; x_wconf 82' lang='lat' dir='ltr'><strong>pergitis</strong></span> <span class='ocrx_word' id='word_1_593' title='bbox 3185 4040 3199 4088; x_wconf 89' lang='lat'><strong>;</strong></span> <span class='ocrx_word' id='word_1_594' title='bbox 3223 4035 3342 4091; x_wconf 74' lang='lat' dir='ltr'><strong>qute</strong></span> <span class='ocrx_word' id='word_1_595' title='bbox 3365 4020 3630 4076; x_wconf 88' lang='lat' dir='ltr'><strong>nimirum</strong></span> 
     </span>
    </p>
   </div>
   <div class='ocr_carea' id='block_1_84' title="bbox 2040 4113 3630 4192">
    <p class='ocr_par' dir='ltr' id='par_1_84' title="bbox 2040 4113 3630 4192">
     <span class='ocr_line' id='line_1_84' title="bbox 2040 4113 3630 4192; baseline -0.009 -10"><span class='ocrx_word' id='word_1_596' title='bbox 2040 4141 2160 4182; x_wconf 91' lang='lat' dir='ltr'><strong>mos</strong></span> <span class='ocrx_word' id='word_1_597' title='bbox 2223 4125 2388 4180; x_wconf 86' lang='lat' dir='ltr'><strong>habet</strong></span> <span class='ocrx_word' id='word_1_598' title='bbox 2447 4118 2749 4192; x_wconf 80' lang='lat' dir='ltr'><strong>praestituri</strong></span> <span class='ocrx_word' id='word_1_599' title='bbox 2797 4157 2813 4184; x_wconf 89' lang='lat'><strong>,</strong></span> <span class='ocrx_word' id='word_1_600' title='bbox 2876 4116 3165 4188; x_wconf 87' lang='lat' dir='ltr'><strong>sacrisque</strong></span> <span class='ocrx_word' id='word_1_601' title='bbox 3221 4113 3630 4170; x_wconf 85' lang='lat' dir='ltr'><strong>initiationibus</strong></span> 
     </span>
    </p>
   </div>
   <div class='ocr_carea' id='block_1_85' title="bbox 2041 4206 3630 4290">
    <p class='ocr_par' dir='ltr' id='par_1_85' title="bbox 2041 4206 3630 4290">
     <span class='ocr_line' id='line_1_85' title="bbox 2041 4206 3630 4290; baseline -0.008 -15"><span class='ocrx_word' id='word_1_602' title='bbox 2041 4230 2302 4290; x_wconf 88' lang='lat' dir='ltr'><strong>tanquam</strong></span> <span class='ocrx_word' id='word_1_603' title='bbox 2348 4214 2650 4287; x_wconf 85' lang='lat' dir='ltr'><strong>signaculis</strong></span> <span class='ocrx_word' id='word_1_604' title='bbox 2689 4213 2856 4267; x_wconf 85' lang='lat' dir='ltr'><strong>tiliam</strong></span> <span class='ocrx_word' id='word_1_605' title='bbox 2910 4210 3302 4281; x_wconf 81' lang='lat' dir='ltr'><strong>obsignaturi;</strong></span> <span class='ocrx_word' id='word_1_606' title='bbox 3355 4215 3415 4263; x_wconf 92' lang='lat' dir='ltr'><strong>ut</strong></span> <span class='ocrx_word' id='word_1_607' title='bbox 3467 4206 3630 4278; x_wconf 85' lang='lat' dir='ltr'><strong>cujus</strong></span> 
     </span>
    </p>
   </div>
   <div class='ocr_carea' id='block_1_86' title="bbox 2041 4303 3629 4385">
    <p class='ocr_par' dir='ltr' id='par_1_86' title="bbox 2041 4303 3629 4385">
     <span class='ocr_line' id='line_1_86' title="bbox 2041 4303 3629 4385; baseline -0.009 -15"><span class='ocrx_word' id='word_1_608' title='bbox 2041 4328 2261 4385; x_wconf 78' lang='lat' dir='ltr'><strong>germen</strong></span> <span class='ocrx_word' id='word_1_609' title='bbox 2300 4310 2558 4381; x_wconf 88' lang='lat' dir='ltr'><strong>precibus</strong></span> <span class='ocrx_word' id='word_1_610' title='bbox 2596 4305 2942 4369; x_wconf 83' lang='lat' dir='ltr'><strong>excoluistis,</strong></span> <span class='ocrx_word' id='word_1_611' title='bbox 2975 4319 3096 4360; x_wconf 90' lang='lat' dir='ltr'><strong>eam</strong></span> <span class='ocrx_word' id='word_1_612' title='bbox 3129 4303 3386 4374; x_wconf 84' lang='lat' dir='ltr'><strong>precibus</strong></span> <span class='ocrx_word' id='word_1_613' title='bbox 3418 4316 3629 4373; x_wconf 81' lang='lat' dir='ltr'><strong>augen-</strong></span> 
     </span>
    </p>
   </div>
   <div class='ocr_carea' id='block_1_87' title="bbox 335 4391 1932 4471">
    <p class='ocr_par' dir='ltr' id='par_1_87' title="bbox 335 4391 1932 4467">
     <span class='ocr_line' id='line_1_87' title="bbox 335 4391 1932 4467; baseline 0.003 -16"><span class='ocrx_word' id='word_1_614' title='bbox 335 4401 576 4461; x_wconf 65' lang='grc' dir='ltr'>ἐκείναις</span> <span class='ocrx_word' id='word_1_615' title='bbox 635 4397 1164 4460; x_wconf 82' lang='grc' dir='ltr'>καταπιστεύοντες’</span> <span class='ocrx_word' id='word_1_616' title='bbox 1209 4395 1342 4467; x_wconf 79' lang='grc' dir='ltr'>ἢδι⁹</span> <span class='ocrx_word' id='word_1_617' title='bbox 1379 4391 1454 4451; x_wconf 81' lang='grc' dir='ltr'>ὧν</span> <span class='ocrx_word' id='word_1_618' title='bbox 1508 4398 1662 4452; x_wconf 71' lang='grc' dir='ltr'>αὐτοὶ</span> <span class='ocrx_word' id='word_1_619' title='bbox 1690 4399 1751 4453; x_wconf 86' lang='grc' dir='ltr'>τὸ</span> <span class='ocrx_word' id='word_1_620' title='bbox 1802 4397 1932 4456; x_wconf 72' lang='grc' dir='ltr'>εἶναι</span> 
     </span>
    </p>
   </div>
   <div class='ocr_carea' id='block_1_88' title="bbox 2036 4391 3628 4471">
    <p class='ocr_par' dir='ltr' id='par_1_88' title="bbox 2049 4396 3628 4465">
     <span class='ocr_line' id='line_1_88' title="bbox 2049 4396 3628 4465; baseline -0.008 -6"><span class='ocrx_word' id='word_1_621' title='bbox 2049 4405 2172 4460; x_wconf 88' lang='lat' dir='ltr'><strong>dam</strong></span> <span class='ocrx_word' id='word_1_622' title='bbox 2205 4419 2268 4458; x_wconf 90' lang='lat' dir='ltr'><strong>ac</strong></span> <span class='ocrx_word' id='word_1_623' title='bbox 2294 4399 2787 4458; x_wconf 87' lang='lat' dir='ltr'><strong>consummandam</strong></span> <span class='ocrx_word' id='word_1_624' title='bbox 2806 4396 3050 4453; x_wconf 88' lang='lat' dir='ltr'><strong>credatis</strong></span> <span class='ocrx_word' id='word_1_625' title='bbox 3080 4413 3094 4450; x_wconf 89' lang='lat'><strong>:</strong></span> <span class='ocrx_word' id='word_1_626' title='bbox 3130 4403 3221 4450; x_wconf 89' lang='lat' dir='ltr'><strong>aut</strong></span> <span class='ocrx_word' id='word_1_627' title='bbox 3255 4396 3452 4465; x_wconf 87' lang='lat' dir='ltr'><strong>quibus</strong></span> <span class='ocrx_word' id='word_1_628' title='bbox 3475 4407 3628 4447; x_wconf 86' lang='lat' dir='ltr'><strong>eom-</strong></span> 
     </span>
    </p>
   </div>
   <div class='ocr_carea' id='block_1_89' title="bbox 334 4488 1942 4564">
    <p class='ocr_par' dir='ltr' id='par_1_89' title="bbox 334 4488 1942 4564">
     <span class='ocr_line' id='line_1_89' title="bbox 334 4488 1942 4564; baseline 0.004 -22"><span class='ocrx_word' id='word_1_629' title='bbox 334 4490 576 4560; x_wconf 78' lang='grc' dir='ltr'>πατέρες</span> <span class='ocrx_word' id='word_1_630' title='bbox 597 4489 920 4559; x_wconf 74' lang='grc' dir='ltr'>έκτήσασθε,</span> <span class='ocrx_word' id='word_1_631' title='bbox 955 4489 1045 4541; x_wconf 81' lang='grc' dir='ltr'><strong>τὸν</strong></span> <span class='ocrx_word' id='word_1_632' title='bbox 1067 4488 1336 4542; x_wconf 78' lang='grc' dir='ltr'>δεδωκότα</span> <span class='ocrx_word' id='word_1_633' title='bbox 1372 4489 1447 4553; x_wconf 86' lang='grc' dir='ltr'>ὡς</span> <span class='ocrx_word' id='word_1_634' title='bbox 1479 4489 1701 4544; x_wconf 69' lang='grc' dir='ltr'>δυνατὸν</span> <span class='ocrx_word' id='word_1_635' title='bbox 1739 4493 1942 4564; x_wconf 84' lang='grc' dir='ltr'>ἀμυνό-</span> 
     </span>
    </p>
   </div>
   <div class='ocr_carea' id='block_1_90' title="bbox 337 4579 1942 4653">
    <p class='ocr_par' dir='ltr' id='par_1_90' title="bbox 337 4579 1942 4653">
     <span class='ocr_line' id='line_1_90' title="bbox 337 4579 1942 4653; baseline 0.003 -19"><span class='ocrx_word' id='word_1_636' title='bbox 337 4600 514 4653; x_wconf 85' lang='grc' dir='ltr'>μενοι,</span> <span class='ocrx_word' id='word_1_637' title='bbox 564 4581 643 4651; x_wconf 74' lang='grc' dir='ltr'>τῷ</span> <span class='ocrx_word' id='word_1_638' title='bbox 674 4580 885 4634; x_wconf 80' lang='grc' dir='ltr'>ἐκείνου</span> <span class='ocrx_word' id='word_1_639' title='bbox 917 4580 1052 4651; x_wconf 76' lang='grc' dir='ltr'>οἴκῳ</span> <span class='ocrx_word' id='word_1_640' title='bbox 1094 4579 1205 4634; x_wconf 82' lang='grc' dir='ltr'>τῶν</span> <span class='ocrx_word' id='word_1_641' title='bbox 1248 4583 1381 4647; x_wconf 79' lang='grc' dir='ltr'>παρ’</span> <span class='ocrx_word' id='word_1_642' title='bbox 1435 4582 1566 4651; x_wconf 77' lang='grc' dir='ltr'>ὑμῖν</span> <span class='ocrx_word' id='word_1_643' title='bbox 1613 4583 1816 4652; x_wconf 87' lang='grc' dir='ltr'>τιμίων</span> <span class='ocrx_word' id='word_1_644' title='bbox 1860 4588 1942 4650; x_wconf 87' lang='grc' dir='ltr'>εἰς</span> 
     </span>
    </p>
   </div>
   <div class='ocr_carea' id='block_1_91' title="bbox 335 4674 1933 4751">
    <p class='ocr_par' dir='ltr' id='par_1_91' title="bbox 335 4674 1933 4751">
     <span class='ocr_line' id='line_1_91' title="bbox 335 4674 1933 4751; baseline 0.003 -22"><span class='ocrx_word' id='word_1_645' title='bbox 335 4677 577 4747; x_wconf 69' lang='grc' dir='ltr'>κτῆσινει</span> <span class='ocrx_word' id='word_1_646' title='bbox 607 4675 950 4745; x_wconf 76' lang='grc' dir='ltr'>προσάγετεο</span> <span class='ocrx_word' id='word_1_647' title='bbox 991 4675 1024 4744; x_wconf 85' lang='grc' dir='ltr'>ἢ</span> <span class='ocrx_word' id='word_1_648' title='bbox 1058 4674 1454 4746; x_wconf 71' lang='grc' dir='ltr'>μεγαλοψύχως</span> <span class='ocrx_word' id='word_1_649' title='bbox 1483 4677 1576 4731; x_wconf 83' lang='grc' dir='ltr'><strong>τὸν</strong></span> <span class='ocrx_word' id='word_1_650' title='bbox 1614 4678 1810 4751; x_wconf 73' lang='grc' dir='ltr'>εὐγενῆ</span> <span class='ocrx_word' id='word_1_651' title='bbox 1840 4683 1933 4736; x_wconf 80' lang='grc' dir='ltr'>τό-</span> 
     </span>
    </p>
   </div>
   <div class='ocr_carea' id='block_1_92' title="bbox 335 4765 1936 4841">
    <p class='ocr_par' dir='ltr' id='par_1_92' title="bbox 335 4765 1936 4841">
     <span class='ocr_line' id='line_1_92' title="bbox 335 4765 1936 4841; baseline 0.001 -20"><span class='ocrx_word' id='word_1_652' title='bbox 335 4785 434 4822; x_wconf 77' lang='grc' dir='ltr'><strong>κον</strong></span> <span class='ocrx_word' id='word_1_653' title='bbox 461 4767 778 4836; x_wconf 78' lang='grc' dir='ltr'>ἀφιεροῧτε,</span> <span class='ocrx_word' id='word_1_654' title='bbox 808 4765 928 4818; x_wconf 84' lang='grc' dir='ltr'>ὅλον</span> <span class='ocrx_word' id='word_1_655' title='bbox 949 4767 1102 4836; x_wconf 79' lang='grc' dir='ltr'>ὐμῶν</span> <span class='ocrx_word' id='word_1_656' title='bbox 1133 4767 1212 4839; x_wconf 83' lang='grc' dir='ltr'>τῷ</span> <span class='ocrx_word' id='word_1_657' title='bbox 1243 4768 1555 4840; x_wconf 81' lang='grc' dir='ltr'>καρποδότῃ</span> <span class='ocrx_word' id='word_1_658' title='bbox 1585 4770 1936 4841; x_wconf 72' lang='grc' dir='ltr'>χαριζόμενοι</span> 
     </span>
    </p>
   </div>
   <div class='ocr_carea' id='block_1_93' title="bbox 339 4857 1932 4934">
    <p class='ocr_par' dir='ltr' id='par_1_93' title="bbox 339 4857 1932 4934">
     <span class='ocr_line' id='line_1_93' title="bbox 339 4857 1932 4934; baseline 0.004 -21"><span class='ocrx_word' id='word_1_659' title='bbox 339 4861 396 4913; x_wconf 77' lang='grc' dir='ltr'>τὸ</span> <span class='ocrx_word' id='word_1_660' title='bbox 423 4859 717 4928; x_wconf 81' lang='grc' dir='ltr'>γεώργιον.</span> <span class='ocrx_word' id='word_1_661' title='bbox 774 4857 944 4912; x_wconf 80' lang='grc' dir='ltr'>Τοῦτο</span> <span class='ocrx_word' id='word_1_662' title='bbox 972 4857 1028 4911; x_wconf 88' lang='grc' dir='ltr'>δὲ</span> <span class='ocrx_word' id='word_1_663' title='bbox 1072 4858 1182 4930; x_wconf 84' lang='grc' dir='ltr'><strong>ἄρα</strong></span> <span class='ocrx_word' id='word_1_664' title='bbox 1226 4860 1408 4914; x_wconf 82' lang='grc' dir='ltr'>δίδωσι</span> <span class='ocrx_word' id='word_1_665' title='bbox 1440 4865 1723 4916; x_wconf 86' lang='grc' dir='ltr'>κατανοεῖν</span> <span class='ocrx_word' id='word_1_666' title='bbox 1757 4866 1789 4934; x_wconf 88' lang='grc' dir='ltr'><strong>ή</strong></span> <span class='ocrx_word' id='word_1_667' title='bbox 1824 4865 1932 4920; x_wconf 83' lang='grc' dir='ltr'><strong>τῶν</strong></span> 
     </span>
    </p>
   </div>
   <div class='ocr_carea' id='block_1_94' title="bbox 296 4949 1931 5039">
    <p class='ocr_par' dir='ltr' id='par_1_94' title="bbox 296 4949 1931 5039">
     <span class='ocr_line' id='line_1_94' title="bbox 296 4949 1931 5039; baseline 0.002 -33"><span class='ocrx_word' id='word_1_668' title='bbox 296 4951 624 5039; x_wconf 50' lang='grc' dir='ltr'><strong>3παθόντων</strong></span> <span class='ocrx_word' id='word_1_669' title='bbox 665 4951 1003 5020; x_wconf 83' lang='grc' dir='ltr'>προαίρεσις.</span> <span class='ocrx_word' id='word_1_670' title='bbox 1038 4952 1222 5005; x_wconf 82' lang='grc' dir='ltr'>Ἐοικε</span> <span class='ocrx_word' id='word_1_671' title='bbox 1266 4952 1323 5006; x_wconf 84' lang='grc' dir='ltr'>δὲ</span> <span class='ocrx_word' id='word_1_672' title='bbox 1360 4949 1454 5006; x_wconf 70' lang='grc' dir='ltr'>οὖν</span> <span class='ocrx_word' id='word_1_673' title='bbox 1495 4955 1707 5025; x_wconf 84' lang='grc' dir='ltr'>μεγάλα</span> <span class='ocrx_word' id='word_1_674' title='bbox 1744 4957 1868 5010; x_wconf 73' lang='grc' dir='ltr'>τινὰ</span> <span class='ocrx_word' id='word_1_675' title='bbox 1896 4958 1931 5028; x_wconf 82' lang='grc' dir='ltr'>ἠ</span> 
     </span>
    </p>
   </div>
   <div class='ocr_carea' id='block_1_95' title="bbox 335 5042 1932 5120">
    <p class='ocr_par' dir='ltr' id='par_1_95' title="bbox 335 5042 1932 5120">
     <span class='ocr_line' id='line_1_95' title="bbox 335 5042 1932 5120; baseline 0.004 -24"><span class='ocrx_word' id='word_1_676' title='bbox 335 5042 662 5113; x_wconf 77' lang='grc' dir='ltr'>προαένεξις</span> <span class='ocrx_word' id='word_1_677' title='bbox 705 5043 1224 5112; x_wconf 74' lang='grc' dir='ltr'>πραγματεύεσθαι*</span> <span class='ocrx_word' id='word_1_678' title='bbox 1266 5045 1359 5098; x_wconf 73' lang='grc' dir='ltr'>καὶ</span> <span class='ocrx_word' id='word_1_679' title='bbox 1393 5045 1494 5116; x_wconf 81' lang='grc' dir='ltr'>τὴν</span> <span class='ocrx_word' id='word_1_680' title='bbox 1533 5047 1932 5120; x_wconf 87' lang='grc' dir='ltr'>περιεσομένην</span> 
     </span>
    </p>
   </div>
   <div class='ocr_carea' id='block_1_96' title="bbox 338 5133 1932 5209">
    <p class='ocr_par' dir='ltr' id='par_1_96' title="bbox 338 5133 1932 5209">
     <span class='ocr_line' id='line_1_96' title="bbox 338 5133 1932 5209; baseline 0.005 -21"><span class='ocrx_word' id='word_1_681' title='bbox 338 5137 402 5188; x_wconf 81' lang='grc' dir='ltr'>ἐκ</span> <span class='ocrx_word' id='word_1_682' title='bbox 449 5133 656 5203; x_wconf 77' lang='grc' dir='ltr'>ταύτης</span> <span class='ocrx_word' id='word_1_683' title='bbox 718 5135 1051 5206; x_wconf 78' lang='grc' dir='ltr'>φαιδρότητα</span> <span class='ocrx_word' id='word_1_684' title='bbox 1113 5136 1183 5190; x_wconf 74' lang='grc' dir='ltr'>τὰ</span> <span class='ocrx_word' id='word_1_685' title='bbox 1253 5137 1346 5190; x_wconf 82' lang='grc' dir='ltr'>νῦν</span> <span class='ocrx_word' id='word_1_686' title='bbox 1396 5138 1603 5208; x_wconf 86' lang='grc' dir='ltr'>μηνύει</span> <span class='ocrx_word' id='word_1_687' title='bbox 1648 5140 1932 5209; x_wconf 86' lang='grc' dir='ltr'>γινόμενα.</span> 
     </span>
    </p>
   </div>
   <div class='ocr_carea' id='block_1_97' title="bbox 349 5226 1936 5302">
    <p class='ocr_par' dir='ltr' id='par_1_97' title="bbox 349 5226 1936 5302">
     <span class='ocr_line' id='line_1_97' title="bbox 349 5226 1936 5302; baseline 0.003 -22"><span class='ocrx_word' id='word_1_688' title='bbox 349 5227 513 5280; x_wconf 81' lang='grc' dir='ltr'>Ἀλλά</span> <span class='ocrx_word' id='word_1_689' title='bbox 540 5226 651 5298; x_wconf 81' lang='grc' dir='ltr'>γὰρ</span> <span class='ocrx_word' id='word_1_690' title='bbox 686 5227 944 5297; x_wconf 70' lang='grc' dir='ltr'>Ἰωακεὶμ</span> <span class='ocrx_word' id='word_1_691' title='bbox 974 5228 1067 5282; x_wconf 69' lang='grc' dir='ltr'><strong>καὶ</strong></span> <span class='ocrx_word' id='word_1_692' title='bbox 1099 5227 1288 5293; x_wconf 82' lang='grc' dir='ltr'>Ἀννα,</span> <span class='ocrx_word' id='word_1_693' title='bbox 1332 5229 1435 5283; x_wconf 79' lang='grc' dir='ltr'>ποῦ</span> <span class='ocrx_word' id='word_1_694' title='bbox 1479 5230 1579 5301; x_wconf 82' lang='grc' dir='ltr'><strong>τὴν</strong></span> <span class='ocrx_word' id='word_1_695' title='bbox 1610 5231 1936 5302; x_wconf 85' lang='grc' dir='ltr'>θαυμαστὴν</span> 
     </span>
    </p>
   </div>
   <div class='ocr_carea' id='block_1_98' title="bbox 340 5318 1933 5394">
    <p class='ocr_par' dir='ltr' id='par_1_98' title="bbox 340 5318 1933 5394">
     <span class='ocr_line' id='line_1_98' title="bbox 340 5318 1933 5394; baseline 0.004 -23"><span class='ocrx_word' id='word_1_696' title='bbox 340 5319 638 5388; x_wconf 86' lang='grc' dir='ltr'>εὐκληρίαν</span> <span class='ocrx_word' id='word_1_697' title='bbox 690 5318 854 5389; x_wconf 85' lang='grc' dir='ltr'>μέχρι</span> <span class='ocrx_word' id='word_1_698' title='bbox 901 5320 994 5373; x_wconf 77' lang='grc' dir='ltr'><strong>τοῦ</strong></span> <span class='ocrx_word' id='word_1_699' title='bbox 1049 5319 1146 5373; x_wconf 78' lang='grc' dir='ltr'>νῦν</span> <span class='ocrx_word' id='word_1_700' title='bbox 1187 5321 1630 5392; x_wconf 86' lang='grc' dir='ltr'>κατεκρύπτετε;</span> <span class='ocrx_word' id='word_1_701' title='bbox 1679 5323 1789 5376; x_wconf 80' lang='grc' dir='ltr'>Ποῦ</span> <span class='ocrx_word' id='word_1_702' title='bbox 1833 5324 1933 5394; x_wconf 82' lang='grc' dir='ltr'>τὴν</span> 
     </span>
    </p>
   </div>
   <div class='ocr_carea' id='block_1_99' title="bbox 341 5409 1936 5482">
    <p class='ocr_par' dir='ltr' id='par_1_99' title="bbox 341 5409 1936 5482">
     <span class='ocr_line' id='line_1_99' title="bbox 341 5409 1936 5482; baseline 0.004 -21"><span class='ocrx_word' id='word_1_703' title='bbox 341 5409 489 5463; x_wconf 79' lang='grc' dir='ltr'>θείαν</span> <span class='ocrx_word' id='word_1_704' title='bbox 545 5410 710 5464; x_wconf 82' lang='grc' dir='ltr'>ὠδῖνα</span> <span class='ocrx_word' id='word_1_705' title='bbox 765 5410 1080 5482; x_wconf 78' lang='grc' dir='ltr'>ἐπισχόντες</span> <span class='ocrx_word' id='word_1_706' title='bbox 1127 5411 1476 5481; x_wconf 75' lang='grc' dir='ltr'>ἐλανθάνετες</span> <span class='ocrx_word' id='word_1_707' title='bbox 1533 5414 1655 5478; x_wconf 81' lang='grc' dir='ltr'>Πῶς</span> <span class='ocrx_word' id='word_1_708' title='bbox 1689 5414 1734 5469; x_wconf 91' lang='grc' dir='ltr'>δ’</span> <span class='ocrx_word' id='word_1_709' title='bbox 1761 5415 1936 5478; x_wconf 79' lang='grc' dir='ltr'>οὓτως</span> 
     </span>
    </p>
   </div>
   <div class='ocr_carea' id='block_1_100' title="bbox 339 5502 1935 5578">
    <p class='ocr_par' dir='ltr' id='par_1_100' title="bbox 339 5502 1935 5578">
     <span class='ocr_line' id='line_1_100' title="bbox 339 5502 1935 5578; baseline 0.003 -22"><span class='ocrx_word' id='word_1_710' title='bbox 339 5502 685 5574; x_wconf 75' lang='grc' dir='ltr'>σκυθρωπῶν</span> <span class='ocrx_word' id='word_1_711' title='bbox 722 5505 790 5558; x_wconf 80' lang='grc' dir='ltr'>ὲκ</span> <span class='ocrx_word' id='word_1_712' title='bbox 843 5504 1059 5559; x_wconf 80' lang='grc' dir='ltr'>κόλπων</span> <span class='ocrx_word' id='word_1_713' title='bbox 1102 5506 1136 5576; x_wconf 82' lang='grc' dir='ltr'>ἡ</span> <span class='ocrx_word' id='word_1_714' title='bbox 1176 5505 1454 5578; x_wconf 79' lang='grc' dir='ltr'>ἀμύθητος</span> <span class='ocrx_word' id='word_1_715' title='bbox 1503 5507 1808 5578; x_wconf 85' lang='grc' dir='ltr'>φαιδρότης</span> <span class='ocrx_word' id='word_1_716' title='bbox 1846 5506 1935 5574; x_wconf 71' lang='grc' dir='ltr'><strong>ἐξ-</strong></span> 
     </span>
    </p>
   </div>
   <div class='ocr_carea' id='block_1_101' title="bbox 2042 4485 3628 4565">
    <p class='ocr_par' dir='ltr' id='par_1_101' title="bbox 2042 4485 3628 4565">
     <span class='ocr_line' id='line_1_101' title="bbox 2042 4485 3628 4565; baseline -0.008 -15"><span class='ocrx_word' id='word_1_717' title='bbox 2042 4494 2282 4565; x_wconf 88' lang='lat' dir='ltr'><strong>parastis</strong></span> <span class='ocrx_word' id='word_1_718' title='bbox 2306 4501 2364 4547; x_wconf 92' lang='lat' dir='ltr'><strong>ut</strong></span> <span class='ocrx_word' id='word_1_719' title='bbox 2389 4499 2644 4562; x_wconf 82' lang='lat' dir='ltr'><strong>parentes</strong></span> <span class='ocrx_word' id='word_1_720' title='bbox 2673 4489 2892 4555; x_wconf 88' lang='lat' dir='ltr'><strong>essetis,</strong></span> <span class='ocrx_word' id='word_1_721' title='bbox 2916 4488 2986 4544; x_wconf 82' lang='lat' dir='ltr'><strong>iis</strong></span> <span class='ocrx_word' id='word_1_722' title='bbox 3014 4502 3112 4558; x_wconf 88' lang='lat' dir='ltr'><strong>pro</strong></span> <span class='ocrx_word' id='word_1_723' title='bbox 3139 4487 3282 4541; x_wconf 77' lang='lat' dir='ltr'><strong>virili</strong></span> <span class='ocrx_word' id='word_1_724' title='bbox 3301 4485 3628 4541; x_wconf 81' lang='lat' dir='ltr'><strong>beneficium</strong></span> 
     </span>
    </p>
   </div>
   <div class='ocr_carea' id='block_1_102' title="bbox 2040 4578 3627 4656">
    <p class='ocr_par' dir='ltr' id='par_1_102' title="bbox 2040 4578 3627 4656">
     <span class='ocr_line' id='line_1_102' title="bbox 2040 4578 3627 4656; baseline -0.008 -12"><span class='ocrx_word' id='word_1_725' title='bbox 2040 4587 2242 4653; x_wconf 88' lang='lat' dir='ltr'><strong>datori,</strong></span> <span class='ocrx_word' id='word_1_726' title='bbox 2268 4592 2589 4656; x_wconf 84' lang='lat' dir='ltr'><strong>pensantes,</strong></span> <span class='ocrx_word' id='word_1_727' title='bbox 2620 4585 2740 4653; x_wconf 86' lang='lat' dir='ltr'><strong>ejus</strong></span> <span class='ocrx_word' id='word_1_728' title='bbox 2771 4583 2952 4638; x_wconf 87' lang='lat' dir='ltr'><strong>domui</strong></span> <span class='ocrx_word' id='word_1_729' title='bbox 2986 4581 3224 4652; x_wconf 80' lang='lat' dir='ltr'><strong>pretiosa</strong></span> <span class='ocrx_word' id='word_1_730' title='bbox 3260 4588 3464 4641; x_wconf 82' lang='lat' dir='ltr'><strong>vestra,</strong></span> <span class='ocrx_word' id='word_1_731' title='bbox 3497 4578 3627 4648; x_wconf 89' lang='lat' dir='ltr'><strong>qui-</strong></span> 
     </span>
    </p>
   </div>
   <div class='ocr_carea' id='block_1_103' title="bbox 2038 4669 3628 4742">
    <p class='ocr_par' dir='ltr' id='par_1_103' title="bbox 2038 4669 3628 4742">
     <span class='ocr_line' id='line_1_103' title="bbox 2038 4669 3628 4742; baseline -0.008 -5"><span class='ocrx_word' id='word_1_732' title='bbox 2038 4682 2141 4737; x_wconf 89' lang='lat' dir='ltr'><strong>bus</strong></span> <span class='ocrx_word' id='word_1_733' title='bbox 2182 4679 2503 4736; x_wconf 84' lang='lat' dir='ltr'><strong>cxsolvatur</strong></span> <span class='ocrx_word' id='word_1_734' title='bbox 2557 4676 2828 4741; x_wconf 88' lang='lat' dir='ltr'><strong>debitum,</strong></span> <span class='ocrx_word' id='word_1_735' title='bbox 2887 4673 3142 4730; x_wconf 77' lang='lat' dir='ltr'><strong>offertis:</strong></span> <span class='ocrx_word' id='word_1_736' title='bbox 3205 4673 3289 4728; x_wconf 88' lang='lat' dir='ltr'><strong>vel</strong></span> <span class='ocrx_word' id='word_1_737' title='bbox 3336 4669 3628 4742; x_wconf 80' lang='lat' dir='ltr'><strong>magnifico</strong></span> 
     </span>
    </p>
   </div>
   <div class='ocr_carea' id='block_1_104' title="bbox 2035 4760 3628 4839">
    <p class='ocr_par' dir='ltr' id='par_1_104' title="bbox 2035 4760 3628 4839">
     <span class='ocr_line' id='line_1_104' title="bbox 2035 4760 3628 4839; baseline -0.007 -13"><span class='ocrx_word' id='word_1_738' title='bbox 2035 4777 2261 4839; x_wconf 83' lang='lat' dir='ltr'><strong>pectore</strong></span> <span class='ocrx_word' id='word_1_739' title='bbox 2302 4769 2595 4838; x_wconf 86' lang='lat' dir='ltr'><strong>ingenuam</strong></span> <span class='ocrx_word' id='word_1_740' title='bbox 2627 4765 2962 4821; x_wconf 85' lang='lat' dir='ltr'><strong>consecratis</strong></span> <span class='ocrx_word' id='word_1_741' title='bbox 3008 4764 3240 4833; x_wconf 86' lang='lat' dir='ltr'><strong>prolem,</strong></span> <span class='ocrx_word' id='word_1_742' title='bbox 3277 4769 3447 4816; x_wconf 90' lang='lat' dir='ltr'><strong>totum</strong></span> <span class='ocrx_word' id='word_1_743' title='bbox 3478 4760 3628 4829; x_wconf 91' lang='lat' dir='ltr'><strong>quod</strong></span> 
     </span>
    </p>
   </div>
   <div class='ocr_carea' id='block_1_105' title="bbox 2041 4854 3668 4930">
    <p class='ocr_par' dir='ltr' id='par_1_105' title="bbox 2041 4854 3668 4930">
     <span class='ocr_line' id='line_1_105' title="bbox 2041 4854 3668 4930; baseline -0.006 -13"><span class='ocrx_word' id='word_1_744' title='bbox 2041 4870 2226 4918; x_wconf 89' lang='lat' dir='ltr'><strong>vestro</strong></span> <span class='ocrx_word' id='word_1_745' title='bbox 2249 4874 2383 4930; x_wconf 81' lang='lat' dir='ltr'><strong>agro</strong></span> <span class='ocrx_word' id='word_1_746' title='bbox 2423 4857 2702 4914; x_wconf 87' lang='lat' dir='ltr'><strong>sucerevit</strong></span> <span class='ocrx_word' id='word_1_747' title='bbox 2743 4856 2985 4928; x_wconf 83' lang='lat' dir='ltr'><strong>frugum,</strong></span> <span class='ocrx_word' id='word_1_748' title='bbox 3026 4857 3243 4926; x_wconf 87' lang='lat' dir='ltr'><strong>frugum</strong></span> <span class='ocrx_word' id='word_1_749' title='bbox 3277 4854 3456 4909; x_wconf 89' lang='lat' dir='ltr'><strong>datori</strong></span> <span class='ocrx_word' id='word_1_750' title='bbox 3489 4868 3631 4922; x_wconf 68' lang='grc' dir='ltr'>ιιι-ω·</span> <span class='ocrx_word' id='word_1_751' title='bbox 3663 4884 3668 4890; x_wconf 94' lang='grc'><strong>-</strong></span> 
     </span>
    </p>
   </div>
   <div class='ocr_carea' id='block_1_106' title="bbox 2043 4948 3630 5019">
    <p class='ocr_par' dir='ltr' id='par_1_106' title="bbox 2043 4948 3630 5019">
     <span class='ocr_line' id='line_1_106' title="bbox 2043 4948 3630 5019; baseline -0.004 -9"><span class='ocrx_word' id='word_1_752' title='bbox 2043 4955 2255 5010; x_wconf 89' lang='lat' dir='ltr'><strong>bentes.</strong></span> <span class='ocrx_word' id='word_1_753' title='bbox 2302 4950 2417 5006; x_wconf 91' lang='lat' dir='ltr'><strong>lloe</strong></span> <span class='ocrx_word' id='word_1_754' title='bbox 2448 4951 2732 5006; x_wconf 89' lang='lat' dir='ltr'><strong>enimvero</strong></span> <span class='ocrx_word' id='word_1_755' title='bbox 2776 4948 3189 5019; x_wconf 83' lang='lat' dir='ltr'><strong>intelligendum</strong></span> <span class='ocrx_word' id='word_1_756' title='bbox 3238 4948 3502 5019; x_wconf 80' lang='lat' dir='ltr'><strong>suggerit,</strong></span> <span class='ocrx_word' id='word_1_757' title='bbox 3537 4961 3630 5003; x_wconf 86' lang='lat' dir='ltr'><strong>co-</strong></span> 
     </span>
    </p>
   </div>
   <div class='ocr_carea' id='block_1_107' title="bbox 2044 5040 3629 5116">
    <p class='ocr_par' dir='ltr' id='par_1_107' title="bbox 2044 5040 3629 5116">
     <span class='ocr_line' id='line_1_107' title="bbox 2044 5040 3629 5116; baseline -0.006 -12"><span class='ocrx_word' id='word_1_758' title='bbox 2044 5064 2163 5104; x_wconf 89' lang='lat' dir='ltr'><strong>rum</strong></span> <span class='ocrx_word' id='word_1_759' title='bbox 2187 5047 2442 5101; x_wconf 89' lang='lat' dir='ltr'><strong>voluntas</strong></span> <span class='ocrx_word' id='word_1_760' title='bbox 2467 5045 2558 5116; x_wconf 91' lang='lat' dir='ltr'><strong>qui</strong></span> <span class='ocrx_word' id='word_1_761' title='bbox 2589 5043 2668 5098; x_wconf 86' lang='lat' dir='ltr'><strong>sic</strong></span> <span class='ocrx_word' id='word_1_762' title='bbox 2693 5042 2876 5098; x_wconf 79' lang='lat' dir='ltr'><strong>affecti</strong></span> <span class='ocrx_word' id='word_1_763' title='bbox 2911 5041 3155 5098; x_wconf 83' lang='lat' dir='ltr'><strong>fuerunt.</strong></span> <span class='ocrx_word' id='word_1_764' title='bbox 3186 5041 3358 5096; x_wconf 83' lang='lat' dir='ltr'><strong>Porro</strong></span> <span class='ocrx_word' id='word_1_765' title='bbox 3397 5040 3513 5096; x_wconf 86' lang='lat' dir='ltr'><strong>visa</strong></span> <span class='ocrx_word' id='word_1_766' title='bbox 3545 5049 3629 5095; x_wconf 87' lang='lat' dir='ltr'><strong>est</strong></span> 
     </span>
    </p>
   </div>
   <div class='ocr_carea' id='block_1_108' title="bbox 2042 5130 3619 5212">
    <p class='ocr_par' dir='ltr' id='par_1_108' title="bbox 2042 5130 3619 5212">
     <span class='ocr_line' id='line_1_108' title="bbox 2042 5130 3619 5212; baseline -0.006 -16"><span class='ocrx_word' id='word_1_767' title='bbox 2042 5156 2239 5212; x_wconf 85' lang='lat' dir='ltr'><strong>magna</strong></span> <span class='ocrx_word' id='word_1_768' title='bbox 2289 5140 2538 5209; x_wconf 69' lang='lat' dir='ltr'><strong>qutedam</strong></span> <span class='ocrx_word' id='word_1_769' title='bbox 2601 5135 2870 5206; x_wconf 85' lang='lat' dir='ltr'><strong>negotiari</strong></span> <span class='ocrx_word' id='word_1_770' title='bbox 2929 5149 2993 5190; x_wconf 87' lang='lat' dir='ltr'><strong>ac</strong></span> <span class='ocrx_word' id='word_1_771' title='bbox 3053 5143 3314 5205; x_wconf 68' lang='lat' dir='ltr'><strong>praestare</strong></span> <span class='ocrx_word' id='word_1_772' title='bbox 3371 5130 3619 5198; x_wconf 87' lang='lat' dir='ltr'><strong>oblatio;</strong></span> 
     </span>
    </p>
   </div>
   <div class='ocr_carea' id='block_1_109' title="bbox 2037 5225 3625 5300">
    <p class='ocr_par' dir='ltr' id='par_1_109' title="bbox 2037 5225 3625 5300">
     <span class='ocr_line' id='line_1_109' title="bbox 2037 5225 3625 5300; baseline -0.006 -14"><span class='ocrx_word' id='word_1_773' title='bbox 2037 5232 2392 5300; x_wconf 86' lang='lat' dir='ltr'><strong>futuramque</strong></span> <span class='ocrx_word' id='word_1_774' title='bbox 2438 5243 2504 5280; x_wconf 76' lang='lat' dir='ltr'><strong>ex</strong></span> <span class='ocrx_word' id='word_1_775' title='bbox 2557 5227 2648 5280; x_wconf 93' lang='lat' dir='ltr'><strong>illa</strong></span> <span class='ocrx_word' id='word_1_776' title='bbox 2702 5225 2970 5292; x_wconf 62' lang='lat' dir='ltr'><strong>laetitiam,</strong></span> <span class='ocrx_word' id='word_1_777' title='bbox 3003 5239 3127 5295; x_wconf 65' lang='lat' dir='ltr'><strong>quae</strong></span> <span class='ocrx_word' id='word_1_778' title='bbox 3157 5239 3303 5278; x_wconf 90' lang='lat' dir='ltr'><strong>nunc</strong></span> <span class='ocrx_word' id='word_1_779' title='bbox 3334 5229 3625 5292; x_wconf 77' lang='lat' dir='ltr'><strong>geruntur,</strong></span> 
     </span>
    </p>
   </div>
   <div class='ocr_carea' id='block_1_110' title="bbox 2037 5314 3623 5394">
    <p class='ocr_par' dir='ltr' id='par_1_110' title="bbox 2037 5314 3623 5394">
     <span class='ocr_line' id='line_1_110' title="bbox 2037 5314 3623 5394; baseline -0.006 -15"><span class='ocrx_word' id='word_1_780' title='bbox 2037 5322 2370 5394; x_wconf 77' lang='lat' dir='ltr'><strong>significant.</strong></span> <span class='ocrx_word' id='word_1_781' title='bbox 2395 5318 2597 5374; x_wconf 79' lang='lat' dir='ltr'><strong>Verum</strong></span> <span class='ocrx_word' id='word_1_782' title='bbox 2637 5334 2732 5373; x_wconf 87' lang='lat' dir='ltr'><strong>vos</strong></span> <span class='ocrx_word' id='word_1_783' title='bbox 2761 5316 3008 5372; x_wconf 79' lang='lat' dir='ltr'><strong>Joaehim</strong></span> <span class='ocrx_word' id='word_1_784' title='bbox 3056 5325 3110 5371; x_wconf 89' lang='lat' dir='ltr'><strong>et</strong></span> <span class='ocrx_word' id='word_1_785' title='bbox 3148 5315 3326 5376; x_wconf 80' lang='lat' dir='ltr'><strong>Anna,</strong></span> <span class='ocrx_word' id='word_1_786' title='bbox 3363 5314 3453 5369; x_wconf 92' lang='lat' dir='ltr'><strong>ubi</strong></span> <span class='ocrx_word' id='word_1_787' title='bbox 3487 5314 3623 5370; x_wconf 88' lang='lat' dir='ltr'><strong>bac-</strong></span> 
     </span>
    </p>
   </div>
   <div class='ocr_carea' id='block_1_111' title="bbox 2037 5403 3622 5470">
    <p class='ocr_par' dir='ltr' id='par_1_111' title="bbox 2037 5403 3622 5470">
     <span class='ocr_line' id='line_1_111' title="bbox 2037 5403 3622 5470; baseline -0.005 0"><span class='ocrx_word' id='word_1_788' title='bbox 2037 5425 2201 5470; x_wconf 82' lang='lat' dir='ltr'><strong>tenus</strong></span> <span class='ocrx_word' id='word_1_789' title='bbox 2269 5412 2575 5467; x_wconf 84' lang='lat' dir='ltr'><strong>mirabilem</strong></span> <span class='ocrx_word' id='word_1_790' title='bbox 2647 5410 2958 5466; x_wconf 84' lang='lat' dir='ltr'><strong>felicitatem</strong></span> <span class='ocrx_word' id='word_1_791' title='bbox 3022 5406 3394 5464; x_wconf 87' lang='lat' dir='ltr'><strong>abscondistis</strong></span> <span class='ocrx_word' id='word_1_792' title='bbox 3442 5407 3466 5461; x_wconf 86' lang='lat'><strong>?</strong></span> <span class='ocrx_word' id='word_1_793' title='bbox 3518 5403 3622 5462; x_wconf 88' lang='lat' dir='ltr'><strong>Ubi</strong></span> 
     </span>
    </p>
   </div>
   <div class='ocr_carea' id='block_1_112' title="bbox 2037 5498 3621 5574">
    <p class='ocr_par' dir='ltr' id='par_1_112' title="bbox 2037 5498 3621 5574">
     <span class='ocr_line' id='line_1_112' title="bbox 2037 5498 3621 5574; baseline -0.005 -14"><span class='ocrx_word' id='word_1_794' title='bbox 2037 5505 2283 5560; x_wconf 87' lang='lat' dir='ltr'><strong>divinum</strong></span> <span class='ocrx_word' id='word_1_795' title='bbox 2309 5503 2654 5560; x_wconf 81' lang='lat' dir='ltr'><strong>continentes</strong></span> <span class='ocrx_word' id='word_1_796' title='bbox 2693 5509 2908 5574; x_wconf 83' lang='lat' dir='ltr'><strong>partum</strong></span> <span class='ocrx_word' id='word_1_797' title='bbox 2939 5498 3236 5557; x_wconf 85' lang='lat' dir='ltr'><strong>delituistis</strong></span> <span class='ocrx_word' id='word_1_798' title='bbox 3259 5498 3414 5567; x_wconf 78' lang='lat' dir='ltr'><strong>?Qua</strong></span> <span class='ocrx_word' id='word_1_799' title='bbox 3441 5510 3621 5556; x_wconf 80' lang='lat' dir='ltr'><strong>autem</strong></span> 
     </span>
    </p>
   </div>
   <div class='ocr_carea' id='block_1_113' title="bbox 1661 5678 2344 5739">
    <p class='ocr_par' dir='ltr' id='par_1_113' title="bbox 1661 5678 2344 5739">
     <span class='ocr_line' id='line_1_113' title="bbox 1661 5678 2344 5739; baseline -0.007 0"><span class='ocrx_word' id='word_1_800' title='bbox 1661 5680 1894 5739; x_wconf 69' lang='lat' dir='ltr'><strong>VARIAS</strong></span> <span class='ocrx_word' id='word_1_801' title='bbox 1928 5678 2344 5739; x_wconf 76' lang='lat' dir='ltr'><strong>LECTIONES.</strong></span> 
     </span>
    </p>
   </div>
   <div class='ocr_carea' id='block_1_114' title="bbox 406 5767 856 5851">
    <p class='ocr_par' dir='ltr' id='par_1_114' title="bbox 406 5767 856 5851">
     <span class='ocr_line' id='line_1_114' title="bbox 406 5767 856 5851; baseline 0.004 -25"><span class='ocrx_word' id='word_1_802' title='bbox 406 5767 593 5851; x_wconf 51' lang='grc' dir='ltr'>φίλιε.</span> <span class='ocrx_word' id='word_1_803' title='bbox 622 5769 856 5828; x_wconf 77' lang='grc' dir='ltr'>ἔκτισιν.</span> 
     </span>
    </p>
   </div>
  </div>
