4104 6442
296 334 356 399 ῙἿ
1071 340 1351 403 ORATIO
1395 344 1479 405 II.
1504 369 1572 380 —
1598 344 1681 405 1N
1716 344 1783 404 B.
1822 346 2088 409 MARI/E
2127 349 2859 416 PR/ESENTATIONEM.
3546 362 3613 428 18

303 444 539 516 θρώπων
572 444 764 516 φύσις,
798 444 868 499 ἶν’
898 444 1127 517 ἔχοιμεν
1145 447 1264 517 Θεῷ
1292 450 1609 520 βουληθέντι
1641 450 1828 505 λαϐεῖν
1852 451 1912 517 ἐξ

2026 460 2163 511 laute
2210 459 2389 527 excipi
2451 459 2762 525 videantur,
2813 461 3177 532 habeantque,
3237 480 3378 536 quos
3425 482 3612 526 amore

304 541 480 611 ἡμῶν,
513 540 590 612 μὴ
620 540 847 611 ἀπόρως
884 544 1029 611 πρὸς
1056 541 1288 612 δωρεάν.

307 636 547 708 propriis
587 635 868 691 dederint.
914 635 1200 706 Ejusmodi
1266 637 1474 708 aliquid
1541 638 1773 693 molitur
1844 638 2122 707 benignus
2183 640 2275 696 ille
2335 657 2401 697 ac
2453 644 2722 711 clemens,

2020 559 2454 616 prosequuntur,
2493 565 2603 618 quo
2633 551 2962 621 glorientur,
2998 563 3260 624 tanquam
3302 557 3508 628 aliquid
3544 576 3612 615 ex

2802 646 3132 716 videturque
3181 649 3417 715 puellam
3477 649 3613 707 dare

308 729 557 785 Joachim
590 744 656 784 ac
698 730 917 796 Annae;
966 738 1023 785 at
1051 732 1252 802 accipit
1287 747 1459 803 genus
1491 732 1671 802 ipsum
1709 732 2039 795 humanum,
2069 742 2129 787 ut
2195 749 2304 790 non
2332 736 2498 802 desit,
2534 737 2680 807 quod
2746 737 2859 793 Deo
2908 738 3116 795 volenti
3165 754 3197 794 a
3244 740 3407 797 nobis
3468 745 3614 799 acci-
3671 738 3682 745 ’

310 839 463 894 pere,
505 823 703 877 demus
731 838 962 879 munus.

399 915 541 970 ‘AD.’
574 914 621 969 ὣ
648 915 747 986 τὴν
782 916 1047 971 πλουσίαν
1075 916 1282 987 ταύτην
1310 917 1522 989 δωρεὰν
1550 917 1917 990 διαπορθμεύ-

314 1026 511 1072 σαντες
558 1007 697 1079 πρὸς
734 1010 909 1077 ἡμᾶς,
955 1010 1005 1062 οἱ
1041 1008 1120 1080 τῷ
1170 1007 1403 1079 πρώτως
1457 1011 1552 1063 καὶ
1594 1011 1780 1074 λαϐεῖν
1819 1009 1917 1063 καὶ

312 1098 501 1153 δοῦναι
525 1099 744 1153 πάντων
761 1098 1135 1169 εὐπορώτεροι
1155 1098 1516 1170 γεγενημένοι
1534 1103 1546 1153 l
1570 1100 1633 1151 Ὢ
1652 1099 1916 1169 ταμιείων

315 1190 517 1244 ὀλϐίων
565 1190 627 1255 ἐξ
676 1185 754 1244 ὧν
798 1190 1204 1262 προελήλυθενί
1239 1194 1306 1245 Ὢ
1353 1194 1643 1265 μακαρίων
1670 1192 1911 1247 ὼδίνωνί

317 1285 385 1336 Ὠ
412 1283 630 1353 λοχείας
660 1284 941 1355 ἁῲιτόκου,
978 1286 1161 1338 πᾶσαν
1200 1283 1675 1355 ἀποκρυψαμένης
1716 1286 1914 1338 εὐπαι-

314 1379 472 1432 δίανῑ
529 1379 594 1431 Ὤ
642 1379 852 1444 παιδὸς,
908 1380 943 1450 ὴ
992 1378 1093 1449 τὴν
1144 1377 1360 1450 μητέρα
1402 1378 1505 1448 τῆς
1557 1377 1915 1448 πολυχρονίου

316 1469 543 1539 egena;
592 1470 891 1535 ἀπολύσει,
944 1472 1041 1525 καὶ
1092 1470 1187 1524 τοῦ
1227 1470 1434 1539 γονέως
1479 1471 1580 1541 τὴν
1635 1470 1917 1541 γύμνωσιν

317 1561 663 1633 περιστελεῐ,
715 1564 774 1615 ὲν
805 1562 887 1634 τῷ
910 1561 1178 1626 δανείζειν
1204 1564 1304 1634 τῆς
1350 1564 1552 1634 σαρκὸς
1584 1566 1678 1616 τὸν
1708 1562 1918 1633 χιτῶνα

316 1656 400 1724 τῷ
433 1656 794 1724 πλαστουργῷ
814 1672 827 1687 ⁸
879 1649 949 1725 ἦς
978 1658 1037 1708 ὲν
1067 1655 1143 1726 τῷ
1172 1656 1475 1727 λαμϐάνειν
1509 1656 1672 1725 πῆξιν
1706 1654 1783 1727 τῷ
1812 1656 1918 1725 νέῳ

332 1747 505 1817 Ἀδὰμ
525 1746 553 1799 ὁ
578 1747 829 1810 παλαιὸς,
857 1748 921 1800 τὸ
948 1749 1015 1800 ἐκ
1040 1751 1142 1819 τῆς
1170 1750 1409 1820 πλευρᾶς
1432 1748 1697 1803 ἀπολάϐοι
1720 1748 1878 1819 χρέος
1899 1749 1912 1803 ί

321 1838 390 1890 Ὃ
431 1838 622 1909 κόρης,
672 1834 741 1911 ἧς
785 1841 837 1921 ὁ.
867 1840 1125 1911 ὑπεράνω
1167 1840 1280 1894 τῶν
1328 1841 1575 1911 οὐρανῶν
1618 1841 1915 1910 ὀφθήσεται

318 1931 597 1999 ἐραστήςὶ
660 1932 721 1984 Ὢ
765 1932 832 1984 δι’
876 1928 945 2003 ἧς
981 1932 1236 2003 δμιλήσει
1266 1934 1398 1997 Θεὸς
1427 1933 1588 1999 φύσει
1619 1937 1683 2005 τῇ
1718 1933 1911 2004 χοῖκῇί

317 2022 386 2074 Ὦ
414 2022 484 2075 δι’
516 2017 583 2093 ἧς
609 2025 746 2093 ἡμῖν
774 2024 1264 2096 περιποιηθήσεται
1291 2025 1351 2078 τὸ
1378 2026 1618 2096 ἀξίωμα,
1650 2026 1787 2095 ὅπερ
1815 2025 1929 2078 οὐκ

316 2114 378 2166 ἐν
436 2114 618 2184 καιρῷ
665 2116 967 2185 λαμϐάνειν
1011 2115 1393 2186 βουληθέντες,
1448 2117 1558 2170 τῶν
1603 2117 1916 2188 προσόντων

315 2206 747 2276 έζημιώθημενῑ
795 2208 938 2260 Ἀλλ’
968 2209 1211 2279 ἐπίωμεν
1239 2210 1318 2280 τῷ
1353 2210 1569 2281 παλαιῷ
1602 2212 1695 2264 καὶ
1724 2210 1916 2280 ἀψύχῳ

315 2298 454 2368 ναῷ,
488 2299 581 2352 τόν
610 2300 729 2352 νέον
766 2300 861 2353 καὶ
889 2298 1134 2371 ἔμψυχον
1179 2300 1609 2369 καθιερὼσοντες
1642 2301 1720 2372 τῷ
1754 2302 1912 2372 ἱερῷ·

316 2393 730 2458 κατοικίζοντες
753 2394 945 2464 χωρίῳ
968 2394 1029 2447 τὸ
1054 2395 1273 2467 χωρίον,
1304 2397 1362 2448 ὲν
1393 2389 1438 2463 ᾧ
1465 2397 1784 2466 κατοικήσει
1806 2396 1916 2450 πᾶν

313 2485 379 2537 τὸ
413 2484 689 2555 πλήρωμα
722 2485 821 2554 τῆς
855 2485 1107 2556 θεότητος
1128 2502 1143 2517 ⁵
1195 2486 1273 2558 τῷ
1309 2486 1451 2557 ἁγίῳ
1508 2486 1823 2557 σκηνώματι
1856 2487 1917 2540 τὸ

318 2576 591 2646 σκήνωμα
630 2577 735 2645 τῆς
778 2577 937 2646 δόξης
989 2577 1383 2641 συνάπτοντες·
1436 2580 1528 2633 τὸν
1580 2579 1768 2650 θρόνον
1818 2578 1915 2633 τοῦ

320 2667 592 2739 βασιλέως
646 2672 759 2734 τοῖς
792 2670 1121 2741 ἀνακτόροις
1151 2670 1522 2735 ὰποτιθέντες.
1556 2673 1917 2741 Συναπίωμεν

319 2761 443 2821 ταῖς
479 2761 794 2830 παρθένοις,
832 2762 933 2831 τὴν
974 2762 1338 2830 ἀειπάρθενον
1372 2763 1510 2835 πρὸς
1542 2762 1642 2835 τὴν
1669 2764 1917 2818 παστάδα

319 2851 699 2920 πεμπούσαις.
727 2854 805 2923 Τῇ
835 2856 987 2925 κοινῇ
1011 2854 1105 2907 τοῦ
1127 2855 1318 2922 γένους
1349 2858 1507 2926 τιμῇ,
1540 2855 1693 2925 κοινῆ
1727 2854 1919 2925 συστή-

320 2960 509 3011 σωμεν
533 2945 634 3014 τὴν
667 2946 834 3015 τιμήν
857 2962 871 2976 ·
920 2948 988 3017 τῇ
1025 2949 1180 3015 κοινῇ
1213 2947 1309 3000 τοῦ
1364 2948 1556 3014 γένους
1599 2946 1915 3016 ἀγαλλιάσει

318 3031 476 3137 κοινῆ
504 3031 607 3099 τὴν
631 3033 853 3135 χορείαν
880 3033 1202 3104 κροτῶμεν·
1238 3034 1395 3106 κοινῆ
1424 3034 1522 3105 τῆς
1547 3038 1579 3107 ἡ
1590 3035 1708 3107 μῶν
1739 3053 1916 3108 σωτη-
1941 3078 1987 3137 c

322 3121 448 3193 ρίας
478 3123 909 3194 προσκιρτῶμεν
938 3124 1037 3195 τῆς
1066 3125 1325 3183 κιϐωτοῦ.

397 3401 536 3469 Ἀγε
555 3399 619 3471 δή
646 3417 759 3470 μοι,
779 3400 963 3467 Δαϐὶδ,
993 3400 1102 3455 τῶν
1133 3401 1241 3455 σῶν
1274 3401 1667 3473 σκιρτημάτων
1697 3405 1921 3473 χρῆσον.

318 3494 396 3546 Σὺ
419 3493 529 3565 γὰρ
552 3492 619 3546 ἂν
651 3492 872 3562 ἄριστος
898 3493 1016 3564 εἴης
1041 3495 1384 3565 χοραστάτης
1405 3510 1419 3525 ⁶
1456 3495 1692 3563 μάλιστα
1722 3496 1820 3564 μὲν
1845 3495 1925 3564 τῷ

318 3586 382 3651 ἐξ
411 3585 648 3655 αἵματος
675 3581 816 3639 εἶναι
844 3584 942 3656 τὴν
969 3585 1292 3656 τιμωμένην
1317 3603 1331 3617 ο
1386 3586 1555 3639 πάλαι
1594 3586 1638 3639 δ’
1687 3585 1781 3639 οὖν
1820 3587 1924 3640 κάν

320 3678 404 3747 τῷ
432 3678 592 3749 τύπῳ
618 3677 688 3732 τὰ
719 3679 1073 3749 σκιρτήματα
1110 3678 1436 3749 μελετήσας,
1469 3680 1565 3731 καὶ
1591 3680 1841 3750 προᾲσας
1863 3679 1925 3732 τὸ

320 3767 503 3841 ᾆσμα,
557 3770 587 3823 δ
634 3773 717 3835 είς
762 3772 832 3825 τὰ
884 3771 1130 3840 παρόντα
1183 3772 1513 3826 συνετίθετο.
1564 3772 1679 3825 Νῦν
1713 3771 1819 3841 γὰρ
1858 3773 1925 3843 ἢν

318 3861 568 3926 ὀξυωπεί
611 3860 853 3922 διανοίας
904 3861 1113 3931 ὄμματι
1166 3859 1447 3929 θυγατέρα
1482 3860 1840 3930 προέϐλεπες,

317 3955 419 4007 καὶ
440 3953 720 4023 πατρικὴν
743 3952 943 4015 ἐδίδους
969 3953 1276 4023 εἰσήγησιν,
1299 3951 1449 4004 οίκου
1473 3950 1729 4020 πατρῴου
1753 3950 1923 4021 λήθην

318 4045 535 4109 λαϐεῖν,
572 4046 637 4097 ἐκ
666 4044 765 4114 τῆς
794 4044 893 4113 σῆς
928 4044 1129 4112 ὀσφύος
1159 4042 1482 4113 ἐφανερώθη
1521 4044 1674 4113 ἡμῖν.
1716 4041 1833 4095 Νῦν
1860 4042 1925 4113 δὴ

316 4138 415 4190 τὸν
455 4138 772 4206 κροσσωτὸν
819 4134 1026 4205 χιτῶνα
1076 4134 1461 4204 στολισαμένη,
1514 4135 1594 4196 είς
1628 4134 1925 4205 ἐπιθυμίαν

318 4227 420 4283 τοῦ
450 4227 686 4289 κάλλους
718 4227 810 4280 τὸν
844 4227 1072 4297 βασιλέα
1100 4228 1195 4281 καὶ
1226 4229 1464 4299 Χριστὸν
1504 4227 1774 4281 εἵλκυσεν.
1824 4230 1925 4282 Διὰ

320 4320 486 4374 τοῦτο
534 4313 625 4372 οἷα
674 4319 919 4372 Βασιλίδι
954 4319 1226 4386 νεάνιδες,
1274 4320 1383 4391 πρὸ
1420 4320 1716 4391 προσώπου
1756 4321 1925 4391 αὐτῆς

324 4412 752 4484 θεραπευτικῶς
780 4412 1211 4466 λιτανεύσουσιν.
1261 4411 1431 4483 Δεῦρο
1464 4413 1527 4482 δὴ
1560 4413 1683 4466 ὅποι
1714 4414 1833 4466 ποτ’
1861 4412 1927 4466 ἂν
1954 4438 2007 4497 D

320 4499 415 4577 ᾗς,
447 4503 590 4572 πρὸς
620 4504 692 4557 τὰ
718 4502 813 4557 νῦν
844 4503 1156 4575 παραγενοῦ
1188 4501 1514 4573 τελούμενα.
1550 4504 1662 4574 Τῆς
1696 4503 1795 4574 σῆς
1817 4504 1927 4576 γὰρ

322 4596 598 4649 εὐτάκτου
617 4594 838 4667 χορείας
861 4598 994 4667 ἡμῖν
1019 4596 1121 4663 δεῖ,
1146 4596 1242 4649 καὶ
1266 4595 1362 4649 τοῦ
1393 4598 1769 4669 σκιρτήματος
1788 4614 1801 4627 °
1832 4599 1928 4652 καὶ

322 4687 360 4742 ἃ.
392 4686 690 4759 προλαϐὼν
730 4689 951 4759 ὲπῇδες,
992 4688 1170 4743 ταῦτα
1203 4690 1300 4742 καὶ¹
1342 4689 1438 4743 νῦν
1470 4689 1613 4762 ᾄδων
1647 4691 1713 4744 τὰ
1740 4691 1928 4745 εἰκότα

322 4780 748 4852 λειτούργησον.
793 4781 958 4852 Ὁρᾷς
983 4782 1095 4852 γὰρ
1129 4780 1228 4851 τὴν
1256 4780 1355 4851 σὴν
1382 4781 1660 4852 θυγατέρα
1689 4782 1929 4835 λιτανευ-

325 4872 537 4943 ομένην
561 4875 618 4924 ὲν
649 4873 986 4943 πράγμασιν,
1081 4874 1240 4945 μόνος
1280 4875 1339 4927 ὲν
1369 4873 1573 4947 θεωρίᾳ
1602 4875 1929 4939 ὲλιτάνευες.

334 4964 515 5035 Ὁρᾷς
564 4964 665 5033 τὴν
695 4964 754 5030 ἐξ
784 4964 988 5033 ὀσφύος
1019 4982 1111 5019 σου
1145 4964 1378 5019 κιϐωτὸν
1419 4966 1516 5019 τοῦ
1563 4967 1930 5036 ἁγιάσματος,

328 5057 413 5118 εἰς
441 5054 634 5125 κοινὴν
658 5055 1028 5127 ἀνισταμένην
1056 5056 1167 5110 τῶν
1189 5058 1579 5127 πεπονηκότων
1602 5059 1929 5115 ἀνάπαυσιν.

339 5148 509 5219 Ὁρᾷς
540 5147 599 5199 τὸ
626 5145 915 5217 ἱερώτατον
951 5148 1379 5220 καθιερούμενον
1412 5150 1742 5221 ἱλαστήριον.
1775 5150 1934 5217 Λέγω

334 5238 440 5309 μέν
467 5254 483 5268 ’
543 5237 751 5309 μᾶλλον
791 5239 871 5305 δὲ,
924 5239 1052 5309 λέγε
1082 5240 1279 5306 αὐτός·
1333 5240 1798 5314 παραχωροῦμεν,
1834 5242 1935 5312 οὐχ

410 5369 455 5401 ³⁷
488 5369 641 5425 Psal.
674 5385 825 5437 Iuv,
856 5370 949 5426 ll.

2088 913 2181 979 At,
2223 929 2257 969 ο
2289 917 2420 979 ves,
2470 913 2567 985 qui
2596 929 2803 969 munus
2855 914 2962 970 hoc
3010 914 3506 986 locupletissimum
3543 920 3611 974 ad

2015 1020 2117 1062 nos
2146 1005 2473 1071 devexistis,
2514 1007 2606 1076 qui
2642 1016 2698 1062 et
2732 1022 2795 1061 ea
2820 1008 3022 1078 gratia,
3051 1021 3218 1077 quam
3259 1009 3421 1079 primi
3455 1026 3615 1069 acce-

2015 1099 2178 1168 pistis
2256 1098 2638 1170 dedistisque,
2694 1102 2972 1156 universis
3028 1102 3423 1173 locupletiores
3475 1103 3612 1159 facti

2014 1190 2190 1245 estis!
2237 1188 2281 1244 Ο
2320 1190 2541 1245 beatum
2593 1192 2874 1257 aerarium,
2920 1208 2985 1247 ex
3028 1208 3140 1263 quo
3184 1194 3318 1250 illud
3354 1196 3559 1265 prodiit
3594 1199 3608 1251 ι

2017 1278 2063 1334 Ο
2116 1281 2334 1335 beatum
2397 1284 2662 1351 partum!
2721 1282 2765 1337 Ο
2811 1282 3025 1338 tardam
3085 1284 3232 1340 fetus
3290 1286 3610 1354 editionem,

2019 1370 2336 1425 universam
2366 1370 2559 1440 amplae
2590 1370 2885 1440 probataque
2917 1370 3127 1425 sobolis
3156 1372 3391 1443 gloriam
3421 1375 3614 1430 obscu-

2018 1470 2232 1518 rantem
2266 1464 2280 1517 ἓ
2318 1462 2363 1518 0
2399 1462 2662 1533 puellam,
2692 1478 2817 1533 quae
2850 1470 3083 1519 matrem
3116 1466 3285 1520 veteri
3316 1465 3408 1520 illo
3428 1467 3615 1523 debito

2022 1556 2297 1619 absolvet,
2363 1545 2722 1625 parentisque
2778 1556 2999 1625 obteget
3071 1556 3378 1612 nuditatem
3432 1575 3451 1626 ;
3505 1575 3612 1630 qua

2022 1649 2199 1704 lictori
2232 1650 2429 1730 carnis
2466 1649 2711 1703 tunicam
2756 1647 3180 1703 commodatura
3208 1658 3295 1705 est
3333 1667 3348 1716 ;
3395 1666 3458 1705 ex
3508 1667 3616 1722 qua

1952 1724 1995 1780 Β
2023 1741 2153 1796 dum
2185 1725 2362 1796 novus
2395 1740 2570 1795 Adam
2598 1748 2948 1810 compactum
2986 1742 3224 1813 accipiet
3258 1757 3482 1812 corpus,
3514 1759 3616 1802 an.-

2024 1832 2211 1902 tiquus
2263 1832 2354 1886 ille
2431 1842 2598 1887 costae
2652 1831 2895 1887 debitum
2951 1833 3205 1902 recipiet.
3263 1831 3308 1889 Ο
3353 1834 3615 1902 puellam,

2024 1924 2184 1993 cujus
2227 1924 2297 1987 is,
2322 1924 2414 1993 qui
2448 1931 2533 1978 est
2569 1937 2737 1993 supra
2766 1924 2962 1989 caelos,
3008 1938 3068 1979 se
3095 1933 3396 1978 amatorem
3424 1934 3616 1979 osten-

2022 2016 2156 2070 det!
2190 2012 2235 2067 0
2272 2029 2368 2084 per
2407 2029 2571 2083 quam
2605 2013 2772 2079 Deus,
2809 2029 2935 2068 cum
2970 2024 3167 2069 natura
3212 2016 3442 2085 pulvere
3482 2031 3617 2070 cou-

2023 2114 2226 2171 stante,
2262 2105 2723 2161 consuetudinem
2754 2105 3049 2162 habiturus
3078 2108 3203 2162 estl
3237 2106 3282 2160 Ο
3317 2122 3414 2176 per
3450 2122 3615 2176 quam

2023 2199 2183 2254 nobis
2208 2213 2499 2253 accessura
2535 2206 2621 2253 est
2651 2197 2917 2269 dignitas,
2946 2214 3110 2269 quam
3142 2213 3267 2253 cum
3302 2199 3617 2269 importune

2024 2303 2425 2364 captassemus,
2481 2308 2674 2348 eorum
2726 2309 2849 2364 qua:
2904 2295 3291 2364 suppetebant,
3339 2294 3615 2363 jacturam

2024 2386 2257 2441 fecimus
2305 2387 2316 2431 l
2369 2384 2571 2441 Eamus
2599 2401 2754 2451 vero,
2791 2386 2961 2440 veteri
3012 2401 3077 2439 ac
3121 2384 3356 2439 inanimi
3390 2385 3616 2454 templo,

2024 2479 2288 2549 templum
2331 2493 2534 2533 novum
2573 2493 2638 2534 ac
2685 2479 2991 2533 animatum
3036 2477 3347 2533 dedicaturi
3392 2495 3408 2543 ;
3459 2492 3618 2531 sacro

2023 2573 2168 2639 loco,
2240 2575 2421 2628 locum
2484 2571 2881 2637 iuducturi,.in
2940 2585 3051 2641 quo
3113 2570 3186 2624 sit
3245 2568 3618 2623 inhabitatura

2025 2663 2316 2733 plenitudo
2345 2672 2458 2717 tota
2491 2660 2797 2716 divinitatis
2832 2677 2846 2726 ;
2893 2674 3054 2714 sacro
3082 2656 3441 2711 tabernaculo
3499 2655 3608 2726 glo-

2026 2755 2121 2809 riae
2177 2754 2597 2813 tabernaculum
2652 2750 2967 2820 adjuncturi
3010 2766 3023 2803 :
3072 2748 3240 2818 Regis
3305 2747 3508 2803 solium
3562 2746 3618 2799 in

2023 2848 2288 2922 palatium
2318 2846 2548 2901 illaturi.
2594 2844 2709 2899 Una
2751 2842 3014 2899 sociabus
3052 2840 3387 2910 virginibus,
3422 2852 3617 2909 perpe-

2023 2946 2177 2996 tuam
2228 2941 2281 2995 in
2314 2939 2618 2993 thalamum
2667 2935 3073 2992 deducentibus
3119 2931 3425 3004 Virginem,
3459 2931 3624 2985 abea-

2024 3051 2170 3092 mus.
2219 3031 2509 3089 Communi
2562 3029 2782 3100 generis
2828 3027 3052 3090 honori,
3105 3024 3386 3080 eommuni
3433 3021 3621 3079 studio

2028 3130 2299 3184 honorem
2354 3123 2715 3177 adhibeamus
2756 3137 2772 3186 ;
2809 3117 3088 3175 communi
3139 3116 3355 3187 generis
3385 3113 3629 3168 exsulta-

2032 3220 2189 3284 tioni,
2211 3214 2493 3274 communi
2526 3214 2721 3283 plausu
2742 3212 2998 3266 choream
3036 3208 3376 3264 celebremus
3412 3222 3427 3272 ;
3468 3220 3624 3258 com—

2031 3307 2183 3363 muni
2242 3304 2429 3360 lzctitia
2463 3313 2667 3359 nostra}
2693 3302 2891 3357 salutis
2924 3314 3070 3354 arcae
3104 3298 3510 3368 praesultemus.

2101 3399 2215 3467 Age
2260 3408 2392 3449 vero
2421 3408 2567 3448 nunc
2613 3391 2771 3455 mihi,
2806 3390 3001 3454 David,
3035 3389 3145 3442 tuis
3185 3396 3339 3440 utere
3365 3384 3621 3439 saltibus.

2031 3492 2155 3562 Ipse
2206 3502 2446 3558 namque
2496 3487 2740 3557 Optimus
2788 3484 3005 3539 choreae
3053 3495 3256 3552 praeses
3302 3479 3437 3543 eris,
3473 3475 3622 3546 quod

2032 3583 2269 3639 maxime
2307 3594 2471 3651 quam
2505 3578 2713 3632 honore
2750 3575 3153 3647 prosequimur,
3194 3587 3258 3626 ex
3290 3582 3384 3625 tuo
3410 3577 3528 3624 sata
3553 3568 3627 3623 sit

2032 3695 2232 3750 genere
2264 3700 2277 3735 :
2306 3696 2372 3735 ac
2408 3693 2535 3734 cum
2590 3677 2720 3732 olim
2747 3675 2861 3745 jam
2906 3673 2991 3728 vel
3028 3672 3082 3727 iu
3119 3670 3291 3741 ﬁgura
3326 3664 3624 3719 meditatus

2033 3776 2113 3829 sis
2170 3774 2545 3833 saltationem,
2607 3782 2672 3823 ac
2725 3765 3006 3822 canticum
3066 3760 3444 3834 praecinueris,
3477 3756 3625 3827 quod

2035 3872 2417 3928 argumentum
2447 3875 2689 3931 praesens
2710 3856 3062 3927 respiciebat.
3092 3853 3248 3908 Nunc
3281 3853 3427 3907 enim
3456 3864 3621 3919 quam

2036 3966 2200 4010 acuto
2234 3954 2436 4009 mentis
2489 3952 2654 4007 oculo
2698 3949 2860 4003 filiam
2903 3943 3327 4017 praevidebas",
3361 3956 3423 3994 ac
3456 3953 3624 4009 quam

2033 4056 2259 4117 paterno
2307 4043 2567 4106 docebas,
2607 4049 2667 4094 ut
2721 4047 3005 4109 paternam
3061 4034 3478 4090 oblivisceretur
3525 4029 3628 4083 do-

2034 4151 2208 4200 mum,
2231 4150 2297 4188 ex
2330 4134 2437 4189 tuis
2470 4139 2591 4187 orta
2620 4128 2825 4184 lumbis
2851 4127 3131 4182 declarata
3158 4130 3263 4178 est.
3301 4121 3461 4175 Nunc
3484 4120 3624 4176 stola

2035 4240 2201 4279 aurea
2261 4222 2461 4279 decore
2520 4220 2743 4283 amicta,
2780 4220 2835 4272 in
2883 4217 2969 4272 sui
2998 4214 3358 4284 cupiditatem
3409 4210 3626 4267 decoris

2036 4317 2237 4389 Regem
2301 4330 2366 4370 ac
2395 4313 2683 4369 Christum
2716 4309 3006 4382 pertraxit.
3060 4306 3273 4360 Idcirco
3307 4303 3627 4401 adolescen-

2036 4413 2162 4466 tula:
2204 4418 2465 4480 tanquam
2510 4407 2799 4478 Reginam.
2835 4413 2965 4457 ante
2998 4402 3121 4472 ejus
3168 4400 3381 4454 vultum
3430 4398 3629 4453 devoto

2037 4502 2308 4571 obsequio
2356 4499 2836 4568 deprecabuntur.
2882 4493 3018 4550 Veni
3066 4494 3255 4562 itaque
3296 4500 3629 4559 quocunque

2034 4592 2258 4648 tandem
2285 4592 2521 4648 cxsistas
2548 4591 2692 4653 loco,
2722 4598 2887 4657 atque
2915 4587 3246 4654 sacris,quze
3270 4586 3629 4651 peraguntur,

2036 4690 2360 4755 pnesentem
2399 4690 2455 4736 te
2497 4681 2718 4736 exhibe.
2753 4677 2871 4731 Tua
2933 4690 3171 4745 namque
3200 4686 3427 4744 egemus
3480 4683 3633 4723 com-

2036 4779 2213 4846 posita
2290 4774 2491 4829 eborea
2538 4780 2593 4827 et
2647 4770 2942 4827 saltatione
2993 4782 3008 4821 :
3063 4781 3128 4820 ac
3178 4778 3301 4834 qua:
3361 4769 3632 4832 occupato

2032 4866 2309 4929 cecinisti,
2333 4880 2397 4921 ea
2432 4879 2581 4919 nunc
2611 4862 2896 4925 accinens,
2921 4871 3227 4928 congruum
3261 4853 3629 4909 ministerium

2032 4960 2219 5030 imple.
2272 4956 2440 5013 Vides
2487 4957 2617 5011 enin
2670 4964 2818 5008 tuam
2860 4952 3055 5014 ﬁliam,
3087 4958 3148 5003 ut
3173 4948 3356 5016 reipsa
3387 4961 3507 5001 eam
3535 4944 3631 5000 de-

2033 5065 2349 5127 precentur,
2382 5068 2547 5122 quam
2581 5051 2733 5105 solus
2768 5048 3007 5120 mystico
3043 5045 3331 5099 intellectu
3386 5056 3452 5096 ac
3481 5054 3633 5094 con-

2034 5147 2394 5218 templatione
2447 5145 2782 5215 deprecatus
2834 5156 2914 5195 es.
2964 5137 3130 5193 Vides
3184 5150 3250 5190 ex
3294 5132 3406 5187 tuis
3454 5139 3630 5182 ortam

2039 5239 2242 5295 lumbis
2267 5251 2452 5293 arcam
2471 5231 2955 5298 sanctiﬁcationis,
2980 5230 3035 5285 in
3067 5238 3418 5285 communem
3437 5234 3631 5277 eorum

1881 5455 2116 5519 NOTAE.

336 5555 553 5611 amicos
579 5553 833 5620 'divitcs,
886 5555 1226 5626 pauperibus
1269 5555 1465 5611 amicis
1518 5552 1841 5620 retundere,
1873 5564 1936 5611 ut

336 5642 447 5693 qua
478 5626 559 5681 illi
587 5626 1043 5695 insutnpsissent,
1083 5626 1155 5682 iis
1184 5627 1513 5681 tractandis.
1570 5627 1766 5680 Verum
1813 5642 1931 5680 IIIC-

337 5698 452 5751 lius
511 5696 776 5767 quadrat,
830 5696 891 5748 τὸ
942 5697 1351 5766 προκαταϐολή.
1411 5696 1525 5751 Non
1558 5697 1705 5750 enim
1746 5712 1844 5751 nos
1868 5697 1928 5767 fin

339 5767 512 5825 Deum
534 5766 761 5840 priores
792 5767 1002 5837 aliquid
1034 5767 1397 5832 contulimus,
1434 5767 1528 5829 sed
1556 5768 1671 5837 ipse
1696 5766 1929 5822 contulit

2042 5569 2164 5623 quae
2188 5553 2293 5624 ipsi
2326 5566 2426 5608 nos
2448 5558 2640 5622 postea
2662 5545 3013 5624 _oll‘eramus';
3075 5560 3177 5602 nec
3220 5543 3446 5624 amicus
3479 5543 3635 5624 dives

2047 5615 2226 5678 factas
2250 5624 2411 5677 amici
2447 5615 2707 5692 pauperis
2739 5632 3013 5692 eapcnsas
3059 5624 3386 5692 exspectare
3416 5615 3633 5692 debeat,

2039 5694 2135 5777 sed
2166 5684 2485 5766 occupare":
2533 5684 2712 5764 coque
2772 5684 2981 5745 inclina
3043 5696 3101 5745 ut
3132 5684 3204 5744 sit
3243 5684 3631 5757 προκαταϐάλ-

2036 5779 2130 5819 Λου
2141 5781 2211 5819 σι.
