4104 6448
547 318 613 383 19
1785 319 2015 381 LEONI
2027 320 2067 379 S
2106 316 2575 381 PHILOSOPIII
3364 338 3371 341 '
3762 324 3837 391 20

540 429 638 498 qui
707 427 895 483 labore
943 438 1315 499 premuntur,
1396 436 1784 498 exsurgentem
1853 429 2103 498 requiem

2243 428 2309 493 ὡς
2346 429 2559 499 βασιλεῖ
2590 444 2605 459 ’
2661 428 2849 482 τούτου
2880 428 2990 499 γὰρ
3019 429 3238 498 μέτεστι
3271 429 3365 483 καὶ
3399 431 3563 502 ἡμῖν’
3613 430 3729 487 ἀλλ’
3759 436 3838 500 ὡς

542 517 711 575 Vides
745 522 1184 574 sacratissimum
1220 522 1393 576 dicari
1444 521 1913 591 propitiatorium.
1966 520 2135 591 Equi-

2244 522 2417 593 πατρὶ
2447 524 2545 591 τῆς
2578 522 2788 585 παιδός.

541 617 665 668 dem
702 614 830 668 dico
863 631 877 677 ;
913 614 1101 682 potius
1131 624 1314 667 autem
1356 615 1511 669 dicas
1538 616 1672 684 ip-‘e.
1706 614 1993 679 Cedimus,
2027 629 2135 667 non
2182 622 2443 685 tauquam
2505 616 2617 685 regi
2656 632 2671 679 ;
2714 614 2921 686 quippe
2955 613 3114 685 cujus
3162 631 3263 671 nec
3324 616 3430 688 ipsi
3500 618 3840 676 excellentia:

541 717 790 760 exsortes
820 705 995 759 simus
1030 724 1041 758 :
1093 705 1188 759 sed
1228 714 1487 773 tanquam
1523 705 1663 774 patri
1703 705 1919 773 puellm.

612 802 778 863 Audi,
807 801 945 869 lilia,
976 808 1025 852 et
1057 799 1258 850 inclina
1282 814 1463 851 aurem
1495 807 1663 851 tuam.
1685 796 1813 850 Sola
1848 797 1915 849 ab
1932 803 2138 849 aeterno

541 897 710 951 electa
738 910 798 949 es
854 895 906 946 in
938 906 1201 962 sponsam
1231 890 1499 944 Altissimi
1528 908 1539 943 :
1566 889 1682 943 sola
1723 889 1863 957 ejus,
1891 887 1984 956 qui
2014 888 2138 940 uni-

542 1005 698 1044 versa
739 986 957 1056 implet,
998 986 1156 1039 locus
1187 998 1360 1053 capax
1386 982 1631 1038 exsistis.
1675 982 1837 1047 Audi,
1862 980 2002 1050 filia.
2037 979 2139 1033 Pa-

550 1089 764 1135 ternam
843 1078 1169 1131 obliviscere
1226 1075 1449 1129 domum
1506 1083 1560 1129 et
1611 1074 1931 1144 populum:
1986 1072 2137 1127 fuisti

543 1187 783 1239 namque
812 1170 866 1222 in
903 1178 1134 1222 matrem
1168 1168 1238 1221 ab
1267 1182 1333 1221 eo
1376 1176 1686 1235 assumpta,
1716 1166 1811 1235 qui
1852 1165 2009 1221 sedet
2038 1180 2138 1223 su-

542 1281 641 1334 per
680 1262 1000 1317 Cherubim.
1054 1259 1203 1314 Vade
1253 1261 1306 1313 in
1362 1261 1628 1328 templum
1663 1269 1961 1323 sanctum,
2011 1273 2134 1328 qua:

545 1353 639 1407 Dei
681 1352 941 1421 templum
973 1351 1231 1406 exsistas.
1262 1352 1425 1414 Audi,
1458 1353 1597 1419 filia,
1629 1364 1678 1407 et
1707 1353 2014 1407 obliviscere
2032 1368 2131 1420 po-

542 1447 728 1514 pulum
764 1456 950 1507 tuum;
981 1444 1403 1499 innumerabilis
1431 1446 1574 1498 enim
1606 1446 1898 1499 multitudo
1921 1460 2134 1513 eorum,

544 1539 714 1606 quiin
747 1538 910 1593 caelo.
940 1550 1003 1588 ae
1028 1537 1120 1604 qui
1153 1544 1282 1589 sunt
1315 1536 1368 1589 in
1402 1544 1570 1599 terra,
1598 1536 1881 1590 Dominam
1913 1546 1965 1591 te
1987 1538 2125 1591 obti-

548 1630 781 1683 nebunt.
804 1626 993 1681 Multa:
1019 1627 1149 1695 ﬁlia:
1169 1627 1404 1695 fecerunt
1427 1629 1677 1681 virtutem
1700 1629 1742 1660 ¹⁸
1764 1646 1778 1694 ;
1803 1630 1989 1683 multa:
2017 1629 2139 1682 lilia:

2317 796 2635 858 Ἀκουσον,
2678 794 2967 862 θύγατερ,
3018 794 3119 847 καὶ
3163 794 3380 849 κλῖνον
3428 797 3495 851 τὸ
3543 793 3654 865 οὖς
3694 816 3837 857 σου·

2248 886 2403 955 Μόνη
2458 885 2519 950 ἐξ
2569 885 2765 949 αἰῶνος
2818 886 2899 950 εἰς
2943 886 3162 957 νύμφην
3192 887 3481 958 ὲξελέχθης
3538 890 3837 963 Ὑψίστουο

2245 981 2383 1051 μόνη
2413 981 2509 1035 τοῦ
2539 982 2878 1053 πληροῦντος
2906 982 2976 1036 τά
3007 984 3188 1037 πάντα
3216 987 3580 1055 χρηματίζεις
3612 990 3838 1060 χωρίον.

2244 1076 2572 1138 Ἄκουσον,
2604 1075 2888 1143 θύγατερ·
2917 1074 3067 1127 οίκου
3096 1074 3350 1146 πατρῴου
3410 1079 3504 1130 καὶ
3540 1078 3673 1133 λαοῦ
3713 1082 3841 1134 ὲπι-

2240 1164 2404 1219 λάθου
2431 1183 2444 1195 ο
2496 1167 2574 1228 είς
2607 1162 2757 1219 οἷκον
2816 1164 2927 1235 γὰρ
2956 1162 3035 1233 τῷ
3067 1165 3161 1218 ἐπὶ
3200 1166 3309 1218 τῶν
3355 1166 3635 1237 Χερουϐὶμ
3668 1185 3843 1239 προσ-

2237 1255 2483 1325 ελήφοης
2514 1256 2832 1326 καθημένῳ.
2845 1256 3039 1309 ’Ἄπιθι
3072 1257 3152 1319 είς
3179 1258 3307 1311 ναὸν
3335 1258 3512 1325 ἆγιον,
3539 1259 3664 1322 ναὸς
3696 1260 3841 1313 Θεοῦ

2234 1347 2671 1419 χρηματίζουσα.
2717 1350 3035 1413 Ἄκουσον,
3061 1350 3315 1417 θύγατερ
3339 1389 3352 1409 ,
3393 1350 3491 1403 καὶ
3542 1350 3843 1406 ἐπιλάθου

2233 1440 2340 1493 τοῦ
2382 1440 2538 1493 λαοῦ
2587 1455 2707 1493 σου
2733 1456 2748 1471 ’
2792 1439 3033 1510 πλήθους
3066 1440 3177 1508 γὰρ
3207 1440 3585 1510 ἀναριθμήτου
3630 1441 3738 1494 τῶν
3778 1444 3842 1495 ἐν

2234 1530 2449 1601 οὐρανῷ
2495 1532 2591 1584 καὶ
2624 1534 2731 1601 γῇ,
2770 1532 2869 1601 τὴν
2921 1533 3252 1584 Δεσποτείαν
3306 1532 3524 1604 όφθήσῃ
3572 1533 3839 1603 λαχοῦσα.

2237 1624 2469 1679 Πολλαὶ
2506 1622 2827 1692 θυγατέρες
2853 1624 3157 1691 ἐποίησαν
3187 1622 3448 1692 δύναμιν
3471 1640 3484 1656 ·
3528 1624 3723 1678 πολλαὶ
3753 1626 3844 1679 δό-

546 1723 773 1789 gloriam
794 1720 1004 1789 adepta:
1020 1729 1171 1783 sunt,
1192 1721 1375 1775 multa:
1388 1732 1849 1789 comparaverunt
1870 1721 2133 1776 honesta-

2243 1716 2336 1783 ξαν
2395 1714 2814 1785 ἐκληρώσαντο·
2882 1715 3077 1767 πολλαὶ
3142 1715 3454 1785 σεμνότητα
3513 1717 3809 1786 περιεποιή

546 1818 653 1862 tem
681 1828 694 1874 ;
741 1825 917 1862 verum
951 1810 1147 1863 emines
1186 1810 1466 1873 universis,
1498 1826 1674 1863 verum
1706 1825 2049 1879 supergressa
2080 1826 2134 1864 es

547 1898 726 1965 gloria
774 1915 838 1952 ac
865 1899 1169 1968 majestate,
1200 1916 1391 1953 verum
1423 1902 1711 1956 honestate
1742 1903 1957 1955 eunetis
1986 1918 2133 1972 pra:-

542 1992 719 2045 ci~llis.
745 1992 944 2055 llasce,
988 1991 1177 2057 David,
1214 1994 1334 2047 ﬁliae
1361 2004 1467 2047 tua:
1501 2010 1744 2063 pangens
1777 1996 1988 2057 laudes,
2021 2012 2138 2050 me-

542 2097 669 2136 cum
725 2085 931 2153 pariter
978 2086 1254 2139 canticum
1300 2086 1445 2139 ede:
1498 2102 1562 2140 ac
1613 2087 1752 2141 festa
1803 2087 1925 2141 luce
1971 2088 2138 2143 simul

544 2177 764 2230 fruere:
793 2177 923 2246 quin
958 2178 1246 2246 prmcipuze
1298 2186 1406 2231 tute
1445 2187 1574 2232 sunt
1603 2188 1807 2248 partes.
1840 2179 1973 2233 Nam
2006 2182 2134 2234 olim

544 2269 787 2338 quidem,
817 2285 943 2323 cum
988 2270 1099 2322 Deo
1131 2274 1395 2338 templum
1427 2274 1639 2341 erigere
1672 2272 2050 2328 desiderasses
2070 2273 2136 2337 ηδ

546 2378 655 2414 non
699 2361 799 2415 fuit
838 2376 1167 2415 concessum
1199 2373 1256 2414 ut
1294 2363 1461 2415 animi
1504 2372 1687 2415 votum
1720 2364 1772 2416 in
1803 2363 1963 2416 linem
2012 2379 2138 2433 per-

544 2454 829 2507 duceres:
876 2468 1024 2506 nunc
1073 2462 1255 2506 autem
1307 2454 1460 2509 crelis
1512 2455 1695 2521 potius
1735 2454 1834 2509 tibi
1874 2456 2137 2525 templum

545 2548 845 2600 excitatum
889 2555 1011 2609 est,
1056 2548 1201 2616 quod
1256 2562 1355 2600 nec
1401 2547 1703 2612 victimas,
1754 2563 1852 2602 nec
1886 2548 2137 2604 nidorem

545 2638 865 2693 necessaria
905 2638 1123 2691 habeat.
1148 2637 1267 2691 Jam
1296 2638 1441 2692 enim
1475 2654 1665 2693 eorum
1712 2640 1961 2694 imminet
1990 2641 2137 2705 linis,

544 2731 757 2787 caelesti
789 2728 1089 2791 Pontilice,
1120 2729 1264 2797 quod
1299 2745 1360 2783 ex
1395 2737 1448 2783 te
1490 2730 1831 2798 assumpsit,
1877 2732 2138 2800 templum

547 2823 947 2877 sanctiﬁcante.
974 2821 1172 2877 Verum
1201 2822 1316 2876 haec
1356 2838 1457 2878 suo
1494 2832 1782 2877 recurrent
1812 2825 1964 2889 loco;
1999 2840 2142 2879 nunc

546 2931 676 2970 vero
706 2917 773 2970 iis
807 2916 1209 2978 ministremus,
1247 2930 1369 2983 qua:
1396 2923 1757 2984 peraguntur.
1793 2931 1856 2969 ac
1887 2932 2009 2986 qure
2048 2916 2143 2972 de-

546 3007 791 3077 precatio
829 3006 1092 3060 eontinna
1132 3007 1291 3059 habet
1318 3008 1484 3071 serie,
1518 3018 1936 3065 connectamus.

2245 1824 2407 1859 σαντο
2432 1847 2445 1868 ,
2481 1807 2618 1860 ἀλλ’
2650 1806 3001 1874 ὑπέρκεισαι
3032 1805 3277 1871 πασῶν,
3312 1805 3451 1859 ἀλλ’
3494 1807 3845 1875 ὑπεραίρει(-

2240 1898 2370 1969 δόξῃ
2405 1898 2500 1951 καὶ
2543 1897 2948 1966 μεγαλειότητι,
2976 1897 3114 1949 ἀλλὰ
3148 1895 3340 1949 πασῶν
3364 1897 3661 1967 ὑπερήκεις
3698 1915 3843 1968 σεμ-

2240 1990 2445 2060 νότητι.
2478 1988 2665 2043 Ταῦτά
2700 2007 2811 2057 μοι,
2852 1988 3037 2052 Δαϐὶδ,
3070 1989 3169 2059 τὴν
3221 1990 3321 2060 σὴν
3366 1990 3606 2043 ἐπαινῶν
3639 1990 3841 2059 παῖδα,

2242 2082 2578 2154 συνεργάζου
2609 2082 2699 2135 τὸν
2735 2082 2925 2151 ὕμνον,
2960 2082 3056 2134 καὶ
3083 2082 3186 2150 τῆς
3216 2083 3410 2152 ἑορτῆς
3447 2083 3792 2136 συναπόλαυε
3820 2099 3839 2113 ’

2243 2175 2446 2245 μᾶλλον
2473 2174 2554 2238 δὲ,
2587 2174 2671 2226 σοὶ
2699 2173 2790 2226 τοῦ
2828 2173 3076 2235 πλείονος
3110 2174 3354 2243 μέτεστι.
3390 2174 3566 2227 Πάλαι
3600 2175 3698 2243 μὲν
3726 2175 3843 2247 γὰρ

2240 2264 2644 2335 ἐπιθυμήσαντί
2696 2282 2778 2317 σοι
2828 2263 2955 2318 ναὸν
2998 2265 3237 2335 ἐγείρειν
3288 2264 3437 2335 Θεῷ,
3471 2266 3571 2319 οὐκ
3619 2269 3846 2335 ἐγένετο

2241 2355 2380 2425 πρὸς
2416 2354 2590 2424 πέρας
2635 2353 2852 2425 ἐξήκειν
2904 2355 2963 2407 τὸ
3004 2355 3331 2425 έπιούμιον·
3374 2355 3470 2409 νῦν
3510 2358 3567 2410 δέ
3603 2374 3685 2411 σοι
3728 2358 3847 2411 τῶν

2243 2449 2489 2519 οὐρανῶν
2524 2450 2765 2519 ἀμείνων
2813 2450 3023 2520 ἠγέρθη
3057 2452 3216 2514 ναός·
3277 2452 3402 2514 ναὸς
3447 2453 3509 2505 οὐ
3556 2454 3844 2523 Θυμάτων,

2240 2541 2362 2593 οὐδὲ
2401 2541 2593 2611 κνίσης
2640 2541 2915 2612 δεόμενος.
2956 2541 3095 2613 Ἤδη
3131 2544 3243 2613 γὰρ
3294 2544 3502 2597 τούτων
3537 2546 3849 2614 προκόπτει

2242 2633 2303 2685 τὸ
2347 2633 2521 2698 τέλος,
2554 2634 2646 2687 τοῦ
2674 2635 2927 2704 οὐρανίου
2975 2636 3304 2707 Ἀρχιερέως
3349 2638 3443 2690 τὸν
3482 2639 3545 2691 ἐκ
3578 2637 3672 2691 σοῦ
3711 2638 3849 2692 ναὸν

2244 2723 2589 2791 ἁγιάζοντος.
2635 2724 2794 2777 ’Λλλά
2825 2725 2997 2778 ταῦτα
3024 2726 3121 2794 μὲν
3177 2728 3257 2790 είς
3287 2727 3418 2779 ἴδιον
3444 2728 3636 2798 καιρὸν
3665 2730 3847 2782 ἀπαν-

2241 2817 2465 2883 τήσεται
2490 2832 2503 2845 ·
2548 2816 2643 2868 νῦν
2677 2817 2733 2869 δὲ
2761 2820 2873 2881 τοῖς
2905 2817 3251 2888 τελουμένοις
3275 2818 3709 2890 λειτουργῶμεν,
3743 2821 3848 2875 καὶ

2242 2906 2310 2959 τὰ
2349 2908 2555 2978 συνεχῆ
2578 2912 2644 2979 τῇ
2675 2908 2919 2980 λιτανείᾳ
2948 2912 3381 2982 προσάπτωμεν.

616 3096 735 3152 Non
773 3099 1064 3165 a/ferentur
1107 3100 1333 3168 virgines
1366 3098 1445 3166 ³ο,
1490 3116 1613 3168 quae.
1666 3102 1924 3155 accinant
1959 3122 1971 3157 :
2034 3104 2138 3159 hoc

2319 3089 2435 3142 Οὐκ
2493 3088 3018 3157 ἀπενεχθήσονται
3093 3090 3377 3159 παρθένοι
3440 3094 3844 3165 προσᾲ6οντεςο

545 3191 693 3247 enim
726 3191 854 3245 olim
888 3190 1171 3245 contuitus
1200 3191 1414 3258 psalmo
1454 3192 1599 3244 edito
1630 3195 1965 3261 prmeiiiiiisti
1997 3214 2009 3248 :
2047 3196 2141 3249 sed

545 3298 675 3337 ecce
712 3281 956 3351 virgines
991 3282 1203 3335 circum
1238 3281 1470 3336 choreas
1496 3282 1549 3335 in
1575 3285 1948 3339 exsultatione
1973 3303 2141 3355 agen-

548 3386 664 3439 tes,
694 3376 842 3429 velut
902 3375 1103 3443 regina:
1138 3384 1386 3442 prmeunt
1432 3375 1485 3427 in
1541 3374 1701 3442 Regis
1743 3376 1962 3429 abeunti
2005 3386 2143 3432 tem-

546 3469 718 3531 plum.
751 3465 891 3521 Ecce
927 3473 977 3519 te
1011 3473 1069 3518 ut
1107 3465 1512 3519 immaculatam
1544 3466 1860 3529 victimam,
1901 3468 1966 3521 ad
1997 3468 2142 3523 divi-

466 3580 501 3591 ·ι
548 3578 680 3615 num
715 3560 1002 3614 adducunt
1035 3559 1359 3613 thalamum.
1416 3559 1557 3613 Ecce
1604 3568 1657 3613 te
1690 3560 1890 3614 divina?
1923 3563 2142 3631 planta-

547 3655 716 3708 tionis
746 3653 1009 3715 radicem,
1029 3668 1096 3705 ex
1127 3668 1234 3722 qua
1262 3652 1676 3721 germinaturus
1700 3653 1772 3708 sit
1804 3670 2012 3719 ramus,
2039 3656 2142 3710 sub

548 3741 712 3808 cujus
742 3740 932 3793 umbra
962 3740 1309 3808 requiescent
1333 3740 1465 3794 lines
1484 3748 1667 3806 terrae,
1694 3742 1747 3795 in
1773 3742 1963 3812 gloria:
1986 3752 2142 3813 prato

548 3842 872 3890 conserunt.
905 3832 1044 3887 Ecce
1081 3841 1132 3887 te
1164 3833 1381 3901 generis
1412 3832 1674 3901 gaudium
1712 3834 1931 3890 choreis
1966 3835 2141 3891 unde-

549 3942 787 3997 quaque'
822 3926 1111 3993 cingentes
1140 3964 1153 3989 ,
1195 3925 1247 3977 in
1282 3926 1462 3979 locum
1499 3926 1770 3979 inducunt
1819 3929 2142 3983 exsultatio-

548 4021 656 4073 nis.
696 4017 761 4071 Et
789 4017 1010 4087 quidem
1047 4017 1321 4072 hactenus
1353 4017 1428 4071 tui
1463 4025 1594 4071 sunt
1641 4017 1866 4072 exordia
1912 4020 2137 4088 gaudii:

549 4114 703 4168 brevi
738 4120 899 4184 post,
923 4110 1239 4165 absolutius
1283 4110 1545 4179 gaudium
1592 4119 1721 4165 tuus
1776 4112 1872 4167 tibi
1907 4114 2142 4182 perferet

552 4206 833 4276 pmnubus
857 4246 870 4266 ,
925 4203 1150 4271 quando
1182 4202 1279 4255 tibi
1328 4201 1506 4271 gratia
1547 4201 1721 4271 plenae
1752 4204 2010 4273 gaudium
2046 4222 2141 4261 ve-

550 4300 669 4353 niet
718 4298 1185 4359 annuntiaturus;
1238 4294 1460 4363 quando
1501 4293 1624 4347 laeto
1671 4293 1964 4365 faustoque
1995 4313 2139 4351 nun-

2246 3181 2405 3234 τοῦτο
2437 3182 2545 3253 γὰρ
2594 3183 2764 3236 πάλαι
2798 3184 3136 3253 προέψαλλες
3169 3186 3390 3257 Θεωρῶν
3416 3204 3428 3218 '
3465 3189 3578 3241 ἀλλ’
3616 3190 3725 3243 ἰδού
3781 3208 3845 3244 σε

2249 3272 2509 3341 παρῢένοι
2535 3276 2592 3326 ὲν
2621 3274 2942 3341 ἀγαλλιάσει
2976 3278 3429 3347 περιχορεύουσαι
3454 3276 3541 3333 οἷα
3569 3280 3847 3350 βασιλίδος

2246 3367 2325 3428 εἰς
2354 3365 2479 3418 ναὸν
2508 3366 2783 3431 Βασιλέως
2814 3370 3086 3440 ἀπιούσης
3120 3374 3471 3441 προάγουσιν.
3506 3374 3632 3428 Ἰδού
3665 3392 3724 3429 σε
3764 3376 3849 3441 ὡς

2246 3459 2473 3513 ἄσπιλον
2510 3460 2675 3530 ἱερὸν,
2716 3462 2796 3524 εἰς
2830 3461 2921 3514 τὸν
2972 3462 3113 3515 Οείον
3150 3464 3524 3534 προσςέρουσι
3571 3466 3843 3536 οάλαμον.

2260 3550 2390 3604 Ἰδού
2440 3569 2499 3605 σε
2530 3556 2629 3623 τἠν
2664 3552 2926 3620 Οεόφυτον
2962 3555 3118 3624 ῥίζαν
3162 3553 3231 3628 ἦς
3269 3558 3669 3627 ἀναϐλαστήσει
3706 3560 3848 3616 κλάο

2246 3644 2354 3709 δος,
2396 3639 2456 3699 οὗ
2489 3646 2594 3698 ὑπὸ
2644 3645 2743 3714 τὴν
2774 3646 2933 3700 σκιὰν
2962 3648 3031 3701 τὰ
3082 3651 3299 3719 πέρατα.
3339 3651 3739 3719 ἀναπαύσεται,
3783 3657 3847 3710 ὲν

2245 3736 2323 3807 τῷ
2347 3740 2448 3807 τῆς
2488 3736 2646 3806 δόξης
2680 3737 2907 3807 λειμῶνι
2936 3740 3429 3807 καταφυτεύουσιν.
3482 3743 3610 3796 Ἰδού
3650 3762 3709 3797 σε
3738 3746 3847 3817 τὴν

2246 3832 2423 3901 χαρὰν
2452 3833 2546 3885 τοῦ
2575 3833 2766 3899 γένους
2793 3835 3271 3904 περιχορεύουσαι,
3306 3840 3386 3900 είς
3418 3840 3510 3893 τὸν
3542 3841 3642 3910 τῆς
3665 3843 3847 3909 ἀγαλ-

2245 3922 2480 3985 λιάσεως
2520 3923 2684 3977 τόπον
2739 3925 3060 3988 οἰκίζουσιν.
3099 3927 3284 3981 Ταῦτα
3325 3929 3423 3998 μὲν
3453 3932 3546 3983 ἐπὶ
3579 3934 3673 3985 τοῦ
3695 3951 3849 4006 παρ-

2245 4017 2398 4079 όντος
2459 4017 2558 4085 τῆς
2594 4016 2693 4086 σῆς
2725 4017 2987 4088 προοίμια
3021 4021 3196 4089 χαρᾶς
3222 4037 3234 4049 ·
3273 4023 3467 4093 μικρὸν
3501 4025 3556 4079 ὂὲ
3585 4025 3844 4099 ὕστερον,

2244 4106 2552 4177 τελεώτερά
2582 4125 2665 4160 σοι
2700 4110 2769 4163 τὰ
2802 4111 3125 4180 χαρμόσυνα
3156 4116 3359 4183 κομιεῖ,
3392 4118 3420 4169 ὁ
3454 4115 3545 4180 σὸς
3578 4118 3636 4185 ἐξ
3668 4120 3846 4190 οὖρα-

2246 4199 2338 4253 νοῦ
2371 4200 2748 4270 νυμφοστόλος
2776 4217 2789 4230 ⁸
2824 4202 3044 4257 ἐπειδάν
3080 4220 3163 4257 σοι
3189 4208 3257 4276 τῇ
3285 4211 3703 4281 κεχαριτωμένη
3738 4213 3846 4283 τὴν

2245 4292 2421 4361 χαρὰν
2453 4292 2574 4363 ἥξει
2606 4293 2830 4362 μηνύων
2854 4311 2866 4323 ·
2902 4294 3124 4347 ἐπειδάν
3160 4313 3243 4349 σοι
3274 4298 3414 4367 μετὰ
3453 4299 3545 4352 σοῦ
3577 4297 3718 4353 εἶναι
3746 4303 3846 4356 τὸν

550 4393 630 4444 tio
679 4398 863 4443 tecum
899 4403 1023 4440 eum
1076 4401 1201 4441 esse
1233 4386 1381 4439 dicet
1406 4425 1419 4446 ,
1453 4388 1545 4456 qui
1574 4387 1778 4457 ubique
1808 4390 1998 4445 adest:
2050 4390 2138 4445 ille

2248 4383 2528 4455 πανταχοῦ
2552 4386 2797 4455 παρόντα
2819 4385 3235 4455 εὐαγγελίσεται
3255 4404 3269 4417 ·
3296 4391 3666 4460 νυμςςοστόλος
3691 4395 3847 4446 ἐκεῖ-

550 4484 818 4554 inquam,
865 4480 1189 4552 prunubus,
1232 4478 1326 4548 qui
1383 4479 1643 4533 abstruso
1689 4481 1767 4535 illi
1818 4482 2141 4538 ministrans

550 4577 845 4648 mysterio,
889 4589 1111 4643 germen
1162 4572 1258 4625 tibi
1312 4571 1525 4641 absque
1565 4574 1777 4628 semine
1824 4576 2138 4641 nuutiabit;

549 4670 642 4736 qui
669 4667 792 4720 Filii
823 4668 941 4720 sine
970 4674 1143 4735 patre,
1178 4663 1682 4733 universorumque
1708 4667 1977 4733 parentis,
2015 4683 2142 4737 par-

548 4768 666 4812 tum
699 4767 966 4827 occupatu
996 4756 1274 4825 prmconio
1305 4752 1679 4831 significabit:
1713 4753 1860 4820 Filii,
1887 4757 2137 4826 inquam,

551 4851 644 4919 qui
680 4866 825 4903 nunc
849 4850 997 4904 velut
1023 4856 1331 4902 aromatum
1349 4846 1780 4901 suaveolentiam
1808 4850 2135 4916 concilians,

552 4946 741 5008 postea
774 4937 883 4991 tuis
913 4953 977 4989 ex
1014 4938 1215 4991 lumbis
1249 4938 1546 5006 prodiens,
1584 4940 1848 5007 unguenti
1886 4938 2137 5010 fragran-

551 5030 683 5082 tiam
716 5028 768 5082 in
800 5029 989 5095 orbem
1033 5030 1351 5084 universum
1378 5029 1650 5085 dilIundet
1685 5048 1698 5083 :
1745 5031 1840 5098 qui
1870 5046 2018 5085 nunc
2049 5046 2139 5085 sa-

551 5135 708 5174 crum
738 5118 923 5173 ﬂorem
963 5121 1017 5173 in
1046 5136 1144 5174 sua
1176 5120 1448 5188 recipiens
1478 5121 1663 5185 domo,
1688 5121 1920 5190 posthac
1950 5122 2019 5178 ab
2052 5124 2139 5177 in-

551 5220 701 5266 tacto
731 5222 825 5266 tuo
859 5219 1016 5265 utero
1043 5210 1340 5266 elllorebit.

625 5304 715 5369 At,
747 5303 934 5373 Virgo,
958 5302 1430 5374 nostra‘gloriatio
1455 5302 1651 5357 salutis
1676 5345 1689 5368 ,
1709 5319 1830 5372 qua:
1856 5311 1907 5357 ct
1927 5319 2141 5359 sacram

559 5398 637 5451 sis
693 5396 889 5450 sortita,
943 5398 1401 5465 generationem,
1458 5396 1843 5463 sacratinsque
1902 5398 2143 5451 cnntrita

559 5484 730 5537 fueris
760 5500 821 5539 ac
850 5484 1098 5538 instituta
1128 5500 1142 5549 ;
1191 5484 1244 5537 in
1281 5498 1385 5552 qua
1416 5482 1531 5550 spei
1565 5491 1765 5535 nostra:
1788 5483 1923 5539 ﬁxas
1947 5486 2147 5539 ancho-

562 5589 651 5628 ras
674 5574 960 5641 habemus,
998 5585 1110 5630 tum
1150 5590 1269 5646 ego,
1304 5585 1417 5629 tum
1452 5588 1609 5643 quem
1642 5575 1974 5642 pascendum
2008 5592 2142 5631 con-

638 5750 679 5782 “
712 5749 869 5806 Prov.
902 5768 1051 5815 XXIX,
1078 5754 1167 5814 ἓξ),
1211 5770 1320 5815 scc,
1362 5754 1522 5815 LXX,
1624 5758 1663 5789 ¹⁹
1696 5756 1734 5811 ll
1765 5755 1895 5822 Reg.
1934 5774 2026 5818 νη,
2056 5755 2109 5812 9..

2245 4496 2355 4543 νος,
2380 4479 2438 4541 ὂς
2466 4478 2544 4548 τῷ
2576 4480 2883 4549 ἀποκρύφῳ
2907 4479 3175 4534 διακονῶν
3207 4484 3512 4554 μυστηρίῳ,
3540 4484 3637 4555 τὴν
3664 4484 3847 4539 ἄσπο-

2244 4572 2334 4643 ρὸν
2359 4588 2437 4623 σοι
2465 4571 2699 4641 βλάστην
2726 4570 3029 4639 ἀπαγγελεῖ
3054 4588 3065 4601 ·
3100 4572 3156 4635 ὃς
3181 4574 3274 4626 τοῦ
3306 4575 3579 4646 ἀπάτορας
3613 4577 3843 4643 Παιδὸς,

2241 4666 2335 4717 καὶ
2366 4664 2569 4731 γονέως
2598 4664 2707 4716 τῶν
2742 4662 2903 4728 ὅλων,
2936 4664 3028 4717 τὸν
3057 4666 3215 4718 τόκον
3252 4683 3537 4737 προανακη
3551 4668 3697 4737 ρύξει
3723 4686 3735 4699 ·
3778 4670 3845 4734 ὃς

2238 4756 2332 4809 νῦν
2369 4757 2560 4825 ὥσπερ
2596 4756 2905 4827 ἀρωμάτων
2927 4758 3181 4828 εὐοδμίαν
3218 4760 3665 4829 οἰκειωσάμενος,
3700 4778 3842 4829 μετ-

2244 4848 2438 4902 ἔπειτα
2500 4848 2607 4901 τῶν
2658 4850 2768 4903 σῶν
2804 4848 3011 4919 προῖὼν
3044 4849 3308 4915 λαγόνων,
3343 4852 3425 4913 εἰς
3449 4851 3548 4920 τὴν
3578 4852 3843 4920 οἰκουμέ-

2246 4957 2343 5008 νην
2371 4938 2469 5008 τὴν
2500 4938 2777 5009 μυρωδίαν
2806 4938 3044 5007 διαχεεῖ’
3080 4938 3138 5000 ὃς
3171 4937 3266 4989 νῦν
3295 4938 3356 4989 τὸ
3387 4937 3531 5006 ἱερὸν
3563 4936 3722 5001 ἄνοός
3756 4939 3843 5001 εἰς

2247 5031 2337 5083 τὸν
2372 5030 2566 5083 ἑαυτοῦ
2598 5029 2998 5099 ἀποδεχόμενος
3032 5024 3201 5095 οἷκον,
3232 5031 3373 5099 μετά
3400 5030 3577 5083 ταῦτα
3607 5030 3704 5099 τῆς
3738 5030 3840 5101 σῆς

2246 5122 2527 5190 ἀνεπὰφου
2562 5121 2788 5190 ἀνθήσει
2824 5119 3052 5183 κοιλίας.

2323 5302 2505 5367 Ἀλλὰ,
2527 5302 2794 5371 Παρθένε,
2828 5300 2928 5370 τῆς
2956 5302 3115 5372 ἡμῶν
3140 5304 3415 5374 σωτηρίας
3443 5304 3503 5356 τὸ
3531 5306 3795 5375 καύχημα
3825 5318 3842 5333 ·

2242 5396 2273 5455 ή
2304 5395 2544 5463 λαχοῦσα
2574 5394 2672 5463 μὲν
2702 5393 2801 5463 τὴν
2834 5395 3051 5461 γένεσιν
3084 5396 3237 5465 ἱεράν
3261 5413 3273 5427 ·
3305 5396 3601 5469 ίερωτέρας
3622 5397 3680 5450 δὲ
3704 5398 3848 5450 ἀνα-

2249 5486 2495 5555 Ορέψεως
2528 5488 2621 5539 καὶ
2650 5486 2875 5556 ἀγωγῆς
2898 5503 2911 5518 υ
2946 5488 3032 5556 ἐφ’
3139 5487 3249 5542 τῶν
3282 5490 3570 5560 ἡμετέρων
3609 5490 3848 5543 ἐλπίδων

2249 5580 2349 5643 τὰς
2400 5578 2647 5649 ἀγκύρας
2696 5578 2987 5653 ἀνέχομεν,
3045 5577 3157 5650 ἐγώ
3210 5597 3269 5635 τε
3310 5581 3405 5635 καὶ
3440 5582 3468 5635 ὃ
3529 5582 3850 5653 ποιμαίνειν

2188 5760 2232 5790 πο
2265 5758 2410 5815 Psal.
2444 5774 2559 5825 xw,
2603 5757 2692 5814 16.
