4104 6444
286 333 356 399 ει
807 429 816 437 .
1033 341 1315 401 ORATIO
1341 341 1453 401 III.
1490 366 1560 378 -
1600 341 1684 402 IN
1727 343 1790 402 Β.
1820 342 2087 404 MARI/E
2138 341 2852 404 ANNUNTIATIONEM.
3511 339 3585 404 22

286 449 500 512 ἔδωκας
540 445 822 518 ποίμνιον,
852 447 998 502 δίδου
1041 450 1139 519 μὲν
1165 449 1314 519 ἡμᾶς
1353 451 1450 521 τῆς
1482 451 1762 523 ἁμαρτίας
1788 453 1883 506 τοῦ

1990 451 2272 510 credidisti
2305 466 2548 522 gregem,
2575 458 2777 522 praesta
2809 447 2993 512 nobis,
3026 458 3087 502 ut
3116 449 3328 518 peccati
3364 457 3580 506 tumen-

287 539 559 602 κλύδωνος
611 540 925 608 περιεῖναισ
959 539 1108 619 δοίης
1158 541 1216 594 δὲ
1261 540 1489 611 καὶτῆς
1533 541 1643 596 τῶν
1677 543 1888 614 ἐχθρῶν

284 632 608 701 τρικυμίας,
638 629 744 700 ὅση
773 646 832 684 τε
851 627 1192 698 ἀλλοφύλων,
1220 632 1315 685 καὶ
1342 633 1442 704 ὅπη
1473 632 1582 686 τῶν
1605 633 1887 702 ὁμογενῶν

286 725 657 779 ἐπανίσταται
685 739 700 755 ⁸
738 724 834 777 καὶ
861 724 964 796 τὴν
995 723 1096 795 σὴν
1127 725 1470 796 προστασίαν
1497 720 1588 780 οἷα
1621 725 1885 796 πηδάλιον

285 820 426 889 ἡμῖν
451 818 737 883 ἐπιδοῦσα,
761 817 1013 881 ἅπαντας
1038 817 1135 872 καὶ
1164 817 1634 888 κυϐερνωμένους,
1667 818 1762 871 καὶ
1791 817 1885 872 τὸν

284 906 329 978 ᾧ
359 909 465 981 τὴν
514 909 854 980 κυϐέρνησιν
884 909 1247 980 ἐνεχείρισας,
1284 911 1364 972 εἰς
1395 908 1487 962 τὸν
1513 907 1767 978 ἀκύμονα
1806 910 1888 962 λι-

287 1003 431 1072 μένα
452 1001 552 1056 τοῦ
585 1002 716 1056 Υἱοῦ
763 1019 860 1055 σου
895 1001 1236 1072 καθόρμισον
1263 1016 1278 1030 '
1313 1000 1442 1054 ἔνθα
1481 1002 1634 1054 πᾶσα
1662 1002 1888 1072 φαιδρόο

281 1110 410 1163 της,
437 1094 535 1146 καὶ
557 1092 904 1164 χαρμοσύνη,
928 1093 1023 1146 καὶ
1046 1094 1233 1156 ἄνεσις
1255 1110 1268 1124 ·
1297 1092 1428 1146 ἔνθα
1450 1091 1671 1147 πάντων
1697 1095 1889 1164 ἑορτα-

282 1182 495 1248 ζόντων
525 1184 554 1234 ὸ
573 1180 728 1254 ἦχος,
753 1184 851 1237 καὶ
874 1184 1095 1237 πάντων
1114 1183 1561 1254 εὐφραινομένων
1586 1185 1844 1236 κατοικία
1869 1199 1884 1214 ·

282 1276 344 1328 ἐν
373 1275 604 1347 Χριστῷ
645 1274 822 1344 Ἰησοῦ
849 1273 927 1345 τῷ
956 1275 1146 1344 Κυρίῳ
1172 1275 1351 1344 ἡμῶν,
1378 1267 1424 1343 ᾧ
1447 1273 1545 1326 σὺν
1571 1272 1650 1344 τῷ
1683 1273 1880 1343 Πατρὶ,

284 1367 406 1436 ἅμα
433 1366 516 1436 τῷ
547 1366 689 1436 ἁγίῳ
722 1366 1026 1437 Πνεῦματι,
1049 1365 1199 1432 δόξα,
1219 1364 1445 1435 κράτος,
1467 1364 1626 1436 τιμὴ,
1663 1363 1760 1419 νῦν
1788 1365 1885 1418 καὶ

283 1459 368 1520 εἰς
394 1458 527 1520 τούς
562 1457 764 1520 αἰῶνας
792 1456 904 1510 τῶν
935 1454 1170 1512 αἰώνων.
1226 1457 1420 1528 Ἀμήν.

930 1592 1150 1648 ΛΟΓΟΣ
1184 1591 1257 1646 Γ’.

283 1724 391 1788 Εις
424 1723 536 1775 τὸν
577 1719 1217 1794 Εὐαγγελισμὸνηόζε
1237 1722 1446 1794 -χαρὰν
1481 1723 1884 1794 εὐαγγελισθη

537 1789 882 1861 Παρθένος,
918 1789 1020 1844 καὶ
1064 1791 1103 1860 ἡ
1144 1789 1622 1862 ἀρὰκατελύθηζ

1996 551 2080 598 tes
2110 556 2439 613 superemus
2470 540 2706 605 ﬂuctus;
2755 547 2952 609 prmsta
2982 555 3135 604 vero,
3171 550 3227 594 nt
3251 551 3303 595 et
3338 541 3579 597 hostium

1995 635 2267 705 procellas
2297 631 2673 705 eludamus,.si
2702 645 2824 700 qua)
2845 639 2960 682 tum
2989 631 3268 686 extraneis
3306 634 3582 700 hostibus,

1993 735 2108 781 tum
2136 725 2458 781 domesticis
2485 724 2840 786 excitantur;
2875 729 3025 772 tuam
3058 721 3458 788 protectionem
3492 740 3584 794 gu-

1991 816 2278 871 bernaculi
2326 817 2503 870 instar
2554 812 2939 884 praetendens,
2995 811 3288 867 universos
3329 819 3444 866 tum
3485 816 3580 883 qui

1989 908 2390 978 gubernantur,
2411 917 2525 963 tum
2550 910 2730 979 ipsum
2755 911 2846 965 cui
2876 912 3203 968 commisisti
3239 912 3584 982 gubernandi

1988 1007 2206 1070 partes,
2235 1000 2289 1054 in
2323 1000 2679 1070 tranquillum
2744 999 2866 1056 Filii
2901 1002 2976 1056 tui
3008 1011 3224 1072 portum
3267 1000 3541 1056 subducas
3565 1041 3582 1064 ,

1991 1091 2080 1146 ubi
2111 1092 2300 1146 laetitia
2343 1092 2560 1155 omnis,
2600 1094 2976 1164 gaudiumque
3001 1133 3016 1156 ,
3072 1108 3136 1148 ac
3165 1093 3452 1157 remissio;
3489 1092 3580 1146 ubi

1988 1184 2235 1240 omnium
2268 1185 2608 1254 epulantium
2639 1200 2832 1251 sonus,
2865 1185 3222 1254 omniumque
3264 1185 3571 1238 laetantium

1993 1274 2258 1328 habitatio
2285 1291 2296 1324 :
2322 1276 2376 1328 in
2407 1273 2630 1329 Christo
2657 1273 2786 1330 Jesu
2821 1274 3053 1329 Domino
3081 1283 3300 1338 nostro,
3338 1275 3426 1328 cui
3458 1289 3581 1327 cum

1991 1364 2174 1429 Patre,
2209 1380 2429 1434 unaque
2462 1365 2674 1435 Spiritu
2711 1377 2926 1431 sancto,
2961 1365 3156 1433 gloria,
3196 1357 3458 1433 potestas,
3483 1365 3572 1416 ho-

1993 1472 2116 1524 nor,
2151 1471 2300 1512 nunc
2322 1465 2375 1511 et
2411 1456 2466 1511 in
2501 1457 2703 1512 saecula
2738 1457 3093 1511 szccnlorum.
3129 1455 3332 1510 Amen.

2583 1590 2844 1647 ORATIO
2907 1591 2996 1645 Ill.

1998 1723 2065 1778 In
2095 1725 2571 1778 Annuntiationem
2597 1766 2611 1789 ,
2652 1725 2866 1794 quando
2912 1724 3070 1793 Virgo
3116 1723 3356 1793 faustum
3401 1725 3584 1794 gaudii

2068 1797 2307 1848 nuntium
2337 1799 2556 1864 accepit,
2591 1811 2654 1848 ac
2685 1795 2988 1850 maledictio
3013 1795 3276 1849 dissoluta
3299 1806 3377 1850 est
3401 1796 3500 1866 (5).

1549 1909 1856 1979 (Counsrts.
1885 1907 1924 1961 l.
1963 1922 2014 1963 c.
2042 1923 2096 1976 p.
2127 1905 2315 1975 1652.)

361 2025 426 2078 '0
447 2022 562 2076 τῶν
589 2039 666 2075 πα
676 2021 942 2094 ρθενικῶν
964 2020 1209 2091 λαγόνων
1230 2022 1518 2088 ἀνατείλας
1540 2024 1730 2087 Ἥλιος
1749 2025 1887 2095 Χρι-

2064 2021 2166 2089 Qui
2199 2038 2264 2077 ex
2296 2020 2562 2090 virgineis
2607 2019 2701 2074 Sol
2731 2020 3038 2076 visceribus
3081 2020 3288 2084 oriens,
3321 2020 3579 2076 Christus

280 2117 407 2180 στδς
446 2119 476 2170 ὁ
505 2115 674 2180 Θεὸς,
715 2115 809 2167 καὶ
839 2115 1082 2186 σήμερον
1111 2116 1171 2169 τὸ
1212 2117 1482 2189 ἡμέτερον
1511 2117 1614 2187 τῆς
1653 2117 1884 2188 καρδίας

276 2208 600 2279 διαλάμψας
628 2207 852 2277 χωρίον,
882 2202 974 2261 οἷά
1001 2225 1120 2261 τινα
1149 2207 1286 2280 ἄνθη
1322 2209 1448 2272 τοὺς
1478 2209 1672 2278 λόγους
1698 2209 1883 2262 δίδωσι

279 2303 473 2373 φέρειν
497 2302 630 2370 ὑμῖν
655 2302 704 2351 ⁸.
738 2300 849 2353 Καί
883 2317 997 2370 μοι,
1025 2299 1276 2372 καθάπερ
1300 2301 1583 2371 παλάμας,
1606 2301 1706 2364 τὰς
1742 2317 1881 2370 καρ-

277 2395 418 2458 δίας,
456 2395 524 2446 ἂν
553 2395 662 2461 ἄρα
689 2409 742 2445 τι
767 2393 1043 2462 χρήσιμον
1068 2392 1280 2463 ὀρῴητε
1303 2392 1732 2462 άπανθιζόμενοι
1765 2392 1877 2447 δια·

277 2487 538 2540 πλώσατε
563 2502 580 2517 ·
613 2484 740 2556 Θεῷ
767 2485 868 2556 τὴν
902 2485 1064 2556 χάριν
1096 2486 1485 2556 ἀντιφέροντες
1507 2527 1523 2551 ,
1556 2487 1687 2556 παρ’
1722 2477 1784 2538 οὗ
1814 2485 1884 2538 τὰ

277 2579 553 2634 κάλλιστα
576 2580 730 2649 κοινῇ
756 2577 1052 2648 τρυγῶμεν
1077 2594 1092 2608 ’
1115 2576 1275 2630 τοῦτο
1297 2578 1396 2646 μὲν
1416 2577 1692 2646 ἑλομένοις
1715 2594 1767 2629 τι
1776 2577 1882 2646 μᾷν

275 2675 381 2744 τὴν
406 2672 723 2742 πανήγύριν
745 2685 760 2701 ο
781 2670 938 2723 τοῦτο
960 2669 1004 2722 δ’
1027 2669 1252 2738 άιροσιου
1263 2667 1444 2739 μένοις
1465 2668 1557 2722 τὸν
1581 2667 1716 2739 πρὸς
1740 2668 1884 2737 ὑμᾶς

277 2764 577 2832 ἐγκάρδιον
599 2764 700 2832 τῆς
752 2761 1136 2832 πνευματικῆς
1187 2761 1410 2830 ἀγάπης
1451 2758 1651 2827 ἔρωτα.
1717 2758 1884 2810 Ἀλλὰ

275 2851 444 2922 δεῦρό
476 2867 590 2922 μοι,
619 2849 920 2920 δημαγωγέ
945 2848 1055 2902 τῶν
1088 2851 1202 2905 ἄνω
1237 2849 1449 2921 δήμων,
1467 2848 1565 2912 τὰς
1598 2848 1884 2919 οὐρανίους

277 2944 478 3012 ἀψίδας
493 2943 836 3011 καταλιπὼν,
855 2945 923 3014 τῇ
952 2943 1213 3013 Παρθένῳ
1229 2943 1287 2995 λε
1298 2943 1408 2997 ιτού
1418 2959 1639 3012 ργησον.
1664 2939 1884 3007 Ἔξεστί

279 3052 363 3089 σοι
388 3036 501 3104 γὰρ
528 3035 626 3086 καὶ
646 3033 743 3086 νῦν
767 3035 870 3087 οὐκ
896 3035 979 3096 είς
1002 3032 1258 3101 Ναζαρὲτ
1285 3032 1570 3085 ἐπιστάντι
1607 3029 1885 3099 Ἰουδαῖκῷ

278 3128 494 3198 ἴ,θρέψ’
530 3126 648 3180 ἀλλ’
701 3126 778 3189 ὼς
826 3125 1046 3195 ἀληθῶς
1077 3127 1135 3178 ἐν
1179 3127 1247 3193 τῇ
1285 3125 1440 3178 πόλει
1483 3122 1579 3177 τοῦ
1611 3122 1884 3186 Βασιλέως

279 3220 517 3291 Κυρίου,
549 3218 613 3272 τὸ
660 3219 806 3272 θεῖον
844 3217 1012 3271 αὐτοῦ
1044 3219 1143 3288 τῆς
1180 3217 1340 3287 δόξης
1378 3217 1682 3285 ἀνάκτορον
1714 3231 1884 3268 κατα-

281 3312 504 3380 στέφειν
535 3315 659 3374 ταῖς
688 3310 1010 3381 εὐφημίαις.
1051 3311 1292 3382 Πάρεστί
1324 3325 1406 3362 σοι
1439 3307 1530 3362 καὶ
1557 3307 1651 3361 νῦν
1682 3309 1746 3377 τῇ
1775 3322 1884 3362 πα-

1991 2116 2158 2178 Deus,
2187 2115 2459 2184 hodieque
2489 2113 2664 2167 nostri
2725 2113 2914 2167 cordis
2950 2112 3230 2182 regionem
3259 2112 3584 2177 illustravit,

1989 2208 2150 2278 quasi
2184 2204 2350 2260 ﬂores
2381 2205 2672 2274 quosdam,
2717 2202 3036 2258 orationem
3064 2201 3316 2272 proferre
3347 2203 3583 2271 tribuit;

1989 2301 2266 2370 velimque
2313 2305 2370 2352 ut
2416 2313 2512 2353 vos
2580 2303 2803 2368 pectora
2850 2298 3028 2350 instar
3062 2309 3328 2350 manuum
3372 2295 3438 2350 ad
3487 2295 3586 2350 de-

1989 2389 2323 2461 cerpendum
2359 2388 2680 2457 explieetis,
2732 2387 2777 2444 si
2815 2385 2946 2456 quid
3006 2385 3354 2440 conducibile
3414 2400 3577 2455 aspe-

1997 2484 2112 2539 ctui
2150 2491 2448 2548 occurrat;
2481 2480 2594 2534 Deo
2632 2477 2874 2533 vicissim
2894 2477 3100 2547 gratias
3129 2483 3376 2544 agentes.
3414 2493 3442 2529 a
3475 2491 3585 2546 quo

1995 2574 2366 2646 pulcherrima
2395 2587 2625 2642 quaeque
2653 2569 2936 2624 communi
2985 2582 3153 2622 usura
3195 2567 3584 2636 decerpimus:

1993 2664 2208 2727 tribuit,
2240 2663 2490 2733 inquam,
2529 2675 2636 2732 qua
2681 2668 2740 2714 ut
2771 2659 3178 2714 solemnitatem
3217 2657 3432 2712 honore
3460 2673 3587 2727 pro-

1991 2771 2331 2827 sequamur,
2363 2768 2470 2824 qua
2506 2761 2567 2806 ut
2605 2751 2872 2822 spiritalis
2922 2749 3238 2805 dilectionis
3263 2788 3276 2810 .
3310 2751 3484 2803 nostri
3523 2750 3580 2805 in

1992 2863 2089 2902 vos
2112 2888 2127 2912 ,
2157 2847 2308 2902 cordi
2352 2846 2609 2900 lnercntis
2639 2845 2868 2906 amoris,
2898 2842 3145 2896 debitum
3179 2842 3584 2910 persolvamus.

1992 2940 2192 2996 Verum
2242 2940 2850 3005 adesto,supernorum
2903 2933 3230 3004 populorum
3289 2934 3484 2986 ductor
3517 2946 3586 2988 ac

1992 3035 2290 3105 princeps;
2339 3031 2661 3100 relictisque
2709 3026 3030 3082 caelestibus
3087 3025 3316 3091 axibus,
3373 3023 3587 3094 Virgini
3633 3030 3636 3032 ⁷

1993 3124 2362 3180 ministerium
2404 3119 2678 3192 impende.
2715 3118 2854 3170 Nam
2903 3123 2957 3170 et
2987 3116 3148 3169 modo
3179 3115 3276 3169 tibi
3320 3115 3489 3178 licet,
3526 3123 3586 3167 ιιι

1993 3233 2101 3272 non
2143 3217 2196 3270 in
2243 3214 2554 3279 Nazareth,
2604 3209 2888 3265 Judaicam
2941 3207 3160 3261 delatus
3193 3207 3529 3275 provinciam
3560 3244 3577 3269 ,

1993 3307 2086 3364 sed
2122 3316 2179 3361 ut
2208 3308 2453 3377 profecto
2488 3305 2541 3357 in
2575 3303 2738 3372 Regis
2780 3297 2996 3353 Domini
3079 3296 3358 3352 civitatem
3382 3338 3396 3362 ,
3442 3295 3586 3350 divi-

280 3405 438 3460 στάδι
469 3404 566 3457 τοῦ
599 3403 946 3471 Μονογενοῦς
985 3403 1332 3473 προσφωνεῖν
1378 3401 1476 3470 τὴν
1521 3399 1730 3468 χαράν,
1779 3399 1878 3468 ἣν,

1990 3416 2118 3454 num
2150 3399 2270 3466 ejus
2300 3396 2490 3468 gloria:
2520 3395 2782 3463 templum
2845 3388 3039 3444 faustis
3094 3387 3588 3442 acclamationibus

280 3497 452 3550 πάλαι
482 3497 625 3567 αὐτῇ
657 3494 1185 3564 εὐαγγελιζόμενοςζ
1225 3493 1428 3564 μᾶλλον
1464 3492 1542 3552 δὲ,
1573 3491 1640 3543 δι’
1666 3489 1882 3559 ἐκείνης

280 3589 472 3659 ἁπάσῃ
595 3588 917 3660 οίκουμένῃ,
949 3587 1207 3655 ἐϐόησας.
1237 3586 1352 3638 Νῦν
1386 3585 1623 3656 μάλιστα
1650 3581 1883 3651 διαπρύ-

280 3697 395 3731 σιον
420 3677 497 3746 τῇ
525 3677 976 3748 κεχαριτωμένη
1009 3677 1069 3730 τὸ
1100 3676 1296 3744 Χαῖρε,
1325 3675 1470 3738 εἰπὲ,
1500 3675 1568 3728 δι’
1597 3669 1666 3743 ἧς
1701 3676 1728 3726 ὁ
1751 3671 1884 3735 Θεὸς

282 3771 374 3821 καὶ
409 3768 629 3838 Πατὴρ,
665 3768 700 3820 ἂ
727 3769 832 3836 πρὸ
859 3767 970 3820 τῶν
993 3768 1206 3820 αἰώνων
1240 3765 1590 3836 βεϐούλευται
1609 3804 1623 3827 ,
1655 3763 1753 3833 τὴν
1776 3761 1884 3814 τῶν

280 3862 376 3914 ἀνθ
387 3859 596 3932 ρώπων
619 3859 972 3929 καταλλαγὴν
993 3899 1008 3923 ,
1033 3857 1301 3929 ἐπιδημίᾳ
1319 3857 1414 3910 τοῦ
1437 3854 1725 3926 ἀγαπητοῦ
1751 3854 1883 3908 Υἱοῦ

279 3955 336 4006 ἐν
363 3953 512 4021 ἁγίῳ
554 3952 837 4021 Πνεύματι
891 3950 1262 4023 ἐξεπλήρωσε.
1307 3949 1478 4004 Πάλαι
1521 3949 1629 4018 γάρ
1687 3947 1785 4017 μὲν
1817 3946 1884 3999 δι’

283 4042 525 4111 ὑποψίας
567 4042 740 4094 ὄντων
765 4043 830 4112 τῇ
864 4040 1127 4111 Παρθένῳ
1156 4040 1265 4094 τῶν
1299 4038 1635 4108 εὐαγγελίων
1677 4036 1882 4107 (παρά-

276 4135 404 4198 δοξα
433 4134 548 4201 γὰρ
575 4132 728 4204 παρὰ
753 4134 934 4187 πάντα
959 4133 1116 4200 λόγον
1144 4131 1308 4202 ἐῴκει
1330 4132 1428 4202 τῆς
1457 4130 1708 4199 φύσεως)
1735 4128 1886 4191 εἰκός

282 4242 340 4277 σε
383 4225 511 4294 μεθ’
543 4224 850 4294 ὑποστολῆς
884 4225 946 4277 τὸ
979 4225 1156 4292 Χαῖρε
1184 4224 1314 4294 βοᾷν
1338 4239 1352 4254 ο
1382 4221 1478 4275 νῦν
1511 4221 1587 4285 δὲ,
1621 4219 1719 4290 τὴν
1745 4219 1887 4290 παῤ-

279 4318 480 4387 ρησίαν
509 4315 670 4368 οὐδὲν
697 4315 1093 4386 ὑποτέμνεται.
1121 4312 1338 4368 Οὐκοῦν
1365 4312 1426 4365 οὐ
1460 4308 1883 4382 προσταράξεις,

1985 3507 2050 3546 ac
2085 3490 2342 3544 laudibus
2388 3503 2644 3542 corones.
2684 3484 3008 3553 Promptum
3042 3489 3158 3544 est,
3191 3487 3252 3534 ιιι
3279 3496 3427 3534 nunc
3453 3494 3586 3549 quo-

1985 3598 2092 3653 que
2125 3578 2404 3650 Unigeniti
2443 3578 2686 3630 thalamo
2712 3574 2988 3627 acelames
3012 3572 3160 3641 quod
3195 3569 3242 3624 ei
3278 3570 3408 3624 olim
3438 3587 3579 3623 nun-

1986 3673 2134 3728 tiasti
2161 3711 2174 3736 ,
2209 3671 2294 3725 vel
2348 3669 2533 3740 potius
2563 3683 2661 3738 per
2690 3681 2811 3720 eam
2865 3665 3126 3718 universo
3155 3671 3429 3715 terrarum
3466 3660 3587 3714 orbi

1987 3762 2324 3820 inclamasti.
2350 3761 2505 3816 Nunc
2534 3760 2772 3812 maxime
2836 3758 2985 3811 clara
3028 3769 3090 3810 ac
3123 3752 3446 3822 penetrabili
3487 3766 3585 3804 vo-

1985 3873 2046 3913 ce
2071 3898 2085 3922 ,
2117 3858 2166 3912 ei
2191 3857 2356 3911 dicito
2391 3855 2517 3918 Ave,
2547 3867 2668 3921 quae
2688 3851 2904 3905 exsistit
2941 3849 3114 3917 gratia
3129 3847 3284 3912 plena
3311 3845 3453 3907 ¹¹⁶¹²,
3491 3856 3589 3912 per

1985 3965 2150 4017 quam
2200 3946 2345 4000 Deus
2393 3959 2458 3998 ac
2487 3943 2648 3995 Pater
2673 3979 2688 4002 .
2728 3955 2850 4008 quae
2883 3939 3100 3992 smeulis
3133 3935 3393 3989 anteriori
3439 3949 3578 3987 con-

1987 4039 2114 4093 silio
2167 4045 2484 4097 statuerat,
2529 4031 2809 4085 hominum
2863 4028 3121 4081 videlicet
3171 4022 3586 4079 reconciliatio-

1987 4144 2133 4193 nem,
2157 4129 2392 4182 adventu
2428 4122 2746 4179 charissimi
2781 4119 2902 4174 Filii
2933 4118 3116 4181 sui,in
3151 4116 3359 4185 Spiritu
3389 4124 3585 4168 sancto

1987 4217 2326 4288 azlimplevit.
2379 4213 2520 4268 Olim
2575 4211 2800 4282 quidem
2857 4224 2983 4262 cum
3046 4207 3263 4260 faustus
3310 4205 3581 4273 ejttsnzodi

1989 4311 2218 4365 nuntius
2253 4304 2463 4374 Virgini
2495 4311 2798 4370 suspectus
2829 4307 2977 4352 esset
3005 4313 3019 4360 ;
3049 4311 3226 4349 novus
3254 4299 3480 4364 quippe,
3519 4310 3585 4347 ac

279 4410 399 4462 οὐδέ
463 4408 779 4478 θαμϐἡσεις
826 4411 894 4480 τῇ
947 4409 1107 4478 λαλιᾷ
1156 4406 1256 4478 τὴν
1291 4406 1571 4477 Παρθένον
1597 4445 1612 4470 ,
1643 4403 1738 4458 ἐπὶ
1776 4403 1886 4456 τῶν

1990 4408 2183 4456 contra
2207 4405 2422 4452 natura:
2444 4404 2613 4448 totam
2652 4392 2946 4450 rationem,
2972 4387 3297 4450 videbatur;
3331 4387 3586 4450 decebat,

281 4500 640 4572 πραγμάτων
673 4500 745 4554 τά
782 4479 1193 4569 σὰνεύαγγέλια
1231 4497 1572 4568 καθορῶσαν.
1613 4494 1886 4564 Πρόσελθε

1991 4479 2184 4547 utnon
2221 4489 2344 4546 sine
2378 4485 2678 4542 formidine
2713 4486 2816 4538 Ave
2865 4481 2998 4536 illud
3036 4481 3400 4534 inclamares:
3437 4494 3585 4532 nunc

279 4571 372 4646 καὶ
415 4591 679 4659 φθέγξαι,
723 4593 847 4662 οὐχὶ
877 4593 947 4644 τά
977 4591 1183 4646 παλαιὰ
1218 4591 1401 4642 ἐκεῖνα
1436 4605 1450 4620 ·
1486 4587 1786 4655 Συλλήψῃ
1819 4585 1888 4638 ἐν

1992 4595 2174 4640 autem
2224 4583 2363 4638 nihil
2408 4589 2493 4635 est
2525 4578 2671 4650 quod
2724 4577 3032 4630 libertatem
3088 4573 3373 4643 impediat.
3423 4571 3580 4625 Haud

277 4682 522 4750 γαστρί,
556 4682 660 4735 καὶ
713 4681 856 4748 τέξῃ
887 4683 1053 4735 υἱόν·
1086 4681 1247 4751 ἐξέϐη
1279 4680 1387 4750 γάρ
1413 4691 1428 4709 ⁸
1469 4677 1605 4732 ἀλλὰ
1635 4677 1719 4744 τί;
1759 4677 1888 4728 Συν-

1994 4679 2183 4746 itaque
2234 4675 2414 4728 denuo
2443 4669 2725 4739 Virginem
2771 4665 3044 4726 turbabis,
3072 4678 3174 4719 nec
3207 4664 3259 4716 in
3297 4670 3582 4730 stuporem

280 4769 480 4833 ἔλαϐες
506 4773 566 4822 ἐν
599 4771 802 4840 γαστρὶ
825 4770 919 4836 τὸν
966 4770 1372 4840 ἐπειλημμένον
1404 4769 1660 4822 ἁπάντων
1681 4784 1694 4796 ·
1745 4767 1886 4837 ἐχώ-

1990 4785 2056 4824 ex
2101 4781 2354 4822 sermone
2381 4762 2646 4833 conjicies
2668 4799 2683 4824 ,
2729 4761 2931 4830 quippe
2962 4771 3088 4811 cum
3119 4762 3312 4810 cernat
3359 4769 3421 4809 ea
3456 4768 3580 4824 quze

281 4876 490 4929 ρησας,
520 4861 584 4913 ὃν
627 4860 792 4925 κῦτος
821 4862 1070 4934 οὐρανῶν
1098 4863 1160 4915 οὐ
1189 4864 1399 4933 χωρεῖ’
1445 4861 1778 4923 ἐϐάστασας,
1820 4851 1883 4912 οὐ

1990 4857 2280 4920 nuntiasti,
2303 4855 2414 4924 jam
2445 4853 2625 4922 reipsa
2668 4865 2792 4905 esse
2821 4849 3116 4915 completa.
3167 4845 3383 4900 Accede
3409 4861 3474 4899 ac
3507 4847 3584 4898 Io-

279 4951 461 5002 πάντα
492 4950 830 5019 βαστάζεται
865 4952 942 5023 τῷ
969 4954 1223 5023 νεύματι.
1261 4954 1490 5016 Ἔτεκες
1522 4954 1606 5006 ἐπ’
1635 4953 1882 5020 ἐσχάτων

1990 4965 2180 5020 quere,
2208 4963 2319 5001 non
2355 4947 2445 5023 illa
2478 4954 2701 4998 vetera:
2740 4940 3014 5008 Concipies
3040 4940 3094 4992 in
3123 4949 3294 5002 utero,
3334 4946 3383 4990 et
3407 4937 3581 5006 paries

277 5041 384 5092 τῶν
437 5018 708 5113 ἡμερῶν,
757 5043 818 5096 ὃν
850 5018 957 5116 πρὸ
1002 5018 1216 5100 alii)va
1255 5045 1548 5117 ἐγέννησεν
1585 5047 1612 5098 ὁ
1663 5018 1874 5115 Πατήρ.

1990 5018 2158 5112 filium
2191 5041 2274 5093 “z
2320 5018 2436 5092 haec
2481 5035 2629 5091 enim
2693 5033 2808 5104 jam
2847 5037 3150 5086 evenerunt
3185 5028 3360 5099 :quid
3411 5028 3582 5096 ergo?

351 5177 478 5209 ²¹’²¹
502 5176 641 5234 Luc.
676 5194 716 5244 t,
743 5181 837 5237 28.
913 5183 959 5215 "
990 5182 1100 5238 ibid
1134 5183 1227 5238 51.

1578 5293 1814 5351 VABIA'I
1855 5291 2153 5349 LECTIUN
2162 5289 2267 5345 ES.

354 5396 377 5425 ⁸
409 5387 497 5445 ῖσ.
527 5392 683 5464 ἡμῖν.
1804 5455 2036 5513 NOTAE.

356 5565 434 5633 (5)
459 5562 727 5618 Ediderat
747 5559 1040 5633 Gretserus
1062 5558 1354 5633 septimam
1384 5571 1397 5608 :
1432 5553 1595 5609 malui
1621 5569 1730 5633 ego
1749 5554 1865 5608 edi-
1971 5552 2263 5633 imperium
2314 5550 2663 5633 istaorasse.
2707 5537 3194 5633 Pauculjrsttn‘tniﬂ

286 5606 974 5702 taruinuab‘ipso'prirnain
999 5606 1200 5702 riovurm
1221 5627 1404 5692 edere,
1424 5606 1592 5694 quem
1613 5606 1862 5678 dial—idem
1973 5606 2177 5691 pla‘euit
2210 5620 2450 5702 G_rctseri
2480 5618 2683 5702 versit),
2744 5625 3062 5702 quanquam
3089 5609 3207 5689 fuit
3225 5621 3306 5659 Vll'
3329 5606 3536 5702 doettts'

496 5675 1864 5773 ἷόεέἒξνὲὶὲξ’ἐῖἱιὲιῖιῖίξὶίεξέὲῐεζ’έέὲοριέιῖιέιὶιιςυ.
1973 5675 2096 5762 qua:
2129 5693 2438 5772 tu,_lector,
2466 5675 2681 5746 collata
2703 5675 3002 5755 utri-usque
3062 5678 3325 5738 versione
3372 5675 3571 5732 melius

292 5789 406 5834 tum
442 5764 694 5841 ratione;
741 5771 1018 5843 signiﬁcat
1051 5764 1331 5826 enim’Lco
1363 5781 1556 5822 reccns
1608 5765 1864 5838 adeptum
1973 5764 2282 5820 censueris.
