4104 6450
559 323 633 384 23
1787 318 2066 377 LEONIS
2098 319 2158 379 Ρ]

2262 319 2426 378 QOSO
2433 320 2530 379 PH
2542 320 2563 377 f
3745 316 3816 378 94

542 432 874 503 νιέοιιορρὶεῑί
916 431 970 486 in
1005 439 1181 495 utero,
1216 444 1279 485 ac
1301 445 1423 484 eum
1452 431 1734 499 complexa
1760 448 1841 493 es,
1870 434 1961 500 qui
1996 448 2143 486 com-

2262 436 2511 504 Πρόσθες,
2544 438 2593 488 εί
2634 434 2837 504 βούλει,
2866 452 2963 503 την
3002 432 3289 504 ἐπαινέτην
3318 432 3410 497 τοῦ
3452 432 3670 501 γυναίου
3705 450 3823 501 φω-

566 524 825 595 plectitur
847 522 1029 576 omnia
1057 539 1070 573 :
1106 535 1302 589 capere
1344 522 1521 584 licuit,
1554 537 1714 587 quem
1748 522 1873 576 coeli
1901 524 2138 576 latitudo

2262 528 2356 596 νήν-
2390 528 2668 593 Μακαρία
2696 526 2733 591 ἡ
2783 527 2983 580 κοιλία
3009 542 3145 580 σου.
3184 526 3391 587 Ὄντως
3423 523 3532 595 γὰρ
3575 522 3824 593 μακαρία

567 632 673 669 non
706 613 853 681 capit
881 632 894 666 :
954 626 1077 666 eum
1117 614 1347 681 portasti
1373 651 1387 674 ,
1421 612 1583 678 cujus
1614 614 1797 666 omnia
1850 621 1983 665 nuttt
2015 628 2144 680 por-

2262 618 2274 684 j
2303 614 2539 667 τεκοῦσα
2564 615 2657 668 τὸν
2682 616 3020 669 ἁποτεκόντα
3045 614 3113 668 τὰ
3142 615 3323 669 πάντα
3350 615 3427 683 τῷ
3458 614 3599 681 λόγῳ
3624 628 3637 641 ο
3669 614 3702 682 ἡ
3732 612 3826 664 τὸν

567 711 770 757 tantur.
795 700 1060 769 Peperisti
1096 700 1412 754 novissimis
1437 702 1775 768 temporibus
1805 717 1953 765 eum,
1980 717 2141 770 quem

2262 704 2492 773 ιὺράνιον
2534 704 2697 775 ἄρτον
2724 706 3015 775 φυράσασα
3038 722 3052 737 ·
3093 706 3161 759 δι’
3190 702 3258 778 ἦς
3306 707 3338 776 ἡ
3402 706 3689 775 ὑπερόριος
3722 705 3829 757 ἀπ-

568 802 693 847 ante
732 791 930 845 saecula
972 791 1135 843 Pater
1170 789 1380 860 genuit.
1433 790 1584 844 Adde
1616 831 1630 854 ,
1682 793 1726 845 si
1771 791 1939 853 libet,
1973 806 2146 845 enco-

565 879 873 934 tuiasticam
918 895 1133 948 quoque
1174 880 1322 932 illam
1376 881 1625 935 mulieris
1663 895 1894 935 vocem:
1948 881 2146 935 Beatus

567 980 740 1025 center
773 970 987 1025 tuus“.
1046 969 1185 1025 Vere
1236 970 1381 1025 enim
1426 970 1620 1026 beatus
1659 972 1750 1040 qui
1802 986 1925 1025 eum
1992 980 2150 1041 partu

566 1062 800 1116 ediderit
828 1061 922 1129 qui
973 1062 1144 1117 verbo
1183 1062 1359 1116 edidit
1406 1065 1706 1119 universa:
1741 1062 1833 1132 qui
1868 1064 2146 1117 cmlestem

568 1152 719 1205 illum
757 1167 950 1220 panem
1002 1152 1265 1217 miscuit;
1306 1152 1467 1221 cujus
1501 1168 1699 1222 opera,
1741 1153 2022 1207 decretum
2054 1168 2150 1206 ex-

570 1245 677 1298 silii
708 1245 975 1299 adversus
1006 1245 1391 1299 inobedientiae
1421 1260 1545 1299 reos
1576 1247 1949 1314 conscriptum
1975 1282 1990 1307 ,
2014 1244 2148 1298 abo-

568 1336 726 1389 litum
749 1346 834 1392 est
860 1352 875 1401 ;
922 1338 1237 1401 scitumque
1275 1336 1481 1411 factum
1509 1377 1524 1401 ,
1561 1336 1709 1405 quod
1740 1337 1804 1389 ad
1834 1336 2146 1404 primaevam

570 1428 805 1495 patriam
852 1427 1165 1483 revertendi
1222 1427 1457 1482 facultas
1498 1427 1915 1482 concederetur.
1963 1424 2150 1494 Neque

2243 795 2496 864 ἡλειπται
2534 796 2719 865 γραφὴ
2770 798 2883 860 τοῖς
2904 799 2967 849 ὲκ
3005 797 3289 867 παρακοῆς
3340 795 3686 857 καταδίκοις,
3730 794 3829 846 καὶ

2254 884 2416 937 πάλιν
2442 886 2539 953 τῆς
2584 886 2817 955 ἀρχαίας
2851 886 3147 940 ἐπιϐαίνειν
3182 885 3438 954 πατρίδος
3465 883 3682 953 ἐγράφη
3720 882 3832 951 ψῆ-

2256 993 2374 1044 φος.
2434 976 2567 1029 Οὐδὲ
2603 977 2761 1029 τοῦτο
2812 978 2978 1048 ἐρεῖς,
3033 978 3095 1029 τὸ
3140 978 3291 1029 ποῖον
3336 977 3419 1029 ὃτι
3480 974 3729 1038 καλέσεις
3768 974 3832 1025 τὸ

2255 1068 2426 1136 ὄνομα
2465 1067 2663 1121 αὑτοῦ·
2697 1068 2809 1121 ἀλλ’
2841 1068 3015 1130 εἴποις
3045 1068 3143 1122 ἄν·
3177 1068 3284 1120 Ἴδε
3318 1083 3398 1119 σοι
3430 1066 3497 1120 τὰ
3532 1063 3833 1132 εὐαγγέλια

2256 1154 2336 1218 οἷς
2367 1158 2531 1211 πάλαι
2566 1158 2952 1228 ἡμφισϐήτεις,
2992 1158 3095 1211 ἀνὰ
3123 1159 3303 1210 πᾶσαν
3326 1157 3424 1227 τὴν
3454 1159 3556 1226 γῆν
3586 1155 3834 1224 μεγαλύ-

2258 1267 2428 1302 νεται.
2474 1249 2703 1318 Σωτῆρα
2752 1249 2859 1318 γὰρ
2907 1250 2997 1301 τὸν
3026 1248 3116 1301 σὺν
3161 1249 3289 1301 Υἱδν
3340 1250 3518 1302 πάντα
3556 1248 3835 1316 καυχᾶται

2258 1339 2668 1408 ὲπικεκλημένα
2702 1338 2768 1392 τὰ
2798 1338 3032 1408 πέρατα,
3058 1338 3115 1409 ὲν
3144 1337 3293 1406 αὑτῷ
3326 1338 3484 1407 μόνον
3515 1336 3612 1406 τὴν
3653 1353 3835 1405 σωτη·

2260 1426 2381 1496 ρίαν
2406 1427 2463 1478 εὐ
2473 1428 2701 1497 ρὰμενα.
3504 1431 3511 1437 ”

571 1516 703 1570 illud
754 1517 1033 1586 proferes,
1068 1519 1342 1586 quodnam
1366 1518 1487 1586 ejus
1528 1518 1604 1573 sis
1629 1524 1883 1572 vocatura
1919 1530 2157 1583 nomen;
2198 1518 2290 1573 sed
2333 1518 2515 1572 dices:
2552 1517 2691 1572 Ecce
2743 1519 2943 1587 reipsa,
2973 1518 3041 1573 de
3061 1519 3263 1588 quibus
3333 1518 3462 1571 olim
3520 1519 3836 1582 dubitabas,

572 1609 756 1664 fausta
802 1607 991 1660 nuntia
1013 1646 1027 1668 ,
1057 1616 1172 1660 toto
1198 1607 1344 1661 clare
1369 1606 1713 1661 celebrantur
1741 1607 1896 1663 orbe.
1932 1605 2151 1664 Omnes
2182 1608 2329 1663 enim
2362 1609 2496 1663 fines
2529 1621 2685 1663 terra:
2715 1610 3021 1679 gloriantur
3052 1611 3130 1663 tui
3165 1609 3288 1665 Filii
3352 1612 3720 1677 invocatione,
3778 1616 3836 1668 iu

573 1717 685 1772 quo
724 1701 842 1754 solo
864 1700 1123 1752 invenere
1155 1697 1412 1750 salutem.

645 1792 856 1860 Ergone
884 1790 1137 1843 thronum
1185 1788 1349 1844 David
1384 1792 1727 1860 proparentis
1771 1792 1970 1848 tacitus
2005 1807 2143 1862 prze-
2174 1801 2216 1853 Β

572 1882 763 1935 teribis
789 1920 804 1946 ,
838 1894 904 1931 an
955 1879 1038 1932 vel
1082 1878 1137 1931 in
1178 1879 1370 1948 primis
1406 1880 1526 1949 ejus
1572 1880 1740 1935 facies
1776 1882 2151 1935 mentientem?

572 1971 799 2035 Cernis,
828 1971 996 2038 Virgo
1019 2010 1033 2033 ,
1067 1985 1188 2038 quze
1232 1970 1331 2024 tibi
1376 1972 1505 2026 olim
1541 1973 1893 2026 mmtiabam?
1920 1972 2147 2035 Cernis,

572 2070 770 2130 quanta
800 2062 969 2130 gloria
996 2060 1165 2117 Filius
1199 2072 1323 2118 tuus
1351 2072 1636 2132 paternum
1687 2064 1885 2118 solium
1927 2064 2152 2116 teneat?

572 2153 687 2207 Non
732 2155 877 2208 enim
930 2162 1142 2207 tantum
1201 2169 1363 2207 unam
1426 2156 1711 2211 nationem
1781 2156 1990 2211 ditionc
2059 2173 2149 2210 rc-

573 2247 694 2314 git,
765 2260 944 2314 neque
1001 2261 1165 2299 unam
1250 2245 1584 2316 provinciam
1670 2247 1886 2317 exiguis
1966 2248 2156 2302 termi-

574 2339 663 2392 nis
695 2338 1205 2407 circumscriptam;
1253 2338 1345 2393 sed
1395 2340 1600 2407 pariter
1644 2340 1698 2392 in
1767 2340 1954 2393 omnia
1988 2341 2154 2395 coale-

574 2428 702 2492 stia,
722 2428 1024 2489 terrestria,
1058 2438 1112 2483 et
1137 2428 1310 2482 infera
1338 2430 1767 2484 dominationem
1800 2431 1984 2485 habet.
2012 2431 2152 2496 Quid

576 2516 784 2583 igitur?
816 2518 895 2568 An
939 2517 1117 2570 adhuc
1140 2558 1155 2582 ,
1188 2532 1220 2571 o
1250 2518 1492 2573 caelestis
1529 2534 1727 2588 praeco,
1770 2530 1917 2574 tuam
1961 2523 2149 2577 nobis-

576 2622 701 2659 cum
732 2607 1099 2660 laudationem
1130 2608 1471 2678 conjunges?
1493 2625 1559 2662 an
1584 2621 1642 2663 ut
1672 2627 1778 2664 non
1810 2612 2032 2681 ignarus
2057 2629 2153 2668 eo-

577 2713 721 2759 rum,
748 2697 946 2766 quibus
975 2698 1246 2767 praeconia
1278 2706 1368 2751 tua
1420 2698 1579 2767 longe
1613 2702 1970 2757 excellentius
1996 2718 2155 2756 exor-

578 2801 699 2849 nes,
727 2794 833 2839 tam
861 2788 1110 2856 grandia,
1147 2789 1534 2843 communione
1570 2799 1769 2846 nostra:
1804 2792 2151 2857 humilitatis,

579 2893 924 2947 nequaquam
953 2879 1184 2948 deprimi
1216 2880 1487 2955 patieris?
1518 2880 1683 2935 Plane
1718 2882 1865 2935 enim
1898 2883 2000 2937 alia
2025 2899 2156 2953 pro-

581 2967 1022 3038 feres,quaeque
1072 2970 1211 3024 haud
1267 2970 1426 3023 facile
1464 2970 1516 3023 in
1576 2971 1990 3041 intelligentiam
2056 2989 2156 3027 no-

580 3065 775 3120 stram,
804 3065 1021 3111 terrena
1056 3058 1317 3112 nimirum
1356 3059 1587 3128 caligine
1616 3058 2029 3127 circumfusam,
2061 3075 2155 3115 ca-

2320 1787 2442 1857 Ἃρ*
2475 1783 2568 1839 οὖν
2601 1784 2742 1854 ὲῴης
2769 1784 2857 1837 τὸν
2887 1784 3074 1853 θρόνον
3115 1784 3277 1836 Δαδὶδ
3308 1783 3401 1837 τοῦ
3449 1786 3799 1857 προπάτορος
3819 1828 3837 1852 ,

2253 1878 2285 1949 ἢ
2315 1878 2530 1930 πάντων
2571 1874 2805 1942 μάλιστα
2838 1872 2995 1925 τοῦτο
3034 1874 3212 1943 ὲρεῖς;
3261 1875 3459 1943 Ὁρᾷς,
3495 1876 3759 1946 ιῐαρθένε.
3802 1878 3841 1931 δι

2253 1970 2420 2022 πάλαι
2462 1968 2695 2038 ἐμήνυον
2724 1982 2738 2030 ;
2801 1966 2985 2035 Ὁρᾷς,
3018 1965 3134 2034 μεθ’
3165 1966 3295 2034 ὅσης
3324 1966 3481 2035 δόξης
3529 1970 3557 2018 6
3589 1967 3677 2031 σὸς
3708 1968 3842 2032 Υίῗς

2251 2060 2328 2130 τῷ
2375 2058 2625 2128 πατρικῷ
2656 2056 2833 2127 θρόνῳ
2860 2056 3129 2126 κὰθηται;
3164 2055 3277 2108 Οὐκ
3319 2056 3505 2119 ἔθνους
3542 2059 3680 2121 ἐνὸς,
3712 2059 3844 2111 οὐδὲ

2253 2156 2355 2223 γῆς
2385 2150 2800 2221 εὑπεριορίστου
2823 2165 2836 2178 ⁸
2874 2148 2989 2202 ἀλλ’
3016 2149 3150 2218 ὁμοῦ
3184 2150 3514 2218 συμπάντων
3544 2150 3839 2219 οὐρανίων,

2254 2245 2346 2298 καὶ
2367 2244 2645 2310 ἐπιγείων,
2672 2242 2765 2295 καὶ
2797 2242 3165 2310 καταχθονίων
3190 2241 3288 2311 τὴν
3312 2242 3533 2311 κυρείαν
3562 2241 3719 2311 ἔχων.
3758 2244 3843 2297 ,Τί

2252 2334 2379 2402 οὖν;
2418 2337 2539 2387 Ἔτι
2568 2336 2663 2387 σὺν
2693 2335 2823 2403 ἡμῖν
2866 2333 3118 2396 εἰσοίσεις
3156 2333 3251 2403 τὴν
3282 2334 3578 2402 εὐφημίαν,
3608 2336 3635 2386 ὁ
3666 2336 3841 2403 οὐρα-

2252 2450 2367 2495 νιος
2410 2428 2819 2499 πανηγυριστὴς
2842 2470 2854 2491 ,
2884 2428 2915 2499 ἢ
2956 2429 3047 2481 ἆτε
3078 2428 3253 2491 εἰδὼς,
3280 2423 3360 2491 οἷς
3390 2427 3569 2498 πολλῷ
3614 2428 3843 2509 ἄμεινον

2255 2524 2355 2593 τὴν
2392 2522 2489 2591 σὴν
2525 2522 2827 2591 πανήγυριν
2875 2520 3158 2587 σεμνύνεις
3182 2560 3198 2582 ,
3236 2520 3333 2572 οὑκ
3373 2521 3540 2589 ἀνέχῃ
3566 2520 3632 2573 τὰ
3668 2520 3734 2571 σὰ
3767 2522 3841 2588 τῇ

2255 2614 2501 2684 ἡμετέρᾳ
2530 2611 2915 2665 ταπεινοῦσθαι
2946 2612 3235 2681 κοινωνίας
3274 2612 3466 2675 Είποις
3492 2612 3607 2682 ,γὰρ
3642 2612 3704 2663 ἂν
3740 2613 3845 2665 καὶ

2256 2705 2369 2759 ἀλλ’
2401 2704 2557 2765 ἆττα,
2588 2702 2624 2757 ἃ
2678 2701 2776 2773 μὲν
2811 2702 2946 2771 πρὸς
2991 2702 3088 2773 τὴν
3130 2703 3403 2774 ἡμετέραν
3447 2703 3715 2766 διάνοιαν,
3747 2698 3845 2757 οἶα

2257 2798 2321 2867 δὴ
2369 2799 2469 2867 τῆς
2502 2796 2737 2865 γεώδους
2782 2796 3011 2866 ὁμίχλης
3046 2795 3484 2865 ἐπιπροσθούσης
3508 2835 3522 2857 ,
3553 2796 3613 2847 οὑ
3657 2794 3847 2865 ῥᾴδιον

2259 2891 2580 2959 φαίνεσθαιο
2642 2890 2707 2942 ab
2766 2889 2810 2942 δ’
2867 2888 3292 2957 ἀπηλλαγμένος
3348 2888 3545 2956 γνόφου
3598 2888 3844 2950 παντός’

2263 2981 2463 3051 μᾶλλον
2504 2980 2548 3032 δ’
2582 2980 2689 3033 ἀπὸ
2713 2978 2806 3031 τοῦ
2831 2980 3046 3047 πρώτου
3078 2977 3252 3046 φωτὸς
3280 2976 3549 3048 μηδεμιᾶς
3577 2976 3676 3048 τὴν
3707 2977 3849 3046 μέθ-

2261 3072 2370 3137 εΞιν
2418 3070 2847 3140 διατειχιζοὺσης
2890 3068 3123 3129 ὑλώδους
3170 3068 3483 3130 συστάσεως
3558 3067 3851 3138 ἐκλαμπό-

581 3148 749 3202 dant:
783 3157 837 3202 at
875 3159 929 3202 tu
993 3151 1255 3205 omnibus
1300 3150 1540 3205 tenebris
1570 3152 1804 3216 solutus,
1834 3159 1887 3207 et
1922 3166 1952 3205 a
1985 3154 2158 3221 primo

2266 3182 2443 3234 μενος,
2479 3164 2539 3216 οὑ
2571 3162 2822 3233 χαλεπῶς
2856 3162 3112 3232 καθορᾷς.
3165 3161 3325 3216 Ἀλλὰ
3362 3159 3437 3230 τῷ
3479 3160 3579 3230 μὲν
3614 3160 3850 3230 ἁρχηγῷ

583 3240 940 3295 collustratus
974 3241 1198 3305 lumine,
1231 3257 1260 3294 a
1294 3243 1453 3311 cujus
1482 3244 1901 3313 participatione
1931 3246 2079 3301 nulla
2112 3254 2165 3301 te

584 3332 883 3384 materialis
918 3332 1199 3387 concretio
1243 3342 1431 3399 arcet,
1490 3334 1603 3389 lucc
1655 3334 1817 3391 facile
1862 3337 2162 3391 conlueris.

586 3420 832 3489 Verum,
887 3424 1192 3493 principem
1247 3426 1563 3495 angelorum
1593 3466 1607 3491 ,
1658 3442 1723 3481 eo
1779 3442 1887 3497 quo
1932 3427 2165 3482 voluerit

583 3512 780 3575 modo,
817 3513 1185 3568 laudationem
1236 3516 1526 3571 instituere
1571 3518 1844 3573 sinamus.
1888 3518 2000 3572 Nos
2037 3534 2166 3574 vero

586 3603 755 3671 quid?
802 3603 943 3659 Num
986 3606 1075 3659 hic
1127 3607 1352 3677 gradum
1395 3607 1656 3677 figemus,
1704 3609 1889 3679 illique
1922 3610 2059 3672 soli,
2091 3609 2162 3664 ob

585 3698 957 3764 prastantiam
992 3698 1277 3767 dignitatis
1308 3716 1413 3767 qua
1456 3716 1556 3755 nos
1590 3702 1876 3770 prmeellit,
1909 3702 2162 3756 commit-

588 3795 787 3848 tenms,
821 3797 877 3841 ut
916 3787 1175 3857 Reginam
1229 3799 1416 3844 nostra
1452 3807 1514 3845 ex
1566 3794 1735 3861 stirpe
1768 3803 1944 3846 ortam
1984 3793 2161 3848 laudi-

586 3876 689 3930 bus
724 3878 1082 3933 cohonestet?
1112 3881 1191 3934 An
1213 3889 1266 3934 et
1296 3890 1691 3951 nos,quantum
1707 3884 1924 3953 assequi
1948 3884 2159 3950 licebit,

584 3982 679 4021 ora
701 3970 751 4022 in
778 3969 964 4024 laudes
994 3971 1303 4026 solvemus?
1332 3971 1591 4042 Equidem
1612 3975 1685 4027 ita
1708 3990 1925 4030 censeo.
1954 3974 2160 4041 Quam-

588 4064 674 4116 vis
704 4064 848 4117 enim
892 4064 984 4118 ille
1044 4064 1225 4122 laudis
1285 4069 1527 4122 texendae
1555 4066 1769 4122 doctior
1818 4068 2016 4123 artifex
2054 4076 2160 4134 est,

587 4153 722 4206 nihil
746 4161 925 4208 tamen
967 4153 1174 4225 Regina
1196 4156 1376 4210 minus
1396 4158 1571 4213 libens
1589 4159 1657 4212 ab
1680 4160 1747 4213 iis
1765 4160 2015 4230 accipiet,
2034 4175 2158 4230 quo-

2262 3256 2370 3308 τῶν
2401 3256 2667 3323 ἀγγέλων,
2689 3256 2836 3317 ὅπως
2865 3256 2929 3308 ἂν
2947 3254 3205 3323 βούλοιτο,
3232 3254 3351 3307 καθ’
3379 3254 3540 3307 αὑτὸν
3563 3252 3850 3306 διαθέσθαι

2262 3345 2359 3416 τὴν
2404 3345 2680 3415 εὐφημίαν
2725 3347 3068 3416 παρήσομεν.
3119 3346 3311 3414 Ἡμεῖς
3350 3345 3407 3397 δὲ
3460 3344 3547 3409 τί;
3589 3339 3714 3411 'Ap'
3757 3345 3850 3394 ὲν-

2261 3438 2436 3491 ταύοα
2481 3438 2862 3508 καταλύσομεν
2898 3438 3091 3507 ἐκείνῳ
3129 3438 3272 3507 μόνῳ
3315 3435 3705 3497 καταλιπόντες
3728 3473 3743 3493 ,
3773 3434 3851 3487 δι’

2263 3533 2328 3603 ἣν
2374 3529 2484 3599 ἕχει
2528 3530 2667 3599 πρὸς
2705 3531 2850 3600 ἡμᾶς
2886 3528 3226 3599 ὑπερϐολὴν,
3276 3528 3376 3597 τὴν
3423 3530 3487 3580 ἐκ
3523 3526 3617 3579 τοῦ
3656 3526 3855 3594 γένους

2269 3621 2515 3692 βασιλίδα
2540 3620 2818 3691 γεραίρειν
2840 3660 2854 3685 ,
2880 3620 2912 3689 ἢ
2944 3620 3038 3674 καὶ
3065 3621 3225 3689 ἡμεῖς
3248 3620 3369 3672 ὅσον
3394 3619 3611 3687 ἐφικτὸν
3640 3619 3739 3669 οὐκ
3767 3620 3855 3680 εἰς

2269 3711 2511 3781 ἀφωνίαν
2541 3708 3018 3779 περιστησόμεθα;
3048 3708 3262 3773 Ἔγωγε
3280 3705 3437 3758 τοῦτό
3462 3722 3622 3774 φημι.
3652 3704 3713 3755 Et
3738 3701 3856 3771 γὰρ

2270 3801 2365 3854 καὶ
2396 3800 2618 3869 ἄμεινον
2654 3800 2814 3862 αὐτὸς
2840 3796 3185 3860 διασκευάζει
3217 3796 3314 3867 τὴν
3345 3796 3639 3866 εὐφημίαν,
3666 3794 3777 3847 ἀλλ’
3812 3796 3853 3863 ἦ

2269 3909 2332 3957 γε
2368 3891 2585 3954 Βασιλις
2615 3891 2723 3943 τῶν
2755 3889 3031 3958 συγγενῶν
3060 3889 3158 3941 οὑκ
3186 3888 3509 3957 ἀηδέστερον
3532 3886 3726 3950 δέξαιτ’
3759 3885 3853 3938 ἄν.

2274 3986 2483 4037 ’Ίσασιν
2532 3983 2568 4037 ἃ.
2611 3984 2792 4053 λέγω,
2846 3984 2959 4036 ὅσοι
3004 3980 3072 4034 τὰ
3113 3980 3347 4049 συγγενῆ
3391 3979 3588 4049 φίλτρα
3632 3975 3857 4045 καθαρᾶ

2270 4092 2336 4127 πε
2344 4073 2685 4145 ρισώςουσιν.

588 4244 1045 4311 rtuncoguatione
1078 4245 1293 4313 gaudet,
1328 4246 1539 4302 Norunt
1563 4265 1684 4318 qua:
1713 4249 1858 4315 dico,
1890 4258 2160 4320 quotquot
2180 4249 2522 4318 cognationis
2544 4263 2781 4302 amorem
2808 4248 3073 4327 illibatum
3107 4248 3486 4316 integrumque
3507 4241 3854 4298 custodiunt.

660 4332 800 4402 Ergo
830 4342 884 4386 et
910 4348 1011 4387 nos
1048 4336 1291 4405 virgineo
1319 4338 1560 4393 thalamo
1587 4340 1927 4411 hymenazum
1956 4341 2159 4396 decan-

590 4433 787 4479 Iemus.
822 4425 992 4480 Porro
1029 4428 1169 4482 nihil
1207 4432 1461 4499 prohibet
1495 4441 1553 4486 ut
1590 4451 1657 4490 ne
1688 4436 1949 4508 hymenmi
1991 4436 2157 4491 totius

2339 4340 2547 4394 Οὐκοῦν
2578 4341 2676 4393 καὶ
2702 4341 2864 4408 ἡμεῖς
2898 4338 2976 4407 τῷ
3016 4339 3265 4408 νυμφῶνι
3301 4337 3440 4390 κατὰ
3473 4334 3563 4387 τὸν
3592 4334 3857 4402 ὑμέναιον

2266 4430 2503 4503 ᾄδωμεν.
2533 4428 2700 4482 Οὐδὲν
2727 4430 2783 4482 δὲ
2813 4428 3011 4482 κωλὺει
3037 4423 3125 4481 οἷά
3152 4445 3272 4481 τινα
3304 4427 3547 4497 κορυφὴν
3572 4426 3677 4477 τῶν
3708 4426 3855 4494 ὑμε-

589 4514 738 4567 velut
772 4518 1239 4586 t-aput‘quoddam
1277 4536 1462 4576 vocem
1501 4525 1677 4594 angeli
1705 4507 2033 4581 statuamus.
2056 4525 2158 4579 Ne-

2268 4522 2432 4574 ναίων
2462 4520 2652 4573 θέσθαι
2676 4519 2775 4590 τὴν
2805 4520 2899 4572 τοῦ
2928 4520 3162 4589 ἀγγέλου
3193 4521 3396 4589 φωνήν.
3422 4518 3555 4569 Οὐδὲ
3586 4516 3695 4585 γὰρ
3722 4518 3858 4585 περὶ

590 4622 696 4674 quc
727 4609 872 4662 enim
921 4611 991 4664 ob
1020 4610 1070 4664 id
1107 4612 1267 4668 nobis
1328 4612 1547 4669 Gabriel
1580 4617 1726 4671 litem
1778 4618 2045 4683 intendet,
2089 4621 2165 4671 si-

591 4700 812 4766 quidem
862 4702 954 4755 ille
1002 4718 1031 4756 a
1067 4703 1289 4774 Regina:
1347 4722 1466 4761 eam
1518 4717 1803 4779 acceperat
1854 4709 2031 4777 Filio,
2071 4712 2165 4780 qui

594 4789 711 4858 ipse
757 4789 983 4857 junctus
1029 4793 1185 4847 nobis
1227 4805 1312 4848 est
1343 4797 1710 4865 cognatione:
1752 4812 1816 4851 ac
1850 4814 1913 4853 eo
1942 4813 2158 4869 accepe.

593 4885 677 4930 rat
709 4879 832 4943 fine,
860 4890 918 4933 ut
945 4883 1151 4938 nostris
1191 4898 1311 4938 eam
1350 4886 1575 4940 auribus
1604 4888 1929 4943 succiueret.
1970 4888 2170 4942 Accla-

595 4982 807 5023 memus
837 4971 1001 5041 igitur
1028 4972 1133 5027 Ave
1156 5016 1172 5040 ,
1209 4975 1287 5029 illi
1352 4978 1632 5046 gratiose;
1676 4993 1773 5047 per
1819 4989 1867 5034 te
1907 4980 2168 5034 Dominus

593 5061 901 5117 nobiscum.
961 5062 1247 5120 Paululum
1317 5068 1599 5122 immutata
1665 5086 1798 5124 voce
1870 5072 2168 5127 clamemus

592 5150 737 5213 Ave;
767 5159 845 5215 tu,
883 5151 1128 5222 inquam,
1170 5171 1292 5224 quae
1320 5163 1579 5225 tanquam
1607 5157 1780 5212 lilium
1818 5160 1863 5191 "
1894 5161 1947 5214 in
1987 5161 2168 5216 medio

593 5244 972 5300 confusissimi
1022 5262 1084 5301 ac
1129 5250 1595 5317 perturbatissimi
1655 5252 1907 5307 humana:
1957 5262 2171 5307 natura:

596 5335 916 5402 passionum
969 5338 1083 5408 agri
1132 5339 1466 5407 etﬂoruisti;
1512 5344 1863 5412 quamobrem
1893 5361 1986 5400 rex
2015 5360 2043 5399 a
2071 5360 2171 5400 sua

595 5423 956 5491 celsitudine,
990 5428 1127 5481 nihil
1179 5429 1295 5499 ipse
1343 5430 1651 5486 detrimenti
1691 5448 1885 5502 passus
1934 5434 2165 5489 descen-

597 5508 762 5578 dens,
804 5528 927 5568 cum
972 5517 1259 5588 terrigenis
1296 5519 1592 5587 habitavit;
1635 5538 1757 5577 cum
1800 5539 1863 5575 ex
1913 5532 2005 5579 tua
2061 5524 2166 5579 sibi

674 5681 715 5712 ³³
749 5681 876 5740 Luc.
916 5704 972 5751 ιι,
1004 5689 1091 5743 27.
1172 5694 1214 5725 ’⁵
1262 5692 1414 5747 Cant.
1477 5712 1533 5761 t4,
1590 5697 1642 5752 ‘2.

2264 4610 2469 4678 ταύτης
2504 4611 2635 4679 ἡμῖν
2667 4610 2909 4682 Γαϐριὴλ
2960 4609 3405 4679 ἀμφισϐητήσει.
3440 4607 3520 4658 ὅτι
3568 4607 3660 4658 καὶ
3698 4606 3856 4673 παρὰ

2264 4702 2361 4755 τοῦ
2396 4701 2592 4764 Παιδὸς
2626 4702 2724 4769 τῆς
2769 4701 3044 4763 Βασιλίδος
3090 4700 3257 4767 αὐτὴν
3296 4699 3541 4761 ὲδέςατοο
3584 4695 3859 4765 συγγενὴς

2266 4792 2311 4845 δ’
2342 4792 2503 4856 αὐτὸς
2531 4794 2663 4861 ἡμῖν
2688 4809 2700 4820 ·
2736 4792 2830 4844 καὶ
2860 4790 2999 4845 ὥστε
3031 4791 3166 4859 πρὸς
3202 4790 3347 4859 ἡμᾶς
3385 4786 3701 4857 ὑπηχῆσαι,
3733 4784 3852 4837 ἐδέ-

2271 4885 2418 4950 ξατο.
2443 4885 2617 4953 Χαῖρε
2640 4883 2929 4954 τοιγαροῦν
2948 4885 3013 4953 τῇ
3049 4880 3463 4951 κεχαριτωμένη
3490 4878 3701 4948 βοῶμεν
3722 4895 3736 4909 ο
3762 4877 3857 4931 διὰ

2275 4976 2368 5027 σοῦ
2410 4977 2437 5028 6
2464 4975 2668 5045 Κύριος
2702 4974 2819 5043 μεθ’
2845 4971 3225 5042 ἡμῶν.Βραχὺ
3260 4970 3357 5039 τὴν
3389 4968 3570 5039 φωνὴν
3606 4966 3858 5021 ὑπαλλάο

2275 5067 2484 5132 ξαντες,
2522 5066 2696 5133 Χαῖρε
2721 5064 2951 5134 βοῶμεν,
2976 5065 3008 5131 ἡ
3040 5062 3228 5131 ὥσπερ
3257 5061 3441 5129 κρίνον
3476 5060 3532 5111 ὲν
3570 5058 3718 5127 μέσῳ
3755 5057 3856 5111 τοῦ

2275 5156 2686 5227 πολυσυγχύτου
2719 5155 2828 5208 τῶν
2881 5153 3068 5207 παθῶν
3110 5152 3311 5222 χωρίου
3360 5150 3459 5219 τῆς
3503 5148 3858 5218 ἀνθρωπίνης

2276 5249 2491 5319 φύσεως
2523 5246 3019 5315 ἁναϐλαστὴσασα,
3055 5244 3151 5297 καὶ
3179 5244 3266 5297 διὰ
3307 5242 3464 5295 τοῦτο
3505 5242 3599 5293 τοῦ
3649 5240 3857 5293 οἰκείου

2276 5338 2444 5407 ὑψους
2490 5336 2778 5398 ἀκενώτως
2829 5336 2858 5387 6
2906 5333 3160 5403 βασιλεὺς
3209 5330 3525 5393 κατελθὼν,
3576 5329 3711 5399 μετὰ
3742 5327 3856 5381 τῶν

2276 5431 2427 5484 κάτω
2468 5427 2818 5498 συνῴκησενο
2881 5427 2946 5479 ἐκ
2978 5424 3076 5495 τῆς
3130 5425 3229 5493 σῆς
3284 5422 3512 5483 εὐωδίας
3562 5420 3654 5473 τὸν
3704 5413 3859 5472 οἷκον

2276 5524 2589 5594 πηξάμενος
2618 5520 2817 5591 ἐαυτῷ.
2853 5520 3059 5589 Χαῖρε,
3112 5519 3203 5574 τὸν
3259 5517 3509 5588 οὐράνιον
3544 5516 3676 5586 ἡμῖν
3720 5516 3859 5570 div:-
