4104 6442
273 359 343 425 25
1046 360 1330 423 ORATIO
1364 362 1481 423 IlI.
1503 388 1561 398 -
1596 361 1676 423 ΙΝ
1700 363 1766 423 Β.
1801 361 2065 423 MARLE
2101 358 2815 423 ANNUNTIATIONEM.
3192 394 3204 409 .
3503 358 3575 421 26

275 476 522 542 πτύξασα
553 477 935 547 μαργαρίτην,
959 469 1101 529 δι’οὐ
1130 476 1228 545 τῆς
1256 475 1589 547 προγονικῆς
1611 477 1867 547 πτωχείας

1990 473 2364 529 suaveolentia
2410 472 2633 527 domum
2668 471 3093 528 construxisset.
3144 472 3270 537 Ave,
3299 486 3422 542 quae
3452 489 3570 529 ete-

275 568 696 639 ἀπηλλάγημεν.
728 567 932 636 Χαῖρε,
964 567 1032 619 δι’
1060 562 1128 639 ῆς
1158 568 1237 632 είς
1268 568 1552 636 ἀμείνονος
1576 569 1876 623 ἀνανέωσιν

278 660 481 729 κόσμου
506 658 601 712 τοῦ
630 656 826 723 γένους
848 658 1327 727 κατακλυζομένου
1357 658 1580 729 σπέρμα
1602 658 1877 727 σωτηρίας

275 748 594 819 διεηρῆθη.
640 748 837 817 Χαῖρε,
875 748 1090 819 ῥάϐδος,
1138 744 1207 818 ἦς
1261 747 1663 818 ἐπειλημμένος
1692 750 1720 800 6
1753 746 1875 801 δεύ-

276 854 437 907 τερος
480 837 723 906 Μωσῆς,
766 835 969 905 μᾶλλον
996 835 1051 888 δὲ
1083 835 1178 888 τοῦ
1221 835 1453 888 παλαιοῦ
1502 835 1873 906 πρεσϐύτερος

277 929 374 981 καὶ
410 928 703 995 δεσπότης,
751 927 962 996 βυθίζει
1016 926 1115 995 μὲν
1164 928 1290 989 τοὺς
1326 926 1654 991 διώκοντας,
1710 926 1871 991 σώζει

277 1021 334 1073 δέ
363 1021 492 1083 τοὺς
522 1019 601 1089 τῷ
634 1018 795 1088 πηλῷ
829 1019 925 1071 καὶ
975 1017 1180 1088 πλίνθῳ
1224 1018 1323 1088 τῆς
1365 1017 1643 1089 ἁμαρτίας
1681 1034 1874 1088 τετρυ-

278 1110 583 1181 χωμένους.
606 1108 807 1178 Χαῖρε,
829 1109 1146 1180 παράδεισε,
1166 1100 1227 1162 οὗ
1242 1108 1320 1179 τῷ
1332 1108 1531 1180 καρπῷ
1550 1109 1872 1179 τραφέντες,

276 1204 369 1256 τὸν
401 1202 754 1272 προσφυέντα
781 1203 915 1271 ἡμῖν
961 1200 1285 1270 φθοροποιὸν
1324 1200 1403 1253 ἰὸν
1452 1198 1869 1269 ἀνεπτύσαμεν,

281 1294 418 1361 πρὸς
463 1291 707 1361 ἀνθηρὰν
757 1289 815 1341 δὲ
854 1290 951 1341 καὶ
985 1290 1181 1359 ἀγήρω
1217 1286 1359 1339 Γδέαν
1404 1285 1870 1356 μετεποιήθημεν.

280 1380 612 1451 Βουληθείης
643 1380 711 1433 ἂν
742 1380 873 1449 ἡμῖν
900 1378 1239 1448 ἐπιτρέπειν,
1266 1376 1465 1446 ἄμωμε
1502 1374 1729 1449 Νύμφη,
1762 1374 1873 1427 τῶν

280 1473 391 1524 σῶν
432 1473 754 1544 μνήστρων,
792 1471 829 1525 ἃ
875 1472 904 1523 6
942 1470 1130 1541 Πατὴρ
1160 1469 1248 1523 διὰ
1293 1468 1402 1521 τῶν
1452 1466 1748 1538 ὑποφητῶν
1779 1466 1871 1521 τοῦ

280 1562 595 1631 Πνεύματος
643 1562 971 1631 ἐχαρίσατο,
1019 1561 1099 1623 είς
1146 1557 1412 1629 ἐργασίαν
1444 1559 1545 1628 τῆς
1596 1556 1873 1627 εὐφημίας

275 1652 547 1714 λαῦόντας
586 1650 1010 1722 ἀποχρήσασθαι
1038 1668 1053 1717 ;
1086 1651 1196 1702 Καὶ
1224 1649 1392 1714 ἔστιν,
1435 1650 1531 1701 καὶ
1562 1649 1868 1719 ἐπιτρέπει.

276 1745 472 1813 Χαῖρε,
504 1743 591 1796 διὰ
620 1743 781 1796 τοῦτο
808 1735 1121 1813 βοῶμενμῖ)
1150 1742 1302 1812 βάτε,
1334 1742 1402 1794 δι’
1441 1736 1508 1813 ἧς
1551 1742 1612 1793 τὸ
1641 1742 1873 1810 ὐπερου-

1979 564 2171 620 lestem
2204 562 2558 633 margaritam
2588 562 2750 618 nobis
2779 561 3085 627 reclusisti,
3112 576 3222 631 qua
3268 576 3462 616 sumus
3503 562 3575 615 ab

1978 656 2123 709 avita
2167 661 2409 725 egestate
2442 652 2678 707 liberati.
2711 655 2835 715 Ave,
2867 666 2965 721 per
2991 667 3157 721 quam
3184 694 3199 718 ,
3227 652 3297 707 ad
3329 654 3573 708 melioris

1979 745 2167 799 mundi
2193 743 2630 814 reparationem,
2662 742 2906 796 humano
2922 742 3108 812 generi
3156 743 3320 797 undis
3350 743 3569 806 obruto,
3605 769 3618 784 ι

1978 822 2167 893 semen
2210 836 2409 891 salutis
2456 844 2842 891 conservatum
2891 834 3015 890 fuit.
3064 836 3169 889 Ave
3192 877 3207 901 ,
3240 836 3393 906 virga
3416 876 3431 900 ,
3464 853 3571 923 qua

1978 935 2260 996 assumpta
2291 965 2305 989 ,
2345 926 2624 980 secundus
2656 923 2838 980 Moses
2863 965 2879 991 ,
2927 939 3020 980 seu
3054 926 3239 994 potius
3266 925 3437 979 veteri
3475 926 3571 979 illo

1977 1019 2190 1083 senior,
2218 1017 2618 1087 Dominusque,
2652 1030 2776 1071 cum
2808 1023 3192 1085 persecutores
3225 1015 3524 1086 submergit
3552 1055 3568 1077 ,

1979 1120 2092 1163 tum
2128 1122 2225 1163 eos
2270 1107 2469 1172 salvat,
2500 1121 2641 1175 quos
2671 1105 2824 1160 labor
2852 1105 2951 1159 luti
3010 1113 3066 1159 et
3094 1105 3325 1159 laterum
3360 1108 3569 1174 peccati

1976 1201 2282 1256 attriverat.
2313 1199 2444 1261 Ave,
2483 1196 2741 1267 paradise
2763 1234 2780 1262 ,
2811 1198 2974 1267 cujus
3005 1196 3101 1250 alti
3142 1194 3322 1250 fructu
3343 1237 3359 1260 ,
3395 1194 3568 1249 adna-

1976 1298 2083 1344 tam
2134 1289 2385 1343 lethaletn
2440 1288 2746 1356 rubiginem
2806 1288 3145 1357 abjecimtts,
3193 1295 3244 1341 et
3308 1286 3376 1340 ad
3414 1285 3567 1340 ﬂori-

1981 1382 2116 1449 dam;
2151 1379 2402 1449 seniique
2444 1388 2722 1448 expertem
2797 1378 3031 1432 fortnam
3078 1375 3317 1431 traducti
3354 1392 3565 1431 sumus.

1975 1472 2208 1528 Libetne
2263 1470 2550 1542 permittas
2576 1512 2592 1536 ,
2625 1486 2658 1525 ο
2710 1469 3065 1524 immaculata
3107 1468 3361 1538 Sponsa,
3415 1475 3472 1521 ut
3500 1468 3568 1520 ad

1975 1562 2311 1634 pertexenda
2340 1569 2434 1615 tua
2462 1563 2744 1632 praeconia
2774 1561 2843 1615 iis
2873 1560 3198 1624 abutamur,
3231 1574 3352 1628 quae
3381 1556 3565 1621 Pater,

1974 1654 2122 1710 velut
2182 1653 2498 1722 nuptiarum
2557 1660 2778 1709 tuarum
2825 1652 3220 1717 arrhabonem,
3286 1667 3383 1722 per
3437 1652 3568 1721 Spi-

1976 1747 2120 1799 ritus
2160 1746 2341 1800 sancti
2372 1745 2704 1814 interpretes
2738 1758 2803 1798 ac
2838 1744 3237 1807 internuntios,
3295 1742 3567 1798 donavit?

276 1835 461 1905 ράνιον
490 1834 746 1904 ἐδηλοῦτο
780 1836 1101 1904 μυστήριον,
1146 1833 1340 1903 ὅτιπερ
1370 1832 1430 1886 τὸ
1475 1832 1738 1885 ἄστεκτον
1768 1831 1867 1901 τῆς

1971 1836 2125 1891 Licet
2153 1836 2359 1905 utique,
2394 1837 2789 1904 permittitque.
2824 1834 3006 1899 Salve,
3047 1834 3212 1904 igitur
3239 1833 3564 1895 clamemus,

274 1927 543 1995 Θεότητος
585 1926 699 1995 πῦρ
738 1924 841 1992 τῆς
883 1924 1230 1995 ἀνθρωπίνης
1268 1925 1400 1994 ὐλης
1443 1924 1868 1995 ἐπειλημμένον,

272 2017 366 2070 τοῦ
401 2017 503 2088 μὲν
532 2018 712 2085 φωτὸς
750 2017 937 2087 ἐνήσει
975 2017 1072 2085 τὴν
1118 2018 1353 2086 μετοχὴν
1380 2033 1393 2047 ·
1430 2017 1491 2069 οὐ
1542 2016 1867 2084 καταφλέξει

272 2107 351 2171 δὲ,
375 2107 485 2159 οὐδ’
513 2108 739 2176 ἀφανιεῖ
762 2106 1265 2178 περιδεδραγμένην
1291 2107 1389 2177 τὴν
1428 2106 1591 2177 φύσιν
1615 2108 1713 2175 τῆς
1741 2106 1871 2159 Θεό-

272 2215 433 2267 τητος
466 2200 535 2267 τῇ
568 2197 753 2268 φλογί.
785 2196 984 2268 Χαῖρε,
1015 2197 1228 2266 λυχνία,
1264 2198 1323 2263 ἐξ
1348 2193 1413 2269 ἦς
1443 2198 1503 2251 τὸ
1528 2199 1870 2267 ἀπαύγασμα

272 2290 365 2342 τοῦ
402 2291 622 2359 Πατρὸς
668 2288 928 2359 λάμψαν,
971 2290 1362 2359 ἀνιερούμενον
1404 2289 1497 2342 τὸν
1536 2290 1739 2360 κόσμον
1789 2292 1869 2353 εἰς

274 2383 400 2435 ναδν
442 2382 526 2452 τῷ
578 2382 914 2452 Γεννήτορι,
966 2382 1161 2450 φέγγει
1204 2382 1303 2452 τῆς
1352 2381 1551 2435 ἐαυτοῦ
1595 2382 1869 2451 κατελάμ-

274 2488 444 2539 πρυνε
492 2469 870 2537 ἐπιγνώσεως.
903 2470 1096 2539 Χαῖρε,
1132 2471 1428 2540 ἀκρότομε,
1476 2470 1536 2534 ἐξ
1580 2464 1647 2540 ἦς
1696 2473 1723 2522 6
1751 2487 1868 2539 χει-

277 2566 522 2635 μάρρους
551 2564 652 2633 τῆς
688 2562 835 2634 ζωῆς
868 2562 1202 2628 ἀναόλύσας,
1227 2562 1355 2625 τοὺς
1386 2565 1509 2616 ὅσον
1543 2562 1697 2616 οὔπω
1728 2563 1870 2632 δίψει

275 2653 549 2725 σωτηρίας
583 2652 941 2723 τεθνήξεσθαι
972 2651 1287 2723 μέλλοντας,
1323 2653 1382 2705 οὐ
1428 2653 1591 2721 μόνον
1629 2656 1694 2725 τῇ
1726 2653 1870 2723 ζωη-

275 2746 429 2816 φόρῳ
474 2748 633 2799 τώσει
677 2743 1038 2812 ἀνεϐιώσατο,
1082 2744 1221 2798 ἀλλά
1262 2745 1358 2798 καὶ¹
1386 2747 1566 2798 πάντα
1611 2745 1779 2816 ῥύπον
1809 2746 1869 2799 ὃν

273 2839 338 2890 ἐκ
364 2837 594 2905 πορείας
622 2836 735 2889 τῶν
763 2836 953 2890 παθῶν
991 2836 1451 2906 προσετρίψαντο,
1489 2837 1689 2890 ἔδωκεν
1730 2839 1868 2891 ἀπο-

273 2928 589 2985 λούσασθαι.
643 2929 839 2998 Χαῖρε,
884 2928 1081 2996 νεφέλη
1106 2968 1120 2993 ,
1169 2923 1237 2999 ῆς
1272 2928 1560 2992 ἀνατείλας
1600 2930 1628 2981 6
1653 2932 1751 2999 τῆς
1783 2929 1866 2981 δι-

273 3025 571 3091 καιοσύνης
608 3020 784 3092 ἥλιος,
825 3020 925 3091 τῆς
955 3020 1210 3083 ἀπιστίας
1248 3020 1339 3074 τὸν
1369 3020 1532 3089 ζόφον
1564 3023 1644 3084 εἰς
1688 3023 1867 3075 πάντα

274 3114 577 3184 κεχυμένον
599 3112 668 3165 τὰ
701 3114 939 3182 πέρατα,
972 3110 1289 3182 ἐξηφάνισε,
1318 3112 1434 3181 φῶς
1468 3111 1720 3181 ἀνασχὼν
1750 3111 1867 3165 θεο-

273 3206 531 3275 γνωσίας,
559 3200 643 3267 οἷς
674 3207 751 3266 εἰς
778 3204 1065 3275 ἀντίληψιν
1097 3203 1244 3257 θείου
1281 3204 1460 3272 φωτὸς
1494 3204 1555 3257 τὸ
1581 3204 1733 3274 ὄμμα
1762 3205 1863 3257 οὐκ

1973 1942 2007 1982 o
2064 1927 2294 1993 rube“,
2350 1940 2445 1996 per
2501 1940 2665 1994 quem
2724 1924 2882 1979 caelis
2949 1924 3116 1978 altius
3177 1923 3566 1977 declarabatur

1972 2017 2298 2089 mysterium
2351 2032 2365 2067 :
2425 2025 2483 2069 ut
2528 2015 2788 2069 nimirum
2837 2013 3199 2084 importabilis
3239 2013 3329 2068 ille
3379 2013 3565 2068 Deita-

1972 2108 2043 2161 tis
2103 2106 2267 2176 ignis,
2323 2104 2667 2175 apprehensa
2734 2102 2974 2157 humana
3028 2103 3279 2166 materia,
3335 2102 3562 2157 luminis

1972 2198 2190 2270 quidem
2246 2197 2688 2253 communionem
2752 2202 2901 2250 esset
2986 2194 3360 2258 imntissurus,
3402 2192 3557 2247 haud
3627 2214 3633 2219 α

1971 2301 2163 2353 tamen
2186 2289 2833 2355 contbusturus,,atttque
2862 2293 3249 2354 assumpturus
3283 2291 3560 2348 naturam,

1970 2397 2133 2452 quam
2195 2380 2556 2449 corripuisset
2621 2377 2850 2432 Deitatis
2907 2376 3149 2432 ﬂamma.
3207 2376 3390 2441 Salve,
3424 2390 3560 2430 cau-

1971 2473 2281 2535 delubrum,
2340 2486 2405 2524 ex
2465 2485 2576 2539 quo
2632 2468 2813 2523 Patris
2871 2466 3134 2538 Splendor
3208 2467 3557 2531 elucesceus,

1973 2565 2238 2618 mundum
2293 2560 2542 2615 Genitori
2586 2560 2640 2614 in
2674 2559 2941 2627 templum
2991 2557 3274 2623 dedit-aus,
3306 2558 3560 2613 eumdem

1971 2671 2084 2711 sua:
2113 2654 2443 2724 cognitionis
2475 2651 2682 2707 lumine
2736 2651 3104 2706 collustravit.
3153 2648 3334 2715 Salve,
3362 2649 3562 2704 duris—

1970 2744 2108 2799 sima
2162 2752 2339 2813 petra,
2381 2757 2449 2796 ex
2488 2756 2595 2811 qua
2653 2741 2781 2795 vita:
2833 2748 3051 2794 torrens
3084 2752 3311 2795 exortus
3344 2741 3408 2804 ³⁷,
3438 2754 3557 2803 eos,

1972 2838 2066 2905 qui
2129 2835 2358 2904 jamjam
2415 2833 2507 2887 siti
2535 2847 2719 2887 rerum
2767 2832 2834 2885 ad
2889 2833 3123 2886 salutem
3170 2832 3559 2900 pertinentium

1970 2927 2225 2981 morituri
2283 2933 2463 2990 erant,
2493 2924 2691 2979 nedum
2730 2922 2883 2978 vitali
2938 2924 3210 2978 recreavit
3258 2930 3413 2991 potu,
3462 2921 3559 2977 sed

1969 3025 2023 3072 et
2066 3032 2260 3072 omnes
2322 3016 2532 3081 sordes,
2559 3030 2701 3085 quas
2732 3028 2762 3068 a
2794 3015 3054 3069 vitiorum
3110 3013 3195 3067 via
3251 3013 3559 3068 contraxis-

1971 3120 2112 3175 sent,
2158 3109 2303 3164 ablui
2358 3107 2651 3164 concessit.
2702 3105 2885 3173 Salve,
2932 3106 3123 3173 nubes,
3187 3120 3252 3160 ex
3315 3120 3423 3175 qua
3477 3104 3565 3173 ju-

1976 3204 2141 3259 stitiat
2217 3202 2310 3258 Sol
2384 3202 2687 3266 exsistens,
2752 3199 3092 3254 inﬁdelitatis
3147 3199 3439 3268 caliginem
3503 3199 3559 3251 in

271 3299 474 3350 ἀτονεῖ.
520 3295 643 3348 Ἔτι
685 3294 785 3365 μὲν
818 3290 912 3347 οὖν
941 3312 1021 3347 σοι
1066 3297 1131 3365 τῇ
1167 3296 1332 3363 ὀσφΰι
1366 3295 1790 3366 θαλαμευομένῃ
1836 3297 1865 3348 ὁ

1971 3308 2152 3349 omnes
2208 3300 2365 3347 terra:
2420 3291 2554 3347 lines
2600 3290 2871 3351 diffusam,
2922 3290 3176 3358 disiecit;
3223 3290 3438 3343 sublato
3476 3287 3561 3341 di-

273 3389 356 3441 σοὶ
391 3386 523 3440 ἐϐόα
577 3386 904 3456 προπάτωρ·
935 3388 1262 3448 Ἄκουσον,
1292 3387 1568 3456 θύγατερ,
1610 3387 1707 3439 καὶ
1752 3387 1863 3452 ἴδε,

270 3479 369 3534 καὶ
405 3478 624 3533 κλῖνον
652 3479 719 3533 τὸ
761 3475 871 3545 οὖς
904 3496 1044 3544 σου,
1087 3481 1185 3534 καί
1225 3480 1517 3533 ἐπιλάθου
1558 3480 1664 3533 τοῦ
1713 3480 1867 3534 λαοῦ

268 3586 423 3637 σου,
455 3570 555 3624 καὶ
599 3571 708 3625 τοῦ
761 3573 933 3626 οἴκου
983 3571 1090 3626 τοῦ
1133 3572 1357 3641 πατρός
1391 3586 1528 3625 σου.
1587 3573 1869 3635 Ἤκουσας

267 3663 461 3726 ὅντως,
507 3662 543 3731 ἠ
603 3662 744 3732 σοφὴ
781 3662 1049 3733 θυγάτηρ,
1101 3663 1195 3716 τοῦ
1233 3662 1719 3733 παρεγγέλματος,
1775 3663 1869 3715 καὶ

268 3752 540 3806 ἐπελάθου
580 3752 680 3805 τοῦ
715 3753 845 3806 λαοῦ
879 3770 1005 3819 σου,
1051 3754 1147 3807 καὶ
1173 3754 1403 3824 κλήρου,
1438 3753 1532 3806 καὶ
1577 3753 1727 3805 οίκου
1760 3769 1866 3806 πα-

265 3842 473 3913 τρῴου·
523 3844 731 3915 κλήρου
773 3844 1005 3910 ἐκείνου,
1046 3845 1105 3898 ὃν
1157 3847 1190 3915 ἡ
1240 3848 1544 3917 προμήτωρ
1590 3844 1725 3907 Εὕα,
1758 3845 1865 3915 ὅλῳ

264 3934 342 4004 τῷ
373 3935 527 4002 γένει
581 3936 852 4007 διένειμε,
894 3937 985 3989 τὸν
1046 3938 1243 4007 μυρίον
1286 3936 1397 3989 τῶν
1442 3935 1633 3989 παθῶν
1665 3936 1863 4005 φόρτον

263 4022 739 4094 κληροδοτήσασα.
784 4024 950 4077 Οὐδὲν
982 4025 1189 4079 τούτων
1232 4026 1294 4078 οὐ
1336 4024 1433 4096 μὲν
1476 4022 1571 4079 οὖν
1605 4026 1684 4088 είς
1714 4023 1862 4078 οἷκον

263 4115 479 4183 ὴγάγου
514 4117 608 4167 τὸν
643 4116 758 4169 σόν.
782 4115 881 4168 Διά
902 4116 1060 4169 τοῦτο
1084 4118 1111 4169 6
1143 4117 1404 4180 Βασιλεὺς
1433 4117 1651 4188 ἠγάσθη
1682 4134 1742 4170 σε
1765 4119 1864 4189 τῆς

262 4206 508 4277 ψυχικῆς
540 4208 895 4279 εὐπρεπείας,
927 4213 1023 4264 καὶ
1053 4210 1291 4282 Νύμφην
1323 4209 1627 4276 ἐξελέξατο.

1975 3386 2117 3440 vina:
2146 3384 2484 3456 COgnitiouis
2518 3382 2725 3437 lumine
2784 3382 2873 3441 iis,
2905 3382 3109 3450 quibus
3162 3380 3305 3434 oculi
3354 3379 3420 3433 ad
3473 3380 3561 3433 di-

1969 3479 2162 3533 vinuut
2223 3479 2407 3531 lumen
2466 3472 2832 3530 hauriendum
2889 3490 2997 3527 non
3046 3472 3365 3527 caecutiunt.
3424 3469 3559 3525 Cum

1969 3572 2118 3625 enim
2171 3570 2356 3624 adhuc
2392 3569 2443 3622 in
2481 3569 2682 3622 lumbis
2730 3569 2973 3637 paternis
3010 3566 3404 3628 continereris,
3434 3570 3561 3618 tuus

1977 3664 2076 3719 tibi
2132 3663 2408 3718 clamabat
2459 3662 2811 3732 progenitor:
2870 3660 3034 3724 Audi,
3067 3660 3206 3728 ﬁlia,
3252 3668 3302 3712 et
3336 3659 3470 3723 vide,
3509 3666 3560 3709 ει

1968 3756 2165 3812 inclina
2198 3771 2388 3809 aurem
2434 3763 2623 3816 tuam;
2660 3764 2708 3808 et
2739 3753 3046 3808 obliviscere
3097 3751 3349 3819 populum
3389 3760 3558 3813 tuum,

1966 3858 2015 3902 et
2076 3847 2296 3900 domum
2351 3846 2521 3914 patris
2582 3843 2967 3899 lui".Plane
3021 3842 3305 3905 audivisti,
3341 3841 3560 3910 sapiens

1968 3940 2096 4003 tilia,
2131 3938 2665 4001 commonitionem,
2700 3951 2871 4006 esque
2920 3936 3087 3989 oblita
3120 3934 3303 4004 pepuli
3358 3932 3456 3995 tui,
3494 3945 3559 3984 ac

1972 4028 2328 4093 haereditatis,
2392 4029 2698 4095 domusque
2750 4036 3024 4097 paternae:
3084 4020 3560 4082 htereditatis,in-

1970 4135 2160 4191 quam,
2215 4118 2365 4173 illius
2442 4132 2506 4172 ac
2560 4119 2749 4181 sortis,
2817 4132 2981 4188 quam
3037 4113 3377 4186 progenitrix
3446 4112 3557 4166 Eva

1972 4209 2155 4282 generi
2217 4210 2478 4264 universo
2525 4208 2847 4276 distribuit;
2902 4204 3291 4263 innumerabili
3343 4203 3557 4274 passio-

264 4313 398 4351 nutn
459 4314 528 4353 ac
587 4300 946 4357 aﬂectionum
1012 4304 1236 4359 cumulo
1294 4304 1443 4359 velut
1513 4302 1861 4358 haereditario
1899 4303 2022 4374 jure
2078 4303 2294 4358 relicto.
2323 4304 2391 4356 At
2449 4303 2587 4357 nihil
2652 4304 2849 4357 horum
2902 4309 3052 4356 tuam
3106 4300 3160 4354 in
3205 4300 3428 4353 domum
3475 4298 3559 4352 iu-

262 4393 489 4454 tulisti:
556 4406 845 4466 propterea
906 4396 1047 4466 Rex,
1107 4405 1260 4452 tuam
1326 4398 1495 4453 animi
1556 4397 2025 4468 pulchritudinem
2086 4397 2417 4461 admiratus,
2448 4408 2499 4453 te
2530 4397 2635 4453 sibi
2684 4397 2741 4452 in
2785 4396 3056 4467 Sponsam
3089 4393 3311 4463 delegit.

331 4566 436 4638 Ᾰιά
461 4578 627 4635 τοῦτό
658 4593 741 4631 σοι
767 4574 863 4630 νῦν
896 4571 984 4629 οἷα
1011 4575 1254 4629 Βασιλίδι
1290 4576 1736 4647 λειτουργοῦμεν,
1770 4576 1863 4630 καὶ

2040 4575 2116 4629 Ea
2170 4575 2239 4630 de
2285 4588 2460 4631 'causa
2515 4589 2663 4629 nunc
2709 4575 2809 4631 tibi
2864 4583 3123 4647 tanquam
3166 4573 3388 4645 Reginae
3450 4573 3555 4627 mi-

261 4675 339 4748 τῷ
361 4670 651 4744 προσώπῳ
686 4685 781 4721 σου
808 4666 1163 4736 λιτανεύομεν
1184 4708 1198 4732 ,
1229 4666 1329 4737 τὴν
1367 4667 1467 4738 σὴν
1504 4667 1660 4732 δόξαν
1690 4684 1863 4722 κατα-

261 4763 685 4833 πλουτούμενοι.
740 4758 872 4813 ’1δού
921 4776 982 4811 σε
1022 4759 1198 4813 πᾶσαι
1228 4759 1436 4827 γενεαὶ,
1469 4760 1611 4813 κατά
1632 4758 1731 4829 τὴν
1763 4759 1862 4829 σὴν

260 4854 755 4930 προαναφώνησιν,
791 4849 1210 4921 μακαρίζουσιν.
1289 4849 1547 4919 Ἐποίησε
1614 4851 1723 4920 γάρ
1779 4866 1862 4903 σοι

263 4949 544 5021 μεγαλεῖα
580 4945 611 4997 6
650 4943 909 5007 δυνατὸς,
944 4944 1008 4994 ἐκ
1037 4941 1132 4994 σοῦ
1175 4940 1251 5004 ὡς
1301 4942 1359 4994 ἐν
1395 4942 1861 5011 παραπετάσματι

258 5046 324 5113 τῇ
350 5040 526 5110 σαρκὶ
558 5032 859 5106 προελθὼν,
898 5032 991 5086 καὶ
1043 5030 1289 5085 καθελὼν
1319 5032 1625 5099 δυνάστας,
1656 5034 1749 5086 καὶ
1771 5034 1865 5093 ἀν-

257 5130 490 5199 ινᾷὠσας
523 5127 654 5188 τοὺς
693 5121 1009 5185 ταπεινούς.
1063 5121 1320 5190 Ἐποίησε
1356 5139 1438 5176 σοι
1473 5124 1871 5192 μεγαλεῖα,οὐκ

258 5224 318 5275 ἐν
366 5219 594 5289 γενεαῖς
644 5216 802 5287 μόνον
846 5212 1153 5284 ἀνθρώπων
1176 5253 1190 5278 ,
1224 5214 1361 5267 ἀλλά
1398 5215 1494 5268 καὶ
1534 5217 1591 5269 ἐν
1618 5218 1870 5287 οὐρανοῖς

258 5311 359 5383 τὴν
394 5312 500 5381 σὴν
547 5308 705 5373 δόξαν
734 5304 1150 5377 ἀναστηλώσας.
1193 5306 1333 5376 Ἤδη
1369 5307 1477 5377 γάρ
1512 5308 1613 5378 ἢδη
1656 5309 1749 5361 καὶ
1779 5309 1867 5380 δή-

264 5421 391 5475 μοις
439 5400 697 5471 ἀγγέλων
754 5398 1059 5469 ἐπέραστόν
1120 5398 1239 5451 ἐστι
1298 5400 1381 5452 σοὶ
1427 5402 1729 5470 προσάγειν
1765 5400 1864 5472 τὴν

262 5497 475 5548 αἵνεσιν
499 5509 515 5525 ⁸
546 5492 644 5547 καὶ
672 5490 1042 5562 μακαρίζουσί
1082 5506 1143 5543 σε
1168 5490 1245 5554 ὼς
1288 5490 1565 5555 Βασιλέως
1592 5493 1821 5564 Μητέρα
1840 5533 1856 5559 ,

262 5585 324 5640 τὸ
374 5586 462 5640 σοὶ
514 5582 857 5655 λειτουργεῖν
887 5580 1013 5635 ἀντὶ
1044 5581 1246 5646 παντὸς
1286 5581 1599 5653 τιθέμενοι,
1633 5583 1710 5647 ὡς
1756 5584 1860 5655 τῆς

354 5765 407 5799 ’⁸
457 5762 632 5823 Exod.
682 5778 767 5832 nt,
824 5758 881 5816 2.
958 5761 1017 5833 ηπ
1078 5761 1249 5819 Exod.
1288 5776 1421 5829 xv",
1462 5762 1513 5818 5.

1590 5762 1633 5797 ³⁸
1657 5762 1806 5821 Psal.
1849 5778 1993 5832 xuv,
2049 5765 2107 5823 2.

1966 4667 2292 4732 nistramus,
2328 4674 2534 4737 tuoque
2566 4670 2739 4721 vultui
2784 4668 3181 4738 supplicamus,
3220 4676 3327 4720 tua:
3368 4665 3556 4735 gloria:

1966 4759 2192 4815 divitias
2246 4761 2463 4815 abunde
2524 4761 2833 4817 consecuti.
2896 4761 3039 4815 Eete
3074 4774 3265 4813 omnes
3322 4772 3556 4829 genera-

1968 4854 2169 4915 tiones,
2203 4861 2260 4906 ut
2295 4852 2595 4920 praedixist't
2622 4854 2687 4919 τ’,
2725 4863 2775 4909 te
2806 4854 3021 4907 beatam
3074 4851 3397 4921 praedicant.
3452 4848 3555 4905 Fe-

1966 4945 2042 4999 cit
2096 4944 2241 4998 enim
2278 4944 2374 4999 tibi
2406 4958 2603 5015 magna
2657 4944 2749 5013 qui
2796 4950 2989 5014 potens
3024 4951 3130 5007 est,
3165 4957 3232 4996 ex
3286 4950 3337 4996 te
3364 4954 3555 5005 carne,

1965 5038 2125 5108 quasi
2171 5037 2291 5092 velo
2338 5044 2517 5092 tectus
2575 5036 2859 5106 prodiens,
2919 5034 3313 5104 dcponensque
3367 5040 3557 5102 poten-

1970 5136 2076 5196 tes,
2141 5140 2305 5198 atque
2349 5130 2599 5185 exaltans
2670 5128 2924 5182 humiles.
2979 5126 3132 5181 Fecit
3190 5126 3285 5180 tibi
3338 5138 3554 5193 magna,

1968 5218 2169 5271 nedum
2226 5218 2280 5271 itt
2330 5217 2785 5288 generationibus
2853 5218 3158 5278 hominum,
3217 5212 3312 5269 sed
3372 5222 3428 5267 et
3499 5213 3553 5265 in

1965 5308 2120 5363 cmlis
2146 5307 2334 5375 gloriae
2382 5316 2490 5359 tuae
2545 5307 2763 5361 tituluut
2820 5308 3059 5377 erigens.
3097 5303 3217 5359 Jam
3250 5302 3554 5371 euim,jaut

1964 5401 2286 5471 angelorum
2348 5400 2483 5469 ipsis
2538 5400 2758 5470 populis
2814 5399 2974 5454 dulce
3026 5408 3133 5461 est,
3172 5408 3230 5451 ut
3284 5396 3383 5450 tibi
3420 5394 3554 5450 offe—

1970 5502 2097 5546 rant
2153 5490 2397 5554 laudem,
2461 5497 2628 5559 atque
2688 5497 2750 5544 ut
2805 5489 2967 5559 [legis
3029 5487 3278 5551 Matrem,
3341 5485 3557 5541 beatam

1968 5585 2308 5655 praedicant;
2365 5582 2615 5652 nihilque
2688 5590 2872 5652 pottus
2918 5582 3118 5639 habent
3170 5596 3334 5653 quam
3368 5586 3428 5635 ut
3457 5576 3556 5633 tibi

2186 5765 2252 5837 _"
2286 5762 2420 5821 Luc.
2478 5778 2538 5833 tt,
2565 5762 2631 5819 48
2679 5778 2832 5835 seqq.
