4104 6464
555 377 624 440 ΞῚ
1798 373 2076 434 LEONIS
2107 372 2574 433 PHILOSOPiiI
3767 357 3834 420 28

557 486 904 549 inserviant.
958 489 1053 544 cui
1109 489 1414 558 impensum
1488 482 1814 553 obsequium
1869 484 1935 537 ad
1987 483 2154 538 lilium

2281 488 2360 556 ri};
2409 482 2708 553 θεραπείας
2749 474 3136 541 διαὸαινούσης
3173 472 3309 542 πρὸς
3345 471 3436 525 τὸν
3475 470 3627 526 Υίόν.
3677 471 3838 524 Εὐλο-

559 578 801 634 transire
860 587 1206 650 compertum
1248 578 1504 632 habeant.
1568 573 1906 628 Benedicunt
1953 582 2007 627 te
2056 587 2152 627 so-

563 671 672 724 lant
712 668 1090 734 benedictam,
1154 669 1318 738 cujus
1364 665 1514 721 dulci
1579 673 1737 734 partu
1799 678 2026 718 amarus
2071 663 2153 717 in-

565 758 894 816 obedientiae
958 769 1151 831 partus
1207 760 1445 814 abolitus
1506 767 1629 822 est,
1671 769 1866 824 nempe
1930 754 2157 808 maledi-

570 854 709 908 ctio.
745 853 1083 909 Benedieunt
1119 860 1192 918 te,
1225 857 1416 920 utpote
1451 849 1732 903 hominum
1765 845 2155 910 amantissimi,

568 950 664 1016 qui
732 946 1011 999 hominem
1058 943 1302 1004 videant,
1361 942 1554 996 fraude
1607 955 1635 993 a
1677 938 2034 994 beatitudinis
2068 937 2157 990 illa

573 1038 908 1092 sublimitate
956 1035 1247 1100 deiectum,
1301 1033 1503 1087 nedum
1537 1032 1605 1087 ad
1633 1030 1878 1087 eamdem
1934 1041 2160 1082 revoca-

578 1137 717 1190 tum,
768 1124 865 1181 sed
897 1133 952 1180 et
977 1125 1168 1179 divino
1223 1124 1364 1178 solio
1387 1123 1676 1177 donatum.
1735 1118 1805 1174 Ut
1852 1117 1984 1186 quid
2029 1131 2161 1170 vero

576 1221 702 1290 quis
750 1227 856 1272 tua:
900 1227 1131 1272 conetur
1189 1215 1376 1286 gloriae
1437 1211 1871 1282 magnitudinem
1944 1206 2163 1262 metiri?

579 1311 820 1366 Facilius
876 1309 1123 1361 arbitror
1187 1306 1312 1361 cceli
1368 1303 1575 1369 sidera,
1619 1317 1782 1371 quam
1851 1313 1972 1353 eam
2037 1312 2162 1350 ora-

580 1404 734 1458 tione
787 1398 1105 1469 complecti.
1152 1397 1243 1462 At,
1293 1411 1326 1449 ο
1373 1396 1526 1461 virgo
1564 1401 1618 1447 et
1671 1400 1868 1457 mater,
1917 1404 2039 1459 (“ne
2077 1403 2165 1442 so-

580 1495 632 1548 la
690 1491 1012 1546 cwlestibtts
1089 1488 1176 1543 his
1238 1487 1436 1556 Opibus
1491 1483 1708 1547 amnis;
1761 1497 1884 1550 quae
1933 1479 2164 1534 dicenda

584 1582 932 1655 suggessisti,
967 1595 1030 1635 ea
1083 1591 1137 1634 et
1195 1577 1455 1632 diximus.
1515 1575 1660 1629 Nihil
1729 1574 1878 1628 enim
1944 1587 2162 1635 meum;

583 1675 679 1730 sed
729 1681 784 1727 et
842 1673 1050 1741 lingua,
1105 1677 1158 1724 et
1206 1669 1406 1730 oratio,
1453 1676 1508 1722 et
1554 1680 1805 1733 regnum,
1836 1677 1901 1716 ac
1942 1662 1988 1717 si
2033 1660 2164 1731 quid

585 1763 728 1817 aliud
759 1768 862 1825 est,
897 1762 948 1815 id
982 1741 1144 1813 omne
1177 1765 1286 1812 tua:
1314 1772 1460 1811 curae
1488 1771 1552 1808 ac
1588 1753 1986 1809 benevolentia:
2036 1767 2160 1803 mu-

2253 577 2410 648 τοῦσί
2447 593 2508 629 σε
2538 575 2636 646 τὴν
2666 573 2833 642 μόνην
2859 570 3056 640 εύλογη
3067 569 3254 637 μένην,
3281 560 3350 637 ἦς
3378 567 3453 635 τε)
3484 565 3678 633 γλυκεῖ
3699 567 3837 636 τόκῳ

2255 669 2283 719 ὁ
2337 665 2538 736 πικρὸς
2591 663 2693 732 τῆς
2743 659 3029 730 παρακοῆς
3078 656 3355 726 ἠφανίσθη
3403 655 3662 726 τόκος,ή
3710 656 3835 724 ἀρά.

2257 757 2552 826 Εὑλογοῦσί
2592 773 2652 810 σε
2684 749 2772 808 οἷα
2812 752 2878 823 δὴ
2931 749 3342 821 φιλάνθρωποι,
3388 748 3480 799 τὸν
3515 747 3574 810 ἐξ
3627 747 3838 816 ἀπάτης

2258 849 2640 904 καταπεσόντα
2667 847 2958 917 ἄνθρωπον
2980 843 3074 898 τοῦ
3094 843 3193 911 τῆς
3221 839 3628 910 μακαριότητος
3652 839 3838 906 ὕψους,

2258 941 2319 994 ού
2350 941 2509 1010 μόνον
2532 939 2666 1009 πρὸς
2690 937 2859 1008 αὐτὴν
2885 934 3164 987 ἀναϐάντα
3192 932 3356 985 πάλιν
3382 970 3396 994 ,
3429 931 3562 983 ἀλλὰ
3582 928 3659 998 τῷ
3679 925 3840 995 θεῖκῷ

2260 1037 2435 1106 θρόνῳ
2463 1034 2772 1103 καθήμενον
2792 1029 3161 1098 καθορῶντες.
3197 1028 3307 1080 Καὶ
3328 1025 3382 1078 τί
3414 1024 3478 1076 ἄν
3509 1041 3591 1086 τις
3622 1021 3720 1092 τὴν
3747 1019 3842 1089 σὴν

2260 1129 2419 1194 δόξαν
2467 1123 2809 1195 ἐπιχειροίη,
2858 1123 2960 1189 ὅση
3018 1136 3103 1181 τις
3139 1118 3504 1186 ἁναμετρεῖνς
3560 1114 3686 1184 ῥᾷον
3738 1111 3843 1180 γὰρ

2261 1217 2414 1290 οἶμαι
2455 1217 2686 1288 ούρανοῦ
2749 1217 2956 1284 ἄστρα,
3009 1212 3043 1281 ἢ
3101 1210 3306 1280 ταύτην
3357 1209 3502 1275 λόγῳ
3552 1204 3842 1258 διαλαϐεῖν.

2276 1309 2442 1375 Ἀλλ’,
2473 1303 2517 1362 ὦ
2566 1306 2807 1377 παρθένε
2866 1303 2960 1357 καὶ
3017 1305 3213 1372 μῆτερ,
3249 1302 3282 1370 ἡ
3319 1299 3457 1368 μόνη
3501 1297 3569 1350 τὰ
3599 1295 3845 1365 ὑπερφυῆ

2263 1400 2434 1454 ταῦτα
2476 1400 2858 1468 πλουτήσασα,
2899 1394 2935 1449 ἃ
2983 1393 3260 1464 παρέσχες
3300 1388 3618 1458 ὑπηχῆσαι,
3655 1387 3748 1438 καὶ
3787 1383 3848 1454 δὴ

2266 1494 2483 1563 εἴρηται
2513 1492 2666 1561 ἡμῖν,
2717 1487 2886 1541 Οὐδὲν
2928 1487 3038 1555 γὰρ
3074 1486 3241 1553 ἐμόν·
3288 1481 3424 1534 ἀλλὰ
3471 1479 3567 1532 καὶ
3599 1477 3844 1544 γλῶσσα,

2267 1582 2362 1634 καὶ
2390 1579 2655 1651 βασιλεία,
2690 1577 2785 1631 καὶ
2815 1577 2924 1628 πᾶν
2952 1573 3002 1625 εἴ
3027 1589 3079 1624 τι
3108 1570 3258 1632 ἄλλο,
3288 1569 3390 1638 τῆς
3422 1567 3520 1636 σῆς
3545 1569 3660 1618 ἐστι
3686 1564 3850 1632 δῶρον

2270 1671 2616 1742 κηδεμονίας.
2650 1669 2740 1721 Διὸ
2771 1667 2835 1736 δὴ
2864 1661 3359 1734 προσοικειουμένη
3393 1659 3462 1711 τὰ
3499 1659 3586 1719 σὰ,
3622 1655 3718 1708 νῦν
3759 1656 3853 1724 μὲν

2270 1766 2411 1818 δίδου
2445 1763 2506 1816 τὸ
2537 1761 2628 1814 σὺν
2662 1759 2913 1828 ποίμνιον
2945 1757 3038 1809 ὲπὶ
3069 1755 3240 1824 νομὰς
3270 1750 3514 1804 εὐθύνειν
3546 1751 3645 1816 τῆς
3679 1762 3855 1815 σωτη-

583 1872 690 1911 nus
733 1854 896 1908 duco.
957 1851 1138 1917 Quare
1198 1861 1288 1904 tua
1357 1848 1452 1901 tibi
1500 1847 1808 1909 vindicans,
1847 1860 1996 1899 nunc
2041 1844 2165 1912 qui-

2281 1856 2430 1927 ρίας,
2473 1852 2598 1923 μηδ’
2646 1849 2878 1919 ἀπειρίᾳ
2922 1844 3290 1916 ποιμαντικῆς
3338 1840 3688 1908 ἐπιστήμης·
3731 1838 3855 1906 ὁρᾷς

584 1945 708 2000 dem
765 1944 987 2014 largire,
1018 1951 1078 1997 ut
1109 1956 1330 2011 gregem
1393 1948 1547 1992 tuum
1602 1937 1671 1991 ad
1718 1937 1917 1992 salutis
1951 1951 2156 2007 pascua

585 2036 853 2105 dirigam:
897 2049 966 2088 ne
995 2032 1213 2086 inscitia
1246 2030 1491 2082 muneris
1520 2029 1741 2098 regendi
1791 2027 1965 2098 (vides
2020 2028 2164 2080 enim

584 2126 884 2196 quantulus
930 2137 1033 2193 ego
1081 2124 1210 2190 sim)
1243 2123 1408 2178 noxia
1460 2123 1641 2190 aliqua
1703 2120 1815 2175 fera
1861 2122 1914 2174 in
1940 2134 2161 2191 gregem

586 2218 819 2281 insiliat,
856 2230 1034 2284 neque
1073 2215 1167 2268 ulli
1214 2230 1278 2268 ex
1326 2215 1485 2276 meis,
1513 2212 1593 2267 vel
1645 2213 1755 2267 tuis
1811 2214 1994 2282 potius
2042 2227 2165 2281 gre-

586 2308 802 2378 galibus
838 2307 1009 2360 ullutn
1040 2307 1235 2359 animas
1271 2305 1570 2375 periculum
1603 2303 1852 2369 accidat;
1887 2303 1983 2360 sed
2013 2315 2164 2356 nunc

587 2400 833 2469 quidem,
882 2407 996 2450 tum
1040 2412 1242 2450 novum
1277 2411 1365 2450 me
1413 2406 1714 2464 pastorem,
1770 2403 1883 2447 lllm
1933 2408 2175 2462 gregem,

591 2489 866 2544 universis
920 2487 1140 2542 insidiis
1190 2487 1508 2556 superiores
1557 2485 1970 2556 gubernaveris,
2004 2499 2180 2552 exque

592 2580 798 2635 mundo
830 2581 933 2634 hoc
974 2581 1272 2650 migrantes
1313 2580 1378 2633 ad
1412 2577 1844 2632 immortalitatis
1875 2577 1996 2630 illas
2031 2591 2178 2628 man-

595 2676 782 2728 siones
829 2673 1075 2734 duxeris,
1121 2680 1183 2725 ιιι
1209 2683 1263 2726 et
1293 2671 1405 2725 illic
1439 2670 1548 2724 tuis
1591 2668 1842 2722 fruamur
1884 2666 2178 2737 praesidiis,

595 2765 770 2835 gratia
791 2779 853 2818 ac
871 2764 1209 2817 humanitate
1225 2762 1570 2832 primogeniti
1600 2760 1722 2814 Filii
1747 2761 1822 2813 tui
1847 2759 2058 2813 Domini
2082 2776 2182 2813 no-

594 2857 694 2911 stri
725 2854 875 2923 Jesu,
908 2855 994 2910 cui
1019 2855 1200 2926 gloria
1228 2855 1280 2908 in
1311 2854 1509 2909 saecula
1543 2853 1887 2908 sarculorum.
1925 2853 2120 2906 Amen.

1189 2965 1450 3023 ORATIO
1503 2964 1588 3021 IV.

2273 1948 2382 2018 γὰρ
2423 1947 2546 2009 ὅσος
2591 1943 2702 2011 ἐγώ
2729 1958 2742 1973 ·
2792 1939 3130 2016 ὲπιπηδῆααι
3176 1934 3388 2004 γένοιτό
3454 1947 3560 1983 τινι
3623 1927 3856 1997 λυμεῶνι

2277 2017 2440 2108 θηρί’
2482 2034 2619 2105 μηδέ
2664 2049 2769 2086 τινι
2821 2030 2928 2083 τῶν
2963 2027 3147 2098 ἐμῶν,
3212 2024 3414 2093 μᾶλλον
3453 2021 3546 2080 δὲ,
3595 2020 3704 2071 τῶν
3757 2017 3858 2070 σῶν

2277 2107 2611 2200 θρεμμάτων
2660 2126 2760 2194 τῆς
2805 2121 2982 2192 ψυχῆς
3037 2116 3375 2185 ἀπαντῆσαι,
3400 2113 3684 2165 κίνδυνον·
3731 2107 3861 2161 ἀλλὰ

2272 2199 2369 2275 νῦν
2407 2221 2504 2291 μὲν
2535 2216 2809 2284 διεξάγοις
2853 2214 2955 2283 ἐμέ
2995 2229 3055 2264 τε
3091 2211 3181 2263 τδν
3212 2210 3331 2262 νὲον
3372 2205 3644 2274 ποιμένα,
3677 2201 3770 2255 καὶ
3807 2199 3864 2291 to

2275 2313 2524 2381 ποίμνιον
2553 2310 2734 2374 πάσης
2763 2302 3060 2370 ὲπιὸουλῆς
3090 2299 3400 2368 ἁνωτέρους
3423 2312 3435 2324 ·
3473 2295 3628 2358 ἄγοις
3655 2293 3713 2344 δὲ
3773 2289 3864 2342 καὶ

2277 2401 2413 2472 πρδς
2444 2401 2543 2462 τὰς
2580 2397 2790 2451 ἐκεῖθεν
2819 2395 2917 2464 τῆς
2951 2391 3220 2453 ἀπαθείας
3257 2388 3424 2459 μονὰς
3456 2384 3708 2438 ἐντεῦθεν
3736 2385 3865 2434 ἁπο-

2279 2495 2654 2564 χωρήσαντας,
2690 2488 2778 2542 ἵνα
2810 2504 2904 2539 σου
2936 2486 3099 2539 κάκεῖ
3126 2484 3226 2552 τῆς
3259 2479 3596 2550 προστασίας
3630 2474 3865 2530 ἀπολαύ-

2287 2596 2503 2650 σωμεν,
2563 2577 2750 2647 χάριτι
2805 2577 2900 2629 καὶ
2949 2569 3335 2641 φιλανθρωπίᾳ
3385 2567 3480 2621 τοῦ
3525 2567 3866 2636 πρωτοτόκου

2290 2664 2420 2718 Υίοῦ
2448 2681 2541 2716 σου
2566 2664 2661 2716 τοῦ
2693 2664 2902 2734 Κυρίου
2927 2659 3084 2731 ἡμῶν
3119 2657 3319 2729 Ἰησοῦ,
3349 2650 3393 2725 ᾧ
3416 2657 3450 2727 ἡ
3479 2656 3607 2723 δόξα
3634 2657 3714 2720 εἰς
3749 2655 3871 2716 τοὺς

2290 2755 2492 2819 αἰῶνας
2524 2754 2634 2810 τῶν
2671 2756 2903 2808 αἰώνων.
2957 2753 3154 2824 Ἀμήν.

2914 2964 3136 3018 ΛΟΓΟΣ
3174 2962 3246 3017 Δ’.

597 3081 824 3150 Quando
889 3083 1204 3135 intemerata
1271 3081 1502 3134 invectus
1552 3079 1726 3141 nube,
1761 3077 2014 3150 senilibus
2067 3094 2177 3130 mrt-

2285 3078 2416 3130 Ὄτε
2439 3075 2713 3150 *νεφέλης
2745 3074 3522 3150 ἀχράντοψῼὲποχοιὺμενος,
3558 3072 3872 3150 πρεσϐυτι-

668 3154 842 3217 nibus,
897 3152 1082 3222 gloriw
1123 3151 1216 3204 Sol
1264 3151 1318 3202 in
1377 3151 1628 3222 templum
1686 3149 1968 3201 umbratile
2029 3163 2176 3201 com-

666 3219 913 3293 migrans
961 3221 1228 3291 ingressus
1261 3231 1338 3273 est
1369 3219 1472 3289 (6).

2358 3146 2492 3204 καῖε·
2524 3143 2755 3214 χερσὶν,
2789 3149 2876 3209 εἰς
2901 3146 3127 3210 σκιώδη
3183 3147 3334 3197 ναὸν
3357 3143 3870 3213 μετοικισάμενος,

2375 3221 2407 3269 ό
2430 3215 2538 3284 τῆς
2576 3214 2761 3282 δόξης
2789 3215 3191 3281 εἰσελήλυθεν
3221 3214 3417 3282 ἥλιος.

1798 3328 2108 3400 (Couusrts.
2146 3329 2248 3383 loc.
2285 3330 2377 3382 cit.
2409 3344 2463 3398 p.
2501 3328 2686 3400 1659.)

669 3441 875 3504 tlhrlsti
936 3446 1237 3502 solemnem
1298 3443 1635 3499 honoramus
1688 3443 1855 3510 diem,
1903 3446 1997 3514 qui
2058 3444 2180 3498 ιιιιί-

597 3541 777 3596 versis
833 3538 972 3592 bene
1017 3536 1277 3590 honorari
1324 3544 1518 3589 auctor
1553 3535 1674 3592 fttit.
1725 3537 1947 3590 Sacram
1974 3535 2180 3590 Christi

602 3630 977 3687 celebritatem
1021 3628 1262 3698 agimus,
1315 3642 1409 3696 per
1446 3643 1607 3697 quem
1662 3628 1908 3698 profanis
1960 3628 2184 3683 celebri-

601 3722 809 3776 tatibus
859 3719 1172 3784 exstinctis,
1231 3727 1436 3772 exorta:
1504 3729 1632 3773 sunt
1678 3735 1850 3775 sacrae
1899 3721 2185 3776 celebrita-

601 3824 706 3867 tes.
760 3811 966 3865 Exorto
1032 3809 1240 3864 lumine
1290 3811 1342 3862 in
1408 3810 1694 3878 spelunca,
1747 3821 2188 3882 prmscntemquc

587 3902 763 3960 'holie
815 3902 957 3957 lucis
1015 3901 1188 3956 radiis
1237 3900 1547 3955 illustraute
1607 3902 1772 3968 diem,
1829 3905 2187 3958 collastemur.

599 3996 816 4051 Rursus
852 3995 1000 4050 enim
1057 3993 1104 4048 is
1160 3993 1321 4063 cujus
1367 3994 1656 4060 beneficio,
1688 3996 1780 4066 qui
1839 3997 1892 4052 in
1959 3998 2192 4052 tribula-

597 4090 768 4144 tionis
823 4087 1065 4144 tencbris
1121 4086 1472 4151 sedebamus,
1537 4088 1930 4143 exsultationis
1975 4090 2194 4159 aspexi-

601 4196 726 4234 mus
780 4180 989 4245 lumen,
1036 4181 1170 4232 laela:
1230 4176 1548 4233 festivitatis
1583 4179 1988 4249 iucunditatem
2047 4197 2189 4252 pra:-

601 4271 782 4325 tendit
826 4286 982 4323 :non
1031 4269 1107 4323 ita
1162 4279 1220 4322 ttt
1258 4284 1289 4322 e
1341 4269 1602 4338 spelunca
1652 4272 1925 4342 effnlgeat,
1980 4274 2075 4328 sed
2132 4284 2193 4328 ut

602 4368 866 4430 tanquam
914 4361 1084 4422 nube,
1133 4358 1360 4429 Virgine
1419 4369 1593 4416 matre
1663 4365 1915 4433 vehatur,
1976 4380 2039 4419 ac
2094 4381 2193 4436 pa-

607 4461 822 4508 ternam
882 4450 1226 4521 ingrediatur
1273 4451 1517 4506 domum.
1579 4451 1681 4518 Qui
1737 4457 1892 4525 prius
1953 4456 2192 4514 hominis

2366 3444 2605 3515 Χριστοῦ
2639 3445 2832 3516 ἑορτὴν
2860 3445 3131 3515 τιμῶμεν,
3181 3442 3274 3498 τοῦ
3304 3441 3484 3507 καλῶς
3513 3443 3687 3496 ἆπασι
3715 3444 3874 3511 τιμΞίο

2293 3533 2416 3586 σθαι
2461 3533 2864 3602 διαιτήσαντος.
2921 3532 3161 3603 Χριστοῦ
3232 3534 3384 3603 ἱερὰν
3431 3530 3699 3600 τελοῦμεν
3747 3546 3876 3583 παν-

2290 3623 2509 3694 ήγυριν,
2533 3623 2597 3675 δι’
2615 3617 2676 3675 οῦ
2699 3623 3114 3692 ἀπεσϐέσθησαν
3144 3622 3350 3693 ἀνίεροι
3371 3623 3601 3684 τελεταὶ,
3626 3621 3723 3674 καὶ
3751 3637 3877 3672 πιν-

2287 3720 2515 3792 ηγύρεις
2555 3720 2774 3791 ἁνίοχον
2818 3721 2875 3772 αἱ
2940 3720 3106 3790 ἱεραί.
3148 3719 3252 3771 Τοῦ
3298 3722 3354 3770 ὲν
3412 3717 3667 3788 σπηλαίῳ
3710 3716 3878 3785 φωτὸς

2292 3813 2672 3874 ἀνατείλαντος
2694 3851 2708 3876 ,
2749 3812 2840 3865 καὶ
2872 3809 2966 3865 νῦν
3002 3810 3100 3882 τὴν
3136 3811 3419 3880 παροῦσαν
3461 3811 3681 3880 ἡμέραν
3721 3825 3879 3863 κατα-

2297 3904 2710 3974 πυρσεύσαντος
2736 3946 2750 3970 ,
2787 3903 3235 3973 φαιδρυνώμεθα.
3277 3904 3444 3956 Πάλιν
3477 3903 3615 3972 γὰρ,
3655 3906 3682 3956 ὁ
3726 3901 3788 3954 δι’
3819 3891 3877 3952 οῦ

2295 3999 2347 4050 oi.
2377 3999 2433 4050 ἐν
2472 3996 2704 4066 θλίψεως
2751 3997 3052 4066 καθήμενοι
3095 3997 3308 4058 σκότει,
3347 3995 3463 4064 φῶς
3505 3993 3878 4061 ἁγιλλιέσεως

2300 4089 2535 4160 εἴδομεν,
2583 4089 2784 4160 ἑορτῶν
2816 4089 3024 4159 ἀνίσχει
3070 4088 3426 4158 φαιδῷτητω
3458 4087 3558 4140 οὐκ
3598 4086 3707 4139 ἀπὸ
3747 4102 3880 4154 σπη-

2288 4180 2442 4232 λαίου
2475 4180 2810 4250 ,ὲκλάμπωη
2852 4180 2966 4233 ἀλλ’
3006 4176 3094 4234 οἷα
3142 4182 3372 4254 νεφέλῃ,
3425 4181 3687 4253 Παρθένῳ
3718 4179 3880 4252 μητρὶ

2292 4271 2674 4342 ἐποχούμενος⁸
2711 4271 2848 4325 ἀλλᾶ
2877 4273 3012 4343 πρὸς
3049 4269 3199 4326 οἷκον
3234 4273 3566 4325 εἰσελαύνων
3605 4271 3879 4341 πατρῷον.

2293 4365 2563 4434 Πρότερον
2609 4365 2637 4416 ὁ
2667 4364 2773 4434 γῆν
2815 4364 2914 4434 τὴν
2955 4364 3249 4434 ἀνθρώπου
3285 4368 3503 4434 μητέρα
3549 4364 3626 4434 τῷ
3677 4365 3881 4434 ῥήματι

2291 4452 2677 4517 ἀποτετοκὼς,
2730 4454 2944 4525 μητέρα
2994 4455 3175 4524 ἑαυτῷ
3224 4457 3594 4523 ποιησάμενος
3622 4496 3636 4519 ,
3685 4454 3882 4523 νόμους

607 4550 841 4597 matrem
889 4549 1096 4596 terram
1126 4541 1296 4594 verbo
1329 4541 1614 4606 edidisset,
1660 4544 1763 4598 sibi
1812 4545 1928 4612 ipse
1961 4554 2177 4600 matren'

2299 4545 2643 4616 ἐκαινοτόμει
2682 4546 2930 4616 φύσεως,
2969 4550 3182 4619 μήτρας
3231 4546 3349 4601 ἀνθ’
3392 4540 3467 4599 ὧν
3511 4547 3788 4618 ἀσπόρου,
3826 4545 3884 4597 τὸ

607 4635 855 4690 condens
883 4675 899 4700 ,
945 4643 1153 4688 natura:
1201 4632 1482 4688 innovavit
1531 4635 1708 4705 leges;
1762 4651 1876 4706 qua
1935 4635 2194 4693 nimirum

605 4728 823 4782 ratione
883 4726 1156 4798 processit
1213 4741 1244 4780 e
1306 4727 1489 4791 vulva,
1553 4727 1703 4780 nulla
1757 4739 2003 4784 semente
2064 4731 2195 4797 feta,

609 4820 755 4890 quod
806 4820 1066 4876 abhorret
1103 4835 1133 4873 a
1163 4819 1332 4888 lege:
1373 4835 1518 4874 nunc
1575 4830 1758 4875 autem
1807 4836 1906 4892 pro
1953 4839 2201 4878 commu-

608 4913 698 4968 nis
747 4915 959 4968 ratione
986 4914 1120 4985 lrgis
1153 4928 1343 4967 eorum
1375 4929 1608 4982 quorum
1643 4930 1708 4968 cx
1743 4916 1953 4972 semine
1981 4932 2200 4972 carnem

609 5005 930 5072 assumpsit,
1000 5003 1094 5071 qui
1138 5002 1311 5070 legem
1358 5004 1411 5055 in
1454 5011 1640 5056 monte
1694 5003 1825 5056 Sina
1861 5004 2196 5073 scripsisset,

610 5104 875 5164 tanquam
909 5096 1043 5164 legis
1069 5110 1215 5159 reus,
1248 5095 1383 5165 legis
1419 5095 1870 5149 constitutionem
1904 5097 2196 5164 adimplet:

609 5189 749 5258 ipse,
808 5188 1056 5257 inquam,
1117 5188 1292 5257 gloria
1340 5185 1526 5250 Israel,
1563 5201 1628 5239 ac
1688 5187 1873 5242 lumen
1925 5189 2198 5255 gentium.

611 5281 817 5336 Gentes
865 5282 1155 5347 universae,
1211 5280 1467 5345 laudate;
1503 5295 1634 5334 ecce
1677 5280 1824 5333 enim
1878 5277 2021 5335 Deus
2067 5296 2204 5350 puer

613 5370 800 5430 factus
838 5381 947 5443 est,
981 5387 1045 5428 ac
1074 5373 1179 5430 sub
1229 5373 1347 5445 lege
1401 5372 1559 5439 vivit,
1591 5381 1648 5425 ut
1679 5379 1795 5426 tum
1853 5371 1921 5426 iis
1969 5374 2064 5444 qui
2098 5373 2202 5428 sub

2296 4639 2390 4691 τοῦ
2426 4639 2592 4704 νόμου
2623 4639 2926 4708 ἀλλότριον,
2953 4639 3310 4708 προελήλυθε’
3349 4639 3444 4691 νῦν
3473 4639 3528 4691 δὲ
3560 4639 3702 4691 κατᾶ
3726 4639 3884 4708 νόμον

2298 4729 2494 4793 κοινὸν,
2529 4724 2603 4781 ὧν
2643 4731 2706 4782 ἐκ
2734 4731 2827 4783 τοῦ
2863 4731 3179 4801 σπέρματος
3227 4733 3407 4800 σάρκα
3457 4730 3815 4799 προσέλαϐεν,
3859 4728 3886 4779 ό

2298 4819 2486 4873 τοῦτον
2510 4823 2567 4873 ἐν
2596 4821 2791 4892 Σιναίῳ
2815 4821 3058 4891 γράψας,
3085 4821 3334 4888 ὠφείλων
3357 4820 3528 4889 αύτῷ,
3554 4820 3651 4891 τὴν
3680 4820 3884 4873 ἐκείνου

2299 4912 2545 4976 διάταξιν
2580 4913 2865 4982 ὲκπληροίο
2902 4915 2935 4983 ἡ
2973 4913 3097 4978 δόξα.
3130 4912 3223 4966 τοῦ
3273 4912 3510 4983 Ἰσραὴλ,
3546 4913 3606 4964 τὸ
3639 4912 3754 4981 φῶς
3785 4911 3888 4962 τῶν

2303 5004 2492 5059 ἐθνῶν.
2519 5006 2704 5059 Πάντα
2740 5004 2807 5059 τὰ
2833 5004 2983 5076 ἔθνη,
3019 5005 3293 5058 αἰνέσατεο
3333 5004 3443 5057 ίδοὺ
3474 5004 3582 5076 γὰρ
3610 5004 3741 5067 Θεὸς
3766 5019 3888 5056 παι-

2301 5098 2415 5151 δίον
2453 5098 2705 5166 ὲγένετο,
2750 5100 2844 5151 καὶ
2883 5097 3226 5150 πολιτεύεται
3251 5097 3386 5150 εύπὸ
3438 5097 3624 5167 νόμον,
3666 5096 3752 5148 ῖνα
3797 5094 3888 5147 καὶ

2302 5193 2414 5254 τοῖς
2444 5193 2500 5243 ὲν
2545 5190 2696 5261 νόμῳ
2732 5189 2998 5261 βοηθήσῃ,
3029 5191 3092 5241 τὸ
3125 5190 3372 5242 ἐλλεῖπον
3407 5191 3603 5258 ἐκείνῳ
3641 5187 3887 5256 ἀναπλη-

2307 5281 2437 5352 ρῶν,
2485 5283 2578 5334 καὶ
2622 5285 2736 5344 τοῖς
2786 5282 3003 5352 ἀνόμως
3052 5282 3230 5335 ἔθνεσι
3277 5281 3753 5352 πολιτευομένοις,
3802 5279 3889 5332 τὸν

2308 5375 2537 5428 πλοῦτον
2573 5375 2818 5446 γνωρίσῃ
2843 5378 2942 5446 τῆς
2977 5374 3187 5438 οἰκείας
3215 5374 3604 5447 χρηστότητος.

2131 5521 2367 5577 NOTAE.

684 5635 758 5706 (6)
791 5634 1067 5691 Habemus
1118 5651 1184 5690 ex
1235 5635 1381 5705 regia
1448 5649 1579 5705 gaza
1646 5635 2140 5691 lnculeutissimam
2172 5679 2187 5703 ,

611 5709 810 5825 Qartim
847 5707 1118 5771 festivam,
1146 5709 1342 5775 partim
1376 5707 1722 5774 polemicam,
1747 5722 1812 5761 ac
1839 5723 1946 5775 qua
1980 5709 2100 5762 Filii
2127 5725 2189 5762 ac

665 5775 777 5825 criti
806 5775 1145 5825 divinitatem
1171 5778 1224 5825 in
1261 5777 1589 5825 humilitate-
1623 5791 1728 5825 tum
1765 5793 1824 5825 se
1854 5778 1955 5825 leni
2000 5779 2189 5825 subin—

665 5775 777 5830 erbi
806 5775 1145 5833 divinitatem
1170 5778 1224 5830 in
1261 5777 1590 5844 humilitate,
1623 5791 1728 5846 qua
1765 5793 1824 5834 se
1854 5778 1956 5847 logi
2000 5779 2189 5848 subje-

2299 5639 2396 5702 cit,
2453 5640 2726 5710 przecipne
2763 5641 3027 5697 vindicet.
3081 5641 3233 5711 Opus
3302 5650 3452 5695 certe
3529 5640 3784 5711 elegans.
3828 5651 3890 5688 ae

2301 5711 2816 5836 Εἰέιιξιίιὲξιιιιιιιιιιιο
2866 5724 2925 5768 ιιι
2979 5709 3200 5768 tandem
3266 5711 3561 5782 aliquando
3615 5709 3758 5784 juris
3783 5722 3886 5780 pu-

2382 5798 2407 5836 t:
2564 5821 2577 5835 .

2382 5798 2428 5836 Cl
2463 5798 2577 5835 Hal.
