  <div class='ocr_page' id='page_1' title='image "/cluster/home/n/w/nwhite01/storage/ocr_20150623/107/coo.31924054870112/060.png"; bbox 0 0 4104 6450; ppageno 0'>
   <div class='ocr_carea' id='block_1_1' title="bbox 258 350 3582 425">
    <p class='ocr_par' dir='ltr' id='par_1_1' title="bbox 258 350 3582 425">
     <span class='ocr_line' id='line_1_1' title="bbox 258 350 3582 425; baseline 0.006 -21"><span class='ocrx_word' id='word_1_1' title='bbox 258 359 335 422; x_wconf 67' lang='lat'><strong>29</strong></span> <span class='ocrx_word' id='word_1_2' title='bbox 1126 352 1407 412; x_wconf 72' lang='lat' dir='ltr'><strong>ORATIO</strong></span> <span class='ocrx_word' id='word_1_3' title='bbox 1436 353 1534 411; x_wconf 88' lang='lat' dir='ltr'><strong>IV.</strong></span> <span class='ocrx_word' id='word_1_4' title='bbox 1568 375 1635 385; x_wconf 91' lang='lat'>—</span> <span class='ocrx_word' id='word_1_5' title='bbox 1674 350 1751 409; x_wconf 81' lang='lat' dir='ltr'><strong>IN</strong></span> <span class='ocrx_word' id='word_1_6' title='bbox 1794 350 2106 412; x_wconf 82' lang='lat' dir='ltr'><strong>CHRISTI</strong></span> <span class='ocrx_word' id='word_1_7' title='bbox 2145 351 2666 417; x_wconf 75' lang='lat' dir='ltr'><strong>NATIVITATEM</strong></span> <span class='ocrx_word' id='word_1_8' title='bbox 2717 359 2766 420; x_wconf 90' lang='lat' dir='ltr'><strong>I.</strong></span> <span class='ocrx_word' id='word_1_9' title='bbox 3516 362 3582 425; x_wconf 82' lang='lat'><strong>30</strong></span> 
     </span>
    </p>
   </div>
   <div class='ocr_carea' id='block_1_2' title="bbox 266 462 3577 540">
    <p class='ocr_par' dir='ltr' id='par_1_2' title="bbox 266 462 3577 540">
     <span class='ocr_line' id='line_1_2' title="bbox 266 462 3577 540; baseline 0.002 -17"><span class='ocrx_word' id='word_1_10' title='bbox 266 469 408 538; x_wconf 79' lang='lat' dir='ltr'><strong>lege,</strong></span> <span class='ocrx_word' id='word_1_11' title='bbox 461 465 789 529; x_wconf 74' lang='lat' dir='ltr'><strong>auxiliatur,</strong></span> <span class='ocrx_word' id='word_1_12' title='bbox 830 463 1144 535; x_wconf 86' lang='lat' dir='ltr'><strong>adimplens</strong></span> <span class='ocrx_word' id='word_1_13' title='bbox 1198 463 1336 534; x_wconf 84' lang='lat' dir='ltr'><strong>legis</strong></span> <span class='ocrx_word' id='word_1_14' title='bbox 1390 462 1690 527; x_wconf 83' lang='lat' dir='ltr'><strong>defectum,</strong></span> <span class='ocrx_word' id='word_1_15' title='bbox 1753 470 1869 516; x_wconf 89' lang='lat' dir='ltr'><strong>tum</strong></span> <span class='ocrx_word' id='word_1_16' title='bbox 1926 464 2182 532; x_wconf 79' lang='lat' dir='ltr'><strong>gentibus</strong></span> <span class='ocrx_word' id='word_1_17' title='bbox 2246 465 2367 523; x_wconf 88' lang='lat' dir='ltr'><strong>sine</strong></span> <span class='ocrx_word' id='word_1_18' title='bbox 2408 468 2525 540; x_wconf 83' lang='lat' dir='ltr'><strong>lege</strong></span> <span class='ocrx_word' id='word_1_19' title='bbox 2585 470 2921 537; x_wconf 85' lang='lat' dir='ltr'><strong>viventibus,</strong></span> <span class='ocrx_word' id='word_1_20' title='bbox 2975 472 3241 531; x_wconf 74' lang='lat' dir='ltr'><strong>bonitatis</strong></span> <span class='ocrx_word' id='word_1_21' title='bbox 3283 492 3397 533; x_wconf 73' lang='lat' dir='ltr'><strong>sua:</strong></span> <span class='ocrx_word' id='word_1_22' title='bbox 3446 479 3577 532; x_wconf 83' lang='lat' dir='ltr'><strong>divi-</strong></span> 
     </span>
    </p>
   </div>
   <div class='ocr_carea' id='block_1_3' title="bbox 268 558 701 615">
    <p class='ocr_par' dir='ltr' id='par_1_3' title="bbox 268 558 701 615">
     <span class='ocr_line' id='line_1_3' title="bbox 268 558 701 615; baseline 0.005 -5"><span class='ocrx_word' id='word_1_23' title='bbox 268 562 379 615; x_wconf 82' lang='lat' dir='ltr'><strong>tias</strong></span> <span class='ocrx_word' id='word_1_24' title='bbox 423 558 701 613; x_wconf 85' lang='lat' dir='ltr'><strong>ostendat.</strong></span> 
     </span>
    </p>
   </div>
   <div class='ocr_carea' id='block_1_4' title="bbox 358 644 1896 723">
    <p class='ocr_par' dir='ltr' id='par_1_4' title="bbox 358 644 1884 720">
     <span class='ocr_line' id='line_1_4' title="bbox 358 644 1884 720; baseline -0.007 -14"><span class='ocrx_word' id='word_1_25' title='bbox 358 653 580 720; x_wconf 75' lang='grc' dir='ltr'>Ἐπειδὴ</span> <span class='ocrx_word' id='word_1_26' title='bbox 609 650 721 720; x_wconf 73' lang='grc' dir='ltr'><strong>γὰρ</strong></span> <span class='ocrx_word' id='word_1_27' title='bbox 752 649 781 702; x_wconf 85' lang='lat'><strong>6</strong></span> <span class='ocrx_word' id='word_1_28' title='bbox 812 644 1070 716; x_wconf 77' lang='grc' dir='ltr'>δακτύλῳ</span> <span class='ocrx_word' id='word_1_29' title='bbox 1102 644 1240 700; x_wconf 77' lang='grc' dir='ltr'>Θεοῦ</span> <span class='ocrx_word' id='word_1_30' title='bbox 1279 645 1515 718; x_wconf 75' lang='grc' dir='ltr'>γραφεὶς</span> <span class='ocrx_word' id='word_1_31' title='bbox 1555 644 1720 716; x_wconf 88' lang='grc' dir='ltr'>νόμος</span> <span class='ocrx_word' id='word_1_32' title='bbox 1740 685 1753 709; x_wconf 93' lang='grc'><strong>,</strong></span> <span class='ocrx_word' id='word_1_33' title='bbox 1786 644 1884 714; x_wconf 77' lang='grc' dir='ltr'><strong>οὺχ</strong></span> 
     </span>
    </p>
   </div>
   <div class='ocr_carea' id='block_1_5' title="bbox 2002 644 3585 723">
    <p class='ocr_par' dir='ltr' id='par_1_5' title="bbox 2058 644 3585 723">
     <span class='ocr_line' id='line_1_5' title="bbox 2058 644 3585 723; baseline 0.014 -28"><span class='ocrx_word' id='word_1_34' title='bbox 2058 644 2197 711; x_wconf 85' lang='lat' dir='ltr'><strong>Quia</strong></span> <span class='ocrx_word' id='word_1_35' title='bbox 2236 646 2379 701; x_wconf 90' lang='lat' dir='ltr'><strong>enim</strong></span> <span class='ocrx_word' id='word_1_36' title='bbox 2425 646 2520 702; x_wconf 87' lang='lat' dir='ltr'><strong>Dei</strong></span> <span class='ocrx_word' id='word_1_37' title='bbox 2568 648 2743 719; x_wconf 82' lang='lat' dir='ltr'><strong>digito</strong></span> <span class='ocrx_word' id='word_1_38' title='bbox 2795 652 2998 723; x_wconf 88' lang='lat' dir='ltr'><strong>scripta</strong></span> <span class='ocrx_word' id='word_1_39' title='bbox 3071 653 3155 709; x_wconf 85' lang='lat' dir='ltr'><strong>lex</strong></span> <span class='ocrx_word' id='word_1_40' title='bbox 3242 655 3393 711; x_wconf 89' lang='lat' dir='ltr'><strong>haud</strong></span> <span class='ocrx_word' id='word_1_41' title='bbox 3450 662 3585 715; x_wconf 88' lang='lat' dir='ltr'><strong>satis</strong></span> 
     </span>
    </p>
   </div>
   <div class='ocr_carea' id='block_1_6' title="bbox 272 737 1879 813">
    <p class='ocr_par' dir='ltr' id='par_1_6' title="bbox 272 737 1879 813">
     <span class='ocr_line' id='line_1_6' title="bbox 272 737 1879 813; baseline -0.007 -14"><span class='ocrx_word' id='word_1_42' title='bbox 272 739 389 809; x_wconf 72' lang='grc' dir='ltr'>οἷός</span> <span class='ocrx_word' id='word_1_43' title='bbox 423 762 485 797; x_wconf 90' lang='grc' dir='ltr'><strong>τε</strong></span> <span class='ocrx_word' id='word_1_44' title='bbox 516 739 585 813; x_wconf 76' lang='grc' dir='ltr'>ἦν</span> <span class='ocrx_word' id='word_1_45' title='bbox 613 741 1009 811; x_wconf 81' lang='grc' dir='ltr'>διασοϐηθέντα</span> <span class='ocrx_word' id='word_1_46' title='bbox 1036 740 1133 792; x_wconf 78' lang='grc' dir='ltr'><strong>τὸν</strong></span> <span class='ocrx_word' id='word_1_47' title='bbox 1174 739 1456 809; x_wconf 77' lang='grc' dir='ltr'>λογισμὸν,</span> <span class='ocrx_word' id='word_1_48' title='bbox 1487 741 1551 792; x_wconf 84' lang='grc' dir='ltr'>ὲκ</span> <span class='ocrx_word' id='word_1_49' title='bbox 1584 737 1680 791; x_wconf 80' lang='grc' dir='ltr'>τοῦ</span> <span class='ocrx_word' id='word_1_50' title='bbox 1717 737 1879 809; x_wconf 82' lang='grc' dir='ltr'>πρώ-</span> 
     </span>
    </p>
   </div>
   <div class='ocr_carea' id='block_1_7' title="bbox 273 829 1886 904">
    <p class='ocr_par' dir='ltr' id='par_1_7' title="bbox 273 829 1886 904">
     <span class='ocr_line' id='line_1_7' title="bbox 273 829 1886 904; baseline -0.005 -15"><span class='ocrx_word' id='word_1_51' title='bbox 273 853 390 898; x_wconf 84' lang='grc' dir='ltr'><strong>τως</strong></span> <span class='ocrx_word' id='word_1_52' title='bbox 430 835 599 904; x_wconf 82' lang='grc' dir='ltr'>σκαιᾷ</span> <span class='ocrx_word' id='word_1_53' title='bbox 659 833 951 903; x_wconf 83' lang='grc' dir='ltr'>είσηγήσει</span> <span class='ocrx_word' id='word_1_54' title='bbox 999 831 1451 901; x_wconf 70' lang='grc' dir='ltr'>παρατρέψαντος</span> <span class='ocrx_word' id='word_1_55' title='bbox 1486 830 1669 895; x_wconf 84' lang='grc' dir='ltr'>αὑτὸν,</span> <span class='ocrx_word' id='word_1_56' title='bbox 1706 830 1799 882; x_wconf 73' lang='grc' dir='ltr'><strong>ἐπὶ</strong></span> <span class='ocrx_word' id='word_1_57' title='bbox 1825 829 1886 882; x_wconf 82' lang='grc' dir='ltr'><strong>τὸ</strong></span> 
     </span>
    </p>
   </div>
   <div class='ocr_carea' id='block_1_8' title="bbox 276 921 1886 997">
    <p class='ocr_par' dir='ltr' id='par_1_8' title="bbox 276 921 1886 997">
     <span class='ocr_line' id='line_1_8' title="bbox 276 921 1886 997; baseline -0.005 -17"><span class='ocrx_word' id='word_1_58' title='bbox 276 927 506 997; x_wconf 73' lang='grc' dir='ltr'>σῶφρον</span> <span class='ocrx_word' id='word_1_59' title='bbox 535 925 870 993; x_wconf 76' lang='grc' dir='ltr'><strong>ἀνενεγκεῖν,</strong></span> <span class='ocrx_word' id='word_1_60' title='bbox 906 924 1015 977; x_wconf 78' lang='grc' dir='ltr'>οὐδ’</span> <span class='ocrx_word' id='word_1_61' title='bbox 1046 922 1505 993; x_wconf 61' lang='grc' dir='ltr'>ὦσπερ,δργανον</span> <span class='ocrx_word' id='word_1_62' title='bbox 1548 922 1647 991; x_wconf 83' lang='grc' dir='ltr'>τῆς</span> <span class='ocrx_word' id='word_1_63' title='bbox 1679 921 1886 980; x_wconf 82' lang='grc' dir='ltr'>οἰκείας</span> 
     </span>
    </p>
   </div>
   <div class='ocr_carea' id='block_1_9' title="bbox 276 1012 1884 1088">
    <p class='ocr_par' dir='ltr' id='par_1_9' title="bbox 276 1012 1884 1088">
     <span class='ocr_line' id='line_1_9' title="bbox 276 1012 1884 1088; baseline -0.006 -15"><span class='ocrx_word' id='word_1_64' title='bbox 276 1019 575 1087; x_wconf 73' lang='grc' dir='ltr'>ὲξεστηκδς</span> <span class='ocrx_word' id='word_1_65' title='bbox 605 1016 877 1088; x_wconf 83' lang='grc' dir='ltr'>ἁρμονίας</span> <span class='ocrx_word' id='word_1_66' title='bbox 909 1015 1049 1086; x_wconf 81' lang='grc' dir='ltr'>πρὸς</span> <span class='ocrx_word' id='word_1_67' title='bbox 1078 1015 1169 1068; x_wconf 75' lang='grc' dir='ltr'>τὸν</span> <span class='ocrx_word' id='word_1_68' title='bbox 1207 1014 1402 1068; x_wconf 79' lang='grc' dir='ltr'>ἑαυτοῦ</span> <span class='ocrx_word' id='word_1_69' title='bbox 1436 1014 1675 1082; x_wconf 78' lang='grc' dir='ltr'><strong>φθόγγον</strong></span> <span class='ocrx_word' id='word_1_70' title='bbox 1708 1012 1884 1082; x_wconf 86' lang='grc' dir='ltr'>ἁρμό-</span> 
     </span>
    </p>
   </div>
   <div class='ocr_carea' id='block_1_10' title="bbox 279 1102 1886 1171">
    <p class='ocr_par' dir='ltr' id='par_1_10' title="bbox 279 1102 1886 1171">
     <span class='ocr_line' id='line_1_10' title="bbox 279 1102 1886 1171; baseline -0.007 -7"><span class='ocrx_word' id='word_1_71' title='bbox 279 1126 399 1165; x_wconf 75' lang='grc' dir='ltr'>σαι*</span> <span class='ocrx_word' id='word_1_72' title='bbox 433 1107 545 1161; x_wconf 76' lang='grc' dir='ltr'>οὐδ’</span> <span class='ocrx_word' id='word_1_73' title='bbox 576 1103 636 1161; x_wconf 77' lang='grc' dir='ltr'><strong>εὖ</strong></span> <span class='ocrx_word' id='word_1_74' title='bbox 674 1106 921 1160; x_wconf 86' lang='grc' dir='ltr'>τίθεσθαι</span> <span class='ocrx_word' id='word_1_75' title='bbox 955 1106 1022 1158; x_wconf 84' lang='grc' dir='ltr'><strong>τὰ</strong></span> <span class='ocrx_word' id='word_1_76' title='bbox 1061 1106 1239 1157; x_wconf 82' lang='grc' dir='ltr'>οἰκεῖα</span> <span class='ocrx_word' id='word_1_77' title='bbox 1270 1104 1498 1168; x_wconf 80' lang='grc' dir='ltr'>διδάξαι·</span> <span class='ocrx_word' id='word_1_78' title='bbox 1536 1102 1674 1156; x_wconf 75' lang='grc' dir='ltr'>ἀλλὰ</span> <span class='ocrx_word' id='word_1_79' title='bbox 1702 1102 1886 1171; x_wconf 83' lang='grc' dir='ltr'>χειρό-</span> 
     </span>
    </p>
   </div>
   <div class='ocr_carea' id='block_1_11' title="bbox 278 1198 1881 1273">
    <p class='ocr_par' dir='ltr' id='par_1_11' title="bbox 278 1198 1881 1273">
     <span class='ocr_line' id='line_1_11' title="bbox 278 1198 1881 1273; baseline -0.006 -15"><span class='ocrx_word' id='word_1_80' title='bbox 278 1222 393 1258; x_wconf 85' lang='grc' dir='ltr'>νων</span> <span class='ocrx_word' id='word_1_81' title='bbox 424 1203 731 1273; x_wconf 73' lang='grc' dir='ltr'>ὑποθήκαις</span> <span class='ocrx_word' id='word_1_82' title='bbox 759 1201 828 1255; x_wconf 88' lang='grc' dir='ltr'><strong>τά</strong></span> <span class='ocrx_word' id='word_1_83' title='bbox 859 1200 1204 1270; x_wconf 78' lang='grc' dir='ltr'>προλαὸόντα</span> <span class='ocrx_word' id='word_1_84' title='bbox 1232 1199 1526 1270; x_wconf 76' lang='grc' dir='ltr'>ηὐξάνετο,</span> <span class='ocrx_word' id='word_1_85' title='bbox 1553 1198 1655 1251; x_wconf 74' lang='grc' dir='ltr'><strong>οὐκ</strong></span> <span class='ocrx_word' id='word_1_86' title='bbox 1684 1199 1881 1267; x_wconf 86' lang='grc' dir='ltr'>ἀρκου-</span> 
     </span>
    </p>
   </div>
   <div class='ocr_carea' id='block_1_12' title="bbox 284 1287 1884 1367">
    <p class='ocr_par' dir='ltr' id='par_1_12' title="bbox 284 1287 1884 1367">
     <span class='ocr_line' id='line_1_12' title="bbox 284 1287 1884 1367; baseline -0.006 -18"><span class='ocrx_word' id='word_1_87' title='bbox 284 1297 471 1367; x_wconf 85' lang='grc' dir='ltr'>μένων</span> <span class='ocrx_word' id='word_1_88' title='bbox 499 1294 655 1365; x_wconf 79' lang='grc' dir='ltr'>ἡμῶν</span> <span class='ocrx_word' id='word_1_89' title='bbox 679 1294 759 1362; x_wconf 79' lang='grc' dir='ltr'>τῷ</span> <span class='ocrx_word' id='word_1_90' title='bbox 785 1293 1100 1362; x_wconf 85' lang='grc' dir='ltr'>τολμήματι</span> <span class='ocrx_word' id='word_1_91' title='bbox 1124 1293 1223 1360; x_wconf 81' lang='grc' dir='ltr'><strong>τῆς</strong></span> <span class='ocrx_word' id='word_1_92' title='bbox 1246 1293 1536 1361; x_wconf 80' lang='grc' dir='ltr'>παρακοῆς</span> <span class='ocrx_word' id='word_1_93' title='bbox 1561 1328 1575 1353; x_wconf 86' lang='grc'><strong>,</strong></span> <span class='ocrx_word' id='word_1_94' title='bbox 1604 1289 1721 1342; x_wconf 89' lang='grc' dir='ltr'>ἀλλ’</span> <span class='ocrx_word' id='word_1_95' title='bbox 1747 1287 1884 1359; x_wconf 73' lang='grc' dir='ltr'>ὁμοῦ</span> 
     </span>
    </p>
   </div>
   <div class='ocr_carea' id='block_1_13' title="bbox 281 1378 1886 1457">
    <p class='ocr_par' dir='ltr' id='par_1_13' title="bbox 281 1378 1886 1457">
     <span class='ocr_line' id='line_1_13' title="bbox 281 1378 1886 1457; baseline -0.006 -16"><span class='ocrx_word' id='word_1_96' title='bbox 281 1391 354 1457; x_wconf 75' lang='grc' dir='ltr'>τῇ</span> <span class='ocrx_word' id='word_1_97' title='bbox 384 1386 572 1455; x_wconf 75' lang='grc' dir='ltr'>ἐντολῇ</span> <span class='ocrx_word' id='word_1_98' title='bbox 606 1387 700 1439; x_wconf 68' lang='grc' dir='ltr'><strong>καὶ</strong></span> <span class='ocrx_word' id='word_1_99' title='bbox 728 1386 821 1437; x_wconf 70' lang='grc' dir='ltr'>τὸν</span> <span class='ocrx_word' id='word_1_100' title='bbox 847 1384 1127 1453; x_wconf 77' lang='grc' dir='ltr'>Δεσπότην</span> <span class='ocrx_word' id='word_1_101' title='bbox 1181 1382 1536 1452; x_wconf 78' lang='grc' dir='ltr'><strong>διωσαμένων</strong></span> <span class='ocrx_word' id='word_1_102' title='bbox 1564 1398 1577 1411; x_wconf 88' lang='grc'><strong>·</strong></span> <span class='ocrx_word' id='word_1_103' title='bbox 1618 1382 1712 1434; x_wconf 71' lang='grc' dir='ltr'>καὶ</span> <span class='ocrx_word' id='word_1_104' title='bbox 1749 1378 1886 1432; x_wconf 86' lang='grc' dir='ltr'>καθ-</span> 
     </span>
    </p>
   </div>
   <div class='ocr_carea' id='block_1_14' title="bbox 285 1468 1888 1547">
    <p class='ocr_par' dir='ltr' id='par_1_14' title="bbox 285 1468 1888 1547">
     <span class='ocr_line' id='line_1_14' title="bbox 285 1468 1888 1547; baseline -0.007 -14"><span class='ocrx_word' id='word_1_105' title='bbox 285 1479 435 1547; x_wconf 82' lang='grc' dir='ltr'>άπερ</span> <span class='ocrx_word' id='word_1_106' title='bbox 459 1476 641 1530; x_wconf 81' lang='grc' dir='ltr'>πώλου</span> <span class='ocrx_word' id='word_1_107' title='bbox 670 1477 762 1529; x_wconf 76' lang='grc' dir='ltr'>τὸν</span> <span class='ocrx_word' id='word_1_108' title='bbox 787 1475 1004 1546; x_wconf 83' lang='grc' dir='ltr'>χαλινὸν</span> <span class='ocrx_word' id='word_1_109' title='bbox 1026 1471 1464 1536; x_wconf 69' lang='grc' dir='ltr'>ἐκδακόντος,καὶ</span> <span class='ocrx_word' id='word_1_110' title='bbox 1484 1487 1731 1540; x_wconf 89' lang='grc' dir='ltr'>κατακρη</span> <span class='ocrx_word' id='word_1_111' title='bbox 1743 1468 1888 1539; x_wconf 81' lang='grc' dir='ltr'>μνῶν</span> 
     </span>
    </p>
   </div>
   <div class='ocr_carea' id='block_1_15' title="bbox 284 1554 1888 1635">
    <p class='ocr_par' dir='ltr' id='par_1_15' title="bbox 284 1554 1888 1635">
     <span class='ocr_line' id='line_1_15' title="bbox 284 1554 1888 1635; baseline -0.009 -12"><span class='ocrx_word' id='word_1_112' title='bbox 284 1568 569 1630; x_wconf 77' lang='grc' dir='ltr'><strong>ἀπωλείας</strong></span> <span class='ocrx_word' id='word_1_113' title='bbox 592 1566 716 1619; x_wconf 77' lang='grc' dir='ltr'>ὅλου</span> <span class='ocrx_word' id='word_1_114' title='bbox 745 1565 967 1635; x_wconf 74' lang='grc' dir='ltr'>ῥυέντος</span> <span class='ocrx_word' id='word_1_115' title='bbox 1000 1562 1094 1616; x_wconf 78' lang='grc' dir='ltr'>τοῦ</span> <span class='ocrx_word' id='word_1_116' title='bbox 1122 1562 1239 1617; x_wconf 84' lang='grc' dir='ltr'><strong>νοῦ·</strong></span> <span class='ocrx_word' id='word_1_117' title='bbox 1278 1562 1402 1615; x_wconf 76' lang='grc' dir='ltr'>ἐπεὶ</span> <span class='ocrx_word' id='word_1_118' title='bbox 1431 1554 1525 1615; x_wconf 75' lang='grc' dir='ltr'><strong>οὖν</strong></span> <span class='ocrx_word' id='word_1_119' title='bbox 1547 1562 1575 1614; x_wconf 97' lang='lat'><strong>6</strong></span> <span class='ocrx_word' id='word_1_120' title='bbox 1599 1560 1719 1630; x_wconf 84' lang='grc' dir='ltr'>θείᾳ</span> <span class='ocrx_word' id='word_1_121' title='bbox 1744 1557 1888 1629; x_wconf 70' lang='grc' dir='ltr'>χειρὶ</span> 
     </span>
    </p>
   </div>
   <div class='ocr_carea' id='block_1_16' title="bbox 284 1649 1885 1733">
    <p class='ocr_par' dir='ltr' id='par_1_16' title="bbox 284 1649 1885 1733">
     <span class='ocr_line' id='line_1_16' title="bbox 284 1649 1885 1733; baseline -0.007 -21"><span class='ocrx_word' id='word_1_122' title='bbox 284 1660 524 1733; x_wconf 68' lang='grc' dir='ltr'>γραφεὶς</span> <span class='ocrx_word' id='word_1_123' title='bbox 557 1659 720 1727; x_wconf 78' lang='grc' dir='ltr'>νόμος</span> <span class='ocrx_word' id='word_1_124' title='bbox 760 1656 935 1718; x_wconf 71' lang='grc' dir='ltr'>οὕτως</span> <span class='ocrx_word' id='word_1_125' title='bbox 980 1654 1285 1725; x_wconf 82' lang='grc' dir='ltr'><strong>ὡρμηκότα</strong></span> <span class='ocrx_word' id='word_1_126' title='bbox 1318 1653 1422 1705; x_wconf 82' lang='grc' dir='ltr'><strong>οὐκ</strong></span> <span class='ocrx_word' id='word_1_127' title='bbox 1472 1649 1625 1722; x_wconf 75' lang='grc' dir='ltr'>εἶχεν</span> <span class='ocrx_word' id='word_1_128' title='bbox 1656 1653 1885 1718; x_wconf 84' lang='grc' dir='ltr'>ἀναχαι-</span> 
     </span>
    </p>
   </div>
   <div class='ocr_carea' id='block_1_17' title="bbox 284 1740 1888 1817">
    <p class='ocr_par' dir='ltr' id='par_1_17' title="bbox 284 1740 1888 1817">
     <span class='ocr_line' id='line_1_17' title="bbox 284 1740 1888 1817; baseline -0.008 -11"><span class='ocrx_word' id='word_1_129' title='bbox 284 1756 447 1817; x_wconf 85' lang='grc' dir='ltr'>τιείν,</span> <span class='ocrx_word' id='word_1_130' title='bbox 482 1751 646 1812; x_wconf 81' lang='grc' dir='ltr'>αὐτὸς</span> <span class='ocrx_word' id='word_1_131' title='bbox 674 1749 703 1801; x_wconf 91' lang='lat'><strong>6</strong></span> <span class='ocrx_word' id='word_1_132' title='bbox 736 1746 1064 1817; x_wconf 82' lang='grc' dir='ltr'>ὑπερούσιος</span> <span class='ocrx_word' id='word_1_133' title='bbox 1094 1747 1290 1814; x_wconf 83' lang='grc' dir='ltr'><strong>Λόγος,</strong></span> <span class='ocrx_word' id='word_1_134' title='bbox 1324 1746 1355 1814; x_wconf 78' lang='grc' dir='ltr'>ἡ</span> <span class='ocrx_word' id='word_1_135' title='bbox 1391 1744 1610 1798; x_wconf 88' lang='grc' dir='ltr'>πάντων</span> <span class='ocrx_word' id='word_1_136' title='bbox 1645 1740 1888 1794; x_wconf 82' lang='grc' dir='ltr'>ὑποστά-</span> 
     </span>
    </p>
   </div>
   <div class='ocr_carea' id='block_1_18' title="bbox 286 1833 1889 1911">
    <p class='ocr_par' dir='ltr' id='par_1_18' title="bbox 286 1833 1889 1911">
     <span class='ocr_line' id='line_1_18' title="bbox 286 1833 1889 1911; baseline -0.009 -13"><span class='ocrx_word' id='word_1_137' title='bbox 286 1862 373 1908; x_wconf 81' lang='grc' dir='ltr'><strong>τις</strong></span> <span class='ocrx_word' id='word_1_138' title='bbox 400 1843 581 1911; x_wconf 63' lang='grc' dir='ltr'>σοφία,</span> <span class='ocrx_word' id='word_1_139' title='bbox 610 1844 669 1894; x_wconf 86' lang='grc' dir='ltr'>ὲν</span> <span class='ocrx_word' id='word_1_140' title='bbox 698 1840 777 1909; x_wconf 81' lang='grc' dir='ltr'>τῷ</span> <span class='ocrx_word' id='word_1_141' title='bbox 801 1840 968 1908; x_wconf 80' lang='grc' dir='ltr'>πάχει</span> <span class='ocrx_word' id='word_1_142' title='bbox 1000 1838 1095 1891; x_wconf 82' lang='grc' dir='ltr'>τοῦ</span> <span class='ocrx_word' id='word_1_143' title='bbox 1126 1838 1466 1908; x_wconf 79' lang='grc' dir='ltr'>πλάσματος,</span> <span class='ocrx_word' id='word_1_144' title='bbox 1498 1835 1576 1905; x_wconf 81' lang='grc' dir='ltr'>τῷ</span> <span class='ocrx_word' id='word_1_145' title='bbox 1609 1833 1889 1902; x_wconf 79' lang='grc' dir='ltr'>πλάσματι</span> 
     </span>
    </p>
   </div>
   <div class='ocr_carea' id='block_1_19' title="bbox 287 1927 1886 2007">
    <p class='ocr_par' dir='ltr' id='par_1_19' title="bbox 287 1927 1886 2007">
     <span class='ocr_line' id='line_1_19' title="bbox 287 1927 1886 2007; baseline -0.01 -16"><span class='ocrx_word' id='word_1_146' title='bbox 287 1937 492 2007; x_wconf 80' lang='grc' dir='ltr'>ὁμιλεῖ·</span> <span class='ocrx_word' id='word_1_147' title='bbox 525 1936 621 1987; x_wconf 71' lang='grc' dir='ltr'>καὶ</span> <span class='ocrx_word' id='word_1_148' title='bbox 650 1931 992 2004; x_wconf 73' lang='grc' dir='ltr'>χρηματίζει</span> <span class='ocrx_word' id='word_1_149' title='bbox 1018 1931 1181 1999; x_wconf 85' lang='grc' dir='ltr'>νόμος</span> <span class='ocrx_word' id='word_1_150' title='bbox 1208 1930 1372 1989; x_wconf 84' lang='grc' dir='ltr'>αὐτὸς</span> <span class='ocrx_word' id='word_1_151' title='bbox 1402 1929 1495 1980; x_wconf 69' lang='grc' dir='ltr'>καὶ</span> <span class='ocrx_word' id='word_1_152' title='bbox 1530 1927 1851 1995; x_wconf 82' lang='grc' dir='ltr'>παραίνεσις</span> <span class='ocrx_word' id='word_1_153' title='bbox 1872 1963 1886 1987; x_wconf 90' lang='grc'><strong>,</strong></span> 
     </span>
    </p>
   </div>
   <div class='ocr_carea' id='block_1_20' title="bbox 284 2018 1890 2090">
    <p class='ocr_par' dir='ltr' id='par_1_20' title="bbox 284 2018 1890 2090">
     <span class='ocr_line' id='line_1_20' title="bbox 284 2018 1890 2090; baseline -0.007 -10"><span class='ocrx_word' id='word_1_154' title='bbox 284 2028 357 2081; x_wconf 85' lang='grc' dir='ltr'>δι’</span> <span class='ocrx_word' id='word_1_155' title='bbox 381 2027 579 2080; x_wconf 76' lang='grc' dir='ltr'>ἑαυτοῦ</span> <span class='ocrx_word' id='word_1_156' title='bbox 613 2028 741 2086; x_wconf 82' lang='grc' dir='ltr'>τοὺς</span> <span class='ocrx_word' id='word_1_157' title='bbox 771 2025 1045 2084; x_wconf 78' lang='grc' dir='ltr'>ἀτάκτους</span> <span class='ocrx_word' id='word_1_158' title='bbox 1078 2019 1587 2090; x_wconf 72' lang='grc' dir='ltr'>ἐπανορθούμενος·</span> <span class='ocrx_word' id='word_1_159' title='bbox 1625 2018 1719 2069; x_wconf 78' lang='grc' dir='ltr'><strong>καὶ</strong></span> <span class='ocrx_word' id='word_1_160' title='bbox 1759 2018 1890 2083; x_wconf 76' lang='grc' dir='ltr'>ὁρᾶ-</span> 
     </span>
    </p>
   </div>
   <div class='ocr_carea' id='block_1_21' title="bbox 284 2107 1892 2184">
    <p class='ocr_par' dir='ltr' id='par_1_21' title="bbox 284 2107 1892 2184">
     <span class='ocr_line' id='line_1_21' title="bbox 284 2107 1892 2184; baseline -0.006 -15"><span class='ocrx_word' id='word_1_161' title='bbox 284 2134 380 2170; x_wconf 88' lang='grc' dir='ltr'><strong>ται</strong></span> <span class='ocrx_word' id='word_1_162' title='bbox 407 2114 686 2184; x_wconf 83' lang='grc' dir='ltr'>ἀλλοιωτῷ</span> <span class='ocrx_word' id='word_1_163' title='bbox 718 2116 774 2166; x_wconf 82' lang='grc' dir='ltr'>ὲν</span> <span class='ocrx_word' id='word_1_164' title='bbox 803 2113 934 2166; x_wconf 79' lang='grc' dir='ltr'>εῖδει</span> <span class='ocrx_word' id='word_1_165' title='bbox 973 2114 1001 2163; x_wconf 90' lang='lat'><strong>6</strong></span> <span class='ocrx_word' id='word_1_166' title='bbox 1022 2110 1377 2171; x_wconf 80' lang='grc' dir='ltr'>ἀναλλοίωτος</span> <span class='ocrx_word' id='word_1_167' title='bbox 1411 2107 1506 2160; x_wconf 75' lang='grc' dir='ltr'>τοῦ</span> <span class='ocrx_word' id='word_1_168' title='bbox 1553 2108 1765 2177; x_wconf 76' lang='grc' dir='ltr'>Πατρδς</span> <span class='ocrx_word' id='word_1_169' title='bbox 1795 2122 1892 2176; x_wconf 87' lang='grc' dir='ltr'><strong>χα-</strong></span> 
     </span>
    </p>
   </div>
   <div class='ocr_carea' id='block_1_22' title="bbox 289 2198 1889 2279">
    <p class='ocr_par' dir='ltr' id='par_1_22' title="bbox 289 2198 1889 2279">
     <span class='ocr_line' id='line_1_22' title="bbox 289 2198 1889 2279; baseline -0.007 -19"><span class='ocrx_word' id='word_1_170' title='bbox 289 2208 529 2279; x_wconf 75' lang='grc' dir='ltr'>ρακτήρ·</span> <span class='ocrx_word' id='word_1_171' title='bbox 565 2207 659 2259; x_wconf 84' lang='grc' dir='ltr'><strong>καί</strong></span> <span class='ocrx_word' id='word_1_172' title='bbox 695 2204 977 2275; x_wconf 84' lang='grc' dir='ltr'>μεσιτεύει</span> <span class='ocrx_word' id='word_1_173' title='bbox 1008 2203 1085 2273; x_wconf 80' lang='grc' dir='ltr'>τῷ</span> <span class='ocrx_word' id='word_1_174' title='bbox 1117 2203 1291 2271; x_wconf 79' lang='grc' dir='ltr'>Πατρὶ</span> <span class='ocrx_word' id='word_1_175' title='bbox 1325 2201 1420 2254; x_wconf 71' lang='grc' dir='ltr'><strong>καὶ</strong></span> <span class='ocrx_word' id='word_1_176' title='bbox 1450 2201 1603 2269; x_wconf 83' lang='grc' dir='ltr'>ἡμῖν,</span> <span class='ocrx_word' id='word_1_177' title='bbox 1637 2198 1889 2262; x_wconf 76' lang='grc' dir='ltr'>λυθέντος</span> 
     </span>
    </p>
   </div>
   <div class='ocr_carea' id='block_1_23' title="bbox 288 2290 1886 2371">
    <p class='ocr_par' dir='ltr' id='par_1_23' title="bbox 288 2290 1886 2371">
     <span class='ocr_line' id='line_1_23' title="bbox 288 2290 1886 2371; baseline -0.006 -18"><span class='ocrx_word' id='word_1_178' title='bbox 288 2302 350 2353; x_wconf 70' lang='grc' dir='ltr'>ὲν</span> <span class='ocrx_word' id='word_1_179' title='bbox 383 2303 451 2371; x_wconf 84' lang='grc' dir='ltr'>τῇ</span> <span class='ocrx_word' id='word_1_180' title='bbox 485 2300 653 2369; x_wconf 67' lang='grc' dir='ltr'>σαρκὶ</span> <span class='ocrx_word' id='word_1_181' title='bbox 677 2296 870 2361; x_wconf 79' lang='grc' dir='ltr'>αὐτοῦ,</span> <span class='ocrx_word' id='word_1_182' title='bbox 899 2298 1000 2367; x_wconf 86' lang='grc' dir='ltr'><strong>τῆς</strong></span> <span class='ocrx_word' id='word_1_183' title='bbox 1062 2294 1263 2367; x_wconf 75' lang='grc' dir='ltr'>ἔχθρας</span> <span class='ocrx_word' id='word_1_184' title='bbox 1286 2292 1380 2346; x_wconf 80' lang='grc' dir='ltr'>τοῦ</span> <span class='ocrx_word' id='word_1_185' title='bbox 1414 2290 1886 2363; x_wconf 79' lang='grc' dir='ltr'>ἀντιφράγματος.</span> 
     </span>
    </p>
   </div>
   <div class='ocr_carea' id='block_1_24' title="bbox 369 2567 1890 2643">
    <p class='ocr_par' dir='ltr' id='par_1_24' title="bbox 369 2567 1890 2643">
     <span class='ocr_line' id='line_1_24' title="bbox 369 2567 1890 2643; baseline -0.003 -17"><span class='ocrx_word' id='word_1_186' title='bbox 369 2570 460 2643; x_wconf 65' lang='grc' dir='ltr'><strong>Μὴ</strong></span> <span class='ocrx_word' id='word_1_187' title='bbox 509 2568 953 2642; x_wconf 74' lang='grc' dir='ltr'>φρενοϐλαϐείτω</span> <span class='ocrx_word' id='word_1_188' title='bbox 1004 2568 1278 2633; x_wconf 83' lang='grc' dir='ltr'>Ἰουδαῖος,</span> <span class='ocrx_word' id='word_1_189' title='bbox 1319 2567 1457 2637; x_wconf 79' lang='grc' dir='ltr'>μηδὲ</span> <span class='ocrx_word' id='word_1_190' title='bbox 1490 2567 1890 2638; x_wconf 81' lang='grc' dir='ltr'>παραπλησίως</span> 
     </span>
    </p>
   </div>
   <div class='ocr_carea' id='block_1_25' title="bbox 294 2655 1891 2731">
    <p class='ocr_par' dir='ltr' id='par_1_25' title="bbox 294 2655 1891 2731">
     <span class='ocr_line' id='line_1_25' title="bbox 294 2655 1891 2731; baseline -0.004 -13"><span class='ocrx_word' id='word_1_191' title='bbox 294 2667 411 2727; x_wconf 83' lang='grc' dir='ltr'>τοῖς</span> <span class='ocrx_word' id='word_1_192' title='bbox 444 2662 832 2731; x_wconf 78' lang='grc' dir='ltr'>νυκτονόμοις,</span> <span class='ocrx_word' id='word_1_193' title='bbox 878 2659 977 2730; x_wconf 80' lang='grc' dir='ltr'>τὴν</span> <span class='ocrx_word' id='word_1_194' title='bbox 1018 2660 1237 2728; x_wconf 77' lang='grc' dir='ltr'>ἡμέραν</span> <span class='ocrx_word' id='word_1_195' title='bbox 1284 2659 1736 2728; x_wconf 60' lang='grc' dir='ltr'>ἀποστρεφέσθω</span> <span class='ocrx_word' id='word_1_196' title='bbox 1775 2655 1891 2713; x_wconf 81' lang='grc' dir='ltr'>ἀλλ’</span> 
     </span>
    </p>
   </div>
   <div class='ocr_carea' id='block_1_26' title="bbox 293 2748 1889 2823">
    <p class='ocr_par' dir='ltr' id='par_1_26' title="bbox 293 2748 1889 2823">
     <span class='ocr_line' id='line_1_26' title="bbox 293 2748 1889 2823; baseline -0.004 -15"><span class='ocrx_word' id='word_1_197' title='bbox 293 2755 595 2823; x_wconf 69' lang='grc' dir='ltr'>ὀφθαλμοῖς</span> <span class='ocrx_word' id='word_1_198' title='bbox 626 2752 807 2821; x_wconf 80' lang='grc' dir='ltr'>φθόνῳ</span> <span class='ocrx_word' id='word_1_199' title='bbox 855 2751 931 2820; x_wconf 84' lang='grc' dir='ltr'>μὴ</span> <span class='ocrx_word' id='word_1_200' title='bbox 960 2748 1506 2819; x_wconf 87' lang='grc' dir='ltr'>διαλελυμασμένοις,</span> <span class='ocrx_word' id='word_1_201' title='bbox 1545 2750 1606 2802; x_wconf 87' lang='grc' dir='ltr'><strong>τὸ</strong></span> <span class='ocrx_word' id='word_1_202' title='bbox 1636 2750 1889 2820; x_wconf 71' lang='grc' dir='ltr'>λαμπρὸν</span> 
     </span>
    </p>
   </div>
   <div class='ocr_carea' id='block_1_27' title="bbox 294 2841 1891 2915">
    <p class='ocr_par' dir='ltr' id='par_1_27' title="bbox 294 2841 1891 2915">
     <span class='ocr_line' id='line_1_27' title="bbox 294 2841 1891 2915; baseline -0.005 -15"><span class='ocrx_word' id='word_1_203' title='bbox 294 2847 402 2915; x_wconf 78' lang='grc' dir='ltr'>τῆς</span> <span class='ocrx_word' id='word_1_204' title='bbox 433 2845 578 2907; x_wconf 80' lang='grc' dir='ltr'>θείας</span> <span class='ocrx_word' id='word_1_205' title='bbox 612 2843 1086 2913; x_wconf 78' lang='grc' dir='ltr'>ὲνανθρωπήσεως</span> <span class='ocrx_word' id='word_1_206' title='bbox 1111 2881 1124 2903; x_wconf 94' lang='grc'><strong>,</strong></span> <span class='ocrx_word' id='word_1_207' title='bbox 1159 2842 1224 2893; x_wconf 83' lang='grc' dir='ltr'>ὲκ</span> <span class='ocrx_word' id='word_1_208' title='bbox 1250 2841 1360 2894; x_wconf 80' lang='grc' dir='ltr'>τῶν</span> <span class='ocrx_word' id='word_1_209' title='bbox 1403 2841 1532 2908; x_wconf 87' lang='grc' dir='ltr'>παρ’</span> <span class='ocrx_word' id='word_1_210' title='bbox 1576 2841 1728 2908; x_wconf 79' lang='grc' dir='ltr'>αὐτῷ</span> <span class='ocrx_word' id='word_1_211' title='bbox 1773 2858 1891 2893; x_wconf 85' lang='grc' dir='ltr'>κει-</span> 
     </span>
    </p>
   </div>
   <div class='ocr_carea' id='block_1_28' title="bbox 300 2931 1889 3008">
    <p class='ocr_par' dir='ltr' id='par_1_28' title="bbox 300 2931 1889 3008">
     <span class='ocr_line' id='line_1_28' title="bbox 300 2931 1889 3008; baseline -0.003 -18"><span class='ocrx_word' id='word_1_212' title='bbox 300 2938 485 3008; x_wconf 83' lang='grc' dir='ltr'>μένων</span> <span class='ocrx_word' id='word_1_213' title='bbox 508 2935 711 3004; x_wconf 81' lang='grc' dir='ltr'>δράτω.</span> <span class='ocrx_word' id='word_1_214' title='bbox 738 2933 923 3003; x_wconf 81' lang='grc' dir='ltr'>Μηδὲν</span> <span class='ocrx_word' id='word_1_215' title='bbox 939 2934 1037 3001; x_wconf 79' lang='grc' dir='ltr'>τὴν</span> <span class='ocrx_word' id='word_1_216' title='bbox 1063 2932 1323 3003; x_wconf 84' lang='grc' dir='ltr'>ἀλήθειαν</span> <span class='ocrx_word' id='word_1_217' title='bbox 1343 2931 1543 3000; x_wconf 84' lang='grc' dir='ltr'>Ἕλλην</span> <span class='ocrx_word' id='word_1_218' title='bbox 1565 2931 1889 2999; x_wconf 89' lang='grc' dir='ltr'>διαγελάτω,</span> 
     </span>
    </p>
   </div>
   <div class='ocr_carea' id='block_1_29' title="bbox 295 3019 1896 3093">
    <p class='ocr_par' dir='ltr' id='par_1_29' title="bbox 295 3019 1896 3093">
     <span class='ocr_line' id='line_1_29' title="bbox 295 3019 1896 3093; baseline -0.004 -14"><span class='ocrx_word' id='word_1_219' title='bbox 295 3027 325 3078; x_wconf 90' lang='lat'><strong>6</strong></span> <span class='ocrx_word' id='word_1_220' title='bbox 355 3028 424 3079; x_wconf 67' lang='grc' dir='ltr'>τὰ</span> <span class='ocrx_word' id='word_1_221' title='bbox 458 3027 635 3078; x_wconf 86' lang='grc' dir='ltr'>οἰκεῖα</span> <span class='ocrx_word' id='word_1_222' title='bbox 656 3024 825 3093; x_wconf 83' lang='grc' dir='ltr'>αῐσχη</span> <span class='ocrx_word' id='word_1_223' title='bbox 855 3021 1141 3085; x_wconf 83' lang='grc' dir='ltr'>θεοποιῶν,</span> <span class='ocrx_word' id='word_1_224' title='bbox 1166 3021 1260 3073; x_wconf 78' lang='grc' dir='ltr'><strong>καὶ</strong></span> <span class='ocrx_word' id='word_1_225' title='bbox 1288 3020 1492 3092; x_wconf 80' lang='grc' dir='ltr'>δήμους</span> <span class='ocrx_word' id='word_1_226' title='bbox 1534 3019 1673 3073; x_wconf 85' lang='grc' dir='ltr'>θεῶν</span> <span class='ocrx_word' id='word_1_227' title='bbox 1701 3022 1765 3073; x_wconf 85' lang='grc' dir='ltr'>ὲκ</span> <span class='ocrx_word' id='word_1_228' title='bbox 1797 3037 1896 3072; x_wconf 86' lang='grc' dir='ltr'>πα-</span> 
     </span>
    </p>
   </div>
   <div class='ocr_carea' id='block_1_30' title="bbox 297 3106 1890 3185">
    <p class='ocr_par' dir='ltr' id='par_1_30' title="bbox 297 3106 1890 3185">
     <span class='ocr_line' id='line_1_30' title="bbox 297 3106 1890 3185; baseline -0.004 -15"><span class='ocrx_word' id='word_1_229' title='bbox 297 3118 413 3170; x_wconf 82' lang='grc' dir='ltr'><strong>θῶν</strong></span> <span class='ocrx_word' id='word_1_230' title='bbox 454 3115 636 3185; x_wconf 76' lang='grc' dir='ltr'>ἐαυτῷ</span> <span class='ocrx_word' id='word_1_231' title='bbox 677 3112 967 3167; x_wconf 84' lang='grc' dir='ltr'>συνιστῶν.</span> <span class='ocrx_word' id='word_1_232' title='bbox 1020 3112 1183 3183; x_wconf 82' lang='grc' dir='ltr'>Ἡμῖν</span> <span class='ocrx_word' id='word_1_233' title='bbox 1215 3112 1324 3182; x_wconf 85' lang='grc' dir='ltr'><strong>γάρ</strong></span> <span class='ocrx_word' id='word_1_234' title='bbox 1360 3106 1440 3174; x_wconf 75' lang='grc' dir='ltr'>εἷς</span> <span class='ocrx_word' id='word_1_235' title='bbox 1471 3112 1625 3175; x_wconf 73' lang='grc' dir='ltr'>Θεός*</span> <span class='ocrx_word' id='word_1_236' title='bbox 1667 3112 1890 3182; x_wconf 75' lang='grc' dir='ltr'>Πατὴρ,</span> 
     </span>
    </p>
   </div>
   <div class='ocr_carea' id='block_1_31' title="bbox 298 3201 1896 3276">
    <p class='ocr_par' dir='ltr' id='par_1_31' title="bbox 298 3201 1896 3276">
     <span class='ocr_line' id='line_1_31' title="bbox 298 3201 1896 3276; baseline -0.004 -15"><span class='ocrx_word' id='word_1_237' title='bbox 298 3209 453 3271; x_wconf 75' lang='grc' dir='ltr'>Υἱὸς,</span> <span class='ocrx_word' id='word_1_238' title='bbox 486 3209 581 3260; x_wconf 80' lang='grc' dir='ltr'>καὶ</span> <span class='ocrx_word' id='word_1_239' title='bbox 620 3205 847 3276; x_wconf 78' lang='grc' dir='ltr'>Πνεῦμα</span> <span class='ocrx_word' id='word_1_240' title='bbox 877 3204 1032 3271; x_wconf 77' lang='grc' dir='ltr'>ἅγιον</span> <span class='ocrx_word' id='word_1_241' title='bbox 1059 3220 1072 3232; x_wconf 94' lang='grc'><strong>·</strong></span> <span class='ocrx_word' id='word_1_242' title='bbox 1102 3208 1201 3272; x_wconf 78' lang='grc' dir='ltr'>οὐχ</span> <span class='ocrx_word' id='word_1_243' title='bbox 1230 3203 1313 3255; x_wconf 73' lang='grc' dir='ltr'>ἑνὶ</span> <span class='ocrx_word' id='word_1_244' title='bbox 1337 3201 1615 3273; x_wconf 84' lang='grc' dir='ltr'>προσώπῳ</span> <span class='ocrx_word' id='word_1_245' title='bbox 1644 3202 1751 3255; x_wconf 82' lang='grc' dir='ltr'><strong>τῶν</strong></span> <span class='ocrx_word' id='word_1_246' title='bbox 1779 3204 1896 3255; x_wconf 78' lang='grc' dir='ltr'>ὀνο-</span> 
     </span>
    </p>
   </div>
   <div class='ocr_carea' id='block_1_32' title="bbox 303 3292 1894 3371">
    <p class='ocr_par' dir='ltr' id='par_1_32' title="bbox 303 3292 1894 3371">
     <span class='ocr_line' id='line_1_32' title="bbox 303 3292 1894 3371; baseline -0.003 -20"><span class='ocrx_word' id='word_1_247' title='bbox 303 3301 495 3371; x_wconf 80' lang='grc' dir='ltr'>μάτων</span> <span class='ocrx_word' id='word_1_248' title='bbox 527 3298 799 3368; x_wconf 79' lang='grc' dir='ltr'>κειμένων</span> <span class='ocrx_word' id='word_1_249' title='bbox 821 3310 836 3325; x_wconf 86' lang='grc'>·</span> <span class='ocrx_word' id='word_1_250' title='bbox 866 3293 1004 3348; x_wconf 77' lang='grc' dir='ltr'>ἀλλὰ</span> <span class='ocrx_word' id='word_1_251' title='bbox 1035 3295 1215 3364; x_wconf 77' lang='grc' dir='ltr'>τρισὶν</span> <span class='ocrx_word' id='word_1_252' title='bbox 1256 3292 1569 3361; x_wconf 80' lang='grc' dir='ltr'>ένουμένοις</span> <span class='ocrx_word' id='word_1_253' title='bbox 1602 3294 1894 3363; x_wconf 85' lang='grc' dir='ltr'>ταυτότητι</span> 
     </span>
    </p>
   </div>
   <div class='ocr_carea' id='block_1_33' title="bbox 300 3383 1896 3461">
    <p class='ocr_par' dir='ltr' id='par_1_33' title="bbox 300 3383 1896 3461">
     <span class='ocr_line' id='line_1_33' title="bbox 300 3383 1896 3461; baseline -0.006 -16"><span class='ocrx_word' id='word_1_254' title='bbox 300 3391 542 3461; x_wconf 74' lang='grc' dir='ltr'>φύσεως.</span> <span class='ocrx_word' id='word_1_255' title='bbox 578 3387 881 3457; x_wconf 79' lang='grc' dir='ltr'>Οἱμωζέτω</span> <span class='ocrx_word' id='word_1_256' title='bbox 918 3386 1026 3455; x_wconf 79' lang='grc' dir='ltr'><strong>γάρ</strong></span> <span class='ocrx_word' id='word_1_257' title='bbox 1050 3387 1078 3437; x_wconf 89' lang='lat'><strong>6</strong></span> <span class='ocrx_word' id='word_1_258' title='bbox 1104 3385 1204 3451; x_wconf 78' lang='grc' dir='ltr'>τῆς</span> <span class='ocrx_word' id='word_1_259' title='bbox 1226 3384 1528 3452; x_wconf 80' lang='grc' dir='ltr'>παρανοίας</span> <span class='ocrx_word' id='word_1_260' title='bbox 1554 3383 1759 3453; x_wconf 84' lang='grc' dir='ltr'>ταύτης</span> <span class='ocrx_word' id='word_1_261' title='bbox 1789 3401 1896 3436; x_wconf 85' lang='grc' dir='ltr'>πα-</span> 
     </span>
    </p>
   </div>
   <div class='ocr_carea' id='block_1_34' title="bbox 1993 741 3579 819">
    <p class='ocr_par' dir='ltr' id='par_1_34' title="bbox 1993 741 3579 819">
     <span class='ocr_line' id='line_1_34' title="bbox 1993 741 3579 819; baseline 0.01 -28"><span class='ocrx_word' id='word_1_262' title='bbox 1993 744 2131 803; x_wconf 90' lang='lat' dir='ltr'><strong>erat,</strong></span> <span class='ocrx_word' id='word_1_263' title='bbox 2166 745 2227 792; x_wconf 94' lang='lat' dir='ltr'><strong>ut</strong></span> <span class='ocrx_word' id='word_1_264' title='bbox 2257 741 2633 808; x_wconf 82' lang='lat' dir='ltr'><strong>perturbatam</strong></span> <span class='ocrx_word' id='word_1_265' title='bbox 2669 743 2939 800; x_wconf 89' lang='lat' dir='ltr'><strong>rationem</strong></span> <span class='ocrx_word' id='word_1_266' title='bbox 2972 744 3095 816; x_wconf 86' lang='lat' dir='ltr'><strong>ejus</strong></span> <span class='ocrx_word' id='word_1_267' title='bbox 3156 750 3301 803; x_wconf 93' lang='lat' dir='ltr'><strong>malo</strong></span> <span class='ocrx_word' id='word_1_268' title='bbox 3356 762 3579 819; x_wconf 89' lang='lat' dir='ltr'><strong>conatu,</strong></span> 
     </span>
    </p>
   </div>
   <div class='ocr_carea' id='block_1_35' title="bbox 2000 831 3582 909">
    <p class='ocr_par' dir='ltr' id='par_1_35' title="bbox 2000 831 3582 909">
     <span class='ocr_line' id='line_1_35' title="bbox 2000 831 3582 909; baseline 0.011 -26"><span class='ocrx_word' id='word_1_269' title='bbox 2000 831 2092 899; x_wconf 90' lang='lat' dir='ltr'><strong>qui</strong></span> <span class='ocrx_word' id='word_1_270' title='bbox 2154 831 2387 887; x_wconf 90' lang='lat' dir='ltr'><strong>sinistra</strong></span> <span class='ocrx_word' id='word_1_271' title='bbox 2439 834 2677 902; x_wconf 89' lang='lat' dir='ltr'><strong>primum</strong></span> <span class='ocrx_word' id='word_1_272' title='bbox 2737 839 3097 904; x_wconf 85' lang='lat' dir='ltr'><strong>pervertisset</strong></span> <span class='ocrx_word' id='word_1_273' title='bbox 3150 841 3434 909; x_wconf 67' lang='lat' dir='ltr'><strong>suasione,</strong></span> <span class='ocrx_word' id='word_1_274' title='bbox 3514 847 3582 900; x_wconf 87' lang='lat' dir='ltr'><strong>ad</strong></span> 
     </span>
    </p>
   </div>
   <div class='ocr_carea' id='block_1_36' title="bbox 1989 918 3581 1001">
    <p class='ocr_par' dir='ltr' id='par_1_36' title="bbox 1989 918 3581 1001">
     <span class='ocr_line' id='line_1_36' title="bbox 1989 918 3581 1001; baseline 0.009 -28"><span class='ocrx_word' id='word_1_275' title='bbox 1989 918 2346 975; x_wconf 81' lang='lat' dir='ltr'><strong>sobrietatem</strong></span> <span class='ocrx_word' id='word_1_276' title='bbox 2417 921 2726 987; x_wconf 85' lang='lat' dir='ltr'><strong>reduceret,</strong></span> <span class='ocrx_word' id='word_1_277' title='bbox 2758 920 2761 925; x_wconf 74' lang='grc'><em>’</em></span> <span class='ocrx_word' id='word_1_278' title='bbox 2795 935 2923 980; x_wconf 85' lang='lat' dir='ltr'><strong>utve</strong></span> <span class='ocrx_word' id='word_1_279' title='bbox 2990 934 3255 998; x_wconf 87' lang='lat' dir='ltr'><strong>tanquam</strong></span> <span class='ocrx_word' id='word_1_280' title='bbox 3310 947 3581 1001; x_wconf 82' lang='lat' dir='ltr'><strong>organum</strong></span> 
     </span>
    </p>
   </div>
   <div class='ocr_carea' id='block_1_37' title="bbox 1988 1012 3579 1095">
    <p class='ocr_par' dir='ltr' id='par_1_37' title="bbox 1988 1012 3579 1095">
     <span class='ocr_line' id='line_1_37' title="bbox 1988 1012 3579 1095; baseline 0.009 -32"><span class='ocrx_word' id='word_1_281' title='bbox 1988 1012 2353 1066; x_wconf 80' lang='lat' dir='ltr'><strong>consonantia</strong></span> <span class='ocrx_word' id='word_1_282' title='bbox 2405 1014 2614 1069; x_wconf 88' lang='lat' dir='ltr'><strong>amissa</strong></span> <span class='ocrx_word' id='word_1_283' title='bbox 2665 1016 2731 1069; x_wconf 87' lang='lat' dir='ltr'><strong>ad</strong></span> <span class='ocrx_word' id='word_1_284' title='bbox 2791 1018 3047 1086; x_wconf 92' lang='lat' dir='ltr'><strong>proprios</strong></span> <span class='ocrx_word' id='word_1_285' title='bbox 3102 1021 3302 1075; x_wconf 90' lang='lat' dir='ltr'><strong>iterum</strong></span> <span class='ocrx_word' id='word_1_286' title='bbox 3352 1038 3579 1095; x_wconf 88' lang='lat' dir='ltr'><strong>compo-</strong></span> 
     </span>
    </p>
   </div>
   <div class='ocr_carea' id='block_1_38' title="bbox 1992 1104 3581 1176">
    <p class='ocr_par' dir='ltr' id='par_1_38' title="bbox 1992 1104 3581 1176">
     <span class='ocr_line' id='line_1_38' title="bbox 1992 1104 3581 1176; baseline 0.009 -20"><span class='ocrx_word' id='word_1_287' title='bbox 1992 1110 2146 1157; x_wconf 89' lang='lat' dir='ltr'><strong>neret</strong></span> <span class='ocrx_word' id='word_1_288' title='bbox 2178 1104 2396 1169; x_wconf 88' lang='lat' dir='ltr'><strong>modos,</strong></span> <span class='ocrx_word' id='word_1_289' title='bbox 2467 1119 2532 1158; x_wconf 90' lang='lat' dir='ltr'><strong>ac</strong></span> <span class='ocrx_word' id='word_1_290' title='bbox 2604 1120 2704 1161; x_wconf 89' lang='lat' dir='ltr'><strong>sua</strong></span> <span class='ocrx_word' id='word_1_291' title='bbox 2758 1108 2928 1176; x_wconf 86' lang='lat' dir='ltr'><strong>probe</strong></span> <span class='ocrx_word' id='word_1_292' title='bbox 2992 1109 3272 1166; x_wconf 90' lang='lat' dir='ltr'><strong>moderari</strong></span> <span class='ocrx_word' id='word_1_293' title='bbox 3322 1114 3581 1170; x_wconf 85' lang='lat' dir='ltr'><strong>doceret:</strong></span> 
     </span>
    </p>
   </div>
   <div class='ocr_carea' id='block_1_39' title="bbox 1989 1195 3582 1272">
    <p class='ocr_par' dir='ltr' id='par_1_39' title="bbox 1989 1195 3582 1272">
     <span class='ocr_line' id='line_1_39' title="bbox 1989 1195 3582 1272; baseline 0.01 -28"><span class='ocrx_word' id='word_1_294' title='bbox 1989 1195 2257 1263; x_wconf 77' lang='lat' dir='ltr'><strong>quinimo,</strong></span> <span class='ocrx_word' id='word_1_295' title='bbox 2290 1209 2412 1249; x_wconf 85' lang='lat' dir='ltr'><strong>cum</strong></span> <span class='ocrx_word' id='word_1_296' title='bbox 2474 1200 2728 1269; x_wconf 85' lang='lat' dir='ltr'><strong>pejorum</strong></span> <span class='ocrx_word' id='word_1_297' title='bbox 2786 1201 3209 1257; x_wconf 87' lang='lat' dir='ltr'><strong>accessionibus</strong></span> <span class='ocrx_word' id='word_1_298' title='bbox 3261 1205 3445 1272; x_wconf 83' lang='lat' dir='ltr'><strong>priora</strong></span> <span class='ocrx_word' id='word_1_299' title='bbox 3491 1206 3582 1260; x_wconf 87' lang='lat' dir='ltr'><strong>in-</strong></span> 
     </span>
    </p>
   </div>
   <div class='ocr_carea' id='block_1_40' title="bbox 1989 1291 3587 1367">
    <p class='ocr_par' dir='ltr' id='par_1_40' title="bbox 1989 1291 3587 1367">
     <span class='ocr_line' id='line_1_40' title="bbox 1989 1291 3587 1367; baseline 0.008 -26"><span class='ocrx_word' id='word_1_300' title='bbox 1989 1297 2328 1352; x_wconf 73' lang='lat' dir='ltr'><strong>crescerent,</strong></span> <span class='ocrx_word' id='word_1_301' title='bbox 2376 1304 2478 1344; x_wconf 89' lang='lat' dir='ltr'><strong>nec</strong></span> <span class='ocrx_word' id='word_1_302' title='bbox 2532 1291 2813 1347; x_wconf 78' lang='lat' dir='ltr'><strong>sufﬁceret</strong></span> <span class='ocrx_word' id='word_1_303' title='bbox 2863 1294 3255 1351; x_wconf 74' lang='lat' dir='ltr'><strong>inobedienlia:</strong></span> <span class='ocrx_word' id='word_1_304' title='bbox 3316 1315 3587 1367; x_wconf 68' lang='lat' dir='ltr'><strong>praesum-</strong></span> 
     </span>
    </p>
   </div>
   <div class='ocr_carea' id='block_1_41' title="bbox 1989 1380 3584 1451">
    <p class='ocr_par' dir='ltr' id='par_1_41' title="bbox 1989 1380 3584 1451">
     <span class='ocr_line' id='line_1_41' title="bbox 1989 1380 3584 1451; baseline 0.009 -20"><span class='ocrx_word' id='word_1_305' title='bbox 1989 1381 2143 1449; x_wconf 91' lang='lat' dir='ltr'><strong>ptio;</strong></span> <span class='ocrx_word' id='word_1_306' title='bbox 2189 1380 2283 1435; x_wconf 89' lang='lat' dir='ltr'><strong>sed</strong></span> <span class='ocrx_word' id='word_1_307' title='bbox 2323 1381 2542 1437; x_wconf 84' lang='lat' dir='ltr'><strong>abunde</strong></span> <span class='ocrx_word' id='word_1_308' title='bbox 2598 1399 2706 1438; x_wconf 88' lang='lat' dir='ltr'><strong>una</strong></span> <span class='ocrx_word' id='word_1_309' title='bbox 2765 1399 2889 1438; x_wconf 90' lang='lat' dir='ltr'><strong>cum</strong></span> <span class='ocrx_word' id='word_1_310' title='bbox 2948 1387 3229 1451; x_wconf 87' lang='lat' dir='ltr'><strong>mandato,</strong></span> <span class='ocrx_word' id='word_1_311' title='bbox 3295 1391 3584 1445; x_wconf 80' lang='lat' dir='ltr'><strong>Dominum</strong></span> 
     </span>
    </p>
   </div>
   <div class='ocr_carea' id='block_1_42' title="bbox 1991 1472 3586 1547">
    <p class='ocr_par' dir='ltr' id='par_1_42' title="bbox 1991 1472 3586 1547">
     <span class='ocr_line' id='line_1_42' title="bbox 1991 1472 3586 1547; baseline 0.008 -23"><span class='ocrx_word' id='word_1_312' title='bbox 1991 1472 2167 1540; x_wconf 76' lang='lat' dir='ltr'><strong>ipsum</strong></span> <span class='ocrx_word' id='word_1_313' title='bbox 2224 1474 2667 1543; x_wconf 87' lang='lat' dir='ltr'><strong>repulissemus:</strong></span> <span class='ocrx_word' id='word_1_314' title='bbox 2708 1491 2975 1546; x_wconf 85' lang='lat' dir='ltr'><strong>mensque</strong></span> <span class='ocrx_word' id='word_1_315' title='bbox 3026 1479 3156 1547; x_wconf 90' lang='lat' dir='ltr'><strong>pulli</strong></span> <span class='ocrx_word' id='word_1_316' title='bbox 3211 1481 3388 1535; x_wconf 88' lang='lat' dir='ltr'><strong>instar</strong></span> <span class='ocrx_word' id='word_1_317' title='bbox 3420 1484 3586 1538; x_wconf 86' lang='lat' dir='ltr'><strong>adeso</strong></span> 
     </span>
    </p>
   </div>
   <div class='ocr_carea' id='block_1_43' title="bbox 1991 1563 3585 1643">
    <p class='ocr_par' dir='ltr' id='par_1_43' title="bbox 1991 1563 3585 1643">
     <span class='ocr_line' id='line_1_43' title="bbox 1991 1563 3585 1643; baseline 0.006 -25"><span class='ocrx_word' id='word_1_318' title='bbox 1991 1563 2145 1618; x_wconf 80' lang='lat' dir='ltr'><strong>freno</strong></span> <span class='ocrx_word' id='word_1_319' title='bbox 2191 1580 2435 1635; x_wconf 50' lang='lat' dir='ltr'><strong>praeci‘ps</strong></span> <span class='ocrx_word' id='word_1_320' title='bbox 2474 1576 2586 1621; x_wconf 87' lang='lat' dir='ltr'><strong>tota</strong></span> <span class='ocrx_word' id='word_1_321' title='bbox 2622 1568 2677 1622; x_wconf 91' lang='lat' dir='ltr'><strong>in</strong></span> <span class='ocrx_word' id='word_1_322' title='bbox 2732 1569 3018 1623; x_wconf 88' lang='lat' dir='ltr'><strong>interitum</strong></span> <span class='ocrx_word' id='word_1_323' title='bbox 3056 1574 3399 1641; x_wconf 89' lang='lat' dir='ltr'><strong>proruisset:</strong></span> <span class='ocrx_word' id='word_1_324' title='bbox 3435 1576 3585 1643; x_wconf 79' lang='lat' dir='ltr'><strong>quia,</strong></span> 
     </span>
    </p>
   </div>
   <div class='ocr_carea' id='block_1_44' title="bbox 1989 1657 3587 1734">
    <p class='ocr_par' dir='ltr' id='par_1_44' title="bbox 1989 1657 3587 1734">
     <span class='ocr_line' id='line_1_44' title="bbox 1989 1657 3587 1734; baseline 0.006 -26"><span class='ocrx_word' id='word_1_325' title='bbox 1989 1657 2237 1722; x_wconf 85' lang='lat' dir='ltr'><strong>inquam,</strong></span> <span class='ocrx_word' id='word_1_326' title='bbox 2290 1657 2474 1710; x_wconf 86' lang='lat' dir='ltr'><strong>divina</strong></span> <span class='ocrx_word' id='word_1_327' title='bbox 2518 1673 2680 1713; x_wconf 88' lang='lat' dir='ltr'><strong>manu</strong></span> <span class='ocrx_word' id='word_1_328' title='bbox 2746 1661 2952 1730; x_wconf 90' lang='lat' dir='ltr'><strong>scripta</strong></span> <span class='ocrx_word' id='word_1_329' title='bbox 2988 1662 3074 1716; x_wconf 83' lang='lat' dir='ltr'><strong>lex</strong></span> <span class='ocrx_word' id='word_1_330' title='bbox 3128 1662 3209 1717; x_wconf 88' lang='lat' dir='ltr'><strong>sic</strong></span> <span class='ocrx_word' id='word_1_331' title='bbox 3253 1664 3587 1734; x_wconf 75' lang='lat' dir='ltr'><strong>przecipitem</strong></span> 
     </span>
    </p>
   </div>
   <div class='ocr_carea' id='block_1_45' title="bbox 1993 1744 3589 1819">
    <p class='ocr_par' dir='ltr' id='par_1_45' title="bbox 1993 1744 3589 1819">
     <span class='ocr_line' id='line_1_45' title="bbox 1993 1744 3589 1819; baseline 0.008 -22"><span class='ocrx_word' id='word_1_332' title='bbox 1993 1744 2197 1799; x_wconf 83' lang='lat' dir='ltr'><strong>factum</strong></span> <span class='ocrx_word' id='word_1_333' title='bbox 2244 1747 2488 1799; x_wconf 82' lang='lat' dir='ltr'><strong>animum</strong></span> <span class='ocrx_word' id='word_1_334' title='bbox 2538 1747 2766 1803; x_wconf 89' lang='lat' dir='ltr'><strong>minime</strong></span> <span class='ocrx_word' id='word_1_335' title='bbox 2802 1758 3017 1819; x_wconf 88' lang='lat' dir='ltr'><strong>poterat</strong></span> <span class='ocrx_word' id='word_1_336' title='bbox 3068 1767 3350 1816; x_wconf 84' lang='lat' dir='ltr'><strong>revocare,</strong></span> <span class='ocrx_word' id='word_1_337' title='bbox 3383 1771 3447 1808; x_wconf 89' lang='lat' dir='ltr'><strong>ac</strong></span> <span class='ocrx_word' id='word_1_338' title='bbox 3496 1771 3589 1810; x_wconf 85' lang='lat' dir='ltr'><strong>se-</strong></span> 
     </span>
    </p>
   </div>
   <div class='ocr_carea' id='block_1_46' title="bbox 1990 1832 3586 1908">
    <p class='ocr_par' dir='ltr' id='par_1_46' title="bbox 1990 1832 3586 1908">
     <span class='ocr_line' id='line_1_46' title="bbox 1990 1832 3586 1908; baseline 0.006 -20"><span class='ocrx_word' id='word_1_339' title='bbox 1990 1851 2090 1889; x_wconf 92' lang='lat' dir='ltr'><strong>cus</strong></span> <span class='ocrx_word' id='word_1_340' title='bbox 2141 1835 2455 1902; x_wconf 80' lang='lat' dir='ltr'><strong>inﬂectere,</strong></span> <span class='ocrx_word' id='word_1_341' title='bbox 2508 1834 2751 1891; x_wconf 76' lang='lat' dir='ltr'><strong>Verbum</strong></span> <span class='ocrx_word' id='word_1_342' title='bbox 2788 1839 2967 1908; x_wconf 82' lang='lat' dir='ltr'><strong>ipsum</strong></span> <span class='ocrx_word' id='word_1_343' title='bbox 3023 1832 3586 1908; x_wconf 76' lang='lat' dir='ltr'><strong>supersubstantialc,</strong></span> 
     </span>
    </p>
   </div>
   <div class='ocr_carea' id='block_1_47' title="bbox 1996 1927 3589 2005">
    <p class='ocr_par' dir='ltr' id='par_1_47' title="bbox 1996 1927 3589 2005">
     <span class='ocr_line' id='line_1_47' title="bbox 1996 1927 3589 2005; baseline 0.006 -24"><span class='ocrx_word' id='word_1_344' title='bbox 1996 1927 2382 1983; x_wconf 89' lang='lat' dir='ltr'><strong>universarum</strong></span> <span class='ocrx_word' id='word_1_345' title='bbox 2456 1928 2783 1997; x_wconf 84' lang='lat' dir='ltr'><strong>productrix</strong></span> <span class='ocrx_word' id='word_1_346' title='bbox 2866 1932 3161 2000; x_wconf 86' lang='lat' dir='ltr'><strong>sapientia,</strong></span> <span class='ocrx_word' id='word_1_347' title='bbox 3225 1935 3277 1987; x_wconf 92' lang='lat' dir='ltr'><strong>in</strong></span> <span class='ocrx_word' id='word_1_348' title='bbox 3346 1934 3589 2005; x_wconf 76' lang='lat' dir='ltr'><strong>figmenti</strong></span> 
     </span>
    </p>
   </div>
   <div class='ocr_carea' id='block_1_48' title="bbox 1992 2022 3591 2096">
    <p class='ocr_par' dir='ltr' id='par_1_48' title="bbox 1992 2022 3591 2096">
     <span class='ocr_line' id='line_1_48' title="bbox 1992 2022 3591 2096; baseline 0.006 -23"><span class='ocrx_word' id='word_1_349' title='bbox 1992 2033 2184 2073; x_wconf 91' lang='lat' dir='ltr'><strong>crasso</strong></span> <span class='ocrx_word' id='word_1_350' title='bbox 2243 2034 2495 2088; x_wconf 89' lang='lat' dir='ltr'><strong>corpore,</strong></span> <span class='ocrx_word' id='word_1_351' title='bbox 2556 2022 2820 2090; x_wconf 89' lang='lat' dir='ltr'><strong>tigmento</strong></span> <span class='ocrx_word' id='word_1_352' title='bbox 2876 2026 3230 2089; x_wconf 89' lang='lat' dir='ltr'><strong>consuescit;</strong></span> <span class='ocrx_word' id='word_1_353' title='bbox 3306 2028 3591 2096; x_wconf 74' lang='lat' dir='ltr'><strong>litqnelex</strong></span> 
     </span>
    </p>
   </div>
   <div class='ocr_carea' id='block_1_49' title="bbox 1996 2110 3591 2186">
    <p class='ocr_par' dir='ltr' id='par_1_49' title="bbox 1996 2110 3591 2186">
     <span class='ocr_line' id='line_1_49' title="bbox 1996 2110 3591 2186; baseline 0.005 -23"><span class='ocrx_word' id='word_1_354' title='bbox 1996 2110 2113 2180; x_wconf 89' lang='lat' dir='ltr'><strong>ipsa</strong></span> <span class='ocrx_word' id='word_1_355' title='bbox 2166 2124 2231 2164; x_wconf 89' lang='lat' dir='ltr'><strong>ac</strong></span> <span class='ocrx_word' id='word_1_356' title='bbox 2262 2110 2586 2176; x_wconf 86' lang='lat' dir='ltr'><strong>admonitio,</strong></span> <span class='ocrx_word' id='word_1_357' title='bbox 2650 2112 2828 2180; x_wconf 91' lang='lat' dir='ltr'><strong>ipsum</strong></span> <span class='ocrx_word' id='word_1_358' title='bbox 2890 2129 2988 2182; x_wconf 89' lang='lat' dir='ltr'><strong>per</strong></span> <span class='ocrx_word' id='word_1_359' title='bbox 3067 2130 3126 2169; x_wconf 89' lang='lat' dir='ltr'><strong>se</strong></span> <span class='ocrx_word' id='word_1_360' title='bbox 3190 2116 3591 2186; x_wconf 81' lang='lat' dir='ltr'><strong>incompositos</strong></span> 
     </span>
    </p>
   </div>
   <div class='ocr_carea' id='block_1_50' title="bbox 1994 2202 3590 2277">
    <p class='ocr_par' dir='ltr' id='par_1_50' title="bbox 1994 2202 3590 2277">
     <span class='ocr_line' id='line_1_50' title="bbox 1994 2202 3590 2277; baseline 0.003 -20"><span class='ocrx_word' id='word_1_361' title='bbox 1994 2202 2335 2267; x_wconf 87' lang='lat' dir='ltr'><strong>emendans;</strong></span> <span class='ocrx_word' id='word_1_362' title='bbox 2381 2211 2546 2271; x_wconf 88' lang='lat' dir='ltr'><strong>atque</strong></span> <span class='ocrx_word' id='word_1_363' title='bbox 2578 2203 2632 2256; x_wconf 92' lang='lat' dir='ltr'><strong>in</strong></span> <span class='ocrx_word' id='word_1_364' title='bbox 2665 2205 2916 2258; x_wconf 86' lang='lat' dir='ltr'><strong>mutabili</strong></span> <span class='ocrx_word' id='word_1_365' title='bbox 2953 2207 3196 2260; x_wconf 89' lang='lat' dir='ltr'><strong>cernitur</strong></span> <span class='ocrx_word' id='word_1_366' title='bbox 3231 2210 3435 2276; x_wconf 85' lang='lat' dir='ltr'><strong>specie,</strong></span> <span class='ocrx_word' id='word_1_367' title='bbox 3495 2209 3590 2277; x_wconf 85' lang='lat' dir='ltr'><strong>qui</strong></span> 
     </span>
    </p>
   </div>
   <div class='ocr_carea' id='block_1_51' title="bbox 1994 2291 3593 2367">
    <p class='ocr_par' dir='ltr' id='par_1_51' title="bbox 1994 2291 3593 2367">
     <span class='ocr_line' id='line_1_51' title="bbox 1994 2291 3593 2367; baseline 0.003 -20"><span class='ocrx_word' id='word_1_368' title='bbox 1994 2292 2173 2348; x_wconf 81' lang='lat' dir='ltr'><strong>Pattis</strong></span> <span class='ocrx_word' id='word_1_369' title='bbox 2207 2291 2440 2347; x_wconf 81' lang='lat' dir='ltr'><strong>exsistat</strong></span> <span class='ocrx_word' id='word_1_370' title='bbox 2472 2294 2830 2350; x_wconf 85' lang='lat' dir='ltr'><strong>immutabilis</strong></span> <span class='ocrx_word' id='word_1_371' title='bbox 2886 2293 3097 2364; x_wconf 83' lang='lat' dir='ltr'><strong>ﬁgura;</strong></span> <span class='ocrx_word' id='word_1_372' title='bbox 3167 2297 3461 2367; x_wconf 90' lang='lat' dir='ltr'><strong>ipsumque</strong></span> <span class='ocrx_word' id='word_1_373' title='bbox 3507 2299 3593 2352; x_wconf 87' lang='lat' dir='ltr'><strong>in—</strong></span> 
     </span>
    </p>
   </div>
   <div class='ocr_carea' id='block_1_52' title="bbox 1996 2385 3593 2457">
    <p class='ocr_par' dir='ltr' id='par_1_52' title="bbox 1996 2385 3593 2457">
     <span class='ocr_line' id='line_1_52' title="bbox 1996 2385 3593 2457; baseline 0.003 -20"><span class='ocrx_word' id='word_1_374' title='bbox 1996 2395 2077 2441; x_wconf 82' lang='lat' dir='ltr'><strong>ter</strong></span> <span class='ocrx_word' id='word_1_375' title='bbox 2125 2400 2191 2438; x_wconf 92' lang='lat' dir='ltr'><strong>ac</strong></span> <span class='ocrx_word' id='word_1_376' title='bbox 2221 2385 2509 2439; x_wconf 83' lang='lat' dir='ltr'><strong>hominum</strong></span> <span class='ocrx_word' id='word_1_377' title='bbox 2566 2401 2738 2455; x_wconf 87' lang='lat' dir='ltr'><strong>genus</strong></span> <span class='ocrx_word' id='word_1_378' title='bbox 2790 2397 3141 2455; x_wconf 85' lang='lat' dir='ltr'><strong>sequestrum</strong></span> <span class='ocrx_word' id='word_1_379' title='bbox 3196 2389 3331 2457; x_wconf 90' lang='lat' dir='ltr'><strong>agit,</strong></span> <span class='ocrx_word' id='word_1_380' title='bbox 3368 2390 3593 2443; x_wconf 84' lang='lat' dir='ltr'><strong>solvens</strong></span> 
     </span>
    </p>
   </div>
   <div class='ocr_carea' id='block_1_53' title="bbox 1994 2474 3590 2529">
    <p class='ocr_par' dir='ltr' id='par_1_53' title="bbox 1994 2474 3590 2529">
     <span class='ocr_line' id='line_1_53' title="bbox 1994 2474 3590 2529; baseline -0.002 -1"><span class='ocrx_word' id='word_1_381' title='bbox 1994 2475 2048 2529; x_wconf 91' lang='lat' dir='ltr'><strong>in</strong></span> <span class='ocrx_word' id='word_1_382' title='bbox 2096 2490 2265 2527; x_wconf 86' lang='lat' dir='ltr'><strong>carne</strong></span> <span class='ocrx_word' id='word_1_383' title='bbox 2322 2488 2420 2527; x_wconf 91' lang='lat' dir='ltr'><strong>sua</strong></span> <span class='ocrx_word' id='word_1_384' title='bbox 2458 2474 2748 2527; x_wconf 86' lang='lat' dir='ltr'><strong>adversam</strong></span> <span class='ocrx_word' id='word_1_385' title='bbox 2799 2474 3216 2527; x_wconf 86' lang='lat' dir='ltr'><strong>inimicitiarum</strong></span> <span class='ocrx_word' id='word_1_386' title='bbox 3267 2476 3590 2529; x_wconf 89' lang='lat' dir='ltr'><strong>maceriem.</strong></span> 
     </span>
    </p>
   </div>
   <div class='ocr_carea' id='block_1_54' title="bbox 2066 2560 3592 2629">
    <p class='ocr_par' dir='ltr' id='par_1_54' title="bbox 2066 2560 3592 2629">
     <span class='ocr_line' id='line_1_54' title="bbox 2066 2560 3592 2629; baseline 0.001 -13"><span class='ocrx_word' id='word_1_387' title='bbox 2066 2561 2142 2616; x_wconf 86' lang='lat' dir='ltr'><strong>Ne</strong></span> <span class='ocrx_word' id='word_1_388' title='bbox 2170 2560 2394 2617; x_wconf 70' lang='lat' dir='ltr'><strong>Judteus</strong></span> <span class='ocrx_word' id='word_1_389' title='bbox 2423 2562 2685 2623; x_wconf 85' lang='lat' dir='ltr'><strong>insaniat,</strong></span> <span class='ocrx_word' id='word_1_390' title='bbox 2716 2572 2884 2616; x_wconf 88' lang='lat' dir='ltr'><strong>autve</strong></span> <span class='ocrx_word' id='word_1_391' title='bbox 2910 2562 3055 2616; x_wconf 87' lang='lat' dir='ltr'><strong>haud</strong></span> <span class='ocrx_word' id='word_1_392' title='bbox 3113 2578 3274 2618; x_wconf 85' lang='lat' dir='ltr'><strong>secus</strong></span> <span class='ocrx_word' id='word_1_393' title='bbox 3304 2579 3369 2619; x_wconf 93' lang='lat' dir='ltr'><strong>ac</strong></span> <span class='ocrx_word' id='word_1_394' title='bbox 3420 2564 3592 2629; x_wconf 89' lang='lat' dir='ltr'><strong>ulula,</strong></span> 
     </span>
    </p>
   </div>
   <div class='ocr_carea' id='block_1_55' title="bbox 1994 2650 3595 2721">
    <p class='ocr_par' dir='ltr' id='par_1_55' title="bbox 1994 2650 3595 2721">
     <span class='ocr_line' id='line_1_55' title="bbox 1994 2650 3595 2721; baseline 0.002 -18"><span class='ocrx_word' id='word_1_395' title='bbox 1994 2664 2091 2704; x_wconf 91' lang='lat' dir='ltr'><strong>seu</strong></span> <span class='ocrx_word' id='word_1_396' title='bbox 2118 2650 2393 2718; x_wconf 79' lang='lat' dir='ltr'><strong>ejusmodi</strong></span> <span class='ocrx_word' id='word_1_397' title='bbox 2424 2650 2575 2704; x_wconf 90' lang='lat' dir='ltr'><strong>aliud</strong></span> <span class='ocrx_word' id='word_1_398' title='bbox 2606 2651 2960 2721; x_wconf 77' lang='lat' dir='ltr'><strong>noctivagum</strong></span> <span class='ocrx_word' id='word_1_399' title='bbox 2996 2651 3221 2714; x_wconf 83' lang='lat' dir='ltr'><strong>animal,</strong></span> <span class='ocrx_word' id='word_1_400' title='bbox 3258 2652 3401 2705; x_wconf 88' lang='lat' dir='ltr'><strong>diem</strong></span> <span class='ocrx_word' id='word_1_401' title='bbox 3436 2667 3595 2706; x_wconf 73' lang='lat' dir='ltr'><strong>aver-</strong></span> 
     </span>
    </p>
   </div>
   <div class='ocr_carea' id='block_1_56' title="bbox 1995 2740 3595 2809">
    <p class='ocr_par' dir='ltr' id='par_1_56' title="bbox 1995 2740 3595 2809">
     <span class='ocr_line' id='line_1_56' title="bbox 1995 2740 3595 2809; baseline 0.001 -16"><span class='ocrx_word' id='word_1_402' title='bbox 1995 2748 2147 2793; x_wconf 89' lang='lat' dir='ltr'><strong>setur</strong></span> <span class='ocrx_word' id='word_1_403' title='bbox 2170 2756 2185 2805; x_wconf 89' lang='lat'><strong>;</strong></span> <span class='ocrx_word' id='word_1_404' title='bbox 2211 2741 2341 2808; x_wconf 88' lang='lat' dir='ltr'><strong>quin</strong></span> <span class='ocrx_word' id='word_1_405' title='bbox 2360 2743 2542 2809; x_wconf 88' lang='lat' dir='ltr'><strong>potius</strong></span> <span class='ocrx_word' id='word_1_406' title='bbox 2564 2740 2718 2793; x_wconf 90' lang='lat' dir='ltr'><strong>nullo</strong></span> <span class='ocrx_word' id='word_1_407' title='bbox 2748 2740 2923 2794; x_wconf 87' lang='lat' dir='ltr'><strong>oculis</strong></span> <span class='ocrx_word' id='word_1_408' title='bbox 2944 2740 3116 2794; x_wconf 85' lang='lat' dir='ltr'><strong>livore</strong></span> <span class='ocrx_word' id='word_1_409' title='bbox 3139 2740 3375 2804; x_wconf 68' lang='lat' dir='ltr'><strong>oblaasis,</strong></span> <span class='ocrx_word' id='word_1_410' title='bbox 3398 2741 3595 2795; x_wconf 67' lang='lat' dir='ltr'><strong>divinae</strong></span> 
     </span>
    </p>
   </div>
   <div class='ocr_carea' id='block_1_57' title="bbox 1996 2831 3597 2901">
    <p class='ocr_par' dir='ltr' id='par_1_57' title="bbox 1996 2831 3597 2901">
     <span class='ocr_line' id='line_1_57' title="bbox 1996 2831 3597 2901; baseline 0.001 -16"><span class='ocrx_word' id='word_1_411' title='bbox 1996 2831 2395 2886; x_wconf 83' lang='lat' dir='ltr'><strong>incarnationis</strong></span> <span class='ocrx_word' id='word_1_412' title='bbox 2460 2831 2808 2900; x_wconf 86' lang='lat' dir='ltr'><strong>splendorem</strong></span> <span class='ocrx_word' id='word_1_413' title='bbox 2846 2846 2912 2884; x_wconf 82' lang='lat' dir='ltr'><strong>ex</strong></span> <span class='ocrx_word' id='word_1_414' title='bbox 2979 2831 3048 2886; x_wconf 89' lang='lat' dir='ltr'><strong>iis</strong></span> <span class='ocrx_word' id='word_1_415' title='bbox 3089 2831 3417 2901; x_wconf 78' lang='lat' dir='ltr'><strong>conSpiciat,</strong></span> <span class='ocrx_word' id='word_1_416' title='bbox 3475 2850 3597 2900; x_wconf 68' lang='lat' dir='ltr'><strong>quae</strong></span> 
     </span>
    </p>
   </div>
   <div class='ocr_carea' id='block_1_58' title="bbox 1996 2921 3598 2995">
    <p class='ocr_par' dir='ltr' id='par_1_58' title="bbox 1996 2921 3598 2995">
     <span class='ocr_line' id='line_1_58' title="bbox 1996 2921 3598 2995; baseline -0.001 -16"><span class='ocrx_word' id='word_1_417' title='bbox 1996 2932 2125 2979; x_wconf 81' lang='lat' dir='ltr'><strong>sunt</strong></span> <span class='ocrx_word' id='word_1_418' title='bbox 2174 2924 2316 2995; x_wconf 87' lang='lat' dir='ltr'><strong>apud</strong></span> <span class='ocrx_word' id='word_1_419' title='bbox 2382 2924 2584 2993; x_wconf 89' lang='lat' dir='ltr'><strong>ipsum.</strong></span> <span class='ocrx_word' id='word_1_420' title='bbox 2650 2921 2799 2978; x_wconf 77' lang='lat' dir='ltr'><strong>Nihil</strong></span> <span class='ocrx_word' id='word_1_421' title='bbox 2856 2923 3073 2993; x_wconf 82' lang='lat' dir='ltr'><strong>gentilis</strong></span> <span class='ocrx_word' id='word_1_422' title='bbox 3117 2925 3402 2978; x_wconf 86' lang='lat' dir='ltr'><strong>veritatem</strong></span> <span class='ocrx_word' id='word_1_423' title='bbox 3448 2922 3598 2978; x_wconf 83' lang='lat' dir='ltr'><strong>deri-</strong></span> 
     </span>
    </p>
   </div>
   <div class='ocr_carea' id='block_1_59' title="bbox 1996 3014 3596 3085">
    <p class='ocr_par' dir='ltr' id='par_1_59' title="bbox 1996 3014 3596 3085">
     <span class='ocr_line' id='line_1_59' title="bbox 1996 3014 3596 3085; baseline -0.002 -15"><span class='ocrx_word' id='word_1_424' title='bbox 1996 3015 2144 3081; x_wconf 86' lang='lat' dir='ltr'><strong>deat,</strong></span> <span class='ocrx_word' id='word_1_425' title='bbox 2197 3015 2291 3085; x_wconf 87' lang='lat' dir='ltr'><strong>qui</strong></span> <span class='ocrx_word' id='word_1_426' title='bbox 2336 3030 2433 3070; x_wconf 90' lang='lat' dir='ltr'><strong>sua</strong></span> <span class='ocrx_word' id='word_1_427' title='bbox 2468 3015 2588 3085; x_wconf 88' lang='lat' dir='ltr'><strong>ipse</strong></span> <span class='ocrx_word' id='word_1_428' title='bbox 2621 3014 2820 3084; x_wconf 91' lang='lat' dir='ltr'><strong>probra</strong></span> <span class='ocrx_word' id='word_1_429' title='bbox 2855 3015 3061 3069; x_wconf 86' lang='lat' dir='ltr'><strong>deitate</strong></span> <span class='ocrx_word' id='word_1_430' title='bbox 3110 3014 3279 3068; x_wconf 86' lang='lat' dir='ltr'><strong>donet</strong></span> <span class='ocrx_word' id='word_1_431' title='bbox 3327 3015 3596 3068; x_wconf 88' lang='lat' dir='ltr'><strong>deorum-</strong></span> 
     </span>
    </p>
   </div>
   <div class='ocr_carea' id='block_1_60' title="bbox 1997 3106 3597 3178">
    <p class='ocr_par' dir='ltr' id='par_1_60' title="bbox 1997 3106 3597 3178">
     <span class='ocr_line' id='line_1_60' title="bbox 1997 3106 3597 3178; baseline -0.001 -16"><span class='ocrx_word' id='word_1_432' title='bbox 1997 3123 2104 3178; x_wconf 90' lang='lat' dir='ltr'><strong>que</strong></span> <span class='ocrx_word' id='word_1_433' title='bbox 2167 3108 2397 3178; x_wconf 86' lang='lat' dir='ltr'><strong>p0pulos</strong></span> <span class='ocrx_word' id='word_1_434' title='bbox 2451 3123 2517 3163; x_wconf 80' lang='lat' dir='ltr'><strong>ex</strong></span> <span class='ocrx_word' id='word_1_435' title='bbox 2591 3106 2944 3178; x_wconf 87' lang='lat' dir='ltr'><strong>passionibus</strong></span> <span class='ocrx_word' id='word_1_436' title='bbox 2995 3108 3254 3177; x_wconf 86' lang='lat' dir='ltr'><strong>vitiisque</strong></span> <span class='ocrx_word' id='word_1_437' title='bbox 3305 3107 3408 3162; x_wconf 91' lang='lat' dir='ltr'><strong>sibi</strong></span> <span class='ocrx_word' id='word_1_438' title='bbox 3461 3121 3597 3161; x_wconf 90' lang='lat' dir='ltr'><strong>con-</strong></span> 
     </span>
    </p>
   </div>
   <div class='ocr_carea' id='block_1_61' title="bbox 1998 3202 3597 3271">
    <p class='ocr_par' dir='ltr' id='par_1_61' title="bbox 1998 3202 3597 3271">
     <span class='ocr_line' id='line_1_61' title="bbox 1998 3202 3597 3271; baseline -0.001 -11"><span class='ocrx_word' id='word_1_439' title='bbox 1998 3206 2210 3261; x_wconf 90' lang='lat' dir='ltr'><strong>stituat.</strong></span> <span class='ocrx_word' id='word_1_440' title='bbox 2258 3204 2427 3259; x_wconf 88' lang='lat' dir='ltr'><strong>Nobis</strong></span> <span class='ocrx_word' id='word_1_441' title='bbox 2460 3204 2607 3258; x_wconf 90' lang='lat' dir='ltr'><strong>enim</strong></span> <span class='ocrx_word' id='word_1_442' title='bbox 2644 3218 2788 3258; x_wconf 89' lang='lat' dir='ltr'><strong>unus</strong></span> <span class='ocrx_word' id='word_1_443' title='bbox 2823 3202 2965 3257; x_wconf 90' lang='lat' dir='ltr'><strong>Deus</strong></span> <span class='ocrx_word' id='word_1_444' title='bbox 3014 3211 3135 3271; x_wconf 85' lang='lat' dir='ltr'><strong>est;</strong></span> <span class='ocrx_word' id='word_1_445' title='bbox 3170 3203 3354 3270; x_wconf 89' lang='lat' dir='ltr'><strong>Pater,</strong></span> <span class='ocrx_word' id='word_1_446' title='bbox 3396 3202 3597 3269; x_wconf 89' lang='lat' dir='ltr'><strong>Filius,</strong></span> 
     </span>
    </p>
   </div>
   <div class='ocr_carea' id='block_1_62' title="bbox 1998 3294 3601 3367">
    <p class='ocr_par' dir='ltr' id='par_1_62' title="bbox 1998 3294 3601 3367">
     <span class='ocr_line' id='line_1_62' title="bbox 1998 3294 3601 3367; baseline -0.002 -14"><span class='ocrx_word' id='word_1_447' title='bbox 1998 3306 2052 3353; x_wconf 89' lang='lat' dir='ltr'><strong>et</strong></span> <span class='ocrx_word' id='word_1_448' title='bbox 2108 3296 2347 3367; x_wconf 90' lang='lat' dir='ltr'><strong>Spiritus</strong></span> <span class='ocrx_word' id='word_1_449' title='bbox 2412 3304 2676 3360; x_wconf 86' lang='lat' dir='ltr'><strong>sanctus;</strong></span> <span class='ocrx_word' id='word_1_450' title='bbox 2739 3309 2845 3347; x_wconf 91' lang='lat' dir='ltr'><strong>non</strong></span> <span class='ocrx_word' id='word_1_451' title='bbox 2904 3294 2998 3359; x_wconf 89' lang='lat' dir='ltr'><strong>ita,</strong></span> <span class='ocrx_word' id='word_1_452' title='bbox 3055 3303 3116 3348; x_wconf 93' lang='lat' dir='ltr'><strong>ut</strong></span> <span class='ocrx_word' id='word_1_453' title='bbox 3201 3294 3296 3348; x_wconf 89' lang='lat' dir='ltr'><strong>uni</strong></span> <span class='ocrx_word' id='word_1_454' title='bbox 3354 3310 3601 3363; x_wconf 74' lang='lat' dir='ltr'><strong>persona:</strong></span> 
     </span>
    </p>
   </div>
   <div class='ocr_carea' id='block_1_63' title="bbox 2001 3383 3600 3452">
    <p class='ocr_par' dir='ltr' id='par_1_63' title="bbox 2001 3383 3600 3452">
     <span class='ocr_line' id='line_1_63' title="bbox 2001 3383 3600 3452; baseline 0 -13"><span class='ocrx_word' id='word_1_455' title='bbox 2001 3386 2261 3439; x_wconf 87' lang='lat' dir='ltr'><strong>attributa</strong></span> <span class='ocrx_word' id='word_1_456' title='bbox 2293 3386 2405 3439; x_wconf 90' lang='lat' dir='ltr'><strong>sint</strong></span> <span class='ocrx_word' id='word_1_457' title='bbox 2431 3386 2651 3439; x_wconf 90' lang='lat' dir='ltr'><strong>nomina</strong></span> <span class='ocrx_word' id='word_1_458' title='bbox 2672 3422 2687 3448; x_wconf 91' lang='lat'><strong>,</strong></span> <span class='ocrx_word' id='word_1_459' title='bbox 2719 3383 2815 3437; x_wconf 87' lang='lat' dir='ltr'><strong>sed</strong></span> <span class='ocrx_word' id='word_1_460' title='bbox 2868 3390 2926 3437; x_wconf 91' lang='lat' dir='ltr'><strong>ut</strong></span> <span class='ocrx_word' id='word_1_461' title='bbox 2957 3383 3137 3437; x_wconf 90' lang='lat' dir='ltr'><strong>tribus</strong></span> <span class='ocrx_word' id='word_1_462' title='bbox 3180 3383 3429 3452; x_wconf 87' lang='lat' dir='ltr'><strong>ejusdem</strong></span> <span class='ocrx_word' id='word_1_463' title='bbox 3462 3399 3600 3440; x_wconf 88' lang='lat' dir='ltr'><strong>con-</strong></span> 
     </span>
    </p>
   </div>
   <div class='ocr_carea' id='block_1_64' title="bbox 300 3474 1896 3554">
    <p class='ocr_par' dir='ltr' id='par_1_64' title="bbox 300 3476 1896 3554">
     <span class='ocr_line' id='line_1_64' title="bbox 300 3476 1896 3554; baseline -0.005 -18"><span class='ocrx_word' id='word_1_464' title='bbox 300 3485 434 3554; x_wconf 73' lang='grc' dir='ltr'>τὴρ,</span> <span class='ocrx_word' id='word_1_465' title='bbox 455 3484 552 3535; x_wconf 71' lang='grc' dir='ltr'><strong>καὶ</strong></span> <span class='ocrx_word' id='word_1_466' title='bbox 578 3481 640 3533; x_wconf 76' lang='grc' dir='ltr'>τὸ</span> <span class='ocrx_word' id='word_1_467' title='bbox 664 3480 723 3532; x_wconf 85' lang='grc' dir='ltr'>ἓν</span> <span class='ocrx_word' id='word_1_468' title='bbox 752 3478 999 3549; x_wconf 78' lang='grc' dir='ltr'>ἀμείϐων</span> <span class='ocrx_word' id='word_1_469' title='bbox 1016 3477 1135 3539; x_wconf 81' lang='grc' dir='ltr'>ταῖς</span> <span class='ocrx_word' id='word_1_470' title='bbox 1159 3476 1389 3544; x_wconf 88' lang='grc' dir='ltr'>κλήσεσι</span> <span class='ocrx_word' id='word_1_471' title='bbox 1418 3476 1731 3546; x_wconf 88' lang='grc' dir='ltr'>πρόσωπον·</span> <span class='ocrx_word' id='word_1_472' title='bbox 1773 3476 1896 3544; x_wconf 74' lang='grc' dir='ltr'>μηδ’</span> 
     </span>
    </p>
   </div>
   <div class='ocr_carea' id='block_1_65' title="bbox 2002 3474 3600 3554">
    <p class='ocr_par' dir='ltr' id='par_1_65' title="bbox 2002 3474 3600 3547">
     <span class='ocr_line' id='line_1_65' title="bbox 2002 3474 3600 3547; baseline 0.006 -22"><span class='ocrx_word' id='word_1_473' title='bbox 2002 3477 2208 3547; x_wconf 81' lang='lat' dir='ltr'><strong>junctis</strong></span> <span class='ocrx_word' id='word_1_474' title='bbox 2241 3478 2626 3530; x_wconf 81' lang='lat' dir='ltr'><strong>communione</strong></span> <span class='ocrx_word' id='word_1_475' title='bbox 2676 3483 2908 3529; x_wconf 68' lang='lat' dir='ltr'><strong>naturae.</strong></span> <span class='ocrx_word' id='word_1_476' title='bbox 2951 3474 3158 3545; x_wconf 83' lang='lat' dir='ltr'><strong>Lugeat</strong></span> <span class='ocrx_word' id='word_1_477' title='bbox 3208 3478 3352 3531; x_wconf 90' lang='lat' dir='ltr'><strong>enim</strong></span> <span class='ocrx_word' id='word_1_478' title='bbox 3412 3477 3600 3546; x_wconf 87' lang='lat' dir='ltr'><strong>ejusco</strong></span> 
     </span>
    </p>
   </div>
   <div class='ocr_carea' id='block_1_66' title="bbox 302 3566 1905 3639">
    <p class='ocr_par' dir='ltr' id='par_1_66' title="bbox 302 3566 1905 3639">
     <span class='ocr_line' id='line_1_66' title="bbox 302 3566 1905 3639; baseline -0.011 -8"><span class='ocrx_word' id='word_1_479' title='bbox 302 3578 440 3631; x_wconf 74' lang='grc' dir='ltr'>αὐτὸ</span> <span class='ocrx_word' id='word_1_480' title='bbox 482 3573 644 3627; x_wconf 77' lang='grc' dir='ltr'>τοῦτο</span> <span class='ocrx_word' id='word_1_481' title='bbox 675 3572 854 3634; x_wconf 69' lang='grc' dir='ltr'>συνεὶς</span> <span class='ocrx_word' id='word_1_482' title='bbox 888 3572 917 3623; x_wconf 89' lang='lat'><strong>6</strong></span> <span class='ocrx_word' id='word_1_483' title='bbox 964 3568 1356 3639; x_wconf 79' lang='grc' dir='ltr'>ὲμΰρόντητος,</span> <span class='ocrx_word' id='word_1_484' title='bbox 1405 3566 1487 3619; x_wconf 81' lang='grc' dir='ltr'><strong>ὅτι</strong></span> <span class='ocrx_word' id='word_1_485' title='bbox 1535 3568 1601 3636; x_wconf 82' lang='grc' dir='ltr'>τῇ</span> <span class='ocrx_word' id='word_1_486' title='bbox 1641 3568 1739 3637; x_wconf 80' lang='grc' dir='ltr'>μιᾷ</span> <span class='ocrx_word' id='word_1_487' title='bbox 1773 3568 1905 3619; x_wconf 83' lang='grc' dir='ltr'>ὑπο-</span> 
     </span>
    </p>
   </div>
   <div class='ocr_carea' id='block_1_67' title="bbox 306 3658 1908 3734">
    <p class='ocr_par' dir='ltr' id='par_1_67' title="bbox 306 3658 1908 3734">
     <span class='ocr_line' id='line_1_67' title="bbox 306 3658 1908 3734; baseline -0.016 -12"><span class='ocrx_word' id='word_1_488' title='bbox 306 3666 498 3721; x_wconf 83' lang='grc' dir='ltr'>στάσει</span> <span class='ocrx_word' id='word_1_489' title='bbox 524 3664 983 3734; x_wconf 79' lang='grc' dir='ltr'>φιλοτιμούμενος</span> <span class='ocrx_word' id='word_1_490' title='bbox 1027 3662 1095 3713; x_wconf 85' lang='grc' dir='ltr'>τὰ</span> <span class='ocrx_word' id='word_1_491' title='bbox 1135 3659 1375 3728; x_wconf 87' lang='grc' dir='ltr'>ὀνόματα</span> <span class='ocrx_word' id='word_1_492' title='bbox 1398 3699 1412 3721; x_wconf 89' lang='grc'><strong>,</strong></span> <span class='ocrx_word' id='word_1_493' title='bbox 1440 3660 1540 3711; x_wconf 83' lang='grc' dir='ltr'><strong>οὐκ</strong></span> <span class='ocrx_word' id='word_1_494' title='bbox 1569 3658 1721 3712; x_wconf 81' lang='grc' dir='ltr'>εἴασε</span> <span class='ocrx_word' id='word_1_495' title='bbox 1754 3658 1908 3727; x_wconf 79' lang='grc' dir='ltr'>λέγε.</span> 
     </span>
    </p>
   </div>
   <div class='ocr_carea' id='block_1_68' title="bbox 306 3748 1905 3818">
    <p class='ocr_par' dir='ltr' id='par_1_68' title="bbox 306 3748 1905 3818">
     <span class='ocr_line' id='line_1_68' title="bbox 306 3748 1905 3818; baseline -0.006 -8"><span class='ocrx_word' id='word_1_496' title='bbox 306 3757 434 3811; x_wconf 84' lang='grc' dir='ltr'>σθαι</span> <span class='ocrx_word' id='word_1_497' title='bbox 454 3757 484 3808; x_wconf 84' lang='lat'><strong>6</strong></span> <span class='ocrx_word' id='word_1_498' title='bbox 502 3754 789 3808; x_wconf 70' lang='grc' dir='ltr'>ὲκάλεσεψ</span> <span class='ocrx_word' id='word_1_499' title='bbox 816 3750 924 3804; x_wconf 75' lang='grc' dir='ltr'>οὐδ’</span> <span class='ocrx_word' id='word_1_500' title='bbox 950 3749 978 3802; x_wconf 88' lang='grc' dir='ltr'><strong>ὃ</strong></span> <span class='ocrx_word' id='word_1_501' title='bbox 1002 3748 1406 3818; x_wconf 83' lang='grc' dir='ltr'>προσαγορεύει</span> <span class='ocrx_word' id='word_1_502' title='bbox 1427 3749 1643 3801; x_wconf 82' lang='grc' dir='ltr'>κεῖσθαι</span> <span class='ocrx_word' id='word_1_503' title='bbox 1665 3748 1905 3815; x_wconf 85' lang='grc' dir='ltr'>δίδωσιν,</span> 
     </span>
    </p>
   </div>
   <div class='ocr_carea' id='block_1_69' title="bbox 302 3836 1905 3918">
    <p class='ocr_par' dir='ltr' id='par_1_69' title="bbox 302 3836 1905 3918">
     <span class='ocr_line' id='line_1_69' title="bbox 302 3836 1905 3918; baseline -0.006 -16"><span class='ocrx_word' id='word_1_504' title='bbox 302 3849 474 3918; x_wconf 75' lang='grc' dir='ltr'>εἰπερ</span> <span class='ocrx_word' id='word_1_505' title='bbox 516 3844 739 3914; x_wconf 83' lang='grc' dir='ltr'>ἀληθῶς</span> <span class='ocrx_word' id='word_1_506' title='bbox 769 3844 950 3895; x_wconf 84' lang='grc' dir='ltr'>κεῖται</span> <span class='ocrx_word' id='word_1_507' title='bbox 993 3840 1062 3894; x_wconf 79' lang='grc' dir='ltr'>τὰ</span> <span class='ocrx_word' id='word_1_508' title='bbox 1115 3838 1190 3910; x_wconf 77' lang='grc' dir='ltr'>μὴ</span> <span class='ocrx_word' id='word_1_509' title='bbox 1241 3836 1496 3907; x_wconf 81' lang='grc' dir='ltr'>διαδοχὴν</span> <span class='ocrx_word' id='word_1_510' title='bbox 1546 3838 1905 3907; x_wconf 87' lang='grc' dir='ltr'>προσιέμενα.</span> 
     </span>
    </p>
   </div>
   <div class='ocr_carea' id='block_1_70' title="bbox 303 3927 1905 4000">
    <p class='ocr_par' dir='ltr' id='par_1_70' title="bbox 303 3927 1905 4000">
     <span class='ocr_line' id='line_1_70' title="bbox 303 3927 1905 4000; baseline -0.009 -8"><span class='ocrx_word' id='word_1_511' title='bbox 303 3938 433 4000; x_wconf 79' lang='grc' dir='ltr'><strong>Πῶς</strong></span> <span class='ocrx_word' id='word_1_512' title='bbox 461 3930 559 3989; x_wconf 75' lang='grc' dir='ltr'><strong>οὖν</strong></span> <span class='ocrx_word' id='word_1_513' title='bbox 586 3934 650 3987; x_wconf 73' lang='grc' dir='ltr'>τὸ</span> <span class='ocrx_word' id='word_1_514' title='bbox 680 3933 737 3987; x_wconf 77' lang='grc' dir='ltr'>ἓν</span> <span class='ocrx_word' id='word_1_515' title='bbox 762 3930 929 3985; x_wconf 77' lang='grc' dir='ltr'>αὐτοῦ</span> <span class='ocrx_word' id='word_1_516' title='bbox 962 3930 1255 3999; x_wconf 83' lang='grc' dir='ltr'>πρόσωπον</span> <span class='ocrx_word' id='word_1_517' title='bbox 1282 3927 1541 3996; x_wconf 82' lang='grc' dir='ltr'>ὀνομάσει</span> <span class='ocrx_word' id='word_1_518' title='bbox 1574 3928 1813 3996; x_wconf 84' lang='grc' dir='ltr'>Πατέρα,</span> <span class='ocrx_word' id='word_1_519' title='bbox 1839 3929 1905 3999; x_wconf 82' lang='grc' dir='ltr'>τῇ</span> 
     </span>
    </p>
   </div>
   <div class='ocr_carea' id='block_1_71' title="bbox 304 4012 1905 4098">
    <p class='ocr_par' dir='ltr' id='par_1_71' title="bbox 304 4012 1905 4098">
     <span class='ocr_line' id='line_1_71' title="bbox 304 4012 1905 4098; baseline -0.011 -14"><span class='ocrx_word' id='word_1_520' title='bbox 304 4028 441 4084; x_wconf 74' lang='grc' dir='ltr'>Υἱοῦ</span> <span class='ocrx_word' id='word_1_521' title='bbox 469 4012 820 4098; x_wconf 77' lang='grc' dir='ltr'>προσηγορίᾳ</span> <span class='ocrx_word' id='word_1_522' title='bbox 847 4019 1063 4089; x_wconf 65' lang='grc' dir='ltr'>ἐκείνης</span> <span class='ocrx_word' id='word_1_523' title='bbox 1090 4017 1479 4087; x_wconf 83' lang='grc' dir='ltr'>ὲξιστάμενον;</span> <span class='ocrx_word' id='word_1_524' title='bbox 1507 4018 1593 4070; x_wconf 83' lang='grc' dir='ltr'><strong>ἶνα</strong></span> <span class='ocrx_word' id='word_1_525' title='bbox 1620 4015 1714 4070; x_wconf 76' lang='grc' dir='ltr'>νῦν</span> <span class='ocrx_word' id='word_1_526' title='bbox 1737 4018 1905 4081; x_wconf 77' lang='grc' dir='ltr'>ἐάσω,</span> 
     </span>
    </p>
   </div>
   <div class='ocr_carea' id='block_1_72' title="bbox 305 4108 1905 4188">
    <p class='ocr_par' dir='ltr' id='par_1_72' title="bbox 305 4108 1905 4188">
     <span class='ocr_line' id='line_1_72' title="bbox 305 4108 1905 4188; baseline -0.011 -12"><span class='ocrx_word' id='word_1_527' title='bbox 305 4122 428 4185; x_wconf 63' lang='grc' dir='ltr'>πῶς</span> <span class='ocrx_word' id='word_1_528' title='bbox 461 4120 604 4181; x_wconf 79' lang='grc' dir='ltr'>ὅλως</span> <span class='ocrx_word' id='word_1_529' title='bbox 646 4116 840 4188; x_wconf 79' lang='grc' dir='ltr'>ῥηθείη</span> <span class='ocrx_word' id='word_1_530' title='bbox 888 4111 1118 4183; x_wconf 84' lang='grc' dir='ltr'>Πατὴρ,</span> <span class='ocrx_word' id='word_1_531' title='bbox 1158 4111 1192 4181; x_wconf 82' lang='grc' dir='ltr'>ἢ</span> <span class='ocrx_word' id='word_1_532' title='bbox 1247 4109 1365 4173; x_wconf 84' lang='grc' dir='ltr'>πῶς</span> <span class='ocrx_word' id='word_1_533' title='bbox 1409 4108 1538 4171; x_wconf 78' lang='grc' dir='ltr'>Υἱὸς</span> <span class='ocrx_word' id='word_1_534' title='bbox 1586 4108 1905 4171; x_wconf 78' lang='grc' dir='ltr'>καλέσοιτο,</span> 
     </span>
    </p>
   </div>
   <div class='ocr_carea' id='block_1_73' title="bbox 306 4194 1908 4282">
    <p class='ocr_par' dir='ltr' id='par_1_73' title="bbox 306 4194 1908 4282">
     <span class='ocr_line' id='line_1_73' title="bbox 306 4194 1908 4282; baseline -0.011 -15"><span class='ocrx_word' id='word_1_535' title='bbox 306 4214 387 4277; x_wconf 81' lang='grc' dir='ltr'><strong>εις</strong></span> <span class='ocrx_word' id='word_1_536' title='bbox 414 4211 519 4282; x_wconf 79' lang='grc' dir='ltr'>τὴν</span> <span class='ocrx_word' id='word_1_537' title='bbox 548 4209 646 4263; x_wconf 82' lang='grc' dir='ltr'>τοῦ</span> <span class='ocrx_word' id='word_1_538' title='bbox 673 4204 993 4276; x_wconf 73' lang='grc' dir='ltr'>Πνεῦματος</span> <span class='ocrx_word' id='word_1_539' title='bbox 1021 4200 1322 4272; x_wconf 84' lang='grc' dir='ltr'>μεθεστώς.</span> <span class='ocrx_word' id='word_1_540' title='bbox 1352 4194 1446 4263; x_wconf 69' lang='grc' dir='ltr'><strong>Εἷς</strong></span> <span class='ocrx_word' id='word_1_541' title='bbox 1477 4198 1570 4251; x_wconf 82' lang='grc' dir='ltr'><strong>οὖν</strong></span> <span class='ocrx_word' id='word_1_542' title='bbox 1594 4199 1725 4261; x_wconf 83' lang='grc' dir='ltr'>Θεὸς</span> <span class='ocrx_word' id='word_1_543' title='bbox 1752 4198 1908 4270; x_wconf 81' lang='grc' dir='ltr'>ἡμῶν</span> 
     </span>
    </p>
   </div>
   <div class='ocr_carea' id='block_1_74' title="bbox 307 4291 1909 4377">
    <p class='ocr_par' dir='ltr' id='par_1_74' title="bbox 307 4291 1909 4377">
     <span class='ocr_line' id='line_1_74' title="bbox 307 4291 1909 4377; baseline -0.012 -16"><span class='ocrx_word' id='word_1_544' title='bbox 307 4309 369 4361; x_wconf 71' lang='grc' dir='ltr'><strong>εν</strong></span> <span class='ocrx_word' id='word_1_545' title='bbox 411 4304 571 4377; x_wconf 80' lang='grc' dir='ltr'>τρισὶ</span> <span class='ocrx_word' id='word_1_546' title='bbox 616 4299 937 4372; x_wconf 81' lang='grc' dir='ltr'>προσώποις</span> <span class='ocrx_word' id='word_1_547' title='bbox 960 4311 975 4325; x_wconf 83' lang='lat'><strong><em>&#39;</em></strong></span> <span class='ocrx_word' id='word_1_548' title='bbox 1008 4294 1131 4350; x_wconf 72' lang='grc' dir='ltr'>οὔτε</span> <span class='ocrx_word' id='word_1_549' title='bbox 1159 4293 1249 4347; x_wconf 88' lang='grc' dir='ltr'>διὰ</span> <span class='ocrx_word' id='word_1_550' title='bbox 1275 4292 1339 4344; x_wconf 85' lang='grc' dir='ltr'><strong>τὸ</strong></span> <span class='ocrx_word' id='word_1_551' title='bbox 1380 4291 1604 4361; x_wconf 81' lang='grc' dir='ltr'>τρισσὸν</span> <span class='ocrx_word' id='word_1_552' title='bbox 1627 4292 1909 4360; x_wconf 87' lang='grc' dir='ltr'>τμήμασιν</span> 
     </span>
    </p>
   </div>
   <div class='ocr_carea' id='block_1_75' title="bbox 309 4380 1909 4466">
    <p class='ocr_par' dir='ltr' id='par_1_75' title="bbox 309 4380 1909 4466">
     <span class='ocr_line' id='line_1_75' title="bbox 309 4380 1909 4466; baseline -0.01 -17"><span class='ocrx_word' id='word_1_553' title='bbox 309 4392 635 4466; x_wconf 76' lang='grc' dir='ltr'>ἑτεροφυέσι</span> <span class='ocrx_word' id='word_1_554' title='bbox 673 4388 1043 4459; x_wconf 79' lang='grc' dir='ltr'>μεριζομένης</span> <span class='ocrx_word' id='word_1_555' title='bbox 1076 4386 1176 4456; x_wconf 78' lang='grc' dir='ltr'>τῆς</span> <span class='ocrx_word' id='word_1_556' title='bbox 1208 4383 1419 4446; x_wconf 76' lang='grc' dir='ltr'>ἑνιαίας</span> <span class='ocrx_word' id='word_1_557' title='bbox 1449 4382 1717 4449; x_wconf 83' lang='grc' dir='ltr'>Θεότητος</span> <span class='ocrx_word' id='word_1_558' title='bbox 1739 4421 1755 4446; x_wconf 96' lang='grc'><strong>,</strong></span> <span class='ocrx_word' id='word_1_559' title='bbox 1784 4380 1909 4434; x_wconf 70' lang='grc' dir='ltr'>οὔτε</span> 
     </span>
    </p>
   </div>
   <div class='ocr_carea' id='block_1_76' title="bbox 263 4471 1912 4555">
    <p class='ocr_par' dir='ltr' id='par_1_76' title="bbox 263 4471 1912 4555">
     <span class='ocr_line' id='line_1_76' title="bbox 263 4471 1912 4555; baseline -0.011 -13"><span class='ocrx_word' id='word_1_560' title='bbox 263 4482 267 4486; x_wconf 57' lang='grc'><em>’</em></span> <span class='ocrx_word' id='word_1_561' title='bbox 308 4486 423 4541; x_wconf 80' lang='grc' dir='ltr'>τῶν</span> <span class='ocrx_word' id='word_1_562' title='bbox 452 4481 768 4555; x_wconf 77' lang='grc' dir='ltr'>προσώπων</span> <span class='ocrx_word' id='word_1_563' title='bbox 796 4479 887 4532; x_wconf 82' lang='grc' dir='ltr'>διὰ</span> <span class='ocrx_word' id='word_1_564' title='bbox 921 4477 985 4530; x_wconf 69' lang='grc' dir='ltr'>τὸ</span> <span class='ocrx_word' id='word_1_565' title='bbox 1025 4478 1226 4530; x_wconf 80' lang='grc' dir='ltr'>ένιαῖον</span> <span class='ocrx_word' id='word_1_566' title='bbox 1260 4473 1645 4543; x_wconf 82' lang='grc' dir='ltr'>συγχεομένων</span> <span class='ocrx_word' id='word_1_567' title='bbox 1672 4472 1773 4542; x_wconf 84' lang='grc' dir='ltr'>τῆς</span> <span class='ocrx_word' id='word_1_568' title='bbox 1810 4471 1912 4541; x_wconf 80' lang='grc' dir='ltr'><strong>φύ-</strong></span> 
     </span>
    </p>
   </div>
   <div class='ocr_carea' id='block_1_77' title="bbox 312 4560 1910 4637">
    <p class='ocr_par' dir='ltr' id='par_1_77' title="bbox 312 4560 1910 4637">
     <span class='ocr_line' id='line_1_77' title="bbox 312 4560 1910 4637; baseline -0.009 -9"><span class='ocrx_word' id='word_1_569' title='bbox 312 4590 475 4637; x_wconf 86' lang='grc' dir='ltr'>σεως·</span> <span class='ocrx_word' id='word_1_570' title='bbox 512 4571 634 4625; x_wconf 75' lang='grc' dir='ltr'>ἀλλ’</span> <span class='ocrx_word' id='word_1_571' title='bbox 671 4570 764 4622; x_wconf 82' lang='grc' dir='ltr'>ἀεὶ</span> <span class='ocrx_word' id='word_1_572' title='bbox 786 4567 894 4621; x_wconf 86' lang='grc' dir='ltr'><strong>τῶν</strong></span> <span class='ocrx_word' id='word_1_573' title='bbox 926 4564 1095 4634; x_wconf 87' lang='grc' dir='ltr'>τριῶν</span> <span class='ocrx_word' id='word_1_574' title='bbox 1135 4564 1325 4626; x_wconf 72' lang='grc' dir='ltr'>ὄντων,</span> <span class='ocrx_word' id='word_1_575' title='bbox 1369 4564 1464 4617; x_wconf 72' lang='grc' dir='ltr'>καὶ</span> <span class='ocrx_word' id='word_1_576' title='bbox 1494 4560 1618 4614; x_wconf 78' lang='grc' dir='ltr'>οὔτε</span> <span class='ocrx_word' id='word_1_577' title='bbox 1652 4560 1746 4614; x_wconf 71' lang='grc' dir='ltr'>τοῦ</span> <span class='ocrx_word' id='word_1_578' title='bbox 1777 4560 1910 4614; x_wconf 86' lang='grc' dir='ltr'>Υἱοῦ</span> 
     </span>
    </p>
   </div>
   <div class='ocr_carea' id='block_1_78' title="bbox 310 4651 1911 4733">
    <p class='ocr_par' dir='ltr' id='par_1_78' title="bbox 310 4651 1911 4733">
     <span class='ocr_line' id='line_1_78' title="bbox 310 4651 1911 4733; baseline -0.011 -12"><span class='ocrx_word' id='word_1_579' title='bbox 310 4666 371 4733; x_wconf 66' lang='grc' dir='ltr'><strong>ἐξ</strong></span> <span class='ocrx_word' id='word_1_580' title='bbox 400 4666 505 4718; x_wconf 85' lang='grc' dir='ltr'><strong>οὐκ</strong></span> <span class='ocrx_word' id='word_1_581' title='bbox 531 4662 709 4725; x_wconf 71' lang='grc' dir='ltr'>ὄντος,</span> <span class='ocrx_word' id='word_1_582' title='bbox 736 4658 862 4713; x_wconf 74' lang='grc' dir='ltr'>οὒτε</span> <span class='ocrx_word' id='word_1_583' title='bbox 890 4658 986 4710; x_wconf 81' lang='grc' dir='ltr'>τοῦ</span> <span class='ocrx_word' id='word_1_584' title='bbox 1023 4657 1361 4725; x_wconf 85' lang='grc' dir='ltr'>Πνεύματος·</span> <span class='ocrx_word' id='word_1_585' title='bbox 1388 4653 1475 4707; x_wconf 86' lang='grc' dir='ltr'><strong>ῐνα</strong></span> <span class='ocrx_word' id='word_1_586' title='bbox 1502 4653 1577 4724; x_wconf 86' lang='grc' dir='ltr'><strong>μὴ</strong></span> <span class='ocrx_word' id='word_1_587' title='bbox 1606 4651 1821 4716; x_wconf 81' lang='grc' dir='ltr'>ἐλλιπὲς</span> <span class='ocrx_word' id='word_1_588' title='bbox 1850 4651 1911 4705; x_wconf 85' lang='grc' dir='ltr'><strong>δν</strong></span> 
     </span>
    </p>
   </div>
   <div class='ocr_carea' id='block_1_79' title="bbox 310 4745 1909 4822">
    <p class='ocr_par' dir='ltr' id='par_1_79' title="bbox 310 4745 1909 4822">
     <span class='ocr_line' id='line_1_79' title="bbox 310 4745 1909 4822; baseline -0.007 -12"><span class='ocrx_word' id='word_1_589' title='bbox 310 4761 372 4814; x_wconf 69' lang='grc' dir='ltr'>τὸ</span> <span class='ocrx_word' id='word_1_590' title='bbox 398 4758 582 4817; x_wconf 81' lang='grc' dir='ltr'>Θείον,</span> <span class='ocrx_word' id='word_1_591' title='bbox 616 4754 844 4822; x_wconf 77' lang='grc' dir='ltr'>ὕστερον</span> <span class='ocrx_word' id='word_1_592' title='bbox 872 4749 1013 4820; x_wconf 76' lang='grc' dir='ltr'><strong>ὀφθῇ</strong></span> <span class='ocrx_word' id='word_1_593' title='bbox 1040 4748 1141 4820; x_wconf 82' lang='grc' dir='ltr'><strong>τὴν</strong></span> <span class='ocrx_word' id='word_1_594' title='bbox 1166 4747 1376 4800; x_wconf 70' lang='grc' dir='ltr'>ἔνδειαν</span> <span class='ocrx_word' id='word_1_595' title='bbox 1402 4746 1764 4816; x_wconf 82' lang='grc' dir='ltr'>ἀποθέμενον·</span> <span class='ocrx_word' id='word_1_596' title='bbox 1793 4745 1909 4799; x_wconf 84' lang='grc' dir='ltr'>ἀλλ’</span> 
     </span>
    </p>
   </div>
   <div class='ocr_carea' id='block_1_80' title="bbox 2008 3569 3599 3642">
    <p class='ocr_par' dir='ltr' id='par_1_80' title="bbox 2008 3569 3599 3642">
     <span class='ocr_line' id='line_1_80' title="bbox 2008 3569 3599 3642; baseline 0.001 -18"><span class='ocrx_word' id='word_1_597' title='bbox 2008 3570 2297 3624; x_wconf 67' lang='lat' dir='ltr'><strong>dementiae</strong></span> <span class='ocrx_word' id='word_1_598' title='bbox 2362 3577 2553 3638; x_wconf 85' lang='lat' dir='ltr'><strong>pater,</strong></span> <span class='ocrx_word' id='word_1_599' title='bbox 2604 3569 2809 3639; x_wconf 90' lang='lat' dir='ltr'><strong>quique</strong></span> <span class='ocrx_word' id='word_1_600' title='bbox 2865 3584 3028 3621; x_wconf 91' lang='lat' dir='ltr'><strong>unam</strong></span> <span class='ocrx_word' id='word_1_601' title='bbox 3064 3584 3355 3638; x_wconf 89' lang='lat' dir='ltr'><strong>personam</strong></span> <span class='ocrx_word' id='word_1_602' title='bbox 3411 3574 3599 3642; x_wconf 85' lang='lat' dir='ltr'><strong>appel-</strong></span> 
     </span>
    </p>
   </div>
   <div class='ocr_carea' id='block_1_81' title="bbox 2009 3656 3700 3726">
    <p class='ocr_par' dir='ltr' id='par_1_81' title="bbox 2009 3656 3700 3726">
     <span class='ocr_line' id='line_1_81' title="bbox 2009 3656 3700 3726; baseline 0.002 -16"><span class='ocrx_word' id='word_1_603' title='bbox 2009 3657 2307 3711; x_wconf 90' lang='lat' dir='ltr'><strong>lationibus</strong></span> <span class='ocrx_word' id='word_1_604' title='bbox 2335 3664 2671 3722; x_wconf 85' lang='lat' dir='ltr'><strong>commutat;</strong></span> <span class='ocrx_word' id='word_1_605' title='bbox 2719 3671 2818 3710; x_wconf 90' lang='lat' dir='ltr'><strong>nec</strong></span> <span class='ocrx_word' id='word_1_606' title='bbox 2853 3656 2958 3711; x_wconf 89' lang='lat' dir='ltr'><strong>hoc</strong></span> <span class='ocrx_word' id='word_1_607' title='bbox 2991 3659 3168 3726; x_wconf 89' lang='lat' dir='ltr'><strong>ipsum</strong></span> <span class='ocrx_word' id='word_1_608' title='bbox 3203 3667 3398 3712; x_wconf 65' lang='lat' dir='ltr'><strong>emotae</strong></span> <span class='ocrx_word' id='word_1_609' title='bbox 3442 3675 3602 3714; x_wconf 83' lang='lat' dir='ltr'><strong>men-</strong></span> <span class='ocrx_word' id='word_1_610' title='bbox 3694 3717 3700 3723; x_wconf 66' lang='grc'><strong>,</strong></span> 
     </span>
    </p>
   </div>
   <div class='ocr_carea' id='block_1_82' title="bbox 2009 3747 3604 3818">
    <p class='ocr_par' dir='ltr' id='par_1_82' title="bbox 2009 3747 3604 3818">
     <span class='ocr_line' id='line_1_82' title="bbox 2009 3747 3604 3818; baseline 0.002 -14"><span class='ocrx_word' id='word_1_611' title='bbox 2009 3752 2081 3804; x_wconf 90' lang='lat' dir='ltr'><strong>tis</strong></span> <span class='ocrx_word' id='word_1_612' title='bbox 2134 3750 2295 3802; x_wconf 90' lang='lat' dir='ltr'><strong>homo</strong></span> <span class='ocrx_word' id='word_1_613' title='bbox 2328 3748 2603 3818; x_wconf 85' lang='lat' dir='ltr'><strong>intelligit,</strong></span> <span class='ocrx_word' id='word_1_614' title='bbox 2636 3747 2783 3817; x_wconf 89' lang='lat' dir='ltr'><strong>quod</strong></span> <span class='ocrx_word' id='word_1_615' title='bbox 2833 3748 2923 3801; x_wconf 90' lang='lat' dir='ltr'><strong>nni</strong></span> <span class='ocrx_word' id='word_1_616' title='bbox 2972 3749 3255 3818; x_wconf 80' lang='lat' dir='ltr'><strong>bypostasi</strong></span> <span class='ocrx_word' id='word_1_617' title='bbox 3307 3751 3604 3807; x_wconf 82' lang='lat' dir='ltr'><strong>ambitiose</strong></span> 
     </span>
    </p>
   </div>
   <div class='ocr_carea' id='block_1_83' title="bbox 2010 3839 3602 3913">
    <p class='ocr_par' dir='ltr' id='par_1_83' title="bbox 2010 3839 3602 3913">
     <span class='ocr_line' id='line_1_83' title="bbox 2010 3839 3602 3913; baseline 0.001 -18"><span class='ocrx_word' id='word_1_618' title='bbox 2010 3843 2229 3895; x_wconf 88' lang='lat' dir='ltr'><strong>nomina</strong></span> <span class='ocrx_word' id='word_1_619' title='bbox 2265 3841 2487 3901; x_wconf 86' lang='lat' dir='ltr'><strong>tribuat,</strong></span> <span class='ocrx_word' id='word_1_620' title='bbox 2518 3856 2585 3893; x_wconf 94' lang='lat' dir='ltr'><strong>ne</strong></span> <span class='ocrx_word' id='word_1_621' title='bbox 2621 3841 2723 3893; x_wconf 91' lang='lat' dir='ltr'><strong>hoc</strong></span> <span class='ocrx_word' id='word_1_622' title='bbox 2758 3839 2982 3909; x_wconf 89' lang='lat' dir='ltr'><strong>quidem</strong></span> <span class='ocrx_word' id='word_1_623' title='bbox 3040 3842 3149 3894; x_wconf 89' lang='lat' dir='ltr'><strong>dici</strong></span> <span class='ocrx_word' id='word_1_624' title='bbox 3190 3842 3394 3907; x_wconf 82' lang='lat' dir='ltr'><strong>sinere,</strong></span> <span class='ocrx_word' id='word_1_625' title='bbox 3454 3843 3602 3913; x_wconf 86' lang='lat' dir='ltr'><strong>quod</strong></span> 
     </span>
    </p>
   </div>
   <div class='ocr_carea' id='block_1_84' title="bbox 2011 3928 3604 4000">
    <p class='ocr_par' dir='ltr' id='par_1_84' title="bbox 2011 3928 3604 4000">
     <span class='ocr_line' id='line_1_84' title="bbox 2011 3928 3604 4000; baseline 0.003 -17"><span class='ocrx_word' id='word_1_626' title='bbox 2011 3932 2338 4000; x_wconf 86' lang='lat' dir='ltr'><strong>appellavit:</strong></span> <span class='ocrx_word' id='word_1_627' title='bbox 2390 3944 2490 3982; x_wconf 83' lang='lat' dir='ltr'><strong>nec</strong></span> <span class='ocrx_word' id='word_1_628' title='bbox 2535 3944 2665 3982; x_wconf 88' lang='lat' dir='ltr'><strong>vero</strong></span> <span class='ocrx_word' id='word_1_629' title='bbox 2722 3928 2871 3998; x_wconf 89' lang='lat' dir='ltr'><strong>quod</strong></span> <span class='ocrx_word' id='word_1_630' title='bbox 2928 3930 3188 3998; x_wconf 86' lang='lat' dir='ltr'><strong>appellat,</strong></span> <span class='ocrx_word' id='word_1_631' title='bbox 3268 3930 3486 3984; x_wconf 83' lang='lat' dir='ltr'><strong>ﬁrmum</strong></span> <span class='ocrx_word' id='word_1_632' title='bbox 3538 3946 3604 3987; x_wconf 85' lang='lat' dir='ltr'><strong>ac</strong></span> 
     </span>
    </p>
   </div>
   <div class='ocr_carea' id='block_1_85' title="bbox 2011 4019 3602 4089">
    <p class='ocr_par' dir='ltr' id='par_1_85' title="bbox 2011 4019 3602 4089">
     <span class='ocr_line' id='line_1_85' title="bbox 2011 4019 3602 4089; baseline 0.001 -16"><span class='ocrx_word' id='word_1_633' title='bbox 2011 4034 2189 4073; x_wconf 86' lang='lat' dir='ltr'><strong>ratum</strong></span> <span class='ocrx_word' id='word_1_634' title='bbox 2257 4036 2379 4073; x_wconf 88' lang='lat' dir='ltr'><strong>esse</strong></span> <span class='ocrx_word' id='word_1_635' title='bbox 2426 4019 2721 4072; x_wconf 90' lang='lat' dir='ltr'><strong>concedit:</strong></span> <span class='ocrx_word' id='word_1_636' title='bbox 2800 4020 3023 4089; x_wconf 88' lang='lat' dir='ltr'><strong>quando</strong></span> <span class='ocrx_word' id='word_1_637' title='bbox 3082 4021 3174 4072; x_wconf 88' lang='lat' dir='ltr'><strong>illa</strong></span> <span class='ocrx_word' id='word_1_638' title='bbox 3248 4036 3374 4075; x_wconf 86' lang='lat' dir='ltr'><strong>vere</strong></span> <span class='ocrx_word' id='word_1_639' title='bbox 3446 4020 3602 4075; x_wconf 86' lang='lat' dir='ltr'><strong>ﬁrma</strong></span> 
     </span>
    </p>
   </div>
   <div class='ocr_carea' id='block_1_86' title="bbox 2016 4112 3605 4182">
    <p class='ocr_par' dir='ltr' id='par_1_86' title="bbox 2016 4112 3605 4182">
     <span class='ocr_line' id='line_1_86' title="bbox 2016 4112 3605 4182; baseline 0 -17"><span class='ocrx_word' id='word_1_640' title='bbox 2016 4125 2241 4181; x_wconf 82' lang='lat' dir='ltr'><strong>rataque</strong></span> <span class='ocrx_word' id='word_1_641' title='bbox 2274 4120 2404 4166; x_wconf 85' lang='lat' dir='ltr'><strong>sunt</strong></span> <span class='ocrx_word' id='word_1_642' title='bbox 2427 4127 2548 4181; x_wconf 82' lang='lat' dir='ltr'><strong>quae</strong></span> <span class='ocrx_word' id='word_1_643' title='bbox 2586 4113 2998 4167; x_wconf 86' lang='lat' dir='ltr'><strong>successionem</strong></span> <span class='ocrx_word' id='word_1_644' title='bbox 3033 4112 3459 4182; x_wconf 82' lang='lat' dir='ltr'><strong>haudquaquam</strong></span> <span class='ocrx_word' id='word_1_645' title='bbox 3505 4112 3605 4165; x_wconf 82' lang='lat' dir='ltr'><strong>ad-</strong></span> 
     </span>
    </p>
   </div>
   <div class='ocr_carea' id='block_1_87' title="bbox 2014 4203 3605 4273">
    <p class='ocr_par' dir='ltr' id='par_1_87' title="bbox 2014 4203 3605 4273">
     <span class='ocr_line' id='line_1_87' title="bbox 2014 4203 3605 4273; baseline 0.001 -15"><span class='ocrx_word' id='word_1_646' title='bbox 2014 4206 2263 4258; x_wconf 84' lang='lat' dir='ltr'><strong>mittunt.</strong></span> <span class='ocrx_word' id='word_1_647' title='bbox 2336 4203 2454 4269; x_wconf 83' lang='lat' dir='ltr'><strong>Qua</strong></span> <span class='ocrx_word' id='word_1_648' title='bbox 2525 4218 2655 4273; x_wconf 88' lang='lat' dir='ltr'><strong>ergo</strong></span> <span class='ocrx_word' id='word_1_649' title='bbox 2712 4207 2929 4259; x_wconf 89' lang='lat' dir='ltr'><strong>ratione</strong></span> <span class='ocrx_word' id='word_1_650' title='bbox 3010 4220 3167 4259; x_wconf 87' lang='lat' dir='ltr'><strong>suam</strong></span> <span class='ocrx_word' id='word_1_651' title='bbox 3228 4206 3372 4259; x_wconf 91' lang='lat' dir='ltr'><strong>illam</strong></span> <span class='ocrx_word' id='word_1_652' title='bbox 3438 4221 3605 4260; x_wconf 89' lang='lat' dir='ltr'><strong>unam</strong></span> 
     </span>
    </p>
   </div>
   <div class='ocr_carea' id='block_1_88' title="bbox 2014 4294 3609 4367">
    <p class='ocr_par' dir='ltr' id='par_1_88' title="bbox 2014 4294 3609 4367">
     <span class='ocr_line' id='line_1_88' title="bbox 2014 4294 3609 4367; baseline 0.001 -15"><span class='ocrx_word' id='word_1_653' title='bbox 2014 4312 2305 4367; x_wconf 88' lang='lat' dir='ltr'><strong>personam</strong></span> <span class='ocrx_word' id='word_1_654' title='bbox 2376 4294 2592 4350; x_wconf 87' lang='lat' dir='ltr'><strong>Patrem</strong></span> <span class='ocrx_word' id='word_1_655' title='bbox 2652 4298 2971 4366; x_wconf 78' lang='lat' dir='ltr'><strong>appellabit,</strong></span> <span class='ocrx_word' id='word_1_656' title='bbox 3028 4312 3153 4352; x_wconf 90' lang='lat' dir='ltr'><strong>cum</strong></span> <span class='ocrx_word' id='word_1_657' title='bbox 3202 4298 3355 4352; x_wconf 88' lang='lat' dir='ltr'><strong>illam</strong></span> <span class='ocrx_word' id='word_1_658' title='bbox 3420 4299 3609 4353; x_wconf 87' lang='lat' dir='ltr'><strong>notio-</strong></span> 
     </span>
    </p>
   </div>
   <div class='ocr_carea' id='block_1_89' title="bbox 2014 4387 3607 4458">
    <p class='ocr_par' dir='ltr' id='par_1_89' title="bbox 2014 4387 3607 4458">
     <span class='ocr_line' id='line_1_89' title="bbox 2014 4387 3607 4458; baseline 0.001 -15"><span class='ocrx_word' id='word_1_659' title='bbox 2014 4404 2134 4443; x_wconf 90' lang='lat' dir='ltr'><strong>nem</strong></span> <span class='ocrx_word' id='word_1_660' title='bbox 2168 4388 2287 4441; x_wconf 86' lang='lat' dir='ltr'><strong>Filii</strong></span> <span class='ocrx_word' id='word_1_661' title='bbox 2317 4390 2683 4458; x_wconf 88' lang='lat' dir='ltr'><strong>appellatione</strong></span> <span class='ocrx_word' id='word_1_662' title='bbox 2716 4390 2970 4444; x_wconf 86' lang='lat' dir='ltr'><strong>amittat?</strong></span> <span class='ocrx_word' id='word_1_663' title='bbox 3033 4387 3104 4444; x_wconf 85' lang='lat' dir='ltr'><strong>Ut</strong></span> <span class='ocrx_word' id='word_1_664' title='bbox 3142 4406 3288 4444; x_wconf 89' lang='lat' dir='ltr'><strong>nunc</strong></span> <span class='ocrx_word' id='word_1_665' title='bbox 3325 4391 3607 4458; x_wconf 91' lang='lat' dir='ltr'><strong>omittam,</strong></span> 
     </span>
    </p>
   </div>
   <div class='ocr_carea' id='block_1_90' title="bbox 2013 4479 3606 4552">
    <p class='ocr_par' dir='ltr' id='par_1_90' title="bbox 2013 4479 3606 4552">
     <span class='ocr_line' id='line_1_90' title="bbox 2013 4479 3606 4552; baseline 0.003 -22"><span class='ocrx_word' id='word_1_666' title='bbox 2013 4493 2122 4548; x_wconf 88' lang='lat' dir='ltr'><strong>qua</strong></span> <span class='ocrx_word' id='word_1_667' title='bbox 2192 4494 2421 4548; x_wconf 88' lang='lat' dir='ltr'><strong>prorsus</strong></span> <span class='ocrx_word' id='word_1_668' title='bbox 2494 4480 2709 4534; x_wconf 88' lang='lat' dir='ltr'><strong>ratione</strong></span> <span class='ocrx_word' id='word_1_669' title='bbox 2786 4479 2953 4535; x_wconf 87' lang='lat' dir='ltr'><strong>Pater</strong></span> <span class='ocrx_word' id='word_1_670' title='bbox 3039 4480 3297 4546; x_wconf 86' lang='lat' dir='ltr'><strong>dicatur,</strong></span> <span class='ocrx_word' id='word_1_671' title='bbox 3356 4488 3452 4535; x_wconf 90' lang='lat' dir='ltr'><strong>aut</strong></span> <span class='ocrx_word' id='word_1_672' title='bbox 3496 4497 3606 4552; x_wconf 88' lang='lat' dir='ltr'><strong>qua</strong></span> 
     </span>
    </p>
   </div>
   <div class='ocr_carea' id='block_1_91' title="bbox 2013 4569 3614 4642">
    <p class='ocr_par' dir='ltr' id='par_1_91' title="bbox 2013 4569 3614 4642">
     <span class='ocr_line' id='line_1_91' title="bbox 2013 4569 3614 4642; baseline 0.004 -19"><span class='ocrx_word' id='word_1_673' title='bbox 2013 4570 2319 4639; x_wconf 86' lang='lat' dir='ltr'><strong>appelletur</strong></span> <span class='ocrx_word' id='word_1_674' title='bbox 2390 4569 2587 4636; x_wconf 83' lang='lat' dir='ltr'><strong>Filius,</strong></span> <span class='ocrx_word' id='word_1_675' title='bbox 2650 4571 2745 4639; x_wconf 91' lang='lat' dir='ltr'><strong>qui</strong></span> <span class='ocrx_word' id='word_1_676' title='bbox 2806 4571 2862 4625; x_wconf 90' lang='lat' dir='ltr'><strong>in</strong></span> <span class='ocrx_word' id='word_1_677' title='bbox 2913 4569 3154 4641; x_wconf 89' lang='lat' dir='ltr'><strong>Spiritus</strong></span> <span class='ocrx_word' id='word_1_678' title='bbox 3218 4572 3614 4642; x_wconf 87' lang='lat' dir='ltr'><strong>commigrave-</strong></span> 
     </span>
    </p>
   </div>
   <div class='ocr_carea' id='block_1_92' title="bbox 2014 4658 3612 4731">
    <p class='ocr_par' dir='ltr' id='par_1_92' title="bbox 2014 4658 3612 4731">
     <span class='ocr_line' id='line_1_92' title="bbox 2014 4658 3612 4731; baseline 0 -16"><span class='ocrx_word' id='word_1_679' title='bbox 2014 4661 2086 4715; x_wconf 92' lang='lat' dir='ltr'><strong>rit</strong></span> <span class='ocrx_word' id='word_1_680' title='bbox 2144 4660 2617 4730; x_wconf 77' lang='lat' dir='ltr'><strong>appellationem?</strong></span> <span class='ocrx_word' id='word_1_681' title='bbox 2679 4658 2835 4716; x_wconf 77' lang='lat' dir='ltr'><strong>Unus</strong></span> <span class='ocrx_word' id='word_1_682' title='bbox 2894 4676 3025 4731; x_wconf 84' lang='lat' dir='ltr'><strong>ergo</strong></span> <span class='ocrx_word' id='word_1_683' title='bbox 3079 4671 3165 4716; x_wconf 89' lang='lat' dir='ltr'><strong>est</strong></span> <span class='ocrx_word' id='word_1_684' title='bbox 3224 4660 3368 4717; x_wconf 91' lang='lat' dir='ltr'><strong>Deus</strong></span> <span class='ocrx_word' id='word_1_685' title='bbox 3420 4670 3612 4717; x_wconf 86' lang='lat' dir='ltr'><strong>noster</strong></span> 
     </span>
    </p>
   </div>
   <div class='ocr_carea' id='block_1_93' title="bbox 2017 4751 3614 4827">
    <p class='ocr_par' dir='ltr' id='par_1_93' title="bbox 2017 4751 3614 4827">
     <span class='ocr_line' id='line_1_93' title="bbox 2017 4751 3614 4827; baseline 0.003 -22"><span class='ocrx_word' id='word_1_686' title='bbox 2017 4751 2075 4806; x_wconf 85' lang='lat' dir='ltr'><strong>in</strong></span> <span class='ocrx_word' id='word_1_687' title='bbox 2106 4751 2288 4807; x_wconf 91' lang='lat' dir='ltr'><strong>tribus</strong></span> <span class='ocrx_word' id='word_1_688' title='bbox 2323 4752 2610 4822; x_wconf 85' lang='lat' dir='ltr'><strong>personis;</strong></span> <span class='ocrx_word' id='word_1_689' title='bbox 2647 4767 2749 4808; x_wconf 90' lang='lat' dir='ltr'><strong>nec</strong></span> <span class='ocrx_word' id='word_1_690' title='bbox 2781 4753 2945 4807; x_wconf 90' lang='lat' dir='ltr'><strong>trium</strong></span> <span class='ocrx_word' id='word_1_691' title='bbox 2982 4754 3218 4817; x_wconf 88' lang='lat' dir='ltr'><strong>ratione,</strong></span> <span class='ocrx_word' id='word_1_692' title='bbox 3281 4754 3487 4810; x_wconf 88' lang='lat' dir='ltr'><strong>diversi</strong></span> <span class='ocrx_word' id='word_1_693' title='bbox 3514 4769 3614 4827; x_wconf 85' lang='lat' dir='ltr'><strong>ge-</strong></span> 
     </span>
    </p>
   </div>
   <div class='ocr_carea' id='block_1_94' title="bbox 311 4821 1896 4921">
    <p class='ocr_par' dir='ltr' id='par_1_94' title="bbox 311 4821 1896 4921">
     <span class='ocr_line' id='line_1_94' title="bbox 311 4821 1896 4921; baseline -0.008 -18"><span class='ocrx_word' id='word_1_694' title='bbox 311 4851 451 4921; x_wconf 77' lang='grc' dir='ltr'>δμοῦ</span> <span class='ocrx_word' id='word_1_695' title='bbox 477 4847 562 4918; x_wconf 78' lang='grc' dir='ltr'>τῷ</span> <span class='ocrx_word' id='word_1_696' title='bbox 600 4821 763 4915; x_wconf 77' lang='grc' dir='ltr'>αἰτίῴ</span> <span class='ocrx_word' id='word_1_697' title='bbox 789 4842 987 4912; x_wconf 78' lang='grc' dir='ltr'>Πατρὶ,</span> <span class='ocrx_word' id='word_1_698' title='bbox 1015 4840 1113 4895; x_wconf 71' lang='grc' dir='ltr'>καὶ</span> <span class='ocrx_word' id='word_1_699' title='bbox 1144 4838 1254 4893; x_wconf 83' lang='grc' dir='ltr'>τῶν</span> <span class='ocrx_word' id='word_1_700' title='bbox 1280 4837 1340 4901; x_wconf 73' lang='grc' dir='ltr'><strong>ἐξ</strong></span> <span class='ocrx_word' id='word_1_701' title='bbox 1374 4838 1586 4891; x_wconf 73' lang='grc' dir='ltr'>ἐκείνου</span> <span class='ocrx_word' id='word_1_702' title='bbox 1620 4837 1896 4891; x_wconf 73' lang='grc' dir='ltr'>συνόντων</span> 
     </span>
    </p>
   </div>
   <div class='ocr_carea' id='block_1_95' title="bbox 2002 4821 3607 4921">
    <p class='ocr_par' dir='ltr' id='par_1_95' title="bbox 2016 4843 3607 4914">
     <span class='ocr_line' id='line_1_95' title="bbox 2016 4843 3607 4914; baseline 0.001 -15"><span class='ocrx_word' id='word_1_703' title='bbox 2016 4843 2168 4899; x_wconf 87' lang='lat' dir='ltr'><strong>neris</strong></span> <span class='ocrx_word' id='word_1_704' title='bbox 2204 4844 2543 4900; x_wconf 89' lang='lat' dir='ltr'><strong>sectionibus</strong></span> <span class='ocrx_word' id='word_1_705' title='bbox 2580 4845 2845 4914; x_wconf 82' lang='lat' dir='ltr'><strong>singulari</strong></span> <span class='ocrx_word' id='word_1_706' title='bbox 2874 4845 3077 4900; x_wconf 89' lang='lat' dir='ltr'><strong>deitate</strong></span> <span class='ocrx_word' id='word_1_707' title='bbox 3141 4846 3338 4913; x_wconf 84' lang='lat' dir='ltr'><strong>divisa,</strong></span> <span class='ocrx_word' id='word_1_708' title='bbox 3376 4848 3473 4904; x_wconf 92' lang='lat' dir='ltr'><strong>sed</strong></span> <span class='ocrx_word' id='word_1_709' title='bbox 3527 4848 3607 4902; x_wconf 87' lang='lat' dir='ltr'><strong>ita</strong></span> 
     </span>
    </p>
   </div>
   <div class='ocr_carea' id='block_1_96' title="bbox 314 4930 1913 5012">
    <p class='ocr_par' dir='ltr' id='par_1_96' title="bbox 314 4930 1913 5012">
     <span class='ocr_line' id='line_1_96' title="bbox 314 4930 1913 5012; baseline -0.009 -16"><span class='ocrx_word' id='word_1_710' title='bbox 314 4940 536 5012; x_wconf 76' lang='grc' dir='ltr'>Πατρδς</span> <span class='ocrx_word' id='word_1_711' title='bbox 570 4939 672 5005; x_wconf 75' lang='grc' dir='ltr'>μὲν</span> <span class='ocrx_word' id='word_1_712' title='bbox 713 4936 808 4990; x_wconf 84' lang='grc' dir='ltr'>καὶ</span> <span class='ocrx_word' id='word_1_713' title='bbox 844 4933 1159 5003; x_wconf 80' lang='grc' dir='ltr'>Πνεύματος</span> <span class='ocrx_word' id='word_1_714' title='bbox 1198 4934 1258 4985; x_wconf 80' lang='grc' dir='ltr'>ὲν</span> <span class='ocrx_word' id='word_1_715' title='bbox 1302 4932 1368 5002; x_wconf 82' lang='grc' dir='ltr'>τῇ</span> <span class='ocrx_word' id='word_1_716' title='bbox 1402 4931 1612 4983; x_wconf 78' lang='grc' dir='ltr'>ἑαυτῶν</span> <span class='ocrx_word' id='word_1_717' title='bbox 1648 4930 1913 5000; x_wconf 85' lang='grc' dir='ltr'>διαμεμε-</span> 
     </span>
    </p>
   </div>
   <div class='ocr_carea' id='block_1_97' title="bbox 312 5019 1910 5103">
    <p class='ocr_par' dir='ltr' id='par_1_97' title="bbox 312 5019 1910 5103">
     <span class='ocr_line' id='line_1_97' title="bbox 312 5019 1910 5103; baseline -0.009 -17"><span class='ocrx_word' id='word_1_718' title='bbox 312 5034 566 5103; x_wconf 83' lang='grc' dir='ltr'>νηκότων</span> <span class='ocrx_word' id='word_1_719' title='bbox 594 5028 886 5100; x_wconf 79' lang='grc' dir='ltr'>ἁπλότητι.</span> <span class='ocrx_word' id='word_1_720' title='bbox 914 5024 1047 5079; x_wconf 85' lang='grc' dir='ltr'><strong>Υίοῦ</strong></span> <span class='ocrx_word' id='word_1_721' title='bbox 1083 5024 1164 5091; x_wconf 83' lang='grc' dir='ltr'><strong>δὲ,</strong></span> <span class='ocrx_word' id='word_1_722' title='bbox 1190 5025 1258 5093; x_wconf 80' lang='grc' dir='ltr'>τῇ</span> <span class='ocrx_word' id='word_1_723' title='bbox 1281 5021 1342 5088; x_wconf 77' lang='grc' dir='ltr'>ἐξ</span> <span class='ocrx_word' id='word_1_724' title='bbox 1369 5021 1529 5092; x_wconf 82' lang='grc' dir='ltr'>ἡμῶν</span> <span class='ocrx_word' id='word_1_725' title='bbox 1557 5019 1910 5090; x_wconf 81' lang='grc' dir='ltr'>συντεθειμέ-</span> 
     </span>
    </p>
   </div>
   <div class='ocr_carea' id='block_1_98' title="bbox 317 5122 775 5195">
    <p class='ocr_par' dir='ltr' id='par_1_98' title="bbox 317 5122 775 5195">
     <span class='ocr_line' id='line_1_98' title="bbox 317 5122 775 5195; baseline -0.004 -16"><span class='ocrx_word' id='word_1_726' title='bbox 317 5144 409 5179; x_wconf 81' lang='grc' dir='ltr'><strong>νου</strong></span> <span class='ocrx_word' id='word_1_727' title='bbox 440 5122 775 5195; x_wconf 81' lang='grc' dir='ltr'>προσλήψει.</span> 
     </span>
    </p>
   </div>
   <div class='ocr_carea' id='block_1_99' title="bbox 2022 4938 3615 5005">
    <p class='ocr_par' dir='ltr' id='par_1_99' title="bbox 2022 4938 3615 5005">
     <span class='ocr_line' id='line_1_99' title="bbox 2022 4938 3615 5005; baseline 0.003 -17"><span class='ocrx_word' id='word_1_728' title='bbox 2022 4942 2083 4988; x_wconf 92' lang='lat' dir='ltr'><strong>ut</strong></span> <span class='ocrx_word' id='word_1_729' title='bbox 2134 4942 2249 4991; x_wconf 89' lang='lat' dir='ltr'><strong>tres</strong></span> <span class='ocrx_word' id='word_1_730' title='bbox 2300 4950 2519 5005; x_wconf 87' lang='lat' dir='ltr'><strong>semper</strong></span> <span class='ocrx_word' id='word_1_731' title='bbox 2572 4938 2864 5001; x_wconf 82' lang='lat' dir='ltr'><strong>exsistant,</strong></span> <span class='ocrx_word' id='word_1_732' title='bbox 2923 4952 2987 4992; x_wconf 90' lang='lat' dir='ltr'><strong>ac</strong></span> <span class='ocrx_word' id='word_1_733' title='bbox 3040 4954 3141 4993; x_wconf 92' lang='lat' dir='ltr'><strong>nec</strong></span> <span class='ocrx_word' id='word_1_734' title='bbox 3188 4938 3363 4995; x_wconf 76' lang='lat' dir='ltr'><strong>Filius</strong></span> <span class='ocrx_word' id='word_1_735' title='bbox 3410 4955 3476 4994; x_wconf 69' lang='lat' dir='ltr'><strong>ex</strong></span> <span class='ocrx_word' id='word_1_736' title='bbox 3527 4938 3615 4994; x_wconf 81' lang='lat' dir='ltr'><strong>ni-</strong></span> 
     </span>
    </p>
   </div>
   <div class='ocr_carea' id='block_1_100' title="bbox 2024 5023 3616 5096">
    <p class='ocr_par' dir='ltr' id='par_1_100' title="bbox 2024 5023 3616 5096">
     <span class='ocr_line' id='line_1_100' title="bbox 2024 5023 3616 5096; baseline 0.004 -19"><span class='ocrx_word' id='word_1_737' title='bbox 2024 5023 2138 5079; x_wconf 86' lang='lat' dir='ltr'><strong>hilo</strong></span> <span class='ocrx_word' id='word_1_738' title='bbox 2191 5026 2284 5089; x_wconf 92' lang='lat' dir='ltr'><strong>sit,</strong></span> <span class='ocrx_word' id='word_1_739' title='bbox 2356 5042 2458 5081; x_wconf 92' lang='lat' dir='ltr'><strong>nec</strong></span> <span class='ocrx_word' id='word_1_740' title='bbox 2521 5027 2761 5096; x_wconf 89' lang='lat' dir='ltr'><strong>Spiritus</strong></span> <span class='ocrx_word' id='word_1_741' title='bbox 2839 5036 3064 5082; x_wconf 87' lang='lat' dir='ltr'><strong>sanctus</strong></span> <span class='ocrx_word' id='word_1_742' title='bbox 3114 5046 3127 5082; x_wconf 90' lang='lat'><strong>:</strong></span> <span class='ocrx_word' id='word_1_743' title='bbox 3200 5039 3259 5084; x_wconf 90' lang='lat' dir='ltr'><strong>ut</strong></span> <span class='ocrx_word' id='word_1_744' title='bbox 3314 5045 3385 5083; x_wconf 91' lang='lat' dir='ltr'><strong>ne</strong></span> <span class='ocrx_word' id='word_1_745' title='bbox 3429 5028 3616 5084; x_wconf 88' lang='lat' dir='ltr'><strong>Deitas</strong></span> 
     </span>
    </p>
   </div>
   <div class='ocr_carea' id='block_1_101' title="bbox 2022 5117 3614 5187">
    <p class='ocr_par' dir='ltr' id='par_1_101' title="bbox 2022 5117 3614 5187">
     <span class='ocr_line' id='line_1_101' title="bbox 2022 5117 3614 5187; baseline 0 -16"><span class='ocrx_word' id='word_1_746' title='bbox 2022 5131 2145 5171; x_wconf 90' lang='lat' dir='ltr'><strong>cum</strong></span> <span class='ocrx_word' id='word_1_747' title='bbox 2172 5118 2327 5185; x_wconf 91' lang='lat' dir='ltr'><strong>prius</strong></span> <span class='ocrx_word' id='word_1_748' title='bbox 2377 5117 2635 5172; x_wconf 80' lang='lat' dir='ltr'><strong>deﬁciens</strong></span> <span class='ocrx_word' id='word_1_749' title='bbox 2704 5126 2853 5173; x_wconf 87' lang='lat' dir='ltr'><strong>esset</strong></span> <span class='ocrx_word' id='word_1_750' title='bbox 2914 5120 3269 5187; x_wconf 85' lang='lat' dir='ltr'><strong>postmodum</strong></span> <span class='ocrx_word' id='word_1_751' title='bbox 3340 5120 3614 5183; x_wconf 88' lang='lat' dir='ltr'><strong>videatur,</strong></span> 
     </span>
    </p>
   </div>
   <div class='ocr_carea' id='block_1_102' title="bbox 317 5204 3618 5283">
    <p class='ocr_par' dir='ltr' id='par_1_102' title="bbox 317 5204 3618 5283">
     <span class='ocr_line' id='line_1_102' title="bbox 317 5204 3618 5283; baseline -0.004 -9"><span class='ocrx_word' id='word_1_752' title='bbox 317 5220 600 5274; x_wconf 83' lang='lat' dir='ltr'><strong>defectum</strong></span> <span class='ocrx_word' id='word_1_753' title='bbox 661 5209 1114 5283; x_wconf 69' lang='lat' dir='ltr'><strong>abjecissersed</strong></span> <span class='ocrx_word' id='word_1_754' title='bbox 1167 5221 1277 5264; x_wconf 88' lang='lat' dir='ltr'><strong>una</strong></span> <span class='ocrx_word' id='word_1_755' title='bbox 1318 5221 1443 5263; x_wconf 88' lang='lat' dir='ltr'><strong>cum</strong></span> <span class='ocrx_word' id='word_1_756' title='bbox 1496 5220 1688 5270; x_wconf 89' lang='lat' dir='ltr'><strong>causa,</strong></span> <span class='ocrx_word' id='word_1_757' title='bbox 1750 5204 1913 5260; x_wconf 85' lang='lat' dir='ltr'><strong>Patre</strong></span> <span class='ocrx_word' id='word_1_758' title='bbox 1945 5208 2180 5273; x_wconf 88' lang='lat' dir='ltr'><strong>scilicet,</strong></span> <span class='ocrx_word' id='word_1_759' title='bbox 2214 5210 2376 5265; x_wconf 89' lang='lat' dir='ltr'><strong>simul</strong></span> <span class='ocrx_word' id='word_1_760' title='bbox 2432 5212 2700 5263; x_wconf 83' lang='lat' dir='ltr'><strong>exsistant</strong></span> <span class='ocrx_word' id='word_1_761' title='bbox 2754 5209 2847 5278; x_wconf 90' lang='lat' dir='ltr'><strong>qui</strong></span> <span class='ocrx_word' id='word_1_762' title='bbox 2904 5219 3032 5263; x_wconf 89' lang='lat' dir='ltr'><strong>sunt</strong></span> <span class='ocrx_word' id='word_1_763' title='bbox 3093 5227 3161 5265; x_wconf 80' lang='lat' dir='ltr'><strong>ex</strong></span> <span class='ocrx_word' id='word_1_764' title='bbox 3210 5210 3322 5274; x_wconf 91' lang='lat' dir='ltr'><strong>illo,</strong></span> <span class='ocrx_word' id='word_1_765' title='bbox 3400 5217 3460 5262; x_wconf 92' lang='lat' dir='ltr'><strong>ut</strong></span> <span class='ocrx_word' id='word_1_766' title='bbox 3531 5209 3618 5261; x_wconf 83' lang='lat' dir='ltr'><strong>ni-</strong></span> 
     </span>
    </p>
   </div>
   <div class='ocr_carea' id='block_1_103' title="bbox 320 5298 2485 5372">
    <p class='ocr_par' dir='ltr' id='par_1_103' title="bbox 320 5298 2485 5372">
     <span class='ocr_line' id='line_1_103' title="bbox 320 5298 2485 5372; baseline -0.006 -7"><span class='ocrx_word' id='word_1_767' title='bbox 320 5311 625 5366; x_wconf 87' lang='lat' dir='ltr'><strong>hilominus</strong></span> <span class='ocrx_word' id='word_1_768' title='bbox 662 5316 777 5362; x_wconf 89' lang='lat' dir='ltr'><strong>tum</strong></span> <span class='ocrx_word' id='word_1_769' title='bbox 830 5305 1013 5367; x_wconf 85' lang='lat' dir='ltr'><strong>Pater,</strong></span> <span class='ocrx_word' id='word_1_770' title='bbox 1042 5312 1159 5357; x_wconf 92' lang='lat' dir='ltr'><strong>tum</strong></span> <span class='ocrx_word' id='word_1_771' title='bbox 1202 5300 1444 5370; x_wconf 87' lang='lat' dir='ltr'><strong>Spiritus</strong></span> <span class='ocrx_word' id='word_1_772' title='bbox 1477 5312 1635 5353; x_wconf 86' lang='lat' dir='ltr'><strong>suam</strong></span> <span class='ocrx_word' id='word_1_773' title='bbox 1669 5298 1998 5355; x_wconf 85' lang='lat' dir='ltr'><strong>retinuerint</strong></span> <span class='ocrx_word' id='word_1_774' title='bbox 2037 5302 2485 5372; x_wconf 79' lang='lat' dir='ltr'><strong>simplicitatem;</strong></span> 
     </span>
    </p>
   </div>
   <div class='ocr_carea' id='block_1_104' title="bbox 323 5391 1412 5473">
    <p class='ocr_par' dir='ltr' id='par_1_104' title="bbox 323 5391 1412 5473">
     <span class='ocr_line' id='line_1_104' title="bbox 323 5391 1412 5473; baseline -0.013 -14"><span class='ocrx_word' id='word_1_775' title='bbox 323 5403 641 5473; x_wconf 77' lang='lat' dir='ltr'><strong>sumptione</strong></span> <span class='ocrx_word' id='word_1_776' title='bbox 697 5400 877 5453; x_wconf 81' lang='lat' dir='ltr'><strong>{actus</strong></span> <span class='ocrx_word' id='word_1_777' title='bbox 937 5397 1007 5451; x_wconf 89' lang='lat' dir='ltr'><strong>sit</strong></span> <span class='ocrx_word' id='word_1_778' title='bbox 1046 5391 1412 5463; x_wconf 90' lang='lat' dir='ltr'><strong>compositus.</strong></span> 
     </span>
    </p>
   </div>
   <div class='ocr_carea' id='block_1_105' title="bbox 396 5479 1923 5561">
    <p class='ocr_par' dir='ltr' id='par_1_105' title="bbox 396 5479 1923 5561">
     <span class='ocr_line' id='line_1_105' title="bbox 396 5479 1923 5561; baseline -0.011 -13"><span class='ocrx_word' id='word_1_779' title='bbox 396 5494 544 5547; x_wconf 81' lang='grc' dir='ltr'>Ἔδει</span> <span class='ocrx_word' id='word_1_780' title='bbox 586 5492 698 5561; x_wconf 81' lang='grc' dir='ltr'>γὰρ</span> <span class='ocrx_word' id='word_1_781' title='bbox 735 5487 872 5542; x_wconf 84' lang='grc' dir='ltr'>Θεοῦ</span> <span class='ocrx_word' id='word_1_782' title='bbox 906 5485 1263 5558; x_wconf 84' lang='grc' dir='ltr'>βουληθέντος</span> <span class='ocrx_word' id='word_1_783' title='bbox 1302 5482 1392 5535; x_wconf 78' lang='grc' dir='ltr'>διὰ</span> <span class='ocrx_word' id='word_1_784' title='bbox 1420 5480 1706 5548; x_wconf 82' lang='grc' dir='ltr'>σπλάγχνα</span> <span class='ocrx_word' id='word_1_785' title='bbox 1736 5479 1923 5544; x_wconf 75' lang='grc' dir='ltr'>ἐλέους</span> 
     </span>
    </p>
   </div>
   <div class='ocr_carea' id='block_1_106' title="bbox 329 5570 1923 5654">
    <p class='ocr_par' dir='ltr' id='par_1_106' title="bbox 329 5570 1923 5654">
     <span class='ocr_line' id='line_1_106' title="bbox 329 5570 1923 5654; baseline -0.011 -15"><span class='ocrx_word' id='word_1_786' title='bbox 329 5587 385 5639; x_wconf 67' lang='grc' dir='ltr'>ιν</span> <span class='ocrx_word' id='word_1_787' title='bbox 420 5582 664 5654; x_wconf 57' lang='grc' dir='ltr'>ἡμετέρᾳ</span> <span class='ocrx_word' id='word_1_788' title='bbox 695 5581 878 5651; x_wconf 80' lang='grc' dir='ltr'>μορφῇ</span> <span class='ocrx_word' id='word_1_789' title='bbox 905 5577 1007 5647; x_wconf 80' lang='grc' dir='ltr'><strong>τὴν</strong></span> <span class='ocrx_word' id='word_1_790' title='bbox 1029 5573 1255 5644; x_wconf 75' lang='grc' dir='ltr'>λογικὴν</span> <span class='ocrx_word' id='word_1_791' title='bbox 1276 5570 1437 5643; x_wconf 80' lang='grc' dir='ltr'>ἡμῶν</span> <span class='ocrx_word' id='word_1_792' title='bbox 1463 5571 1747 5637; x_wconf 84' lang='grc' dir='ltr'>εὐγένειαν</span> <span class='ocrx_word' id='word_1_793' title='bbox 1772 5570 1923 5641; x_wconf 81' lang='grc' dir='ltr'>διαρ-</span> 
     </span>
    </p>
   </div>
   <div class='ocr_carea' id='block_1_107' title="bbox 2560 5300 3618 5369">
    <p class='ocr_par' dir='ltr' id='par_1_107' title="bbox 2560 5300 3618 5369">
     <span class='ocr_line' id='line_1_107' title="bbox 2560 5300 3618 5369; baseline 0.002 -16"><span class='ocrx_word' id='word_1_794' title='bbox 2560 5300 2725 5357; x_wconf 83' lang='lat' dir='ltr'><strong>Filius</strong></span> <span class='ocrx_word' id='word_1_795' title='bbox 2791 5318 2941 5369; x_wconf 88' lang='lat' dir='ltr'><strong>vero,</strong></span> <span class='ocrx_word' id='word_1_796' title='bbox 2991 5305 3177 5356; x_wconf 88' lang='lat' dir='ltr'><strong>carnis</strong></span> <span class='ocrx_word' id='word_1_797' title='bbox 3262 5308 3464 5356; x_wconf 76' lang='lat' dir='ltr'><strong>nostra:</strong></span> <span class='ocrx_word' id='word_1_798' title='bbox 3528 5315 3618 5355; x_wconf 87' lang='lat' dir='ltr'><strong>as-</strong></span> 
     </span>
    </p>
   </div>
   <div class='ocr_carea' id='block_1_108' title="bbox 2097 5475 3624 5544">
    <p class='ocr_par' dir='ltr' id='par_1_108' title="bbox 2097 5475 3624 5544">
     <span class='ocr_line' id='line_1_108' title="bbox 2097 5475 3624 5544; baseline 0.001 -13"><span class='ocrx_word' id='word_1_799' title='bbox 2097 5477 2206 5531; x_wconf 88' lang='lat' dir='ltr'><strong>Par</strong></span> <span class='ocrx_word' id='word_1_800' title='bbox 2264 5477 2411 5531; x_wconf 91' lang='lat' dir='ltr'><strong>enim</strong></span> <span class='ocrx_word' id='word_1_801' title='bbox 2473 5484 2613 5541; x_wconf 86' lang='lat' dir='ltr'><strong>erat,</strong></span> <span class='ocrx_word' id='word_1_802' title='bbox 2678 5486 2737 5530; x_wconf 93' lang='lat' dir='ltr'><strong>ut</strong></span> <span class='ocrx_word' id='word_1_803' title='bbox 2784 5491 2908 5531; x_wconf 88' lang='lat' dir='ltr'><strong>cum</strong></span> <span class='ocrx_word' id='word_1_804' title='bbox 2968 5475 3109 5530; x_wconf 79' lang='lat' dir='ltr'><strong>Deus</strong></span> <span class='ocrx_word' id='word_1_805' title='bbox 3155 5490 3250 5544; x_wconf 87' lang='lat' dir='ltr'><strong>per</strong></span> <span class='ocrx_word' id='word_1_806' title='bbox 3301 5476 3624 5533; x_wconf 84' lang='lat' dir='ltr'><strong>misericor-</strong></span> 
     </span>
    </p>
   </div>
   <div class='ocr_carea' id='block_1_109' title="bbox 2028 5567 3619 5638">
    <p class='ocr_par' dir='ltr' id='par_1_109' title="bbox 2028 5567 3619 5638">
     <span class='ocr_line' id='line_1_109' title="bbox 2028 5567 3619 5638; baseline 0.001 -14"><span class='ocrx_word' id='word_1_807' title='bbox 2028 5570 2132 5624; x_wconf 74' lang='lat' dir='ltr'><strong>dia:</strong></span> <span class='ocrx_word' id='word_1_808' title='bbox 2154 5569 2367 5624; x_wconf 84' lang='lat' dir='ltr'><strong>viscera</strong></span> <span class='ocrx_word' id='word_1_809' title='bbox 2398 5567 2723 5623; x_wconf 76' lang='lat' dir='ltr'><strong>rationalem</strong></span> <span class='ocrx_word' id='word_1_810' title='bbox 2758 5580 3006 5622; x_wconf 83' lang='lat' dir='ltr'><strong>nOStram</strong></span> <span class='ocrx_word' id='word_1_811' title='bbox 3038 5568 3456 5638; x_wconf 82' lang='lat' dir='ltr'><strong>ingenuitatem,</strong></span> <span class='ocrx_word' id='word_1_812' title='bbox 3495 5586 3619 5637; x_wconf 68' lang='lat' dir='ltr'><strong>quin</strong></span> 
     </span>
    </p>
   </div>
   <div class='ocr_carea' id='block_1_110' title="bbox 331 5657 1896 5747">
    <p class='ocr_par' dir='ltr' id='par_1_110' title="bbox 331 5659 1893 5747">
     <span class='ocr_line' id='line_1_110' title="bbox 331 5659 1893 5747; baseline -0.009 -17"><span class='ocrx_word' id='word_1_813' title='bbox 331 5679 548 5747; x_wconf 67' lang='grc' dir='ltr'>ρυεῖσαν</span> <span class='ocrx_word' id='word_1_814' title='bbox 568 5675 705 5747; x_wconf 82' lang='grc' dir='ltr'>πρὸς</span> <span class='ocrx_word' id='word_1_815' title='bbox 734 5673 930 5726; x_wconf 70' lang='grc' dir='ltr'>ἑαυτὸν</span> <span class='ocrx_word' id='word_1_816' title='bbox 968 5668 1273 5731; x_wconf 85' lang='grc' dir='ltr'>ἀνασῶσαι,</span> <span class='ocrx_word' id='word_1_817' title='bbox 1307 5665 1437 5718; x_wconf 80' lang='grc' dir='ltr'>Υίὸν</span> <span class='ocrx_word' id='word_1_818' title='bbox 1470 5659 1611 5716; x_wconf 81' lang='grc' dir='ltr'>εἷναι</span> <span class='ocrx_word' id='word_1_819' title='bbox 1640 5662 1731 5716; x_wconf 77' lang='grc' dir='ltr'><strong>τὸν</strong></span> <span class='ocrx_word' id='word_1_820' title='bbox 1764 5662 1893 5716; x_wconf 82' lang='grc' dir='ltr'>τοῦτ</span> 
     </span>
    </p>
   </div>
   <div class='ocr_carea' id='block_1_111' title="bbox 2002 5657 3624 5747">
    <p class='ocr_par' dir='ltr' id='par_1_111' title="bbox 2026 5657 3624 5730">
     <span class='ocr_line' id='line_1_111' title="bbox 2026 5657 3624 5730; baseline 0.001 -16"><span class='ocrx_word' id='word_1_821' title='bbox 2026 5660 2080 5714; x_wconf 91' lang='lat' dir='ltr'><strong>in</strong></span> <span class='ocrx_word' id='word_1_822' title='bbox 2130 5665 2325 5713; x_wconf 87' lang='lat' dir='ltr'><strong>natura</strong></span> <span class='ocrx_word' id='word_1_823' title='bbox 2376 5666 2564 5712; x_wconf 89' lang='lat' dir='ltr'><strong>nostra</strong></span> <span class='ocrx_word' id='word_1_824' title='bbox 2614 5657 2961 5724; x_wconf 81' lang='lat' dir='ltr'><strong>dillluxissct,</strong></span> <span class='ocrx_word' id='word_1_825' title='bbox 2998 5658 3063 5712; x_wconf 88' lang='lat' dir='ltr'><strong>ad</strong></span> <span class='ocrx_word' id='word_1_826' title='bbox 3115 5674 3175 5713; x_wconf 90' lang='lat' dir='ltr'><strong>se</strong></span> <span class='ocrx_word' id='word_1_827' title='bbox 3218 5659 3336 5730; x_wconf 86' lang='lat' dir='ltr'><strong>ipse</strong></span> <span class='ocrx_word' id='word_1_828' title='bbox 3364 5672 3624 5728; x_wconf 87' lang='lat' dir='ltr'><strong>reparare</strong></span> 
     </span>
    </p>
   </div>
   <div class='ocr_carea' id='block_1_112' title="bbox 332 5745 1923 5841">
    <p class='ocr_par' dir='ltr' id='par_1_112' title="bbox 332 5745 1923 5841">
     <span class='ocr_line' id='line_1_112' title="bbox 332 5745 1923 5841; baseline -0.009 -20"><span class='ocrx_word' id='word_1_829' title='bbox 332 5745 896 5841; x_wconf 69' lang='grc' dir='ltr'>πραγματευσάμενον</span> <span class='ocrx_word' id='word_1_830' title='bbox 924 5777 939 5793; x_wconf 78' lang='grc'><strong><em>⁸</em></strong></span> <span class='ocrx_word' id='word_1_831' title='bbox 981 5761 1041 5815; x_wconf 76' lang='grc' dir='ltr'>οὐ</span> <span class='ocrx_word' id='word_1_832' title='bbox 1091 5760 1252 5831; x_wconf 82' lang='grc' dir='ltr'>μόνον</span> <span class='ocrx_word' id='word_1_833' title='bbox 1296 5757 1379 5812; x_wconf 81' lang='grc' dir='ltr'>ὅτι</span> <span class='ocrx_word' id='word_1_834' title='bbox 1418 5745 1556 5825; x_wconf 58' lang='grc' dir='ltr'>ὃιὲερ</span> <span class='ocrx_word' id='word_1_835' title='bbox 1584 5749 1653 5825; x_wconf 80' lang='grc' dir='ltr'>ἦν</span> <span class='ocrx_word' id='word_1_836' title='bbox 1695 5753 1923 5822; x_wconf 80' lang='grc' dir='ltr'>ἀῖδίως,</span> 
     </span>
    </p>
   </div>
   <div class='ocr_carea' id='block_1_113' title="bbox 2030 5748 3612 5822">
    <p class='ocr_par' dir='ltr' id='par_1_113' title="bbox 2030 5748 3612 5822">
     <span class='ocr_line' id='line_1_113' title="bbox 2030 5748 3612 5822; baseline -0.003 -15"><span class='ocrx_word' id='word_1_837' title='bbox 2030 5749 2338 5815; x_wconf 87' lang='lat' dir='ltr'><strong>statuisset,</strong></span> <span class='ocrx_word' id='word_1_838' title='bbox 2373 5749 2425 5805; x_wconf 88' lang='lat' dir='ltr'><strong>id</strong></span> <span class='ocrx_word' id='word_1_839' title='bbox 2466 5750 2666 5822; x_wconf 74' lang='lat' dir='ltr'><strong>negotii</strong></span> <span class='ocrx_word' id='word_1_840' title='bbox 2694 5765 2789 5818; x_wconf 83' lang='lat' dir='ltr'><strong>per</strong></span> <span class='ocrx_word' id='word_1_841' title='bbox 2815 5748 3014 5807; x_wconf 71' lang='lat' dir='ltr'><strong>Filium</strong></span> <span class='ocrx_word' id='word_1_842' title='bbox 3048 5760 3332 5822; x_wconf 83' lang='lat' dir='ltr'><strong>gereretur</strong></span> <span class='ocrx_word' id='word_1_843' title='bbox 3367 5768 3380 5805; x_wconf 93' lang='lat'>:</span> <span class='ocrx_word' id='word_1_844' title='bbox 3413 5751 3612 5807; x_wconf 87' lang='lat' dir='ltr'><strong>nedum</strong></span> 
     </span>
    </p>
   </div>
  </div>
