4104 6444
537 334 602 399 31
1771 329 2050 389 LEOle
2089 329 2560 390 PHILOSOPHI
2755 291 2765 299 ’
3757 340 3824 403 32

538 464 603 505 ea
642 450 874 510 ratione,
924 444 1055 515 quia
1105 441 1250 511 quod
1293 447 1496 495 aeterna
1550 447 1697 493 esset
1745 440 2127 508 generatione,

2238 438 2397 492 τοῦτο
2419 440 2515 491 καὶ
2541 438 2765 509 ὕστερον
2789 439 3166 510 χρηματίζων,
3194 441 3295 495 οὐκ
3328 442 3519 513 ἔμελλε
3548 445 3659 501 τῶν
3685 448 3825 505 ἰδίων

539 535 890 619 postmodum
958 531 1214 594 audiens,
1277 544 1308 582 a
1359 528 1476 583 suis
1528 527 1649 597 ipse
1702 527 2129 599 haudquaquam

541 618 879 681 excessurus
908 628 1031 677 erat
1059 662 1075 687 ,
1109 635 1300 675 verum
1345 619 1534 683 etiam,
1566 618 1692 688 quia
1740 618 1970 673 rationis
2005 628 2125 675 erat

542 727 605 771 ut
634 734 662 771 a
696 716 853 771 nobis
899 728 1001 769 sua
1044 712 1335 768 nobiscum
1380 709 1803 776 consuetudine,
1838 710 2130 765 irrationa-

540 810 621 865 les
670 808 899 863 affectus
946 819 1239 872 moresque
1281 802 1546 858 auferret.
1604 802 1819 857 Idcirco
1866 803 2133 859 Conditor

542 902 658 969 ipse
700 900 1030 954 saeculorum
1085 896 1417 966 principium
1487 894 1691 950 saeculo
1726 894 2002 950 recentius
2034 910 2129 950 su-

540 992 679 1056 mit;
730 1000 893 1059 partu
926 988 1095 1042 nullis
1138 986 1345 1041 infecto
1377 986 1654 1051 sordibus,
1687 1000 1868 1040 meum
1898 985 2133 1040 honorat

539 1093 797 1153 partum;
836 1098 921 1147 ac,
970 1080 1116 1149 quod
1148 1079 1438 1149 praesentis
1469 1078 1577 1133 diei
1614 1079 1899 1135 solemuiis
1927 1080 2124 1148 agitur,

540 1190 708 1229 carne
751 1175 804 1227 in
854 1174 1059 1243 templo
1115 1172 1368 1234 offertur,
1407 1170 1519 1226 Deo
1549 1186 1657 1235 me,
1695 1186 1727 1224 a
1766 1170 1993 1240 profana
2026 1170 2130 1223 imr

542 1270 859 1338 mundaque
910 1269 964 1322 in
1020 1267 1303 1336 impietate
1345 1264 1807 1327 conversatione,
1840 1263 2129 1317 vindicans

542 1374 906 1427 sacransque.
958 1359 1020 1413 1d
1067 1359 1230 1413 hodie
1296 1357 1408 1426 agit
1460 1356 1686 1425 provide
1722 1394 1737 1418 ,
1788 1354 1881 1426 qui
1954 1352 2131 1408 nostri

542 1466 715 1507 causa
764 1451 946 1506 factus
972 1461 1056 1507 est
1089 1451 1293 1505 infans.
1336 1448 1450 1503 Hoc
1485 1447 1805 1503 festivitatis
1852 1446 2132 1501 hodiernae

546 1551 932 1614 argumentum
960 1550 1044 1599 est
1072 1560 1085 1595 :
1115 1557 1308 1612 nempe
1333 1539 1561 1594 infantis
1588 1539 1641 1592 in
1671 1539 1873 1609 templo
1902 1538 2128 1602 oblatio,

548 1636 639 1689 cui
691 1635 866 1705 igneis
916 1633 986 1688 ab
1035 1632 1227 1687 oribus
1259 1630 1489 1685 offertur
1537 1627 1805 1681 laudatio.
1839 1628 1975 1692 Quis
2020 1640 2129 1680 non

547 1723 809 1778 horreat?
838 1722 974 1788 Quis
997 1736 1106 1776 non
1140 1719 1399 1789 stupeat?
1432 1718 1570 1783 Quis
1603 1725 1719 1772 non’
1742 1719 1798 1772 in
1830 1718 2129 1789 gratiarum

546 1814 793 1869 solvatur
841 1813 1129 1869 actiones?
1179 1811 1281 1877 Qui
1332 1819 1391 1865 ut
1423 1810 1572 1866 Deus
1602 1811 1860 1865 universa
1893 1809 2129 1879 perﬁcit,

543 1905 855 1958 mortalium
880 1903 1212 1957 formatione
1239 1902 1292 1956 in
1320 1902 1643 1971 imperfecta
1671 1903 1918 1957 cernitur
1946 1909 2127 1957 aetate.

553 1993 659 2059 Qui
718 1994 970 2048 considet
1012 1992 1202 2059 Patri,
1252 1992 1510 2049 manibus
1552 2000 1797 2062 geatatur
1844 1991 2128 2047 maternis.

544 2083 715 2153 Cujus
744 2085 912 2140 verbo
943 2094 1197 2139 vocatum
1222 2085 1407 2139 lumen
1444 2084 1671 2154 prodiit,
1700 2084 1754 2138 in
1783 2084 1907 2138 vita:
1929 2090 2133 2138 nostra:

545 2176 747 2230 nebula
770 2176 1042 2246 procedit.
1078 2175 1222 2230 Caeci
1257 2177 1501 2246 gentium
1532 2176 1679 2231 oculi
1715 2177 1770 2231 in
1796 2184 1911 2233 atra
1934 2176 2129 2231 mortis

544 2274 709 2322 nocte
753 2267 1084 2333 sedentium,
1129 2266 1540 2331 illuminamini,
1574 2267 1667 2337 qui
1714 2268 1953 2322 lucidam
2004 2268 2131 2321 vitae

544 2356 691 2410 diem
725 2356 1102 2425 conspiciatis.
1132 2354 1347 2411 Excisa:
1376 2371 1614 2425 namque
1641 2364 1772 2412 sunt
1810 2357 2133 2427 ignorantia:

506 2446 814 2510 ‘tenebrae,
862 2446 1067 2516 quibus
1113 2460 1143 2498 a
1185 2445 1297 2508 Deo
1337 2446 1563 2501 discreti
1626 2447 1964 2514 tenebamur,
2013 2449 2133 2518 ipso

547 2555 610 2593 se
636 2538 950 2594 inflectente
981 2554 1197 2593 summo
1231 2540 1741 2594 misericordiarum
1774 2539 1938 2596 Patre
1970 2551 2133 2611 atque

547 2630 657 2693 his,
704 2631 798 2700 qui
852 2631 1151 2686 interibant
1198 2631 1251 2685 in
1305 2633 1575 2699 tenebris,
1622 2648 1813 2688 verum
1868 2634 2135 2689 infereute

549 2716 753 2772 lumen.
823 2718 1013 2773 Soluta
1076 2721 1341 2776 mmstitia
1404 2733 1509 2786 est,
1565 2722 1795 2779 Deitatis
1842 2725 2135 2794 splendore

550 2809 712 2864 nobis
740 2808 1059 2880 atl'ulgente.
1086 2810 1319 2868 Videant
1350 2816 1612 2880 salutare,
1636 2816 1728 2883 qui
1758 2827 1980 2886 propter
2008 2833 2135 2888 pec-

551 2902 656 2957 cati
686 2902 1081 2958 obscuritatem
1108 2905 1371 2974 caligant.
1408 2906 1547 2961 Ecce
1572 2908 1717 2962 enim
1752 2910 1930 2978 puella
1964 2912 2135 2965 castis

549 2992 806 3047 manibus
872 2994 1152 3049 invectum
1207 3006 1452 3065 gestans,
1514 2998 1568 3052 in
1619 3000 1912 3056 umbratile
1965 3001 2135 3055 intrat

548 3082 838 3150 templum,
894 3098 1003 3152 quo
1053 3086 1401 3140 sacerdotum
1443 3087 1576 3142 illud
1629 3089 1883 3145 manibus
1918 3088 2133 3146 offerat.

549 3168 595 3225 Ο
628 3171 1007 3227 inclinationis
1041 3190 1382 3245 summaeque
1418 3178 1567 3232 illius
1617 3178 1973 3234 demissionis
2006 3181 2134 3235 alti-

546 3262 833 3317 tudinem!
884 3263 988 3329 Qui
1018 3264 1289 3320 Aaronem
1336 3266 1614 3337 delegerat
1647 3270 1700 3322 in
1744 3270 2132 3337 ministerium,

546 3351 830 3423 priorique
861 3352 1026 3424 Moysi
1068 3355 1249 3409 fuerat
1274 3357 1615 3423 collocutus;
1650 3373 1813 3427 quem
1842 3359 2004 3414 etiam
2035 3363 2136 3412 ho-

547 3442 753 3496 diernae
776 3443 886 3498 diei
920 3444 1080 3499 docet
1114 3447 1398 3516 mysteria,
1424 3462 1531 3517 qua
1562 3448 1867 3518 posteriora
1891 3450 2132 3505 ostendit

548 3534 714 3603 (Deus
755 3550 994 3605 namque
1031 3552 1187 3592 suam
1225 3540 1466 3607 posteris
1505 3542 1846 3610 temporibus
1876 3557 2000 3596 cum
2036 3543 2131 3595 h0-

548 3624 789 3679 minibus
833 3626 1071 3681 futuram
1127 3631 1582 3686 consuetudinem
1634 3632 1927 3703 aenigmate
1978 3633 2129 3689 desi-

2240 531 2625 601 ὲκστήσεσθαι,
2670 531 2783 583 ἀλλ’
2815 532 2899 584 ὄτι
2929 532 3022 585 καὶ
3069 533 3244 599 Λόγου
3287 530 3356 604 ἦν
3397 535 3457 599 ἐξ
3505 537 3662 607 ἡμῶν
3722 541 3826 594 ἀπ-

2240 623 2570 676 εσκευάσθαι
2619 621 2719 692 τὴν
2778 623 3001 692 ἀλογίαν
3060 625 3237 695 οἰκείᾳ.
3283 628 3827 699 προσομιλήσει.Διά

2238 712 2398 765 τοῦτο
2426 714 2454 765 ό
2486 712 2612 774 τοὺς
2656 710 2863 774 αἰῶνας
2891 712 3304 784 δημιουργήσας
3324 756 3340 780 ,
3376 716 3552 786 ἀρχὴν
3595 735 3826 787 μεταγε-

2238 803 2501 872 νεστέραν
2529 802 2725 867 αίῶνος
2753 802 3042 870 λαμϐάνεν
3076 805 3412 877 ἀρρυπάντῳ
3450 808 3704 874 ἀποτέξει
3731 814 3826 876 τὰς
3884 798 3890 804 ’

2234 892 2374 964 ἐμὰς
2412 893 2609 956 ώδῖνας
2634 895 2789 964 τιμᾷ·
2817 896 2931 959 καὶ,
2954 896 3014 948 τὸ
3031 894 3123 949 νῦν
3145 897 3490 967 τελούμενον,
3512 901 3674 971 σαρκὶ
3698 919 3827 973 προ-

2235 986 2463 1055 φέρεται
2506 986 2661 1056 ίερῷ,
2690 987 2789 1056 ἐμὲ
2822 987 3141 1058 ίεροποιῶν’,
3176 989 3277 1059 τῆς
3305 989 3526 1060 ἀνιέρου
3560 992 3655 1045 καὶ
3684 993 3822 1046 ἀκα-

2234 1076 2430 1147 θάρτου
2455 1078 2513 1129 ἐν
2540 1078 2991 1148 ἀθεΐαςδιαγωγῆς
3016 1082 3028 1133 l
3052 1078 3224 1133 Τοῦτο
3242 1081 3485 1151 σήμερον
3507 1081 3586 1151 τῷ
3602 1082 3670 1135 δι’
3683 1084 3828 1153 ἡμᾶς

2232 1169 2601 1239 οἰκονομεῖται
2640 1170 2839 1240 νηπίῳ.
2889 1170 3061 1223 Τοῦτο
3106 1171 3464 1243 ἑορτάζομεν⁹
3507 1174 3823 1246 προσένεξιν

2234 1261 2314 1322 εἰς
2344 1259 2468 1312 ναὸν
2498 1259 2733 1329 βρέφους
2763 1300 2777 1324 ,
2804 1253 2849 1328 ᾧ
2893 1262 3136 1332 πυρίνων
3168 1264 3458 1334 στομάτων
3485 1267 3824 1335 προσάγεται

2234 1350 2458 1413 αῐνεσις.
2491 1350 2587 1412 Τίς
2616 1351 2676 1404 οὐ
2709 1352 2922 1419 φρίττει
2960 1369 2974 1418 ;
3009 1353 3104 1416 Τίς
3149 1356 3249 1407 οὐκ
3296 1355 3698 1426 ἐκπλήττεταις
3732 1361 3773 1411 Τ
3781 1360 3827 1422 ίς

2233 1442 2335 1494 οὐκ
2376 1442 2692 1512 εὐχαριστεί
2719 1441 2811 1507 ;Ὀ
2842 1442 2911 1495 τὰ
2955 1443 3250 1513 σύμπαντα
3290 1447 3513 1500 τελειῶν
3551 1449 3626 1513 ὼς
3658 1450 3822 1517 Θεὸς,

2234 1536 2292 1588 ἐν
2343 1535 2567 1599 ἀτελοῦς
2616 1535 2831 1605 ἡλικίας
2874 1538 3070 1607 δρᾶται
3113 1540 3363 1609 γηγενῶν
3402 1541 3710 1597 διαπλάσει.
3768 1544 3825 1597 Ὀ

2238 1626 2605 1698 συγκάθεδρος
2626 1626 2702 1696 τῷ
2727 1627 2925 1698 Πατρὶ,
2958 1631 3117 1698 χερσὶ
3144 1632 3472 1699 βαστάζεται
3501 1636 3820 1703 μητρικαῖς.

2235 1713 2311 1771 Ob
2339 1718 2548 1788 ῥήματι
2575 1717 2910 1788 καλούμενον
2938 1719 3174 1791 προῆλθε
3202 1720 3262 1774 τὸ
3292 1722 3428 1790 φῶς,
3451 1724 3510 1775 ἐν
3531 1727 3596 1794 τῇ
3626 1725 3825 1797 ὁμίχλῃ

2235 1809 2328 1862 τοῦ
2358 1809 2631 1879 ἡμετέρου
2664 1809 2780 1879 βίου
2815 1813 3165 1882 προέρχεται.
3206 1813 3503 1885 Ὀφθαλμοὶ
3548 1816 3823 1886 ἀλαμπεῖς

2233 1901 2343 1954 τῶν
2392 1904 2449 1955 ὲν
2475 1904 2541 1973 τῇ
2595 1902 2827 1977 μελαίνῃ
2869 1904 2964 1956 τοῦ
3015 1904 3251 1959 θανάτου
3298 1908 3455 1959 νυκτὶ
3496 1908 3825 1979 καθημένων

2237 1992 2428 2058 ὲθνῶν,
2466 1992 2796 2063 φωτίσθητε,
2841 1993 2939 2064 την
2971 1995 3239 2066 φωτεινὴν
3285 1998 3385 2067 τῆς
3415 1996 3563 2068 ζωῆς
3606 2001 3825 2071 ἡμέραν

2237 2086 2522 2156 θεώμενοι.
2566 2086 2809 2157 Ἐτμήθη
2857 2087 2967 2156 γὰρ
3014 2088 3114 2156 τῆς
3154 2087 3378 2156 ἀγνοίας
3427 2090 3486 2141 τὸ
3536 2090 3751 2155 σκότος,
3780 2085 3825 2159 ᾧ

2232 2179 2368 2233 Θεοῦ
2407 2178 2741 2247 διιστάμενοι
2794 2176 3165 2248 κατειχόμεθα
3189 2193 3204 2209 ο
3237 2178 3659 2249 δυσωπήσαντος
3702 2184 3825 2235 ἑαυο

2233 2269 2327 2323 τὸν
2355 2269 2449 2323 τοῦ
2478 2270 2717 2338 μεγάλου
2752 2269 2862 2321 τῶν
2883 2269 3186 2339 οἰκτιρμῶν
3212 2270 3426 2341 Πατρὸς
3452 2312 3466 2336 ,
3508 2272 3603 2325 καὶ
3628 2275 3742 2336 τοίς
3768 2275 3825 2327 ἐν

2234 2361 2383 2431 αὑτῷ
2413 2359 2810 2429 ἀπολλυμένοις
2832 2399 2847 2424 ,
2879 2358 2940 2411 τὸ
2973 2358 3227 2430 ἀληθινὸν
3272 2360 3389 2428 φῶς
3431 2361 3822 2429 ὲπιφάναντος.

2235 2455 2431 2525 Ἐλύθη
2468 2453 2528 2507 τὸ
2561 2452 2905 2522 σκυθρωπὸν,
2932 2452 3025 2505 τοῦ
3069 2453 3503 2521 ἁπαυγάσματος
3541 2456 3673 2523 ἡμῖν
3727 2456 3827 2524 τῆς
3860 2480 3871 2487 ~

2236 2546 2498 2615 Θεότητος
2523 2543 2947 2613 ἐπιλάμψαντος.
2973 2542 3254 2597 Ἰδέτωσαν
3273 2543 3332 2595 τὸ
3361 2545 3643 2615 σωτήριον,
3663 2545 3715 2597 οἱ
3740 2545 3829 2597 διὰ

2233 2632 2333 2703 τὴν
2384 2633 2641 2703 ἀμαυρὰν
2699 2633 2927 2703 μύοντες
2975 2634 3276 2702 ἁμαρτίαν.
3345 2634 3476 2687 Ἰδοὺ
3522 2635 3632 2705 γὰρ
3686 2635 3828 2705 κόρη

2236 2726 2517 2797 παλάμαις
2548 2728 2737 2795 ἁγναῖς
2772 2726 3139 2796 ὲποχούμενον
3200 2728 3459 2797 ρέρουσα,
3509 2728 3588 2789 είς
3622 2727 3828 2797 σκιώδη

2236 2818 2361 2872 ναὸν
2391 2819 2729 2885 εἰσελαύνει,
2772 2820 2960 2890 χερσὶν
3002 2819 3189 2887 ίερέως
3242 2818 3401 2871 τοῦτο
3442 2818 3823 2890 προσάγουσα.

2238 2911 2302 2962 Ὢ
2342 2909 2504 2979 βάθος
2541 2910 3043 2978 συγκαταὸάσεωςῑ
3080 2910 3138 2963 '0
3177 2909 3313 2979 πρὸς
3356 2909 3703 2980 λειτουργίαν
3737 2909 3828 2962 τὸν

2250 3000 2457 3071 Ἀαρὼν
2486 3000 2866 3071 ἐκλεξάμενος,
2893 3001 2987 3053 καὶ
3016 3000 3123 3069 πρὸ
3144 2999 3340 3063 τούτου
3368 3000 3723 3071 προσομιλῶν
3750 2998 3831 3068 τῷ

2236 3093 2444 3146 Μωσεῖ’
2478 3086 2522 3160 ᾧ
2555 3093 2649 3145 καὶ
2680 3091 2747 3145 τά
2777 3091 2872 3145 νῦν
2904 3094 3183 3163 μυστήρια
3224 3094 3283 3145 ὲν
3319 3094 3386 3162 τῇ
3421 3093 3529 3145 τῶν
3559 3091 3828 3143 ὀπισθίων

2236 3186 2365 3253 μυεῖ
2399 3183 2745 3252 παραδείξεν
2778 3184 2880 3253 τὴν
2909 3184 3018 3253 γὰρ
3061 3186 3118 3237 ὲν
3163 3183 3340 3237 ὀπίσω
3372 3182 3563 3254 καιροῦ
3608 3182 3830 3251 ὁμιλίαν

2236 3273 2400 3328 αὑτοῦ
2442 3274 2749 3347 ἀνθρώποις
2792 3272 3189 3343 αἱνιγμστίζων
3217 3274 3348 3336 Θεὸς
3372 3315 3386 3341 ,
3415 3274 3494 3343 τῷ
3529 3273 3831 3344 θεράποντι

2236 3365 2304 3418 τά
2336 3364 2560 3418 ὀπίσθια
2581 3365 2853 3418 δείκνυσιν
2871 3382 2885 3395 ο
2925 3366 3000 3427 ὡς
3026 3367 3310 3435 ἱερατικῆς
3335 3365 3556 3436 χρῄζων
3573 3366 3833 3432 εὐλογίας

2159 3486 2202 3543 C
2238 3456 2609 3527 προσφέρεται
2642 3458 2799 3528 ἱερεῖ.
2851 3455 3037 3520 Οὕτως
3075 3458 3200 3526 ἐμοὶ
3238 3458 3538 3527 εὐδοκήσας
3570 3459 3832 3527 ἐπηνωρ-

2237 3547 2472 3600 θωκέναι
2510 3547 2570 3600 τὸ
2605 3549 2854 3617 πταῖσμα
2881 3585 2897 3612 ,
2930 3546 2958 3600 ὃ
2989 3548 3139 3619 νόμῳ
3177 3548 3563 3619 προσκρούσας
3593 3547 3832 3617 διεπρα-

2238 3635 2437 3707 ξάμηνο

546 3729 744 3783 gnans,
779 3714 971 3787 Moysi,
998 3716 1203 3772 famulo
1250 3735 1347 3774 suo
1379 3721 1679 3789 posteriora
1716 3723 1901 3778 videre
1951 3725 2203 3780 concedit
2236 3727 2351 3797 "’):
2416 3736 2679 3798 tanquam
2733 3727 3059 3784 sacerdotali
3116 3727 3367 3799 indigens
3415 3726 3827 3792 benedictione,

546 3807 824 3861 sacerdoti
874 3806 1135 3875 offertur;
1189 3810 1471 3874 nimirum,
1516 3828 1583 3867 eo
1621 3814 1786 3869 modo
1814 3815 2004 3871 volens
2078 3831 2358 3887 reparare,
2402 3820 2551 3889 quod
2603 3820 2660 3874 in
2721 3820 2893 3891 legem
2961 3819 3267 3884 oﬂ‘endens,
3307 3821 3519 3875 crimen
3584 3820 3826 3875 commi-

545 3897 763 3952 sissem.

618 3987 878 4056 Quaenam
906 3998 1059 4045 tanta
1085 3993 1200 4047 hzec
1240 3993 1573 4064 benignitas,
1598 3994 2006 4068 inefl‘abilisque
2033 3999 2133 4053 mi-

546 4081 888 4136 sericordia?
924 4081 1001 4136 Ex
1034 4085 1218 4139 servili
1265 4100 1365 4153 ego
1409 4086 1747 4154 conditione,
1782 4087 2131 4144 dominormn

548 4172 794 4241 prepriis
818 4173 1142 4229 honestatus
1176 4176 1502 4246 privilegiis,
1547 4193 1611 4233 ac
1662 4186 1922 4250 tanquam
1956 4180 2135 4236 demi-

479 4284 487 4292 -
548 4277 676 4326 nus,
719 4263 939 4332 meique
971 4264 1115 4333 juris
1177 4267 1388 4332 vivens,
1428 4283 1563 4323 meat
1610 4273 1895 4326 custodem
1947 4272 2135 4342 gloria:

549 4351 723 4421 legem
769 4354 947 4422 repuli
982 4371 996 4409 :
1038 4356 1303 4411 Dominus
1356 4365 1562 4425 autem,
1617 4361 1963 4429 sempiterna:
2009 4363 2136 4432 jure

550 4441 889 4499 haereditatis
939 4444 1246 4500 dominium
1282 4449 1590 4517 possidens,
1631 4453 1757 4507 vita:
1799 4468 1925 4507 cum
1960 4456 2135 4511 servis

551 4532 872 4589 societatem
922 4538 1149 4592 minime
1178 4540 1400 4605 renuit;
1438 4548 1605 4610 atque
1640 4543 1777 4597 adeo
1827 4544 1932 4613 legi
1962 4546 2137 4601 servis

550 4624 674 4678 latae
714 4640 920 4680 morem
980 4629 1142 4697 gerit.
1202 4629 1475 4695 Quorsum
1523 4632 1576 4686 id
1619 4635 1795 4689 vero?
1844 4633 2135 4704 Nimirum,

552 4724 612 4767 ut
647 4714 779 4768 mihi
812 4717 1054 4785 praebeat
1087 4734 1199 4788 quo
1222 4735 1476 4776 excusem
1501 4722 1715 4779 ordinis
1743 4724 2134 4792 desertionem,

2290 4000 2405 4062 Τίς
2440 4001 2473 4069 ἡ
2503 3998 2909 4069 φιλανθρωπία,
2950 4000 3044 4054 καὶ
3069 4002 3097 4055 ό
3141 3997 3323 4066 οἶκτος
3368 4002 3396 4055 δ
3430 4000 3671 4070 ἀφατος;
3732 4005 3833 4057 Ἐκ

2234 4089 2435 4143 δούλων
2464 4087 2577 4156 ἐγὼ
2597 4088 2934 4154 δεσποτικοῖς
2957 4089 3211 4160 τιμηθεὶς
3248 4088 3584 4160 προνομίοις,
3617 4090 3712 4141 καὶ
3739 4084 3833 4143 οἷα

2232 4181 2500 4248 δεσπότης
2533 4179 2924 4250 διαιτώμενος,
2976 4180 3067 4234 τὸν
3101 4180 3317 4250 φύλακα
3352 4180 3451 4249 τῆς
3482 4180 3624 4249 hanc
3660 4180 3832 4250 δόξης

2234 4271 2517 4342 διωσάμην
2535 4270 2725 4341 νόμον.
2753 4272 3027 4339 Δεσπότης
3051 4270 3108 4323 δὲ
3128 4268 3299 4324 ἀῒδιον
3325 4269 3524 4339 κλῆρον
3555 4268 3696 4337 ἔχων
3728 4270 3832 4336 τὴν

2232 4362 2574 4426 δεσποτείαν,
2625 4364 2687 4415 οὐ
2725 4364 3073 4432 παραιτεῖται
3121 4362 3219 4433 τὴν
3269 4361 3410 4431 μετά
3451 4360 3652 4413 δούλων
3701 4377 3836 4413 συν-

2232 4453 2521 4525 διαίτησιν,
2554 4454 2650 4506 καὶ
2689 4453 2767 4524 τῷ
2796 4454 3034 4524 κειμένῳ
3057 4453 3264 4517 δούλοις
3285 4454 3372 4507 διὰ
3396 4453 3569 4506 ταῦτα
3594 4452 3836 4522 πειθαρ-

2234 4544 2319 4613 χεῖ
2344 4542 2639 4614 νόμῳ.”Ινα
2663 4543 2716 4596 τί
2746 4543 2993 4613 γένηται;
3029 4542 3124 4596 ’Ὶν’
3150 4544 3274 4613 ἐμοὶ
3302 4545 3401 4613 τῆς
3430 4541 3659 4606 ἀταξίας
3686 4543 3837 4594 ἀπο-

2235 4634 2422 4704 λογίαν
2448 4636 2894 4706 παραστήσηται,
2920 4636 3014 4690 καὶ
3036 4635 3130 4688 τοῦ
3156 4634 3257 4703 τῆς
3285 4633 3547 4704 ἀνηκοΐας
3574 4633 3837 4706 ἀπολύσῃ

2239 4727 2604 4798 ἐγκλήματος,
2630 4726 2819 4800 ὥσπερ
2853 4728 3142 4790 ὑπόπλεως
3166 4726 3418 4800 φιλτρόου
3450 4725 3635 4795 πατὴρ
3661 4725 3838 4793 ἐκγο-

552 4818 798 4874 ιιιειεειιιε
853 4807 1240 4865 inobedicntiae
1292 4810 1505 4867 erimen
1544 4812 1718 4867 diluat
1755 4830 1768 4866 :
1802 4830 1866 4870 ac
1907 4817 1950 4870 si
1980 4828 2132 4886 pater

2243 4834 2333 4871 νον
2371 4814 2670 4888 ἐπιτιμίοις
2697 4818 2839 4888 ὀρῶν
2867 4818 3250 4888 ὑποκείμενονο
3287 4812 3405 4870 εἶτα
3430 4816 3490 4869 τὸ
3519 4815 3691 4869 αῐτιον
3725 4815 3838 4885 τῆς

554 4897 761 4951 amoris
784 4894 1093 4955 visceribus
1116 4903 1314 4970 plenus
1352 4918 1526 4972 paenae
1553 4904 1849 4960 obnoxium
1886 4915 2132 4977 nepotem

2241 4907 2540 4971 κακώσεως
2582 4907 2665 4978 τῷ
2703 4909 2858 4962 παιδλ⁹
2890 4908 3032 4962 κατὰ
3080 4908 3215 4961 πολὺ
3264 4906 3604 4976 δεξιωτέρῳ,
3655 4905 3838 4958 αὑτοῦ

552 4979 755 5047 videat,
788 4989 1016 5053 tumque
1061 4988 1192 5041 mali
1249 5004 1474 5044 causam
1532 4993 1584 5046 in
1633 4994 1802 5048 filium
1852 4995 2011 5066 longe
2054 5012 2135 5051 so-

554 5069 860 5139 lertiorem,
893 5075 1069 5145 ipsius
1097 5078 1416 5135 diluendum
1449 5097 1635 5153 opcre,
1661 5086 1931 5141 conferat.
1962 5086 2147 5153 Quod-

553 5177 681 5217 nam
715 5162 1050 5231 horrendum
1095 5169 1201 5225 hoc
1233 5187 1394 5242 opus,
1444 5174 1831 5245 universisque
1878 5178 2149 5234 excellen-

552 5255 685 5319 tius,
731 5258 776 5313 si
831 5274 940 5329 qua
989 5259 1130 5318 Deus
1172 5274 1433 5333 Operatus
1479 5269 1597 5320 est!

626 5346 773 5402 Sane
820 5349 1039 5418 quidem
1104 5368 1364 5423 magnum
1421 5356 1549 5425 quid
1599 5366 1881 5414 extentum
1920 5362 2142 5428 cmlum,

554 5447 813 5509 terraque
864 5457 1031 5512 super
1069 5445 1305 5501 nilrilum
1348 5447 1613 5514 fundata,
1667 5466 1768 5507 nec
1804 5468 1913 5507 non
1958 5454 2139 5511 lumen

555 5529 723 5583 verbo
777 5532 1107 5605 obaudiens,
1165 5547 1225 5591 ut
1277 5540 1483 5598 mundo
1536 5551 1651 5600 toto
1688 5543 1796 5599 late
1841 5545 2137 5617 eﬂulgcat:

630 5705 677 5739 '°
712 5706 884 5764 Exod.
930 5728 1121 5782 xxxnt,
1160 5718 1211 5772 5.

2242 4998 2487 5053 διαλύσαι
2519 4998 2597 5070 τῷ
2632 4999 2799 5071 ἔργῳ.
2842 4998 2907 5053 Τί
2951 5000 3011 5054 τὸ
3044 4998 3273 5070 φρικτὸν
3318 4998 3476 5053 τοῦτο
3504 4997 3686 5069 ἔργον,
3734 4997 3840 5049 καὶ

2245 5090 2423 5145 πάντα
2454 5090 2750 5161 ὑπεραῖρον
2783 5091 2883 5145 ὅσα
2906 5089 3038 5155 Θεὸς
3069 5090 3397 5161 είργάσατοῑ

2314 5367 2471 5435 Μέγα
2507 5366 2605 5437 μὲν
2649 5360 2741 5420 οὗν
2782 5367 3010 5437 οὐρανὸς
3052 5365 3445 5436 ἐκτεινόμενοςσ
3480 5363 3575 5417 καὶ
3621 5364 3691 5433 γῆ
3742 5363 3841 5415 ἐπ’

2240 5459 2453 5521 οὐδενὸς
2486 5458 2987 5529 ὑποστηριζομένη·
3021 5458 3115 5510 καὶ
3153 5456 3269 5527 φῶς
3300 5456 3589 5511 ὑπακούων
3618 5454 3693 5524 τῷ
3729 5456 3841 5523 ῥή-

2244 5569 2402 5620 ματι,
2453 5551 2590 5621 πρὸς
2629 5549 2748 5606 ὅλου
2798 5550 3005 5620 κόσμου
3051 5549 3317 5619 ἀγλαΐανο
3355 5549 3448 5603 καὶ
3490 5545 3595 5619 πρὸ
3632 5543 3839 5599 τούτου

2650 5736 2677 5762 δι
