4104 6444
503 324 572 389 35
1730 319 2003 382 LEONlS
2036 320 2502 381 PHILOSOPHI
3716 331 3786 392 36
3956 346 3962 351 ·

504 435 737 493 Ubinam
779 435 1081 493 satellites?
1113 434 1346 492 Ubinam
1375 434 1469 507 qui
1519 434 1684 491 simul
1721 435 2087 505 gradiantur;

2203 433 2359 487 λειαν
2389 435 2509 503 ὅση,
2544 434 2639 487 καὶ
2682 436 2966 507 Δεσπότην
2999 436 3218 504 καλεῖςς
3264 439 3458 510 νήπιον
3487 442 3613 512 ἄρτι
3642 461 3751 516 παρ
3774 474 3787 483 -

503 530 597 600 qui
627 536 871 600 praeeant
895 544 910 592 ;
936 527 1029 597 qui
1062 527 1405 597 sequantur?
1443 524 1607 581 Vides
1642 536 1847 595 quanta
1887 526 1959 580 sit
1987 526 2083 580 ab-

500 622 689 692 jectio,
728 619 1128 688 Dominumque
1156 616 1517 673 dicis?Tenes
1553 616 1817 670 infantem
1847 616 2084 672 nudius-

505 713 699 768 tertius
746 713 803 767 in
854 709 1020 763 vitam
1068 724 1447 779 progressum,
1484 706 1780 777 aii‘arisque
1821 719 2082 777 tanquam

508 804 631 858 vitae
672 804 966 858 habentem
1000 800 1330 870 imperium?
1377 799 1665 864 Quomodo
1702 800 1757 853 in
1811 813 2082 870 prepensa

507 890 642 943 adeo
681 896 1022 959 paupertate,
1056 900 1253 957 magna
1286 887 1643 956 mirandaque
1679 890 1952 951 censeris,
1993 903 2085 942 vo-

505 980 937 1048 casquelsraelis
975 977 1222 1049 gloriam,
1251 990 1316 1031 ac
1336 977 1579 1048 gentium
1606 978 1850 1047 appellas
1882 978 2090 1043 lumen,

503 1072 855 1140 pauperculae
886 1070 1078 1124 matris
1127 1070 1419 1139 puellum?
1466 1068 1735 1125 Caeterum
1780 1070 1918 1124 adde
1946 1070 2091 1139 quod

506 1164 778 1234 reliquum
808 1163 1049 1217 laudatio
1080 1162 1270 1226 habet,
1298 1176 1361 1214 ae.
1394 1176 1558 1232 perge
1594 1162 1877 1217 celebrare
1903 1161 2087 1215 lumen

505 1263 693 1310 nostra
725 1254 1063 1309 occultatum
1110 1268 1297 1317 carne,
1336 1264 1596 1321 tanquam
1644 1253 1779 1307 velo.
1812 1252 2084 1319 Quidnam

503 1344 671 1414 aget?
717 1345 859 1411 Quid
914 1343 1215 1398 molietur?
1262 1342 1430 1397 Plane
1486 1343 1625 1396 duas
1678 1358 1862 1396 rerum
1919 1341 2082 1396 faciet

504 1445 704 1501 sortes,
724 1436 958 1491 aliorum
978 1435 1332 1499 resurrectio,
1353 1434 1586 1488 aliorum
1607 1434 1766 1487 ruina
1785 1434 2080 1501 exsistens;

502 1543 665 1598 quem
691 1542 860 1582 senex
890 1526 1123 1581 intueris
1154 1524 1450 1594 duplicem,
1489 1537 1553 1577 ac
1585 1524 1807 1593 quidem
1837 1523 2081 1593 dejectos

504 1618 869 1676 exsuscitabit
925 1624 1092 1687 atque
1163 1617 1376 1686 eriget;
1412 1616 1590 1671 elatos
1638 1624 1824 1670 autem
1868 1616 2089 1685 dejiciet

2198 526 2352 579 ελοὺν
2398 528 2477 590 είς
2532 526 2645 597 βίον
2716 530 2971 597 κρατεῖςο
3030 530 3126 583 καὶ
3172 530 3320 599 ζωῆς
3369 533 3443 594 ὡς
3490 534 3786 603 κρατοῦντι

2186 622 2413 692 ῥήματα
2467 620 2716 693 φθέγγῃς
2777 622 2901 685 Πῶς
2944 624 3003 675 ὲν
3038 623 3184 676 οὕτω
3234 629 3511 694 πενιχρῶς
3567 627 3781 696 μεγάλα

2187 712 2597 782 προσαρμόζεις
2639 714 2732 765 καὶ
2760 713 3088 783 θαυμαστά;
3120 715 3215 767 καὶ
3255 716 3413 780 δόξαν
3430 716 3646 788 Ἰσραὴλ
3684 736 3785 771 κα-

2185 800 2297 865 λεῖς
2319 844 2332 865 ,
2363 803 2459 855 καὶ
2496 802 2611 871 φῶς
2639 803 2810 856 ἐθνῶν
2842 805 3273 876 προσαγορεύεις
3293 845 3308 869 ,
3345 808 3537 875 νήπιον
3579 808 3786 879 μητρὸς

2194 891 2483 958 εὐτελοῦς;
2538 892 2675 946 ἀλλὰ
2717 895 2997 964 προστίθει
3052 899 3144 949 καὶ
3190 897 3260 950 τά
3329 897 3493 951 λοιπά
3544 901 3642 969 τῆς
3695 902 3785 953 εὖ·

2192 985 2404 1053 φημίας
2466 983 2546 1053 τῷ
2596 984 2671 1047 ὡς
2731 986 2788 1037 ὲν
2857 987 3323 1057 παραπετάσματι
3387 988 3465 1057 τῷ
3529 991 3787 1062 ἡμετέρῳ

2188 1076 2398 1146 σαρκίῳ
2444 1078 2808 1146 κρυπτομένῳ
2854 1079 3012 1146 φωτί.
3048 1080 3113 1131 Τί
3141 1078 3393 1147 τελέσει;
3443 1082 3494 1133 τί
3526 1099 3790 1153 πραγμα-

2186 1167 2474 1233 τεύσεται;
2508 1168 2575 1222 Ἣ
2608 1170 2772 1222 διπλᾶ
2814 1171 3018 1223 τελέσει
3048 1173 3113 1225 τά
3146 1172 3451 1244 πράγματα
3474 1216 3488 1239 ,
3536 1175 3643 1226 τῶν
3686 1174 3791 1244 μὲν

2196 1259 2487 1322 ἀνάστασις
2516 1259 2610 1312 ὢν·
2642 1260 2751 1312 τῶν
2780 1260 2857 1326 δὲ,
2885 1263 3110 1325 πτῶσις
3144 1265 3171 1316 ὁ
3192 1263 3412 1326 διπλοῦς
3460 1282 3539 1316 σοι
3565 1266 3789 1335 ὁρῖῖιμε-

2189 1365 2303 1413 νος,
2326 1350 2548 1420 γηραιέ³
2574 1353 2667 1403 καὶ
2697 1353 2821 1415 τοὺς
2854 1354 2955 1423 μὲν
2981 1355 3225 1427 ἐξεγερεῖ
3249 1338 3555 1423 καταϐεὸλη
3568 1357 3787 1426 μένους’

2189 1442 2316 1504 τοὺς
2354 1442 2411 1494 δὲ
2461 1443 2760 1496 καταδαλεί
2793 1445 3163 1515 ἐπηρμένους·
3200 1447 3295 1499 καὶ
3326 1447 3575 1516 διαθήσει
3620 1446 3679 1500 εὖ
3717 1449 3791 1501 τὰ

2194 1530 2402 1600 βροτῶν
2452 1532 2559 1603 ἰδίᾳ
2611 1532 2876 1599 κακώσει,
2929 1536 3017 1587 ὅτε
3077 1537 3171 1589 καὶ
3228 1537 3430 1607 Μήτηρ
3482 1538 3515 1607 ἡ
3573 1537 3789 1608 παρθε-

2193 1620 2448 1687 νεύουσα,
2485 1622 2666 1692 λύπης
2692 1623 2940 1694 ῥομφαίᾳ
2978 1624 3314 1690 πεπλήξεται
3346 1626 3442 1695 τὴν
3476 1624 3676 1695 ψυχήν.

505 1720 669 1782 atque
689 1711 998 1781 deprimet;
1032 1722 1243 1779 suaque
1276 1708 1395 1777 ipse
1421 1706 1717 1761 afﬂictione
1743 1722 1809 1762 ac
1839 1710 2086 1763 cruciatu
2119 1714 2433 1767 mortalium
2486 1730 2575 1769 res
2633 1724 2783 1771 statu
2872 1715 3088 1771 meliori
3177 1725 3499 1787 componet,
3562 1717 3788 1787 quando

503 1805 670 1859 etiam
726 1802 920 1857 matris
970 1798 1212 1871 Virginis
1266 1798 1530 1867 animam,
1578 1800 1820 1855 tristitiae
1866 1800 2082 1870 gladius
2117 1803 2298 1859 feriet.

573 1891 808 1947 Noverat
841 1890 984 1945 enim
1022 1889 1113 1943 Dei
1159 1887 1472 1943 occisorum
1529 1888 1767 1956 facinus,
1794 1898 1964 1961 utque
1988 1906 2093 1945 cae-
2119 1897 2167 1956 B

504 1986 628 2041 dem
657 1984 932 2040 stillantes
967 1996 1166 2036 manus
1196 1984 1474 2037 armanda;
1508 1982 1563 2036 in
1595 1997 1718 2037 eum
1755 1980 1961 2047 forent,
1992 1983 2086 2052 qui

503 2081 758 2136 manibus
791 2086 1139 2150 gestaretur:
1169 2085 1229 2131 ut
1267 2078 1427 2131 modo
1459 2076 1678 2146 quidem
1709 2076 1764 2130 in
1794 2076 1991 2145 pannis
2022 2090 2086 2129 ac

503 2168 816 2236 cunabulis,
870 2171 1059 2226 furens
1092 2168 1340 2225 Herodes
1370 2170 1440 2224 sit
1475 2174 1888 2239 persecuturus,
1913 2167 2085 2239 JEgy-

506 2278 743 2338 ptusqne
774 2270 1109 2333 susceptura
1142 2261 1381 2331 hospitio
1410 2274 1558 2325 eum,
1594 2259 1686 2329 qui
1722 2259 1909 2314 violati
1942 2258 2087 2328 juris

506 2356 730 2427 hospitii
776 2368 995 2424 pinnam
1045 2365 1363 2420 reposcens,
1415 2349 1544 2403 olim
1604 2347 1898 2419 Egyptum
1946 2347 2089 2402 ceci-

506 2447 683 2501 disset
713 2460 727 2498 :
752 2453 811 2497 ut
844 2441 1080 2511 denique
1108 2439 1274 2509 gladii
1307 2440 1576 2493 infantum
1604 2439 1889 2518 tingantur
1915 2437 2085 2503 caade,

506 2555 614 2609 qua
653 2536 883 2592 infantis
911 2534 1113 2590 caedem
1159 2534 1476 2589 molientur.
1517 2531 1622 2586 Par
1667 2547 1903 2602 namque
1947 2542 2085 2596 erat,

509 2640 569 2684 nt
599 2629 713 2684 Deo
748 2638 877 2683 nato
907 2630 961 2681 in
991 2633 1137 2680 terra
1171 2625 1530 2695 virginalibus
1580 2640 1645 2680 ex
1704 2624 2085 2695 sanguinibus,

507 2719 767 2775 comtanei
827 2720 880 2773 in
941 2718 1099 2772 ccelis
1149 2716 1274 2772 fuso
1339 2717 1607 2787 sanguine
1657 2724 2019 2789 nascerentur
2063 2735 2074 2771 :

510 2813 771 2882 priorque
843 2810 937 2864 illa
989 2816 1124 2863 astas
1177 2806 1442 2862 adventus
1502 2807 1773 2862 Dominici
1846 2808 2083 2862 fructum

508 2903 836 2973 perciperet,
876 2915 999 2971 qua:
1050 2898 1204 2969 prior
1236 2897 1537 2954 infantibus
1592 2914 1882 2953 accensum
1912 2898 2085 2953 vidis-

507 3002 626 3059 set;
678 3001 903 3061 tumque
956 2990 1233 3045 universis
1267 2987 1615 3043 commodum
1650 2987 1957 3051 accederet,
1991 3002 2088 3042 ne-

505 3095 635 3140 cato
684 3087 803 3151 ipso
856 3084 1101 3136 omnium
1135 3096 1301 3137 causa
1349 3081 1785 3152 regenerationis
1820 3097 1833 3134 :
1868 3079 2088 3152 quando

511 3190 744 3247 magnus
786 3175 877 3227 ille
907 3173 1086 3227 Patris
1120 3172 1376 3237 Nuntius,
1431 3180 1654 3243 peracto
1702 3187 1868 3242 opere
1923 3172 2083 3241 cuius

508 3267 713 3320 missus
760 3273 845 3319 est
870 3271 1304 3329 consummator,
1338 3263 1459 3317 coeli
1488 3263 1667 3316 sinum
1702 3262 1963 3317 omnibus
1994 3277 2089 3332 pa-

510 3360 644 3414 riter
668 3366 958 3427 aperturus
995 3364 1098 3409 est.

580 3447 877 3503 Neiterum
916 3453 1142 3515 propter
1171 3444 1512 3508 missionem,
1551 3442 1829 3515 Unigeniti
1860 3443 2086 3513 gloriam

512 3540 839 3601 submittas,
875 3552 1051 3606 neque
1084 3536 1511 3591 dominationem
1543 3537 1596 3589 in
1629 3537 1947 3592 servitutem
1996 3538 2090 3589 de-

514 3633 723 3699 trahas,
766 3630 1003 3684 alienum
1046 3643 1169 3682 eum
1214 3630 1577 3697 pronuntians
1624 3642 1652 3680 a
1684 3628 2091 3683 necessitudine

513 3738 623 3791 qua
668 3728 1018 3793 generantem
1048 3718 1356 3787 contingit;
1393 3718 1484 3771 sed
1521 3732 1647 3771 eum
1686 3718 1842 3772 audis
1868 3720 2090 3773 missio-

516 3831 660 3879 nem,
692 3813 812 3884 ejus
848 3812 998 3866 disce
1026 3811 1119 3880 qui
1152 3810 1300 3864 misit
1340 3825 1464 3863 eum
1511 3825 1576 3863 eo
1623 3812 1715 3878 qui
1765 3812 1863 3863 luit
1889 3811 2090 3864 missus

514 3910 568 3961 in
601 3906 860 3976 operibus
898 3904 1106 3957 seciam
1143 3902 1606 3970 dispenSutionem
1642 3910 1803 3969 atque
1831 3902 1998 3965 illius,
2034 3901 2085 3954 in

514 3996 586 4047 iis
640 4008 761 4063 quae
808 3989 1041 4044 Verbum
1103 3990 1415 4059 negotiatur
1462 4004 1643 4058 parem
1692 3989 2081 4043 assistentiam.

512 4083 647 4137 Nam
698 4093 752 4137 tu
802 4097 1021 4151 quoque
1075 4096 1201 4135 cum
1257 4082 1478 4136 verbum
1530 4080 1749 4135 misisse
1801 4081 1922 4140 ais.
1979 4096 2085 4134 non

514 4174 715 4227 dividis
763 4172 895 4224 illud
932 4187 957 4223 a
998 4180 1179 4225 mente
1209 4170 1524 4240 generante,
1560 4186 1657 4224 nec:
1691 4172 1875 4225 servili
1908 4171 2083 4238 ipsum

516 4264 703 4317 habitu
732 4263 915 4316 induis
945 4281 958 4316 :
1003 4263 1097 4316 sed
1130 4271 1388 4331 tanquam
1423 4274 1603 4315 mente
1647 4276 1751 4314 una
1798 4271 2084 4329 praesente,

517 4369 583 4409 ac
623 4368 687 4407 ea
718 4368 838 4423 quae
887 4351 1123 4405 Verbum
1165 4352 1430 4421 disponit,
1480 4354 1687 4421 pariter
1732 4353 2085 4421 disponente,

515 4444 745 4498 missum
805 4442 976 4497 fuisse
1025 4452 1177 4496 tuum
1224 4444 1451 4497 verbum
1504 4445 1606 4498 ais.
1659 4443 1781 4498 llaec
1821 4446 2084 4499 adversus

2270 1895 2421 1966 ’ᾙδει
2466 1897 2576 1968 γάρ
2627 1897 2737 1950 τῶν
2792 1898 3092 1952 θεοκτόνων
3133 1899 3194 1951 τὸ
3239 1898 3534 1968 τόλμημα,
3570 1900 3666 1953 καὶ
3712 1900 3793 1962 ὡς

2198 1990 2376 2057 χεῖρες
2405 1988 2814 2059 ἀποστάζουσαι
2853 1990 3037 2058 φόνου,
3083 1993 3227 2043 κατὰ
3270 1989 3361 2042 τοῦ
3395 1990 3584 2060 χερσὶν
3622 1991 3785 2059 όχου·

2199 2078 2363 2148 μένου
2407 2078 2863 2149 όπλισθήσονται·
2897 2079 2992 2133 νῦν
3026 2081 3124 2151 μὲν
3158 2081 3216 2132 ὲν
3256 2081 3594 2150 σπαργάνοις
3623 2084 3796 2135 αὐτὸν

2201 2169 2461 2241 μεμηνὼς
2504 2170 2755 2241 Ἡρώδης
2795 2171 3048 2237 διώξεται
3072 2212 3087 2236 ,
3123 2172 3219 2225 καὶ
3250 2172 3450 2238 ξενίσει
3489 2173 3791 2240 Αἴγυπτος,

2195 2261 2286 2313 τὸν
2326 2261 2491 2314 πάλαι
2521 2261 2727 2331 ταύτην
2770 2263 2861 2315 διὰ
2892 2261 3221 2326 κακὸξενίαν
3272 2263 3645 2333 μαστίξανταο
3689 2265 3793 2316 καὶ

2199 2350 2503 2423 βαφήσεται
2532 2352 2660 2422 ξίφη
2693 2353 2832 2405 κατὰ
2865 2357 3083 2424 σφαγῆς
3120 2353 3358 2423 νηπίων,
3387 2353 3477 2406 διὰ
3510 2355 3607 2423 τὴν
3644 2372 3793 2423 σφα.-

2197 2442 2301 2513 γὴν
2330 2443 2423 2496 τοῦ
2456 2444 2673 2513 νηπίου.
2714 2443 2863 2497 Ἔδει
2895 2444 3005 2513 γὰρ
3038 2444 3176 2498 Θεοῦ
3207 2446 3271 2497 ὲκ
3311 2444 3660 2515 παρθενικῶν
3695 2449 3793 2499 ai-

2200 2532 2384 2602 μάτων
2432 2533 2528 2585 ὲπὶ
2565 2534 2669 2603 γῆς
2708 2532 3032 2603 τεχθέντος,
3083 2534 3481 2606 συνηλικιώτας
3524 2535 3672 2606 αὐτῷ
3719 2534 3794 2588 δι’

2196 2624 2430 2694 αἵματος
2455 2624 2707 2695 οὐρανοῖς
2734 2625 3138 2696 ἀποτεχθῆναν
3184 2628 3279 2680 καὶ
3315 2627 3592 2698 προτέραν
3637 2627 3794 2681 ὲκεί-

2204 2731 2301 2785 νην
2333 2714 2432 2784 τὴν
2477 2714 2695 2784 ἠλικίαν
2738 2716 3044 2769 ἀπόνασθαι
3072 2718 3172 2787 τῆς
3214 2718 3548 2786 Δεσποτικῆς
3582 2735 3796 2788 παρου-

2201 2807 2343 2869 σίας,
2372 2807 2407 2878 ἠ
2438 2806 2626 2859 τοῦτον
2652 2803 2766 2878 εἷχε
2791 2808 2986 2878 πρώτη
3012 2810 3069 2863 έν
3090 2811 3201 2872 τοῖς
3231 2809 3447 2879 νηπίοις
3482 2809 3787 2879 ὁρώμενον·

2201 2897 2429 2967 ὕστερον
2452 2897 2508 2949 δὲ
2540 2899 2706 2951 πᾶσιν
2737 2901 2768 2963 ἡ
2800 2899 3042 2967 ὠφέλεια
3072 2900 3215 2968 ἡξει,
3252 2902 3462 2953 ἐκείνου
3512 2899 3611 2969 τῆς
3651 2904 3793 2954 πάν-

2198 3006 2309 3042 των
2333 2989 2361 3028 ά
2390 2990 2804 3059 ἀναγεννήσεως
2837 2991 2937 3060 τὴν
2972 2994 3189 3063 σφαγὴν
3221 2991 3610 3061 ὑφισταμένου·
3643 2990 3733 3042 ὅτε
3761 2991 3797 3043 ὀ

2206 3081 2377 3151 μέγας
2406 3080 2497 3133 τοῦ
2526 3082 2742 3152 Πατρδς
2789 3082 3129 3145 Ἀπόστολος,
3165 3076 3226 3135 οὗ
3260 3081 3594 3135 ἀπέσταλται
3624 3080 3794 3151 ἔργου

2199 3172 2495 3243 τελειωτὴς
2544 3172 2911 3242 περαθέντος,
2964 3173 3102 3245 όμοῦ
3152 3175 3290 3226 πᾶσι
3334 3174 3460 3236 τοὺς
3498 3171 3794 3241 οὐρανίους

2201 3263 2436 3326 κόλπους
2476 3264 2833 3317 ἀναπετάσει.

2275 3442 2367 3513 Μὴ
2403 3442 2567 3495 πάλιν
2593 3441 2679 3494 διὰ
2703 3441 2805 3511 τὴν
2829 3440 3160 3514 ἀποστολὴν,
3188 3442 3288 3510 τὴν
3314 3437 3470 3505 δόξαν
3493 3438 3587 3492 τοῦ
3614 3438 3796 3493 Μονο-

2204 3536 2396 3603 γενοῦς
2450 3533 2823 3606 ὑποπτώσῃςο
2876 3534 3012 3604 μηδὲ
3049 3534 3148 3605 τὴν
3207 3534 3505 3603 κυριότητα
3554 3532 3633 3595 είς
3664 3532 3797 3585 δου-

2203 3613 2370 3680 λείαν’
2394 3624 2801 3693 καταϐιϐάσῃς,
2836 3624 3133 3694 ἀλλοτριῶν
3161 3625 3258 3692 τῆς
3295 3624 3432 3693 πρὸς
3463 3622 3554 3675 τὸν
3600 3639 3794 3690 γεγεν-

2196 3718 2399 3784 νηκότα
2428 3716 2781 3785 οἰκειότητος·
2818 3715 2931 3768 ἀλλ’
2965 3715 3179 3768 ἀκούων
3227 3714 3557 3785 ἀποστολὴν,
3596 3713 3696 3785 τὴν
3726 3717 3787 3765 ὲν

2202 3810 2314 3868 τοῖς
2343 3806 2525 3876 ἔργοις
2553 3807 2645 3859 τοῦ
2678 3808 3077 3869 ἀποσταλέντος
3109 3808 3612 3877 συνδιοικονόμησιν
3647 3806 3795 3859 ἐκδι-

2208 3898 2409 3951 δάσκου
2439 3897 2531 3949 τοῦ
2565 3898 2969 3961 ἀπεσταλκότος
2992 3940 3006 3961 ,
3045 3899 3140 3951 καὶ
3170 3899 3267 3967 τὴν
3302 3899 3388 3965 ἐφ’
3427 3891 3508 3961 οἷς
3544 3900 3572 3949 ὁ
3620 3896 3795 3965 Λόγος

2204 3989 2655 4059 πραγματεύεται
2703 3991 3124 4060 συμπαρουσίαν
3158 3992 3369 4043 ἐκείνου
3391 4005 3403 4018 ·
3439 3991 3561 4042 ἐπεὶ
3596 3990 3691 4041 καὶ
3723 4006 3793 4040 συ

2198 4082 2327 4133 ὅταν
2358 4082 2471 4148 φῇς
2504 4079 2663 4147 λόγον
2694 4080 3130 4145 ἀπεσταλκέναι,
3156 4081 3218 4132 οὐ
3250 4081 3475 4145 διαιρεῖς
3500 4080 3661 4133 αὑτὸν
3692 4079 3789 4132 τοῦ

2199 4173 2524 4240 γεννήτορος
2545 4170 2659 4223 νοῦ*
2686 4172 2809 4224 οὐδὲ
2831 4171 3077 4225 δουλικὸν
3094 4172 3246 4241 αὐτῷ
3267 4189 3330 4224 πε
3343 4170 3553 4241 ριτίθης
3578 4171 3787 4239 σχῆμαο

2200 4265 2315 4319 ἀλλ’
2349 4264 2423 4325 ώς
2457 4263 2551 4315 τοῦ
2587 4262 2681 4316 νοῦ
2723 4264 3138 4334 συμπαρόντος,
3174 4265 3271 4317 καὶ
3326 4264 3362 4316 ἃ
3406 4262 3714 4331 διατίθησιν
3758 4264 3790 4316 ό

2205 4355 2383 4421 Λόγος
2416 4354 2895 4424 συνδιατιθεμένου
2916 4396 2929 4417 ,
2966 4354 3064 4424 τὴν
3099 4354 3406 4424 ἀποστολὴν
3459 4354 3790 4422 γεγενῆσθαι

2199 4446 2275 4513 τῷ
2306 4445 2384 4515 σῷ
2414 4445 2557 4514 λόγῳ
2597 4445 2762 4515 ἐρεῖς.
2812 4446 2854 4496 Τ
2858 4445 2997 4498 αὔτα
3042 4445 3179 4532 πρρς
3209 4446 3336 4506 τοὺς
3377 4443 3466 4497 διὰ
3495 4444 3555 4497 τὸ
3586 4440 3644 4496 εὖ
3682 4460 3789 4495 πε-

515 4547 611 4588 eos
632 4532 775 4586 diela
799 4542 979 4596 sunto,
1017 4530 1110 4600 qui
1143 4532 1392 4586 beneficii
1425 4533 1620 4596 vicem,
1651 4535 1897 4603 ingratos
1926 4547 2086 4603 atque

2195 4537 2449 4590 πονθέναι
2479 4534 2929 4604 κακογνώμονας,
2964 4536 3061 4587 καὶ
3090 4530 3216 4598 τοὺς
3246 4535 3335 4587 διὰ
3368 4535 3428 4585 τὸ
3455 4532 3787 4603 τετιμῆσθαι

516 4624 794 4695 improbos
834 4639 1016 4678 mores
1047 4625 1366 4690 ostendunt,
1419 4625 1622 4694 quique
1663 4626 1890 4694 idcirco,
1953 4628 2084 4696 quia

517 4715 682 4770 Verbi
718 4716 1024 4770 humilitate
1069 4716 1321 4771 honorati
1359 4718 1469 4772 sint
1497 4734 1560 4772 ac
1606 4720 1854 4782 exaltati,
1905 4720 2086 4788 ipsum

518 4824 548 4861 a
588 4824 698 4879 quo
744 4809 949 4861 honore
977 4806 1153 4862 aﬂ'ecti
1203 4818 1333 4861 sunt
1364 4808 1751 4873 dehonestant,
1802 4811 2092 4863 cxaltatio-

518 4900 715 4967 nisque
757 4896 1085 4959 mercedem,
1121 4895 1362 4950 vicissim
1405 4896 1764 4964 abiectionem
1802 4896 2092 4950 inducunt.

517 4986 831 5050 Enimvero,
892 4984 959 5037 ad
1010 5000 1193 5038 senem
1237 4985 1388 5038 illum
1432 4987 1731 5054 sapientem
1779 4987 2089 5041 redeamus.

521 5076 622 5131 Ubi
666 5077 848 5145 itaque
881 5077 935 5129 in
975 5075 1302 5144 abjectionis
1352 5075 1624 5144 profundo
1665 5077 1963 5145 maiestatis
1996 5094 2093 5133 su-

519 5170 837 5223 blimitatem
890 5169 1124 5235 aspexit,
1163 5176 1326 5237 atque
1379 5169 1429 5221 in
1464 5178 1749 5238 assumpto
1813 5185 1880 5225 ex
1934 5172 2094 5225 nobis

516 5266 758 5315 testaceo
816 5261 1038 5314 vasculo
1087 5260 1396 5313 divinitatis
1444 5261 1795 5328 margaritam
1858 5262 2092 5327 invenit,

515 5351 636 5417 ejus
667 5350 1074 5419 pulchritudine
1114 5350 1296 5403 animo
1331 5351 1653 5414 delet-tatus,
1690 5366 1844 5406 saera
1876 5353 2092 5407 doctam

516 5441 701 5501 verba,
732 5455 796 5494 ac
832 5441 1202 5509 propheticam
1246 5441 1482 5508 linguam
1521 5443 1847 5510 propensius
1874 5445 2044 5513 agitat
2071 5461 2086 5498 :

517 5546 749 5600 eumque
796 5532 861 5584 ab
902 5546 967 5584 eo
1000 5532 1367 5601 snseeptionis
1424 5533 1477 5584 in
1518 5533 1674 5589 ulnas
1739 5537 1931 5598 vicem,
1984 5538 2087 5590 mi.

2186 4631 2279 4681 καὶ
2305 4628 2555 4696 ύψῶσθαι
2586 4630 2653 4697 τῇ
2684 4626 2777 4680 τοῦ
2806 4628 2985 4694 Λόγου
3016 4625 3375 4689 ταπεινώσει,
3409 4624 3787 4694 ἀτιμάζοντας

2187 4719 2277 4773 τὸν
2305 4719 2637 4789 τετιμηκότα
2656 4761 2670 4784 ,
2708 4719 2804 4771 καὶ
2832 4718 3069 4788 ἀμοιϐὴν
3100 4717 3193 4770 τοῦ
3225 4717 3393 4785 ὕψους
3413 4752 3428 4781 ,
3466 4718 3563 4787 τὴν
3594 4715 3792 4768 ταπεί-

2192 4829 2360 4864 νωσιν
2389 4812 2830 4878 ἀντεισάγοντας.
2869 4811 3029 4863 ’Λλλά
3060 4812 3196 4877 πρὸς
3225 4810 3316 4861 τὸν
3348 4810 3512 4877 σοφὸν
3543 4805 3790 4878 πρεσϐύο

2196 4920 2296 4971 την
2321 4904 2609 4971 ἀπίωμενο
2644 4902 2700 4965 ὃς
2742 4904 2798 4953 ὲν
2827 4901 2905 4970 τῷ
2940 4902 3095 4971 βάθει
3132 4902 3231 4970 τῆς
3264 4898 3649 4958 ταπεινώσεως
3671 4938 3688 4963 ,
3731 4898 3792 4949 τὸ

2200 4990 2330 5057 ὗᾲος
2363 4984 2469 5042 εἶδε
2514 4991 2616 5059 τῆς
2651 4991 3047 5060 μεγαλωσύνης
3074 5008 3087 5021 ·
3142 4991 3237 5043 καὶ
3290 4992 3349 5042 ἐν
3394 4988 3473 5058 τῷ
3526 4988 3585 5051 ἐξ
3630 4987 3791 5056 ἡμῶν

2193 5083 2500 5153 όστρακίνῳ
2533 5085 2768 5153 πτυχίῳ,
2806 5084 2897 5135 τὸν
2932 5082 3279 5152 μαργαρίτην
3310 5075 3435 5151 εὗρε
3466 5081 3564 5150 τῆς
3592 5079 3788 5146 θεότη-

2191 5193 2303 5239 τος.
2352 5168 2426 5229 Οῧ
2474 5176 2552 5244 τῷ
2582 5176 2770 5229 κάλλει
2808 5177 2905 5244 τὴν
2937 5174 3119 5244 ψυχὴν
3152 5173 3510 5241 διαγανωθεὶς
3530 5214 3543 5233 ,
3575 5173 3677 5236 τὴν
3708 5169 3782 5220 ἱε-

2197 5269 2419 5338 ρολόγον
2472 5268 2726 5335 γλῶσσαν
2773 5270 2913 5319 κινεῖ
2960 5266 3393 5336 προθυμότερον·
3440 5260 3568 5330 παρ’
3600 5252 3660 5311 οὗ
3693 5261 3789 5313 καὶ

2194 5361 2428 5430 ἀμοιϐὴν
2456 5364 2551 5430 τῆς
2587 5363 2643 5411 ἐν
2681 5360 2945 5427 ἀγκάλαις
2984 5358 3252 5427 ὑποδοχῆς
3292 5355 3389 5423 τὴν
3438 5356 3501 5405 ὲκ
3535 5352 3628 5405 τοῦ
3666 5353 3786 5420 βίου

2180 5453 2407 5519 πορείαν
2439 5452 2641 5513 λαϐὼν,
2675 5452 2863 5503 ἄπεισι
2908 5453 3018 5512 τοῖς
3060 5452 3116 5501 ὲν
3146 5449 3274 5519 ᾅδου
3321 5446 3642 5513 πενομένοις
3677 5485 3688 5503 ,
3727 5444 3790 5495 ὃν

2179 5538 2285 5593 εἶδε
2320 5542 2550 5595 πλοῦτον
2593 5543 2935 5609 ἀναγγελεῖνο
2987 5535 3032 5607 ᾧ
3079 5538 3453 5610 προσεγγίσας
3480 5576 3495 5595 ,
3542 5536 3636 5586 καὶ
3687 5534 3791 5603 τὴν

1799 5647 2038 5703 VAlilAS
2079 5650 2497 5707 LECTIONES.

585 5711 610 5751 ά
642 5714 801 5768 lem.
841 5713 1021 5782 χάριν,
1063 5715 1145 5768 vel
1174 5713 1302 5783 quid
1326 5716 1528 5774 simile.
