4104 6444
374 335 435 399 ιι
1194 344 1478 407 ORATIO
1504 346 1571 407 V.
1604 371 1675 383 -
1708 347 1793 407 ΙΝ
1831 346 1951 407 CH]

2058 348 2143 406 L'l‘I
2183 348 2698 411 NATlVlTATEM
2734 350 2817 409 ΙΙ.
3579 350 3648 409 42

373 456 764 525 ιμιλήσαντες,
796 456 896 527 τὴν
934 457 1160 526 ἀλογίαν
1203 461 1686 534 ἀπεσκευάσμεοα,
1718 467 1857 537 αὐτὴ
1888 468 1951 538 τᾷ

2069 473 2413 532 sucsecntes,
2432 466 2703 522 brutalem
2742 466 3046 538 abiecimus
3067 466 3257 530 vitam,
3291 475 3344 518 tu
3370 473 3476 520 tua:
3498 468 3637 535 proli

375 552 519 620 τόκῳ
552 566 645 602 σου
679 550 788 602 τῶν
811 552 1100 621 ἡμετέρων
1127 553 1298 621 λόγων
1326 555 1387 607 τδ
1416 556 1588 627 δῶρον
1617 557 1955 627 προσάγαγε·

324 648 329 651 ’
376 645 595 709 ἀνάξιον
636 644 759 713 μὲν,
788 644 940 712 ὅμως
972 646 1028 698 δὲ
1061 647 1120 698 τὸ
1153 648 1392 717 σήμερον
1420 649 1794 719 οἱκονομηθὲν,
1818 651 1961 703 ὲκεί-

374 754 452 805 up
482 733 714 804 τιμῶντι
749 751 841 802 μοι
868 736 1303 806 ἀπεργασμένον,
1338 737 1488 802 δέξαι
1529 739 1703 792 τοῦτο.
1734 742 1823 793 Σοὶ
1850 741 1958 812 γὰρ

374 827 442 895 τῇ
475 825 599 893 ἐμοὶ
633 824 817 895 βοηθῷ
855 824 1162 896 Θαρρήσας,
1194 827 1531 900 ἀνεδεξάμην
1562 828 1652 881 τὸν
1688 830 1958 897 κάματον.

378 920 568 989 Ἢμην
604 921 631 958 8
657 920 723 971 ὲκ
764 918 999 989 βρέφους
1053 921 1147 973 καὶ
1195 921 1276 985 εὶς
1323 922 1483 975 τοῦτο
1542 922 1737 993 μέτρον
1768 924 1959 995 ἥκοντι

375 1008 519 1077 βίου,
563 1008 859 1079 ἐπίκουρος
906 1010 1092 1080 πάρει,
1129 1013 1223 1065 καὶ
1246 1012 1453 1083 πάρεσὸ
1486 1030 1549 1081 γε
1579 1013 1668 1067 διὰ
1717 1015 1916 1076 παντός
1939 1033 1952 1047 ·

378 1099 515 1171 μηδὲ
547 1100 835 1171 μακρύνῃς
858 1102 955 1169 ἀφ’
977 1103 1132 1173 ἡμῶν
1157 1102 1256 1175 τὴν
1294 1104 1394 1174 σὴν
1425 1106 1794 1175 προστασίανο
1838 1105 1957 1159 ἀλλ’

374 1182 465 1251 αἷς
497 1189 553 1252 ἐξ
578 1189 752 1259 ἀρχῆς
789 1193 1073 1260 περιεῖπες
1102 1192 1330 1262 πτέρυξι
1381 1194 1679 1259 σκέπουσα,
1728 1195 1956 1249 διατίθει

376 1278 515 1349 πρὸς
548 1279 611 1331 τὸ
650 1280 929 1348 συμφέρον
959 1280 1050 1334 τὸν
1084 1281 1197 1350 βίον
1220 1299 1235 1314 ο
1258 1283 1616 1337 συνδιέπουσα
1644 1285 1710 1355 ἢν
1740 1284 1861 1337 ἔθου
1889 1288 1953 1356 τῇ

375 1369 444 1436 σῇ
481 1367 730 1436 μεσιτείᾳ
765 1367 1047 1435 βασιλειαν
1075 1369 1301 1432 διέπειν,
1339 1371 1678 1441 φυλάττουσά
1740 1390 1828 1444 μοι
1858 1373 1958 1443 τὴν

378 1457 624 1525 μεγάλην
658 1456 752 1508 τοῦ
798 1458 933 1510 Υἱοῦ
983 1476 1078 1511 σου
1113 1460 1507 1531 κληρονομίαν·
1562 1462 1722 1516 τοῦτὸ
1773 1481 1862 1533 μοι
1895 1462 1955 1515 τὸ

378 1548 595 1603 πάντων
624 1548 1041 1619 προτιμώμενον
1060 1568 1074 1581 ο
1101 1550 1397 1617 ὲξανύουσα
1424 1552 1517 1606 τοῦ
1543 1554 1799 1608 ὲκλεκτοῦ
1824 1554 1954 1615 λαοῦ

380 1656 499 1703 σου,
524 1638 614 1692 τοῦ
656 1639 818 1707 ἁγίου
864 1640 1050 1704 ἔθνους
1073 1640 1172 1713 τὴν
1214 1643 1508 1713 σωτηρίαν.
1555 1644 1724 1708 ’Υπὲρ
1749 1645 1955 1697 τούτων

378 1730 570 1785 ἵστασο
593 1732 1027 1803 παραιτουμένη’
1052 1734 1146 1785 καὶ
1165 1733 1238 1804 μὴ
1256 1732 1345 1785 διὰ
1368 1733 1430 1787 τὸ
1459 1733 1557 1803 ἐμὲ
1578 1733 1782 1801 ὅφλειν,
1809 1727 1956 1786 οὗτοι

2069 563 2321 608 nostrum
2378 554 2479 607 hoc
2545 554 2682 608 offer
2725 555 3018 611 verborum
3061 554 3263 609 donum
3303 572 3316 608 :
3358 568 3423 609 ac
3469 569 3648 623 quan-

2064 660 2227 714 quam
2259 645 2403 700 haud
2442 646 2577 700 satis
2608 646 2833 715 dignum
2859 687 2873 712 ,
2903 646 3037 699 mihi
3086 652 3267 699 tamen
3298 645 3508 701 honore
3534 661 3652 715 pro-

2067 735 2340 804 sequenti,
2393 736 2535 805 quod
2565 736 2633 788 ab
2666 735 2758 789 illo
2788 735 3016 803 provide
3062 735 3224 790 hodie
3267 736 3647 805 dispensatum

2070 839 2179 894 est,
2233 829 2452 897 suscipe
2479 828 2837 883 elaboratum.
2871 826 2944 881 De
2980 836 3031 881 te
3059 828 3204 881 enim
3236 841 3353 880 mea
3380 826 3648 895 adjutrice

2072 931 2342 988 concepta
2396 919 2615 983 fiducia,
2663 918 2905 972 laborem
2954 919 3193 987 suscepi.
3228 917 3359 982 Quae
3390 932 3419 970 a
3452 933 3644 986 puero,

2070 1011 2239 1080 inque
2277 1010 2425 1063 hunc
2474 1009 2664 1065 adulto
2692 1010 2870 1066 aetatis
2897 1009 3116 1063 modum
3145 1008 3459 1062 auxiliatrix
3489 1005 3644 1071 ades,

2067 1115 2272 1170 quaeso,
2321 1116 2537 1170 semper
2588 1102 2761 1166 adsis,
2819 1113 2989 1154 necve
3036 1114 3065 1152 a
3119 1098 3276 1154 nobis
3331 1097 3642 1168 praesidium

2067 1199 2219 1244 tuum
2244 1190 2626 1260 elongaveris:
2660 1190 2909 1257 quinimo
2946 1174 3146 1258 quibus
3170 1203 3199 1241 a
3241 1187 3512 1258 principio
3542 1187 3645 1243 alis

2072 1290 2370 1352 protegens
2401 1280 2611 1345 fovisti,
2642 1281 2810 1334 vitam
2857 1294 3126 1348 compone
3174 1293 3273 1349 pro
3301 1294 3366 1333 eo
3400 1293 3465 1332 ac
3495 1292 3644 1331 com-

2069 1374 2287 1428 modum
2322 1372 2431 1438 sit;
2474 1373 2751 1441 simulque
2777 1368 2899 1424 fove
2927 1369 3074 1440 quod
3102 1371 3208 1425 tuis
3234 1368 3643 1423 intercessioni-

2065 1465 2166 1519 bus
2216 1464 2507 1519 fovendum
2554 1463 2842 1532 imperium
2888 1461 3151 1523 fundasti,
3206 1476 3454 1528 magnam
3492 1461 3641 1514 illam

2067 1552 2183 1608 Filii
2219 1554 2293 1608 tui
2338 1554 2469 1608 mihi
2530 1567 2761 1608 servans
2786 1552 3157 1607 haereditatem
3190 1552 3362 1606 :inihi
3388 1551 3490 1605 hoc
3522 1551 3644 1604 uni-

2066 1646 2238 1700 versis
2289 1645 2538 1707 charius.
2580 1643 2768 1699 electae
2821 1643 2996 1712 plebis
3043 1653 3170 1707 tuae,
3222 1642 3462 1697 nationis
3496 1642 3644 1696 illius

2065 1744 2288 1803 Sanctae,
2318 1736 2609 1805 perliciens
2639 1735 2895 1790 salutem.
2940 1732 3048 1787 Pro
3088 1733 3175 1788 his
3211 1741 3315 1797 sta,
3354 1746 3417 1787 ac
3452 1732 3643 1801 depre-

374 1820 514 1890 πρὸς
537 1822 730 1890 πεῖραν
776 1821 1073 1885 κακώσεως
1100 1822 1329 1894 ἥκωσιν.
1383 1822 1565 1892 Ἔχεις
1594 1816 1675 1884 οἷς
1704 1823 1951 1892 δυσωπή-

2058 1841 2206 1887 care,
2257 1840 2361 1880 nec
2399 1826 2529 1894 quia
2565 1840 2695 1880 reus
2718 1839 2819 1895 ego
2853 1839 2917 1878 ac
2951 1823 3167 1877 debitor
3204 1824 3331 1887 sim,
3358 1823 3641 1876 calamita—

372 1928 510 1974 σεις.
552 1912 736 1981 Ἔχεις
764 1905 847 1974 οἷς
874 1912 1106 1977 πείσεις,
1136 1912 1235 1975 τὰς
1264 1913 1454 1983 χεῖρας
1494 1908 1584 1976 αἷς
1612 1912 1917 1976 ἐϐάστασας
1939 1930 1950 1943 ·

368 2003 497 2065 τοὺς
537 2002 778 2071 μαστοὺς
797 1997 879 2064 οἷς
903 2001 1197 2072 ἐθήλασας.
1224 2002 1306 2055 Τὰ
1331 2001 1441 2056 τῶν
1467 2003 1796 2072 σπαργάνων
1827 2003 1956 2056 ἀνά-

369 2108 607 2162 μνησον,
654 2093 755 2161 τῆς
805 2093 971 2163 ἄλλης
1002 2095 1066 2148 ὲκ
1096 2094 1332 2164 βρέφους
1381 2094 1698 2164 ἀναγωγῆς,
1734 2095 1825 2147 τὸν
1867 2096 1957 2147 ἵνα

362 2184 496 2237 λαὸν
528 2186 608 2246 εἰς
657 2184 817 2251 δόξαν
869 2184 1049 2256 ἑαυτῷ
1104 2186 1534 2256 περιποιήσηται
1587 2184 1954 2253 νηπιάσαντα.

363 2275 493 2337 Τοῖς
543 2277 657 2338 σοῖς
713 2274 781 2328 τὰ
826 2275 1036 2329 ἑκείνου
1095 2274 1397 2346 σύμμιξον,
1450 2274 1543 2328 τὸν
1598 2274 1866 2345 σταυρὸν,
1893 2276 1955 2328 τὸ

363 2360 505 2435 αἷμα
526 2408 542 2432 ,
593 2367 662 2419 τὰ
695 2366 1011 2437 τραύματα,
1039 2368 1109 2421 δι’
1142 2361 1218 2421 ὧν
1261 2365 1587 2438 σεσώσμεθα
1610 2381 1627 2399 ⁸
1658 2368 1752 2419 καὶ
1795 2367 1953 2432 δοξα-

2053 1916 2125 1972 tis
2155 1915 2230 1969 illi
2271 1916 2575 1985 periculum
2632 1913 2885 1969 fecerint.
2940 1913 3121 1968 Habes
3183 1914 3383 1981 quibus
3423 1926 3640 1977 exores,

2054 2006 2224 2060 habes
2247 2005 2448 2075 quibus
2485 2003 2721 2060 suadeas
2753 2012 2919 2072 atque
2953 2003 3216 2072 impetres
3256 2020 3268 2055 :
3296 2016 3490 2072 nempe
3523 2016 3641 2053 ma.

2059 2110 2165 2151 nus
2227 2095 2432 2163 quibus
2488 2096 2743 2165 portasti,
2792 2094 2960 2149 ubera
3006 2094 3209 2162 quibus
3289 2092 3523 2147 lactasti.
3580 2090 3640 2145 In

2054 2187 2377 2241 memoriam
2417 2201 2631 2257 pannos
2672 2200 2903 2249 revoca;
2948 2183 3180 2240 infantis
3219 2184 3383 2238 aliam
3439 2183 3640 2237 educa-

2054 2277 2259 2330 tionem
2311 2278 2383 2340 ei,
2438 2278 2529 2346 qui
2586 2286 2645 2331 ut
2692 2276 2954 2346 populum
3015 2275 3121 2332 sibi
3186 2281 3531 2344 compararet
3581 2274 3635 2325 in

2062 2367 2322 2438 gloriam,
2351 2368 2531 2424 factus
2554 2379 2640 2424 est
2674 2367 2878 2424 infans.
2902 2365 3038 2422 Tuis
3064 2368 3181 2435 ipsa
3199 2365 3495 2421 commisce
3517 2378 3639 2434 quae

368 2456 524 2527 σϐεεη
545 2474 610 2525 γε
636 2459 664 2511 ὁ
699 2458 1009 2527 περιούσιος
1029 2459 1179 2523 λαὸς,
1209 2458 1305 2512 καὶ
1346 2458 1442 2513 νῦν
1472 2459 1575 2529 τῆς
1615 2456 1748 2528 παρ’
1786 2455 1951 2510 αὑτοῦ

2058 2459 2196 2514 illius
2233 2467 2383 2523 sunt,
2436 2474 2656 2513 crucem
2698 2458 2930 2522 scilicet,
2961 2457 3287 2525 sanguinem
3321 2493 3336 2515 ,
3377 2454 3634 2515 vulnera,

362 2547 656 2601 ἀπολαύων
687 2550 1040 2620 κηδεμονίας,
1065 2545 1109 2617 ᾧ
1131 2554 1164 2621 ή
1194 2550 1321 2613 δόξα
1361 2551 1455 2604 καλ⁸
1482 2550 1543 2604 τὸ
1572 2550 1794 2619 κράτος,
1856 2549 1951 2601 νῦν

2058 2563 2144 2618 per
2169 2565 2292 2619 quae
2337 2550 2571 2605 salutem
2604 2549 2784 2618 adepti
2812 2563 3006 2604 sumus
3036 2565 3047 2598 :
3081 2546 3635 2618 magnificabiturque

363 2636 463 2693 καὶ
482 2636 591 2704 ἀεὶ,
619 2636 715 2692 καὶ
742 2639 825 2702 εἰς
848 2639 977 2708 τοὺς
1001 2638 1207 2703 αἰῶνας
1235 2638 1343 2692 τῶν
1372 2636 1610 2693 αἰώνων.
1646 2638 1836 2709 Ἀμήν.

2054 2642 2354 2711 peculiaris
2385 2642 2639 2712 populus,
2678 2655 3070 2710 nunc-quoque
3096 2640 3218 2709 ejus
3250 2652 3382 2693 cura
3420 2636 3632 2690 fruens.

2053 2732 2161 2802 Ipsi
2204 2731 2378 2802 gloria
2408 2746 2471 2785 ac
2507 2738 2775 2800 potestas,
2809 2745 2954 2785 nunc
2981 2737 3035 2784 et
3068 2742 3304 2797 semper,
3346 2734 3401 2781 et
3438 2725 3493 2779 in
3533 2737 3636 2777 sae-

2050 2824 2173 2877 cula
2209 2823 2555 2879 saeculorum.
2614 2823 2806 2875 Amen.

1816 2978 2075 3035 ORATIO
2117 2978 2206 3033 νο.

426 3096 488 3151 In
518 3094 719 3150 Christi
766 3095 1119 3164 nativitatem,
1159 3114 1250 3153 seu
1276 3099 1331 3153 in
1363 3099 1527 3167 ipsius
1556 3098 1758 3155 Christi
1812 3096 1963 3167 Regis
1986 3099 2172 3168 gloria:
2194 3115 2221 3152 e
2247 3100 2408 3153 Porta
2435 3101 2715 3169 obsignata
2756 3115 3042 3169 egressum,
3085 3114 3355 3153 servorum
3379 3097 3548 3152 oculis

1490 3170 1547 3223 iu
1577 3171 1753 3238 {arma
1783 3170 1921 3224 servi
1952 3184 2062 3224 sese
2093 3172 2363 3238 oﬂerentis
2402 3171 2503 3239 ('7).

1457 3311 1728 3368 (ΜΑιιΑοοι
1788 3311 1980 3367 Leonis
2025 3312 2281 3381 Mariale,
2345 3328 2397 3383 p.
2462 3311 2577 3366 53d

430 3447 529 3505 Dei
560 3449 900 3505 nativitatem
929 3450 984 3503 in
1016 3464 1181 3505 carne
1204 3449 1568 3513 celebramus,
1596 3451 1778 3507 omnis
1805 3465 1939 3506 con—
1966 3456 2011 3514 ο
2043 3450 2448 3508 similitudinis.
2487 3449 2700 3517 Venite,
2727 3448 3063 3505 exsultemus
3080 3444 3333 3509 Domino,
3364 3445 3456 3515 qui
3490 3444 3634 3500 servi

352 3537 602 3596 celebret
632 3541 880 3611 spiritus.
927 3540 968 3595 E
1008 3540 1222 3611 virgine
1254 3541 1611 3611 prodeuntem
1650 3542 1822 3598 Matre
1845 3544 1945 3599 hoc

355 3644 629 3685 noramus
652 3645 802 3698 eum,
830 3631 924 3700 qui
951 3646 1015 3686 ex
1056 3630 1218 3686 Patre
1240 3640 1404 3688 natus
1444 3641 1530 3687 est
1575 3640 1701 3688 ante
1730 3632 1949 3689 Lucife-

2049 3544 2283 3600 formam
2336 3543 2656 3612 assumpsit.
2708 3551 2768 3596 ut
2828 3538 3140 3610 iacentibus
3190 3538 3241 3591 in
3299 3552 3537 3593 maerore
3581 3544 3636 3590 et

2045 3632 2314 3704 angustiis
2331 3632 2547 3687 afferret
2573 3630 2839 3685 laetitiam.
2859 3629 3084 3693 Adeste,
3104 3634 3376 3697 quotquot
3404 3627 3635 3690 coelum,

356 3737 481 3775 rum
511 3738 526 3785 ;
560 3722 761 3777 caelum
809 3730 864 3778 et
906 3730 1051 3777 terra
1094 3722 1161 3776 ad
1202 3723 1304 3778 hoc
1337 3738 1396 3779 se
1429 3726 1763 3782 consocient.
1801 3727 1950 3781 Can-
2050 3730 2321 3792 quotquot
2354 3730 2555 3775 terram
2583 3718 2844 3780 incolitis,
2870 3717 3150 3772 communi
3171 3716 3371 3785 gaudio
3387 3714 3635 3784 perfrua-

356 3823 542 3871 temus
570 3829 681 3869 una
717 3829 852 3870 voce
881 3815 1184 3871 clamantes
1222 3832 1237 3868 :
1270 3814 1454 3870 Gloria
1479 3818 1533 3870 in
1567 3817 1787 3871 excelsis
1817 3818 1945 3882 Dea,

354 3916 405 3959 et
434 3907 668 3960 interra
698 3921 826 3976 pax,
856 3908 1116 3976 quoniam
1159 3908 1476 3963 Altissimus
1526 3910 1646 3964 imis
1692 3912 1745 3964 in
1793 3918 1946 3965 tene-

358 3998 477 4050 bris
514 3998 788 4066 iacentem
844 3997 1113 4063 visitans,
1164 4012 1194 4050 ιι
1249 3999 1334 4053 sui
1386 3999 1618 4053 orientis
1659 4000 1948 4053 altitudine

356 4101 539 4156 usque
567 4087 637 4141 ad
669 4088 821 4144 illum
852 4088 1159 4153 descendit,
1190 4089 1451 4155 quoniam
1490 4091 1730 4159 seipsum
1783 4090 1946 4145 incli-

355 4180 531 4244 navit,
567 4185 630 4233 ut
658 4178 955 4248 depressos
993 4180 1209 4251 erigens
1236 4217 1251 4243 ,
1288 4180 1342 4232 in
1378 4194 1533 4235 suam
1581 4182 1836 4236 evelleret
1871 4183 1949 4236 al-

354 4270 675 4325 titudinem.
708 4269 754 4324 0
781 4274 1128 4340 stupendam,
1152 4279 1204 4326 et
1233 4285 1295 4326 es
1325 4272 1475 4325 omni
1505 4272 1806 4326 aeternitate
1831 4287 1945 4326 rem

356 4364 595 4417 novam!
635 4362 739 4430 Qui
769 4364 970 4418 sarcula
1010 4363 1274 4424 condidit,
1308 4363 1361 4417 in
1391 4378 1456 4417 eo
1499 4365 1647 4432 quod
1693 4364 1951 4417 conditur

355 4467 486 4507 esse
532 4452 749 4522 incipit.
778 4452 1055 4523 Antiquos
1105 4453 1317 4507 dierum
1353 4468 1624 4521 nuperum
1671 4468 1731 4508 se
1763 4461 1945 4509 osten-

355 4543 463 4599 dit.
505 4542 740 4599 Creator
765 4544 821 4598 in
849 4546 1082 4600 materia
1115 4552 1384 4599 creaturae
1422 4544 1713 4599 formatur.
1739 4544 1949 4600 Incom-

358 4633 649 4689 mutabilis
681 4633 850 4705 figura
880 4635 1057 4689 Patris
1089 4636 1154 4688 ad
1180 4635 1470 4705 imaginem
1494 4635 1548 4689 in
1590 4636 1733 4689 mala
1767 4638 1949 4705 prola-

356 4740 519 4796 psam
552 4740 677 4781 sese
712 4726 974 4790 demittit,
1010 4734 1065 4779 ut
1098 4727 1189 4779 illa
1225 4741 1418 4781 rursus
1450 4728 1678 4796 figuram
1709 4738 1951 4781 resumat

2056 3831 2198 3871 mur.
2227 3814 2533 3869 Jubilemus
2562 3810 2871 3866 advenienti
2900 3808 3193 3873 Salvatori,
3215 3809 3309 3878 qui
3340 3806 3635 3861 miserrimi

2053 3913 2347 3977 pereuntes
2392 3904 2678 3956 Salvatore
2724 3899 3129 3968 indigebamus.
3161 3894 3280 3950 Jam
3311 3897 3459 3950 enim
3486 3896 3636 3951 illius

2055 3984 2313 4053 misertus
2334 4003 2420 4051 est
2452 3994 2613 4055 Deus,
2639 4006 2799 4061 quem
2832 3992 2989 4045 initio
3013 4004 3111 4058 pro
3140 4003 3237 4043 sua
3263 3989 3507 4044 bonitate
3530 3990 3635 4042 im-

2054 4088 2326 4143 maculato
2356 4085 2530 4155 digito
2572 4081 2848 4135 formavit.
2892 4079 3054 4133 Venit
3109 4079 3205 4133 diu
3255 4078 3571 4132 extorribus
3603 4092 3636 4132 e

2049 4178 2228 4247 patria
2262 4175 2497 4230 reditum
2539 4171 2860 4242 largiturus,
2885 4170 3148 4239 absorpto
3178 4170 3633 4240 transgressionis

2052 4268 2281 4324 crimine
2338 4266 2395 4321 in
2453 4265 2755 4336 gratiarum
2806 4261 3191 4332 amplitudine.
3234 4259 3351 4315 Non
3401 4261 3636 4329 amplius

2048 4359 2181 4429 ligni
2216 4371 2343 4412 reus
2363 4370 2508 4422 sum,
2544 4355 2636 4424 qui
2669 4368 2817 4418 reus,
2843 4352 2995 4406 malo
3017 4352 3108 4405 illo
3150 4351 3461 4420 degustato,
3481 4350 3635 4419 prius

2046 4465 2218 4506 eram.
2255 4448 2475 4504 Liberat
2512 4448 2660 4503 enim
2718 4461 2818 4500 nos
2867 4452 3019 4499 reatu
3059 4445 3309 4508 Creator,
3354 4442 3635 4513 particeps

2054 4542 2351 4597 creationis
2383 4555 2514 4595 mea:
2562 4539 2785 4603 factus;
2826 4552 2927 4593 nec
2968 4538 3153 4592 infelix
3201 4552 3325 4592 esse
3370 4550 3539 4605 cogor
3564 4534 3636 4588 ob

2054 4632 2314 4686 damnum
2339 4645 2435 4701 per
2458 4629 2739 4684 mulierem
2771 4628 2995 4683 factum.

2129 4724 2325 4778 Mulier
2379 4723 2548 4786 enim,
2595 4720 2732 4775 lucri
2769 4720 2925 4790 origo
2969 4718 3071 4788 (8),
3099 4717 3265 4771 vitam
3291 4714 3425 4771 mihi
3450 4721 3633 4768 trans-

1640 4835 1876 4892 VARUE
1928 4834 2320 4891 LECTIONES.

432 4936 457 4973 ⁸
492 4929 624 5003 L93.
655 4931 691 5001 ἡ
726 4930 873 5000 ὑμῖν.

1875 5019 2107 5076 ΝΟΤκΕ.

428 5113 715 5187 (Ἴβηρα
742 5128 851 5187 non
879 5122 1058 5187 exstat
1089 5114 1377 5187 impressa.

443 5181 523 5254 Π)
543 5185 768 5254 Regiam
805 5184 943 5238 hanc
973 5185 1041 5246 de
1056 5181 1214 5254 partu
1237 5183 1294 5254 ΒἸ
1333 5181 1595 5254 Virginis,
1628 5195 1724 5236 seu
1747 5181 1816 5254 de
1846 5199 1943 5238 na-

357 5250 576 5311 tivitate
602 5250 817 5309 Domini
847 5270 913 5307 ex
955 5250 1113 5307 beata
1149 5252 1370 5322 Virgine
1400 5250 1760 5322 orationeml
1779 5268 1944 5320 quam

363 5328 418 5380 in
452 5325 790 5381 Bibliotheca
822 5323 1086 5386 Mariana,
1116 5320 1388 5377 dum‘alia
1423 5321 1489 5375 de
1520 5321 1687 5374 Maria
1719 5320 1945 5390 Deipara

364 5395 565 5451 Leonis
615 5407 1210 5463 operarecenserem,
1254 5406 1320 5446 ex
1364 5392 1576 5463 incuria
1624 5405 1950 5463 enumerare

362 5467 563 5521 oblitus
594 5459 764 5532 sum),
797 5461 997 5516 habent
1022 5462 1329 5532 Qraecems.
1360 5460 1463 5532 sub
1497 5459 1694 5513 Leonis
1718 5460 1951 5530 impera-

362 5537 498 5589 toris
525 5529 747 5588 nomine
778 5533 1000 5586 codices
1022 5529 1295 5595 Vaticani,
1328 5529 1797 5591 etMessanenses,
1822 5544 1950 5584 nec-

364 5619 469 5662 non
510 5603 875 5672 perantiquus
914 5602 1084 5656 codex
1115 5601 1301 5654 Graece
1351 5614 1453 5672 ms.
1486 5602 1621 5672 clar_.
1660 5599 1759 5672 viri
1810 5598 1947 5672 Leo:

366 5676 448 5726 nis
492 5667 676 5727 Allatii
708 5689 721 5723 :
750 5667 946 5738 'Atque
987 5686 1050 5723 ex
1097 5668 1553 5735 interpretatione
1592 5667 1676 5721 Jo.
1714 5668 1953 5723 Mattlitci

366 5743 676 5817 Caryophiti
723 5740 1025 5797 lconiensis
1044 5740 1284 5810 episcopi
1307 5752 1450 5793 nunc
1477 5738 1650 5806 primo
1676 5740 1943 5808 apparuit.

1969 5120 2023 5179 D

2120 5112 2196 5183 (8)
2223 5112 2418 5183 Mulier
2437 5111 2576 5165 enim
2595 5108 2731 5183 lucri
2759 5109 2925 5177 origo.
2957 5106 3020 5161 Et
3049 5121 3172 5183 vere
3200 5106 3256 5159 Β.
3284 5106 3444 5183 Virgo
3494 5106 3631 5161 lucri

2052 5178 2205 5252 origo
2241 5182 2614 5252 appellatur_a
2641 5178 2860 5252 lLeone,
2904 5192 3029 5231 cum
3080 5178 3260 5252 longe“
3281 5179 3507 5252 majora
3538 5190 3634 5243 per

2055 5244 2202 5307 illavm
2235 5244 2399 5304 nabis
2433 5244 2884 5315 fuerint'collata,
2917 5244 3198 5315 quam_per
3223 5244 3387 5315 Evam
3417 5246 3625 5315 ablata.

2057 5322 2369 5390 Appellatur
2398 5319 2582 5390 _etiam
2702 5314 2889 5390 ‘Virgo
3077 5311 3522 5390 Petro‘fiainiani

2059 5382 2256 5445 Iloinil.
2300 5388 2366 5441 de
2396 5384 2575 5439 Nativ.
2606 5384 2666 5437 Β.
2702 5382 2850 5454 Virg.
2897 5383 3060 5454 Origo
3090 5382 3359 5454 principii,
3385 5386 3511 5449 quia
3543 5382 3634 5438 ille

2056 5476 2122 5514 ea:
2149 5476 2210 5513 ea
2241 5457 2435 5525 prodiit
2471 5472 2563 5523 per
2599 5452 2879 5506 materiam
2910 5452 3128 5525 carnis,
3144 5452 3234 5519 qui
3259 5463 3417 5525 caput
3448 5461 3550 5525 est,
3581 5464 3632 5504 et

2048 5522 2270 5583 initium
2318 5522 2548 5580 omnium
2591 5539 2764 5575 rerum
2801 5538 2891 5587 per
2931 5522 3219 5576 essentiam
3271 5522 3484 5573 deitalis
3519 5525 3631 5584 μω

2057 5601 2174 5651 Alli.
2194 5597 2390 5665 Magno
2416 5594 2581 5665 Super
2608 5591 2799 5665 Missus
2824 5592 3157 5665 Aeslmtgelus,
3181 5606 3299 5665 cap.
3325 5589 3631 5665 184,0_rigo,

2058 5660 2313 5723 omnium:
2354 5665 2476 5731 quia
2515 5662 2690 5715 Mater
2743 5660 2857 5726 Dei,
2891 5664 2977 5727 qui
3026 5672 3101 5714 est
3155 5663 3299 5729 origo
3350 5662 3629 5715 omnium:

2056 5755 2171 5792 cunt
2198 5735 2448 5804 quidquid
2488 5749 2582 5801 per
2616 5750 2668 5786 se
2702 5742 2779 5786 es!
2818 5733 2963 5802 origo
3004 5747 3201 5800 causw,
3233 5733 3300 5785 sit
3338 5732 3496 5785 etiam
3539 5745 3632 5797 per
