4104 6446
474 308 545 371 43
619 350 625 355 -
1723 307 2000 368 LEONIS
2040 308 2502 370 PHILOSOPHI
2988 328 2995 333 ‘
3687 306 3757 369 44

473 417 598 485 tulit
632 417 688 474 in
720 415 1057 473 felicitatem.
1105 414 1299 471 Mulier
1333 422 1545 476 sancta,
1590 422 1646 468 et
1683 430 1841 484 pura,
1892 413 2062 486 virgi-
2095 417 2138 481 Α
2170 413 2275 468 fert
2308 414 2547 483 Virginis
2599 422 2808 477 uterus,
2846 413 3228 484 formaturque
3277 414 3347 469 de
3393 414 3761 483 sanguinibus
3798 487 3803 496 ‘

471 510 592 575 neis
610 523 640 565 e
672 506 1033 579 sanguinibus
1058 502 1255 560 Filium
1281 520 1601 577 procreans,
1621 520 1850 576 egenum
1886 506 2057 559 Adam

473 599 799 662 sublevavit,
829 596 1241 668 opulentissimi
1262 596 1395 652 Adae
1434 612 1499 652 ex
1545 613 1609 651 ea
1645 597 1783 662 nati,
1814 612 1936 666 quae
1962 611 2058 651 ex-

476 693 648 754 terius
675 692 893 746 videtur
925 689 1134 760 inopia,
1166 690 1313 760 quod
1338 691 1444 745 vile
1467 699 1550 746 est
1574 690 1679 745 sibi
1712 690 1975 751 unientis,
2007 694 2063 742 et

474 780 591 839 suis
613 780 810 847 opibus
856 786 1228 848 paupertatem
1284 779 1567 847 erigentis.
1612 778 1746 834 Nam
1786 778 1915 848 quia
1952 779 2061 834 Deo

477 870 681 938 placuit
705 876 889 923 notam
934 870 1115 924 facere
1150 868 1582 924 misericordiam
1635 885 1817 935 suam,
1855 871 2064 925 bonita-

477 968 583 1019 tem
616 959 756 1013 hanc
787 957 977 1013 effudit
997 958 1231 1024 abunde,
1266 966 1324 1013 ut
1348 975 1407 1015 se
1430 960 1743 1015 ostenderet
1763 975 1872 1014 non
1902 963 2066 1016 modo

476 1050 741 1102 malorum
768 1057 1081 1109 nostrorum
1109 1063 1275 1105 sensu
1306 1051 1532 1115 moveri,
1558 1050 1652 1106 sed
1673 1052 1836 1105 etiam
1865 1052 1919 1105 in
1957 1050 2054 1105 ha-

480 1136 595 1193 bitu
631 1139 942 1208 peccatoris
981 1139 1307 1204 demissum,
1347 1156 1456 1211 quo
1493 1142 1609 1197 suis
1644 1141 1939 1197 virtutibus
1981 1158 2066 1197 re-

479 1228 718 1283 medium
747 1231 920 1285 errori
971 1230 1216 1297 afferret,
1268 1240 1323 1285 et
1358 1232 1670 1289 innocentia
1720 1248 1822 1288 sua
1851 1242 2064 1288 reatum

474 1320 649 1388 culpa:
694 1320 927 1377 deleret.
968 1323 1200 1393 Propter
1238 1326 1343 1378 hoc
1387 1324 1546 1378 vulva
1586 1325 1731 1394 capit
1772 1340 1919 1389 eum,
1972 1327 2066 1396 qui

476 1410 629 1467 nulla
680 1427 742 1468 re
780 1412 1019 1483 capitur,
1052 1424 1105 1468 et
1158 1415 1357 1483 pannis
1404 1415 1721 1480 involvitur,
1776 1417 1869 1486 qui
1917 1427 2065 1472 tactu

473 1502 615 1557 liber
643 1512 750 1569 est,
780 1512 833 1559 et
861 1504 1004 1560 labe.
1038 1506 1286 1574 Deosque
1324 1521 1449 1559 cum
1504 1516 1726 1562 errante
1775 1515 1830 1562 et
1876 1508 2065 1563 exsule

476 1590 821 1651 familiariter
865 1606 1138 1660 versatur,
1185 1603 1243 1649 ut
1285 1597 1511 1652 reducat
1558 1598 1623 1652 ad
1676 1614 1797 1663 sua,
1845 1613 2067 1655 causam

476 1686 581 1740 rite
609 1695 661 1740 et
694 1688 909 1757 egregie
938 1689 1297 1767 transferens,
1335 1684 1457 1758 quze
1509 1707 1593 1745 me
1622 1693 1859 1762 propriis
1910 1692 2059 1748 sedi-

477 1779 583 1833 bus
614 1778 794 1847 ejeeit.
823 1779 899 1833 Ne
928 1787 979 1834 te
1005 1780 1185 1849 jactes
1225 1781 1291 1835 de
1323 1780 1536 1847 fraude,
1560 1782 1652 1853 qui
1692 1799 1787 1853 per
1814 1798 1934 1839 eam
1970 1799 2066 1854 ge-

476 1886 582 1924 nus
614 1871 912 1926 lmmanum
958 1871 1263 1940 subjecisti,
1306 1873 1723 1944 subjectmnque
1770 1876 1921 1928 illum
1964 1874 2061 1929 tibi

474 1961 783 2024 reddidisti,
813 1962 905 2032 qui
934 1962 1000 2018 ad
1037 1965 1373 2035 regnandum
1400 1974 1621 2021 creatus
1662 1974 1802 2022 erat.
1844 1964 2051 2022 Nobis-

471 2067 593 2107 cum
642 2054 784 2109 Deus
831 2073 843 2109 :
894 2072 1017 2110 eum
1063 2072 1247 2113 rerum
1303 2058 1489 2127 egenis
1536 2059 1848 2119 auxiliator,
1927 2075 2054 2114 cum

473 2145 863 2211 impotentibus
914 2145 1104 2211 fortis,
1157 2164 1283 2202 cum
1336 2150 1575 2203 redactis
1625 2151 1677 2203 in
1739 2150 2058 2206 servitutem

474 2233 752 2302 liberator,
788 2252 885 2301 per
908 2254 1069 2306 quem
1102 2241 1266 2291 etiam
1302 2240 1395 2293 fiet
1441 2250 1498 2293 ut
1545 2240 1789 2295 nefarius
1836 2251 2063 2296 vexator

474 2326 592 2379 loco
623 2327 919 2382 multarum
946 2339 1137 2382 contra
1172 2345 1274 2384 nos
1314 2330 1511 2384 virium
1544 2347 1658 2386 suae
1684 2348 1903 2401 quoque
1962 2348 2061 2402 po-

474 2415 659 2470 tentia:
689 2416 857 2471 faciat
882 2418 1182 2484 jacturam,
1219 2418 1349 2472 dum
1387 2419 1423 2473 ii
1454 2437 1594 2489 quos
1643 2423 1761 2491 ipse
1808 2437 1869 2476 se
1904 2437 2061 2481 com-

477 2507 875 2573 prehensutum
929 2517 1149 2579 potente
1198 2525 1361 2564 manu
1407 2511 1567 2580 quasi
1616 2511 1831 2575 nidum,
1863 2527 2059 2582 super-

472 2597 695 2653 hissime
717 2599 1038 2667 jactaverat,
1070 2601 1345 2658 Creatoris
1382 2618 1544 2655 manu
1588 2602 1892 2659 liberantur
1919 2645 1933 2670 ,
1966 2604 2060 2675 qui

472 2704 621 2749 nunc
654 2690 838 2746 infans
877 2694 1051 2756 visus,
1086 2700 1139 2747 et
1190 2710 1369 2762 pravae
1399 2694 1609 2764 aSpidis
1641 2695 1907 2750 foramina
1936 2712 2064 2765 per»

469 2787 747 2835 scrutatus
770 2792 874 2847 est,
903 2784 1357 2854 mortiferumque
1394 2790 1639 2844 enecavit
1677 2788 1867 2855 fetum,
1898 2800 1953 2847 et
1980 2792 2063 2847 vi-

474 2878 583 2925 tam
620 2869 877 2925 universo
920 2874 1351 2931 attulitmundo.
1390 2876 1633 2944 Scitote,
1680 2894 1843 2934 omne
1886 2895 2060 2949 genus

474 2956 779 3025 hominum,
814 2963 980 3017 Deum
1019 2965 1293 3019 hominem
1328 2968 1559 3036 factum,
1590 2978 1648 3023 ut
1677 2971 1782 3025 sibi
1815 2986 1911 3025 eos
1946 2972 2060 3023 alli~

2169 504 2290 573 ejus
2317 503 2531 575 Opil‘ex.
2556 504 2904 575 Quanquam,
2936 515 2989 560 et
3021 507 3142 562 alite
3164 521 3287 562 sese
3315 504 3761 573 oll‘erentcausm,
3798 502 3803 515 '

2174 596 2377 665 quibus
2408 594 2485 649 rei
2510 594 2673 663 hujus
2700 594 3073 647 consideratio
3108 610 3215 647 non
3246 592 3620 663 perfunctorie
3647 593 3760 647 fiet.

2170 688 2329 742 Nunc
2353 702 2483 742 vero
2512 686 2847 756 cognoscite,
2885 685 2997 739 imo
3032 699 3163 743 vero
3193 699 3595 754 cognoscamus
3624 682 3764 735 Ver.

2171 780 2299 837 bum
2333 781 2385 834 in
2419 778 2646 849 pmsepi
2695 777 3014 834 animalium
3046 776 3259 847 jacens,
3300 776 3416 845 qui,
3448 790 3636 829 errore
3666 774 3765 830 ab-

2171 871 2413 926 ducente
2453 870 2522 923 de
2569 868 2800 923 rationis
2841 876 3011 934 statu,
3049 881 3081 921 a
3115 864 3208 921 Dei
3246 866 3565 938 cognitione
3605 867 3765 936 longe

2175 962 2490 1015 aberamus.
2524 959 2698 1014 Abeat
2742 974 2918 1024 error,
2957 959 3049 1029 qui
3102 958 3372 1014 hactenus
3417 958 3695 1012 hominem
3731 972 3761 1011 a

2175 1064 2277 1105 suo
2301 1049 2601 1105 Conditore
2651 1048 2917 1118 sejunxit,
2954 1057 3008 1104 et
3058 1049 3320 1105 honorem
3362 1046 3644 1103 Creatoris
3701 1057 3765 1101 ut

2172 1137 2393 1195 offerret
2423 1146 2690 1193 creaturae
2724 1140 2921 1196 suasit.
2940 1138 3042 1206 Qui
3071 1141 3138 1193 ab
3174 1155 3283 1193 uno
3316 1154 3447 1193 vero
3471 1137 3581 1193 Deo
3610 1154 3765 1193 creua

2178 1238 2355 1286 turam
2392 1229 2742 1296 abstrahens,
2780 1230 2957 1284 turbis
2986 1229 3214 1285 deorum
3265 1229 3763 1299 subjiciebat,cum

2178 1335 2283 1377 non
2301 1320 2463 1375 modo
2492 1320 2609 1375 alia:
2629 1331 2900 1377 creatura:
2924 1323 2975 1375 in
3002 1321 3244 1375 divinam
3273 1321 3592 1391 dignitatem
3624 1321 3767 1373 male

2180 1412 2248 1466 ab
2280 1411 2594 1467 hominibus
2625 1412 3010 1478 eveherentur,
3043 1412 3137 1468 sed
3175 1412 3250 1465 illi
3286 1412 3390 1466 sibi
3428 1413 3594 1467 etiam
3621 1411 3765 1465 divi-

2180 1504 2408 1558 nitatem
2448 1502 2776 1567 tribuerent,
2811 1514 2866 1557 et
2901 1503 3128 1573 proinde
3166 1512 3456 1569 sexcentos
3484 1502 3768 1571 continge-

2182 1600 2303 1647 rent
2352 1592 2528 1656 deos,
2579 1603 2632 1646 et
2689 1609 2827 1663 quos
2881 1593 3077 1649 liberet
3124 1593 3407 1649 divinitate
3473 1592 3767 1647 donarent.

2177 1682 2341 1749 Quasi
2376 1691 2650 1752 oporteret
2686 1698 2791 1735 non
2845 1682 3004 1736 modo
3036 1698 3136 1737 nus
3166 1698 3193 1736 a
3227 1682 3339 1737 Deo
3370 1682 3561 1751 procul
3590 1695 3715 1736 csso
3744 1722 3760 1747 ,

2179 1793 2365 1833 verum
2426 1778 2590 1834 etiam
2657 1777 2942 1846 tyrannice
3006 1775 3177 1831 Demn
3226 1777 3553 1847 opprimere.
3618 1775 3767 1831 Proh

2184 1868 2439 1939 nequitiae
2466 1868 2874 1924 institutorem!
2920 1867 3013 1922 ille
3044 1868 3115 1922 ab
3152 1868 3307 1923 initio
3349 1868 3451 1923 hoc
3484 1869 3771 1937 excogita,

2175 1956 2270 2021 vit,
2301 1964 2359 2011 ut
2386 1956 2584 2012 similis
2632 1956 2918 2011 Altissimo
2954 1955 3129 2011 ﬁeret.
3185 1956 3280 2012 ille
3326 1958 3623 2023 hominem,
3654 1957 3771 2013 cla-

2175 2066 2295 2105 rum
2326 2050 2523 2104 divina:
2550 2049 2788 2104 dextera:
2816 2050 3194 2113 simulacrum,
3216 2066 3322 2104 non
3357 2051 3534 2106 solum
3560 2052 3767 2104 amanti

2169 2140 2450 2199 inimicmn
2483 2138 2719 2195 reddidit
2762 2154 2859 2209 per
2914 2142 3405 2210 transgressionem
3454 2139 3710 2209 praecepti
3740 2178 3761 2204 ,

2173 2232 2267 2289 sed
2291 2231 2369 2287 illi
2404 2232 2568 2287 etiam
2616 2232 2958 2287 constituens
2998 2231 3399 2299 adversarium,
3430 2232 3765 2286 imitatorem

2171 2325 2255 2380 sui
2290 2324 2437 2388 fecit,
2481 2322 2785 2389 suadendo,
2818 2333 2878 2377 ut
2908 2323 3147 2378 divinam
3188 2324 3295 2379 sibi
3323 2323 3642 2394 dignitatem
3671 2336 3767 2376 ar-

2174 2418 2393 2487 riperet.
2429 2415 2493 2471 Et
2525 2417 2611 2470 hic
2642 2416 2861 2485 quidem
2907 2416 3043 2473 deus
3085 2425 3225 2481 erat,
3268 2416 3397 2487 quia
3436 2414 3589 2487 gravi
3627 2427 3767 2470 usus

2177 2523 2363 2570 manu,
2396 2506 2705 2577 tyrannidis
2744 2507 2820 2570 vi,
2865 2507 2990 2561 aliis
3031 2506 3392 2561 excellentior
3422 2505 3618 2561 evasit.
3668 2503 3767 2558 Ille

2172 2614 2299 2653 vero
2349 2603 2508 2661 deus,
2559 2599 2704 2669 quod
2759 2608 3042 2664 cruentus,
3087 2598 3483 2667 hominumque
3523 2596 3769 2651 caedibus

2170 2693 2423 2762 insignis,
2464 2709 2624 2748 manu
2680 2695 2781 2749 sibi
2818 2696 2882 2746 ad
2914 2691 3249 2747 fundendum
3299 2694 3620 2760 sanguinem
3662 2707 3763 2761 pa-

2172 2785 2391 2840 ratiore.
2426 2786 2576 2845 Alius
2604 2799 2823 2854 quoque
2868 2783 3027 2847 deus,
3050 2783 3194 2853 quod
3246 2784 3359 2837 acri
3410 2784 3574 2839 fuerit
3608 2782 3766 2852 inge-

2169 2877 2282 2939 nio,
2315 2883 2368 2930 et
2399 2884 2595 2930 auctor
2635 2875 2871 2945 alicujus
2923 2876 3131 2929 inventi
3170 2875 3593 2929 admirationem
3646 2888 3765 2928 me-

2172 2969 2365 3023 ruerit.
2402 2963 2717 3021 Honoretur
2756 2974 2811 3023 et
2858 2966 3201 3031 muliercula,
3240 2966 3385 3035 quod
3432 2966 3612 3020 crines
3637 2974 3769 3034 apto

471 3063 570 3115 nes
601 3049 827 3117 faceret,
858 3053 949 3121 qui
984 3051 1055 3108 ab
1102 3054 1223 3124 ejus
1280 3056 1542 3113 alliuitate
1581 3060 1941 3125 deciderant;
1998 3075 2056 3114 ut
2082 3060 2127 3121 C
2160 3067 2408 3128 comptos
2433 3066 2821 3129 contorqueat,
2852 3068 2907 3114 et
2950 3060 3079 3125 alia,
3115 3059 3262 3129 quod
3306 3058 3540 3130 eleganti
3576 3058 3769 3127 specie

471 3145 711 3206 humana
744 3161 900 3203 mens
928 3148 995 3202 ad
1042 3151 1183 3204 mala
1220 3153 1502 3221 proclivis,
1532 3171 1711 3225 neque
1742 3172 1808 3212 eo
1848 3163 2062 3230 tantum
2158 3150 2393 3207 lascivos
2442 3150 2726 3220 deceperit
2772 3160 2825 3206 et
2872 3154 3160 3206 attraxerit
3222 3161 3518 3217 amatores,
3558 3157 3614 3205 et
3661 3165 3769 3220 pro

472 3234 618 3289 malo
649 3235 931 3303 laborans,
965 3240 1059 3293 sed
1108 3255 1211 3295 nec
1256 3242 1423 3297 etiam
1457 3245 1703 3301 sentiens
1735 3247 1801 3301 ad
1832 3249 1973 3303 mala
2006 3265 2066 3309 se
2159 3241 2410 3297 mercede
2430 3243 2727 3296 meretricii
2768 3243 3119 3312 lasciviznque
3143 3244 3212 3298 ab
3258 3244 3324 3297 iis
3358 3243 3630 3312 acceperit
3657 3258 3763 3297 nuo

470 3323 621 3389 ferri,
650 3340 826 3394 neque
857 3342 916 3382 se
941 3328 1217 3383 dominam
1254 3333 1516 3388 motionis
1542 3343 1812 3401 statuens,
1842 3338 1934 3393 sed
1970 3339 2062 3393 ha-

474 3412 645 3470 benas
683 3430 878 3471 omnes
917 3432 1140 3473 sursum
1191 3421 1496 3489 trahentes,
1547 3426 1855 3486 excutiens,
1896 3428 2065 3485 veluti

469 3517 611 3563 onus
644 3512 699 3559 et
727 3507 946 3574 pondus
997 3510 1258 3572 Otiosum,
1305 3510 1690 3568 circumducta
1742 3530 1839 3583 per
1886 3517 2063 3579 malo-

470 3604 594 3646 rum
625 3606 853 3661 campos
881 3610 913 3649 a
943 3610 1131 3660 carne,
1162 3596 1325 3665 cujus
1357 3597 1474 3668 ipsa
1499 3599 1663 3655 debet
1688 3616 1809 3657 esse
1830 3605 2059 3676 auriga;

472 3680 611 3744 haec,
638 3682 889 3752 inquam,
926 3700 1083 3741 mens
1114 3686 1316 3744 divina
1350 3691 1518 3745 menti
1548 3692 1719 3758 unita,
1750 3704 1809 3749 ut
1834 3699 2063 3754 sentiret

470 3772 526 3835 in
579 3772 668 3827 illa
702 3789 827 3844 qua:
866 3791 1028 3845 passa
1080 3776 1336 3843 fuerit,et
1381 3797 1477 3850 per
1506 3783 1671 3849 hujus
1698 3800 1907 3853 vocem,
1938 3804 2060 3858 qua:

470 3869 693 3930 propter
729 3866 1090 3920 reverentiam
1118 3869 1471 3924 exaudiretur
1502 3887 1530 3926 a
1557 3870 1809 3940 Parente,
1824 3884 1879 3931 et
1904 3878 2060 3931 auxi-

468 3952 602 4006 lium
634 3951 836 4009 divinte
863 3954 1127 4011 bonitatis
1166 3960 1531 4027 experiretur.
1566 3962 1632 4018 Et
1658 3981 1791 4022 sane
1833 3968 2054 4036 quidem

466 4040 587 4105 sine
616 4056 786 4100 carne
834 4046 999 4101 etiam
1028 4045 1196 4107 facile
1221 4059 1341 4109 erat
1370 4054 1674 4110 constituto
1708 4057 1762 4111 in
1795 4062 2057 4129 periculis

467 4142 731 4199 pmstare
776 4136 1064 4191 auxilium.
1112 4137 1254 4205 Quid
1308 4141 1455 4195 enim
1516 4142 1627 4201 Deo
1680 4133 1897 4205 volente
1947 4167 2053 4207 non

466 4217 562 4283 fiat
587 4220 611 4275 ?
636 4221 775 4287 Quia
798 4230 979 4279 tamen
1018 4240 1160 4294 opus
1187 4236 1306 4281 erat
1334 4245 1459 4284 eum
1493 4233 1587 4300 qui
1634 4248 1974 4302 peccaverat,
2004 4250 2059 4294 et

465 4324 529 4371 se
563 4312 709 4380 quod
750 4325 1039 4380 peccasset
1076 4330 1399 4385 agnoscere,
1450 4323 1790 4393 vocibusque
1840 4329 2056 4386 miseri-

464 4400 714 4467 cordiam
769 4402 1195 4473 implorantibus
1244 4408 1464 4477 expiare
1523 4422 1852 4481 peccatum,
1908 4421 2054 4489 quod

463 4505 624 4546 mens
650 4492 893 4548 humana
934 4510 1041 4549 non
1089 4506 1325 4567 poterat,
1351 4509 1410 4554 ut
1439 4517 1559 4572 qua:
1591 4504 1644 4558 in
1683 4507 1907 4579 pelagus
1936 4512 2061 4567 vita:

461 4582 678 4674 ratione
724 4587 967 4642 carentis
1011 4589 1297 4646 submersa
1342 4604 1501 4649 erat:
1537 4596 1748 4653 idcirco
1788 4608 1899 4655 tota
1939 4605 2059 4674 ipsa

460 4673 645 4731 divina
687 4692 843 4733 mens
893 4680 1041 4735 unita
1089 4682 1330 4738 extrahit
1385 4684 1531 4739 illam
1577 4687 1646 4744 de
1698 4691 1941 4748 absurdo
1983 4695 2058 4749 ir-

462 4764 752 4823 rationalis
815 4772 939 4825 vita:
1000 4783 1189 4837 statu,
1250 4774 1750 4851 deprecantemque
1802 4798 1903 4853 pro
1962 4786 2052 4841 illa

460 4867 649 4909 vocem
710 4861 989 4928 emittens,
1045 4880 1142 4932 per
1202 4868 1285 4921 sui
1352 4872 1712 4926 reverentiam
1760 4874 1927 4942 facit,
1986 4889 2046 4933 ut

460 4946 733 5001 malorum
771 4953 931 5009 nobis
953 4956 1124 5013 series
1177 4958 1231 5012 in
1278 4973 1446 5029 opera
1484 4963 1875 5021 misericordiae
1902 4971 2046 5027 desi-

459 5045 573 5105 nat.
607 5038 819 5098 Idcirco
860 5043 1172 5105 Divinitatis
1207 5050 1376 5119 (reor)
1427 5053 1607 5125 ignem
1646 5055 2050 5131 intolerandum

2159 3334 2358 3389 merari
2391 3334 2534 3389 inter
2562 3331 2721 3389 deos.
2752 3336 2908 3390 Alius
2955 3336 3061 3390 alia
3093 3337 3309 3390 ratione
3337 3336 3391 3390 in
3419 3337 3647 3390 deorum
3680 3335 3769 3390 al-

2162 3425 2293 3483 bum
2346 3426 2663 3482 ascribitur.
2718 3426 2795 3482 Ita
2849 3427 3121 3485 Saturnus
3171 3430 3458 3500 tyrannica
3504 3443 3668 3484 manu
3705 3429 3765 3484 in

2161 3525 2371 3589 patrem
2406 3519 2723 3590 insurgens,
2760 3535 2866 3574 non
2905 3521 3068 3575 modo
3100 3521 3330 3575 nudavit
3375 3522 3627 3592 imperio,
3662 3521 3763 3577 sed

2163 3609 2510 3665 naturalibus
2540 3624 2760 3680 quoque
2794 3612 3032 3676 orbavit,
3067 3626 3129 3667 ea
3154 3612 3482 3682 prtecidens,
3505 3627 3602 3681 per
3636 3628 3767 3681 quae

2157 3701 2215 3754 in
2247 3700 2424 3755 lucem
2456 3710 2542 3756 est
2580 3703 2787 3769 editus,
2821 3708 2879 3757 et
2909 3704 3140 3772 proinde
3172 3718 3202 3759 e
3236 3704 3457 3774 tyranni
3492 3703 3766 3771 dignitate

2156 3797 2210 3851 in
2251 3793 2338 3848 dei
2390 3794 2734 3862 majestatem
2790 3804 3014 3851 evectus
3060 3803 3166 3849 est.
3210 3792 3287 3849 Ita
3338 3806 3639 3865 prognatus
3679 3810 3750 3849 ex

2156 3899 2223 3940 eo
2266 3880 2501 3954 Jupiter,
2544 3886 2759 3953 paterni
2800 3887 2971 3940 animi
3013 3887 3206 3950 baarcs,
3244 3887 3409 3942 simili
3459 3886 3622 3942 modo
3669 3888 3759 3943 dei

2158 3990 2359 4031 nomen
2404 3976 2640 4034 soctitus
2677 3987 2781 4033 est.
2813 3978 2879 4032 Et
2919 3976 3063 4034 Mars
3105 3978 3330 4048 pariter,
3356 3978 3502 4048 quod
3547 3986 3759 4031 murta-

2155 4068 2289 4122 lium
2320 4070 2521 4137 stragis
2547 4077 2759 4131 auctor,
2796 4068 2848 4122 in
2879 4069 3109 4124 deorum
3140 4070 3406 4144 ordinem
3443 4079 3756 4141 cooptatus,

2153 4158 2221 4211 Et
2260 4158 2588 4222 Mercurius,
2619 4154 2768 4227 quod
2802 4162 3019 4216 caeteris
3048 4161 3269 4217 dicendi
3321 4171 3441 4217 arte
3475 4162 3758 4231 praecelle-

2160 4259 2265 4314 ret,
2300 4251 2415 4319 ipse
2449 4266 2672 4320 quoque
2703 4250 3023 4307 numinibus
3054 4254 3296 4308 insertus
3325 4261 3429 4308 est.
3462 4250 3761 4323 Dionysius

2161 4354 2382 4410 quoque
2402 4339 2549 4410 quod
2588 4342 2733 4394 roris
2769 4357 2866 4396 cor
2885 4342 3222 4399 emollientis
3254 4342 3337 4414 (ut
3371 4344 3593 4414 gentilis
3626 4344 3759 4414 qui-

2159 4431 2283 4484 dam
2332 4430 2599 4499 Sapientia
2630 4432 2815 4486 clarus
2848 4431 3008 4501 dixit)
3049 4433 3303 4489 inventor
3332 4436 3521 4495 fuerit.
3547 4436 3758 4493 divinis

2156 4522 2461 4577 honoribus
2492 4521 2695 4592 dignus
2742 4532 2826 4577 est
2866 4524 3107 4579 habitus.
3149 4525 3294 4580 Sane
3334 4526 3450 4581 htec
3476 4528 3758 4595 allegoriis

2153 4621 2445 4682 contegere
2470 4627 2539 4667 ne
2579 4623 2848 4667 conentur
2882 4614 3145 4683 gentiles,
3182 4614 3482 4670 Saturnum
3514 4616 3567 4669 in
3599 4616 3755 4675 'l‘em'

2152 4717 2256 4772 pus
2281 4702 2642 4774 excipientes,
2671 4712 2721 4758 et
2768 4702 3052 4761 fabulosos
3088 4720 3270 4761 rerum
3309 4707 3568 4777 praesides
3592 4707 3756 4763 indu-

2154 4803 2367 4859 ccntes,
2402 4796 2495 4866 qui
2540 4796 2657 4850 heri
2707 4804 2758 4851 et
2801 4812 2978 4867 nuper
2999 4813 3125 4853 cum
3160 4808 3349 4854 essent
3389 4799 3661 4863 homines,
3696 4800 3753 4853 in

2154 4889 2288 4942 deos
2325 4888 2578 4943 translati
2616 4897 2746 4943 sunt
2782 4908 2795 4944 :
2832 4905 2957 4945 nam
2998 4889 3078 4944 sic
3105 4891 3270 4945 etiam
3313 4892 3549 4946 absurda
3585 4892 3753 4957 nimis

2152 4992 2280 5039 Sunt
2310 4998 2434 5051 qua:
2462 4982 2789 5037 alierunlur.
2822 4985 3072 5038 Attamen
3098 4984 3166 5041 ad
3202 4986 3315 5040 haec
3350 4987 3449 5053 illi,
3480 4995 3538 5041 ut
3575 4990 3753 5043 hone-

2164 5072 2361 5137 stiora,
2401 5088 2745 5143 nequaquam
2788 5074 3130 5145 confugiant,
3162 5078 3256 5133 sed
3289 5079 3408 5134 sine
3435 5089 3752 5151 legumento

1979 5186 2211 5286 nom.

457 5306 510 5375 se
562 5292 1319 5375 origo,net_£a_u_se_captiti;
1363 5306 1431 5359 ab
1489 5309 1729 5368 Ecclesia
1770 5315 1956 5373 Graeca
1991 5320 2043 5375 in

458 5360 679 5442 hienmi’s
704 5364 792 5442 die
825 5367 896 5442 27
927 5366 1072 5442 Maii,
1109 5367 1272 5436 Origo
1304 5360 1557 5431 iterarunt

459 5438 608 5516 εευῖιί
643 5434 764 5516 is:
1134 5434 1567 5516 ,ει-ειιίρρίεςορο
1612 5434 2040 5514 militasse?"

457 5503 607 5586 tlratI.
653 5500 687 5552 2
730 5500 2040 5586 deﬁnituntiatiouetOrigo

460 5570 513 5653 ξ.
566 5568 778 5653 Joanne
804 5573 1138 5653 Damasceuo
1165 5581 1218 5633 in
1256 5568 1473 5641 Menaais

457 5635 577 5701 Jan.
642 5640 803 5706 Oriqa
860 5647 1089 5701 omnium
1138 5635 2038 5729 autu'it’tatutnF'aliv'lnrioc'citti;

2149 5337 2286 5399 papa
2351 5322 2437 5390 Ill,
2500 5340 2668 5399 serm.
2700 5326 2756 5399 72
2804 5328 2871 5399 de
2898 5330 3191 5399 Assumpt.
3232 5328 3397 5398 Origo
3444 5330 3745 5399 εαιιιιὶειει
3826 5338 3836 5347 ’

2154 5397 2452 5469 virtutum;
2480 5395 2853 5469 auJaeobode
2872 5468 2877 5469 ί
2896 5395 3163 5469 Voragine
3205 5395 3620 5468 archiepiscopo
3650 5398 3746 5454 Ja.

2154 5466 2351 5540 nueusi
2408 5467 2463 5517 in
2513 5466 2719 5540 Mariali
2756 5467 2816 5521 L.
2866 5468 2945 5540 Μἒ
2980 5466 3159 5523 Serm.
3191 5471 3258 5540 2.
3311 5466 3471 5540 Origo
3504 5466 3742 5525 omnium

2144 5536 2481 5606 gratiarum;
2536 5536 2776 5606 denique
2827 5554 2854 5591 a
2917 5538 3128 5594 Joanne
3188 5539 3316 5595 Pico
3368 5536 3739 5595 Carthusiano

2144 5604 2241 5657 lib.
2288 5620 2329 5681 t__
2368 5605 2421 5657 in
2476 5604 2808 5681 Ca_nt._cau.
2878 5610 2933 5664 2.
2993 5608 3156 5681 Origo
3206 5611 3462 5666 bonorum
3499 5613 3736 5666 omnium

2148 5675 2427 5732 mundique
2454 5676 2709 5731 melioris.
