4104 6458
500 375 570 435 47

504 573 892 646 postea.Nunc
924 589 1049 627 vero
1069 571 1385 642 fugiendum
1411 573 1486 628 illi
1518 581 1602 628 est
1640 575 1695 628 in
1725 574 1856 644 ipsis
1889 575 2078 629 fasciis

507 681 722 722 summa
744 666 862 734 ipsa
887 664 1282 728 exinanitiooe,
1311 680 1416 718 non
1442 665 1561 720 sine
1582 679 1678 720 sua
1701 663 2079 720 exinanitione

501 763 780 811 manente.
813 753 930 809 Jam
967 758 1166 824 quippe
1197 755 1438 810 Herodes
1483 754 1667 812 furore
1714 758 2079 828 corripietur,

507 856 561 903 et
580 847 828 900 victimas
853 845 926 900 ob
944 845 1206 901 infantem
1235 858 1418 900 natum
1445 846 1680 903 infantes
1700 849 1970 903 Bethleem
2004 849 2083 902 fa-

506 937 632 1001 ciet,
661 951 913 1005 caesaque
943 943 1102 990 aetate
1150 937 1286 990 adeo
1315 947 1524 999 tenera,
1572 953 1641 991 ne
1691 938 1909 1007 quidem
1951 939 2081 1007 quid

508 1027 1005 1094 agatursentiente,
1026 1027 1256 1096 intizxget
1275 1026 1538 1096 gladium,
1555 1033 1607 1080 et
1626 1043 1850 1096 regnum
1868 1028 1971 1081 erit
1995 1043 2087 1082 oc-

507 1119 748 1172 cisorum
770 1118 998 1171 crimen.
1019 1117 1063 1170 Ο
1083 1128 1340 1182 mentem,
1361 1117 1608 1171 ctferino
1625 1117 1986 1172 crudeliorem
2007 1119 2086 1170 in-

509 1204 689 1273 genio!
711 1204 908 1259 Statim
929 1205 1376 1261 videlicetinfans
1392 1217 1635 1263 assumet
1653 1209 1755 1262 sibi
1776 1209 2085 1278 imperium,

508 1303 564 1350 et
599 1294 829 1364 privabit
871 1295 1078 1364 regno?
1120 1295 1410 1363 Propterea
1440 1297 1637 1352 timens
1676 1298 1854 1352 effuso
1892 1298 2090 1367 gaudet

509 1385 799 1454 sanguine.
852 1386 932 1438 An
972 1400 1100 1439 vero
1141 1401 1252 1439 non
1298 1387 1348 1440 id
1385 1388 1624 1464 cogitat,
1668 1389 1763 1443 sed
1802 1396 1859 1441 ιιι
1905 1389 2091 1444 futura

511 1483 838 1542 praecaveat,
865 1475 1227 1543 iugulandum
1256 1478 1534 1532 existimat
1577 1479 1919 1534 immaturam
1955 1487 2088 1536 aeta-

513 1574 648 1632 tem,
669 1582 831 1634 quam
862 1568 916 1621 in
948 1583 1102 1622 suam
1134 1577 1343 1624 metens
1365 1571 1664 1639 perniciem
1693 1587 1803 1625 non
1829 1572 1979 1626 illum
2006 1574 2094 1626 de-

512 1663 681 1712 metet
730 1673 890 1727 quem
944 1660 1160 1729 quaerit.
1202 1659 1338 1714 Cum
1388 1661 1434 1716 si
1470 1669 1836 1731 opportunum
1881 1671 2096 1734 tempus

512 1755 888 1813 exspectasset
913 1747 1059 1816 quod
1105 1750 1180 1802 illi
1205 1748 1345 1805 forte
1371 1750 1614 1806 dedisset
1634 1759 1691 1806 ut
1729 1755 2098 1824 comprehen-

514 1835 669 1889 deret
695 1852 855 1905 quem
887 1839 1167 1908 quzerebat
1189 1881 1203 1906 ,
1239 1848 1370 1897 tunc
1413 1856 1539 1896 eum
1569 1859 1600 1898 e
1630 1844 1812 1899 medio
1848 1847 2108 1901 sustulis—

515 1933 624 1980 set.
656 1924 814 1982 Nunc
841 1943 973 1983 vero
1008 1929 1209 1984 tnirum
1246 1947 1371 1986 cum
1408 1941 1580 1998 esset,
1613 1934 1657 1989 si
1699 1936 1793 2005 qui
1834 1938 2112 2005 quazreba.

515 2024 608 2072 tur
642 2033 751 2073 non
783 2021 1052 2086 latuisset,
1083 2023 1154 2077 ob
1199 2025 1277 2079 rei
1308 2025 1704 2082 obscuritatem
1744 2029 2108 2086 nihilominus

517 2111 793 2179 turbatur,
822 2121 875 2166 et
890 2114 1108 2184 planum
1147 2117 1203 2170 fit
1226 2117 1488 2174 onmibus
1507 2119 1662 2174 illum
1680 2120 1939 2187 delirare,
1963 2122 2107 2192 quod

516 2200 754 2259 infantes
793 2220 946 2275 aeque
981 2221 1175 2262 omnes
1211 2207 1414 2262 affatim
1441 2218 1768 2280 persecutus
1795 2213 1888 2275 sit,
1913 2229 2107 2284 quem-

519 2293 815 2353 admodum
862 2297 1068 2351 rabiosi
1098 2313 1264 2353 canes
1304 2315 1461 2369 mque
1510 2317 1705 2358 omnes
1737 2303 1930 2361 obvios
1973 2306 2107 2360 ado-

515 2381 758 2435 riuntur.
787 2382 1175 2438 Amentissime
1201 2386 1485 2440 hominum
1508 2428 1522 2452 ,
1553 2404 1702 2443 nunc
1732 2398 1787 2444 te
1830 2393 2109 2460 promittis

521 2470 728 2524 iturum
769 2471 837 2524 ad
867 2472 1209 2527 adorandum
1238 2515 1253 2541 ,
1296 2485 1351 2530 et
1380 2492 1527 2533 nunc
1559 2481 1883 2549 sanguinem
1915 2494 2106 2550 potare

521 2559 722 2628 optas!
767 2558 874 2614 Sed
923 2561 1242 2618 omittamus
1287 2565 1441 2620 illum
1486 2566 1540 2620 in
1571 2583 1669 2622 sua
1703 2570 1938 2635 insania,
1977 2582 2104 2625 ante

524 2661 824 2717 magnum,
891 2665 1099 2719 proque
1164 2654 1421 2710 universo
1487 2657 1693 2711 mundo
1755 2661 2101 2714 mactandum

528 2741 766 2810 Agnum,
796 2741 1006 2798 hostias
1029 2744 1322 2799 czedcntem
1355 2762 1454 2816 pro
1481 2748 1573 2802 illo
1608 2756 1816 2814 nectas,
1848 2758 1908 2804 ut
1939 2753 2102 2806 etiam

526 2836 714 2883 tenera
744 2839 877 2884 aetas
917 2829 1212 2885 infantimu
1246 2849 1353 2887 non
1403 2844 1554 2890 esset
1587 2836 1847 2893 immunis
1875 2839 1943 2892 ab
1974 2840 2103 2893 offe-

529 2917 702 2972 rendo
738 2933 982 2986 munere,
1005 2919 1100 2975 sed
1132 2921 1251 2991 ipsa
1292 2938 1510 2993 quoque
1531 2924 1749 2981 offerret
1780 2929 2101 2996 sanguinem

528 3008 644 3063 Deo
679 3023 710 3062 e
747 3010 1108 3077 virginalibus
1161 3020 1284 3066 orto
1329 3017 1728 3085 sangulnihus,
1767 3027 1936 3088 utque
1979 3035 2106 3090 pue-

1752 371 2026 432 LEONIS
2059 353 2518 432 PHILOSOPHI

503 484 620 540 fera
667 481 759 537 illa
810 481 992 537 omnia
1035 480 1334 535 devorante
1374 479 1761 534 dimicaturus.
1812 478 1918 533 Sed
1961 481 2074 534 hmc
2102 481 2310 540 Asane
2378 482 2818 553 consanguineus
2897 495 3056 534 nemo
3084 519 3099 542 ,

3692 361 3764 424 48

3177 478 3280 533 sub
3350 477 3466 547 lege
3540 475 3713 530 consti
3738 506 3766 516 -

2191 581 2384 637 tutus,
2438 571 2607 642 Begi-
2651 571 3036 625 universorum
3125 568 3321 623 infanti
3382 581 3606 622 munera
3681 562 3769 619 of-

2191 661 2362 726 fert,
2429 662 2525 718 sed
2611 661 2994 715 adorationem
3050 659 3428 729 praeripientes
3508 654 3669 710 alieni
3740 667 3773 706 a

2192 763 2424 822 cognato
2491 756 2812 825 sanguine,
2878 764 2933 808 et
3022 758 3234 821 gentem
3325 749 3394 801 ab
3473 747 3598 801 aliis
3667 760 3774 799 se-

2195 851 2454 912 gregante
2510 843 2646 914 lege,
2691 841 2828 912 Magi
2880 857 2944 898 ea
2994 841 3146 900 dant,
3191 837 3674 908 praesignificantes
3718 836 3774 888 in

2196 937 2393 1004 seipsis
2436 935 2554 990 fore
2600 943 2657 988 ut
2710 944 2897 1004 gentes
2947 939 3281 1004 praevertam
3326 929 3465 998 legis
3512 928 3777 994 cultores,

2196 1036 2250 1080 et
2300 1041 2396 1094 per
2445 1026 2590 1080 rivos
2647 1025 2930 1094 sanguinis
2988 1025 3328 1094 propinquos
3378 1023 3671 1087 Hebraeos,
3721 1021 3778 1075 in

2200 1117 2550 1189 agnoscendo
2601 1118 2991 1187 adorandoque
3032 1116 3178 1186 Rege
3224 1117 3318 1172 illo
3367 1116 3460 1186 qui
3501 1130 3678 1176 nunc,
3719 1120 3782 1165 ιιι

2201 1209 2423 1274 dltaret,
2455 1209 2520 1262 ad
2554 1223 2824 1262 summam
2858 1207 3078 1262 devenit
3123 1209 3386 1277 inopiam.
3432 1208 3474 1259 Δ
3497 1205 3698 1278 quibus
3727 1209 3783 1256 et

2202 1301 2326 1357 fidei
2363 1302 2757 1363 sinceritatem,
2792 1307 2846 1354 et
2887 1307 3105 1369 gratum
3131 1299 3346 1370 piorum
3393 1313 3617 1368 operum
3649 1296 3787 1350 odo-

2203 1408 2339 1456 rem,
2380 1401 2435 1446 et
2477 1399 2724 1445 motuum
2761 1390 2948 1446 carnis
3000 1391 3440 1453 restinctionem,
3486 1388 3652 1444 veluti
3685 1402 3784 1441 au-

2201 1499 2346 1548 rum,
2383 1495 2430 1537 et
2471 1483 2622 1545 thus,
2647 1490 2701 1537 et
2726 1483 3004 1553 myrrham
3035 1482 3286 1551 accipiet,
3318 1481 3518 1550 quibus
3546 1480 3650 1533 dux
3678 1478 3786 1532 erit

2205 1575 2272 1629 ad
2313 1574 2650 1629 adorandum
2703 1573 2966 1640 effulgens
3001 1573 3414 1642 praedicationis
3464 1570 3787 1640 splendidus

2205 1663 2420 1727 Oriens,
2459 1680 2556 1732 per
2593 1665 2805 1720 stellam
2844 1664 3122 1734 Magorum
3156 1679 3301 1717 nunc
3336 1663 3531 1716 ducem
3569 1675 3788 1730 praeno-

2210 1763 2375 1811 tatus.
2419 1754 2578 1809 Modo
2602 1755 2746 1808 enim
2783 1755 2952 1824 fugiet
2984 1753 3065 1807 ira
3101 1754 3372 1823 percitum
3415 1751 3710 1813 Herodem,
3738 1757 3793 1804 et

2204 1849 2504 1918 excipietnr
2530 1845 2784 1916 Egypto,
2820 1855 2933 1899 tum
2965 1853 3022 1899 ιιι
3057 1845 3362 1899 beneficum
3420 1845 3508 1897 illa
3541 1842 3790 1913 recipiat.

2208 1957 2367 2011 quem
2397 1939 2590 1993 habuit
2619 1939 2746 1993 olim
2795 1939 3130 2007 punitorem,
3164 1945 3276 1989 tttm
3309 1943 3368 1989 ut
3395 1935 3542 1988 aliud
3575 1941 3788 2004 myste-

2206 2029 2347 2082 rium
2402 2028 2501 2080 hae
2558 2026 2846 2094 praesentia
2900 2032 3142 2084 notetur,
3190 2023 3494 2077 visitandos
3533 2021 3788 2076 videlicet

2208 2135 2323 2184 eos,
2357 2118 2448 2188 qui
2489 2117 2718 2186 spiritali
2755 2116 3070 2170 serviebant
3115 2114 3369 2185 Egypto.
3394 2121 3448 2168 et
3484 2112 3614 2168 inde
3651 2112 3792 2166 libe-

2210 2210 2439 2275 randos,
2487 2210 2579 2280 qui
2632 2209 2916 2263 ductorem
2955 2222 3078 2262 eum
3117 2216 3446 2275 sequentur,
3478 2205 3568 2274 qui
3611 2203 3796 2258 infans

2206 2301 2567 2372 conspicitur.
2617 2298 2875 2352 Fortasse
2908 2297 3068 2351 etiam
3106 2296 3231 2367 fuga
3267 2297 3495 2350 infantis
3519 2296 3572 2347 in
3606 2294 3780 2364 Egyo

2208 2405 2380 2462 pttun.
2409 2391 2713 2462 symbolum
2745 2399 2863 2444 erat
2885 2390 3199 2458 migratum
3228 2385 3292 2442 ad
3329 2395 3516 2456 gentes
3533 2386 3799 2440 doctrinae

2206 2484 2554 2554 evangelicae.
2593 2480 2747 2536 Sicut
2771 2481 2914 2534 enim
2942 2479 3106 2548 judex
3141 2493 3235 2531 rex
3265 2476 3335 2531 ob
3367 2485 3552 2529 natum
3584 2474 3798 2534 insanit

2206 2591 2454 2647 puerum,
2478 2575 2550 2628 ita
2575 2571 2760 2626 allines
2779 2572 2852 2625 illi
2874 2571 2943 2624 ob
2965 2571 3255 2624 amentiam
3289 2566 3483 2628 Judazl,
3509 2566 3789 2620 exoriente

2203 2683 2299 2738 per
2332 2666 2570 2735 linguam
2604 2662 2997 2732 discipulorum
3030 2659 3417 2730 praedicatione
3442 2656 3799 2727 evangelica,

2206 2761 2392 2816 furore
2419 2757 2804 2825 corripientur,
2838 2763 2892 2807 et
2922 2751 3306 2822 aggredientur
3345 2748 3562 2818 quidem
3588 2761 3796 2799 crucu-

2204 2849 2276 2904 tis
2305 2847 2501 2902 animis
2537 2843 2946 2914 praedicationis
2990 2855 3212 2897 cursum
3256 2838 3648 2907 comprimere,
3696 2833 3794 2888 sed

2206 2939 2340 2992 nihil
2378 2936 2632 2992 efficient.
2685 2933 3069 2988 Verumtamen
3109 2932 3160 2984 in
3215 2928 3468 2996 praesenti
3519 2925 3794 2979 nefarium

2208 3029 2475 3085 Herodem
2512 3026 2724 3098 fugiens
2758 3024 3041 3079 contendit
3083 3023 3136 3076 in
3171 3019 3489 3090 Egyptum.
3524 3015 3790 3071 Postmo-

531 3097 620 3150 rlli
652 3100 888 3153 amentia
925 3101 1289 3156 laborantium
1330 3107 1437 3160 Deo
1469 3107 1856 3172 inimicorum,
1889 3113 1979 3179 qui
2015 3127 2113 3165 nec
2142 3118 2183 3174 C
2219 3121 2345 3174 dum
2405 3133 2536 3173 vero
2581 3097 2856 3172 ίιηειιιιιιιιιι
2927 3115 3284 3170 scelestarum
3349 3107 3575 3162 audacia
3600 3146 3614 3169 ,
3662 3098 3812 3159 inter

532 3190 787 3246 tibiarum
815 3208 1004 3261 sonos,
1038 3209 1137 3248 nec
1168 3195 1402 3252 lamenta
1434 3201 1699 3264 audiunt,
1745 3209 1804 3255 ut
1857 3203 2122 3273 scriptura

533 3281 737 3351 inquit,
773 3283 826 3337 in
867 3299 969 3338 suo
1001 3284 1244 3354 ipsorum
1295 3288 1564 3357 sanguine
1607 3290 1967 3360 praesignarel
2005 3308 2125 3362 pcr-

532 3373 737 3430 niciem
761 3416 774 3437 ,
812 3391 978 3444 quam
1009 3387 1208 3447 sponte
1236 3380 1454 3435 obirent
1478 3421 1493 3446 ,
1538 3384 1724 3436 Occiso
1757 3398 1852 3452 per
1882 3373 2135 3438 furorem

534 3465 991 3522 debacchantittm
1022 3468 1171 3540 Rege
1194 3473 1461 3540 gloria:,et
1484 3489 1707 3528 suarum
1741 3477 1884 3545 passi
1915 3479 2124 3529 anima-

536 3569 660 3609 rum
684 3556 956 3625 jacturam
984 3575 996 3610 :
1034 3563 1286 3628 quamvis
1318 3578 1426 3617 non
1468 3578 1566 3633 pro
1602 3565 1828 3628 illo,sed
1859 3565 1927 3619 ob
1968 3581 2123 3619 suam

537 3645 643 3712 ipsi
681 3647 926 3711 rabiem,
963 3664 1071 3718 qua
1103 3651 1186 3703 usi
1231 3651 1284 3704 in
1315 3667 1440 3704 eum
1493 3661 1656 3718 sunt,
1687 3665 1741 3707 et
1779 3665 2040 3716 mortem,
2075 3661 2129 3707 ct

541 3736 840 3803 perniciem
876 3739 1281 3792 sustinuerunt.
1310 3739 1376 3793 Et
1399 3741 1516 3796 haec
1537 3742 1753 3809 quidem
1777 3744 2131 3799 considerare

540 3824 668 3879 licet
703 3825 771 3881 de
807 3829 954 3882 cmde
986 3830 1280 3884 infantium
1331 3847 1491 3888 suum
1523 3834 1870 3889 offerentium
1904 3837 2128 3905 sangui—

543 3931 690 3969 nem.
724 3918 794 3973 At
819 3934 950 3974 vero
994 3921 1133 3976 Medi
1171 3925 1273 3977 rite
1309 3926 1553 3994 agnitum
1591 3926 1864 3982 honorent
1895 3926 2122 3998 Regem,

543 4009 904 4076 congruentia
971 4012 1136 4068 rebus
1193 4013 1488 4071 offerentes
1535 4033 1809 4085 munera,
1866 4027 2127 4088 tanquam

545 4094 682 4166 Regi
712 4108 767 4152 et
799 4097 933 4165 Deo,
972 4106 1300 4176 mortalique
1333 4107 1398 4162 ad
1449 4108 1784 4164 offerendam
1816 4111 2020 4164 mundo
2053 4111 2130 4164 vi-

545 4193 658 4239 tam
687 4227 702 4250 ,
735 4202 868 4241 auro
893 4229 908 4252 ,
942 4192 1102 4246 thure
1149 4203 1205 4249 et
1251 4197 1475 4268 myrrha
1520 4198 1781 4252 honorem
1818 4199 2130 4267 implentes.

551 4273 657 4330 Sed
683 4277 748 4331 ad
782 4278 916 4339 hair.
949 4290 1002 4335 et
1033 4284 1194 4337 aliam
1227 4285 1456 4340 subesse
1484 4286 1538 4340 in
1572 4287 1893 4342 muneribus
1939 4297 2134 4343 notan-

549 4365 674 4418 dam
717 4368 951 4436 inspicio
997 4374 1471 4439 significationem.
1528 4375 1759 4432 Videtur
1801 4379 1945 4433 enim
1998 4380 2130 4433 mihi

2225 3218 2468 3264 mortuos
2500 3205 2881 3260 numerabitur
2908 3241 2922 3266 ,
2963 3198 3186 3269 quando
3216 3196 3534 3250 Scribarum
3567 3200 3621 3245 et
3663 3190 3810 3242 Pha-

2236 3300 2521 3353 risaeorum
2554 3303 2776 3350 caterva
2808 3292 3030 3345 trudent
3064 3288 3116 3342 in
3149 3301 3293 3346 cum,
3323 3284 3414 3353 qui
3445 3282 3594 3337 venit
3626 3280 3692 3333 ad
3732 3279 3813 3332 fe-

2223 3387 2450 3441 rendam
2497 3384 2752 3445 salutem,
2786 3379 3034 3434 insidias.
3077 3375 3208 3441 Qua:
3256 3382 3314 3426 ιιι
3361 3373 3414 3425 in
3469 3385 3609 3440 opus
3657 3369 3814 3422 abie-

2223 3479 2356 3539 rint,
2413 3475 2649 3530 efficient
2696 3481 2754 3526 ιιι
2797 3469 3092 3524 oblationis
3131 3465 3467 3519 medicorum
3524 3474 3814 3512 munerum

2223 3565 2551 3636 signiﬂcmio
2579 3577 2739 3616 suum
2767 3561 3033 3613 sortiatur
3067 3559 3251 3613 finem.
3285 3569 3407 3608 cum
3436 3553 3552 3621 ipse
3582 3550 3810 3619 myrrha

2225 3657 2534 3722 t-omlietur,
2559 3663 2618 3706 ιιι
2644 3651 2909 3715 mortalis,
2938 3657 2993 3704 ut
3025 3663 3151 3702 vero
3185 3645 3347 3700 Deus.
3383 3654 3595 3712 gratum
3629 3641 3812 3692 incor-

2225 3749 2496 3818 ruptionis
2543 3746 2766 3799 odorem
2825 3741 3037 3795 mundo
3069 3737 3372 3800 diffundct,
3407 3746 3713 3804 gentesque
3764 3738 3819 3788 et

2224 3841 2462 3911 gentium
2499 3835 2806 3891 oblationes
2841 3833 3121 3900 Sttscipivt.
3161 3828 3361 3882 Verum
3400 3828 3513 3880 haec
3547 3841 3648 3880 suo
3673 3831 3816 3878 tem-

2225 3946 2355 4001 pore
2390 3928 2539 3982 fient.
2589 3924 2743 3978 Nunc
2785 3932 2966 3976 atttem
3016 3936 3137 3989 qua;
3185 3927 3314 3972 sunt
3358 3917 3644 3988 praesentis
3683 3930 3819 3984 aga-

2225 4037 2382 4085 mus,
2443 4027 2496 4073 et
2537 4017 2823 4087 proposita
2872 4012 3034 4067 nobis
3092 4019 3418 4064 tractemus.
3473 4006 3821 4060 Honoremus

2227 4108 2441 4163 Domini
2482 4106 2858 4168 Nativitatem,
2914 4101 3242 4156 festinemus
3291 4099 3356 4152 ad
3407 4095 3706 4151 videndum
3766 4094 3820 4146 in

2227 4201 2488 4271 spelunca
2547 4197 2942 4268 hospitantem.
3018 4195 3400 4262 Agnoscamus
3459 4195 3664 4242 tantam
3725 4185 3823 4240 de—

2227 4290 2568 4360 pressionem
2601 4287 2722 4355 ejus
2753 4285 2846 4354 qui
2887 4292 2971 4340 est
3006 4282 3156 4337 omni
3187 4279 3479 4334 altitudine
3514 4275 3816 4332 excelsior.

2235 4378 2538 4434 Noscamus
2579 4377 2742 4442 cujus
2775 4376 2852 4430 rei
2885 4372 3061 4445 gratia
3101 4380 3316 4426 tantum
3365 4367 3686 4438 mysterium
3741 4364 3822 4426 lit,

552 4468 748 4524 praeter
786 4461 861 4530 id,
908 4465 1054 4531 quod
1079 4481 1141 4519 ea
1173 4481 1295 4535 qua:
1325 4466 1628 4522 offeruntur
1673 4470 1800 4538 quid
1835 4445 1889 4524 id
1923 4470 2132 4526 Infante
2163 4445 2206 4500 θ
2245 4477 2303 4522 ιιι
2353 4467 2443 4538 qui
2479 4482 2669 4522 omnes
2720 4464 2858 4518 ditat
2907 4461 2974 4518 ad
3023 4461 3263 4532 inopiam
3325 4456 3582 4512 redactus
3623 4454 3716 4513 sit,
3772 4463 3826 4510 ct

555 4557 683 4603 nato
715 4550 787 4607 sit
823 4554 1122 4622 denotant,
1174 4561 1480 4627 praenuntia
1525 4577 1737 4630 quoque
1779 4577 1899 4616 esse
1936 4561 2133 4618 futnrze

556 4643 961 4722 quamprimum
997 4646 1102 4717 ipsi
1147 4649 1480 4706 haereditatis
1531 4651 1791 4718 gentium.
1841 4652 2132 4724 Propterea

2241 4569 2461 4615 creetur
2507 4559 2736 4612 Creator
2785 4565 2839 4610 et
2881 4557 3024 4610 Deus
3069 4560 3330 4607 nascatur
3375 4557 3437 4604 ut
3479 4547 3664 4606 homo,
3697 4545 3828 4597 licet

2246 4669 2350 4706 non
2433 4665 2584 4705 more
2657 4651 2964 4704 ltumano:
3027 4654 3084 4700 ut
3153 4644 3406 4701 videlicet
3481 4637 3826 4696 confractum

2071 4787 2314 4845 ΝΟΤεΕ.

558 4901 765 4968 absque
798 4901 1101 4970 aper'ione,
1138 4908 1192 4954 et
1224 4900 1477 4970 clausura
1524 4899 1696 4962 salva,
1723 4901 1958 4968 perviam
1995 4901 2133 4954 vidit

560 4969 1028 5038 Ezechiel.capit.
1061 4985 1184 5023 XLIV
1215 4986 1228 5024 :
1265 4969 1425 5023 Porta
1450 4975 1560 5022 lucc
1577 4971 1763 5022 clausa
1785 4971 1906 5031 erit,
1939 4978 1988 5023 et
2030 4987 2132 5023 non

559 5042 847 5108 aperietur,
883 5049 930 5092 et
965 5040 1044 5091 vir
1073 5057 1173 5091 non
1209 5039 1455 5092 transibit
1475 5055 1566 5104 per
1581 5055 1718 5103 eam,
1748 5041 1998 5107 quoniam
2028 5040 2135 5094 Do-

558 5112 734 5162 minus
773 5109 906 5161 Deus
944 5109 1110 5162 Israel
1151 5110 1416 5177 ingressus
1453 5118 1530 5161 est
1592 5126 1684 5176 per
1715 5111 1888 5172 illam,
1931 5111 2133 5175 eritque

560 5181 747 5233 clausa
769 5181 1017 5246 principi.
1048 5179 1173 5232 llaec
1205 5182 1349 5231 enim
1380 5179 1702 5247 prophetica
1732 5180 1898 5233 verba
1922 5180 1987 5232 ad
2019 5181 2130 5234 Ma-

561 5251 698 5318 riam
731 5259 855 5302 ante
889 5256 1126 5317 partum,
1165 5249 1218 5300 in
1245 5257 1426 5315 partu,
1468 5256 1522 5300 et
1569 5257 1693 5316 post
1735 5259 1973 5318 partum,
2010 5266 2131 5304 vere

561 5317 783 5374 Portam
821 5332 1085 5386 perpetuo
1114 5319 1387 5386 clausam,
1415 5318 1603 5373 sedulo
1648 5317 2138 5374 accommodantur

565 5403 593 5440 a
620 5385 1020 5458 Chrysostomo
1054 5389 1242 5441 homil.
1275 5388 1341 5441 de
1370 5385 1428 5442 S.
1451 5386 1536 5442 Jo.
1583 5388 1847 5457 Baptista,
1871 5387 2135 5458 Hierony-

565 5472 656 5523 mo
681 5457 884 5525 in’cap.
919 5475 1044 5511 λων
1079 5459 1400 5519 Ezechielis,
1427 5468 1482 5509 et
1515 5458 1610 5510 lib.
1640 5474 1675 5512 ll
1715 5468 1906 5511 contra
1927 5457 2136 5525 Pelag,

567 5527 860 5598 Ambrosio
901 5529 967 5582 de
1012 5526 1554 5598 lnstitutioncWVirg.
1594 5544 1720 5598 cap.
1770 5529 1799 5580 7
1845 5537 1898 5582 et
1944 5529 1995 5590 8,
2032 5532 2137 5580 Λιι-

569 5597 786 5655 gnstino
821 5612 990 5652 scrin.
1019 5598 1054 5651 ‘2
1094 5607 1147 5652 et
1180 5598 1245 5650 M
1276 5598 1330 5650 in
1367 5597 1545 5652 Natali
1587 5597 1798 5651 Domini
1822 5637 1835 5658 ,
1898 5598 2136 5652 Eusebio

571 5665 1085 5723 Emissenollomil.
1121 5669 1138 5718 1
1179 5667 1246 5722 de
1286 5667 1490 5720 Nativit
1541 5667 1774 5733 Domini,
1819 5667 2030 5721 Rullinn
2078 5669 2131 5720 iu

573 5736 913 5804 expositione
962 5738 1218 5805 symboli,
1258 5740 1592 5801 [Mittasceno
1645 5737 1736 5792 lib.
1788 5755 1836 5792 ιν
1887 5739 1953 5791 de
2006 5739 2132 5794 Fide

2232 4901 2584 4965 Orthodoxa,
2649 4899 2812 4953 Petro
2864 4896 3122 4950 Damiani
3177 4908 3341 4965 serm.
3386 4893 3471 4965 A5_
3511 4891 3601 4965 de_
3639 4889 3824 4965 l_\‘_ativ.

2235 4971 2407 5040 Virg.,
2434 4957 2673 5023 Amedvo
2690 4967 3064 5040 Lausannensi
3089 4965 3289 5040 Ilomil.
3311 4963 3344 5016 4
3367 4962 3433 5040 de
3453 4959 3602 5040 baud
3616 4957 3825 5040 ."Vi‘rgn

2239 5026 2516 5095 Germano
2535 5039 3164 5104 Constantinopolitano
3181 5031 3336 5087 Orat.
3369 5032 3435 5086 de
3455 5026 3831 5104 yztt._B.y:r-

2232 5112 2368 5180 gin.,
2403 5109 2674 5180 Hesychio
2707 5097 2939 5180 Humilia
2968 5105 3002 5158 2
3041 5104 3106 5180 de
3153 5103 3406 5180 Qeipara,
3433 5099 3650 5180 “Proclo
3685 5097 3831 5180 qun-

2234 5166 2734 5246 stan'tinop'olitano
2771 5177 2824 5246 in
2850 5174 3028 5228 Serm.
3068 5166 3669 5246 dc__Nativit._Domini,
3697 5166 3830 5246 dtu-

2237 5259 2392 5315 pcrto
2444 5236 2541 5303 lib.
2589 5263 2602 5302 t
2640 5249 2693 5300 in
2745 5245 3060 5316 Matthaaum
3101 5243 3334 5316 aliisque
3367 5239 3642 5316 pluribus.
3688 5236 3830 5316 _\’ide

2235 5307 2618 5374 Colvcnerium
2662 5319 2714 5369 in
2767 5315 2887 5368 Kal.
2935 5313 3178 5366 Mariano
3231 5307 3320 5366 die
3363 5310 3436 5363 25
3484 5307 3826 5366 Decembris,

2237 5406 2367 5442 num
2403 5389 2455 5441 4.
2493 5387 2556 5444 5.
2597 5387 2648 5440 6.
2684 5389 2714 5440 7
2743 5395 2795 5441 et
2825 5385 2880 5439 8.
2913 5382 3014 5437 Ubi
3053 5383 3293 5435 adducto
3345 5381 3511 5433 etiam
3563 5375 3828 5444 praedicto

2237 5457 2544 5513 Ezechielis
2573 5456 2914 5517 testimonio,
2940 5453 3039 5506 SS.
3076 5452 3298 5504 Patrum
3329 5449 3700 5518 explicatione
3722 5459 3820 5518 ro-

2236 5530 2453 5588 borato,
2507 5529 2576 5581 de
2618 5534 2774 5595 porta
2809 5515 3209 5595 clausa,_qu:e
3253 5536 3359 5573 non
3403 5515 3667 5595 aperitur,
3722 5515 3829 5592 late

2235 5599 2429 5667 probat
2456 5588 2681 5650 Mariam
2715 5593 2997 5667 Virginem
3023 5588 3424 5667 c_l_aus_o_ut_ero.
3461 5596 3625 5667 atque
3649 5588 3822 5667 invio:

2236 5655 2360 5721 iatis
2423 5666 2758 5736 integritatis
2813 5655 3116 5736 signaculis
3173 5660 3454 5715 Christum
3532 5655 3824 5711 Dominum

2237 5753 2533 5800 DPDBHSSC.
