4104 6446
347 355 416 420 49
1160 352 1441 414 ORATIO
1479 352 1581 414 VI.
1610 376 1678 387 -
1707 349 1790 411 ΙΝ
1814 348 2128 410 CHRISTI
2165 348 2687 411 NATIVITATEM
2722 353 2839 414 III.
3565 353 3630 416 50

349 467 680 521 iustauretur
705 502 721 526 ,
776 469 841 514 ut
876 467 1023 513 terra
1072 459 1329 514 obrutum
1363 468 1712 530 repurgetur,
1750 471 1805 515 et
1847 459 1931 512 in-
1956 456 2010 517 A
2034 456 2234 525 potiori
2261 456 2595 512 dominetur.
2624 456 2701 509 Ne
2730 458 3055 528 colligamus
3088 457 3512 515 amaritudinem
3550 478 3617 517 ex

352 564 501 613 veuta
552 552 829 607 drachma
874 564 978 605 suo
1028 559 1329 620 reponatur
1382 551 1438 604 in
1485 552 1749 613 thalamo,
1781 560 1840 603 ut
1869 565 1937 604 ne

349 645 582 717 amplius
617 646 674 699 in
708 643 924 697 vilitate
950 641 1236 711 iaceamus
1263 684 1279 709 ,
1318 656 1420 697 nec
1464 643 1699 711 turpiter
1725 640 1937 695 servia-

349 755 471 795 mus
503 777 517 799 ,
552 738 647 792 sed
696 734 766 788 ad
802 741 1048 788 nostram
1088 732 1366 787 intuentes
1403 732 1744 799 nobilitatem
1768 769 1784 794 ,
1819 730 1937 783 vir-

349 840 469 886 tute
524 826 781 883 sublimis
830 823 1252 889 esinanftiouis,
1304 823 1569 876 vilitatem
1631 828 1938 876 commute-

350 937 494 985 mus,
522 922 644 974 loco
676 917 977 973 servitutis
995 917 1166 971 evecti
1201 917 1254 970 in
1286 915 1649 974 dominatum.
1688 929 1786 982 pro
1819 928 1941 982 ege-

348 1022 498 1069 state
540 1010 765 1066 divitias
813 1016 1220 1075 comparantes,
1262 1022 1385 1076 qua:
1429 1015 1555 1058 sunt
1599 1005 1721 1072 ejus
1750 1003 1943 1072 acqui-

351 1113 559 1169 rentes,
595 1103 689 1172 qui
726 1109 917 1155 nostra
954 1100 1072 1168 ipse
1095 1114 1192 1152 sua
1219 1097 1370 1160 fecit,
1407 1108 1465 1151 ut
1502 1097 1615 1149 hzec
1656 1102 1943 1165 prazSIaret

350 1195 595 1251 advenit.
622 1190 721 1248 His
757 1190 1065 1245 honOribus
1092 1188 1182 1243 ille
1208 1188 1430 1259 gaudet,
1466 1202 1563 1257 per
1598 1187 1711 1240 haec
1742 1183 1943 1239 nativi-

350 1294 519 1342 tatem
554 1288 873 1338 adoremus.
913 1280 1210 1334 Induamus
1232 1321 1246 1343 ,
1288 1280 1508 1341 fratres,
1542 1292 1763 1332 sensum
1797 1275 1941 1344 ejus,

357 1382 451 1450 qui
490 1394 598 1432 non
626 1374 851 1430 erubuit
888 1382 1077 1427 noster
1113 1372 1227 1426 fieri
1261 1370 1448 1432 frater,
1477 1386 1583 1424 non
1616 1378 1942 1440 aspernatus

354 1478 441 1526 est
485 1483 583 1521 nos
628 1466 681 1519 in
732 1465 1011 1518 vilissimo
1055 1462 1298 1531 jacentes
1344 1462 1639 1527 subsellio,
1695 1477 1762 1515 ne
1811 1476 1945 1516 con-

360 1572 662 1617 temnamus
690 1566 743 1609 et
774 1571 876 1609 nos
913 1554 969 1608 in
996 1553 1160 1609 simili
1189 1552 1408 1606 fortuoa
1442 1554 1671 1621 positos.
1704 1553 1807 1619 Qui
1840 1552 1943 1606 hac

362 1654 527 1709 etiam
584 1651 633 1703 in
675 1654 832 1718 parte
882 1644 1111 1699 multam
1160 1642 1255 1697 Dei
1302 1644 1690 1712 benignitatem
1739 1644 1947 1713 experi-

358 1760 505 1808 mur,
536 1756 661 1797 cum
704 1741 862 1810 plura
904 1737 1282 1809 possideamus
1315 1750 1479 1805 quam
1513 1736 1546 1788 ii
1579 1750 1812 1804 quorum
1847 1748 1947 1805 par

354 1844 410 1891 et
448 1833 647 1891 similis
678 1832 746 1886 ad
776 1832 947 1887 vitam
980 1829 1082 1884 fuit
1130 1830 1437 1896 ingressus.
1476 1827 1555 1881 Ne
1588 1829 1686 1882 tibi
1744 1828 1939 1884 subre-

356 1933 450 1994 pat
501 1933 563 1978 ut
619 1923 917 1978 cicatrices
968 1923 1222 1974 conservi
1269 1918 1602 1982 exhorreas,
1657 1932 1780 1971 cum
1829 1917 1946 1985 ipsc

354 2013 765 2070 abominandus
794 2011 1099 2072 exstiteris,
1134 2026 1242 2064 non
1273 2008 1625 2063 cicatricibus
1654 2006 1826 2061 invito
1864 2006 1948 2058 in-

359 2108 550 2170 flictis,
578 2104 673 2160 sed
710 2118 847 2173 quas
888 2101 989 2155 tibi
1024 2110 1220 2170 sponte
1264 2099 1518 2161 intulisti,
1550 2108 1603 2152 et
1634 2097 1832 2168 Regem
1863 2104 1949 2152 ta-

355 2214 477 2252 men
524 2194 594 2249 ad
621 2202 676 2249 te
710 2190 1065 2246 accedentem
1103 2189 1384 2243 habueris.
1410 2187 1485 2242 Ne
1513 2188 1773 2242 humilem
1795 2187 1949 2258 gravi

353 2290 636 2359 apprimas
666 2300 855 2348 manu,
892 2297 1103 2337 memor
1131 2281 1438 2337 vexationis
1467 2295 1629 2349 quam
1665 2280 1949 2349 tyrannica

357 2392 662 2451 oppressus
708 2391 877 2430 manu
930 2373 1283 2435 sustinuisti,
1335 2379 1390 2427 et
1427 2371 1617 2425 auxilii
1663 2370 1809 2441 quod
1846 2370 1949 2423 ha-

363 2474 556 2528 buisti.
600 2470 674 2525 Nc
712 2468 979 2523 habueris
1028 2466 1156 2519 odio
1204 2463 1484 2519 Creatoris
1514 2464 1806 2535 imaginem
1833 2502 1848 2526 ,
1883 2477 1952 2516 ne

356 2565 632 2627 invideas,
672 2563 766 2632 qui
801 2569 1023 2631 propter
1055 2556 1316 2611 invidiam
1345 2556 1484 2608 mala
1516 2572 1576 2609 es
1610 2570 1827 2624 passus,
1864 2554 1951 2608 in-

358 2658 528 2713 fausti
573 2656 873 2718 damonis,
932 2653 1139 2723 Quique
1178 2652 1390 2721 primus
1429 2650 1482 2703 in
1524 2648 1615 2701 Dei
1662 2648 1950 2717 imaginem

358 2748 573 2803 invidos
623 2747 814 2802 oculos
873 2744 1095 2814 adjecit,
1147 2743 1389 2796 animum
1441 2742 1708 2793 imitatus.
1760 2738 1954 2794 Necte

358 2840 542 2895 facias
568 2848 831 2909 tanquam
871 2853 993 2902 vas,
1032 2837 1085 2890 in
1132 2850 1242 2905 quo
1279 2833 1353 2887 sit
1393 2832 1629 2902 positmn
1662 2847 1954 2896 venenum,

351 2930 505 2999 quod
530 2928 625 2999 qui
660 2928 869 2981 inscius
920 2923 1218 2993 acceperit,
1254 2921 1518 2976 damnum
1549 2919 1843 2974 contrahit.
1878 2917 1956 2973 Ne

350 3020 513 3076 carui
567 3019 987 3090 indulgeamus,
1037 3029 1138 3070 nec
1188 3011 1425 3069 inferius
1471 3011 1854 3081 permittamus
1899 3017 1957 3062 ut

2052 547 2399 602 demulcente
2421 548 2722 617 voluptate.
2757 550 2814 603 In
2843 564 3055 603 summa
3081 551 3339 619 pelliceas
3363 568 3630 609 exuamus

2052 650 2257 705 vestes,
2291 656 2418 695 nam
2451 644 2597 710 quod
2626 645 2732 697 illis
2766 644 2951 697 amicti
2982 644 3210 710 fuimus,
3245 646 3456 701 idcirco
3497 663 3632 716 pan-

2054 733 2140 788 nis
2173 732 2472 786 involvitur
2501 732 2789 790 Dominus.
2824 732 3047 789 Fiamus
3078 750 3268 789 revera
3292 736 3391 801 dii,
3430 753 3494 791 ex
3528 738 3634 792 Deo

2052 836 2185 875 vero
2229 821 2282 875 id
2323 822 2696 891 accipientes,
2740 840 2846 877 non
2888 835 2945 878 ut
2984 826 3054 879 ab
3102 834 3352 894 a‘postala
3388 828 3635 882 daemone

2049 912 2281 967 velimus
2299 927 2400 967 nos
2425 914 2479 967 in
2504 921 2710 967 tantam
2730 915 3049 984 dignitatem
3078 914 3376 969 intrudere.
3412 914 3636 972 Fiamus

2050 1003 2150 1057 filii
2187 1004 2469 1060 Altissimi
2502 1016 2722 1074 propter
2771 1021 2921 1070 eum,
2962 1006 3058 1077 qui
3092 1005 3270 1061 factus
3289 1015 3374 1061 est
3397 1008 3634 1063 hominis

2053 1093 2249 1149 Filius.
2280 1093 2360 1147 Ita
2403 1094 2665 1148 honorem
2689 1095 3040 1153 conferentes
3074 1105 3350 1163 nostrum,
3389 1098 3633 1152 honore-

2055 1201 2180 1241 mus
2210 1202 2335 1241 eum
2364 1186 2456 1256 qui
2487 1188 2705 1241 devenit
2733 1188 2798 1243 ad
2823 1189 3073 1246 homines
3103 1199 3162 1245 ut
3185 1190 3447 1245 honorem
3471 1191 3636 1246 homo

2054 1284 2403 1347 assequatur.
2443 1277 2523 1333 Ita
2550 1278 2731 1334 aﬂ‘ecti
2764 1295 2887 1335 cum
2924 1283 3133 1353 angelis
3167 1283 3395 1353 gloriam
3427 1283 3639 1338 tribua-

2056 1386 2201 1434 mus,
2239 1380 2295 1425 et
2337 1370 2502 1426 simul
2537 1387 2660 1426 cum
2697 1373 3014 1443 pastoribus
3053 1390 3345 1430 curramus
3372 1416 3386 1441 ,
3431 1386 3484 1430 et
3514 1391 3638 1429 cum

2054 1459 2229 1531 Magis
2276 1464 2743 1533 exspectationem
2796 1465 3037 1535 gentium
3080 1466 3393 1522 adoremus.
3453 1467 3641 1536 Neque

2058 1553 2205 1608 enim
2259 1561 2344 1608 est
2400 1568 2511 1624 quo
2561 1555 2737 1623 magis
2772 1556 3072 1611 honoretur
3112 1573 3277 1627 quam
3334 1558 3544 1612 honore
3585 1568 3640 1613 et

2059 1643 2257 1715 gloria,
2292 1661 2415 1715 qua:
2453 1660 2556 1701 nos
2594 1645 2897 1701 deferimus
2928 1662 3162 1716 quorum
3213 1656 3472 1718 suscepto
3511 1664 3641 1702 san-

2052 1734 2220 1802 guine
2248 1733 2416 1789 frater
2441 1734 2681 1791 exsistit.
2724 1734 2854 1793 Sed.
2884 1750 2917 1790 o
2941 1737 3031 1805 qui
3062 1752 3092 1791 e
3112 1737 3439 1793 celsitudine
3456 1739 3642 1807 gloriae

2052 1830 2160 1879 tuae
2183 1825 2247 1878 ad
2282 1832 2530 1879 nostram
2565 1824 2900 1881 descendisti
2927 1826 3315 1892 humilitatem,
3350 1843 3452 1883 nec
3492 1836 3641 1881 tuam

2050 1914 2262 1984 liquisti
2316 1914 2697 1969 altitudinem!
2752 1931 2785 1971 ο
2826 1916 3075 1971 Salvator
3132 1933 3345 1984 eorum,
3397 1934 3535 1987 quos
3584 1926 3642 1973 ut

2059 2012 2415 2059 converteres
2462 2004 2602 2058 male
2655 2019 2685 2057 a
2735 2014 2787 2059 te
2834 2005 3154 2061 aberrantes
3198 2006 3513 2063 exinanitus
3542 2012 3639 2063 es!

2053 2112 2087 2151 o
2136 2110 2332 2151 recens
2363 2095 2557 2161 lIomo,
2590 2105 2644 2151 et
2679 2095 2916 2151 Verbum
2951 2100 3314 2153 aeternitatem
3346 2113 3641 2167 superans,

2053 2197 2175 2243 esto
2219 2188 2315 2242 tibi
2354 2198 2407 2242 et
2451 2189 2613 2242 nobis
2661 2203 2763 2258 pro
2832 2189 3095 2243 natalitiis
3156 2189 3482 2244 muneribus
3531 2191 3645 2243 haec

2053 2280 2253 2335 oratio.
2279 2279 2443 2334 Refer
2474 2287 2529 2332 tu
2564 2280 2743 2345 nobis,
2776 2287 2837 2333 ut
2876 2280 3149 2349 gubernes
3188 2289 3242 2333 et
3269 2280 3644 2343 administres,

2065 2386 2171 2424 una
2202 2386 2326 2425 cum
2356 2371 2425 2425 iis
2457 2371 2657 2440 quibus
2698 2370 3065 2439 gubernacula
3115 2369 3415 2435 tradidisti,
3455 2369 3645 2424 mundi

2056 2465 2273 2525 navim.
2320 2472 2381 2517 ut
2427 2465 2530 2517 sub
2585 2471 2641 2517 te
2679 2463 3069 2533 gubernatore,
3121 2464 3435 2533 superiores
3491 2462 3644 2516 omni

2058 2555 2323 2624 procella,
2352 2553 2758 2624 navigationem
2799 2568 3147 2622 peragamus,
3176 2565 3431 2608 cessante
3469 2553 3644 2606 unda-

2056 2663 2179 2702 rum
2206 2648 2254 2701 vi
2278 2689 2293 2710 ,
2329 2657 2383 2702 et
2414 2647 2469 2702 in
2502 2654 2680 2701 tutum
2724 2645 3084 2701 deveniamus
3113 2655 3331 2716 portum
3360 2664 3374 2699 :
3422 2645 3511 2700 ubi
3550 2660 3650 2715 po-

2057 2740 2221 2805 sitos,
2254 2748 2310 2795 et
2336 2739 2742 2810 tranquillitate
2782 2738 3052 2801 fruentes,
3090 2738 3436 2792 abduxerunt
3476 2738 3651 2806 impe-

2061 2830 2204 2885 tuosi
2263 2837 2319 2884 et
2372 2830 2734 2886 vehementes
2778 2830 2948 2885 venti.
2982 2828 3101 2894 Quo
3132 2842 3233 2882 nos
3282 2827 3517 2881 devehas
3555 2844 3650 2896 ap-

2062 2921 2275 2989 pulsos,
2312 2928 2434 2989 post
2466 2921 2632 2991 hujus
2683 2922 2807 2975 vita:
2845 2919 3244 2988 traiectionem,
3283 2916 3565 2972 laudantes
3597 2924 3653 2972 et

2063 3011 2440 3082 glorificantes
2472 3022 2522 3067 te
2556 3014 2608 3067 in
2637 3013 2833 3067 sa3cula
2865 3012 3214 3068 saeculorum.
3245 3012 3440 3066 Amen.

1810 3145 2073 3202 ORATIO
2099 3147 2183 3203 VI.

422 3250 501 3306 In
550 3249 750 3307 Christi
775 3248 1130 3309 nativitatem,
1154 3242 1364 3316 quando
1390 3258 1454 3298 ea:
1506 3240 1853 3316 immaculata
1886 3244 2018 3316 nube
2055 3252 2393 3316 transvectus
2424 3245 2481 3297 in
2507 3244 2697 3299 seniles
2727 3260 2939 3308 manus,
2988 3243 3295 3297 umbrarum
3327 3243 3577 3313 templum

1555 3313 1825 3381 ingressus
1862 3321 1939 3364 est
1976 3312 2069 3366 Sol
2102 3313 2289 3382 gloria:
2318 3314 2454 3381 (Il).

1591 3425 1882 3497 (dimicet,
1919 3427 2026 3482 loc.
2061 3428 2158 3483 cit.
2192 3443 2247 3498 p.
2292 3428 2406 3496 72.)

418 3546 640 3605 Christi
702 3542 1105 3600 solemnitatem
1162 3539 1498 3594 honoramus
1534 3535 1670 3605 (I2),
1705 3535 1800 3605 qui
1864 3536 2034 3598 riteC
2074 3536 2330 3609 degitque
2386 3538 2491 3593 sub
2558 3538 2694 3608 lege,
2765 3547 2822 3591 ut
2880 3547 2935 3593 et
3005 3538 3321 3593 constitutis
3378 3538 3482 3592 sub
3531 3544 3651 3608 lege

346 3637 619 3695 omnibus
666 3632 1014 3687 tribuendum
1070 3629 1262 3685 statuit
1293 3628 1579 3681 honorem.
1614 3625 1822 3680 Christi
1869 3640 1962 3680 sa-

346 3746 517 3787 cram
541 3729 755 3798 agimus
787 3723 1179 3788 celebritatem,
1212 3734 1310 3790 per
1330 3734 1487 3787 quem
1511 3717 1753 3788 profanae
1775 3732 1963 3773 sacro-

347 3838 482 3877 rum
513 3816 913 3873 relehrationes
942 3812 1229 3867 exstinctae
1250 3816 1400 3875 sunt,
1433 3817 1488 3862 et
1511 3816 1717 3863 sauctze
1740 3807 1954 3861 dierum

348 3911 632 3968 festorum
686 3902 1104 3960 observationes
1166 3907 1392 3954 exortae.
1448 3897 1569 3963 Quo
1612 3897 1667 3949 in
1699 3896 1959 3964 spelunca

347 4013 515 4067 orto,
555 4008 615 4051 ut
648 3999 792 4060 luce,
828 4002 882 4049 et
919 4008 1063 4048 nunc
1087 3998 1414 4062 praesentem
1456 3990 1613 4045 nobis
1650 3988 1961 4042 illustrante

346 4093 535 4157 diem,
562 4089 666 4160 ipsi
703 4100 919 4156 quoque
990 4084 1363 4154 splendemus.
1427 4082 1642 4137 Ilursus
1700 4082 1845 4135 enim
1886 4079 1955 4144 is,

350 4202 460 4255 per
529 4194 694 4251 quem
740 4175 1120 4234 exsultationis
1173 4174 1357 4228 lumen
1409 4172 1817 4243 conspeximus,
1867 4170 1963 4241 qui

348 4277 408 4330 in
452 4270 710 4327 tenebris
770 4281 1142 4322 aerumnarum
1193 4264 1541 4327 sedebamus,
1598 4261 1808 4330 profert
1873 4275 1959 4314 so-

348 4362 673 4421 Iemnitatis
746 4359 1132 4413 hilaritatem:
1196 4370 1306 4409 non
1356 4369 1388 4410 e
1452 4354 1711 4424 spelunca
1777 4352 1964 4407 radios

350 4454 713 4518 diffundens,
775 4451 871 4507 sed
931 4450 1086 4519 quasi
1147 4448 1293 4503 nube
1323 4454 1497 4500 matre
1553 4444 1777 4515 Virgine
1834 4459 1961 4498 vec-

354 4556 490 4608 tus;
527 4554 630 4597 nec
692 4539 746 4594 in
794 4537 1020 4608 prmsepi
1072 4536 1283 4603 jaccus,
1326 4533 1421 4590 sed
1483 4522 1788 4603 paternam-
1826 4531 1960 4586 sub-

354 4636 488 4690 iens
556 4632 802 4687 domum.
876 4628 980 4694 Qui
1045 4636 1272 4691 terram,
1343 4625 1584 4681 hominis
1653 4630 1960 4692 parentem,

356 4728 559 4784 Verbo
618 4722 949 4793 procreavit,
1008 4721 1233 4775 Matrem
1287 4720 1393 4775 sibi
1457 4718 1665 4788 pridem
1728 4716 1958 4778 faciens,

357 4828 592 4874 natura:
630 4815 777 4885 leges
831 4812 1146 4875 innovabat,
1189 4830 1220 4866 e
1247 4812 1409 4865 vulva
1456 4808 1811 4880 progrediens
1843 4808 1963 4862 sine

360 4905 615 4960 seriiine.
672 4900 834 4955 Nunc
885 4916 1017 4956 vero
1075 4900 1355 4955 communi
1409 4914 1598 4953 eorum
1646 4898 1764 4968 lege
1826 4912 1967 4966 quo-

359 5009 501 5047 rum
554 5008 586 5047 c
637 4992 849 5046 semine
914 5006 1132 5046 carnem
1200 4990 1524 5060 assumpsit,
1579 4989 1673 5059 qui
1721 5003 1842 5042 eam
1908 4989 1965 5041 in

364 5086 515 5140 Sina
577 5082 853 5147 condidit,
912 5082 1078 5136 veluti
1137 5081 1353 5136 debitor
1393 5080 1649 5135 mandata
1695 5079 1818 5149 ejus
1866 5078 1969 5133 im-

364 5180 507 5247 plet,
532 5174 723 5229 Gloria
751 5172 937 5237 Israel,
968 5175 1207 5243 gentium
1244 5170 1473 5227 Lumen.
1510 5171 1713 5226 Omnes
1757 5177 1971 5241 gentes,

363 5268 627 5324 conferte
682 5266 922 5330 laudem,
959 5278 1087 5319 ecce
1145 5264 1289 5318 enim
1325 5264 1470 5319 Deus
1500 5261 1678 5319 fartus
1710 5269 1796 5317 est
1830 5276 1968 5332 puer

2071 3644 2227 3698 Opem
2283 3630 2463 3695 ferat,
2511 3630 2655 3700 quod
2706 3629 2782 3683 illi
2829 3630 3015 3684 deerat
3058 3631 3343 3700 supplens,
3375 3638 3429 3684 et
3454 3631 3645 3684 viveu.

2077 3718 2229 3773 tibus
2268 3717 2389 3773 sine
2450 3719 2567 3788 lege
2611 3718 2867 3787 gentibus
2903 3727 3061 3772 notas
3104 3718 3268 3773 faciat
3324 3734 3437 3772 suae
3497 3719 3657 3773 boni-

2074 3809 2205 3863 tatis
2260 3808 2503 3863 divitias.
2564 3807 2697 3861 Nam
2743 3808 2871 3876 quia
2923 3808 3009 3862 lex
3064 3807 3160 3862 Dei
3216 3808 3391 3877 digito
3443 3809 3649 3876 scripta

2075 3916 2182 3953 non
2248 3898 2465 3953 valebat
2526 3898 2795 3953 rationem
2860 3898 3228 3964 deturbatam,
3277 3897 3396 3964 ejus
3459 3913 3649 3966 opera,

2071 3988 2165 4054 qui
2215 3987 2392 4056 primo
2448 3985 2597 4038 illam
2664 3987 2847 4054 pravis
2897 3984 3131 4038 abduxit
3176 3983 3546 4046 suasionibus,
3588 3985 3657 4039 ad

2071 4077 2280 4147 frugem
2314 4077 2510 4130 bonam
2553 4076 2811 4131 reducere
2860 4090 2958 4129 nec
2992 4075 3137 4129 velut
3193 4088 3458 4145 organum
3532 4075 3662 4129 har-

2073 4167 2258 4222 monia
2317 4167 2664 4234 destitutum,
2740 4183 2839 4223 sua
2901 4168 3136 4238 propriis
3190 4177 3377 4236 aptare
3419 4182 3658 4222 concen-

2072 4262 2243 4325 tibus,
2279 4276 2380 4315 nec
2432 4261 2633 4316 docere
2684 4272 2744 4315 ut
2795 4276 2882 4315 res
2927 4276 3056 4316 suas
3119 4261 3256 4325 bene
3310 4261 3658 4330 disponeret:

2073 4352 2171 4407 sed
2200 4352 2342 4407 mala
2371 4353 2707 4407 deteriorum
2741 4353 3115 4407 additamenta
3148 4353 3495 4416 crescebant,
3527 4368 3654 4407 cum

2073 4444 2208 4499 satis
2233 4459 2341 4498 nou
2376 4452 2524 4499 esset
2572 4444 2733 4499 nobis
2783 4458 2949 4499 ausos
3008 4443 3179 4498 fuisse
3228 4443 3660 4505 contmnaeiam,

2074 4535 2169 4591 sed
2218 4550 2322 4589 una
2352 4550 2477 4588 cum
2534 4544 2807 4603 praecepto
2851 4534 3232 4604 rcjecissemus
3258 4540 3312 4588 et
3342 4533 3657 4599 Dominum,

2075 4633 2273 4689 mente,
2322 4624 2499 4679 instar
2546 4624 2678 4692 pulli
2725 4624 2938 4679 frenum
3004 4624 3326 4689 mordentis,
3371 4631 3426 4677 et
3463 4624 3666 4692 praeci—
3758 4632 3759 4635 ‘

2077 4715 2242 4784 pitem
2274 4730 2334 4771 se
2358 4715 2594 4785 agentis,
2627 4723 2739 4770 tota
2768 4726 2975 4773 ruente.
3003 4717 3271 4781 Quoniam
3304 4715 3467 4785 igitur
3500 4730 3664 4770 manu

2078 4804 2174 4860 Dei
2203 4807 2411 4877 scripta
2455 4808 2540 4863 lex
2565 4807 2640 4862 ita
2674 4808 3005 4878 prmcipitem
3043 4807 3302 4862 cohibere
3366 4823 3475 4861 non
3516 4816 3670 4876 pote.

2077 4905 2183 4960 rat,
2238 4898 2471 4968 ipsemet
2518 4900 2657 4970 legis
2688 4900 2944 4969 scriptor,
3021 4896 3481 4966 supercssentiale
3533 4894 3667 4951 Ver-

2079 4988 2232 5052 bum,
2284 5006 2469 5045 rerum
2525 4992 2771 5045 omnium
2834 4990 3154 5060 productrix
3216 4987 3507 5058 sapientia,
3569 5001 3668 5056 per

2080 5093 2349 5138 creaturae
2407 5085 2830 5139 crassitudinem
2900 5093 3169 5137 creatura:
3232 5083 3458 5137 unitur:
3540 5094 3669 5134 eva-

2079 5171 2269 5242 ditque
2321 5173 2439 5243 ipse
2496 5174 2602 5236 lex.
2648 5184 2702 5229 ct
2756 5174 3069 5242 praeceptio,
3121 5186 3218 5240 per
3284 5171 3526 5237 seipsum
3585 5168 3670 5221 in-

2077 5275 2407 5334 composntos
2460 5265 2764 5336 corrigens,
2820 5275 2873 5319 et
2936 5263 3273 5333 conspicitur
3331 5259 3651 5315 immutabi—

1916 5377 2154 5433 NOTAE.

449 5476 569 5542 (I-i)
596 5475 744 5529 Hanc
765 5478 928 5529 etiam
954 5474 1262 5529 orationem
1289 5475 1393 5530 sub
1432 5473 1631 5529 Leonis
1663 5473 1963 5542 imperato-

374 5540 710 5602 ris’nomine
753 5546 1018 5600 exhibent
1047 5544 1236 5599 Graece
1269 5560 1399 5600 mss.
1434 5546 1655 5598 codices
1694 5540 1965 5605 vaticani,

374 5629 434 5679 et
472 5618 884 5679 LIessanenses,
926 5630 1138 5685 egoque
1167 5616 1312 5669 illam
1340 5631 1404 5669 ex
1436 5612 1706 5685 Vaticano
1744 5613 1960 5685 codice,

380 5703 488 5757 per
537 5686 622 5741 Jo.
656 5686 1415 5757 _Matth:eum_Caryophilum_
1474 5684 1808 5741 Iconiensem
1846 5684 1967 5754 epi-

378 5754 620 5833 scopum
652 5755 945 5818 Latinitate
980 5754 1240 5811 donatam
1271 5754 1505 5810 exhibeo

2148 5477 2263 5547 (f2)
2301 5477 2520 5531 Initium
2570 5477 2737 5546 hujus
2813 5475 3053 5547 homilise
3087 5474 3393 5547 _ronvenitg
3421 5487 3544 5547 eum
3601 5488 3666 5528 ea

2074 5544 2197 5615 quae
2245 5544 2339 5601 hic
2389 5556 2584 5616 quarta
2632 5544 2778 5600 edita
2838 5552 2945 5616 est.
2995 5544 3100 5598 Srd
3156 5552 3283 5616 post
3323 5544 3538 5597 initium
3579 5558 3665 5616 ex

2076 5612 2185 5671 alio
2236 5612 2421 5673 textu'
2457 5615 2648 5671 Graeco
2698 5615 2961 5687 translata
2986 5624 3090 5679 est,
3120 5624 3193 5687 et
3234 5614 3377 5687 ideo_
3404 5629 3524 5667 eam
3578 5612 3668 5671 hic

2076 5689 2241 5743 etiam
2290 5687 2557 5743 edendam
2604 5701 2729 5743 csse
2758 5685 3079 5742 censuimus
3120 5684 3127 5687 “
3158 5684 3313 5740 Enn.
3346 5683 3518 5740 Pars.
