4104 6454
442 327 509 391 51
722 422 725 425 ν
1698 329 1975 391 LEONIS
2014 329 2473 394 PHILOSOPHI
2508 411 2529 419 _
2938 354 2939 357 ‘
3651 328 3731 394 52’

440 442 509 498 lis
570 440 740 511 ﬁgura
819 439 997 496 Patris
1062 442 1165 495 sub
1228 441 1611 497 mulabilitatis
1676 444 1875 512 specie,
1940 443 2013 496 ﬁt-
2048 443 2332 503 Ationem
2370 458 2494 499 cum
2528 458 2650 500 sese
2677 442 2979 498 omnibus?
3034 440 3271 496 Deorum
3314 453 3541 510 quoque
3592 452 3720 509 pro-

440 548 546 602 que
598 530 746 585 Patri
794 546 858 585 ac
896 532 1052 587 nobis
1086 541 1392 601 sequester,
1423 534 1607 589 soluto
1664 535 1871 604 pariete
1926 534 2013 587 in-

440 624 723 693 terposito.
771 622 847 678 Ne
891 623 1123 692 desipiat
1173 625 1364 679 insana
1421 634 1600 680 mente
1633 623 1877 687 Judaaus,
1914 642 2014 681 nec

439 719 583 772 diem
641 724 946 778 aversetur,
990 724 1049 770 ut
1106 717 1411 785 noctivaga:
1464 717 1644 770 solent
1680 717 2013 782 animantes,

440 806 534 860 sed
592 804 769 858 oculis
812 804 983 859 livore
1038 819 1142 857 non
1201 803 1513 871 depravatis
1585 804 1782 856 divime
1838 805 2018 859 incar-

440 892 677 945 nationis
730 890 995 957 fulgorem
1043 889 1298 957 inspiciat
1352 890 1405 942 in
1441 890 1506 942 iis
1539 905 1662 957 qum
1689 898 1818 945 sunt
1850 905 2018 959 penes

439 982 642 1050 ipsum.
691 978 803 1034 Nec
855 978 1072 1048 gentilis
1108 978 1394 1031 veritatem
1451 977 1719 1043 derideat,
1772 979 1864 1048 qui
1912 988 2021 1032 tur-

440 1071 735 1141 pitudinem
777 1084 933 1124 suam
966 1069 1169 1123 deitate
1216 1067 1407 1133 donat,
1443 1069 1672 1139 risuque
1709 1069 1874 1138 digna
1908 1070 2012 1123 bo-

439 1170 618 1225 norat,
670 1169 724 1215 et
768 1160 1023 1226 fabulas;
1086 1160 1180 1230 qui
1237 1161 1343 1215 sibi
1396 1160 1625 1215 deorum
1697 1161 1887 1216 turbas
1948 1178 2012 1217 ex

439 1253 590 1321 pravi
649 1251 819 1304 animi
877 1249 1165 1305 aﬁectibus
1221 1249 1446 1304 conﬁcit
1504 1257 1558 1305 et
1610 1248 1843 1305 nefamla
1914 1266 2011 1305 eo-

438 1360 555 1398 rum
615 1354 766 1413 gesta
815 1352 1141 1407 veneratur;
1197 1350 1253 1397 et
1304 1342 1547 1397 celebrat
1582 1358 1705 1413 quae
1757 1344 1868 1398 allo
1923 1360 2015 1399 se-

436 1434 685 1503 pelienda
746 1432 925 1486 forent
992 1432 1247 1497 silentio;
1309 1439 1383 1494 et,
1452 1439 1513 1487 ut
1572 1432 1750 1486 verbis
1820 1447 2011 1487 eorum

439 1533 583 1590 utar,
640 1524 794 1594 galea
855 1522 1126 1587 Plutonis,
1171 1531 1225 1576 et
1265 1523 1562 1577 inferorum
1594 1522 1834 1577 tenebris
1890 1538 2017 1577 con-

437 1616 689 1685 tegenda.
750 1613 851 1679 Qui
913 1627 1021 1667 non
1079 1614 1254 1667 solum
1321 1617 1555 1665 humana
1651 1612 1857 1682 specie,
1916 1616 2010 1668 sed

440 1706 601 1759 boutn
672 1719 930 1773 quoque,
986 1712 1041 1757 et
1122 1703 1428 1765 volucrum,
1487 1711 1541 1757 et
1606 1702 2014 1772 delphinorum,

436 1797 778 1865 aziarumque
826 1794 1128 1848 belluarum
1172 1795 1313 1848 inter
1349 1794 1599 1849 homines
1633 1804 1909 1848 versatum
1943 1810 2031 1847 ar-

437 1889 667 1943 bitratur
696 1887 885 1950 Deum,
920 1893 974 1940 et
1000 1870 1283 1940 amatoriis
1311 1887 1517 1941 aculeis
1560 1885 1613 1939 in
1649 1886 1834 1940 omnia
1887 1886 2019 1940 deos

439 1987 701 2033 mutatos.
759 1978 915 2031 Modo
963 1978 1163 2047 quippe
1209 1976 1518 2045 Neptunus,
1547 1985 1603 2031 ut
1631 1993 1754 2031 cum
1806 1977 2023 2032 adoles-

435 2070 652 2124 centulo
709 2069 860 2123 ludat
917 2069 983 2121 ad
1030 2068 1197 2121 maris
1237 2070 1389 2122 littus
1453 2067 1770 2138 delphinum
1829 2067 2022 2130 induit,

434 2175 487 2217 et
541 2178 665 2215 cum
736 2162 946 2214 amasio
1008 2170 1182 2224 natat,
1248 2160 1542 2228 sinumque
1600 2159 1754 2227 pueri
1816 2159 2021 2213 sensim

434 2255 727 2324 obrepens,
796 2253 1129 2320 trahensque
1195 2252 1246 2305 in
1308 2252 1663 2320 profundum,
1710 2250 1911 2319 perdit,
1972 2258 2029 2304 et

439 2348 663 2400 obsceni
723 2347 929 2399 amoris
963 2346 1164 2398 donum
1209 2344 1302 2396 dat
1357 2354 1620 2408 mortem;
1654 2342 1851 2396 deinde
1876 2357 2027 2407 ama-

436 2445 520 2493 tor
583 2452 681 2506 pro
745 2436 943 2490 acerbo
998 2450 1246 2499 munere,
1311 2435 1583 2503 lacrymas
1644 2432 1805 2488 olTert
1848 2432 2025 2486 funeri

436 2531 672 2595 amplas,
743 2528 1037 2581 Nereidum
1095 2528 1317 2596 planctu
1352 2526 1665 2580 defunctum
1722 2526 2024 2589 honoratis,

435 2630 492 2675 et
546 2620 615 2674 ob
646 2620 918 2689 ingentem
975 2619 1141 2671 animi
1204 2632 1520 2682 maerorem,
1580 2620 1747 2673 maris
1800 2620 2031 2673 admini-

437 2705 765 2760 strationem
823 2704 1111 2773 abjicieus,
1179 2721 1280 2760 nec
1325 2707 1394 2759 ob
1426 2704 1633 2759 factum
1687 2708 1875 2763 uxoris
1925 2708 2024 2763 Pc-

436 2797 505 2852 lei
558 2798 765 2868 pudore
808 2798 1094 2860 suffusus,
1161 2799 1275 2867 ipse
1330 2798 1695 2854 etfemiuatior
1751 2815 1875 2853 cum
1934 2801 2025 2856 illa

438 2891 657 2945 modico
711 2889 837 2944 ﬁetu
896 2890 1070 2944 ﬁlium
1124 2890 1525 2960 deploraverit,
1587 2899 1641 2944 et
1697 2891 1883 2947 dolere
1937 2894 2025 2948 de-

435 2980 609 3035 sierit.
653 2980 716 3035 Et
747 2981 858 3035 haec
888 2981 1106 3049 quidem
1142 2979 1446 3050 Neptunus.
1510 2981 1667 3035 Modo
1698 2998 1824 3036 vero
1887 2981 2028 3038 Mer-

2129 534 2361 605 gcuitor,
2413 550 2444 589 a
2496 550 2607 605 quo
2664 534 2761 589 filii
2819 542 2950 589 sunt
3004 533 3147 587 male
3195 532 3480 594 babili,et
3531 530 3625 600 qui
3684 546 3714 583 a

2129 639 2229 679 sua
2268 624 2459 680 sobole
2488 626 2629 679 male
2668 632 2754 681 est
2796 624 3037 689 habitus,
3079 623 3361 692 quomodo
3396 636 3503 676 non
3572 620 3716 691 pati-

2128 717 2269 771 tur?
2309 716 2588 788 quopiodo
2654 714 2761 769 Deo
2803 715 2967 785 digna
3007 729 3113 768 non
3160 712 3313 783 agit?
3361 711 3475 766 Hoc
3525 722 3707 766 autem

2130 820 2237 875 qua
2299 806 2512 858 ratione
2560 803 2652 857 Dei
2699 802 3047 871 majestatem
3098 814 3210 854 non
3253 797 3478 862 indicet,
3518 808 3568 852 et
3600 813 3714 850 ma-

2128 893 2357 963 gniﬁcas
2412 908 2521 947 non
2576 895 2879 947 constituat
2926 890 3331 954 soletuuitates,
3392 902 3515 955 qua:
3570 888 3713 954 apud

2128 983 2278 1051 ipsos
2330 985 2492 1037 talem
2552 984 2753 1037 habent
2802 981 3108 1051 originem?
3158 980 3314 1034 Jovis
3371 986 3497 1049 post
3554 978 3713 1031 labo-

2125 1093 2239 1133 rem
2307 1091 2499 1145 pugna:
2568 1088 2693 1129 cum
2741 1074 3058 1145 gigantibus
3137 1072 3205 1125 ad
3260 1078 3469 1141 petram
3536 1068 3715 1123 Vene-

2126 1184 2280 1222 rcum
2308 1169 2605 1229 somnium,
2657 1180 2819 1234 quam
2866 1178 3037 1234 prope
3066 1163 3460 1227 obdormierat,
3504 1172 3559 1216 et
3593 1175 3719 1229 qua:

2125 1261 2202 1315 illi
2268 1260 2485 1330 igneum
2552 1259 2842 1329 progenuit
2871 1258 3059 1313 deum.

2198 1349 2305 1405 Sed
2348 1350 2416 1404 de
2466 1350 2628 1405 rebus
2672 1349 3013 1419 turpissimis
3056 1349 3216 1403 satis.
3268 1345 3503 1401 Valeant
3565 1345 3715 1398 enim

2126 1438 2360 1510 gentiles
2395 1445 2637 1492 monstra
2671 1438 2784 1490 haee
2838 1432 3240 1503 contingentes,
3277 1442 3333 1486 et
3379 1432 3714 1503 ignominia-

2135 1544 2259 1583 rum
2294 1528 2527 1591 honore,
2558 1537 2670 1579 lum
2705 1525 3009 1581 fmditatem
3056 1538 3251 1577 eorum
3286 1538 3430 1592 quos
3458 1537 3487 1575 a
3524 1537 3583 1577 se
3614 1520 3719 1576 ho-

2131 1621 2320 1675 norari
2355 1620 2647 1690 putabant.
2681 1626 2795 1670 tum
2826 1631 2982 1673 suam
3016 1613 3393 1684 insipientiam
3424 1613 3718 1683 divulgan-

2134 1720 2235 1776 les,
2268 1722 2321 1767 et
2349 1727 2447 1781 per
2472 1713 2699 1764 deorum
2732 1708 3142 1761 multitudinem
3176 1707 3230 1760 in
3265 1705 3356 1760 Dei
3393 1704 3717 1773 abnegatieo

2137 1820 2259 1859 nem
2322 1804 2697 1874 prolabentcs.
2757 1798 2930 1854 Nobis
2977 1806 3158 1852 autem
3216 1812 3359 1851 unus
3408 1804 3494 1851 est
3546 1796 3715 1856 Deus.

2136 1897 2317 1958 Pater,
2374 1894 2568 1958 Filius,
2604 1903 2658 1947 et
2703 1891 2947 1961 Spiritus
3002 1898 3255 1953 sanctus,
3290 1904 3396 1941 non
3442 1887 3720 1955 adaptatis

2136 1991 2227 2043 uni
2266 2003 2513 2057 persona:
2538 1986 2882 2049 nominibus,
2922 1983 3017 2039 sed
3050 1983 3301 2051 personis
3333 1981 3513 2035 tribus
3549 1991 3717 2035 uatu-

2139 2096 2211 2135 τε·
2242 2081 2451 2133 unitate
2480 2078 2817 2145 conjunctis.
2846 2077 3016 2130 Abeat
3049 2076 3101 2128 in
3129 2075 3325 2128 malam
3359 2088 3578 2128 crucem
3614 2074 3718 2124 lm-

2125 2170 2216 2237 jus
2247 2168 2422 2224 delirii
2452 2178 2664 2229 auctor,
2705 2165 2799 2233 qui
2844 2165 3018 2218 tribus
3061 2164 3521 2233 appellationibus
3550 2176 3715 2215 unam

2133 2262 2385 2313 immutat
2412 2270 2740 2326 personam;
2772 2256 2851 2308 vel
2880 2254 3011 2308 illml
3038 2253 3289 2322 stupidus
3323 2267 3430 2307 nou
3468 2250 3718 2304 animad-

2134 2360 2371 2415 vertens,
2413 2348 2561 2419 quod
2588 2347 2717 2403 dum
2746 2362 2909 2399 unam
2943 2360 3237 2415 personam
3281 2344 3555 2397 honorare
3601 2344 3720 2396 vult

2136 2444 2221 2499 his
2246 2442 2582 2504 nominibus,
2627 2455 2737 2493 non
2788 2440 2920 2492 sinit
2964 2453 3030 2493 eo
3071 2436 3290 2490 nomine
3335 2436 3482 2489 illam
3530 2434 3717 2487 vocari

2133 2536 2277 2607 quod
2330 2534 2433 2602 ipsi
2484 2533 2765 2603 imposuit,
2820 2545 2920 2585 nec
2982 2530 3219 2598 positum
3285 2540 3407 2581 esse
3449 2525 3719 2595 permittit

2134 2625 2279 2697 quod
2311 2622 2537 2690 indidit;
2572 2622 2619 2677 si
2651 2637 2777 2675 vere
2809 2620 2985 2691 posita
3036 2628 3187 2681 sunt,
3238 2634 3356 2688 quae
3405 2617 3719 2673 successio—

2136 2733 2257 2774 nem
2299 2732 2407 2771 non
2449 2714 2783 2776 admittunt,
2824 2711 3102 2781 quomodo
3145 2710 3313 2779 igitur
3360 2709 3504 2763 illam
3556 2722 3717 2763 suam

2134 2822 2423 2879 personam
2448 2805 2664 2859 vocabit
2696 2802 2931 2871 Patrem,
2967 2802 3013 2856 si
3054 2801 3167 2855 haec
3212 2801 3501 2869 appellatio
3534 2807 3722 2851 trans-

2135 2901 2176 2954 it
2204 2901 2257 2954 in
2306 2897 2429 2951 Filii
2464 2892 2931 2966 appellationem?
2971 2900 3030 2945 ut
3061 2907 3168 2944 non
3199 2892 3362 2944 modo
3397 2890 3572 2943 dicam
3602 2904 3723 2941 om-.

2136 2992 2267 3046 nino
2310 2997 2519 3060 patrem
2561 2986 2673 3040 dici
2710 3001 2817 3039 non
2845 2998 3031 3053 posse,
3066 2982 3171 3037 nisi
3216 2982 3287 3037 sit
3332 2980 3569 3048 alicujus
3619 2994 3719 3048 pa.

434 3071 627 3126 curitis
679 3083 740 3125 ut
787 3072 1111 3125 muliercula
1169 3082 1428 3141 pascente
1474 3074 1765 3143 potiretur,
1810 3074 2097 3145 jumeu-C
2132 3082 2253 3136 ter?
2303 3078 2591 3147 Quomodo
2639 3078 2801 3131 etiam
2853 3075 3068 3129 vocabit
3108 3072 3333 3127 Filium.
3382 3072 3471 3141 qui
3521 3070 3636 3125 abit
3665 3071 3719 3124 inn

438 3172 554 3217 tum
607 3165 688 3230 fit,
741 3172 795 3219 et
848 3165 1102 3219 saltando
1162 3164 1386 3220 Dionem
1427 3165 1689 3230 oblectat,
1739 3175 1795 3222 et
1848 3166 2029 3239 fugam

436 3256 681 3318 simulat,
731 3263 785 3310 et
815 3270 843 3308 a
875 3266 1134 3312 currente
1191 3258 1371 3327 puella
1418 3260 1656 3328 capitur,
1688 3267 1743 3314 et
1798 3260 1852 3314 in
1907 3259 2038 3313 dor-

437 3361 557 3400 sum
616 3345 950 3400 insilientem
1011 3346 1219 3415 excipit
1271 3348 1346 3411 (et
1408 3348 1679 3417 reliquam
1739 3349 2037 3418 turpitudi-

439 3452 561 3491 nem
596 3437 814 3491 silentio
837 3438 1242 3508 transibimus),
1273 3439 1535 3493 nimirum
1570 3419 1817 3495 imitatus
1843 3441 2033 3497 bovem

438 3526 614 3590 illum,
664 3528 924 3593 deorum,
978 3529 1301 3599 principem,
1333 3530 1493 3598 cujus
1534 3539 1688 3597 tergo
1716 3531 1926 3599 Europa
1960 3531 2031 3585 inv

439 3620 597 3674 sedit.
638 3618 835 3675 Annon
896 3629 1057 3674 erant
1109 3619 1388 3675 fmditates
1431 3621 1550 3675 ista;
1606 3622 1659 3675 in
1717 3621 2030 3677 divinitatis

436 3709 750 3777 opinionem
785 3708 1097 3773 efferendae,
1146 3711 1604 3780 sentiendumque
1632 3711 1701 3766 de
1752 3712 1884 3778 illis,
1943 3725 2032 3767 ut-

451 3808 575 3868 pote
598 3800 729 3866 diis,
756 3801 957 3869 quibus
982 3809 1187 3855 tantam
1214 3803 1611 3871 turpitudinem
1645 3805 2035 3861 testiﬁcantur?

442 3889 641 3946 Verum
679 3891 793 3945 haec
833 3891 1049 3959 quidem
1081 3892 1443 3948 abominanda
1483 3906 1643 3961 sunt;
1676 3906 1869 3951 caetera
1903 3899 2035 3966 quid

438 3982 655 4037 honesti
688 3983 913 4038 habent?
941 3983 1223 4050 Quomodo
1252 3984 1381 4040 illud
1439 4001 1545 4041 non
1598 3987 1878 4057 dignitatis
1914 3988 2034 4059 ple-

441 4076 597 4129 num?
658 4077 851 4145 Apollo
886 4077 1093 4132 deflens
1116 4085 1233 4131 tum
1286 4078 1429 4147 quod
1482 4080 1684 4148 puella,
1730 4096 1894 4150 quam
1938 4082 2037 4137 de-

442 4167 677 4233 peribat,
742 4168 929 4237 elapsa
991 4177 1139 4222 esset
1191 4184 1222 4223 e
1254 4169 1531 4233 manibus,
1562 4177 1676 4223 tum
1741 4174 1886 4241 quod
1936 4173 2028 4241 ju-

441 4271 631 4309 venem
687 4256 980 4313 infeliciter
1023 4274 1052 4311 a
1092 4274 1153 4314 se
1196 4269 1436 4313 amatum
1492 4259 1645 4316 disco
1699 4264 2020 4327 occidisset,

442 4348 607 4417 idque
639 4348 743 4403 sibi
774 4364 839 4403 ex
891 4349 1035 4404 fmdo
1070 4352 1415 4420 provenisset
1472 4367 1676 4419 amore,
1706 4363 1763 4408 ut
1792 4356 1933 4410 male
1980 4356 2028 4411 is

2140 3173 2447 3246 Spiritu-ii?
2486 3170 2640 3226 Unus
2680 3184 2814 3239 ergo
2840 3177 2926 3222 est
2958 3167 3120 3221 nobis
3153 3165 3294 3220 Deus
3347 3165 3401 3218 in
3444 3162 3724 3218 Trinitate

2139 3278 2522 3335 personarum,
2570 3262 2645 3316 ita
2682 3269 2741 3315 ut
2778 3274 2956 3329 neque
3002 3258 3074 3313 ob
3107 3258 3408 3312 ternarium
3443 3255 3724 3309 dividatur

2136 3359 2481 3413 diversarum
2512 3360 2836 3407 naturarum
2872 3348 3215 3405 sectionibus
3248 3345 3475 3401 Deitatis
3515 3345 3721 3409 unitas,

2140 3466 2239 3504 nec
2286 3450 2358 3504 oh
2412 3456 2617 3501 natura:
2667 3446 2931 3498 unitatem
2973 3438 3384 3497 confundantur
3437 3451 3723 3507 personae;

2138 3541 2232 3596 sed
2278 3540 2381 3593 tria
2418 3551 2637 3606 semper
2682 3534 2814 3595 sint,
2864 3530 3005 3585 Filio
3057 3543 3400 3599 nequaquam
3430 3544 3498 3583 ex
3548 3527 3724 3581 nihilo

2137 3641 2470 3702 emergente,
2532 3644 2659 3683 nam
2689 3636 2744 3682 et
2766 3626 2929 3679 Pater
2951 3640 3016 3679 ex
3054 3623 3226 3678 nihilo
3248 3629 3589 3691 emergeret;
3620 3635 3725 3674 nec

2136 3724 2301 3779 etiam
2332 3720 2563 3791 Spiritu,
2600 3734 2669 3774 ne
2694 3719 2945 3773 videatur
2974 3714 3330 3784 imperfectus
3355 3719 3516 3766 antea
3554 3710 3723 3776 Deus,

2139 3822 2327 3885 postea
2359 3813 2610 3868 defectus
2633 3810 2945 3880 deponere;
2973 3806 3066 3862 sed
3099 3818 3207 3860 una
3229 3819 3357 3859 cum
3386 3801 3727 3874 productore

2138 3905 2301 3961 Patre
2338 3905 2449 3960 sint
2486 3913 2535 3958 et
2571 3917 2635 3957 ea
2682 3914 2803 3971 qua:
2853 3898 3255 3969 producuntur,
3289 3893 3449 3949 Patre
3476 3893 3729 3965 quidem,

2134 4003 2191 4051 et
2224 3994 2436 4065 Spiritu
2483 4006 2583 4048 sua
2632 3991 2687 4044 in
2736 3988 3092 4057 simplicitate
3143 3986 3519 4050 manentibus,
3584 3985 3735 4040 Filio

2138 4100 2323 4143 autem
2401 4090 2718 4139 assumente
2781 4089 3026 4135 nostram
3084 4084 3362 4131 naturam.
3418 4073 3727 4145 Oportebat

2135 4179 2304 4242 enim,
2350 4185 2641 4247 postquam
2700 4172 2809 4227 Deo
2853 4170 3080 4240 placuit,
3126 4181 3221 4237 per
3263 4167 3477 4222 viscera
3507 4166 3731 4220 miseri-

2134 4271 2356 4331 cordiae,
2410 4283 2534 4323 cum
2584 4275 2770 4319 nostra
2819 4262 3017 4322 forma,
3064 4261 3297 4314 rationis
3348 4269 3569 4319 nostrae,
3601 4272 3728 4326 qua:

2132 4359 2457 4419 defluxerat,
2490 4355 2829 4410 nobilitatem
2857 4351 2923 4404 ad
2960 4365 3019 4405 se
3043 4364 3323 4413 revocare,
3359 4346 3557 4401 Filium
3598 4362 3731 4401 esse

439 4443 606 4495 vitam
638 4442 908 4510 perderet,
942 4443 1352 4513 ignorassetque
1407 4442 1645 4501 thbus
1676 4447 1819 4515 quod
1844 4463 1911 4502 ex
1945 4448 2030 4500 lu-
2066 4438 2106 4490 ι)
2136 4453 2229 4520 qui
2263 4452 2367 4504 hoc
2408 4455 2716 4518 praestaret,
2761 4459 2870 4499 non
2902 4444 3065 4497 modo
3105 4443 3235 4512 quia
3277 4456 3508 4495 manens
3539 4440 3594 4493 iu
3632 4454 3727 4505 eo,

440 4533 512 4587 do
547 4540 870 4586 eventurum
896 4542 1036 4594 erat,
1067 4548 1191 4587 cum
1221 4542 1399 4588 tamen
1431 4535 1646 4591 sederet
1677 4537 1803 4590 aliis
1842 4536 2026 4590 futura

440 4623 761 4692 praedicens.
797 4622 933 4677 Illud
970 4639 1098 4680 vero
1119 4625 1275 4693 plene
1301 4625 1577 4694 quomodo
1608 4643 1714 4680 non
1737 4626 2030 4682 divinum?

440 4715 667 4769 leitcs
716 4717 878 4771 simul
907 4731 1102 4771 omnes
1154 4717 1205 4770 in
1244 4715 1542 4787 IEgyptum
1590 4718 1800 4788 fugere,
1861 4720 2028 4789 inque

440 4805 745 4861 briluarutn
817 4808 1023 4862 formas
1096 4810 1287 4863 mutati
1346 4810 1490 4879 quod
1558 4812 1857 4865 terribilem
1917 4807 2027 4881 Ty-

442 4899 663 4966 phmum
692 4899 964 4954 sustinere
997 4915 1109 4954 non
1156 4911 1402 4972 possent,
1439 4902 1533 4972 qui
1575 4902 2029 4972 nupergiganteo

439 4991 709 5059 sanguine
768 5003 923 5045 ortus
975 4992 1201 5047 deorum
1261 5002 1473 5049 turmas
1533 4996 1682 5049 solus
1740 4996 1794 5049 in
1840 4994 2023 5064 fugam

440 5081 726 5135 vertebat?
785 5080 919 5135 Illud
984 5098 1149 5152 porro
1206 5084 1437 5141 Veneris
1488 5100 1614 5139 cum
1656 5085 1828 5140 Marte
1872 5085 2026 5138 adul-

438 5174 661 5240 terium,
699 5183 753 5228 et
793 5190 988 5229 rursus
1041 5190 1169 5229 cum
1204 5176 1453 5231 Adonidc
1488 5178 1838 5241 concubitus,
1866 5193 2025 5247 quem

435 5265 598 5319 etiam
657 5265 771 5334 apri
830 5267 938 5321 ictu
1008 5276 1259 5322 necatum
1310 5270 1595 5323 amatoriis
1657 5269 1801 5322 lavat
1861 5269 2029 5338 lacry-

437 5358 582 5412 mis?
641 5358 779 5424 Quid
840 5359 1203 5415 .luuoecuelo
1274 5364 1540 5429 pendens,
1601 5376 1761 5431 quam
1814 5359 2073 5429 Jupiter”

437 5447 663 5515 eoujux,
735 5449 862 5517 quia
918 5457 1137 5519 propter
1198 5447 1485 5505 Herculem
1544 5451 1815 5521 zelotypia
1874 5452 2025 5505 labem

440 5537 621 5601 rahat,
671 5540 821 5607 gravi
876 5550 1068 5595 catena
1121 5542 1451 5612 suspendit?
1504 5543 1609 5597 Sed
1659 5542 1751 5597 ubi
1801 5558 2031 5611 repone-

436 5638 563 5681 mus
619 5643 740 5694 eas,
776 5646 898 5700 qua:
948 5646 1074 5686 cum
1106 5633 1243 5689 artis
1298 5635 1497 5688 aemulo
1538 5632 1868 5704 Thamyride
1916 5649 2029 5689 ecr-

442 5728 641 5788 tanlcs,
700 5726 982 5791 pranuium
1049 5725 1369 5781 certaminis
1418 5741 1757 5796 proposuere
1810 5735 2022 5781 scorta-

2132 4544 2275 4613 quod
2312 4552 2578 4597 aeternum
2629 4540 2843 4601 habuit,
2875 4538 3081 4592 nullam
3124 4542 3243 4589 erat
3288 4548 3514 4588 suorum
3547 4531 3729 4585 factu-

2132 4651 2227 4690 rus
2252 4634 2561 4703 jacturam;
2605 4630 2700 4686 sed
2732 4631 2859 4699 quia
2886 4630 3048 4684 etiam
3082 4625 3243 4680 Verbi
3278 4634 3401 4679 erat
3437 4635 3731 4677 removere

2134 4744 2162 4780 a
2221 4726 2380 4781 nobis
2428 4740 2522 4794 per
2579 4739 2739 4776 uum
2787 4717 3180 4776 commercium
3232 4724 3437 4769 nostra?
3490 4711 3727 4767 rationis

2131 4818 2483 4874 detrimenta.
2534 4812 2744 4870 ldoirco
2808 4813 2921 4882 qui;
2959 4810 3159 4865 sacula
3215 4806 3487 4869 condidit,
3552 4804 3726 4859 sumit

2132 4909 2350 4963 initium
2382 4907 2695 4963 aeternitate
2732 4903 3030 4975 posterius,
3082 4910 3138 4955 et
3163 4898 3520 4953 immaculato
3552 4908 3723 4963 puer-

2134 5001 2286 5070 perio
2317 5013 2491 5052 meam
2543 4995 2980 5068 procreationem
3020 4993 3276 5055 honorat;
3320 4995 3375 5042 et
3399 4985 3542 5056 quod
3579 4984 3726 5039 cele-

2131 5092 2358 5146 bramus
2409 5090 2594 5152 hodie,
2647 5102 2816 5142 carne
2853 5085 3082 5140 offertur
3122 5084 3180 5136 in
3206 5080 3432 5149 templo,
3471 5091 3556 5130 me
3594 5090 3728 5130 san-

2131 5181 2379 5237 ctiﬁcans
2408 5180 2476 5235 de
2522 5178 2754 5249 profano
2797 5185 2851 5231 et
2903 5178 3120 5243 impuro
3162 5168 3459 5240 impietatis
3505 5165 3726 5219 vivendi

2132 5272 2406 5327 instituto.
2447 5270 2559 5326 Iioe
2588 5278 2695 5333 est,
2751 5268 2898 5338 quod
2936 5265 3222 5334 hodieper
3251 5258 3732 5329 dispensationem

2130 5363 2312 5429 eﬂicit,
2355 5364 2445 5433 qui
2486 5378 2585 5433 pro
2616 5361 2775 5416 nobis
2823 5358 3002 5413 factus
3048 5364 3135 5411 est
3180 5352 3388 5408 infans.
3422 5351 3535 5404 Hoc
3569 5347 3721 5403 ecie-

2132 5456 2383 5520 bramus,
2433 5455 2767 5510 oblationem
2822 5451 2875 5504 iu
2925 5449 3129 5519 templo
3170 5445 3423 5507 infantis,
3486 5443 3574 5497 cui
3620 5442 3728 5495 lin-

2133 5562 2364 5617 guarum
2397 5546 2680 5616 ignearum
2706 5543 2938 5597 oti‘ertur
2962 5542 3104 5594 laus.
3141 5538 3279 5604 Quis
3314 5552 3425 5591 non
3462 5534 3730 5589 horreat?

2134 5639 2275 5703 Quis
2313 5653 2421 5691 non
2449 5636 2851 5707 Obstupescat?
2877 5634 3012 5700 Quis
3044 5648 3149 5687 non
3182 5640 3307 5703 agat
3344 5628 3591 5700 gratias?
3617 5624 3730 5692 Qui

2145 5729 2328 5783 omnia
2357 5726 2567 5793 perﬁcit
2599 5735 2657 5780 ut
2680 5725 2847 5793 Deus,
2896 5721 3229 5799 imperfecta!
3254 5718 3569 5777 mortalium
3596 5724 3729 5773 atat-
