4104 6444
271 343 343 404 53
1101 342 1388 402 ORATIO
1427 342 1529 404 VI.
1554 342 1621 377 -'
1653 340 1735 401 IN
1772 339 1899 400 CHI

2007 340 2085 400 TI
2128 336 2653 401 NATIVITATEM
2687 335 2804 400 ΙΙΙ.
3515 335 3585 402 54

277 456 351 509 tis
398 451 738 508 formatione
796 465 1001 521 parvus
1030 453 1395 524 ceuSpieitur.
1438 452 1541 518 Qui
1581 466 1879 506 eousessor
1910 458 1956 513 Α
1991 458 2045 505 et
2073 448 2367 516 formatus,
2415 450 2593 518 majus
2638 447 2771 518 quid
2794 452 2880 499 est
2929 453 2983 500 et
3016 444 3422 502 admirabilius.
3474 445 3585 504 lloc

274 552 363 600 est
395 542 578 606 Patri,
631 543 903 597 maternis
943 552 1188 613 gestator
1233 542 1510 597 manibus.
1572 543 1688 606 llle,
1724 542 1883 611 cujus

280 637 451 693 verbo
500 643 698 691 vocata
758 635 965 704 prodiit
1009 635 1123 702 lux,
1170 635 1425 689 obtectus
1477 634 1711 704 caligine
1759 635 1886 690 vita:

282 736 489 782 nostra
521 726 898 796 progreditur.
941 725 1173 782 Obscuri
1219 727 1462 797 gentium
1509 726 1654 795 oculi
1684 726 1885 781 seden-

285 818 423 872 tium
460 816 515 870 in
572 815 867 871 tenebrosa
899 815 1092 869 mortis
1119 823 1303 877 nocte,
1344 815 1756 882 illuminamini,
1796 815 1883 869 lu-

284 908 476 964 cidum
534 909 659 963 vitae
708 907 858 962 diem
899 908 1340 979 conspicientes;
1394 908 1632 964 sublatae
1682 910 1886 964 etenim

284 1011 420 1057 sunt
472 1001 801 1071 ignorantiae
854 1001 1115 1068 tenebrae,
1164 1002 1369 1071 quibus
1396 1002 1561 1057 divisi
1588 1019 1619 1057 a
1654 1002 1763 1058 Deo
1795 996 1905 1058 de—'

287 1093 651 1148 tinebamur:
699 1093 944 1161 seipsum
1003 1095 1071 1148 ad
1127 1094 1230 1149 hoc
1285 1103 1641 1164 permovente
1693 1109 1892 1165 magno

287 1186 804 1245 misericordiarum
865 1184 1052 1249 Patre,
1084 1186 1178 1254 qui
1216 1201 1403 1241 rerum
1435 1187 1678 1242 ostendit
1707 1186 1891 1241 lumen

290 1277 654 1349 pereuntibus
695 1277 749 1331 in
798 1277 1064 1332 tenebris.
1094 1276 1246 1331 Abiit
1287 1279 1546 1333 maestitia
1601 1278 1894 1347 splendore

292 1368 481 1437 gloriae
528 1367 689 1423 nobis
735 1366 1054 1437 alfulgente.
1102 1365 1340 1423 Videant
1382 1369 1647 1435 salutare,
1698 1369 1787 1438 qui
1825 1367 1895 1423 de

291 1458 506 1528 peccati
539 1457 907 1513 on‘uscatione
957 1463 1278 1513 caecutiunt.
1327 1458 1470 1515 Ecce
1514 1459 1662 1515 enim
1714 1460 1892 1527 puella

294 1548 463 1616 puris
519 1546 772 1601 manibus
832 1546 1167 1603 insidentem
1203 1556 1454 1617 portans,
1521 1550 1577 1603 in
1629 1549 1892 1618 templum

299 1638 556 1694 succedit
601 1638 942 1705 umbrarum,
1002 1640 1309 1694 sacerdotis
1352 1640 1608 1695 manibus
1652 1639 1893 1696 offerens

296 1733 455 1786 illum
484 1731 676 1800 (15H)
704 1731 1038 1803 profundam
1074 1732 1164 1787 Dei
1213 1733 1279 1785 ad
1315 1748 1413 1787 nos
1444 1734 1835 1790 demissiOuem
1874 1737 1885 1788 l

294 1825 402 1890 Qui
443 1824 509 1879 ad
532 1824 953 1879 ministrantium
990 1825 1276 1895 delegerat
1309 1828 1610 1892 Aaronem,
1644 1836 1699 1882 et
1731 1836 1893 1883 antea

294 1914 505 1971 Moscm
547 1916 824 1971 allocutus
879 1924 1020 1982 erat,
1062 1932 1227 1986 quem
1264 1918 1428 1971 etiam
1478 1919 1769 1988 praesentia
1799 1918 1897 1974 do-

294 2006 455 2060 cebat
478 2008 769 2076 mysteria,
797 2007 929 2060 dum
971 2007 1048 2060 illi
1089 2009 1395 2075 posteriora
1424 2010 1743 2066 ostenderet
1779 2012 1894 2083 (fu-

297 2109 475 2153 turam
503 2100 708 2169 quippe
739 2116 861 2153 eum
889 2101 1205 2155 hominibus
1236 2116 1393 2156 suam
1416 2105 1893 2159 conversationem

300 2192 539 2245 obscure
577 2191 751 2246 Deum
811 2203 1269 2262 praemonstrans,
1322 2193 1532 2248 famulo
1592 2197 1896 2264 posteriora

297 2283 593 2353 ostendit).
635 2296 899 2352 tanquam
932 2287 1264 2342 sacerdotali
1322 2287 1703 2343 benedictione
1751 2289 1894 2343 indi-

298 2391 455 2443 gens,
509 2378 786 2432 Sacerdoti
839 2377 1087 2433 oﬂ'ertur.
1132 2381 1211 2435 lta
1261 2381 1338 2435 illi
1389 2381 1594 2450 placuit
1651 2398 1895 2438 errorem

300 2468 604 2537 corrigere,
659 2484 825 2538 quem
872 2484 997 2540 ego,
1040 2471 1095 2534 in
1150 2472 1325 2542 legem
1385 2487 1643 2542 peccans,
1678 2474 1899 2529 admisi.

300 2557 436 2624 Quae
468 2568 615 2613 tanta
652 2560 976 2615 clementia!
1028 2562 1160 2627 Qua:
1204 2564 1378 2631 pietas
1408 2564 1732 2619 ineffabilisl
1766 2564 1897 2621 Ser-

305 2667 411 2707 vus
431 2666 561 2722 ergo
596 2653 869 2708 herilibus
902 2654 1206 2726 privilegiis
1229 2664 1480 2719 ornatus,
1514 2665 1568 2711 et
1591 2659 1748 2725 quasi
1788 2659 1900 2712 heri

304 2746 420 2799 rita
453 2745 674 2815 degens.
719 2746 1012 2801 custodem
1062 2746 1250 2815 gloriae
1290 2763 1423 2803 meae
1473 2748 1550 2817 (α)
1592 2765 1698 2802 non
1753 2750 1903 2803 refu-

303 2838 384 2906 git
413 2853 444 2890 a
483 2837 821 2891 traducenda
876 2853 1001 2891 eum
1030 2840 1206 2894 servis
1252 2839 1530 2894 communi
1567 2841 1693 2903 vita,
1726 2839 1796 2894 ob
1825 2839 1905 2893 id—

302 2943 413 2997 que
476 2927 669 2996 positae
741 2928 921 2984 servis
969 2929 1294 2999 obsequitur
1342 2914 1495 3001 legis
1526 2930 1800 2996 Quorsum
1850 2931 1899 2985 id

302 3018 471 3073 vero?
497 3019 767 3073 Nimirum
800 3028 862 3073 ttt
898 3035 983 3073 me
1004 3020 1269 3087 instruat,
1304 3037 1412 3091 qua
1441 3023 1657 3077 ratione
1691 3022 1901 3077 incom-

1992 543 2240 600 divinius
2270 554 2355 601 est
2395 552 2451 600 et
2479 542 2800 608 sublimius,
2833 539 2979 595 Deus
3012 555 3113 607 pro
3141 556 3229 595 me
3292 542 3459 598 ubera
3497 560 3592 599 su-

1991 653 2154 710 gens.
2198 645 2252 692 et
2286 643 2537 707 gestatus
2585 633 2881 699 manibus;
2917 632 3047 686 licet
3082 632 3189 689 hoc
3237 635 3592 706 loquentibus

1992 732 2336 800 iniquitatem
2384 729 2440 783 in
2492 727 2713 784 excelso
2773 725 2839 790 “,
2888 739 3022 779 ansa
3073 726 3166 782 ﬁat
3216 728 3585 783 inhonorandi

1997 822 2270 894 Uuigeniti
2303 839 2315 874 :
2356 820 2517 891 quasi
2568 833 2700 874 vero
2748 818 2819 873 ob
2858 819 3246 889 praestantiora
3290 833 3455 890 Opera
3493 836 3585 874 re-

1996 932 2116 972 rum
2163 916 2383 986 penitus
2415 915 2488 970 sit
2531 914 2952 984 aSpernaudus;
2988 922 3083 969 aut
3118 913 3247 970 inde
3288 915 3482 970 conari
3512 916 3596 971 vi-

1996 1025 2087 1066 res
2117 1008 2432 1079 eujuspiam
2466 1022 2692 1078 negare,
2738 1008 2884 1062 unde
2939 1007 3267 1081 excellentis
3301 1007 3595 1079 provenire

1996 1100 2159 1157 debet
2225 1099 2509 1153 attestatio
2632 1097 2876 1152 roboris.
2926 1095 3072 1162 Quid
3140 1097 3267 1153 ais?
3320 1098 3592 1164 Qudniam

1998 1194 2197 1247 obruto
2243 1190 2343 1244 tibi
2400 1188 2649 1243 tenebris
2680 1187 2892 1242 all'ulsit
2926 1188 3045 1253 lux,
3088 1186 3300 1243 idcirco
3338 1196 3597 1243 contem-

2000 1284 2087 1337 nis
2120 1279 2340 1335 lucemi
2374 1279 2441 1333 Et
2467 1278 2594 1346 quia
2626 1277 2739 1330 Rex
2769 1286 2993 1332 tuarum
3020 1292 3396 1332 aerumnarum
3429 1278 3594 1331 misc-

2002 1373 2242 1430 ricordia
2295 1377 2582 1442 permotus
2614 1368 2832 1424 accedit
2868 1369 2938 1423 ad
2976 1377 3051 1433 te,
3108 1383 3209 1423 nec
3243 1368 3406 1424 alteri
3438 1382 3595 1422 com-

2004 1468 2173 1522 mittit
2206 1467 2331 1531 hoc,
2370 1464 2465 1520 sed
2507 1464 2626 1533 ipse
2656 1477 2759 1517 suo
2802 1460 3117 1517 ministerio
3148 1460 3407 1531 pietatem
3437 1459 3597 1516 exhi-

2002 1562 2115 1628 bet,
2146 1556 2503 1631 parvipendis
2546 1553 2802 1611 beneﬁcii
2844 1552 3074 1623 gloriam
3120 1558 3346 1621 propter
3389 1550 3598 1606 beneﬁ-

2003 1653 2073 1708 cii
2107 1648 2582 1721 magnitudinem?
2609 1645 3008 1701 Celsitudinem
3030 1643 3151 1713 ejus
3182 1641 3598 1713 deprimendam

2006 1754 2188 1815 putas,
2224 1744 2486 1813 quoniam
2524 1755 2583 1795 se
2614 1739 2706 1793 ille
2739 1738 2805 1792 ad
2842 1747 2895 1791 te
2940 1735 3203 1791 demisit?
3235 1736 3396 1789 Certe
3434 1734 3506 1789 ob
3546 1732 3600 1786 id

2006 1836 2190 1904 potius
2231 1831 2676 1903 magniﬁcandus
2726 1836 2848 1883 erat
2880 1828 2991 1882 ille.
3030 1826 3113 1880 Tu
3161 1842 3293 1881 vero
3340 1826 3470 1895 quia
3512 1826 3597 1879 iu-
3639 1861 3641 1864 ‹

2005 1927 2209 1982 fantem
2262 1923 2445 1985 audis,
2498 1931 2554 1976 ct
2585 1921 2811 1984 fascias,
2844 1926 2899 1973 et
2944 1932 3144 1971 manus
3174 1915 3598 1987 amplectentes.

2002 2028 2056 2075 et
2094 2032 2440 2090 quaecunque
2469 2015 2611 2069 ﬁunt
2646 2011 2991 2068 (economice
3038 2017 3146 2064 tua:
3184 2007 3383 2063 salutis
3406 2021 3600 2085 causa,

2010 2110 2245 2165 Verbum
2279 2108 2617 2178 sempiterna
2651 2120 2748 2160 sua
2791 2104 2965 2173 gloria
3016 2101 3245 2171 privas?
3279 2098 3513 2152 Perinde
3536 2111 3602 2151 ac

2004 2205 2048 2259 si
2067 2217 2245 2271 regem
2264 2214 2483 2271 quoque
2501 2213 2707 2253 corona
2730 2195 3056 2266 privandum
3079 2189 3600 2263 putares,quouiam

2007 2299 2123 2366 ipse
2157 2294 2430 2349 accedens
2447 2292 2513 2347 ad
2548 2302 2622 2357 te,
2654 2290 2938 2344 laboribus
2974 2285 3372 2353 doloribusque
3390 2283 3601 2338 exime-

2004 2400 2105 2444 ret.
2141 2388 2411 2454 Quoniam
2446 2396 2667 2457 propter
2700 2390 2753 2437 te
2769 2390 3010 2443 creatur,
3048 2378 3179 2431 dum
3210 2376 3267 2430 ﬁt
3296 2375 3488 2429 Matris
3513 2372 3603 2426 Fi-

2004 2480 2344 2546 lius,idcireo
2369 2494 2495 2533 eum
2522 2492 2551 2530 a
2575 2483 2801 2546 paterna
2819 2473 3021 2527 unione
3052 2469 3294 2526 secernis
3315 2506 3331 2531 ,
3362 2474 3417 2522 et
3443 2480 3605 2521 crea-

2005 2574 2146 2628 turis
2178 2582 2532 2630 annumeras,
2558 2580 2684 2621 cum
2724 2580 2793 2619 ne
2816 2562 3047 2619 inferior
3069 2560 3290 2630 quidem
3322 2555 3606 2629 generatio

2006 2667 2173 2735 capia
2204 2662 2444 2719 curiosis
2463 2661 2637 2731 possit
2668 2652 3063 2727 (HW’Dbtccm
3093 2656 3295 2723 quippe
3314 2659 3399 2706 est
3423 2658 3479 2705 et
3510 2648 3605 2702 illa

2008 2751 2507 2822 impermeabilium
2567 2747 2916 2803 tenebrarum
2971 2743 3299 2799 involucris.
3355 2739 3435 2793 Tu
3472 2752 3604 2793 vero

2010 2847 2159 2910 ﬁxis,
2198 2854 2257 2899 ut
2292 2845 2470 2908 aiunt,
2507 2841 2706 2907 oculis,
2737 2854 2850 2910 prae
2888 2835 3254 2907 impudentia,
3317 2848 3440 2903 qua:
3473 2838 3605 2887 sunt

2007 2940 2284 2994 anteriora
2312 2935 2534 2992 saeculis
2568 2928 3023 3003 comprehendis,
3057 2939 3113 2984 et
3144 2925 3345 2981 statuis
3368 2924 3438 2979 de
3463 2921 3604 2977 Filio

2010 3039 2070 3085 ut
2103 3026 2452 3082 meditationi
2493 3034 2602 3079 tua:
2647 3023 2846 3091 placet,
2888 3031 3112 3075 utcaeca
3168 3025 3278 3085 est,
3305 3024 3467 3071 acuta
3497 3024 3604 3069 tue

303 3110 617 3183 positorum
662 3125 879 3165 morum
907 3110 1291 3166 defensionem
1331 3114 1586 3176 habeam,
1620 3122 1675 3169 et
1699 3114 1898 3170 liberer
1926 3128 1969 3182 ο
2005 3119 2203 3175 mentis
2255 3117 2425 3178 acies,
2479 3122 2534 3170 et
2570 3111 2773 3169 stolida
2838 3110 3109 3180 sapientia
3140 3109 3164 3162 ?

303 3200 696 3255 inobedietttia!
727 3201 986 3256 crimine.
1025 3200 1094 3256 Ut
1128 3202 1174 3258 si
1194 3202 1334 3273 'quis
1378 3203 1675 3258 liberorum
1705 3218 1899 3257 aman—

302 3294 555 3348 tissimus
603 3302 790 3361 pater,
849 3302 1040 3347 natum
1099 3294 1290 3350 videns
1341 3295 1640 3349 obnoxium
1688 3294 1903 3351 luendis

302 3384 510 3455 poenis,
571 3384 847 3439 malorum
910 3383 1131 3440 causam
1196 3385 1307 3439 ﬁlio
1364 3385 1520 3440 tollat
1578 3400 1746 3455 opere
1800 3402 1904 3442 suo

302 3476 496 3546 aliquo
524 3474 688 3546 longe
720 3476 1118 3545 praestantiori.
1159 3476 1446 3540 Quodnam
1479 3477 1584 3532 hoc
1618 3492 1760 3547 opus
1793 3477 1907 3533 for-

301 3566 588 3632 midabile,
644 3567 974 3637 cunctisque
1050 3566 1411 3624 excellentius
1446 3609 1464 3633 ,
1543 3586 1667 3640 quae
1712 3585 1743 3624 a
1795 3572 1906 3627 Deo

302 3670 438 3715 sunt
468 3660 655 3714 facta?
699 3659 957 3730 Magnum
983 3660 1115 3730 quid
1149 3662 1399 3730 profecto
1439 3672 1524 3718 est
1571 3666 1776 3719 cmlum
1806 3682 1904 3721 ex-

302 3760 549 3817 tensum,
592 3759 648 3805 et
688 3751 839 3805 nullo
870 3749 1231 3809 fundamento
1277 3753 1514 3808 subnixa
1559 3755 1743 3820 tellus,
1781 3771 1905 3811 ver-

305 3844 493 3913 boque
544 3843 640 3897 lux
691 3843 1084 3911 obtemperans
1119 3842 1186 3897 ad
1220 3845 1464 3901 universi
1491 3860 1903 3916 ornamentum,

300 3945 355 3988 rt
388 3946 518 3990 ante
562 3934 706 3990 hanc
755 3949 955 4004 expers
1007 3935 1249 3991 materia:
1292 3938 1614 4005 multitudo,
1647 3951 1902 4011 prompta

302 4029 370 4081 ad
412 4027 813 4085 ministerium.
862 4026 1064 4083 Verum
1113 4028 1255 4086 Deus
1297 4030 1349 4084 in
1394 4032 1556 4086 vulva
1590 4038 1903 4104 susceptus,

374 4164 420 4195 “
449 4162 598 4217 Psal.
636 4178 810 4226 Lxxu,
841 4160 893 4218 8.

2079 3209 2278 3266 Verum
2321 3207 2551 3263 dimissa
2609 3203 2948 3260 dementium
3007 3201 3251 3264 insania,
3316 3197 3605 3253 redeamus

2003 3308 2069 3363 ad
2097 3322 2160 3362 ea
2191 3320 2312 3377 quae
2346 3302 2641 3375 praesentia
2698 3310 2849 3365 sunt,
2884 3298 3090 3367 Deique
3126 3295 3452 3367 mysterium
3505 3306 3598 3347 ve-

2005 3413 2288 3462 ueremur,
2321 3395 2476 3451 sanis
2516 3392 2697 3448 oculis
2748 3393 3031 3446 intuentes
3065 3387 3257 3443 mundi
3305 3384 3596 3447 solatium,

2003 3506 2130 3547 cum
2175 3489 2243 3544 ad
2285 3487 2549 3558 templum
2591 3482 2921 3555 ingreditur.
2953 3479 3074 3535 Jam
3114 3493 3293 3549 nuper
3360 3475 3606 3530 versanti

2017 3581 2071 3637 in
2124 3580 2390 3650 spelunca
2445 3575 2580 3647 Regi
2607 3590 2638 3630 e
2667 3574 2937 3629 coalorum
2969 3570 3121 3642 regia
3150 3568 3475 3625 satellitium
3512 3564 3609 3618 ad-

2016 3673 2300 3735 ventabat,
2355 3682 2613 3740 superna:
2660 3666 2981 3721 accinentes
3034 3672 3251 3718 turmae.
3306 3659 3475 3716 Stella
3504 3658 3609 3712 du-

2012 3780 2131 3821 cem
2165 3778 2225 3819 se
2250 3760 2499 3832 praebens
2556 3757 2807 3827 regibus,
2832 3754 3041 3825 jacenti
3094 3755 3150 3808 iu
3193 3751 3427 3823 pratscpi
3503 3746 3612 3802 Do-

2016 3858 2167 3911 mino
2208 3854 2532 3909 adoratores
2590 3849 2894 3912 adducens,
2940 3856 2995 3901 et
3043 3845 3232 3915 inopia
3296 3843 3610 3911 stipabatur

2014 3961 2044 3998 a
2103 3945 2413 4009 dominatu,
2470 3940 2676 3997 divinis
2747 3939 2950 4008 opilms
3010 3933 3384 3989 indicantibus
3442 3946 3614 3999 spon-

2019 4048 2233 4091 taueam
2267 4042 2413 4091 tecto
2473 4032 2750 4101 deumque
2812 4027 3055 4083 carentis
3112 4031 3431 4096 egestatem.
3465 4021 3611 4087 Quid

1849 4250 2086 4308 ΝΟΤίΕ.

375 4350 490 4419 (l5)
527 4346 834 4402 Sacerdotis
881 4346 1382 4419 titattibttsuo/Terens
1416 4347 1591 4419 illum.
1629 4345 1896 4419 Sacerdo-
1935 4350 1974 4404 D
2007 4364 2218 4401 munem
2263 4346 2492 4413 Filium,
2556 4360 2705 4405 tuum
2762 4350 2828 4404 ab
2883 4359 3102 4411 interno,
3150 4348 3431 4419 meumﬁin
3478 4358 3610 4403 lein-

306 4414 669 4473 tis'manibus
703 4419 810 4472 Deo
838 4419 1038 4472 obtulit
1073 4415 1279 4487 Filium
1310 4432 1470 4487 suum
1528 4416 1589 4470 Β.
1630 4414 1795 4487 Virgo
1843 4417 1896 4471 in

304 4491 391 4544 die
424 4489 856 4558 puriﬁcationis,
890 4502 985 4556 per
1020 4486 1163 4540 hanc
1194 4486 1389 4558 e_t_ipsa
1416 4486 1747 4558 oblationem
1782 4490 1901 4555 spi-

308 4554 528 4614 ritualis
559 4559 821 4613 sacerdos
858 4554 1183 4627 constituta.
1221 4554 1375 4627 Unde
1414 4557 1759 4627 Carthagena
1796 4554 1905 4613 llo-

308 4630 424 4685 util.
459 4630 493 4683 Ἰ
552 4628 623 4683 de
682 4628 854 4682 Purif.
904 4626 965 4682 Β.
1012 4624 1077 4682 ν.
1132 4635 1187 4681 et
1235 4624 1665 4681 Prassculation'e
1696 4627 1901 4684 Christi

312 4700 572 4760 Domini,
634 4697 858 4752 Mariam
916 4706 1075 4751 vocat
1126 4712 1395 4751 summam
1443 4697 1903 4765 sacerdotissam,

307 4768 649 4825 sacriﬁcium
676 4768 797 4822 Filii
824 4768 910 4823 sui
945 4767 1053 4821 Deo
1081 4768 1399 4821 olTereutetn
1434 4766 1486 4819 in
1520 4777 1668 4821 veste
1694 4771 1907 4838 purita-

310 4842 382 4895 tis
415 4839 675 4893 Candida.
709 4841 1035 4907 integreque
1064 4839 1322 4893 discursu
1360 4852 1459 4905 ego
1485 4838 1781 4907 aliquando
1813 4840 1906 4892 de-

310 4911 618 4965 monstravi
665 4905 961 4976 Deiparani
984 4905 1261 4977 Virginem
1296 4907 1351 4959 in
1376 4908 1466 4961 die
1497 4905 1908 4964 Puriilcatiouis

308 4990 572 5050 tanquam
621 4980 963 5047 spiritualem
1009 4979 1352 5050 sacerdotem
1389 4985 1597 5050 aeterno
1635 4977 1783 5032 Patri
1816 4977 1910 5032 Fi-

308 5047 441 5104 lium
477 5065 641 5103 suum
679 5049 1049 5110 sacriﬁcasse,
1083 5047 1338 5101 adductis
1385 5050 1527 5100 inter
1553 5049 1659 5101 alia
1701 5050 1813 5103 illis
1843 5050 1904 5103 Β.

307 5119 537 5174 Thema:
564 5135 593 5171 a
630 5116 912 5171 leanova
943 5119 1149 5178 verbis,
1181 5118 1233 5170 in
1257 5118 1524 5172 eoncioue
1553 5118 1621 5172 de
1641 5117 1909 5172 Puriﬁca-

308 5191 462 5244 tione
498 5192 672 5243 beatae
708 5188 945 5257 Virginis
970 5190 1210 5241 exaratis
1246 5206 1257 5241 :
1295 5186 1582 5257 Postquam
1625 5189 1695 5241 ad
1738 5190 1911 5243 altare

307 5272 522 5315 rentum
551 5269 652 5318 est,
691 5257 848 5328 Virgo
873 5274 1030 5311 sacra
1062 5260 1277 5328 genibus
1302 5258 1455 5325 ﬂexis
1486 5260 1663 5312 divino
1691 5261 1912 5327 inﬂam-

308 5344 456 5384 atata
500 5329 733 5397 Spiritu,
772 5327 891 5396 plus
924 5327 1084 5399 quam
1117 5327 1420 5397 Serap/titn,
1455 5328 1626 5396 [ilium
1664 5330 1910 5385 manibus

309 5411 513 5461 tenens,
547 5402 720 5465 ipsum
757 5400 911 5468 o/fcrt
961 5399 1213 5462 Domino,
1250 5414 1463 5462 munus,
1498 5410 1545 5451 et
1588 5399 1911 5454 oblationem

310 5470 689 5539 arceptabiletn
732 5469 863 5530 Deo,
898 5486 954 5522 tn
991 5470 1129 5522 hunc
1168 5469 1385 5522 modum
1419 5486 1581 5522 orans
1618 5486 1637 5522 :
1668 5471 1911 5537 Suscipe,

310 5542 474 5597 Pater
524 5542 881 5608 omnipotens,
921 5540 1129 5611 suscipe
1177 5540 1502 5611 oblationem
1528 5540 1716 5611 Altanc,
1751 5559 1910 5611 quam

310 5613 404 5665 tibi
434 5614 603 5681 offero
644 5628 742 5680 pro
779 5621 891 5664 toto
930 5610 1075 5677 orbe,
1124 5610 1325 5664 ancilla
1362 5620 1476 5665 tua.
1512 5609 1731 5681 Suscipe
1764 5609 1910 5667 com-

2004 4434 2152 4487 pore,
2176 4428 2291 4488 etc.
2330 4419 2463 4475 Vide
2513 4420 2571 4476 S.
2608 4420 2945 4476 Methodittm
2999 4420 3153 4475 Orat.
3209 4422 3261 4473 in
3316 4418 3609 4488 llypapan-

2004 4435 2152 4487 pore,
2183 4435 2291 4473 etc.
2335 4435 2463 4475 Viue
2513 4435 2571 4476 δ.
2608 4435 2945 4476 aletttouttttu
2999 4435 3153 4475 Ut‘:tl.
3209 4436 3261 4473 tn
3316 4435 3609 4541 ngpapan-

2004 4498 2132 4560 tem,
2160 4487 2486 4545 Guerrieum
2506 4493 2760 4546 abbatem
2788 4494 2966 4547 Serm.
2994 4492 3026 4544 5
3053 4491 3121 4545 de
3146 4489 3318 4544 Purif.
3390 4531 3402 4541 .
3434 4489 3611 4560 Virg”

2005 4557 2065 4613 8.
2098 4559 2415 4616 Brunonem
2456 4562 2912 4626 Carthusianum,
2944 4562 3028 4615 vel
3063 4563 3247 4629 potius
3289 4557 3613 4629 episcopum

2005 4630 2295 4699 Signinum
2331 4633 2508 4687 Serm.
2541 4633 2609 4687 de
2636 4633 2851 4692 eadem,
2881 4639 2938 4687 et
2970 4630 3033 4685 D.
3070 4629 3411 4687 Bernardum
3440 4631 3614 4684 abba-

2006 4698 2113 4753 tem
2154 4698 2330 4755 Serm.
2365 4702 2401 4755 2
2454 4710 2507 4756 et
2559 4704 2593 4757 5
2632 4703 2699 4757 de
2734 4701 2926 4756 eadem
2960 4702 3170 4771 pariter
3205 4698 3613 4771 puriﬁcatione,

2015 4771 2105 4822 ubi
2141 4771 2208 4823 de
2241 4771 2342 4825 hac
2373 4772 2434 4826 Β.
2477 4772 2717 4842 Virginis
2754 4770 3066 4841 spiritualis
3097 4771 3486 4826 sacerdotissae
3513 4770 3614 4824 ob-

2019 4842 2242 4900 latione,
2269 4844 2495 4895 onmino
2532 4845 2817 4908 ttrmclare.

2088 4910 2200 4977 (14)
2233 4911 2367 4965 Cum
2404 4930 2465 4965 ne
2490 4912 2716 4982 inferior
2754 4913 2965 4983 quidem
2994 4913 3266 4981 generatio
3300 4912 3423 4981 capi
3454 4928 3486 4965 a
3519 4927 3616 4964 cu-

2017 4982 2179 5053 riosis
2222 4984 2413 5051 possit.
2460 4982 2601 5038 lline
2631 4985 2771 5039 dixit
2808 4982 2979 5037 Isaias
3008 4984 3272 5052 propheta
3304 5000 3428 5053 cap.
3463 4996 3562 5036 LIII
3597 4998 3613 5035 :

2016 5050 2422 5124 generationem
2471 5054 2585 5123 ejus
2649 5059 2765 5124 quis
2820 5050 3142 5108 enarrabili
3176 5054 3346 5119 Quasi
3377 5050 3389 5053 ⁷
3423 5053 3613 5124 dicat}

2018 5120 2226 5187 Nemo;
2260 5140 2390 5192 eum
2418 5120 2745 5178 sit-munitio
2770 5124 3348 5192 incomprehensibilis
3370 5131 3422 5178 ct
3473 5122 3616 5177 inef-

2019 5192 2222 5247 fabilis.
2257 5191 2415 5248 Hunc
2444 5197 2588 5249 enim
2622 5197 2802 5249 locum
2855 5191 3135 5263 accipiunt
3187 5194 3379 5263 Patres
3422 5192 3491 5246 de
3524 5206 3617 5262 ge-

2024 5264 2316 5320 neratione
2367 5264 2609 5329 Christi,
2659 5281 2768 5320 non
2811 5262 2993 5321 solum
3030 5265 3214 5318 divina
3241 5279 3309 5318 ex
3336 5262 3520 5324 Patre,
3558 5272 3618 5316 ut

2026 5331 2083 5405 S.
2115 5332 2349 5405 Basilius
2368 5336 2464 5388 lib.
2486 5352 2500 5389 t
2519 5344 2711 5390 contra
2735 5336 3087 5398 liunomium,
3107 5343 3161 5388 et
3178 5334 3616 5405 Chrysostomus

2024 5404 2120 5456 lib.
2159 5420 2171 5455 t
2210 5404 2277 5458 de
2326 5406 2873 5475 incomprehensibili
2900 5404 3011 5475 Dei
3037 5412 3231 5475 natura
3259 5402 3418 5468 {sed
3444 5402 3614 5475 etiam

2025 5476 2263 5527 humana
2285 5491 2348 5529 ex
2369 5473 2559 5534 Matre,
2592 5486 2649 5528 ιιι
2665 5476 2723 5529 8.
2750 5474 3087 5528 Athanasius
3129 5476 3182 5528 in
3218 5474 3311 5529 lib.
3344 5475 3409 5528 de
3440 5474 3620 5526 lucar-

2024 5553 2136 5615 nat.
2160 5542 2347 5605 Verbi,
2388 5544 2639 5601 Justinus
2690 5555 2923 5615 martyr_
2947 5543 3152 5609 Quaest.
3178 5543 3243 5599 67
3272 5544 3335 5597 ad
3370 5544 3615 5610 orthod.,

2026 5614 2254 5668 Tertull.
2279 5627 2472 5669 contra
2498 5616 2717 5670 .ludzeos
2751 5612 2872 5683 cap.
2906 5612 2995 5679 15,
3027 5628 3074 5669 et
3108 5617 3198 5668 alii
3226 5618 3435 5685 plures.

366 5720 872 5803 laLD‘e‘est‘aliquid.
900 5721 1063 5785 Lege,
1090 5721 1339 5773 custodem
1370 5719 1544 5785 gloria:
1581 5721 1921 5803 mervi-epuli,
1957 5724 2190 5777 Dominus
2236 5733 2393 5778 autem
2427 5740 2521 5777 non
2568 5724 2761 5790 refugit,
2813 5728 2909 5775 etc.
2947 5724 3073 5777 Vide
3106 5725 3364 5777 homiliam
3388 5724 3433 5789 i,
3470 5738 3617 5787 supra

310 5785 403 5833 col.
432 5786 487 5835 δι
523 5786 557 5835 C
614 5786 748 5837 liotr.
