4104 6450
476 336 545 400 55
1736 322 2013 387 LEONIS
2032 322 2492 385 PHILOSOPIII
3696 322 3763 386 56

478 461 610 501 vero
666 442 996 515 prmsentia?
1054 440 1245 505 Mater,
1296 452 1418 508 qua}
1481 449 1589 491 non
1643 438 1857 507 peperit
1907 451 2064 490 com-
2096 441 2144 497 Α
2176 449 2300 489 mus
2357 436 2424 489 ad
2499 436 2790 506 sapientem
2827 451 3037 502 senem,
3094 438 3187 507 qui
3224 438 3280 493 in
3336 438 3608 508 profundo
3664 438 3767 493 hu-

486 535 638 590 muni
681 541 921 587 matrum
970 531 1088 600 lege
1126 528 1361 599 prolem,
1412 535 1470 579 ut
1517 540 1674 580 suam
1730 524 2075 594 primogeni-

482 638 663 682 turam
709 628 867 681 sistat
924 622 1055 685 Deo,
1082 618 1328 690 procedit
1369 635 1384 684 ;
1419 617 1683 671 infantem
1738 617 1934 686 pannis
1989 615 2073 668 in—

483 721 729 774 volutnm
780 718 979 770 vilibus
1037 712 1314 769 sacerdoti
1359 710 1550 774 offert;
1610 709 1842 779 suscipit.
1875 722 2064 761 sacer-

484 809 608 865 dos.
682 807 825 875 Quid
884 806 1084 861 deinde
1146 804 1239 858 fit?
1284 802 1443 857 Ulnis
1509 801 1713 870 excipit
1779 800 2073 865 infantem,

486 908 655 970 utque
703 897 933 951 Domino
993 897 1259 965 hymnum
1323 894 1591 957 concinit,
1645 903 1703 945 ut
1752 908 1929 962 nuper
1978 908 2069 962 ge-

484 991 663 1045 nitum
721 999 932 1041 naturae
1006 1000 1229 1055 germen
1278 984 1499 1053 accipit,
1532 992 1587 1038 et
1639 1000 1669 1037 e
1702 983 1814 1037 vita
1867 982 2073 1036 dimitti

484 1092 547 1136 ut
596 1080 915 1137 Creatorem
955 1086 1135 1146 rogat.
1204 1077 1346 1143 Quid
1408 1074 1685 1147 loqueris?
1748 1075 1892 1141 Quid
1946 1075 2073 1129 novi

482 1180 590 1231 est.
640 1185 674 1224 o
728 1167 1030 1225 sacerdos?
1065 1166 1201 1220 Cum
1269 1166 1338 1221 iis
1376 1182 1498 1235 qua:
1565 1165 1843 1231 videntur,
1900 1164 2067 1219 verba

487 1270 578 1315 tua
638 1276 750 1313 non
805 1258 1164 1312 conveniunt.
1233 1254 1337 1310 Ubi
1399 1255 1797 1310 dominationis
1854 1255 2077 1311 fastus?

488 1350 591 1406 Ubi
639 1351 943 1419 majestatis
974 1358 1083 1403 tuae
1144 1349 1413 1404 satellites
1464 1357 1888 1412 concursantes,
1940 1365 2075 1420 prie-

484 1442 717 1497 euntes?
746 1439 915 1494 Vides
973 1447 1180 1509 quanta
1241 1454 1424 1493 rerum
1484 1438 1693 1508 inopia,
1777 1449 1832 1493 et
1892 1438 2075 1493 Domi-

485 1545 618 1584 num
681 1528 886 1583 vocas?
929 1527 1199 1582 Infantem
1256 1542 1434 1597 nuper
1466 1528 1521 1581 in
1578 1529 1702 1583 vitae
1748 1528 1928 1583 lucem
1962 1529 2073 1584 edi-

485 1630 601 1675 tum
665 1629 840 1685 tenes,
881 1630 934 1675 et
965 1620 1131 1674 verba
1191 1618 1349 1683 facis,
1405 1618 1564 1688 quasi
1619 1618 1689 1673 ad
1729 1619 1857 1675 vitae
1902 1621 2077 1691 impe-

482 1713 627 1768 rium
677 1712 1060 1768 obtinentem?
1111 1710 1395 1777 Quomodo
1445 1711 1611 1767 rebus
1679 1713 1817 1767 adeo
1886 1714 2070 1782 parvis

481 1817 538 1864 et
591 1808 871 1872 tenuibus,
928 1822 1121 1876 magna
1156 1815 1212 1862 et
1266 1806 1590 1861 admiranda
1642 1807 2067 1864 accommodas?

480 1898 549 1953 Et
598 1900 826 1968 gloriam
877 1898 1069 1963 Israel,
1127 1907 1181 1953 et
1226 1899 1409 1955 lumen
1450 1913 1616 1953 vocas
1675 1901 1918 1969 gentium
1978 1903 2069 1954 ln-

480 1989 684 2046 fantem
717 1990 896 2060 inopis
921 1990 1110 2045 Matris
1145 1989 1299 2060 (l5)?
1333 1988 1439 2044 Sed
1468 1990 1627 2055 adde,
1663 2006 1784 2060 qua:
1833 2000 2066 2058 restant,

480 2079 549 2134 ad
590 2080 964 2135 laudationem
1028 2082 1170 2149 ejus,
1198 2079 1293 2149 qui
1323 2079 1427 2133 sub
1467 2088 1667 2135 nostra:
1706 2082 1894 2137 carnis
1925 2082 2069 2136 vela-

482 2178 671 2225 mento
724 2172 817 2225 lux
860 2172 1011 2226 latet.
1067 2170 1210 2236 Quid
1272 2171 1486 2225 tandem
1550 2171 1706 2241 aget?
1757 2171 1900 2238 Quid
1949 2190 2068 2230 mo-

480 2261 655 2317 litur?
696 2264 779 2317 An
827 2264 967 2319 duas
1018 2264 1109 2318 ille
1158 2279 1245 2318 res
1302 2272 1549 2333 peraget,
1608 2266 1839 2319 aliorum
1881 2282 2070 2323 resur-

479 2356 673 2419 rectio,
706 2355 937 2408 aliorum
990 2354 1149 2408 ruina
1200 2353 1445 2418 futurus,
1498 2356 1589 2423 qui
1643 2355 1766 2421 tibi,
1809 2372 1842 2410 o
1876 2372 2066 2424 senex,

478 2446 826 2516 conspicitur
879 2461 908 2498 a
940 2446 1159 2501 duobus
1211 2456 1501 2511 constans,
1540 2447 1791 2516 dejectos
1827 2449 1971 2504 bono
2010 2453 2065 2506 in

479 2547 627 2592 statu
663 2537 1064 2602 eollocaturus,
1130 2538 1374 2594 tumidos
1411 2537 1809 2608 depressurus:
1850 2543 2068 2610 quando

478 2637 537 2686 ct
576 2629 749 2684 Mater
784 2630 1119 2697 virginitatis
1165 2630 1391 2700 integra:
1425 2631 1608 2700 gladio
1635 2631 1845 2689 doloris
1876 2640 2062 2690 trans-

479 2722 686 2778 fossam
736 2723 841 2778 sibi
891 2724 1093 2778 sentiet
1119 2724 1358 2777 animam
1393 2722 1542 2793 (l6)?
1581 2722 1750 2779 Norat
1775 2727 1919 2780 enim
1948 2727 2069 2782 dei-

482 2813 735 2869 cidarum
792 2815 1030 2880 facinus,
1070 2824 1125 2870 et
1170 2815 1290 2871 fore
1337 2826 1394 2870 ut
1426 2824 1672 2872 cruenttc
1725 2833 1924 2875 manus
1973 2835 2065 2875 ar-

480 2905 842 2959 marenturin
876 2919 1023 2968 eum,
1079 2904 1172 2974 qui
1203 2906 1376 2961 sacris
1420 2907 1731 2963 vehebatur
1784 2912 2061 2967 manibus.

477 2990 637 3048 Nunc
664 3008 797 3048 sane
841 2993 993 3047 illum
1031 2994 1083 3047 in
1118 2992 1304 3049 fasciis
1344 2994 1532 3050 furens
1574 2998 1920 3066 persequitur
1950 2998 2060 3053 lle-

2179 528 2428 582 militatis
2462 531 2749 599 prospexit
2840 530 3184 585 altitudinem
3244 529 3675 601 magnitudinis,
3713 541 3767 585 et

2178 619 2281 673 sub
2334 627 2577 676 tt-staceo
2638 630 2847 677 naturae
2905 631 3109 677 nostrae
3161 623 3510 692 cperimento
3557 621 3769 692 Marga-

2178 709 2341 763 rilam
2378 710 2609 767 Deitatis
2670 714 2915 775 invenit;
2972 714 3136 780 cujus
3194 713 3605 785 pulchritudine
3644 718 3767 786 plu-

2174 802 2373 855 rimum
2424 804 2749 871 delectatus,
2810 807 2876 861 ad
2927 822 3146 863 sacrum
3206 825 3433 866 carmen
3478 810 3768 864 modulan-

2176 893 2302 947 dum
2332 895 2573 951 alacrius
2636 906 2819 953 movet
2866 899 3135 969 linguam.
3181 903 3221 954 A
3280 916 3394 971 quo
3443 916 3768 958 remunera-

2172 988 2340 1041 tionis
2388 989 2631 1053 nomine,
2676 1004 2742 1044 eo
2776 991 2921 1059 quod
2952 1006 3117 1045 senex
3150 1007 3276 1046 eum
3315 994 3370 1046 in
3414 993 3574 1047 ulnas
3614 1007 3769 1047 aceeo

2183 1078 2346 1147 perit,
2382 1077 2695 1133 discessum
2728 1079 2890 1133 evita
2942 1080 3265 1149 impetratis,
3318 1078 3454 1135 abiit
3505 1082 3571 1134 ad
3627 1081 3769 1135 infe-

2174 1183 2288 1231 ros,
2332 1169 2768 1224 annuntiaturus
2829 1170 3068 1225 detentis
3129 1172 3262 1225 inibi
3345 1171 3557 1239 egenis,
3625 1186 3767 1241 quas

2171 1260 2311 1315 vidit
2374 1262 2492 1330 ipse
2541 1261 2789 1315 divitias.
2821 1261 2921 1315 Cui
2954 1263 3424 1332 appropinquans,
3458 1270 3768 1331 torporem-

2171 1366 2278 1421 que
2309 1350 2549 1405 llaccida:
2574 1346 2758 1407 carnis
2792 1352 3096 1422 deponens,
3162 1352 3539 1422 reflorensque
3574 1354 3762 1407 δριιεί-

2176 1442 2299 1505 bus,
2357 1442 2553 1512 spiritu
2621 1444 2738 1497 obit
2802 1444 3051 1513 spiritale
3120 1443 3510 1498 ministerium.
3580 1441 3771 1496 Enim-

2173 1550 2301 1590 vero
2350 1536 2683 1605 pr0pheticis
2729 1537 2863 1591 olim
2914 1536 3092 1592 oculis
3140 1551 3238 1605 per
3316 1530 3565 1606 symbola
3627 1550 3769 1605 prte-

2179 1635 2480 1681 monstrata
2510 1635 2660 1691 sunt,
2701 1643 2819 1697 qua:
2850 1629 3005 1694 fiunt,
3036 1637 3091 1683 et
3127 1630 3181 1683 in
3235 1627 3467 1698 forcipe,
3502 1636 3555 1682 et
3588 1642 3767 1697 pruna

2178 1724 2298 1768 erat
2342 1715 2597 1786 aenigma,
2660 1718 2982 1773 continente
3047 1718 3164 1783 illo,
3212 1720 3317 1773 hac
3372 1716 3635 1787 propheta
3688 1717 3771 1769 la—

2184 1805 2270 1859 bia
2326 1814 2607 1875 tangente,
2650 1816 2704 1862 et
2764 1809 3139 1877 propheticam
3200 1809 3580 1863 inflammante
3608 1823 3769 1861 men—

2186 1903 2315 1949 tem.
2365 1895 2554 1966 Itaque
2604 1913 2726 1966 qua:
2776 1914 2923 1952 nunc
2975 1907 3105 1953 sunt
3137 1914 3248 1963 res,
3304 1899 3594 1968 aenigmata
3633 1906 3771 1951 tunc

2180 1994 2375 2041 erant:
2406 1988 2544 2042 lacte
2574 1989 2825 2043 nutriens
2850 1999 2902 2043 et
2923 1987 3087 2059 Virgo
3105 2004 3331 2044 manens
3361 1988 3496 2058 U7),
3521 1988 3773 2041 inacces-

2185 2076 2364 2131 sibilis
2403 2089 2457 2131 et
2507 2085 2780 2146 portatus,
2832 2076 3019 2131 Puella
3076 2086 3335 2148 tanquam
3376 2078 3593 2147 forceps
3634 2093 3772 2148 pru-

2187 2182 2311 2220 nam
2379 2166 2685 2221 divinitatis
2746 2175 2964 2233 tenens,
2999 2183 3164 2237 quam
3194 2169 3360 2223 etiam
3417 2183 3613 2224 manus
3672 2184 3771 2222 sa-

2185 2259 2425 2314 cerdotis
2490 2267 2777 2328 tangentes
2816 2259 3270 2321 sanctificantur,
3302 2268 3357 2313 et
3402 2275 3467 2315 os
3504 2260 3771 2316 vaticinio

2186 2351 2429 2420 Spiritus
2462 2352 2759 2421 impletur;
2826 2352 2973 2405 ulna:
3029 2365 3312 2421 corporeae
3362 2351 3515 2404 illum
3556 2352 3767 2419 ample-

2134 2500 2137 2501 ν
2184 2451 2420 2507 ctentes,
2470 2457 2631 2512 quem
2692 2441 2895 2495 intueri
2952 2456 3061 2495 non
3119 2440 3325 2495 audent
3373 2438 3772 2494 immateriales

2183 2534 2350 2590 oculi.
2397 2533 2500 2599 Qui
2562 2532 2901 2587 materialem
2968 2538 3214 2586 nostram
3267 2530 3638 2585 substantiam
3676 2544 3773 2584 es-

2184 2626 2376 2680 sentia:
2435 2639 2549 2678 sua:
2586 2626 2803 2688 unicus,
2844 2623 2975 2677 facit
3011 2631 3070 2677 ut
3108 2639 3207 2679 sua
3244 2622 3589 2678 intoleranda
3640 2638 3766 2676 ma-

2179 2714 2355 2784 jestas
2390 2715 2440 2769 in
2479 2715 2747 2768 materiali
2783 2722 2982 2769 nostro
3007 2724 3290 2783 portetur:
3320 2724 3371 2769 et
3423 2713 3609 2768 fasciis
3641 2714 3773 2782 qni-

2184 2807 2306 2862 dem
2366 2806 2626 2876 alligatus
2699 2815 2802 2869 est,
2874 2804 2968 2860 sed
3036 2813 3348 2874 portantem
3423 2804 3771 2859 sacerdotem

2181 2900 2563 2967 corporalibus
2623 2898 2788 2952 solvit
2832 2896 3043 2961 fasciis,
3075 2906 3132 2949 ut
3168 2896 3384 2965 rugosis
3446 2896 3538 2950 ille
3588 2896 3774 2950 oculis

2183 2992 2339 3057 vidit,
2377 2990 2524 3061 quod
2559 3005 2733 3059 nuper
2765 2988 3044 3059 apparuit,
3078 2987 3330 3041 Salutare
3367 2986 3551 3042 Israel.
3585 2987 3773 3056 Opor-

480 3083 668 3137 rorles.
716 3083 808 3166 Et
843 3081 1119 3152 z’Egyptus
1174 3086 1409 3154 excipiet
1469 3087 1620 3141 illum
1679 3104 1708 3141 a
1774 3105 1884 3157 quo
1936 3090 2136 3151 olimC
2172 3085 2320 3140 lebat
2370 3082 2518 3138 enim
2593 3082 2954 3137 subterranea
3024 3077 3397 3134 incolentibus
3454 3079 3573 3133 loca
3624 3094 3775 3133 nun-

476 3173 758 3241 vapulavit
805 3183 1033 3244 propter
1069 3174 1319 3244 hospites
1361 3177 1504 3231 male
1559 3187 1835 3248 acceptos,
1873 3190 1927 3236 et
1972 3182 2060 3235 in-

478 3263 759 3333 tingentnr
806 3264 970 3335 gladii
1008 3265 1063 3319 in
1104 3265 1372 3321 infantum
1422 3269 1589 3335 caede,
1645 3277 1704 3323 ut
1742 3270 1929 3329 Infans
1965 3289 2063 3328 ne-

479 3363 656 3412 cetur.
718 3356 1018 3426 Oportebat
1064 3359 1209 3412 enim
1252 3357 1359 3412 Deo
1391 3359 1445 3413 in
1479 3369 1627 3415 terra
1669 3371 1799 3416 nato
1828 3364 1895 3418 de
1920 3380 2051 3419 san-

477 3447 743 3516 guinibus
787 3447 1049 3518 Virginis,
1092 3449 1334 3516 aequales
1366 3449 1469 3504 sibi
1502 3466 1598 3519 per
1636 3454 1961 3524 sanguinein
2006 3456 2061 3509 in

477 3539 633 3593 etelis
666 3541 858 3604 nasci;
906 3548 959 3594 et
998 3540 1231 3609 primam
1286 3541 1435 3596 illam
1470 3553 1711 3609 aetatem,
1749 3561 1780 3600 e
1821 3560 2060 3614 priesen-

478 3631 553 3683 tia
601 3628 815 3684 Domini
871 3634 1110 3685 fructum
1177 3634 1484 3702 percipere,
1532 3650 1654 3703 qnaa
1699 3637 1873 3706 prima
1910 3638 2059 3692 illum

480 3720 535 3775 in
578 3721 695 3776 suis
747 3723 974 3777 habuit:
1017 3724 1218 3779 caedem
1270 3726 1363 3779 illo
1426 3728 1737 3783 sustinente
1779 3744 1878 3797 pro
1911 3746 2063 3801 rege-

478 3813 740 3869 nerandis
790 3815 1077 3879 omnibus,
1124 3817 1344 3885 quando
1403 3816 1582 3873 Patris
1629 3834 1861 3889 magnus
1918 3823 2065 3891 Apo-

478 3906 680 3971 stolus,
734 3906 990 3962 absoluto
1039 3923 1205 3977 opere
1246 3917 1469 3977 propter
1504 3911 1651 3979 quod
1701 3921 1787 3967 est
1832 3914 2061 3980 missus,

475 3995 733 4052 omnibus
786 3998 949 4052 simul
1001 3998 1199 4067 pandet
1254 4000 1408 4054 sinus
1438 4002 1712 4057 caelestes.
1773 4002 1878 4059 Sed
1932 4020 2066 4060 cave

480 4094 539 4139 tu
594 4088 793 4142 iterum
857 4091 928 4143 ob
983 4091 1326 4157 apostolatus
1354 4106 1577 4155 nomen,
1627 4092 1904 4164 Unigeniti
1957 4097 2066 4150 im-

478 4177 696 4231 minuas
745 4179 999 4248 gloriam,
1071 4197 1171 4235 nec
1226 4180 1569 4236 dominatum
1628 4186 1683 4237 in
1743 4189 2061 4243 servitutem

479 4266 733 4336 redigas;
799 4268 1038 4322 alienum
1096 4268 1251 4322 illum
1301 4286 1330 4323 a
1379 4280 1610 4338 paterna
1679 4283 1873 4327 natura
1931 4291 2065 4330 con-

480 4358 737 4412 stituens.
803 4356 909 4412 Sed
958 4360 1327 4427 apostolatmn
1393 4361 1644 4428 audiens,
1690 4365 2061 4433 aequalitatem

480 4445 793 4502 considera.
866 4445 993 4502 Haec
1055 4450 1122 4501 ad
1184 4464 1304 4515 eos,
1359 4452 1451 4518 qui
1507 4450 1795 4509 beneficiis
1849 4453 2057 4519 affecti,

482 4536 684 4606 ingrati
716 4546 867 4603 sunt,
889 4546 943 4592 et
970 4538 1177 4593 honore
1201 4541 1346 4595 aucti
1380 4557 1444 4595 ac
1472 4545 1753 4598 sublimati
1779 4560 1875 4613 per
1902 4544 2060 4600 Verbi

479 4626 838 4683 humilitatem
864 4630 1200 4685 inhonorant
1232 4634 1617 4699 honorantem,
1665 4652 1873 4706 proque
1901 4637 2056 4692 fasti-

479 4718 570 4789 gio
615 4720 917 4775 cacuminis
973 4720 1208 4775 reddunt
1255 4722 1686 4792 depressionem.
1713 4725 1817 4780 Sed
1849 4727 2054 4795 ,redea—

559 4838 604 4870 ³⁷
633 4838 809 4894 Exod.
842 4856 924 4907 ιιι,
957 4842 981 4893 1
1045 4857 1200 4913 seqq.

2175 3177 2301 3233 tiari
2337 3192 2463 3247 qua:
2512 3191 2677 3245 supra
2740 3184 2942 3229 terram
2998 3172 3200 3227 fiebant
3247 3171 3622 3239 admirabilia,
3674 3172 3776 3229 do-

2177 3271 2408 3340 cerique
2487 3269 2611 3322 illos
2666 3268 2832 3321 etiam
2891 3265 3182 3321 advenisse
3241 3265 3434 3320 mundi
3505 3265 3771 3330 salutem,

2178 3363 2458 3431 Deumque
2484 3369 2700 3429 gestare
2733 3372 2978 3423 carnem,
3013 3366 3063 3412 et
3104 3370 3336 3427 puerum
3370 3371 3515 3419 esse,
3548 3357 3640 3425 qui
3679 3363 3775 3411 est

2173 3464 2299 3510 ante
2322 3454 2550 3510 saecula:
2576 3462 2628 3507 et
2648 3452 2981 3506 nutrimenta
3004 3450 3541 3512 subministrantem,
3561 3448 3645 3502 lae
3672 3464 3776 3502 su-

2172 3561 2327 3618 gere:
2350 3548 2823 3613 aulventurumque
2846 3552 2902 3595 ut
2934 3541 3163 3596 afﬂictos
3186 3542 3255 3595 ab
3277 3541 3538 3596 aerumnis
3566 3540 3774 3595 libera-

2178 3647 2280 3703 ret,
2304 3646 2561 3704 essetque
2585 3634 2800 3688 interim
2838 3633 2949 3686 illic
2979 3632 3325 3687 morantibus
3351 3632 3626 3700 patientia:
3657 3631 3774 3685 lar-

2178 3727 2343 3793 gitor.
2398 3724 2526 3779 Ideo
2578 3721 2835 3793 Symeoni
2878 3736 3202 3790 responsum
3234 3721 3441 3774 dature
3464 3721 3649 3774 carnis
3673 3735 3774 3774 er-

2180 3815 2396 3887 gastulo
2452 3828 2511 3869 se
2564 3828 2672 3867 non
2720 3812 2995 3867 exiturum
3026 3852 3042 3879 ,
3122 3813 3179 3866 ni
3233 3811 3415 3866 videat
3465 3810 3775 3870 Salvatoris

2178 3907 2472 3961 adventum
2492 3906 2556 3959 ³⁸.
2578 3904 2749 3957 Adam
2778 3918 2943 3959 aures
2975 3918 3211 3959 mterore
3235 3918 3533 3973 oppressas
3557 3903 3775 3971 aperiet

2184 4000 2391 4053 laetitia:
2438 3999 2652 4062 nuntio,
2700 4005 2754 4050 et
2802 3996 3117 4051 Creatorem
3151 4011 3384 4051 narrans
3420 3997 3621 4065 gestari
3652 4012 3776 4051 ma-

2180 4091 2362 4154 nibus,
2398 4088 2659 4144 maestitia
2692 4086 2894 4157 posita,
2930 4102 3117 4141 senem
3151 4101 3249 4156 spe
3278 4086 3474 4141 elliciet
3504 4087 3772 4144 alacrem.

2183 4183 2292 4236 Eva
2328 4180 2422 4235 tibi
2455 4178 2713 4234 didicerit
2734 4194 2764 4233 e
2794 4178 3021 4233 muliere
3051 4186 3263 4244 natum,
3294 4186 3486 4247 partus
3513 4178 3773 4233 dolorum

2181 4273 2623 4329 maledictionem
2654 4287 2761 4325 non
2805 4286 2947 4339 aagre
2996 4270 3151 4326 feret.
3209 4286 3372 4339 quam
3430 4269 3776 4325 hmreditatis

2183 4368 2404 4420 nomine
2461 4364 2699 4435 posteris
2756 4363 3086 4418 transmisit.
3127 4361 3305 4416 Moses
3353 4362 3423 4417 ab
3472 4376 3537 4416 eo
3591 4362 3775 4431 legem

2173 4458 2389 4527 impleri
2444 4458 2583 4511 sciet
2620 4456 2689 4519 ³⁷,
2730 4454 2889 4523 cujus
2920 4453 3106 4524 digitis
3135 4452 3397 4522 scriptam
3433 4452 3681 4521 accepit,
3713 4462 3779 4507 et

2168 4565 2231 4603 ea
2285 4546 2398 4615 jam
2429 4546 2621 4601 en‘ecta
2655 4546 2831 4608 reddi,
2861 4560 2985 4614 quae
3030 4544 3082 4597 in
3126 4544 3247 4613 igne
3278 4553 3331 4597 et
3366 4544 3503 4598 rubo
3532 4542 3771 4597 viderat.

2167 4638 2370 4695 Omnes
2418 4638 2622 4693 detenti
2678 4637 2730 4690 in
2763 4636 2977 4701 inferis,
3009 4644 3063 4691 et
3104 4637 3157 4690 in
3202 4650 3441 4689 maerore
3493 4636 3771 4704 iacentes,

2168 4745 2470 4800 praeconem
2506 4728 2811 4798 suscipient
2844 4728 3048 4783 laetum.
3094 4726 3222 4780 Erat
3279 4741 3444 4796 porro
3495 4726 3759 4781 immensi

2012 4914 2247 4970 ΝΟΤᾸΕ.

552 4996 667 5074 (iii)
695 4996 883 5074 Inopia
909 4998 1126 5055 Matris.
1162 5002 1238 5074 De
1264 5010 1581 5071 paupertate
1616 5002 1786 5059 beata:
1818 5004 2062 5074 Virginis

477 5069 587 5124 late
624 5069 766 5122 inter
816 5070 953 5139 alios
1005 5081 1172 5139 agunt
1225 5069 1535 5127 llic‘hardns
1587 5088 1612 5124 τι
1674 5076 1730 5127 S.
1763 5069 2063 5132 Laurentio

476 5140 778 5219 lib.ntv_de
811 5138 1091 5219 Laudibus
1112 5140 1270 5219 γῆς.
1301 5158 1355 5219 _a_
1386 5158 1511 5211 pag.
1543 5142 1668 5205 279,
1703 5147 2062 5219 etAdeinceps.

476 5220 531 5264 et
579 5209 869 5284 Pelbartus
909 5212 961 5264 in
1013 5209 1268 5267 Stellario
1301 5209 1398 5267 lib.
1436 5209 1531 5277 vit,
1565 5222 1705 5283 part.
1749 5215 1806 5281 2,
1849 5209 2063 5284 art.'5,

476 5295 600 5349 cap.
628 5281 714 5334 10.
744 5281 895 5346 Quos
935 5292 987 5334 tu
1012 5284 1261 5337 consule.

553 5351 665 5418 (i6)
698 5351 889 5421 gladio
926 5352 1127 5407 doloris
1179 5354 1533 5421 transfossam
1580 5356 1681 5408 sibi
1731 5360 1916 5412 sentiet
1955 5358 2067 5411 ani-

481 5436 665 5497 mam._
698 5419 771 5475 De
816 5422 1000 5497 gladio
1058 5425 1302 5497 doloris,
1335 5419 1462 5494 quo
1502 5427 1683 5479 anima
1724 5427 1785 5479 Β.
1829 5428 2067 5497 Virginis

482 5489 789 5568 transfossa
812 5489 915 5568 fuit
942 5494 1011 5568 ob
1043 5489 1438 5563 passionem-et
1472 5504 1703 5568 mortem
1736 5498 1878 5560 Filii,
1908 5489 2067 5568 pvlura

482 5560 674 5640 babes.
711 5574 775 5613 ex
975 5560 1193 5640 Patrum
1252 5567 1619 5640 monumentis
1673 5568 1868 5640 hausta
1910 5560 2064 5640 apud

480 5627 775 5709 georginnt
838 5632 1217 5709 Colvenerium
1274 5636 1337 5709 in
1394 5636 1511 5688 Kal.
1549 5635 1794 5709 Mariano
1855 5627 2065 5693 die-18

484 5697 687 5759 Martii,
718 5698 993 5755 Justinum
1027 5704 1479 5760 Mierhoviensnm
1516 5716 1660 5759 torno
1690 5705 1727 5759 ll
1765 5710 1818 5761 in
1849 5710 2066 5763 litanias

486 5768 853 5834 Lauretanas,
906 5788 1068 5837 super
1122 5775 1255 5831 illud
1319 5777 1463 5845 Virg.
1512 5778 1747 5847 elogium
1797 5793 1809 5830 :
1863 5779 2065 5849 Regina

2168 5016 2485 5078 martyrum,
2522 5015 2574 5062 et
2603 5006 2965 5078 The0philum
2997 5006 3356 5078 Raynaudum
3385 5006 3440 5078 in
3480 5001 3775 5076 Diptycbis

2168 5076 2430 5147 Marianis
2468 5093 2520 5146 p.
2554 5082 2603 5145 ι,
2640 5076 2842 5147 puncto
2874 5078 2929 5141 9,
2970 5095 3024 5132 ιι.
3053 5076 3107 5137 6.
3141 5078 3194 5139 7,
3223 5077 3255 5130 8
3282 5087 3335 5131 et
3376 5076 3429 5131 9.

2241 5146 2353 5217 (i7)
2382 5146 2540 5201 Lacte
2566 5146 2827 5212 nutriens,
2871 5156 2918 5201 et
2966 5153 3106 5217 virgo
3142 5164 3382 5201 manens.
3420 5148 3608 5218 Virgo,
3643 5160 3776 5218 ma-

2169 5215 2305 5273 nens
2334 5219 2485 5288 virgo
2508 5258 2523 5282 ,
2584 5221 2665 5288 lac
2703 5219 2907 5272 habere
2934 5215 3260 5271 naturaliter
3294 5233 3399 5271 non
3439 5215 3637 5285 potest.
3677 5215 3776 5269 Li-

2168 5299 2255 5343 cet
2313 5286 2456 5343 enim
2526 5289 2583 5342 S.
2626 5286 2789 5357 Virgo
2832 5288 3120 5351 Liduvina,
3156 5297 3209 5341 et
3252 5287 3373 5341 alia:
3404 5289 3652 5357 quaedam
3705 5288 3769 5341 in

2170 5366 2332 5413 nocte
2389 5358 2681 5412 Duminica‘.
2736 5358 3049 5411 Nativitatis
3099 5360 3237 5411 lacte
3271 5357 3653 5425 redundarint,
3709 5369 3779 5412 ut

2170 5430 2370 5482 habent
2418 5428 2552 5481 Acta
2607 5427 2851 5498 ejusdem
2886 5428 2942 5482 S.
2982 5427 3262 5481 Liduvinaa
3311 5428 3407 5481 lib.
3440 5446 3499 5492 ιι,
3542 5444 3665 5497 cap.
3710 5428 3774 5493 4,

2169 5509 2353 5553 tamen
2403 5498 2483 5552 hic
2514 5499 2756 5568 virgines
2786 5499 2873 5551 lac
2907 5514 3015 5551 non
3057 5498 3372 5551 habuerunt
3407 5500 3771 5562 naturaliter,

2172 5570 2264 5625 sed
2303 5584 2467 5625 supra
2504 5579 2714 5624 natura:
2746 5568 2993 5623 debitum
3032 5577 3087 5622 et
3121 5568 3498 5621 ellicaeitatem
3539 5571 3620 5623 lae
3657 5570 3777 5624 illis

2176 5637 2545 5707 suppeditavit
2582 5639 2743 5693 Deus.
2779 5637 3068 5703 Quomodo
3106 5646 3286 5692 autem
3318 5637 3480 5691 fuerit
3523 5638 3606 5693 lac
3643 5637 3777 5692 Vir—

2179 5710 2288 5778 gini
2327 5710 2538 5777 absqne
2569 5712 2686 5764 viro
2715 5709 2868 5763 Matri
2905 5711 3112 5778 optime
3142 5709 3395 5761 edisserit
3426 5708 3774 5777 Raynaudus

2174 5782 2229 5835 in
2258 5778 2537 5852 Diptychis
2569 5780 2826 5836 Marianis
2869 5796 2921 5853 p.
2958 5797 3005 5846 ι,
3034 5794 3085 5852 p.
3132 5778 3183 5844 8,
3225 5794 3376 5833 num.
3410 5779 3463 5833 2.
