4104 6470
350 390 417 451 57
1146 388 1427 447 ORATIO
1457 389 1555 449 VI.
1584 414 1651 423 --
1689 388 1769 449 ΙΝ
1796 387 1940 448 CHB

2049 387 2110 448 ΓΙ
2148 387 2668 449 NATIVITATEM
2712 389 2824 449 [ΙΙ.
3557 395 3627 459 58

350 504 448 557 hoc
474 486 637 555 etiam
673 511 809 567 erga
849 498 1105 552 homines
1139 500 1364 562 amoris,
1403 514 1513 553 non
1557 500 1720 553 modo
1752 498 1929 570 ipsum
1958 502 2012 561 Α
2038 499 2280 553 ferentes
2320 512 2441 567 quae
2489 513 2719 566 nequam
2783 498 3065 569 Synagoga
3116 500 3367 555 molietur
3402 503 3454 556 in
3506 504 3628 572 ejus

348 594 601 650 advenire
623 590 872 653 afflictis,
901 598 955 645 et
976 592 1258 660 angustias
1291 592 1626 658 patientibus
1655 592 1934 658 solatimn,

348 686 439 742 sed
475 682 859 754 praenuntiam
886 696 1110 751 quoque
1155 682 1501 747 benelicium,
1532 691 1593 736 ut
1626 698 1723 752 spe
1771 683 1939 735 bono-

350 792 463 831 rum
493 774 666 829 levior
699 782 852 827 esset
893 772 1165 825 malorum
1195 772 1460 841 gravitas,
1493 781 1547 825 et
1583 786 1645 826 ea
1677 783 1934 840 tanquam

349 884 468 923 rore
501 868 823 920 mitesceret
869 862 1093 917 ﬂamma
1142 862 1415 918 dolorum.
1464 864 1734 918 Cteternm
1771 877 1939 917 senex
1986 888 1991 891 -

348 960 564 1029 quidem
583 957 925 1026 decrepitus,
956 967 1009 1010 et
1030 958 1290 1013 sacerdos
1309 940 1740 1027 (18)antiquiori
1765 973 1824 1012 se
1853 957 1937 1011 ln-

350 1051 478 1104 tanti
528 1064 731 1102 manus
764 1048 833 1101 ad
866 1047 1251 1119 excipiendum
1305 1049 1503 1103 obtulit
1546 1050 1850 1116 ministras,
1883 1054 1939 1103 et

353 1142 545 1195 futura:
580 1141 786 1195 salutis
815 1140 1109 1194 decantato
1146 1142 1348 1211 hymno
1387 1143 1691 1195 mercedem
1715 1143 1937 1213 accipit,

356 1244 407 1286 ιιι
435 1248 463 1285 e
486 1232 732 1285 vinculis
768 1231 1056 1300 corporeis
1089 1234 1287 1287 avolet.
1321 1231 1460 1298 Quid
1496 1249 1659 1303 porro
1693 1251 1814 1299 nos,
1844 1237 1936 1303 qui

355 1331 685 1377 velustatem
727 1306 1089 1390 deposuimus
1146 1324 1448 1388 regenerati
1481 1338 1578 1390 per
1627 1325 1936 1392 generatio-

358 1429 475 1467 nem
503 1452 519 1476 ,
575 1411 669 1482 qui
718 1412 887 1477 oblati
931 1426 1124 1465 sumus
1169 1411 1316 1465 Patri
1359 1413 1665 1468 ministerio
1699 1414 1938 1469 humano

358 1503 542 1557 dilecti
591 1500 711 1556 Filii
762 1498 919 1567 ejus,
967 1501 1111 1569 quod
1161 1500 1552 1565 ministerium,
1600 1504 1746 1572 quod
1778 1504 1941 1559 obse-

364 1595 477 1663 quii
522 1594 793 1663 specimen
849 1591 1199 1647 oll'eremus?
1256 1594 1338 1647 An
1385 1603 1535 1650 certe
1571 1597 1939 1665 nosmetipsos

364 1686 677 1747 oﬂ'eremus,
707 1695 932 1756 propter
961 1701 1102 1756 quos
1137 1695 1285 1741 tanta
1320 1688 1646 1753 exinanitio,
1680 1696 1940 1759 tantaque

362 1778 777 1841 condescensio,
802 1786 859 1831 ut
888 1780 1156 1848 integram
1188 1796 1472 1837 servemus
1495 1782 1812 1852 imaginem,
1838 1797 1940 1836 nec

364 1869 505 1924 vitiis
556 1870 856 1925 obruamus
906 1870 1122 1925 colores
1174 1870 1351 1939 vivos,
1407 1874 1608 1942 quibus
1670 1875 1939 1943 picturam

364 1976 512 2014 suam
561 1962 781 2015 ornavit
812 1960 1078 2017 Dominus
1112 1963 1135 2016 ?
1183 1963 1279 2017 Sin
1312 1966 1515 2029 minus,
1566 1972 1627 2020 ut
1658 1980 1764 2019 non
1796 1966 1941 2021 osci—

366 2062 536 2108 tanter
568 2070 951 2122 repurgemtts,
985 2054 1079 2110 sed
1111 2056 1355 2125 pulchris
1384 2056 1580 2111 iterum
1612 2056 1940 2113 decoremus

366 2142 503 2196 illam
538 2144 818 2197 coloribus
847 2144 871 2196 ἲ
918 2143 1141 2200 Fiamus
1168 2144 1351 2201 Patris
1383 2147 1638 2202 altissimi
1668 2146 1783 2213 lilii,
1817 2162 1942 2215 pro-

371 2242 483 2302 pter
529 2250 647 2287 eum
700 2235 891 2302 quies
944 2236 1131 2289 intimo
1171 2239 1508 2293 conditionis
1560 2247 1762 2293 nostrae
1818 2239 1939 2294 loco

375 2322 587 2377 Matrem
628 2326 869 2397 agnovit.
909 2326 1130 2384 Fiamus
1181 2328 1270 2385 Dei
1313 2330 1616 2400 templum;
1664 2330 1768 2385 hoc
1793 2332 1935 2385 enim

373 2425 449 2469 est
470 2431 575 2484 quo
604 2426 819 2487 spectat
849 2418 1117 2476 adventus
1148 2421 1239 2476 Dei
1269 2421 1335 2476 ad
1372 2423 1640 2477 homines.
1666 2421 1939 2479 Ornemus

367 2503 623 2558 virtutum
668 2505 915 2561 donariis
946 2511 1314 2579 nosmetipsos
1336 2550 1351 2577 ,
1385 2518 1438 2563 et
1472 2511 1751 2567 latitantes
1779 2512 1938 2582 quasi

360 2592 423 2649 dc
458 2596 705 2650 latibulis
730 2607 1042 2667 serpentes,
1072 2615 1272 2668 pravos
1309 2601 1534 2658 affectus
1564 2605 1711 2658 omni
1738 2613 1936 2658 conatu

359 2683 665 2751 ejiciamus.
712 2686 1043 2755 Aperiamus
1085 2704 1280 2745 manus
1317 2693 1605 2748 conservis
1638 2692 1937 2758 beneficas,

358 2773 452 2840 qui
494 2774 634 2829 bona
683 2790 915 2846 quaeque
961 2791 992 2831 a
1026 2777 1255 2834 Domino
1308 2783 1636 2853 recepimus.
1706 2784 1937 2839 Humani

356 2864 691 2935 benignique
717 2871 910 2932 simus,
932 2870 1026 2940 qui
1062 2870 1448 2940 benignitatem
1478 2875 1687 2943 experti
1723 2890 1935 2930 sumus.

351 2956 436 3011 Ad
472 2959 781 3027 spiritualis
813 2961 1212 3015 incrementum
1245 2965 1606 3019 ascendamus
1636 2968 1836 3031 aetatis,
1869 2968 1940 3021 oh

347 3048 477 3116 ejus
497 3050 887 3115 reverentiam,
914 3052 1005 3120 qui
1033 3053 1210 3106 aetatis
1236 3054 1572 3123 imperfectae.
1600 3056 1719 3121 fuit,
1752 3066 1811 3110 ut
1838 3072 1937 3113 nos

2044 590 2464 663 primogenitum
2510 606 2528 655 ;
2578 603 2680 643 nec
2726 590 2858 644 illud
2895 606 2908 643 :
2953 590 3123 644 Tuam
3166 594 3333 661 ipsius
3388 595 3625 650 animant

2042 682 2383 753 pertransibit
2407 681 2616 751 gladius
2639 681 2786 748 ’3'“;
2813 682 2907 737 sed
2942 684 3059 737 laeta
3087 683 3402 749 aderamus,
3423 688 3631 742 benefi—

2044 776 2151 841 cia,
2180 774 2401 843 quibus,
2432 772 2825 827 uthtereditate
2843 775 3100 843 quadam,
3121 776 3272 831 orbis
3296 784 3456 832 terrae
3494 778 3631 833 ﬁnes

2048 862 2324 927 frttuntur,
2374 870 2727 916 recensentes
2758 862 3018 931 Virginis,
3048 864 3206 933 cujus
3247 868 3447 935 gaudio
3475 869 3632 924 dilati

2043 971 2257 1011 sumus.
2291 955 2605 1010 Clatnemus
2630 955 2697 1009 ad
2736 957 3143 1010 immaculatam
3203 960 3419 1027 penitus
3456 958 3634 1029 Virgi-

2045 1062 2166 1102 nem
2202 1047 2316 1118 (19)
2349 1060 2486 1102 voce
2537 1062 2646 1100 non
2684 1046 2906 1116 indigna
2937 1066 2951 1103 :
2981 1047 3390 1117 Magniﬁcantns
3419 1058 3491 1112 te,
3539 1066 3635 1119 per

2044 1154 2206 1209 quam
2266 1139 2334 1206 is,
2385 1142 2481 1211 qui
2522 1155 2609 1196 res
2641 1155 2870 1209 magnas
2908 1139 3091 1207 edicit,
3139 1157 3364 1197 suorum
3405 1158 3632 1213 operum

2045 1231 2341 1285 maximum
2388 1241 2442 1285 et
2482 1230 2718 1285 maxime
2755 1232 3084 1300 stupendum
3116 1232 3327 1301 peregit
3362 1249 3377 1297 ;
3413 1248 3536 1302 qure
3576 1233 3633 1288 itt

2044 1321 2165 1373 sinu
2234 1321 2455 1374 tenuisti
2514 1320 2887 1374 continentem
2972 1322 3180 1387 eteius,
3238 1323 3400 1390 cujus
3469 1323 3639 1378 ubere

2044 1410 2287 1465 nutritus
2317 1418 2402 1465 est
2428 1408 2521 1479 qui
2550 1410 2808 1464 omnibus
2833 1424 2898 1464 ex
2932 1410 3099 1466 humo
3134 1412 3394 1467 alimenta
3424 1413 3625 1481 produ-

2043 1501 2142 1566 cit,
2188 1516 2310 1569 quae
2358 1502 2502 1556 inter
2537 1501 2793 1555 mulieres
2820 1516 2928 1555 una
2970 1501 3256 1556 benedicta
3283 1517 3362 1568 es,
3392 1513 3447 1558 et
3474 1505 3639 1557 bene-

2044 1598 2341 1652 dictionem
2390 1597 2727 1652 hazreditatis
2774 1597 2897 1652 loco
2945 1598 3186 1654 ell'udisti
3223 1599 3276 1652 itt
3313 1600 3636 1654 universum
3683 1666 3689 1671 _

2043 1704 2238 1759 genus,
2282 1704 2379 1761 per
2410 1696 2463 1743 te
2497 1703 2528 1744 e
2552 1689 2713 1744 nobis
2750 1689 2855 1743 rite
2888 1688 3105 1743 sublata
3136 1689 3313 1744 invisa
3346 1697 3635 1758 parentum

2045 1777 2397 1833 haereditate.
2456 1776 2772 1847 Enigmata
2832 1786 2885 1832 te
2941 1778 3166 1847 antiqua
3234 1779 3639 1849 praesignabant

2047 1870 2304 1935 Matrem,
2338 1877 2531 1939 partus
2566 1868 2830 1923 felicitate
2873 1869 3233 1938 praecipuam.
3274 1868 3558 1932 Thronus,
3582 1877 3638 1924 et

2047 1957 2308 2029 Forceps,
2328 1968 2382 2014 et
2410 1959 2618 2014 Domus
2647 1959 2821 2029 gloria
2855 1959 3039 2026 plena,
3063 1967 3117 2013 et
3139 1974 3483 2029 quacunque
3505 1960 3633 2013 alia.

2046 2050 2319 2106 Videbant
2364 2052 2583 2121 quidem
2626 2052 2812 2115 oculi,
2863 2051 3086 2106 interim
3151 2060 3331 2105 tamen
3380 2053 3636 2106 umbram

2046 2141 2318 2205 videntes,
2371 2150 2426 2197 te
2472 2141 2765 2197 referentia
2819 2143 3121 2196 cernebant
3156 2143 3443 2213 mysteria.
3479 2143 3635 2198 Nunc

2050 2246 2182 2287 vero
2226 2239 2285 2285 ttt
2315 2231 2433 2285 haec
2460 2231 2724 2300 prodiens
2770 2240 2957 2301 aperta
3006 2240 3059 2285 et
3087 2230 3377 2285 manifesta
3429 2230 3634 2295 reddis,

2049 2325 2278 2379 mutatis
2313 2325 2529 2381 umbris
2560 2325 2611 2378 in
2650 2326 2825 2381 lucem
2868 2326 3074 2396 gratiae.
3122 2323 3279 2380 Nunc
3325 2333 3377 2379 te
3426 2323 3637 2395 liquido

2044 2414 2437 2480 Cherubicum,
2484 2414 2593 2468 imo
2641 2414 2967 2468 nobiliorem
3050 2412 3424 2481 constticimus
3485 2412 3635 2464 thro-

2045 2521 2198 2559 num.
2243 2503 2401 2560 Nunc
2432 2516 2484 2560 te
2531 2505 2795 2575 forcipem
2830 2506 3184 2575 agnoscimus
3215 2504 3533 2571 igniferum,
3581 2510 3638 2556 et

2044 2597 2265 2667 plenum
2318 2596 2699 2651 sanctimoniae
2756 2597 3041 2665 templum.
3074 2595 3130 2649 In
3184 2604 3240 2649 te
3275 2596 3419 2651 enim
3474 2596 3636 2665 quasi

2047 2692 2248 2744 throno
2289 2689 2560 2758 requievit
2594 2687 2881 2754 Dominus,
2912 2696 2967 2743 et
3002 2696 3263 2756 tanquam
3310 2688 3519 2756 forcipe
3550 2702 3639 2740 ar-

2049 2795 2237 2851 reptus
2267 2790 2375 2846 est,
2399 2796 2561 2851 quem
2600 2781 2737 2833 nihil
2766 2779 2911 2834 ferre
2946 2787 3125 2849 potest
3154 2796 3169 2842 ;
3197 2787 3252 2834 et
3282 2780 3438 2849 quasi
3474 2779 3639 2833 domo

2051 2880 2315 2941 exceptus
2351 2880 2459 2936 est,
2491 2872 2584 2940 qui
2615 2871 2733 2938 capi
2777 2885 3048 2937 nusquam
3082 2877 3280 2938 potest.
3326 2869 3488 2923 Beata
3515 2884 3640 2925 vere

2048 2978 2108 3017 es
2138 2963 2253 3017 sola
2292 2962 2438 3014 inter
2484 2958 2775 3021 mulieres,
2803 2974 2925 3028 qua:
2961 2972 3061 3012 nos
3087 2959 3254 3012 etiam
3282 2966 3391 3012 tuae
3427 2959 3637 3014 felicis-

2050 3057 2204 3113 sima:
2229 3056 2510 3112 beatitatis
2548 3054 2728 3111 fecisti
2770 3054 3088 3124 participes.
3134 3053 3266 3116 Sed,
3299 3069 3332 3108 ο
3363 3053 3551 3125 Virgo,
3580 3067 3638 3111 et

348 3142 423 3197 ad
494 3148 703 3194 statum
769 3141 1070 3211 perfectum
1129 3146 1556 3212 perveniremus.
1632 3146 1938 3217 Purgentur
1964 3169 2007 3227 ο
2039 3147 2231 3213 Mater,
2257 3148 2325 3203 de
2353 3146 2515 3216 cujus
2543 3146 2912 3201 immaculatis
2953 3145 3317 3215 sanguiuibus
3352 3146 3642 3204 formatio~

349 3231 484 3302 igne
538 3230 684 3283 labia
729 3239 939 3296 nostra,
991 3231 1118 3287 licet
1164 3235 1367 3303 quippe
1411 3242 1466 3289 et
1508 3236 1666 3289 nobis
1699 3251 1930 3305 prunam

347 3324 629 3390 attingere
666 3322 1057 3392 purgatricem.
1103 3324 1217 3377 luto
1250 3339 1381 3378 vero
1411 3340 1535 3378 cum
1577 3341 1642 3380 eo
1675 3325 1779 3380 frui
1822 3326 1933 3396 jam

350 3414 522 3468 nobis
548 3412 639 3467 Dei
666 3412 933 3467 beneficio
962 3414 1274 3484 contigerit,
1304 3430 1372 3469 ne
1401 3417 1780 3486 purgationem
1806 3433 1943 3472 con-

352 3515 671 3561 temnamus
744 3522 865 3575 qua-
925 3506 1050 3561 inde
1112 3516 1408 3561 consecuta
1472 3516 1573 3563 est.
1649 3509 1729 3564 Ita
1783 3525 1942 3565 acce-

348 3597 553 3654 dentes
601 3601 722 3670 puri
758 3600 825 3654 ad
865 3614 990 3654 eum
1027 3599 1117 3668 qui
1162 3600 1216 3653 in
1252 3600 1456 3669 templo
1486 3599 1647 3657 hodie
1692 3601 1938 3669 oﬂertur,

350 3705 485 3745 cum
529 3705 739 3745 annosa
781 3696 835 3745 et
876 3700 1027 3746 casta
1069 3693 1225 3744 Anna
1266 3693 1623 3747 contiteamur
1662 3694 1893 3749 Domino
1920 3734 1936 3761 ,

354 3799 484 3838 cum
527 3784 816 3839 sacerdote
846 3782 1057 3837 dierum
1086 3783 1251 3853 pleno
1290 3783 1343 3837 in
1378 3783 1540 3840 ulnas
1569 3785 1933 3854 excipiamus.

350 3875 789 3930 Consalutemus
816 3873 1041 3929 Matrem
1065 3888 1282 3945 semper
1318 3874 1740 3946 virgittem,‘non
1764 3891 1827 3930 ea
1852 3891 1940 3932 re-

466 3966 587 4000 “-“
614 3966 753 4021 Luc.
791 3982 852 4032 tt,
885 3966 975 4021 35.
1802 3968 1807 3971 ’

2041 3255 2109 3294 ne
2164 3239 2325 3302 facta,
2369 3246 2628 3308 tanquam
2675 3236 2730 3290 in
2792 3237 2982 3291 codice
3009 3235 3250 3292 Verbum
3292 3237 3539 3307 legimus,
3584 3246 3642 3293 et

2048 3331 2280 3386 rationis
2340 3330 2684 3384 orbationem
2738 3328 3118 3399 deposuimus.
3187 3328 3307 3398 lpsa
3358 3327 3498 3383 Filio
3546 3337 3642 3384 tuo

2049 3421 2321 3477 sermonis
2362 3420 2537 3475 nostri
2567 3434 2770 3475 munus
2794 3418 2994 3474 otl‘erto
3025 3418 3163 3489 (20),
3192 3418 3472 3488 indignum
3509 3418 3641 3473 illud

2049 3529 2204 3578 sane,
2240 3529 2268 3567 a
2301 3528 2385 3569 me
2416 3520 2596 3567 tamen
2622 3512 2966 3567 elaboratum
3005 3511 3311 3565 honorante
3358 3511 3504 3581 quod
3547 3511 3641 3565 ille

2042 3607 2207 3662 hodie
2226 3621 2323 3676 pro
2350 3613 2539 3660 nostra
2565 3604 2745 3659 salute
2776 3603 2970 3675 gessit.
3005 3603 3209 3672 Accipe
3232 3603 3336 3658 hoc
3364 3620 3381 3670 ;
3414 3610 3465 3657 te
3488 3602 3638 3657 enim

2038 3698 2309 3769 adjutrice
2333 3711 2455 3752 mea
2491 3695 2688 3761 fretus,
2733 3694 2952 3764 suscepi
2986 3694 3228 3749 laborem
3267 3710 3282 3759 ;
3331 3709 3453 3764 quae
3484 3709 3570 3748 me
3601 3708 3633 3749 a

2034 3802 2206 3859 puero
2230 3787 2296 3843 ad
2329 3787 2471 3842 hanc
2493 3793 2709 3841 aetatem
2736 3784 3047 3856 protexisti,
3080 3792 3137 3839 et
3162 3792 3222 3837 ut
3265 3798 3483 3852 semper
3513 3796 3642 3853 pro-

2053 3886 2205 3949 tegas
2230 3893 2377 3933 *οι-ο.
2432 3875 2509 3931 Ne
2564 3883 2655 3929 tua
2692 3890 2795 3930 nos
2839 3873 3160 3929 defensione
3194 3873 3487 3938 destituas,
3539 3872 3637 3928 sed

1846 4032 2081 4089 NOTAE.

432 4130 547 4201 (18)
582 4129 755 4184 Senem
781 4130 987 4200 quidem
1018 4129 1311 4197 decrepitus
1337 4125 1948 4201 et_sacerdo_s.‘__Sytneo-

355 4197 484 4258 neut
517 4197 816 4254 sanctitate
850 4210 905 4255 et
942 4201 1096 4254 senio
1137 4197 1530 4260 venerabilem,
1557 4197 1945 4264 quiChristum

357 4273 663 4325 Dominum
684 4271 738 4323 in
772 4284 870 4324 sua
896 4269 1328 4324 Pracsentatione
1359 4268 1412 4319 in
1447 4270 1649 4335 templo
1697 4266 1947 4336 suscepit

356 4344 417 4396 in
482 4341 644 4395 ulnas
690 4354 843 4400 snas,
896 4340 1067 4394 fuisse
1132 4336 1496 4397 sacerdotem,
1535 4345 1765 4390 censent
1816 4351 1943 4390 cum

354 4410 543 4466 Leone
588 4420 777 4479 nostro
826 4409 1115 4479 Lyranns,
1163 4407 1471 4479 Dionysi_us_
1501 4405 1938 4479 Carthttsianus,

354 4475 1041 4549 Caietanns,l“ranciscus
1059 4478 1257 4549 Lucas,
1292 4475 1345 4549 et
1375 4475 1599 4549 '[oletus
1655 4476 1711 4549 in
1744 4489 1865 4545 cap.
1892 4492 1940 4549 _tt

2056 4127 2421 4198 pensitemus,
2463 4131 2775 4187 invenietur
2822 4139 2973 4185 certe
3015 4128 3081 4183 ad
3118 4141 3335 4198 omnem
3375 4128 3637 4197 temporis

2053 4196 2417 4251 differentiam
2448 4200 2849 4255 extendendum
2892 4200 3028 4255 fore.
3074 4197 3302 4267 Negalio
3336 4196 3497 4250 enim
3521 4200 3633 4259 illa.

2052 4266 2142 4330 In,
2196 4268 2304 4321 vim
2362 4270 2691 4324 universalis
2750 4271 2951 4335 habet;
2993 4284 3055 4323 ac
3102 4266 3380 4323 si'doceat
3432 4269 3637 4323 nullam

2051 4353 2279 4410 prorsus
2310 4342 2578 4410 maculam
2604 4356 2781 4410 neque
2810 4341 3080 4395 actualem
3106 4338 3634 4410 tneque‘originalem

2053 4407 2341 4476 Deiparam
2378 4409 2664 4465 habuisse.
2693 4406 2989 4474 'Secundo,
3022 4411 3173 4479 quia,
3206 4408 3249 4461 si
3285 4406 3484 4462 femina
3513 4423 3637 4462 eor-

2048 4487 2210 4547 rupta
2270 4480 2460 4549 semel,
2514 4495 2621 4534 non
2673 4487 2854 4549 potest
2904 4481 3258 4549 imposterum
3313 4480 3636 4549 incorrupta

358 4539 547 4612 Lu't-ae,
587 4539 734 4618 ac'S.
769 4549 1104 4618 Athanasius
1144 4539 1352 4618 Lib.de
1377 4545 1668 4618 Communi
1700 4539 1940 4618 essentia
1976 4539 2019 4594 D
2051 4539 2394 4618 nuncupari;
2447 4539 2732 4618 quomodo
2792 4549 2892 4604 SS.
2960 4539 3161 4603 fetnina
3209 4548 3377 4601 Maria
3405 4586 3420 4611 ,
3458 4548 3503 4601 si
3537 4539 3639 4601 ali-

356 4619 565 4681 Patris,
594 4627 648 4673 et
668 4616 827 4683 Filii,
854 4618 912 4672 S.
943 4615 1763 4689 Cyrillqullierosolyinitanus
1785 4614 1940 4689 Orgtt.

356 4692 426 4745 de
453 4693 703 4744 Occursu
750 4682 1077 4753 DOminifS.
1116 4685 1455 4754 Epiphanius
1482 4682 1687 4738 ’Tract.
1733 4685 1802 4740 de
1842 4685 1944 4739 Pa-

357 4760 544 4813 tribus
587 4756 796 4812 Veteris
849 4756 1188 4812 Testamenti
1215 4796 1230 4820 ,
1272 4764 1324 4809 et
1365 4755 1621 4809 Canisius
1661 4755 1755 4808 lib.
1793 4770 1846 4808 tv
1876 4756 1944 4809 de

358 4830 795 4908 Deipara,__cap.
855 4828 954 4908 l0:
1012 4828 1241 4908 ideoqtte
1292 4834 1351 4877 ut
1392 4825 1735 4908 sacerdotem
1778 4824 1942 4908 bene:

356 4892 571 4953 dixi—sse
621 4892 805 4950 Mariae
834 4908 886 4951 et
918 4892 1165 4966 Ioseph,—
1190 4893 1324 4947 an.
1367 4911 1427 4957 ll,
1464 4909 1606 4966 vers.
1653 4892 1944 4966 54._Licet

356 4985 486 5023 eum
508 4966 683 5022 fuisse
700 4967 918 5030 laicutn,
934 4962 1425 5027 non'sacerdotem,
1446 4963 1743 5032 cpinentur
1760 4962 1940 5019 Theo-

355 5040 676 5109 phylactus.
707 5035 1057 5109 Euthymius,
1092 5034 1412 5109 Jansenius,
1444 5043 1499 5086 et
1529 5032 1846 5109 Barradius,
1878 5048 1942 5087 ac

357 5103 716 5163 benedixisse
752 5103 954 5169 Mari-ce,
987 5122 1096 5160 non
1129 5111 1186 5157 ut
1222 5107 1586 5165 sacerdotem,
1622 5103 1716 5157 sed
1764 5113 1822 5157 ut
1856 5118 1942 5157 se-

357 5194 508 5233 nem.
536 5176 689 5300 2V’Ejide
716 5175 1038 5231 Cornelium
1084 5191 1115 5230 a
1160 5173 1363 5244 Lapide
1403 5173 1460 5226 in
1507 5188 1630 5242 cap.
1676 5187 1713 5227 tt
1756 5171 1941 5237 Lucae,

357 5264 505 5300 vers.
616 5285 631 5300 .

356 5264 505 5303 VCI'S.
536 5264 631 5300 Ζί).

428 5317 547 5387 (19)
588 5316 675 5369 Ad
702 5315 1102 5369 immaculatum
1127 5315 1334 5387 penitus
1363 5312 1654 5387 Virginem.
1681 5312 1756 5387 Ut
1778 5321 1942 5377 recte,

359 5384 472 5459 pie,
503 5384 559 5442 et
591 5386 890 5457 prudenter
921 5387 1135 5459 beatam
1173 5384 1447 5459 Virginem
1490 5385 1706 5459 penitus
1745 5384 1943 5459 imma-

360 5453 718 5521 culatzeﬂmo
746 5455 1113 5509 immaculata
1158 5457 1335 5509 solum
1379 5454 1601 5506 nomine
1646 5453 1943 5521 compella-

362 5538 475 5580 tam
514 5543 641 5583 esse
666 5527 938 5589 dicamus,
976 5524 1120 5577 facili
1150 5524 1476 5579 deductione
1518 5536 1767 5577 asserere
1808 5524 1941 5575 lice-

362 5598 445 5651 bit
472 5611 594 5651 eam
628 5597 777 5649 omni
805 5609 1031 5664 prorsus
1060 5594 1269 5661 peccati
1299 5593 1584 5661 originalis
1614 5591 1827 5664 macula
1855 5604 1947 5664 ca-

362 5668 561 5722 ruisse.
626 5658 823 5719 Primo'
843 5658 1102 5732 quidem,
1140 5666 1267 5731 quia
1300 5658 1469 5732 (ut—in
1521 5676 1622 5717 suo
1659 5658 1845 5715 Tract.
1876 5661 1944 5714 de

362 5737 628 5805 Cortcept.
660 5750 785 5803 cap.
820 5735 907 5795 15,
949 5736 1124 5855 inquit
1162 5732 1398 5798 Lezana)
1444 5733 1489 5786 si
1528 5732 1642 5811 .vim
1696 5732 1942 5802 negatio-

365 5808 472 5855 uis.
502 5822 625 5855 uuae
655 5820 752 5855 ner
784 5818 987 5855 nomen
1045 5803 1371 5855 ntmaculata
1401 5802 1761 5855 siuntlicatur.
1797 5807 1942 5855 recte

365 5808 473 5871 uis,
502 5802 625 5878 quae
653 5820 752 5876 per
784 5818 987 5859 nomen
1017 5802 1371 5857 Immaculata
1401 5802 1761 5873 signiﬁcatur,
1797 5807 1943 5856 recte

2057 4615 2278 4686 quando
2306 4615 2625 4687 originalem
2659 4620 2928 4673 maeulatn
2964 4618 3157 4673 fuisset
3192 4632 3470 4686 perpessa,
3507 4631 3635 4686 pos-

2057 4696 2140 4742 set
2172 4687 2527 4752 imposterum
2562 4688 2910 4743 immaculata
2939 4688 3167 4742 vocari?
3198 4690 3329 4741 tium
3357 4701 3489 4755 ergo
3511 4702 3637 4754 pas-

2058 4759 2160 4811 sim
2194 4756 2570 4824 intmaculata,
2612 4759 2722 4813 imo
2752 4773 2978 4826 prorsus
3010 4759 3358 4810 immaculata
3393 4754 3437 4807 a7
3462 4754 3636 4810 Patri-

2057 4828 2160 4880 bus
2210 4834 2263 4878 et
2302 4829 2553 4883 conciliis
2600 4830 2925 4896 appelletur,
2972 4828 3188 4895 signum
3248 4834 3333 4880 est
3379 4826 3525 4879 illam
3563 4828 3634 4881 ab

2057 4896 2204 4949 omni
2228 4899 2457 4966 penitus
2488 4898 2741 4966 originali
2777 4898 2989 4950 macula
3034 4896 3203 4949 fuisse
3237 4898 3559 4951 immunem.

2130 4965 2243 5034 (20)
2285 4965 2410 5033 Ipsa
2467 4964 2610 5020 Filio
2643 4978 2730 5022 tuo
2779 4966 3038 5021 sermonis
3088 4982 3279 5019 munus
3311 4967 3519 5034 offerte.
3568 4964 3635 5019 Et

2057 5033 2310 5089 Ctesareo
2345 5037 2543 5092 Leonis
2576 5039 2849 5106 exemplo,
2889 5045 2942 5091 et
2968 5034 3070 5089 SS.
3094 5036 3313 5106 Patrum
3352 5033 3633 5106 Suasione,

2060 5112 2118 5159 ut
2152 5115 2338 5160 nostra
2369 5108 2481 5161 sint
2536 5106 2646 5161 Deo
2687 5105 2912 5161 munera
2946 5110 3208 5176 gratiora,
3250 5105 3432 5158 Maria:
3481 5105 3635 5176 prius

2059 5175 2333 5239 manibus,
2372 5192 2466 5245 per
2496 5177 2596 5230 has
2626 5176 2733 5230 Deo
2774 5174 3071 5239 ollerenda,
3110 5174 3635 5245 consignaredehe-

2060 5259 2200 5298 mus.
2258 5241 2394 5299 llinc
2441 5245 2497 5298 S.
2549 5246 2858 5300 Bernardus
2904 5247 2958 5299 in
3007 5262 3171 5300 serm.
3226 5241 3292 5296 de
3334 5241 3510 5294 Nativ.
3570 5242 3630 5296 Β.

2058 5312 2205 5381 Virg.
2262 5314 2379 5385 ait:
2430 5314 2700 5366 Modicum
2732 5316 2894 5378 illud,
2940 5315 3077 5385 quod
3120 5314 3307 5385 o/ferre
3336 5311 3630 5385 desideras,

2055 5380 2375 5453 gratissimis
2404 5385 2534 5444 illis,
2572 5393 2621 5436 et
2656 5389 2799 5438 omni
2827 5380 3125 5452 acceptione
3153 5380 3478 5451 dignissimis
3514 5380 3632 5433 Ma-

2058 5456 2154 5507 ria:
2217 5454 2457 5507 manibus
2506 5453 2831 5520 oﬂ‘erendum
2878 5454 3086 5507 tradere
3119 5469 3269 5513 cura,
3320 5454 3367 5505 si
3406 5467 3510 5505 non
3556 5453 3632 5504 vis

2058 5524 2318 5577 sustinere
2369 5525 2657 5591 repulsam.
2719 5524 2997 5577 Consonat
3066 5524 3327 5577 Albertus
3402 5520 3635 5591 Magnus

2059 5608 2223 5648 serm.
2275 5592 2327 5645 in
2378 5590 2657 5662 Dominica
2704 5593 2737 5646 5
2768 5601 2888 5662 post
2936 5590 3154 5645 Pentcc.
3199 5591 3267 5662 de
3315 5592 3377 5645 Β.
3412 5590 3635 5661 Virgine

2060 5663 2163 5716 sub
2195 5662 2416 5715 nomine
2461 5659 2737 5716 Naviculae
2769 5659 2833 5715 in
2888 5662 3033 5713 hunc
3091 5661 3312 5712 tnodum
3356 5659 3628 5729 loquens:

2060 5732 2265 5786 Bonum
2301 5742 2400 5790 est.
2436 5732 2762 5796 cltarissimt',
2786 5742 2839 5784 ut
2866 5747 2959 5784 nos
2984 5740 3279 5797 peccatores
3318 5731 3633 5783 munuscula

2059 5813 2267 5866 nostra,
2296 5800 2350 5853 id
2383 5811 2483 5867 est,
2514 5802 2795 5871 orationes,
2832 5803 3121 5869 lacrymas,
3164 5799 3541 5869 eleemosynas,
3570 5815 3633 5854 ac
