4072 6476
404 332 476 396 53
1274 350 1291 362 κ
1633 315 1909 377 LEONIS
1951 315 2019 375 Pl

2122 310 2424 374 .OSOPI-II
3193 301 3196 304 ’
3607 305 3678 369 64

409 439 565 494 Iestia
603 451 667 491 ac
713 434 1002 489 vexatione
1051 429 1332 485 liberasset
1369 446 1382 482 :
1427 427 1504 482 illi
1560 435 1763 490 autem,
1800 427 1893 496 qui
1929 426 1983 480 in
2016 471 2019 480 .

2122 425 2190 494 ἧς
2225 422 2500 494 βοηθείας,
2537 419 2634 472 καὶ
2671 420 2737 488 τῇ
2776 417 2970 487 μακρὰ
3020 416 3433 484 κεκακωμένων
3466 420 3687 490 φρουρᾷ

409 532 626 587 inferno
678 528 839 597 positi
889 530 1093 587 essent,
1145 521 1392 590 ejusdem
1447 519 1805 572 nihilominus
1863 519 1984 585 Opis

410 621 738 689 indigerent,
764 615 1134 679 diuturnoque
1160 623 1382 663 carcere
1413 605 1624 668 afﬂicti,
1656 605 1985 673 Redempto-

339 691 347 740 ί
414 730 528 767 rem
565 712 970 778 exspectarent,
1008 705 1188 772 ipsum
1243 700 1454 769 utique,
1505 699 1598 768 qui
1650 711 1749 767 pro
1801 694 1990 749 mundi

414 804 584 856 totius
634 800 809 854 salute
871 811 933 848 ex
987 793 1239 848 azthereis
1289 791 1511 845 sedibus
1569 788 1852 852 venisset;
1896 800 1991 840 eos

413 886 695 941 exsolvere
744 883 994 946 moliens,
1041 881 1134 950 qui
1201 877 1414 932 inferne
1456 876 1623 930 vincti
1653 883 1992 938 tenerentur,

418 989 760 1043 tnanumque
806 972 1104 1026 beuelicam
1159 969 1226 1022 ad
1268 983 1363 1023 eos
1403 982 1624 1037 quoque
1653 967 1842 1020 volens
1873 980 1998 1033 per-

417 1069 646 1136 tingere,
693 1065 784 1136 qui
819 1067 871 1118 in
919 1073 1078 1123 terra:
1109 1061 1308 1116 infimis
1340 1060 1551 1114 sinibus
1597 1065 1843 1129 agerent,
1877 1057 2000 1112 Hie-

417 1159 751 1227 rosolymam
781 1197 796 1222 ,
820 1170 940 1224 quae
969 1154 1245 1224 justorum
1273 1152 1514 1207 caedibus
1544 1151 1823 1216 gauderet,
1859 1147 2002 1204 Deus

412 1249 690 1318 justorum
743 1246 919 1307 venit,
963 1254 1076 1297 tum
1136 1251 1312 1296 morte
1363 1257 1483 1305 sua,
1529 1250 1757 1296 mortem
1789 1255 2000 1310 peremo

416 1348 630 1408 pturtts,
694 1347 804 1390 lum
852 1335 998 1406 quod
1057 1335 1244 1398 sciret,
1290 1334 1469 1388 nullos
1517 1333 1653 1388 alios
1683 1333 1784 1400 ipsi
1811 1331 2004 1385 mortis

419 1437 674 1483 auctores
733 1425 868 1490 fore,
924 1433 1119 1495 praeter
1149 1440 1243 1479 eos
1278 1439 1415 1493 quos
1447 1423 1732 1492 sanguinis
1772 1421 1905 1490 juSIi
1941 1437 2005 1476 ac

419 1517 728 1573 innocentis
776 1517 898 1571 sitis
950 1528 1209 1586 perpetua
1268 1515 1524 1580 haberet;
1557 1515 1650 1584 qui
1691 1523 1745 1567 et
1795 1513 2006 1575 oculos.

420 1624 486 1664 ac
517 1618 752 1664 mentem
782 1625 890 1678 pra:
944 1607 1146 1662 invidia
1172 1607 1523 1669 clausissent,
1557 1605 1816 1675 omnique
1841 1604 2010 1673 proba

423 1717 490 1756 ac
541 1703 677 1772 grati
715 1701 883 1754 animi
915 1698 1200 1756 affectione
1236 1715 1299 1754 ex
1333 1697 1533 1754 stolido
1561 1698 1725 1753 corde
1754 1697 2004 1766 expulsa,

423 1792 730 1847 deteriores
777 1807 993 1860 semper
1044 1789 1325 1845 beneficiis
1351 1789 1748 1854 redderentur;
1780 1788 2010 1843 divina:-

420 1897 529 1952 que
587 1883 844 1953 congruis
891 1882 1160 1951 majestati
1209 1881 1505 1950 operibus,
1558 1882 1612 1933 in
1670 1879 1762 1934 Dei
1821 1895 2010 1934 necem

2091 518 2184 569 τὸν
2243 512 2616 584 ἐλευθερωτὴν
2673 507 3067 580 ἐκδεχομένων,
3108 509 3166 570 ὃς
3217 509 3360 580 ὑπὲρ
3413 511 3537 564 ὅλου
3585 511 3683 565 τοῦ

2094 609 2299 677 κόσμου
2334 605 2436 660 τῶν
2493 603 2761 672 οὐρανίων
2819 601 3046 671 ἐλήλυθε
3104 601 3310 672 θρόνων
3336 618 3351 633 ·
3401 599 3499 672 τὴν
3529 601 3688 656 λύσιν

2095 700 2205 754 τῶν
2244 699 2395 752 κάτω
2428 695 2664 764 δεσμίων
2723 692 3275 763 πραγματευόμενος,
3319 693 3413 746 καὶ
3461 693 3688 762 φθάνειν

2106 793 2208 861 τὴν
2235 789 2518 860 εὐεργέτιν
2550 791 2707 858 χεῖρα
2738 787 2842 840 κάν
2893 789 3006 850 τοῖς
3057 786 3141 838 ἐπ’
3177 785 3379 855 ἔσχατα
3413 785 3515 854 γῆς
3567 779 3690 838 οὖσι

2107 879 2561 952 προαιρούμενος,
2581 879 2673 930 ἐπὶ¹
2707 876 3087 948 Ἰερουσαλὴμ,
3116 877 3149 946 ἢ
3174 878 3294 937 ταῖς
3325 875 3433 928 τῶν
3463 875 3690 930 δικαίων

2106 972 2316 1042 ἐτρύφα
2353 970 2610 1036 σφαγαῖς,
2643 969 2671 1020 ὁ
2700 966 2808 1020 τῶν
2853 965 3080 1019 δικαίων
3130 964 3260 1026 Θεὸς
3315 964 3688 1034 παραγίνεται

2109 1062 2326 1130 θανάτῳ
2370 1060 2468 1128 μὲν
2495 1058 2681 1128 οἰκείῳ
2705 1057 2796 1109 τὸν
2837 1057 3066 1109 θάνατον
3101 1055 3364 1118 ἐξολέσων
3389 1071 3402 1083 ·
3446 1055 3691 1125 ἐργάτας

2107 1154 2164 1207 δέ
2185 1152 2278 1206 τοῦ
2297 1152 2526 1205 θανάτου
2545 1149 2723 1214 εἰδὼς,
2746 1149 2868 1218 οὐχὶ
2891 1149 3114 1220 ἐτέρους
3137 1148 3170 1218 ἢ
3194 1147 3458 1212 ἐκείνους,
3509 1146 3561 1200 οἳ
3601 1147 3693 1201 ἀεὶ

2109 1244 2308 1314 ἐδίψων
2336 1243 2488 1295 ὁσίου
2540 1242 2810 1310 αἵματος·
2867 1240 2916 1292 οἳ
2963 1240 3056 1292 καὶ
3103 1238 3436 1307 ὀφθαλμοὺς,
3466 1238 3695 1291 καὶδιά-

2109 1353 2259 1388 νοιαν
2287 1333 2465 1403 φθόνῳ
2491 1333 2786 1401 μύσαντες,
2818 1331 2912 1383 καὶ
2939 1332 3120 1383 πᾶσαν
3141 1327 3565 1399 εὐγνωμοσύνην
3586 1329 3691 1398 τῆς

2113 1428 2316 1482 ἀτόπου
2340 1425 2568 1496 καρδίας
2588 1422 2948 1484 κενώσαντες,
2977 1422 3196 1492 χείρους
3218 1421 3306 1474 ἀεὶ
3326 1423 3444 1482 ταῖς
3466 1421 3692 1490 εὐεργε-

2116 1521 2255 1582 σίαις
2285 1517 2552 1584 ἐγίνοντο,
2585 1515 2679 1570 καὶ
2709 1517 2820 1578 τοῖς
2843 1513 3174 1584 θεοπρεπέσι
3201 1512 3311 1564 τῶν
3342 1511 3520 1582 ἐργων
3554 1511 3698 1581 πρὸς

2119 1607 2430 1664 θεοκτονίαν
2466 1606 2771 1677 ἠκονῶντο·
2803 1603 3015 1657 ἐκεῖθεν
3049 1604 3129 1664 είς
3161 1601 3458 1671 θεομαχίαν
3487 1600 3698 1670 προκό-

2123 1717 2369 1764 πτοντες,
2397 1697 2520 1751 ὅθεν
2576 1697 2799 1764 εὔλογον
2840 1699 2920 1759 είς
2976 1694 3310 1762 θεογνωσίαν
3355 1709 3702 1762 χειραγωγη-

2120 1792 2330 1853 θέντας,
2367 1789 2545 1860 ἄκραν
2575 1785 2708 1840 αίδὼ
2772 1788 2868 1840 καὶ
2917 1784 3215 1854 θεραπείαν
3250 1781 3541 1852 φυλάττειν
3585 1779 3702 1834 τῶν

2123 1882 2442 1953 παραδόξων
2476 1880 2654 1952 ἔργων
2692 1877 2768 1948 τῷ
2804 1881 3026 1948 ποιητῇ.

421 1983 793 2039 acuerentur;
832 1975 885 2028 in
918 1973 1012 2028 Dei
1043 1975 1168 2029 inde
1199 1974 1423 2038 bellum,
1455 1983 1619 2043 atque
1650 1973 1833 2027 odium
1875 1987 2288 2042 promoventcs,
2337 1975 2482 2030 unde
2531 1991 2628 2046 par
2677 1981 2822 2037 erat,
2876 1981 2936 2025 ut
3008 1972 3158 2028 velut
3229 1988 3391 2026 manu
3464 1971 3519 2026 in
3598 1969 3696 2026 Dei

422 2067 786 2136 cognitionem
825 2066 996 2127 ducti,
1023 2081 1235 2119 summa
1284 2065 1588 2120 reverentia
1614 2079 1679 2118 ac
1722 2065 2069 2119 veneratione
2099 2069 2179 2122 sic
2211 2068 2539 2122 tnirabilium
2579 2082 2807 2137 aperum
2837 2064 3152 2120 eiii-olorem
3210 2075 3694 2132 prosequerentur.

493 2159 572 2210 Ac
630 2157 759 2211 olim
797 2157 1014 2226 quidem
1080 2157 1174 2210 ine
1229 2155 1471 2210 fomitem
1538 2155 2001 2210 subministrabat

2177 2161 2284 2212 Kal.
2315 2160 2482 2214 πάλαι
2517 2158 2616 2228 μὲν
2652 2155 2718 2228 ἦν
2746 2158 2928 2219 αὐτοῖς
2947 2156 3119 2224 όργῆς
3143 2156 3432 2224 πρόφασις,
3452 2155 3578 2226 ἄρτι
3609 2154 3695 2224 χοῖ

434 2248 598 2301 homo
648 2247 759 2313 ille,
795 2249 885 2317 qui
921 2248 1034 2300 luto
1065 2247 1292 2309 oblitus,
1324 2261 1387 2300 ac
1425 2255 1588 2316 sputo
1620 2247 1798 2300 visum
1852 2261 2014 2300 recu-

423 2349 708 2410 peraverat
756 2338 828 2405 “,
862 2356 972 2407 quo
1025 2339 1270 2406 privatus
1299 2353 1365 2392 ex
1417 2347 1572 2391 utero
1603 2346 1853 2392 materno
1884 2353 2012 2404 pro-

433 2439 682 2484 cesserat
737 2447 752 2483 :
808 2430 1048 2496 itemque
1112 2429 1222 2492 ille,
1275 2427 1434 2496 cujus
1489 2428 1654 2496 leprze
1702 2441 2017 2496 squamulas

427 2522 596 2575 verbo
645 2520 976 2574 absterserat
1029 2517 1109 2584 ⁸⁸;
1146 2533 1356 2571 necnon
1412 2518 1536 2582 ille,
1577 2533 1607 2570 a
1655 2518 1816 2586 cujus
1854 2532 2015 2570 manu

429 2620 691 2679 tanquam
737 2625 903 2680 grave
934 2624 1074 2663 onus
1105 2609 1336 2664 ariditas
1366 2610 1594 2678 depulsa
1633 2609 1812 2664 fuerat
1865 2609 1935 2673 "‘,
1965 2618 2020 2662 et

431 2701 487 2756 id
526 2716 698 2770 genus
741 2701 880 2766 alia;
913 2708 967 2752 at
1001 2715 1146 2752 nunc
1185 2699 1385 2754 furoris
1433 2698 1651 2754 flamma
1696 2715 1890 2755 rursus
1920 2715 2018 2754 cx-

432 2793 756 2856 suscitatur,
811 2799 1106 2861 postquam
1164 2791 1328 2844 homo
1371 2799 1651 2852 mortuus,
1709 2792 1830 2860 ejus
1878 2807 2016 2860 pra:—

431 2894 592 2951 cepto
619 2882 769 2936 visus
801 2889 889 2936 est
919 2881 1120 2934 inferni
1148 2895 1213 2934 ac
1245 2881 1444 2935 mortis
1476 2881 1751 2949 sprevisse
1779 2881 1924 2947 jura,
1953 2896 2018 2934 ac

435 2988 558 3029 cum
591 2972 722 3040 ipsis
759 2971 961 3025 institis
981 2985 1047 3023 ex
1085 2970 1338 3038 sepulcro
1378 2971 1574 3024 resiliit
1619 2971 1700 3023 "z
1729 2979 2014 3039 postquam

435 3063 565 3118 item
615 3062 906 3116 infantium
959 3062 1142 3132 lingua
1171 3063 1242 3114 ob
1278 3064 1458 3116 aetatis
1487 3061 1708 3130 quidem
1744 3061 2014 3117 defectum

436 3153 750 3208 balbutiens
801 3152 872 3215 ⁸⁸,
944 3149 1157 3220 Spiritu
1226 3137 1406 3204 autem
1469 3152 1698 3217 diserta,
1755 3152 2016 3207 victorem

437 3243 637 3298 mortis
667 3241 993 3312 theologicis
1027 3243 1341 3297 decantavit
1377 3243 1646 3297 vocibus:
1683 3258 1805 3312 quae
1835 3251 2018 3298 autem

439 3334 658 3404 impuro
709 3349 805 3388 ore
862 3348 1076 3403 semper
1130 3333 1427 3387 volvebant
1485 3335 1726 3396 oracula,
1789 3348 1850 3388 ea
1905 3333 2018 3404 jam

439 3423 691 3478 videntes
741 3423 864 3493 ipso
910 3423 1181 3492 completa
1226 3438 1410 3494 Opere,
1461 3423 1645 3478 videre
1677 3423 2016 3490 noluerunt;

440 3511 591 3562 velut
623 3511 811 3580 utique
843 3509 911 3564 ad
968 3511 1248 3566 meliorem
1280 3519 1516 3566 mentem
1555 3511 1734 3567 redire
1761 3515 2015 3583 reveriti:
2047 3499 2090 3556 (ἶ

443 3617 508 3656 ac
544 3601 694 3655 velut
745 3601 811 3656 ad
854 3617 1096 3656 antorem
1139 3617 1204 3656 ac
1251 3602 1657 3658 observantiam
1707 3604 2025 3660 benefacto-

442 3695 521 3747 ris
548 3692 786 3762 regredi,
819 3709 884 3748 ex
919 3694 986 3748 iis
1013 3709 1134 3762 quae
1163 3693 1357 3748 fierent
1389 3693 1531 3749 haud
1567 3697 1812 3766 proclive
1838 3707 2022 3761 esset;

443 3799 615 3839 necvc
654 3795 713 3838 ut
747 3785 820 3837 ita
851 3784 1209 3848 insanientes,
1239 3789 1520 3853 praesentis
1558 3786 1787 3840 remedii
1819 3802 1883 3841 ac
1919 3801 2022 3841 cu-

445 3875 678 3931 rationis
723 3875 927 3931 donum
978 3875 1322 3946 percipcreut
1353 3895 1366 3931 :
1400 3877 1495 3932 sed
1527 3893 1651 3932 eum
1688 3893 1718 3931 a
1748 3879 2025 3948 principio

445 3967 503 4021 in
554 3982 723 4022 unum
768 3966 921 4021 illum
961 3967 1120 4022 finem
1163 3983 1264 4022 sua
1294 3969 1478 4023 omnia
1515 3969 1750 4024 consilia
1794 3985 2025 4025 convera

446 4061 670 4124 tissent,
704 4071 766 4116 ut
801 4062 848 4116 ei
881 4077 1068 4118 necem
1111 4063 1397 4127 inferrent,
1435 4064 1528 4134 qui
1565 4065 1810 4134 ipsorum
1841 4065 2029 4119 deme-

447 4161 664 4209 reretur
718 4162 968 4223 gentem;
1021 4170 1132 4209 non
1189 4157 1342 4224 prius
1391 4156 1726 4211 destiterunt
1754 4172 1920 4226 quam
1959 4156 2027 4210 ad

449 4245 774 4315 sanguinem
804 4246 1218 4314 prophetarum,
1263 4245 1422 4314 cujus
1455 4245 1566 4315 jam
1601 4248 1676 4300 rei
1713 4255 1894 4313 erant,
1927 4262 2031 4301 cae-

451 4333 572 4388 dem
621 4349 840 4402 quoque
888 4332 1104 4387 Domini
1139 4335 1441 4404 adjiecrcnt
1480 4353 1492 4388 :
1536 4337 1660 4390 inde
1697 4337 2030 4407 indignatio-

451 4427 543 4480 n-is
593 4426 890 4480 occasione
921 4435 1160 4496 sumpta,
1214 4428 1357 4481 unde
1391 4427 1493 4481 etsi
1538 4443 1644 4481 non
1679 4429 1944 4490 volentes,
1976 4437 2031 4482 at

451 4531 600 4576 certe
625 4522 893 4584 nolentes,
920 4520 1314 4590 impudentiam
1341 4537 1496 4577 suam
1525 4522 1868 4576 verecundiae
1893 4538 2030 4592 prac-

452 4619 606 4666 textu
654 4620 867 4665 mutare
912 4617 1186 4682 poterant.
1237 4611 1506 4666 Caeterum
1566 4611 1772 4666 invidia
1825 4612 2029 4666 nullam

454 4702 694 4756 admittit
725 4703 1173 4765 admonitionem,
1208 4718 1272 4758 ac
1304 4704 1449 4774 quod
1482 4705 1777 4776 proverbio
1806 4705 2030 4770 dicitur,

455 4795 682 4849 auribus
743 4803 894 4849 caret
952 4814 967 4850 :
1023 4810 1356 4865 omnemque
1430 4796 1681 4852 medendi
1734 4798 2028 4861 rationem,

453 4883 722 4954 aegritudo
755 4885 1031 4954 ejusmodi
1083 4896 1355 4955 superat:
1409 4902 1518 4955 qua
1569 4888 1869 4941 etiamnum
1926 4885 2035 4942 He-

456 4978 728 5030 braeorum
805 4977 1084 5046 principes
1153 4979 1634 5032 irremediabiliter
1701 4979 2035 5043 laborantes,

455 5067 678 5128 interim
707 5063 943 5120 infantes
966 5066 1168 5121 diserta
1199 5067 1385 5136 lingua
1415 5081 1480 5120 ac
1519 5068 1830 5137 rectiloqua
1869 5068 2036 5121 Deum

457 5155 850 5225 depraedicant,
899 5154 1003 5223 ipsi
1055 5157 1340 5209 maledicta
1405 5157 1585 5226 lingua
1618 5159 2040 5212 conviciantur:

457 5260 523 5299 ac
570 5243 814 5299 infantes
869 5243 1089 5312 quidem
1139 5245 1291 5299 nullo
1343 5247 1568 5301 doctore
1621 5246 1822 5316 Regem
1873 5263 2042 5318 agno-

458 5343 642 5398 scunt,
693 5349 757 5389 ac
807 5334 1016 5389 honore
1073 5345 1513 5404 prosequuntur;
1550 5339 1796 5394 seniores
1829 5348 2034 5398 autem.

459 5425 666 5492 quique
721 5425 1056 5478 meditandis
1099 5426 1489 5494 prophetarum
1537 5427 1781 5482 oraculis
1827 5436 2038 5483 aetatem

461 5525 630 5568 totam
667 5516 1116 5587 insumpsissent,
1149 5520 1400 5573 eumdem
1433 5519 1710 5589 ignorant,
1744 5534 1807 5574 ac
1846 5521 2043 5576 salutis

464 5610 674 5668 auctori
714 5611 994 5664 interitum
1029 5620 1292 5665 struunt:
1328 5612 1486 5680 quasi
1533 5626 1599 5667 eo
1645 5613 1880 5667 consilio
1906 5611 2043 5667 divi-

533 5725 577 5759 “
616 5723 772 5779 Joan.
810 5743 900 5792 xx,
925 5728 972 5782 l.
1051 5727 1095 5758 “
1126 5728 1258 5782 Luc.
1300 5744 1356 5793 ν,
1391 5728 1474 5782 12.

2116 2252 2212 2303 καὶ
2262 2250 2539 2320 πτύσματι
2582 2247 2876 2318 λαμϐάνων
2922 2245 2984 2298 τὺ
3040 2245 3258 2316 βλέπειν
3300 2245 3604 2314 ἄνθρωπος,
3642 2239 3706 2300 οὗ

2119 2343 2290 2408 πένης
2337 2342 2444 2396 τῶν
2488 2340 2771 2413 μητρικῶν
2819 2337 3081 2408 Θαλάμων
3139 2339 3220 2399 εἰς
3259 2336 3372 2406 βίον
3417 2336 3703 2408 παρῆλθεο

2119 2434 2216 2488 καὶ
2246 2433 2498 2505 σώματος
2549 2432 2863 2502 λεπρῶντος
2919 2430 3129 2500 φολίδες
3178 2429 3544 2496 ἀποξεόμεναι
3604 2429 3709 2498 ῥή-

2123 2539 2286 2591 ματι·
2329 2524 2423 2575 καὶ
2471 2522 2592 2591 χεὶρ
2631 2521 2705 2584 ώς
2759 2520 2896 2592 βαρὺ
2932 2519 3154 2590 φορτίον
3201 2517 3570 2588 ἀποτιθεμένη
3605 2518 3710 2590 τὴν

2121 2613 2341 2683 ἀργίαν,
2379 2614 2474 2667 καὶ
2503 2612 2572 2665 τὰ
2598 2612 2796 2665 λοιπά·
2832 2610 2952 2663 νυνὶ
2987 2611 3064 2675 δέ,
3120 2609 3314 2672 άναζεῖ
3335 2609 3396 2660 τὸ
3438 2608 3548 2677 πϋρ
3599 2608 3707 2676 τῆς

2123 2706 2322 2777 μανίας
2345 2705 2552 2768 αὐτοῖς,
2595 2703 2830 2772 ἐπείπερ
2862 2702 3039 2770 ἐφάνη
3081 2699 3372 2770 προστάξει
3428 2716 3710 2771 καταφρο-

2120 2805 2290 2871 νήσας
2343 2796 2471 2871 ᾂδου
2525 2798 2620 2851 καὶ
2650 2797 2854 2865 φθορᾶς
2905 2795 3194 2861 ἄνθρωπος
3223 2793 3438 2862 νεκρὸς,
3473 2793 3567 2846 καὶ
3591 2811 3708 2846 κειο

2123 2893 2270 2960 ρίαις
2319 2892 2510 2953 αὑταῖς
2564 2887 2921 2956 ἀναπηδήσας
2978 2885 3073 2938 τοῦ
3113 2885 3431 2954 μνήματοςο
3485 2884 3581 2936 καὶ
3623 2885 3712 2938 ὅτι

2124 2982 2335 3036 παίδων
2363 2982 2609 3049 γλῶσσα,
2650 2979 2870 3058 τῷιμέν
2921 2977 3104 3030 ἀτελεῖ
3145 2978 3242 3045 τῆς
3274 2975 3490 3046 ἡλικίας
3517 2975 3703 3044 ψελλί-

2120 3071 2313 3136 ζουσα,
2362 3069 2635 3137 πνεύματι
2675 3065 2730 3118 δὲ
2786 3066 3152 3135 τρανουμένη,
3187 3063 3460 3127 θεολόγοις
3502 3067 3712 3133 φωναῖς

2121 3160 2434 3230 ἐπευφήμει
2457 3158 2549 3212 τὸν
2565 3159 2793 3230 νικητὴν
2814 3157 2906 3211 τοῦ
2935 3157 3190 3211 θανάτουο
3217 3158 3310 3211 καὶ
3327 3157 3420 3220 οὒς
3445 3157 3714 3224 διηνεκῶς

2121 3253 2392 3324 ἐμελέτων
2409 3251 2692 3323 χρησμοὺς
2716 3251 2949 3321 στόμασι
2975 3253 3208 3320 μιαροῖς,
3236 3249 3458 3313 τούτους
3484 3250 3578 3302 ἐπὶ
3599 3248 3712 3302 τῶν

2122 3348 2302 3416 ἔργων
2349 3343 2722 3414 ἐκϐεϐηκότας
2781 3343 3042 3411 ὁρῶντες,
3091 3343 3352 3413 όρᾷνούκ
3403 3340 3711 3406 ἐϐούλοντο,

2124 3437 2313 3507 ὥσπερ
2345 3435 2671 3507 φοϐούμενοι
2703 3437 3030 3505 σωφρονεῖν·
3077 3435 3197 3486 ούδέ
3245 3433 3379 3504 πρὸς
3424 3432 3714 3487 εὐλάϐειαν

2128 3528 2464 3598 καταστῆναι
2508 3526 2606 3579 τοῦ
2651 3526 2975 3595 εὐεργέτου,
3011 3525 3198 3596 ῥᾳδίου
3247 3525 3342 3577 τοῦ
3381 3524 3712 3594 πράγματος

2079 3641 2090 3647 ·
2126 3622 2192 3673 ἐκ
2225 3618 2333 3672 τῶν
2360 3619 2663 3688 γινομένων
2715 3619 2868 3679 ὄντος
2891 3634 2902 3646 ·
2939 3617 3047 3669 οὐδ’
3101 3618 3216 3687 ἅμα
3247 3617 3346 3686 τῆς
3398 3615 3714 3686 παροινίας,

2127 3710 2410 3780 παρούσης
2438 3709 2541 3779 τῆς
2564 3708 2862 3779 θεραπείας
2887 3708 3108 3762 λαϐεῖν’
3140 3707 3255 3759 ἀλλ’
3287 3707 3539 3778 ἁπαρχῆς
3575 3709 3717 3777 πρὸς

2127 3803 2186 3854 ἒν
2226 3802 2387 3872 μόνον
2436 3802 2784 3872 ὡρμηκότες,
2821 3801 2912 3853 τὸν
2966 3801 3126 3868 φόνον
3159 3799 3252 3852 τοῦ
3303 3799 3456 3866 γένος
3489 3799 3719 3868 εὐεργε-

2127 3891 2368 3955 τοῦντος,
2424 3892 2484 3944 οὐ
2524 3893 2654 3961 πρὶν
2706 3891 2936 3960 ἀνῆκαν,
2977 3890 3172 3961 μέχρις
3222 3883 3283 3942 οὗ
3315 3891 3399 3957 ἐφ’
3439 3887 3518 3952 οἷς
3573 3885 3720 3960 ἦσαν

2129 3984 2305 4052 ἔνοχοι
2340 3983 2707 4052 προφητικοῖς
2742 3981 2964 4051 αἵμασι,
3008 3979 3102 4032 τοῦ
3150 3979 3419 4032 Δεσπότου
3449 3978 3721 4048 προσέθη-

2131 4092 2236 4128 καν
2254 4074 2353 4143 τὴν
2390 4074 2606 4143 σφαγήν
2634 4089 2646 4101 ’
2685 4074 2803 4125 ἐκεῖ
2855 4071 3296 4140 χαλεπαίνοντες,
3328 4069 3388 4134 ἐξ
3440 4065 3500 4124 οὗ
3530 4065 3618 4140 ἦν,
3667 4072 3719 4122 εί

2131 4169 2225 4220 καὶ
2259 4169 2333 4236 μὴ
2365 4166 2612 4231 ἑκόντας,
2649 4165 2765 4218 ἀλλ’
2813 4165 3046 4225 ἄκοντας
3073 4161 3205 4230 γοῦν
3247 4161 3430 4225 αἰδοῦς
3461 4161 3723 4232 χρώματι

2135 4257 2462 4329 μεταϐαλεῖν
2493 4255 2590 4326 τὴν
2613 4256 2913 4309 ἀναίδειαν.
2950 4253 3090 4306 Ἀλλ’
3110 4254 3484 4321 ἀνουθέτητος,
3509 4254 3723 4306 καὶούκ

2132 4349 2270 4418 ἔχων
2293 4341 2440 4409 ὦτα,
2482 4347 2640 4398 τοῦτο
2679 4346 2742 4415 δὴ
2806 4346 2866 4398 τὸ
2914 4344 3010 4397 τοῦ
3045 4343 3207 4412 λόγου
3233 4383 3247 4406 ,
3279 4347 3306 4396 ὁ
3351 4344 3563 4412 φθόνος,
3621 4346 3724 4398 καὶ

2133 4437 2426 4507 φαρμάκου
2466 4435 2788 4506 βοηθοῦντος
2811 4436 3054 4505 ἀμείνων
3087 4440 3116 4502 ἡ
3147 4432 3361 4486 ἐκείνου
3397 4432 3682 4505 ἁρρωστὶα
3704 4449 3719 4462 ·

2131 4521 2174 4593 ᾧ
2216 4526 2308 4578 καὶ
2339 4525 2433 4578 νῦν
2468 4525 2711 4596 Ἑϐραῖοι
2739 4526 3046 4594 κάμνοντες
3080 4525 3451 4594 ἀθεράπευτα,
3506 4523 3726 4594 νηπίων

2133 4611 2513 4682 εύθυρῤήμονις
2562 4612 2784 4684 γλώσσῃ
2843 4611 3240 4680 θεολογούντων
3279 4655 3294 4678 ,
3348 4613 3506 4666 αὐτοὶ
3551 4613 3728 4666 λοιδο-

2137 4703 2359 4774 ροῦνται
2389 4705 2660 4775 δυσφήμῳ
2685 4703 2938 4773 γλώσσῃ·
2973 4705 3066 4755 καὶ
3098 4704 3275 4773 βρέφη
3319 4705 3417 4773 μέν
3461 4703 3728 4758 ἀδίδακτά

2137 4795 2396 4864 γνωρίζει
2458 4796 2549 4847 τὸν
2605 4794 2852 4864 βασιλέα,
2896 4795 2990 4846 καὶ
3017 4796 3186 4870 τιμᾷο.
3231 4795 3595 4866 πρεσϐύτεροι
3642 4796 3728 4863 δὲ,

2138 4892 2203 4958 τῇ
2235 4889 2436 4960 μελέτῃ
2472 4890 2580 4942 τῶν
2611 4887 2966 4959 προφητικῶν
2997 4887 3263 4958 χρησμῶν
3307 4889 3717 4958 γεγηρακότες,

2137 4979 2433 5046 ἀγνοοῦσι,
2483 4979 2578 5032 καὶ⁸
2619 4978 2762 5032 κατά
2816 4978 2910 5032 τοῦ
2961 4978 3226 5042 σώζοντος
3275 4979 3575 5042 μελετῶσιν
3615 4981 3730 5032 άπ-

2137 5069 2354 5122 ώλειαν·
2387 5069 2575 5139 ῶσπερ
2598 5072 2691 5122 ἐπὶ
2720 5067 2881 5123 τοῦτο
2916 5070 3299 5141 μεμαθηκότες
3325 5072 3392 5124 τὰ
3413 5071 3591 5136 λόγια,
3626 5073 3731 5143 οὐχ

2142 5161 2229 5212 ἵνα
2262 5159 2529 5227 ἐπιγνῶσι
2597 5162 3020 5230 παραγεγονότα
3063 5162 3160 5215 τὸν
3207 5163 3730 5232 προφητευόμενονο

2143 5249 2257 5302 ἀλλ’
2295 5249 2382 5301 ἵνα
2433 5251 2806 5321 φονικωτέραν
2851 5249 2965 5315 ἕξιν
3008 5252 3287 5317 λαϐόντες,
3321 5254 3568 5324 ὀξύτεροι
3595 5256 3731 5324 δρα-

2150 5343 2271 5411 μεῖν
2322 5335 2424 5394 ὧσι
2471 5342 2606 5412 πρὸς
2660 5343 2759 5412 τὴν
2813 5343 3144 5414 ἐπιϐουλήν·
3207 5345 3432 5413 Ὄντως
3495 5352 3732 5417 ταχινοι

2143 5432 2323 5497 πόδες
2359 5431 2481 5497 τοῖς
2511 5434 2882 5501 παρανόμοις
2907 5437 2994 5500 εὶς
3019 5435 3085 5488 τὸ
3110 5433 3253 5505 αἷμα
3278 5438 3344 5490 ἐκ
3354 5439 3536 5505 χέειν,
3565 5443 3734 5508 ἀργοὶ

2140 5524 2197 5575 δὲ
2227 5524 2318 5575 καὶ
2340 5523 2502 5592 χωλοὶ
2531 5522 2769 5592 βαδίζειν
2797 5526 2937 5577 κατὰ
2985 5527 3212 5598 γνώμην
3259 5528 3353 5580 τοῦ
3395 5530 3732 5598 κρείττονος.

2147 5609 2212 5664 Ὠ
2239 5617 2302 5666 σὺ
2328 5619 2420 5667 καὶ
2459 5615 2795 5685 ὀφθαλμοὺς,
2825 5617 2916 5669 καὶ
2945 5617 3208 5688 λογισμὸν
3248 5621 3551 5690 ἀφῃρηκὼς
3602 5623 3738 5678 ἑαυ-

1557 5729 1600 5759 ,ε
1629 5729 1761 5785 Luc.
1791 5745 1864 5794 γι,
1896 5729 1948 5785 7,
2023 5730 2065 5761 ⁸⁷
2105 5729 2262 5784 Jnan.
2309 5731 2477 5796 11,44.
2557 5733 2601 5762 “'
2640 5733 2807 5789 Matth
2861 5754 2921 5802 tt,
2971 5739 3053 5794 16.
