2036 3219
146 179 180 212 65
598 181 739 212 ORATIO
756 179 821 213 VII.
840 195 875 200 --
894 182 936 213 IN
955 182 1106 213 FESTUM
1121 178 1345 213 PALMARUM.
1746 176 1781 209 6h

145 234 200 266 τὸν,
217 232 244 260 τι
258 232 292 260 τὰ
307 233 411 269 σημεῖα
425 233 626 269 παρατρέχεις;
640 236 688 261 καὶ
701 235 736 262 τὰ
760 236 851 263 λοιπά.
879 236 938 272 Οὐχ

1000 244 1049 264 nas
1068 236 1185 264 Litteras
1213 236 1387 268 didicissent,
1412 241 1464 261 non
1488 237 1519 260 ut
1537 239 1611 265 eum,
1632 239 1713 267 quem
1728 233 1782 260 illae

145 279 317 314 θηλαζόντων
332 278 488 313 στομάτων,
507 279 586 305 τοῦτο
616 280 648 315 δὴ
666 281 697 307 τὸ
710 282 793 308 πάλαι
806 291 939 318 προειρη-

146 325 227 360 μένον
244 324 284 359 τῷ
299 324 411 350 Βασιλεῖ
425 324 473 351 καὶ⁸
486 325 626 360 Προφήτῃ,
645 326 710 361 ὁρᾷς
727 327 772 354 τὸν
787 326 861 354 αῑνον
870 336 937 354 κατ-

144 371 324 407 αρτιζόμενον
339 379 346 402 ;
362 371 412 405 οὐχ
432 371 450 397 ἃ
466 371 550 397 πάλαι
570 372 679 407 ᾅδοντος
696 373 801 399 ἐκείνου
814 374 843 400 ὲν
855 373 938 400 Πνεύ-

146 427 221 453 ματι,
239 417 394 452 ἐδιδάχθης,
412 417 451 448 ὼς
466 415 536 443 εἷναί
557 426 598 443 σοι
618 408 745 453 καθαπερ
767 419 838 445 τισὶν
858 419 938 455 ἐνδη-

143 465 265 496 λοτάτοις
275 473 308 498 ar,
315 464 401 499 μείοις
411 465 538 498 γνωριεῖν
550 465 700 492 ἐπιστάντα
709 465 836 499 Βασιλέα,
851 466 938 493 ταῦτα

145 512 215 546 ἔχεις
231 511 280 537 καὶ
296 510 363 536 ὠσὶν
387 511 520 542 ἀκουστὰ,
550 513 596 536 καὶ
627 512 683 542 τοῖς
702 512 757 542 σοῖς
776 511 824 546 οὐχ
838 512 939 547 ὁρῶσιν

143 558 294 592 ὀφθαλμοῖς
321 556 512 592 Θεωρούμενας
530 557 566 592 μὴ
596 557 644 583 καὶ
668 557 755 584 ταῦτα
775 558 842 593 πρὸς
859 559 939 594 χάριν

144 606 258 638 γίνεται,
276 604 291 638 ἢ
319 603 484 637 πλανώμενα
504 603 538 628 τὰ
559 604 645 637 νήπια
669 603 804 639 προσάγει
819 604 869 639 τὴν
895 605 940 632 εὐ-

144 651 267 685 φημῖειν;
281 650 339 676 ἀλλ’
356 649 413 675 οὔθ’
429 651 442 675 ὀ
457 647 529 680 αἶνος
547 647 601 681 οἷος
617 651 649 676 ἐκ
665 650 854 685 πλανωμένης,
876 659 939 685 γεν-

144 697 239 723 νᾶσθαι
256 696 356 731 φρενός
370 703 375 709 ’
393 695 451 721 οὗθ’
465 697 480 728 ἠ
497 695 588 730 ἡλικία
613 695 681 730 πρὸς
698 697 778 731 χάριν
804 697 937 731 πράττειν

146 743 295 777 ἐπιτηδεία.
312 742 397 769 Ὅθεν
410 741 458 768 οὖν
475 742 530 777 ᾄδει
548 743 643 776 σοφίας
653 742 766 778 ᾅσματα
790 744 867 778 χείλη
888 743 937 779 θη-

148 789 268 821 λὰζηντα,
285 791 309 815 εὶ
339 790 377 824 μὴ
405 788 452 814 τοῦ
472 789 629 823 Πνεύματος
645 789 774 825 κινούσης
795 790 845 825 τῆς
874 790 936 817 ἑπι-

150 836 238 866 mela;
253 836 288 862 τὰ
300 836 351 870 τῆς
365 835 416 869 σῆς
432 835 564 869 πονηρίας
576 835 717 868 ἀμέθεκτα
724 836 826 871 νήπια;

997 283 1196 318 praedicebat“,
1213 286 1375 317 praesentem
1389 280 1445 315 jam
1471 282 1661 315 agnoscerent,
1688 278 1735 306 sed
1752 284 1783 304 ιιι

993 331 1084 357 animo
1101 330 1128 356 in
1144 329 1245 356 caedent
1263 328 1349 363 magis
1371 327 1495 356 incenso,
1508 325 1630 353 velocius
1656 324 1689 351 ad
1712 324 1781 351 insi-

992 375 1052 401 dias
1078 373 1227 401 tendcndas
1250 375 1438 408 properarent.
1466 370 1537 398 Vere
1574 369 1673 397 veloces
1704 369 1782 403 pedes

991 421 1090 455 iniquis
1117 420 1152 446 ad
1175 418 1361 454 effundendum
1377 418 1532 453 sanguinem
1546 415 1606 449 um;
1623 415 1693 442 tardi
1718 422 1783 442 vero

992 474 1024 494 ac
1048 466 1150 498 claudi,
1174 471 1203 492 ut
1230 473 1259 492 se
1274 472 1306 492 eo
1321 463 1473 495 conferant,
1494 470 1550 497 quo
1567 468 1644 488 mens
1662 467 1694 487 ac
1711 460 1782 486 ratio

992 512 1088 540 melior
1107 512 1213 540 suadet.
1232 510 1255 538 0
1273 515 1299 538 te
1323 510 1464 541 miserum,
1487 508 1534 543 qui
1552 506 1647 534 oculos
1669 505 1719 532 tibi
1750 511 1783 531 ac

992 559 1125 586 rationem
1152 558 1210 593 ipse
1230 556 1367 589 ademisti,
1389 562 1439 583 cur
1466 555 1544 589 signa
1569 553 1677 586 aliaque
1695 550 1783 577 admi-

991 605 1077 632 randa
1097 605 1193 632 leviter
1207 603 1276 631 adeo
1294 601 1438 637 praeteris?
1451 600 1548 627 Nonne
1569 606 1603 626 ex
1622 596 1782 624 lactentium

985 646 1049 685 lore,
1062 652 1135 687 quod
1154 650 1218 678 olim
1241 650 1307 684 Regi
1334 653 1415 683 atque
1437 646 1581 682 Prophetas
1601 644 1658 680 (25)
1683 642 1784 678 praedi-

990 703 1063 726 ctum
1081 704 1166 730 esset,
1183 697 1290 724 laudem
1303 695 1397 731 perﬁci
1411 692 1505 721 vides?
1517 691 1624 722 Nonne,
1639 696 1700 725 quae
1715 688 1781 716 olim

989 744 1084 771 eodem
1101 744 1128 770 in
1143 742 1242 778 spiritu
1251 741 1408 769 modulante
1421 739 1536 766 edoctus
1554 745 1584 764 es
1595 756 1603 768 ,
1619 739 1649 762 ιιι
1666 733 1782 761 manife-

988 790 1117 818 stissimis
1129 787 1384 817 acevidentissimls
1395 786 1481 821 signis
1505 786 1667 820 praesentem
1681 781 1782 816 Regem

987 837 1036 864 tibi
1049 844 1198 872 agnoscere
1213 835 1323 868 liceret,
1337 834 1393 868 jam
1405 836 1432 860 et
1445 832 1559 859 auribus
1574 829 1676 861 audita,
1688 827 1784 854 caecis-

147 889 196 916 que
207 882 295 909 oculis
310 882 365 908 luis
377 881 527 914 conspicua
540 887 570 906 ac
585 881 643 907 visa
656 880 762 908 habes?
775 881 843 909 Num
852 886 877 909 et
887 881 945 909 haec
955 882 988 909 at]
1000 883 1114 917 gratiam
1128 882 1195 908 fiunt
1206 885 1269 915 ;aut
1282 887 1377 908 errore
1388 878 1495 913 decepti
1508 877 1638 907 infantes,
1651 876 1781 909 hymnum

145 929 299 957 texunt?At
316 936 403 962 neque
413 927 618 962 lausAejusmodi
629 932 682 960 est.
695 932 763 956 utex
772 928 884 964 decepta
898 933 988 957 mente
1005 929 1143 965 proficisci
1157 932 1250 964 queat;
1263 935 1352 962 neque
1362 930 1428 954 aetas
1437 926 1509 957 talis,
1522 932 1583 959 quzc
1595 922 1709 949 auribus
1722 927 1782 947 ser-

145 977 201 1004 vire
219 977 305 1002 novit.
317 975 374 1008 Qua
386 975 467 1009 igitur
477 975 580 1000 ratione
595 974 844 1009 adhucpendentes
854 976 889 1004 ab
901 976 984 1004 ubere
999 976 1128 1009 infantes,
1141 976 1220 1010 plena
1235 974 1383 1009 sapientiae
1399 975 1527 1007 promunt
1535 969 1654 999 cantica,
1668 967 1721 994 nisi
1736 966 1781 993 di-

146 1023 258 1049 vinieos
278 1022 395 1056 Spiritus
415 1021 522 1048 amatus
547 1022 766 1056 instinctusque,
782 1029 899 1057 quorum
916 1023 991 1050 nulla
1004 1027 1058 1050 tua:
1076 1022 1264 1058 improbitatis
1284 1020 1403 1048 societas
1420 1019 1467 1049 sit,
1484 1021 1576 1044 movet
1589 1023 1621 1042 ac
1641 1012 1781 1041 concitat?

181 1067 220 1095 Ὠ
232 1069 265 1095 σύ
282 1077 317 1102 γε
332 1069 444 1103 ἀρχῆθεν
470 1069 657 1104 ἐμπαροινῶν,
678 1069 713 1096 δι’
729 1066 766 1096 ὧν
779 1067 819 1102 οἷς
834 1070 938 1097 ὲνὲπνει

1028 1071 1050 1099 0
1068 1076 1093 1099 te
1115 1071 1172 1106 jam
1201 1069 1267 1097 olim
1292 1069 1430 1100 insanum,
1455 1065 1528 1101 quod
1553 1071 1615 1092 cum
1639 1061 1780 1097 prophetis

154 1115 383 1150 τροφὴταις,τὰς
410 1116 559 1150 μιαιφόνους
585 1116 719 1148 ἐπέὃαλες
746 1117 861 1152 χεῖρας·
887 1117 936 1144 νῦν

156 1159 280 1193 ὡσπερεὶ
307 1160 489 1194 σεμνυνόμενος
512 1161 536 1186 εἰ
571 1161 769 1197 αὐθαδέστερον
789 1162 935 1198 ἐξυϐριεῖς,

156 1204 231 1238 αὐτῷ
247 1213 274 1230 τε
291 1204 443 1239 διαλοιδορῇ,
454 1206 502 1239 τὴν
516 1206 621 1232 ἐκείνου
636 1205 753 1242 δύναμιν
766 1207 934 1240 Βεελξεὸοὺλ

151 1250 295 1285 ἀναφέρων
309 1258 316 1265 ⁸
343 1251 389 1277 καὶ
410 1251 514 1282 τοῦτον,
545 1249 566 1285 ᾧ
587 1255 794 1289 προσμαρτυρεῖ
815 1254 859 1280 διὰ
881 1254 936 1281 τῶν

147 1296 236 1331 ἔργων
263 1296 301 1328 ὡς
324 1298 449 1330 συγγενεῖ
473 1298 635 1333 συμπαρὼν,
649 1298 700 1333 τῆς
728 1299 779 1334 σῆς
799 1300 936 1336 πονηρεύῃ

146 1342 261 1375 φονικῆς
279 1343 461 1378 προαιρέσεως
479 1344 556 1379 ἔργον
574 1345 748 1380 ποιήσασθαι.
765 1346 800 1373 Σὺ
819 1347 867 1381 μὲν
877 1344 935 1379 οὖν,

143 1386 220 1419 ἅπαξ
236 1388 270 1413 τὰ
283 1388 331 1414 τοῦ
342 1388 439 1422 φθόνου
459 1390 597 1416 συλλαϐὼν
609 1391 719 1427 ὀλέθρια
731 1392 886 1427 σπέρματα,
905 1394 934 1420 οὐ

143 1433 237 1470 παύσῃ
265 1436 527 1471 στενοχωρούμενος,
561 1438 613 1469 ἕως
635 1438 668 1464 ἂν
693 1439 743 1474 τὴν
780 1439 936 1467 ἀπολοῦσαν

146 1479 228 1514 ῥήξῃς
247 1480 341 1507 ὠδῖνα.
360 1481 430 1516 Ἤδη
444 1482 498 1516 γὰρ
511 1482 607 1517 ἐκείνῳ
617 1483 666 1518 τὴν
682 1484 783 1520 μιαρὰν
798 1485 936 1517 ἐπιϐαλεῖς

146 1525 293 1560 παλάμην,
321 1527 369 1553 καὶ
397 1527 584 1559 ἐπιϐαλόντος,
611 1530 666 1555 πᾶν
691 1527 761 1564 αἷμα
795 1530 937 1564 δίκαιον,ὃ

145 1570 266 1606 ἐξέχεας,
284 1573 496 1606 καταδοήσεται.
514 1575 566 1600 Καί
584 1584 612 1600 σε
629 1575 769 1610 κολοφῶνα
783 1578 844 1608 ταῖς
862 1586 937 1611 μιαι-

142 1616 249 1649 φονίαις
264 1617 455 1644 ὲπιτεθεικότα
469 1618 517 1653 τὴν
536 1620 705 1655 Δεσποτικὴν
718 1621 835 1655 σφαγὴν,
852 1622 866 1647 ὁ
881 1622 936 1647 τῶν

142 1662 238 1688 κακῶν
249 1662 433 1697 περιλήψεται
451 1663 583 1698 κολοφὼν.
602 1665 757 1692 Μεταόαλεῖ
772 1666 822 1701 μὲν
844 1665 875 1702 δή
895 1675 936 1693 σοι

145 1709 212 1743 πρὸς
225 1709 334 1741 ἀδοξίαν
350 1710 366 1744 ὴ
382 1710 504 1742 εὐδοξία·
533 1711 681 1745 μεταϐαλεῖ
697 1711 725 1737 δὲ
746 1712 763 1746 ἡ
788 1711 933 1746 εὐκληρία,

990 1118 1086 1145 divino
1101 1116 1201 1145 afﬂatis
1216 1115 1322 1152 Spiritu
1339 1114 1489 1147 sacrilegas
1510 1110 1654 1146 injecisses
1668 1112 1780 1138 manus,

989 1171 1063 1191 nunc
1080 1163 1159 1198 quasi
1178 1162 1310 1198 glorians,
1328 1165 1358 1188 ut
1376 1158 1490 1194 majoris
1504 1156 1644 1192 quidpiam
1661 1153 1779 1188 injuriae,

989 1207 1157 1244 majorisque
1175 1208 1333 1242 petulantiae
1347 1205 1445 1233 feceris
1462 1212 1469 1231 :
1484 1210 1540 1230 tum
1556 1202 1594 1229 illi
1603 1199 1780 1229 conviciaris.

988 1256 1049 1290 ejus
1067 1257 1227 1291 potestatem
1248 1252 1402 1281 Beelzebud
1420 1252 1562 1279 ascribens
1579 1249 1619 1282 “;
1634 1249 1781 1283 ipsumque

989 1302 1033 1330 cui
1052 1302 1097 1330 ille
1118 1306 1148 1329 ut
1173 1301 1296 1337 ejusdem
1324 1293 1417 1328 secum
1436 1302 1541 1326 natura:
1570 1305 1602 1325 ac
1619 1295 1781 1323 substantiae

989 1356 1038 1384 per
1061 1355 1144 1383 opera
1172 1347 1361 1375 testimonium
1378 1344 1478 1376 defert,
1508 1349 1592 1378 pravo
1609 1346 1657 1369 tuo
1679 1341 1779 1368 volun-

991 1394 1055 1421 tatis
1078 1393 1221 1430 proposito
1240 1393 1299 1420 neci
1316 1391 1423 1420 tradere
1437 1390 1548 1426 quaeris.
1567 1389 1601 1416 At
1623 1395 1651 1415 ιιι
1669 1387 1779 1423 quidem

990 1444 1135 1476 pestquatn
1161 1439 1316 1475 perniciosa
1347 1436 1457 1465 invidia:
1478 1436 1583 1464 semina
1602 1434 1685 1462 semel
1711 1440 1778 1460 con~

991 1487 1100 1521 cepisti,
1117 1491 1170 1514 nan
1188 1483 1298 1513 desines
1312 1483 1411 1512 arctari
1426 1491 1458 1510 ac
1472 1480 1671 1517 coangustiari,
1688 1481 1780 1514 quoad

990 1532 1152 1568 perniciem,
1178 1539 1261 1567 quam
1292 1529 1426 1565 parturis,
1451 1529 1554 1564 parias.
1572 1527 1632 1556 Jarn
1651 1527 1723 1555 enim
1740 1526 1780 1552 illi

991 1578 1134 1606 scelestam
1153 1585 1264 1604 manum
1289 1574 1407 1611 injicics,
1426 1583 1458 1602 ac
1475 1574 1520 1601 ubi
1538 1573 1675 1609 injeceris,
1690 1572 1781 1600 omnis

990 1624 1102 1659 sanguis
1115 1623 1218 1658 justus,
1235 1630 1315 1658 quem
1340 1621 1472 1654 elludisti,
1491 1626 1587 1648 contra
1605 1624 1631 1647 te
1643 1620 1781 1647 exclama-

990 1670 1053 1697 bit:
1077 1677 1195 1704 cumque
1212 1668 1384 1705 ‘homicidiis
1411 1675 1443 1695 ac
1466 1666 1622 1701 parricidiis
1655 1666 1780 1701 apposita

991 1722 1057 1742 nece
1078 1714 1197 1746 Domini,
1218 1713 1299 1749 quasi
1321 1713 1474 1748 colophona
1493 1712 1667 1747 imposueris,
1697 1709 1780 1738 simul

145 1752 215 1791 ὲφ“ᾖ
232 1755 307 1790 παρὰ
321 1756 431 1781 πάντων
451 1755 619 1790 ἐθαυμάζου,
644 1757 684 1787 εἰς
702 1756 848 1792 ’ἀσχήμονα
873 1758 937 1784 δυσ.

990 1762 1072 1787 etiam
1086 1763 1113 1788 te
1125 1761 1271 1787 'malorum
1286 1759 1407 1787 omnium
1428 1759 1564 1793 col'ophon
1581 1755 1779 1793 apprehendat,

142 1800 277 1836 κληρίαν·
296 1802 325 1827 οὺ
344 1801 483 1836 βασιλείας
496 1802 585 1835 μόνον,
602 1801 655 1829 οὐδ’
673 1803 823 1838 ἱερωσύνης
835 1823 841 1835 ,
869 1803 938 1830 ἀλλὰ

142 1847 191 1873 καὶ
207 1847 305 1880 αὐτῆς,
323 1847 357 1882 ἢν
370 1847 468 1882 ἕφυρες
483 1848 578 1882 αἵματι
594 1847 703 1883 δικαίῳ,
728 1848 781 1884 γῆς
799 1848 938 1884 ἀφαιρού-

142 1900 243 1925 μενος⁸
264 1893 313 1918 καὶ
339 1893 549 1927 σκυϐρωπάσεις
577 1893 687 1928 ἀληθῶς
703 1894 744 1925 εἰς
764 1894 852 1921 αἰῶνα
878 1896 939 1926 ταῖς

143 1939 302 1972 συμφοραῖς
323 1938 484 1972 φροντίζων,
511 1939 568 1964 ἀνθ’
585 1936 621 1965 ὧν
638 1939 707 1974 ἔχων
721 1939 867 1973 δυσκόλως,
892 1941 939 1967 καὶ

147 1985 288 2019 προτιμῶν
305 1982 375 2010 εἶναι
394 1985 490 2016 κακὸς,
507 1985 565 2011 δέον
581 1985 775 2021 φαιδρύνεσθαι
787 1988 820 2021 τῇ
837 1995 939 2022 παρου-

151 2030 196 2065 atq.
209 2031 253 2057 τοῦ
268 2031 407 2062 Βασιλέως
420 2039 428 2047 ο
444 2032 476 2057 σὺ
496 2032 524 2058 δὲ
539 2032 584 2057 τὸν
599 2032 704 2058 ἐκείνου
720 2033 939 2068 πονηρευόμενος

152 2075 271 2109 θάνατον,
290 2077 518 2112 ἐσκυθρώπαζες.
542 2079 578 2104 Σὺ
610 2078 659 2113 μὲν
674 2076 738 2112 οὖν,
766 2079 884 2111 Ἰουδαῖε,
899 2081 939 2111 εἰς

149 2124 178 2149 ὃν
187 2125 283 2158 ἣκιστα
297 2126 382 2160 ἐχρῆν
391 2128 568 2161 παροινήσας,
583 2127 695 2153 τοιαῦτα
706 2128 757 2163 πλη
763 2128 936 2163 ρονομήσεις,

144 2170 236 2196 οὐκέτι
256 2171 306 2205 μὲν
322 2172 361 2202 εἰς
374 2171 438 2197 λαὸν
452 2193 459 2203 ,
483 2172 574 2198 οὗκὲτι
602 2171 630 2198 δὲ
657 2173 696 2204 εις
709 2173 768 2199 υἱὸν
784 2174 938 2208 τιμώμενος

142 2217 184 2252 τῷ
198 2217 276 2252 Θεῷ-
305 2218 363 2243 ἀλλ*
385 2218 595 2252 ἐξελαυνόμενος
619 2218 666 2245 τοῦ
693 2220 769 2246 οἴκου
791 2219 861 2253 μετὰ
887 2220 938 2255 τῆς

140 2263 292 2297 δυσγενοῦς
311 2265 357 2290 καὶ
379 2264 484 2299 φαύλης
504 2265 699 2300 προαιρέσεως.
720 2265 843 2300 Λήψεται
870 2266 898 2292 δὲ
924 2265 939 2292 ὁ

138 2310 303 2344 Μονογενὴς
319 2310 394 2344 παρὰ
410 2310 455 2336 τοῦ
472 2311 576 2345 [ἰατρὸς
591 2311 692 2346 κλῆρον
708 2311 743 2338 τὰ
760 2311 824 2347 ἔθνη
841 2311 936 2344 αἰτῶν,

136 2355 165 2380 οἳ
188 2356 237 2381 καὶ
253 2355 314 2381 λαοὶ
327 2356 540 2390 χρηματὶσουσι,
560 2357 607 2383 καὶ
633 2357 687 2384 τῶν
710 2357 761 2392 υἱῷ
778 2358 937 2393 πρεπόντων

136 2402 359 2432 ἀπολαύσουσιν,
372 2403 478 2435 εὐγενεῖ
489 2404 559 2438 τόκῳ
573 2404 619 2429 καὶ
630 2403 765 2438 ἐλευθέρῳ
778 2403 937 2438 γεννώμενα

134 2449 179 2482 τῲ
194 2449 301 2483 Πατρί·
319 2449 333 2474 ὃ
348 2450 467 2484 σήμερον
483 2451 499 2484 ἡ
515 2451 562 2475 ἐπὶ
579 2449 617 2484 τῷ
630 2449 712 2485 πώλῳ
735 2449 855 2485 καθέδρα
884 2459 936 2485 μη-

131 2494 212 2525 νύει,
231 2494 288 2521 τῶν
305 2495 375 2526 τέως
391 2496 567 2531 ἀκαθάρτων,
583 2495 630 2522 καὶ
641 2496 838 2523 ἀνυποτάκτων
851 2496 937 2523 ὲθνῶν

131 2539 203 2574 θεῷ
211 2540 266 2574 τὴν
276 2541 410 2575 ἐσομένην
426 2542 575 2576 ὑποταγὴν.

991 1807 1133 1842 gloriaque
1160 1807 1188 1833 in
1224 1805 1372 1841 inglorium
1405 1804 1454 1832 tibi
1485 1809 1587 1832 statum
1613 1804 1691 1831 cedet
1714 1812 1721 1831 :
1748 1811 1781 1830 ac

991 1862 1051 1881 sors
1066 1854 1111 1880 illa
1128 1853 1202 1885 felix,
1226 1852 1307 1887 cujus
1324 1852 1410 1887 gratia
1426 1852 1555 1879 omnibus
1572 1851 1647 1879 fuisti
1662 1851 1781 1879 admira-

991 1900 1071 1931 tioni,
1085 1900 1113 1926 in
1134 1898 1291 1934 ignominiae
1307 1899 1415 1933 plenam
1434 1897 1623 1925 infelicitatem
1642 1903 1779 1931 vertetur;

991 1950 1022 1972 ut
1046 1946 1144 1972 nedum
1164 1952 1247 1979 regno
1264 1948 1291 1972 et
1309 1944 1476 1976 sacerdotio,
1500 1944 1547 1971 sed
1564 1948 1592 1970 et
1609 1944 1678 1978 ipsa,
1697 1951 1779 1978 quam

987 1990 1064 2026 justo
1081 1990 1213 2025 sanguine
1239 1989 1358 2022 tinxisti,
1386 1995 1459 2017 terra
1485 1989 1638 2024 spolieris:
1662 1996 1781 2023 vereque

991 2037 1018 2064 in
1045 2037 1242 2071 sempiternum
1270 2040 1378 2070 tempus
1408 2033 1550 2069 atiligeris,
1577 2034 1780 2061 calamitatibus

991 2082 1155 2115 confectus;
1175 2089 1206 2108 eo
1228 2081 1302 2116 quod
1324 2084 1350 2108 te
1374 2088 1448 2108 nunc
1477 2080 1602 2115 improbe
1626 2087 1723 2114 gerens
1748 2088 1781 2107 ac

989 2128 1151 2163 pravitatem
1171 2132 1337 2163 praeoptans,
1354 2134 1416 2155 cum
1433 2125 1515 2162 Regis
1534 2126 1681 2162 praesentia
1699 2131 1725 2154 te
1738 2128 1779 2154 vel

990 2175 1109 2201 maxime
1133 2173 1279 2201 exhilarari
1303 2177 1455 2208 oporteret,
1481 2177 1509 2199 tu
1540 2179 1667 2207 perversa
1689 2177 1780 2199 mente

990 2222 1013 2248 ei
1027 2219 1168 2247 interitum
1185 2219 1310 2252 moliens,
1330 2206 1466 2247 morosior
1477 2226 1539 2246 esse
1554 2218 1696 2246 malueris.
1712 2216 1779 2246 Cum

990 2267 1084 2302 igitur,
1104 2265 1208 2298 Iudaee,
1234 2265 1261 2292 in
1287 2273 1367 2301 quem
1394 2265 1507 2292 minime
1526 2264 1662 2292 debueras
1678 2264 1780 2291 debac-

992 2312 1092 2339 chatus
1109 2311 1158 2344 sis,
1176 2309 1204 2337 id
1231 2318 1296 2338 vero
1321 2310 1513 2345 Consequeris,
1539 2314 1569 2337 ut
1592 2316 1646 2336 non
1660 2309 1780 2343 amplius

990 2357 1018 2384 in
1048 2357 1132 2384 filium
1150 2356 1286 2392 reputeris
1300 2376 1308 2388 ,
1332 2357 1379 2384 sed
1405 2357 1486 2384 domo
1509 2356 1631 2391 propria,
1654 2362 1717 2382 cum
1733 2355 1780 2382 de-

990 2410 1091 2437 genere
1115 2410 1147 2429 ac
1184 2402 1308 2438 improbo
1338 2407 1384 2429 tuo
1412 2402 1554 2437 proposito
1576 2400 1778 2428 extermineris.

990 2449 1024 2476 At
1046 2448 1220 2483 Unigenitus,
1244 2452 1338 2483 gentes
1362 2455 1377 2474 a
1401 2449 1483 2474 Patre
1510 2446 1654 2482 postulans
1668 2447 1697 2473 in
1722 2447 1780 2473 ha:-

991 2496 1133 2524 reditatem
1163 2499 1326 2531 accepturus
1345 2499 1387 2522 est
1403 2494 1438 2527 ³⁸,
1462 2502 1523 2529 quas
1545 2498 1573 2522 et
1599 2493 1715 2529 populus
1732 2501 1779 2520 vo-

992 2542 1141 2575 cabuntur,
1170 2548 1203 2568 ac
1226 2541 1274 2568 ﬁlii
1304 2543 1512 2574 consequentur
1539 2539 1625 2573 jura;
1659 2539 1778 2573 ingenuo

133 2586 288 2620 liberoque
316 2591 394 2620 partu
421 2587 494 2613 Patri
520 2592 591 2614 nam
623 2595 654 2614 ac
673 2592 846 2622 comparatm:
864 2588 935 2623 quod
956 2588 1036 2615 hodie
1062 2588 1151 2615 sessio
1167 2587 1213 2614 illa
1237 2594 1319 2621 super
1336 2586 1442 2621 pullum
1479 2584 1593 2617 indicat,
1608 2583 1666 2611 fore
1698 2584 1781 2611 nimi'

133 2640 205 2659 rum
234 2636 266 2659 ut
291 2639 413 2667 eousque
439 2632 585 2659 immundae
608 2638 701 2668 gentes
719 2641 750 2660 ac
772 2634 910 2660 indomitm-
931 2633 986 2660 Deo
1010 2633 1215 2668 subjicerenlur.

173 2702 222 2721 W‘
238 2701 317 2730 Psal.
337 2710 397 2736 un,
414 2702 443 2731 5.
481 2703 504 2719 ⁵⁸
518 2702 618 2730 Matth.
631 2711 682 2736 xu,
695 2703 741 2731 2L
776 2704 801 2720 “
817 2703 890 2731 Psal.
910 2711 940 2736 tt,
955 2704 981 2731 8.

906 2760 1024 2789 ΝΟΤᾹΞ.

174 2806 237 2843 (Ξβ)
258 2805 335 2843 Quod
345 2806 408 2843 olim
420 2806 476 2841 regi
486 2810 563 2841 atque
579 2807 723 2843 prophetw.
734 2807 937 2843 Προειρημένον

200 2841 313 2882 peculii.
323 2842 372 2868 καὶ
382 2843 537 2882 aspargit-rp,-
552 2850 650 2882 nempe
677 2841 773 2882 pavidi
792 2841 863 2877 psal.
874 2850 936 2882 _vm.

133 2878 220 2905 Nihil
246 2877 362 2904 clarius.
382 2877 619 2911 lnterpreslevins
642 2879 669 2905 in
681 2878 820 2906 Christum
841 2877 936 2909 refert,

134 2914 188 2940 cui
205 2912 274 2948 [legi
301 2919 334 2939 ac
350 2911 494 2947 Prophetae
508 2913 670 2946 praedictum
686 2914 722 2941 sit
738 2913 936 2949 perliciendum

304 2961 441 2991 PATROL.
462 2961 521 2991 Gn.
545 2961 640 2993 CVII.

991 2808 1110 2835 laudem.
1128 2806 1181 2835 Sed
1201 2807 1227 2834 id
1255 2805 1336 2842 longe
1362 2815 1377 2834 a
1393 2805 1483 2842 plano,
1494 2813 1579 2833 sensu
1599 2812 1631 2832 ac
1655 2804 1777 2833 auctoris

991 2849 1091 2871 mente.
1107 2841 1315 2878 Argumentum
1335 2842 1386 2869 hoc
1409 2842 1443 2869 ad
1465 2841 1568 2869 Christi
1599 2842 1775 2878 astruentlaut

991 2877 1165 2907 divinitatem
1181 2881 1279 2914 urgent
1295 2878 1398 2913 pariter
1416 2881 1582 2905 tractatores
1601 2877 1711 2912 reliqui.

1542 2958 1561 2988 3
