4072 6456
474 358 542 421 67
713 295 728 310 1
1698 345 1973 408 LEONIS
2005 345 2133 403 PH]
2146 340 2467 402 LOSOPHl
3660 339 3730 399 (‘8

550 464 866 526 Enimvero,
916 461 1028 514 haec
1063 460 1281 530 quidem
1324 473 1425 515 suo
1455 465 1716 512 eventura
1771 468 2043 527 tempore,
2079 458 2129 515 Α

478 569 636 612 muto
686 555 946 610 Dominus
985 553 1167 622 operis
1197 551 1600 622 praenuntiabat
1633 549 1949 619 praeconio;
1993 555 2049 598 at

485 648 717 712 Hebraei,
769 646 906 700 nihil
946 645 1006 698 in
1065 647 1307 698 animum
1358 645 1601 697 volentes
1660 640 1943 702 inducere,
1991 653 2054 691 ac

485 741 808 808 intelligere,
844 736 922 789 vel
954 745 1014 789 ut
1039 736 1313 804 praeterita
1343 734 1517 799 dicas,
1548 732 1630 786 vel
1656 740 1713 787 ut
1740 730 2052 801 praesentia,

486 831 578 884 sed
620 830 671 882 id
724 836 937 881 tantum
988 827 1276 880 molientes
1317 834 1376 879 ut
1423 824 1757 890 impudentia
1792 830 2056 892 agerent,

487 919 643 988 quasi
703 917 952 971 Salvator
1007 917 1103 971 has
1155 917 1259 971 sibi
1319 916 1508 971 laudes
1565 922 1940 984 procurasset,
1998 928 2061 967 ac

489 1009 806 1063 laudatores
844 1015 1257 1078 congregasset,
1310 1007 1487 1076 ipsum
1529 1005 1751 1070 adeunt,
1810 1013 1972 1074 atque
2007 1007 2058 1057 in

491 1116 738 1153 murmur
786 1108 1248 1169 prorumpentes:
1283 1096 1405 1152 Non
1466 1098 1644 1164 audis,
1690 1098 1888 1167 inquit,
1937 1097 2061 1167 quid

492 1191 582 1243 isti
615 1190 794 1243 dicant
822 1189 902 1242 l“?
935 1190 1012 1243 Tu
1041 1189 1165 1243 illos
1193 1191 1467 1259 interroga
1489 1228 1504 1254 ,
1538 1189 1671 1255 Quis
1703 1197 1807 1252 est,
1842 1189 1934 1260 qui
1962 1191 2062 1242 im-

493 1282 662 1350 pttlit?
713 1282 967 1351 quisnam
999 1281 1206 1345 docuit,
1247 1281 1466 1349 quando
1496 1281 1816 1334 memoriam
1848 1295 2061 1334 onmem

493 1386 607 1429 tum
661 1376 1010 1429 oraculorum
1050 1375 1385 1436 divinorum,
1447 1382 1560 1425 tum
1616 1386 1841 1441 operum
1887 1382 2061 1424 exter-

496 1465 738 1527 minasti,
791 1479 1119 1532 omnemque
1166 1465 1461 1516 humanam
1499 1461 1766 1515 rationem
1814 1475 1880 1515 ae
1917 1461 2065 1529 cogi-

496 1558 759 1610 tationem
811 1572 878 1610 ex
927 1556 1175 1625 improbo
1237 1564 1331 1608 tuo
1380 1565 1600 1623 pectore
1639 1553 2064 1624 proscripsisti?

497 1651 633 1704 Nam
665 1651 752 1705 ille
779 1650 1000 1720 quidem
1037 1651 1224 1704 habitu
1260 1653 1507 1705 modesto
1537 1666 1600 1704 ac
1628 1651 1906 1704 moderato
1945 1665 2059 1720 pro-

497 1744 642 1800 cedit
675 1761 688 1796 :
727 1743 780 1796 hi
816 1759 943 1798 vero
985 1746 1146 1813 regiae
1174 1743 1435 1812 congruis
1479 1742 1750 1812 majestati
1785 1742 2068 1796 salutatio-

2239 450 2398 503 Ἀλλά
2429 447 2602 502 ταῦτα
2638 443 2736 517 μὲν
2761 445 2841 509 εἰς
2861 446 2994 500 ἴδιον
3016 445 3419 516 ἁπαντήσοντα,
3445 447 3732 519 πράγματι

2157 543 2432 598 σιωπῶντι
2472 539 2770 610 προῦλεγεν
2797 538 3160 606 όΔεσπότης·
3215 538 3462 608 Ἑϐραῖοι
3506 541 3562 593 δὲ
3612 559 3725 612 μη-

2155 636 2240 689 δὲν
2269 633 2546 688 συνεῖναιιι
2581 631 2915 701 βουλόμενοι,
2946 631 3006 683 οὐ
3027 631 3137 683 τῶν
3168 631 3492 699 γεγονότων,
3530 633 3589 686 οὐ
3625 635 3736 689 τῶν

2165 727 2452 797 παρόντων
2472 741 2487 756 ο
2543 723 2681 776 ἀλλὰ
2707 723 2866 776 τοῦτο
2889 721 3050 792 μόνον
3085 723 3460 792 ἀναισχυντεῖν
3507 725 3737 790 ἑαυτοὺς

2161 818 2540 889 πεποιηκότες,
2561 812 2650 869 οἷα
2676 816 2932 886 Σωτῆρος
2962 815 3060 887 τὴν
3090 817 3368 887 εὐφημίαν
3395 819 3571 888 ἐαυτῷ
3602 837 3742 890 προ-

2160 909 2508 982 διῳκηκότος,
2534 909 2774 972 καὶτοὺς
2791 909 3083 971 ἐπαινέτας
3102 911 3520 978 συναγαγόντος,
3545 912 3741 982 ἐκείνῳ

2164 1006 2587 1074 προσέρχονται·
2623 1004 2745 1055 Οὐκ
2781 1001 3024 1067 ἀκούεις
3046 1002 3105 1054 τί
3125 1003 3419 1071 λέγουσιν
3453 1011 3741 1072 acaum-07¢

2165 1097 2473 1167 γὺζοντεςς
2499 1095 2773 1157 Ἐκείνους
2795 1094 3002 1164 ἐρώτα·
3033 1095 3125 1157 Τίς
3150 1098 3177 1148 ό
3205 1097 3427 1164 κινήσας
3450 1113 3465 1160 ;
3488 1098 3570 1160 τίς
3617 1099 3646 1150 ό
3669 1097 3744 1149 διι

2166 1191 2332 1256 δάξας
2354 1204 2367 1217 ·
2397 1189 2586 1260 ἐπειδὴ
2620 1190 2841 1258 μνήμης
2865 1189 3084 1258 ἁπάσης
3115 1189 3206 1242 καὶ
3234 1188 3394 1242 θείων
3421 1190 3614 1256 λογίων
3642 1190 3738 1243 καὶ

2167 1281 2342 1350 ἔργων
2370 1280 2558 1350 ὥσπερ
2583 1280 2873 1348 ἀειφυγίαν
2891 1279 3273 1349 κατεψηφίσω,
3290 1283 3385 1334 καὶ
3402 1283 3576 1334 πάντα
3599 1281 3745 1350 λογι-

2170 1369 2305 1438 σμὸν
2332 1368 2668 1440 ἀνθρώπινον
2685 1369 2785 1438 τῆς
2811 1371 2912 1440 σῆς
2935 1371 3133 1422 ἀτόπου
3157 1370 3382 1441 καρδίας
3409 1370 3743 1438 ἐδίωξας;’0

2173 1463 2269 1530 μὲν
2294 1460 2400 1532 γὰρ
2425 1461 2561 1532 μετὰ
2585 1461 2804 1532 μετρίου
2836 1461 2931 1513 τοῦ
2971 1463 3249 1530 σχήματος
3273 1461 3522 1532 πρόεισιν
3543 1480 3556 1494 ο
3591 1466 3642 1517 οἱ
3685 1464 3746 1515 δὲ

2170 1558 2290 1619 ταῖς
2320 1555 2532 1625 βασιλεῖ
2557 1555 2895 1626 πρεπούσαις
2921 1554 3218 1620 δεξιοῦνται
3247 1559 3453 1623 φωναῖς
3475 1573 3488 1586 ·
3519 1557 3748 1610 ἐκείνων

2173 1646 2364 1712 πύθου,
2401 1646 2454 1698 τί
2491 1645 2752 1716 μαθόντες
2805 1647 2866 1698 οὐ
2900 1646 3036 1716 πρὸς
3085 1646 3144 1698 τὸ
3174 1647 3501 1716 φαινόμενον
3556 1648 3748 1717 σχῆμα

2175 1737 2464 1808 φρονοῦσι-
2525 1737 2916 1808 μεγαλοπρεπῆ
2941 1737 2983 1789 δ’
3011 1736 3157 1790 οὓτω
3195 1739 3420 1806 φέρουσι
3474 1741 3643 1808 τιμήν
3665 1755 3677 1768 ·
3712 1739 3749 1810 ἢ

497 1835 660 1888 nibus
683 1835 960 1902 excipiunt
982 1853 994 1888 :
1025 1850 1090 1888 ex
1115 1836 1224 1889 illis
1254 1834 1559 1897 sciscitare,
1583 1833 1845 1903 quidnam
1869 1834 2067 1894 edocti,

2181 1804 2267 1880 καὶ
2297 1828 2414 1881 λίαν
2457 1804 2798 1897 ἀναισθήτως
2855 1804 2949 1880 ἐπὶ
2998 1829 3111 1889 τοῖς
3155 1804 3338 1892 καλοῖς
3385 1804 3750 1898 διακείμενος,

496 1941 613 1999 non.
651 1940 748 1994 pro
775 1925 894 1993 ejus
919 1926 1119 1994 speciei
1161 1925 1402 1980 sentiant
1433 1924 1670 1988 ratione,
1690 1941 1852 1994 quam
1889 1926 2073 1979 vident

493 2018 670 2072 oculis
705 2018 1041 2087 subjectam,
1071 2018 1165 2072 sed
1205 2018 1340 2072 adeo
1367 2019 1596 2073 eximios
1646 2019 1884 2074 honores
1920 2019 2068 2072 defe-

495 2115 640 2160 rant.
665 2105 819 2168 IIem,
848 2121 972 2160 cum
1009 2107 1263 2176 stupidus
1288 2107 1440 2162 valde
1464 2091 1566 2171 sis,~
1597 2123 1661 2162 ac
1687 2108 1874 2163 tardus
1907 2124 2070 2161 sensu

496 2197 562 2250 ad
612 2198 880 2262 honesta,
915 2197 1207 2250 admodum
1258 2207 1441 2252 tamen
1476 2199 1637 2253 velox
1679 2215 1743 2254 ac
1787 2201 2074 2268 expeditus

499 2288 833 2358 arripiendis
865 2288 1006 2341 male
1053 2288 1244 2357 agendi
1275 2289 1660 2344 occasionibus
1707 2290 1957 2344 exsistisl
2013 2290 2076 2342 Et

495 2382 566 2435 iis
617 2381 836 2447 quidem
871 2381 963 2450 qui
996 2379 1130 2449 Regi
1159 2380 1420 2434 honorem
1453 2381 1674 2443 habent,
1704 2380 1841 2434 nihil
1872 2380 2074 2436 videris

498 2476 764 2530 molestia:
797 2476 1032 2540 inferre;
1087 2477 1233 2529 nosti
1280 2477 1425 2528 enim
1463 2492 1568 2528 non
1618 2477 1686 2531 ab
1721 2477 1828 2529 alio
1852 2491 2013 2546 quam
2047 2491 2076 2528 a

499 2566 769 2634 superiori
812 2566 862 2619 vi
915 2567 1140 2619 edoctos
1203 2566 1608 2636 iinpulsosquc;
1660 2582 1830 2636 quare
1883 2567 1952 2621 ab
1995 2566 2077 2618 his

499 2659 766 2724 abstines,
817 2672 924 2710 non
980 2656 1237 2726 parcendi
1289 2657 1514 2722 studio,
1574 2657 1672 2712 sed
1728 2659 1871 2728 quod
1936 2658 2078 2713 scias

499 2765 607 2803 non
663 2765 786 2804 esse
837 2756 1054 2802 tuarum
1120 2749 1342 2812 virium,
1404 2758 1460 2802 ut
1506 2750 1618 2804 vim
1672 2765 1768 2806 eos
1813 2749 2079 2804 divinitus

499 2840 778 2893 amantem
825 2838 1086 2893 cohibeas
1126 2857 1139 2892 :
1179 2854 1243 2894 ac
1270 2853 1339 2892 ne
1371 2839 1415 2893 si
1448 2848 1632 2893 vetare
1662 2839 1882 2904 nitaris,
1917 2839 2081 2893 nihil-

501 2947 606 2998 que
651 2929 937 2984 molitione
985 2929 1270 2992 conficias,
1311 2940 1365 2984 tu
1421 2930 1537 3000 ipse
1567 2929 1826 3000 deinceps
1867 2931 1949 2985 vel
1997 2931 2080 2984 in-

502 3024 646 3076 vitus
703 3022 946 3084 fatearis,
1003 3022 1217 3075 laudem
1270 3021 1417 3074 illam
1476 3021 1744 3077 Salvatori
1795 3037 1823 3075 a
1873 3024 2080 3092 Spiritu

2175 1919 2515 1990 εὐαισθήτως
2541 1918 2688 1987 ἔχεις
2719 1918 2777 1970 ἐν
2811 1921 2930 1980 ταῖς
2952 1918 3060 1972 τῶν
3097 1919 3283 1971 κακῶν
3308 1921 3605 1989 ἀφορμαῖς.
3638 1921 3756 1974 Καὶ

2173 2013 2281 2074 τοῖς
2314 2013 2412 2078 μὲν
2442 2012 2676 2081 τιμῶσιν
2707 2011 2941 2080 ἐνοχλεῖν
2969 2012 3030 2063 οὐ
3055 2011 3229 2075 δοκεῖς
3258 2028 3271 2041 ·
3303 2007 3452 2076 οἶδας
3502 2013 3609 2084 γὰρ
3652 2013 3750 2083 οὐχ

2177 2105 2269 2172 ὐφ’
2299 2105 2489 2174 ἑτέρου
2522 2105 2667 2165 τινὸς
2703 2103 2735 2173 ἢ
2777 2102 2872 2156 τοῦ
2925 2103 3232 2172 κρείττονος
3275 2104 3370 2156 καὶ
3405 2103 3752 2174 διδαχθέντας

2176 2198 2268 2250 καὶ
2303 2196 2622 2267 κινηθέντας
2649 2213 2662 2226 ο
2703 2194 3031 2248 καὶτούτων
3087 2194 3184 2265 μὲν
3235 2195 3436 2267 ἀπέχῃ,
3463 2197 3523 2249 οὐ
3576 2197 3754 2266 φειδό-

2181 2304 2373 2357 μενος·
2425 2288 2538 2340 ἁλλ’
2578 2287 2737 2351 εἰδὼς
2790 2287 3048 2340 ἀδύνατον
3105 2287 3163 2340 ὅν
3215 2305 3297 2341 σοι
3347 2288 3623 2358 διακόψειν
3654 2289 3756 2356 τὴν

2178 2378 2383 2432 ἄνωθεν
2411 2379 2595 2442 αὐτοῖς
2653 2379 3059 2432 ἐπιπνεύσασαν
3085 2378 3312 2448 δύναμιν
3341 2396 3354 2408 ’
3403 2380 3499 2433 καὶ
3561 2380 3648 2432 ἵνα
3681 2381 3756 2450 μὴ

2179 2471 2411 2524 κωλύειν
2445 2471 2762 2542 ἐπιχειρῶν,
2795 2465 2916 2523 εἶτα
2955 2471 3120 2540 μηδὲν
3169 2470 3431 2533 ἐξανύων,
3485 2473 3632 2525 ἄκων
3665 2473 3756 2526 καὶ

2181 2562 2343 2622 αὐτὸς
2379 2565 2763 2634 μαρτυρήσῃς,
2796 2563 2899 2614 ὐπὸ
2932 2561 3024 2614 τοῦ
3055 2561 3372 2632 ΙΙνεύματος
3400 2563 3751 2634 ἐξειργάσθαι

2179 2652 2258 2722 τῷ
2288 2653 2501 2724 Σωτῆρι
2527 2654 2616 2706 τὸν
2647 2655 2886 2706 ἔπαινον.
2925 2653 2999 2704 Τὸ
3029 2651 3135 2721 γὰρ
3163 2653 3370 2706 ἁπαλὸν
3398 2653 3500 2724 τῆς
3522 2655 3760 2725 ἡλικίας,

2191 2745 2219 2798 ὃ
2251 2746 2513 2815 φοϐήσειν
2551 2748 2582 2816 ἡ
2635 2746 2702 2815 σὴ
2741 2747 2839 2798 οὐκ
2871 2745 3063 2815 ἔμελλε
3114 2746 3396 2817 θηριωδία,
3447 2748 3554 2800 οὐδ’
3602 2749 3764 2801 ἐκκό-

2182 2836 2301 2908 ψειν
2341 2838 2518 2892 αὐτῶν
2543 2840 2642 2909 τὴν
2678 2839 3019 2910 προαίρεσιν,
3062 2840 3217 2893 ταῦθ’
3241 2840 3386 2910 ἅπερ
3408 2835 3558 2891 εἷπον
3588 2841 3767 2908 ἠνάγ-

2182 2922 2317 2988 καζε
2371 2925 2466 2977 καὶ
2516 2927 2717 2979 ἄκοντα
2755 2931 3094 2998 μαρτυρεῖν·
3146 2927 3173 2980 ὂ
3221 2930 3284 2981 σύ
3331 2928 3451 2981 λίαν
3513 2928 3766 2992 ὑπούλως

2183 3016 2338 3080 νοῶν,
2376 3017 2615 3081 ἐκείνους
2643 3019 2742 3088 μὲν
2765 3020 3152 3090 παρατρέχεις,
3175 3019 3252 3090 τῷ
3281 3019 3325 3072 δ’
3349 3021 3631 3091 ὀχουμένῳ
3660 3022 3767 3090 μὲν

501 3121 694 3164 sancto
736 3109 906 3165 fuisse
947 3112 1356 3164 concinnamm.
1399 3110 1533 3164 Nam
1565 3114 1759 3167 tenella
1802 3113 1895 3167 illa
1923 3123 2076 3178 mtas,

2185 3110 2438 3177 εὐτελῶς,
2466 3113 2794 3184 ἑγνωσμένῳ
2823 3113 2879 3165 δὲ
2911 3112 3123 3182 βασιλεῖ
3146 3116 3258 3177 τοῖς
3292 3115 3402 3167 τῶν
3452 3115 3773 3185 εὐφημούν-

501 3216 664 3270 quam
691 3204 926 3269 agrestis
956 3208 1049 3253 tua
1081 3199 1270 3253 feritas
1305 3200 1529 3255 minime
1550 3212 1666 3254 erat
1692 3201 2078 3267 terrel'actura,

506 3308 572 3347 ac
606 3293 766 3362 cujus
800 3293 950 3347 nulla
993 3293 1208 3346 ratione
1244 3293 1521 3362 inceptum
1562 3302 1680 3347 erat
1721 3293 2080 3364 diremptura,

502 3388 623 3442 haec
685 3403 808 3457 quae
853 3386 998 3453 dixi,
1045 3399 1096 3442 te
1143 3387 1225 3440 vel
1285 3387 1514 3441 invitum
1574 3387 1733 3442 fateri
1793 3390 2021 3458 cogebat
2067 3408 2080 3442 ί

511 3479 677 3547 idque
724 3491 779 3532 tu
837 3480 1036 3533 callide
1081 3479 1376 3532 admodum
1434 3480 1900 3546 auimadvertens,
1960 3481 2082 3536 illos

505 3571 725 3641 quidem
771 3573 1041 3641 praeteris,
1101 3573 1167 3623 ad
1224 3572 1373 3626 illum
1407 3586 1534 3626 vero
1567 3572 1658 3640 qui
1691 3572 1783 3626 vili
1812 3581 2080 3642 apparatu

508 3665 918 3728 invehebatur,
968 3662 1194 3732 Rexque
1267 3663 1627 3720 nihilominus
1665 3679 1697 3718 a
1746 3665 2086 3719 laudantium

508 3758 676 3809 rectis
719 3756 895 3810 oculis
949 3756 1276 3809 intuentium
1321 3756 1480 3810 turba
1526 3757 1944 3825 agnoscebatur,
1978 3773 2086 3811 non

506 3852 625 3904 sine
664 3865 944 3905 murmure
988 3849 1236 3913 accedis,
1279 3849 1652 3920 hymnumque
1695 3851 1744 3906 ei
1782 3852 1837 3905 in
1880 3853 2087 3905 crimen

503 3942 692 3994 vertis.
717 3938 916 3993 Verum
943 3941 1094 3994 audit
1124 3955 1342 4007 pueros,
1364 3941 1458 4010 qui
1491 3941 1604 3996 hazc
1627 3942 1743 4011 ipsa
1767 3943 2088 4012 priusquam

511 4047 544 4085 n
587 4043 743 4085 utero
796 4031 1184 4094 formarentur,
1233 4037 1291 4084 ut
1327 4030 1517 4085 fierent
1566 4033 1880 4098 ordinavit;
1913 4033 2088 4096 audit,

513 4131 568 4176 et
617 4133 674 4176 ut
724 4123 954 4192 plurima
992 4123 1117 4186 alia,
1156 4125 1228 4176 ita
1261 4133 1316 4177 et
1356 4123 1457 4176 hoc
1502 4123 1622 4191 ipso
1666 4133 1863 4177 eventu
1911 4124 2096 4177 consi-

522 4215 726 4282 gnavit.
782 4211 827 4266 Ο
865 4223 934 4276 te,
961 4213 1055 4281 qui
1084 4213 1165 4266 vel
1202 4211 1422 4266 surdam
1456 4212 1702 4281 aspidem
1742 4213 1968 4268 auribus
1998 4215 2096 4268 oh-

2184 3219 2292 3256 των
2317 3202 2452 3274 ὀρθὰ
2479 3202 2784 3273 βλεπόντων
2811 3204 3134 3274 ὀφθαλμοῖς,
3160 3207 3438 3277 προσέρχῃ
3457 3205 3770 3273 γογγύζων,

2186 3294 2276 3345 καὶ
2314 3292 2403 3346 τὸν
2439 3293 2607 3364 ὐμνον
2646 3297 2946 3359 ἐπικαλεῖς.
2992 3297 3132 3349 Ἀλλ’
3156 3297 3343 3350 ἀκούει
3370 3297 3477 3350 τῶν
3529 3298 3770 3363 παίδων,

2189 3384 2366 3438 ταῦτα
2402 3388 2530 3456 πρὶν
2558 3388 2615 3440 ὲν
2650 3389 2834 3460 μήτρα
2858 3390 3166 3459 πλασθῆναι
3197 3391 3276 3453 εἰς
3332 3391 3400 3443 τὰ
3447 3388 3544 3442 νῦν
3580 3391 3776 3458 γιγνό-

2197 3493 2334 3546 μενα
2364 3478 2532 3544 τάξας
2555 3493 2571 3512 ⁸
2621 3480 2828 3543 ἀκούει,
2861 3481 2955 3534 καλ¹
3004 3479 3192 3550 ῶσπερ
3229 3480 3293 3550 δὴ
3346 3479 3553 3533 πλεῖσθ’
3580 3480 3772 3550 ἕτερα,

2184 3567 2329 3621 οὓτω
2360 3571 2452 3621 καὶ
2489 3569 2645 3622 τοῦτο
2685 3573 2975 3641 σφραγίζει
3007 3572 3097 3625 διὰ
3129 3572 3230 3640 τῆς
3256 3559 3556 3633 ἐκϐάσεως.
3597 3571 3660 3621 Ὦ
3692 3571 3768 3622 σὺ

2185 3659 2284 3728 τὴν
2315 3661 2504 3730 κωφὴν
2531 3661 2732 3716 ἀσπίδα
2757 3664 2920 3716 νικῶν
2956 3667 3013 3717 ἐν
3071 3663 3149 3735 τῷ
3195 3664 3349 3734 βύειν
3387 3663 3455 3716 τὰ
3485 3657 3620 3726 ὦτα,
3673 3663 3780 3714 καὶ

2187 3753 2254 3805 δι’
2288 3752 2346 3806 ἓν
2384 3755 2540 3808 τοῦτο
2572 3755 2812 3819 ἀκούσας
2868 3758 2983 3822 νῦν,
3041 3757 3107 3811 ἶν’
3165 3759 3576 3828 ἀγανακτήσῃς.
3616 3753 3779 3807 Τίθει

2192 3865 2282 3916 μοι
2347 3848 2478 3919 παρ’
2528 3849 2749 3920 ἐκείνην
2803 3852 2901 3914 τὴν
2949 3852 3168 3920 γραφὴν
3207 3851 3275 3904 τὰ
3314 3849 3638 3917 τελούμενα,
3702 3845 3778 3916 ἦς

2190 3939 2530 4011 θηλαζόντων
2565 3946 2850 4013 στομάτων
2895 3943 3098 4014 ἔμαθες
3146 3940 3294 3998 αἶνον
3345 3945 3603 4016 ᾄδεσθαιο
3667 3943 3782 3996 κᾶν

2207 4035 2281 4103 μὴ
2316 4035 2430 4086 κατ’
2471 4035 2688 4105 ἐκείνην
2718 4037 2848 4106 ὁρᾷς
2882 4036 3002 4106 ἕχον
3035 4037 3097 4089 τὸ
3143 4037 3331 4106 σχῆμα
3382 4034 3478 4088 τοῦ
3514 4035 3784 4102 πράγμα-

2202 4141 2315 4188 τος,
2348 4127 2687 4194 ἀγανάκτειο
2725 4130 2774 4180 εἰ
2804 4128 2848 4180 δ’
2881 4129 3196 4197 ἁπανταχοῦ
3246 4127 3307 4179 τὸ
3351 4128 3557 4196 ὅμοιον,
3608 4124 3784 4178 κατά-

2207 4214 2297 4278 θες
2328 4217 2555 4287 ἠρεμεῖν
2584 4219 2882 4290 ἐπιτρέψας
2903 4223 3015 4284 τοῖς
3036 4220 3366 4289 γογγύζουσι
3399 4219 3654 4290 χείλεσιν.

521 4306 772 4359 lurandis
815 4320 1062 4374 superas,
1112 4312 1166 4358 et
1215 4319 1280 4358 eo
1332 4306 1506 4359 solum
1565 4305 1670 4360 ﬁne
1721 4321 1868 4360 nunc
1898 4308 2084 4361 auditu
2124 4324 2184 4363 es
2228 4324 2382 4373 usus,
2419 4318 2475 4364 ut
2510 4315 2906 4367 succenseres!
2969 4315 3098 4367 Mihi
3151 4328 3214 4368 ea
3256 4330 3379 4382 quae
3441 4318 3791 4383 peraguntur
3871 4334 3884 4346 ι

505 4414 631 4451 cum
667 4413 729 4450 ea
760 4411 1028 4466 compone
1060 4396 1362 4465 Scriptura,
1395 4411 1517 4465 qua:
1546 4413 1613 4451 ex
1641 4411 1737 4452 ore
1771 4397 2063 4451 infantium
2116 4407 2171 4453 et
2217 4399 2536 4454 lactentium
2566 4412 2798 4458 testatur
2830 4405 2874 4436 ⁵³
2905 4405 3122 4459 laudem
3190 4405 3488 4472 perfectum
3529 4404 3594 4458 iri
3630 4422 3644 4458 :
3714 4418 3791 4458 ac

508 4494 613 4547 nisi
669 4507 795 4546 cum
844 4508 905 4546 ea
959 4508 1073 4546 rem
1116 4491 1287 4560 ipsam
1357 4507 1666 4562 congruere
1730 4495 2083 4562 compereris,
2124 4505 2256 4549 tunc
2299 4513 2632 4555 succenseas
2681 4500 2831 4556 licet.
2875 4502 2947 4555 At
3018 4502 3065 4557 si
3104 4501 3288 4556 omnia
3331 4514 3636 4556 consonare
3697 4498 3795 4550 vi-

505 4587 684 4651 deris,
724 4589 931 4656 impera
962 4585 1384 4640 mussitantibus
1421 4587 1529 4639 tuis
1564 4585 1733 4641 labris
1780 4587 2078 4642 silentium.

579 4677 766 4749 Neque
798 4680 931 4734 illud
976 4679 1094 4740 tibi,
1122 4680 1268 4748 quod
1309 4681 1420 4749 jam
1452 4689 1579 4736 ante
1605 4681 1768 4751 pedes
1811 4689 2080 4744 versatur,

2263 4676 2385 4732 Οὐδ’
2415 4678 2592 4730 ἐκεῖνο
2624 4675 2733 4746 ἄρα
2769 4693 2850 4728 σοι
2885 4675 3026 4729 κατὰ
3058 4675 3225 4740 πόδας
3278 4675 3572 4746 ἱστάμενον
3617 4673 3795 4745 εὔδη-

507 4771 716 4838 iiquet;
752 4772 890 4843 lapis
921 4773 1221 4835 nimirum,
1265 4775 1357 4844 qui
1403 4773 1582 4843 factus
1615 4783 1692 4829 est
1732 4776 1787 4827 in
1817 4783 1974 4843 caput
2001 4792 2089 4828 au-

508 4865 621 4934 guli
648 4863 714 4928 ⁵³,
750 4865 804 4918 in
838 4863 931 4919 illo
969 4866 1250 4920 insolubili
1289 4881 1352 4920 ac
1385 4882 1667 4934 nunquam
1705 4867 1923 4922 ruituro
1957 4867 2089 4921 tedi-

512 4956 656 5019 ficio,
688 4971 847 5024 quem
887 4957 1118 5025 lapidem
1150 4967 1205 5009 tu
1245 4957 1495 5026 imperite
1525 4957 1854 5026 reprobasti,
1902 4965 2088 5028 aptum

473 5047 663 5100 cilium
695 5061 758 5100 ac
786 5047 934 5099 omni
975 5059 1128 5116 parte
1162 5057 1537 5117 comparatum
1592 5049 1661 5102 ob
1691 5049 1892 5104 mentis
1933 5049 2092 5103 caeci-

511 5145 675 5189 tatem
719 5135 1032 5205 perspicere
1061 5152 1168 5188 non
1201 5137 1406 5202 valens,
1438 5153 1671 5208 eamque
1702 5138 1771 5192 ob
1806 5153 1920 5192 rem
1943 5154 1974 5192 a
1998 5149 2091 5192 tua

510 5229 690 5297 ipsum
717 5229 879 5282 domo
901 5229 1160 5283 amolitus
1177 5246 1258 5292 es,
1283 5230 1443 5298 cujus
1468 5231 1747 5300 putridum
1773 5230 2097 5286 fundamen-

2197 4778 2309 4835 λον,
2348 4771 2448 4842 ἤδη
2489 4768 2636 4838 πρὸς
2668 4769 2944 4838 κεφαλὴν
2971 4771 3187 4838 γωνίας
3205 4768 3304 4839 τῆς
3342 4769 3535 4823 ἀλύτου
3575 4767 3797 4821 οἰκοδο-

2202 4865 2308 4935 μῆς
2341 4855 2767 4933 γιγνομένου,οὗ
2803 4862 2869 4914 σύ
2909 4861 3056 4915 λίθου
3100 4862 3306 4931 φαύλου
3335 4857 3386 4914 εἷ
3435 4861 3797 4930 ἀποδοκιμα-

2202 4956 2368 5025 στὴς,
2418 4955 2480 5007 τὸ
2530 4953 2867 5023 πανταχόθεν
2945 4953 3110 5008 αὐτοῦ
3201 4953 3372 5020 δεξιὸν
3399 4951 3466 5005 δι’
3515 4952 3796 5020 ἁϐλειξὶαν

2200 5051 2424 5116 γνώμης
2458 5046 2584 5098 ἰδεῖν
2607 5046 2667 5098 οὐ
2702 5045 3000 5115 δυνάμενος
3031 5061 3047 5076 ο
3077 5045 3172 5098 καὶ
3209 5045 3297 5098 διὰ
3327 5043 3487 5097 τοῦτο
3513 5043 3795 5111 ἀδοκιμὰ-

2202 5137 2312 5201 ζων
2339 5137 2430 5190 τοῦ
2454 5137 2547 5190 σοῦ
2569 5139 2740 5200 οἴκου,
2765 5132 2826 5192 οὐ
2857 5137 2916 5190 τὸ
2942 5139 3139 5209 σαθρὸν
3168 5139 3292 5192 ὅσον
3331 5137 3391 5191 οὐ
3404 5155 3484 5190 πω
3529 5139 3559 5204 ἡ
3610 5135 3758 5187 κατά
3775 5167 3793 5175 -

2203 5230 2356 5292 λυσις
2391 5230 2804 5301 παραγινομένη
2828 5230 3039 5299 ἐλέγξει
3067 5248 3081 5262 ·
3113 5232 3193 5294 εἰς
3216 5231 3433 5284 αἰώνιον
3477 5228 3647 5298 ἄλλην
3688 5228 3800 5281 καὶ

2203 5323 2350 5374 θείαν
2369 5322 2537 5384 ὅντως
2555 5322 2841 5392 οἰκοδομὴν
2863 5323 2958 5376 τοῦ
2975 5323 3086 5376 ὲντί
3093 5342 3192 5392 μου
3211 5325 3304 5376 καὶ
3320 5320 3578 5375 ἐκλεκτοῦ
3601 5337 3673 5372 πα
3683 5335 3796 5391 ρα-

2199 5415 2612 5488 λαμὸανομένου
2667 5418 2814 5471 λίθου
2853 5435 2867 5450 ’
2917 5419 2984 5489 ἢν
3036 5417 3134 5473 καὶ
3177 5417 3504 5488 λαμπρύνας
3560 5415 3654 5470 τοῦ
3693 5414 3800 5468 αἵ-

513 5328 625 5373 tum
660 5322 905 5390 proxima
943 5320 1097 5374 ruina
1124 5330 1385 5391 coarguet
1419 5337 1579 5376 :cum
1607 5323 1745 5376 alter
1769 5324 1858 5378 ille
1890 5325 2094 5394 pretio-

513 5425 608 5466 sus
640 5426 704 5465 ac
743 5414 949 5467 electus
973 5413 1110 5483 lapis
1135 5413 1203 5465 ad
1223 5414 1616 5470 semaiternam
1655 5415 1818 5468 aliam
1871 5431 1935 5470 ac
1966 5430 2093 5470 vere

584 5567 626 5597 ἰ
663 5565 853 5620 Matth.
881 5584 996 5631 xxi,
1029 5569 1114 5623 l6.
1177 5571 1221 5602 δ’
1242 5569 1388 5627 Psal.
1426 5585 1541 5638 vni,
1570 5581 1626 5630 5.
1691 5570 1740 5605 ³³
1772 5569 1919 5625 Psal.
1949 5586 2116 5634 cxvii,
2139 5569 2232 5625 22.

1803 5681 2036 5741 VARIAﬂ
2083 5683 2489 5742 LECTIONES.

589 5776 618 5815 λλ
647 5772 912 5827 συνιέναι.
