4072 6448
437 329 511 392 59
1321 319 1600 382 ORATIO
1641 320 1767 380 VII.
1799 348 1865 356 -υ-
1901 315 1978 377 ΙΝ
2019 315 2316 378 FESTUM
2350 312 2794 377 PALMARUM.
3612 314 3684 380 70

441 451 612 506 ματος
645 436 709 504 τῇ
739 432 908 503 βαφῇ,
937 433 1016 494 εἰς
1040 426 1185 486 οἷκον
1215 430 1368 500 ἅγιον
1407 431 1593 485 ἁνύσει
1636 430 1713 500 τῷ
1758 428 1875 499 Θεῷ
1919 428 2016 483 καὶ

2135 431 2357 485 livinam
2397 437 2731 485 structuram
2779 433 3130 489 assumatur,
3172 438 3335 496 quam
3383 432 3438 482 et
3477 430 3684 498 proprii

440 531 634 600 Πατρὶ,
663 527 772 579 τῶν
791 527 926 595 πρὶν
957 526 1035 587 είς
1070 523 1218 576 οὐδὲν
1248 522 1556 594 χρησίμων,
1609 522 1706 576 καὶ
1737 522 2015 592 ἀπερριμ-

438 622 623 693 μένων
653 617 1050 688 συναχθέντων,
1085 615 1179 668 καὶ
1214 615 1394 678 καλῶς
1419 617 1476 668 ἐν
1505 614 1652 685 αὐτῷ
1679 612 2019 683 ἁρμολογου-

439 714 648 784 μένων,
687 711 780 764 καὶ
824 708 918 761 σοῦ
969 710 1069 778 μὲν
1112 709 1602 778 ἀπορρηγνυμένου
1650 707 1744 761 καὶ
1786 704 2019 759 καταπί-

437 823 711 870 πτοντος,
737 803 849 857 τῶν
877 803 934 855 δὲ
986 803 1362 872 ἀνισταμένων
1407 803 1504 856 καὶ
1533 796 1621 855 οἷα
1674 800 1890 871 νύμφης
1943 797 2021 868 τῷ

438 903 594 973 καλῷ
655 898 1194 972 προσαρμοζομένων
1256 898 1495 969 νυμφίῳ.
1571 892 1665 961 Οἷς
1744 897 1840 950 καὶ
1901 896 2022 950 λίαν

439 996 814 1066 συμϐαίνοντα
847 993 1085 1063 σήμερον
1121 992 1313 1060 ὁρᾶται
1339 991 1436 1044 τοῦ
1470 992 1751 1060 προφήτου
1797 990 1864 1042 τὰ
1921 989 2020 1059 ρή-

439 1105 614 1160 ματα.
640 1086 855 1156 χαίρειν
884 1083 1323 1155 προτρεπομένου
1367 1081 1458 1135 τοῦ
1509 1082 1729 1154 πραέως
1781 1098 2022 1151 παραγι-

440 1181 712 1250 γνομένου
767 1177 1068 1240 Βασιλέως,
1105 1175 1198 1228 καὶ
1247 1175 1346 1243 τὴν
1396 1173 1701 1246 παρουσίαν
1749 1174 1914 1243 τιμᾷν
1953 1174 2020 1241 τῇ

440 1273 787 1344 φαιδρότητι.
819 1271 930 1325 Καὶ
970 1267 1150 1339 μέντοι
1204 1284 1267 1334 γε
1311 1268 1405 1321 καὶ
1455 1269 1667 1320 συνιᾶσι
1709 1264 1802 1318 τοῦ
1857 1267 2025 1334 κήρυ-

442 1387 561 1436 κος,
592 1371 688 1424 καὶ
713 1369 942 1438 ἄσμενοι
971 1368 1061 1420 τὸν
1092 1368 1175 1434 ἐφ’
1215 1362 1258 1434 ᾧ
1294 1367 1464 1419 σῶσαι
1489 1366 1902 1436 παραγεγονότα
1933 1365 2023 1417 δε-

444 1465 686 1534 χόμενοι,
716 1461 1011 1532 τέρπονται
1040 1459 1226 1529 τέρψιν
1252 1459 1418 1521 ὅντως
1440 1459 1707 1529 ἠδυτάτην
1737 1474 1796 1509 τε
1825 1456 1918 1510 καὶ
1964 1457 2024 1508 οὐ

444 1553 720 1624 λήγουσαν
756 1569 772 1585 ο
801 1551 1033 1622 λαμπρᾷ
1059 1552 1153 1605 καὶ
1179 1553 1400 1624 γλώσσῃ
1429 1553 1520 1605 καὶ
1580 1555 1732 1623 φωνῇ
1776 1551 2023 1621 βοῶντες,

450 1643 612 1707 ἃτοῖς
659 1643 831 1698 πάλαι
871 1642 1239 1714 θεορῤήμοσιν
1280 1647 1357 1707 εἰς
1420 1644 1488 1697 τὰ
1530 1643 1776 1714 παρόντα
1826 1659 2028 1713 προαψ

447 1736 702 1808 εφωνήθη
723 1752 740 1768 ο
769 1735 1193 1805 Εὐλογημένος
1222 1732 1295 1800 εἷ,
1326 1739 1357 1789 ὁ
1375 1736 1698 1805 ἐρχόμενος
1721 1735 1790 1788 ἐν
1810 1735 2026 1803 ὀνόμα-

2120 523 2404 593 sanguinis
2431 522 2641 591 liquore
2672 520 2932 590 praeclare
2949 521 3196 576 tinctam.
3228 519 3282 572 in
3305 519 3526 574 domum
3553 535 3686 575 san-

2119 629 2262 670 ctam
2289 616 2399 670 Deo
2421 625 2476 668 et
2506 615 2652 668 Patri
2696 611 3109 682 perliciet:iis,
3157 628 3276 680 quae
3335 623 3495 668 antea
3540 613 3690 683 abje-

2121 721 2207 764 eta
2239 723 2303 762 ac
2347 707 2550 760 nullius
2577 706 2850 761 commodi
2877 713 3054 767 erant,
3086 704 3456 774 congregatis,
3478 719 3543 758 ac
3571 707 3693 774 pul-

2120 801 2252 855 chre
2277 801 2330 854 in
2368 799 2488 870 ipso
2543 799 2966 868 coagmentatis,
2999 805 3053 852 te
3092 797 3311 867 quidem
3348 797 3601 853 diffracto
3637 809 3693 853 et

2121 896 2188 950 ad
2220 897 2328 949 ima
2351 896 2600 970 detruso,
2637 893 2868 948 hisvero
2889 894 3162 956 excitatis,
3196 907 3260 947 ac
3285 893 3458 948 instar
3477 905 3694 960 sponsae

2121 985 2492 1053 pulcherrimo
2527 999 2730 1055 sponso
2774 985 3104 1053 conjunctis.
3135 982 3350 1050 Quibus
3392 984 3556 1039 etiam
3590 985 3682 1038 ho-

2122 1077 2312 1130 dierna
2350 1075 2509 1130 valde
2548 1083 2858 1145 congruunt
2882 1075 3160 1145 prophetae
3190 1075 3355 1130 verba
3385 1074 3453 1140 “,
3490 1075 3692 1145 quibus

2123 1169 2392 1223 mansueti
2411 1167 2576 1240 Regis
2606 1168 2835 1223 adventu
2869 1169 3106 1239 gaudere
3123 1176 3328 1234 monet,
3361 1184 3424 1223 ac
3451 1184 3696 1239 praesen-

2124 1260 2254 1313 tiam
2274 1260 2398 1314 laeto
2429 1261 2717 1328 splendore
2741 1261 3029 1314 honorare.
3065 1258 3208 1313 Sane
3224 1274 3353 1314 vero
3376 1260 3540 1315 etiam
3556 1273 3694 1329 prae-

2111 1353 2279 1407 conis
2319 1366 2508 1405 vocem
2543 1351 2872 1419 intelligunt,
2905 1350 3252 1419 libentesque
3289 1364 3356 1404 eo
3390 1351 3694 1404 adventan-

2128 1456 2233 1499 tem
2268 1443 2373 1498 fine
2401 1443 2768 1512 suscipientes
2810 1451 2866 1494 ut
2887 1441 3122 1496 salutem
3144 1439 3415 1504 conferat,
3449 1442 3692 1496 delecta-

2126 1538 2275 1592 tione
2337 1553 2463 1592 vere
2531 1536 2861 1591 suavissima
2928 1548 2991 1588 ac
3072 1548 3354 1603 nunquam
3409 1543 3695 1589 cessatura

2129 1627 2540 1700 perfunduntur
2577 1644 2590 1680 :
2618 1628 2874 1695 claraque
2910 1636 3022 1679 tum
3070 1625 3277 1695 lingua,
3307 1634 3421 1679 tum
3447 1641 3602 1688 voce,
3631 1642 3698 1681 ea

2127 1722 2367 1775 clan‘tant
2398 1733 2521 1786 quae
2552 1730 2580 1770 a
2613 1717 2814 1771 divinis
2837 1716 2965 1770 olim
2996 1715 3382 1784 interpretibus
3405 1716 3458 1768 in
3482 1724 3696 1784 tempus

447 1846 505 1882 tt
537 1806 763 1897 κυρίου
789 1843 806 1860 ⁸
838 1827 1090 1881 ὠσαννὰ
1108 1828 1177 1879 ἐν
1213 1826 1338 1892 τοῖς
1382 1827 1685 1894 ὑψίστοις.
1717 1825 2028 1894 Εὐλογημέ-

2135 1826 2373 1882 praesens
2397 1812 2612 1865 fuerant
2650 1810 2909 1878 praedicta
2945 1825 2959 1861 :
2991 1806 3306 1860 Benedictus
3339 1823 3391 1860 es
3430 1807 3520 1876 qui
3554 1807 3698 1860 venis

449 1937 540 1985 νος
561 1916 634 1985 εἶ,
655 1923 686 1974 ό
704 1919 909 1992 ῥήματι
933 1918 1126 1989 σχίσας
1146 1919 1243 1988 τὴν
1267 1918 1360 1970 τοῦ
1392 1917 1520 1990 ᾅδου
1543 1918 1806 1987 γαστέρα,
1835 1917 1928 1969 καὶ
1949 1933 2033 1968 τε·

451 2011 770 2082 τραήμιρον
800 2011 890 2063 τὸν
927 2011 1082 2078 φίλον
1108 2009 1182 2072 ὼς
1213 2011 1271 2075 ἐξ
1297 2010 1462 2062 ὕπνου
1493 2009 1733 2078 ἐγείρας.
1790 2008 2031 2079 Εὐλογη-

462 2102 623 2170 μένος
643 2095 900 2162 εῐ,ὸάνω
941 2103 1040 2171 μὲν
1094 2100 1424 2171 θεοπρεπῶς,
1463 2099 1780 2171 Χερουϐικῷ
1825 2100 2030 2170 ἅρματι

466 2192 830 2263 ἐποχούμενος
849 2209 865 2224 ·
893 2196 1034 2248 κάτω
1055 2193 1099 2247 δ’
1134 2193 1207 2256 ὡς
1231 2193 1326 2246 ἄνθ
1337 2210 1516 2263 ρωπος
1539 2194 1631 2245 ἐπὶ
1668 2190 1852 2244 πώλου
1906 2191 2030 2244 ὄνου

478 2286 540 2336 ὲν
558 2283 766 2338 εὐτελεῐ
795 2275 1085 2354 καθήμενος
1110 2285 1375 2354 σχήματι.
1427 2284 1804 2354 Εὐλογημένος
1857 2279 1928 2348 εἶ,
1968 2275 2030 2336 οὗ

475 2374 611 2446 ᾅδης
639 2377 740 2445 μὲν
755 2375 852 2444 νῦιζ
870 2377 1130 2448 ἑτρόμαξε
1180 2377 1277 2446 τὴν
1329 2375 1512 2446 φωνὴν
1547 2375 1788 2438 ἀκούσας
1823 2389 1838 2402 ⁸
1893 2375 2032 2445 μετὰ

466 2469 644 2538 βραχύ
692 2469 747 2522 δὲ
786 2469 1183 2539 νεκρωθήσεται
1226 2468 1624 2538 ὑποδεξάμενος
1675 2469 1752 2530 ὼς
1807 2468 2026 2538 νεκρόν.

461 2560 836 2630 Εὐλογημένος
858 2556 931 2622 εἴ,
956 2560 1050 2614 τοῦ
1085 2561 1314 2614 Θανάτου
1338 2561 1650 2631 ἁναιρέτης,
1712 2561 1741 2611 ὀ
1783 2559 1881 2630 τὴν
1929 2559 2032 2623 ζω-

457 2651 529 2720 ὴν
560 2635 946 2720 ἐξαστράπτων
977 2668 991 2682 ο
1027 2653 1055 2705 ὁ
1084 2650 1160 2721 τῷ
1188 2651 1464 2720 πλάσματι
1512 2651 1642 2704 ἰδίου
1667 2650 1920 2717 σταγόσιν
1946 2649 2032 2702 αἵ-

461 2757 630 2810 ματος
684 2740 957 2812 βοηθήσας
997 2757 1010 2772 ⁶
1057 2743 1085 2793 ὁ
1150 2742 1346 2796 πάθεσι
1380 2745 1494 2805 τοῖς
1531 2745 1642 2804 σοῖς
1681 2743 1773 2795 τὸν
1801 2743 2033 2804 ἀνιάτως

456 2834 733 2903 πάσχοντα
761 2833 1126 2906 θεραπεύσας.
1163 2835 1539 2905 Εὐλογημένος
1570 2830 1640 2896 εἶ,
1674 2835 1701 2887 ὁ
1736 2834 1902 2887 πάλαι
1935 2834 2033 2902 μὲν

451 2926 513 2976 ὲν
536 2923 782 2996 Βηθανία⁵
807 2926 912 2978 ὑπὸ
936 2925 1047 2977 τῶν
1065 2925 1271 2978 παίδων
1299 2925 1657 2996 ὑμνούμενος,
1706 2923 1802 2978 νῦν
1854 2925 1901 2978 δ’
1954 2926 2031 2988 εἰς

451 3015 634 3072 πάντα
659 3015 730 3070 τὰ
750 3017 965 3087 πέρατα
987 3017 1435 3088 δοξολογούμενος
1470 3033 1485 3047 '
1532 3019 1560 3070 ὁ
1612 3019 1711 3086 τὴν
1759 3018 2034 3086 ἡμετέραν

451 3110 745 3181 ἀσχήμονα
769 3112 986 3182 μορφὴν
1012 3111 1203 3181 εὐδοκή
1213 3128 1308 3175 σας
1325 3109 1709 3176 ἀναλαϐέσθαι,
1733 3111 1819 3162 ἵνα
1833 3111 1921 3163 διὰ
1934 3111 2034 3178 τῆς

2130 1905 2186 1956 in
2221 1901 2429 1955 nomine
2453 1899 2711 1960 Domini;
2742 1899 2980 1950 hosanna
3012 1897 3068 1949 in
3110 1897 3330 1949 excelsis
3352 1897 3418 1947 ⁸⁵.
3461 1895 3698 1950 Benedi-

2131 2003 2254 2050 ctus
2283 1992 2478 2062 es,qui
2510 1992 2684 2046 verbo
2715 1989 2916 2044 inferni
2946 1997 3194 2044 ventrem
3227 1988 3543 2054 scidisti,ac
3563 1989 3700 2042 arni-

2131 2101 2253 2141 cutn
2288 2083 2713 2154 quatriduanum
2739 2079 2896 2149 quasi
2913 2096 2979 2134 ex
3004 2095 3198 2134 somno
3231 2079 3698 2154 excitasti.Beue-

2131 2179 2315 2231 dictus
2343 2191 2426 2238 es,
2458 2173 2552 2244 qui
2584 2172 2899 2227 Cherubico
2935 2186 3123 2235 curru,
3153 2178 3212 2224 ut
3236 2169 3406 2225 Deum
3435 2171 3614 2232 decet,
3642 2171 3697 2226 in

2130 2267 2284 2321 cmlis
2335 2265 2642 2328 iuveheris;
2686 2264 2888 2332 quique
2938 2261 3084 2331 pullo
3126 2261 3292 2325 asini,
3348 2260 3440 2314 vili
3484 2261 3700 2324 habitu,

2133 2360 2382 2414 insidens
2418 2358 2470 2412 in
2504 2366 2646 2412 terra
2691 2355 3046 2424 cOnSpiceris.
3082 2353 3404 2408 Benedictus
3432 2369 3512 2418 es,
3542 2354 3702 2422 cujus

2132 2468 2280 2507 nunc
2321 2452 2542 2522 quidem
2599 2450 2781 2503 audita
2822 2462 2955 2504 voce
3017 2447 3356 2503 contremuit
3407 2445 3701 2508 infernus;

2133 2543 2274 2598 idem
2322 2545 2437 2611 ipse
2478 2542 2629 2597 brevi
2662 2542 3010 2612 postmodum
3049 2541 3422 2610 perimendus,
3472 2554 3597 2592 cum
3643 2548 3704 2592 ut

2132 2647 2410 2690 mortuum
2445 2645 2496 2689 te
2521 2635 2844 2703 susceperit.
2873 2633 3199 2687 Benedictus
3219 2647 3300 2696 es,
3336 2632 3529 2687 tuortis
3555 2634 3705 2687 occi-

2133 2744 2248 2791 sor,
2287 2727 2410 2781 vitae
2441 2727 2734 2795 splendens
2764 2726 3026 2794 fulgores,
3056 2726 3147 2794 qui
3184 2726 3444 2796 figmento
3476 2726 3549 2778 tui
3585 2732 3708 2794 gut-

2136 2821 2208 2875 tis
2257 2819 2542 2890 sanguinis
2581 2832 2739 2887 Opem
2793 2818 3018 2881 tuleris;
3059 2816 3152 2886 qui
3196 2817 3547 2884 passionibus
3598 2817 3707 2869 tuis

2133 2929 2256 2967 eum
2282 2911 2587 2974 curaveris,
2620 2909 2781 2979 cujus
2810 2919 2956 2964 esset
2999 2909 3226 2964 morbus
3267 2909 3563 2978 passioque
3601 2910 3707 2961 im-

2134 3003 2495 3059 medicabilis.
2523 3001 2850 3056 Benedicws
2879 3015 2959 3066 es,
2992 3002 3083 3070 qui
3114 3001 3241 3055 olim
3270 3001 3491 3070 quidem
3514 3016 3543 3053 a
3571 3015 3708 3069 puec

2135 3097 2212 3151 ris
2240 3097 2296 3149 in
2326 3095 2586 3149 Bethania
2618 3094 2788 3148 fueris
2817 3093 3128 3148 celebratus
3152 3134 3167 3160 ,
3201 3107 3348 3147 nunc
3377 3107 3507 3146 vero
3531 3091 3707 3145 omni-

813 3178 894 3266 είς
931 3178 992 3255 τὸ
1015 3178 1228 3273 πρῶτον
1259 3202 1452 3266 κάλλος
1479 3203 1541 3256 τὸ
1566 3204 1836 3274 ἡμέτερον
1867 3203 2034 3274 ἄσχη-

2138 3189 2240 3243 bus
2271 3195 2541 3242 terrarum
2567 3186 2879 3255 ,ditionibus
2910 3186 3241 3252 decanteris,
3277 3184 3371 3254 qui
3406 3184 3708 3238 deformem

459 3309 563 3363 μον
588 3280 956 3364 μεταίοιηθῇ.
1005 3295 1063 3347 '0
1092 3296 1185 3347 καὶ
1215 3294 1490 3366 ἡμετέραν
1519 3294 1834 3366 προσένεξιν
1869 3295 2032 3362 πώλῳ

457 3384 556 3438 καὶ
579 3385 742 3438 παισὶ
784 3385 1138 3456 σχηματίζων
1175 3387 1366 3451 πάλαι,
1395 3386 1474 3457 τῷ
1506 3387 1604 3456 μὲν
1640 3387 1782 3459 κάθῃ
1804 3427 1817 3449 ,
1865 3386 1932 3439 τὰ
1977 3386 2034 3439 δὲ

454 3476 770 3547 διοικονομῇ
825 3477 1011 3547 φέρειν
1069 3494 1151 3529 σοι
1197 3477 1295 3548 τὴν
1333 3478 1626 3548 εὐφημίαν.
1685 3479 1764 3531 Δι’
1816 3473 1890 3531 ὧν
1927 3479 2034 3548 γὰρ

455 3564 610 3635 ἡμᾶς
668 3563 894 3634 ἔμελλες
960 3567 1332 3634 προσάγεσθαι
1384 3567 1579 3638 ἀλογίᾳ
1628 3567 1898 3637 βιοῦντας,
1943 3570 2036 3622 καὶ

456 3655 562 3726 τῆς
593 3655 878 3720 εὐσεϐείας
904 3657 1123 3728 θρέψειν
1157 3659 1236 3728 τῷ
1283 3659 1546 3726 γάλακτι,
1583 3660 1792 3723 τούτοις
1840 3661 1901 3713 τὸ
1940 3680 2038 3730 μυ-

458 3749 684 3819 στήριον
738 3749 1115 3818 σχηματίζεις.
1184 3751 1344 3804 Ἀλλά
1390 3767 1456 3819 γε
1521 3752 1780 3821 παγκάλη
1848 3751 2039 3820 χορεία

453 3844 572 3898 τῶν
595 3844 865 3913 θεολόγων
893 3847 1102 3916 νηπίων
1127 3848 1454 3916 παραστᾶσα
1485 3847 1563 3917 τῷ
1593 3847 1888 3917 Πνεύματι,
1917 3863 2040 3899 συν-

459 3937 692 4010 εόρταζε
720 3942 818 3994 καὶ
842 3940 1176 4010 συνεργάζου
1225 3940 1324 4011 τὴν
1361 3940 1661 4010 εὐφημίαν.
1729 3940 1902 3992 Πάλαι
1940 3941 2039 4007 μὲν

465 4033 572 4104 τὰρ
638 4033 751 4086 τῶν
807 4033 1098 4100 φονώντων
1158 4033 1542 4104 πρεσϐυτέρων
1591 4031 2042 4102 στηλιτευομένης

475 4121 568 4190 τῆς
623 4123 1070 4195 φρενοϐλαϐείας.
1116 4119 1198 4183 οἷς
1252 4125 1344 4177 ἐπὶ
1391 4125 1482 4177 τὸν
1505 4124 1686 4178 πῶλον
1727 4123 1820 4176 τὸν
1860 4122 2043 4192 πραῢν

473 4211 759 4284 ὀχούμενον
789 4215 1011 4281 ἐτιμᾶτε
1039 4214 1295 4275 Βασιλέα,
1345 4215 1546 4286 ἁκονᾷν
1601 4215 1841 4268 ἐδοκεῖτε
1899 4213 2044 4283 πρὸς

468 4304 769 4377 θεομαχίαν
798 4306 925 4370 τοὺς
954 4308 1198 4376 σφαγέας
1243 4309 1362 4371 ταῖς
1412 4308 1708 4378 ὑμετέραις
1763 4306 2045 4375 γλυκείαις

459 4399 652 4472 ᾠδαῖς,
687 4401 1207 4471 στενοχωρουμένων
1251 4401 1359 4456 τῶν
1382 4401 1595 4471 πικρῶν
1627 4400 1865 4469 καρδιῶν
1895 4415 1909 4430 ο
1950 4398 2046 4452 νῦν

461 4493 526 4548 δὲ
551 4491 862 4564 γογγυστὴς
923 4493 1119 4557 οὐδεὶς,
1154 4493 1264 4546 οὐδ’
1291 4494 1401 4550 ἐπὶῖ
1441 4495 1549 4556 τοῖς
1610 4492 1798 4563 ὕμνοις
1855 4493 2046 4546 δακνό-
2070 4529 2124 4590 D

465 4601 630 4657 μενος
648 4625 664 4651 ,
696 4584 818 4638 οὐδὲ
846 4585 1097 4656 χρώματι
1122 4585 1428 4657 σκυθρωπῷ
1452 4587 1549 4656 τῆς
1595 4587 1787 4656 ἑορτῆς
1811 4586 1872 4639 τδ
1911 4603 2036 4653 φαι-

460 4676 593 4746 δρὸν
617 4677 914 4748 ἐνυϐρίζων
943 4694 955 4707 ·
989 4677 1124 4730 ἀλλὰ
1168 4680 1482 4748 πρέπουσαν
1538 4677 1753 4747 ἀληθῶς
1794 4677 2039 4749 Δεσπότῃ

459 4769 806 4832 δεικνύοντες
834 4770 932 4839 τὴν
959 4771 1288 4834 συνέλευσιν,
1323 4770 1419 4824 καὶ
1461 4770 1537 4839 τῷ
1575 4773 1769 4841 νικητῇ
1797 4770 1890 4822 τοῦ
1950 4770 2042 4822 θα-

462 4863 635 4917 νάτου
655 4863 747 4916 καὶ
774 4862 978 4936 διώκτῃ
1004 4864 1102 4932 τῆς
1159 4861 1639 4931 σκυθρωπότητος,
1699 4861 1900 4932 φαιδρᾷ
1947 4861 2045 4912 καὶ

463 4955 671 5026 καρδίᾳ
713 4955 808 5010 καὶ
847 4954 1066 5026 γλώσσῃ
1118 4954 1546 5025 προστρέχοντες
1584 4969 1598 4985 ο
1661 4953 2047 5023 συγχαίροντες

467 5050 597 5119 μὲν,
618 5047 746 5119 ἄρτι
784 5047 1119 5118 ρίψαντιτὴν
1159 5049 1223 5100 ὲκ
1268 5047 1440 5115 τάφου
1473 5045 1734 5099 δυσωδίαν
1775 5043 1855 5115 τῷ
1907 5043 2046 5114 φίλῳ

465 5141 733 5210 Λαζάρῳ,
769 5141 863 5195 καὶ
880 5140 979 5209 τὴν
1016 5139 1203 5210 κοινὴν
1231 5139 1326 5194 τοῦ
1371 5141 1562 5208 γένους
1590 5138 1897 5207 ἀφθαρσίαν
1945 5154 2048 5204 μυ-

558 5320 605 5351 ³³
639 5317 810 5372 Zach.
848 5333 922 5383 Ix,
949 5317 1005 5372 9.
1081 5319 1128 5351 ⁵⁸
1163 5317 1296 5371 Luc.
1333 5334 1442 5382 xix,
1494 5318 1584 5372 58.

2137 3291 2382 3336 nostram
2416 3280 2647 3334 formam
2676 3294 2960 3334 assumere
2990 3279 3244 3348 dignatus
3273 3279 3374 3342 sis,
3405 3286 3464 3330 ut
3511 3278 3710 3332 decore

2137 3384 2384 3430 nostram
2413 3373 2818 3428 deformitatem
2841 3371 2955 3442 (24)
2985 3371 3052 3425 ad
3080 3373 3316 3440 priorem
3368 3382 3708 3427 venustatem

2136 3470 2432 3524 reduceres
2483 3489 2497 3523 :
2558 3469 2649 3538 qui
2691 3468 2855 3522 etiam
2915 3475 3164 3522 nostram
3206 3465 3586 3520 reductionem
3645 3479 3711 3517 ac

2138 3562 2602 3624 conciliationem,
2653 3559 2790 3628 pulli
2829 3558 2961 3612 olim
2997 3572 3062 3612 ac
3109 3571 3404 3626 puerorum
3448 3555 3711 3626 symbolis

2138 3655 2453 3724 designans,
2486 3655 2642 3708 alteri
2671 3652 2892 3722 quidem
2934 3649 3141 3705 insides
3167 3689 3181 3715 ,
3215 3648 3315 3704 hos
3343 3664 3470 3703 vero
3508 3656 3567 3702 ut
3597 3649 3713 3701 lau-

2139 3749 2236 3802 des
2277 3747 2376 3802 tibi
2419 3747 2737 3810 concinant,
2785 3743 3041 3814 impellis.
3087 3743 3245 3809 Quod
3285 3743 3430 3798 enim
3470 3757 3591 3807 nos,
3654 3742 3709 3796 in

2140 3839 2285 3894 bruti
2312 3852 2518 3892 morem
2564 3837 2733 3889 vitam
2773 3845 3016 3904 agentes,
3053 3834 3446 3888 conciliaturus
3469 3847 3622 3887 esses
3647 3847 3712 3886 ac

2140 3929 2365 4000 pietatis
2385 3928 2522 3982 lacte
2552 3927 2885 3989 nutriturus,
2921 3925 3072 3980 hisce
3113 3925 3361 3992 utrisque
3391 3924 3712 3994 mysterium

2143 4019 2463 4076 adumbras.
2493 4017 2611 4081 Ast,
2651 4031 2684 4071 ο
2723 4015 3090 4085 pulcherrime
3122 4013 3391 4067 infantum
3434 4013 3713 4081 theologo-

2145 4130 2266 4169 rum
2306 4122 2502 4177 costus,
2553 4112 2887 4177 chorusque,
2936 4108 3029 4179 qui
3084 4105 3294 4177 Spiritu
3335 4105 3570 4166 assistis,
3603 4120 3712 4158 una

2143 4209 2434 4263 nobiscum
2491 4205 2680 4260 laudes
2729 4203 2944 4258 celebra
3002 4211 3166 4271 atque
3229 4201 3522 4255 concinna.
3575 4198 3713 4253 Nam

2145 4302 2274 4356 olim
2312 4299 2531 4368 quidem
2570 4299 2850 4353 seniorum
2898 4295 3100 4350 caedem
3156 4293 3481 4362 spirantium
3527 4301 3716 4346 notata

2148 4393 2367 4464 publice
2419 4391 2661 4455 vesania,
2705 4390 2852 4460 quod
2900 4388 3051 4460 pullo
3097 4397 3308 4442 vectum
3367 4394 3713 4440 mansuetum

2152 4485 2350 4556 Regem
2381 4484 2590 4538 honore
2636 4482 2912 4547 coleretis,
2941 4480 3197 4535 dulcibus
3228 4478 3458 4533 canticis
3515 4478 3714 4532 vestris

2149 4578 2438 4642 siccarios,
2468 4585 2528 4630 ut
2555 4575 2790 4630 infensis
2823 4576 2878 4629 in
2904 4573 3070 4628 Deum
3102 4572 3304 4626 animis
3335 4581 3523 4624 essent
3567 4585 3715 4623 eunt-

2143 4689 2249 4743 que
2283 4679 2685 4742 oppugnarent,
2712 4669 2814 4722 visi
2835 4669 2968 4722 estis
2990 4666 3253 4729 excitare,
3281 4663 3536 4717 nimirum
3556 4675 3716 4715 coan-

2144 4766 2378 4836 gustatis
2408 4777 2595 4818 amaro
2631 4761 2756 4817 felle
2782 4775 2972 4816 eorum
3000 4757 3312 4827 pectoribus
3339 4771 3354 4818 ;
3390 4768 3537 4808 nunc
3587 4768 3716 4807 vero

2147 4861 2302 4915 abest
2326 4858 2504 4913 omnis
2535 4865 2925 4916 murmurator,
2949 4865 3052 4905 nec
3080 4856 3163 4903 est
3197 4848 3288 4918 qui
3316 4848 3502 4902 laudes
3527 4847 3716 4915 iniquo

2151 4953 2334 5005 animo
2387 4948 2526 5004 ferat
2569 4965 2582 5001 :
2631 4961 2793 5001 nemo
2827 4952 2933 5008 est,
2980 4942 3074 5011 qui
3130 4942 3249 4996 festi
3296 4939 3470 4993 laetam
3519 4935 3714 4990 facient

2157 5042 2302 5097 tristi
2337 5056 2403 5096 ac
2453 5040 2645 5094 tetrica
2676 5039 2861 5106 specie
2892 5034 3091 5103 injuria
3117 5032 3313 5086 alliciat
3350 5048 3364 5084 :
3398 5027 3494 5084 sed
3525 5041 3716 5082 omnes

2157 5152 2241 5201 ea,
2273 5149 2380 5206 qua
2411 5135 2568 5189 decet
2597 5131 2903 5194 alacritate,
2932 5129 2987 5182 in
3015 5125 3230 5182 Domini
3261 5121 3488 5192 gratiam
3513 5133 3716 5175 conve-

1976 5405 2207 5462 NOTAS.

545 5514 659 5584 (24)
697 5511 953 5567 Nostram
993 5510 1407 5580 deformitatem.
1443 5507 1547 5584 -Τδ
1573 5506 1844 5584 ἡμέτερον
1874 5502 2047 5584 ἄσχηξ

471 5577 598 5657 μον.
633 5583 798 5657 Plane
819 5585 1018 5657 animae
1045 5577 1070 5643 ,⁷
1093 5578 1504 5657 ιιοιύεοιηροιῆε⁸
1536 5577 1953 5657 informitatem,
1992 5581 2050 5653 ut

469 5643 618 5708 inale
642 5654 819 5709 reddit
841 5656 1137 5721 interpres,
1160 5643 1439 5721 mirorque
1458 5649 1575 5701 viro
1593 5648 1757 5701 docto
1784 5647 1865 5697 sic
1897 5643 2049 5696 exci-

468 5729 626 5780 disse
667 5740 774 5779 :ac
815 5719 1132 5795 quanquam
1189 5721 1242 5795 in
1299 5719 1522 5773 Christo
1572 5730 1881 5794 corpusne
1920 5727 2051 5795 caro

469 5795 624 5851 haud
682 5809 807 5850 raro
832 5786 848 5795 ’
869 5786 1000 5854 [πο⁷
1025 5802 1140 5846 tota
1197 5791 1432 5844 lnuuaua
1463 5798 1654 5842 natura
1687 5786 2049 5851 accipiantur,

2157 5499 2296 5552 haud
2325 5509 2500 5551 tamen
2525 5497 2582 5549 in
2617 5495 2859 5554 homine.
2889 5493 3030 5562 quod
3055 5504 3134 5546 est
3158 5491 3354 5544 anima:
3380 5487 3535 5562 facile
3559 5487 3719 5562 intel-

2159 5572 2354 5635 ligatur
2389 5568 2611 5620 nomine
2644 5568 2893 5634 corporis
2908 5559 2932 5628 “;
2969 5580 3065 5617 nec
3091 5577 3252 5630 quam
3293 5562 3344 5635 in
3403 5561 3584 5635 anima
3613 5559 3718 5635 μοι·
3763 5609 3770 5618 ,

2159 5630 2488 5692 lin-unitatem
2548 5630 2830 5703 peccatum
2887 5635 3038 5697 facit,
3095 5633 3345 5700 corporis
3405 5630 3717 5684 informitas

2159 5709 2418 5779 :tppt'ilal‘i
2451 5709 2647 5776 possit.
