4072 6450
412 310 477 374 71
1633 307 1919 371 LEUNIS
1946 306 2408 371 PHILOSOPHI
3598 314 3669 376 72

395 427 589 487 niunt,
621 434 785 494 atque
823 425 889 479 ad
919 425 1180 478 victorem
1212 423 1405 478 mortis
1433 425 1733 492 omnisque
1770 439 1978 478 mcero-

2087 423 2292 497 ρίζοντι
2330 442 2344 455 ⁸
2392 424 2785 495 συγχαίροντες
2806 424 2863 477 δὲ
2893 425 2972 497 τῷ
3007 424 3094 478 διὰ
3146 424 3430 495 σπλάγχνα
3484 428 3670 496 ἐλέους

404 520 482 573 ris
514 520 885 589 expulsorem,
935 519 1057 571 lzeto
1090 526 1203 571 tum
1250 529 1469 587 pectore
1497 524 1611 569 tum
1660 518 1846 586 lingua
1876 531 1972 570 ac-

396 619 645 676 currunt,
687 610 1132 679 congratulantes
1182 610 1359 662 amico
1410 607 1637 672 Lazaro,
1674 609 1769 678 qui
1812 608 1972 661 modo

399 703 621 756 fetorem
639 718 703 755 ex
733 702 986 770 sepulcro
1020 710 1365 755 contractum
1399 701 1703 771 deponens,
1726 717 1972 755 commu-

396 799 484 850 nis
513 798 726 867 generis
763 796 1196 862 incorruptionis
1220 803 1492 863 unguenta
1529 794 1801 863 perspirat
1836 811 1849 847 :
1879 792 1975 847 sed

393 903 446 945 et
473 892 545 942 illi
578 890 1043 959 congratulantes,
1077 888 1171 957 qui
1206 903 1301 956 per
1332 889 1551 942 viscera
1578 887 1976 942 misericordiae

395 984 511 1037 suis
543 985 656 1052 ipse
689 982 972 1037 laboribus
1009 983 1291 1035 tristitiam
1324 982 1609 1048 exstinxit,
1663 982 1977 1050 mundoque

394 1076 648 1145 gaudium
692 1076 889 1129 insevit
922 1092 936 1129 :
972 1075 1253 1143 multoque
1301 1083 1525 1144 stupore
1582 1088 1647 1129 ac
1710 1074 1976 1128 miraculo

393 1185 457 1225 ea
511 1169 868 1230 honorantes,
912 1182 1033 1235 quae
1081 1167 1493 1237 dispensatione
1543 1175 1814 1238 geruntur
1855 1186 1869 1222 :
1912 1184 1976 1224 ac

393 1260 562 1315 vestri
588 1259 785 1313 cantici
812 1259 1003 1313 modos
1029 1257 1347 1311 dulcissimo
1377 1258 1703 1313 haurientes
1751 1258 1974 1317 auditu,

397 1366 625 1420 quorum
668 1351 802 1404 nihil
845 1359 974 1403 tunc
1019 1364 1275 1419 perversa
1327 1348 1617 1420 Synagoga
1667 1350 1978 1404 intellexit:

397 1444 491 1497 sed
518 1457 642 1494 cum
675 1440 948 1495 infernum
980 1448 1215 1494 tremore
1238 1454 1571 1495 concussum
1607 1439 1879 1501 viderent,
1912 1453 1977 1493 ac

398 1533 631 1588 necdum
684 1533 912 1602 prolatis
961 1531 1167 1599 verbis,
1206 1531 1325 1599 ipso
1358 1531 1687 1596 remittente,
1720 1530 1975 1586 eductum

400 1632 696 1686 mortuum,
731 1636 796 1675 eo
826 1621 1149 1675 audaciores
1183 1635 1306 1674 esse
1332 1619 1757 1674 contendebant.
1782 1619 1859 1674 Ac
1887 1621 1978 1675 ille

400 1716 620 1785 quidem
655 1729 779 1767 cum
807 1713 1210 1782 sepulcralibus
1246 1710 1435 1766 fasciis
1477 1726 1507 1767 e
1532 1701 1803 1781 ’sepulcro
1832 1712 1977 1765 exsi-

2080 517 2352 587 καμάτοις
2377 518 2599 579 οἰκείοις
2632 517 2729 588 τὴν
2759 518 2936 587 λύπην
2966 517 3375 586 ἐξαφανίσαντι,
3437 523 3532 573 καὶ
3588 524 3669 594 τῷ

2080 610 2275 679 κόσμῳ
2304 611 2736 680 φυτουργήσαντι
2765 610 2865 679 τὴν
2898 612 3074 681 χαράν
3110 630 3122 642 ·
3148 612 3242 664 καὶ
3280 613 3545 682 τιμῶντες
3571 618 3667 670 ἐκ-

2081 702 2275 772 πλήξει
2301 705 2394 755 καὶ
2415 701 2653 769 θαύματι
2699 702 2769 755 τὰ
2798 702 3227 772 οἱκονομούμενα
3260 720 3274 733 ·
3298 704 3398 774 ἡδὺ
3420 705 3476 757 δὲ
3502 706 3670 759 ἄκου-

2085 810 2195 863 σμα
2212 794 2272 846 τὺ
2300 794 2565 865 ὑμέτερον
2595 790 2748 865 ᾆσμα
2788 797 3123 865 ποιούμενοι,
3148 790 3223 850 ὧν
3272 798 3395 850 τότε
3450 799 3602 852 οὐδὲν
3635 803 3670 871 ἡ

2082 887 2294 957 πονηρά
2318 888 2487 940 συνίει
2523 889 2812 957 συναγωγή
2851 904 2866 920 ο
2900 889 3013 942 ἀλλ’
3060 890 3296 960 ὁρῶντες
3330 891 3463 962 ᾅδην
3540 910 3669 962 τρο·-

2087 980 2354 1051 μάξαντα,
2397 981 2493 1033 καὶ
2524 979 2634 1033 τῶν
2666 980 2975 1034 καλούντων
2999 983 3260 1052 ῥημάτων
3292 983 3371 1035 ἐτι
3408 982 3676 1053 λαλουμέ-

2083 1087 2191 1124 νων
2234 1070 2632 1139 ἀναπέμψαντα
2681 1070 2770 1123 τὸν
2812 1072 3042 1141 νεκρὸν,
3103 1072 3477 1140 ἐφιλονείκουν
3528 1070 3674 1127 εἷναι

2080 1162 2272 1214 τούτου
2311 1160 2635 1232 θρασύτεροι
2661 1176 2675 1191 ·
2703 1163 2799 1215 καὶ
2832 1165 2860 1216 ό
2890 1163 2987 1233 μὲν
3021 1164 3263 1232 ἀνεπήδα
3297 1164 3434 1233 μετά
3460 1165 3567 1217 τῶν
3590 1167 3676 1217 ἐν-

2084 1252 2293 1319 ταφίων
2323 1252 2653 1319 σπαργάνων
2682 1252 2776 1305 τοῦ
2821 1254 3103 1323 μνήματος
3135 1271 3149 1285 ο
3182 1255 3232 1306 ot
3260 1254 3315 1307 δὲ
3342 1254 3419 1323 τῷ
3460 1254 3674 1324 λυτρω-

2081 1343 2147 1410 τῇ
2175 1342 2232 1392 ἐν
2265 1343 2331 1411 τῇ
2364 1341 2545 1412 ἀλύτῳ
2576 1343 2747 1406 ὅντως
2791 1346 2891 1409 τῆς
2942 1346 3209 1415 πονηρίας
3270 1345 3464 1419 γνώμῃ
3515 1346 3676 1399 ἐπλε-

2082 1450 2177 1486 κον
2198 1433 2267 1486 τὰ
2297 1432 2473 1504 δεσμά
2499 1474 2514 1498 ,
2536 1437 2631 1489 καὶ
2675 1439 2882 1507 ῥήμασι
2909 1438 3059 1505 γάλαο
3088 1439 3393 1501 σταζόντων
3447 1439 3675 1509 χειλέων

2083 1527 2183 1589 τὰς
2210 1530 2270 1580 ἐν
2299 1527 2469 1597 κακίᾳ
2500 1533 2714 1599 σαπρᾶς
2746 1529 3053 1598 διεπρίοντο
3088 1530 3336 1600 καρδίας.
3376 1531 3545 1602 Δεῦρο
3573 1549 3674 1601 με-

2083 1617 2152 1671 τὰ
2178 1619 2277 1685 τῆς
2300 1618 2633 1688 ὡραιότητος
2686 1619 2920 1689 ώραῖζου
2946 1620 3045 1687 τῆς
3092 1620 3409 1686 ἐκκλησίας,
3447 1620 3543 1691 τῆς
3575 1622 3674 1675 καὶ

2084 1708 2375 1779 ποθούσης,
2399 1710 2492 1763 καὶ
2520 1710 2887 1780 στεργομένης
2923 1710 3157 1781 ἀμώμου
3212 1710 3432 1783 νύμφης
3457 1729 3470 1743 ·
3532 1716 3598 1784 ἥν
3643 1719 3672 1768 ὁ

402 1808 601 1867 liebat,
628 1806 663 1859 ii
697 1818 827 1859 vero
879 1802 1269 1858 insolubilibus
1315 1802 1563 1870 malignae
1594 1803 1798 1855 mentis
1831 1804 1978 1856 nexi-

2087 1801 2273 1872 Πατὴρ
2304 1801 2382 1871 τῷ
2404 1802 2672 1871 ἀγαπητῷ
2715 1802 2995 1871 ἡρμόσατο
3050 1803 3186 1873 Υίῷ,
3235 1803 3526 1871 διαζεύξας
3574 1807 3670 1859 τοῦ

401 1901 503 1954 bus
534 1898 769 1962 astricti,
792 1897 1074 1950 liberatori
1105 1895 1396 1949 nectebant
1421 1894 1661 1959 vincula,
1691 1895 1980 1960 verbisque

401 1994 541 2045 lacte
577 1989 924 2043 manantibus
967 1988 1127 2041 labiis
1160 1986 1316 2045 fusis,
1345 2001 1542 2054 spurca
1568 2002 1758 2040 eorum
1791 1995 1977 2055 pecto-

399 2101 458 2139 ra
478 2082 894 2137 dissecabantur
923 2078 1286 2148 improbitatis
1313 2079 1719 2148 cxsuperantia.
1742 2079 1970 2145 Adesto,

399 2176 597 2230 decore
640 2187 704 2226 ac
754 2169 1047 2241 splendore
1088 2167 1350 2223 Ecclesiae
1402 2169 1663 2239 przeclare
1709 2168 1981 2258 induere;

399 2267 797 2331 desiderantis,
860 2264 1107 2334 inquam,
1178 2265 1380 2332 pariter
1415 2263 1850 2333 desiderataeque
1918 2279 1983 2319 ac

401 2363 726 2433 praadilecta:
767 2360 1057 2426 inculpatae
1096 2371 1336 2425 sponsae,
1387 2370 1548 2423 quam
1592 2356 1755 2411 Pater
1799 2358 1982 2426 junxit

402 2454 730 2510 charissimo
755 2450 916 2515 Filio,
968 2449 1228 2519 abjuncta
1258 2465 1286 2502 a
1332 2450 1628 2504 mitissimo
1662 2465 1868 2518 sponso
1905 2449 1984 2505 Γει-

402 2548 519 2601 roci
558 2560 621 2599 ac
668 2545 880 2613 ingrata
926 2541 1213 2612 Synagoga
1264 2542 1457 2608 :quod
1507 2540 1768 2594 nimirum
1820 2550 1985 2596 tanta:

404 2634 992 2707 desponsatiouisjura
1029 2634 1262 2697 violatis,
1297 2648 1562 2703 sponsum
1598 2649 1758 2687 suum
1794 2634 1983 2703 despi-

403 2733 547 2786 catui
590 2728 860 2793 habuerit,
898 2743 1021 2781 eum
1062 2741 1398 2796 prosequens
1430 2725 1556 2779 odio
1586 2742 1615 2778 a
1640 2726 1985 2796 qno~dilecta

404 2831 573 2885 esset,
608 2837 670 2876 ac
702 2836 801 2892 pro
827 2820 997 2874 nihilo
1026 2819 1234 2873 ducens
1266 2833 1390 2872 emn
1426 2818 1518 2887 qui
1546 2818 1755 2873 honore
1796 2819 1986 2872 auxis-

408 2924 492 2971 set
532 2934 545 2969 :
583 2930 707 2970 eum
750 2914 1008 2982 denique,
1058 2913 1217 2979 cujus
1267 2912 1541 2966 beneficio
1601 2927 1781 2966 rerum
1830 2913 1988 2983 copia

408 3006 747 3069 abundabat,
801 3019 865 3057 ac
895 3004 1090 3072 agebat
1124 3002 1269 3065 felix,
1296 3002 1591 3056 contrariis
1622 3002 1779 3071 plane
1811 3003 1987 3057 modis

408 3108 788 3151 remunerans.
820 3094 1169 3161 Quapropter
1202 3106 1350 3144 nunc
1390 3106 1418 3143 a
1449 3091 1601 3144 vobis
1635 3091 1853 3155 repulsa
1887 3092 1983 3145 de-

412 3195 688 3254 sertaque,
720 3198 785 3237 ae
813 3184 1028 3237 festivae
1062 3182 1243 3235 omnis
1281 3181 1479 3235 laetitia
1500 3197 1712 3242 exsors,
1752 3183 1982 3236 felicita-

412 3282 486 3335 tis
557 3281 676 3332 loco
736 3277 1115 3330 calamitatum
1186 3274 1338 3328 dives
1419 3276 1569 3341 agit;
1634 3274 1983 3329 deformitate

414 3370 638 3433 vestita,
693 3368 815 3436 ejus
864 3367 981 3420 vice
1014 3365 1337 3429 venustatis,
1378 3365 1538 3431 cujus
1576 3374 1733 3419 antea
1756 3364 1983 3420 tioribus

416 3460 784 3525 coruscabat;
820 3459 1091 3527 famesque
1113 3456 1231 3525 ejus
1263 3456 1550 3509 vindetnize
1580 3456 1791 3519 bibens,
1818 3473 1982 3526 quam

414 3554 520 3609 sibi
546 3553 859 3621 collegerat.
894 3549 963 3602 At
993 3562 1123 3602 vero
1147 3561 1286 3599 nova
1317 3561 1381 3599 ac
1409 3546 1732 3600 charissima
1761 3562 1981 3617 sponsa,

416 3646 488 3699 ob
520 3641 1040 3698 excellentissimam
1061 3639 1543 3707 deSponsationem
1565 3640 1778 3709 gaudiis
1807 3641 1984 3693 omni-

416 3739 521 3794 bus
546 3738 723 3807 plena,
749 3749 1062 3803 sponsoque
1102 3748 1201 3787 suo
1230 3731 1653 3795 formosissimo,
1676 3732 1986 3787 castissime

418 3845 605 3883 arnore
652 3828 1007 3898 agglutinata,
1039 3824 1243 3878 fruitur
1272 3825 1495 3894 quidem
1534 3825 1707 3894 ipsius
1754 3824 1984 3890 deliciis,

418 3924 512 3978 sed
539 3932 593 3976 et
626 3920 906 3989 praesentis
938 3919 1042 3973 diei
1074 3919 1411 3985 voluptatem
1447 3918 1701 3986 percipit,
1733 3902 1834 3986 qua
1861 3919 1987 3972 licet

418 4016 531 4080 hic,
578 4023 793 4069 servata
822 4013 913 4066 illa
948 4013 1150 4066 veteris
1189 4012 1415 4065 honoris
1456 4012 1626 4064 forma
1655 4021 1708 4065 et
1753 4014 1983 4075 ratione,

417 4122 541 4161 cum
576 4106 743 4159 ramis
776 4104 1088 4157 Palmarum
1125 4103 1491 4156 laudationem
1519 4102 1766 4155 instituat
1793 4142 1807 4167 ,
1844 4112 1986 4156 atta-

420 4213 547 4251 men
586 4196 762 4249 oculis
799 4197 852 4248 in
896 4208 1133 4263 superna
1180 4194 1373 4247 deﬁxis
1416 4192 1662 4246 eumdem
1708 4208 1814 4248 una
1864 4208 1988 4247 cum

421 4289 631 4358 angelis
655 4286 941 4357 gloriﬁcat,
977 4296 1235 4355 tanquam
1268 4286 1419 4338 illum
1454 4286 1548 4354 qui
1583 4294 1636 4339 et
1670 4287 1720 4339 in
1748 4288 1888 4341 ctelo
1935 4297 1991 4341 et

422 4380 476 4431 in
524 4390 667 4432 terra
705 4389 913 4448 regnat.
954 4376 1090 4431 Nam
1136 4377 1255 4431 loco
1320 4376 1642 4431 obedientia:
1703 4393 1875 4447 usque
1920 4376 1989 4431 ad

2084 1894 2262 1962 πράου
2321 1894 2554 1963 νυμφίου
2612 1894 2711 1961 τὴν
2768 1894 3158 1964 ἀγριαίνουσαν
3236 1897 3328 1950 καὶ
3377 1898 3673 1968 ἀχάριστον

2088 1987 2423 2056 Συναγωγήν
2457 2004 2469 2016 ·
2499 1987 2615 2040 ἀνθ’
2644 1981 2719 2042 ὧν
2760 1989 2842 2051 είς
2871 1987 2972 2059 τὴν
3017 1990 3287 2061 τοσαύτην
3336 1990 3672 2061 ἐνυϐρίσασα

2089 2080 2406 2147 μνηστείαν,
2460 2079 2551 2131 τὸν
2596 2080 3053 2149 νυμφευσάμενον
3098 2082 3444 2147 ἐξουδένωσε,
3496 2085 3665 2153 μισή-

2086 2186 2224 2222 σασα
2252 2169 2341 2222 τὸν
2370 2170 2694 2241 ἠγαπηκότα
2737 2187 2751 2202 ⁸
2807 2173 3119 2241 φαυλίσασα
3164 2173 3254 2228 τὸν
3298 2175 3623 2245 τετιμηκότα
3649 2190 3666 2206 ο

2083 2261 2174 2314 τὸν
2202 2261 2267 2313 δι’
2293 2261 2351 2314 ὃν
2382 2265 2543 2315 πᾶσιν
2568 2264 2790 2333 εὐθήνει
2817 2264 3025 2329 καλοῖς,
3048 2266 3213 2318 πᾶσιν
3232 2266 3493 2329 ἐναντίοις
3515 2268 3675 2336 ἀμει-

2085 2352 2322 2424 φαμένη.
2358 2356 2457 2408 Διά
2505 2355 2663 2409 τοῦτο
2714 2357 2810 2410 νῦν
2858 2357 2987 2426 ὑμῖν
3021 2357 3343 2427 ἀπωσμένη,
3400 2357 3496 2410 καὶ
3545 2358 3676 2427 ἐρη-

2088 2458 2210 2510 μος,
2236 2442 2331 2495 καὶ
2362 2442 2636 2513 ἀνέορτος,
2673 2445 2771 2497 καὶ¹
2803 2445 3111 2499 πλουτοῦσα
3132 2447 3229 2509 τὰς
3266 2447 3553 2516 συμφορὰς
3580 2449 3674 2501 ἀν·-

2084 2532 2141 2582 τὶ
2175 2532 2272 2601 τῆς
2312 2535 2714 2603 μακαριότητος
2746 2552 2760 2566 ·
2789 2538 2882 2589 καὶ
2905 2538 3140 2590 ἀνθοῦσα
3168 2540 3268 2608 τὴν
3289 2539 3676 2610 ἀσχημοσύνην

2087 2622 2208 2675 ἀντὶ
2228 2627 2325 2694 τῆς
2366 2625 2486 2677 τότε
2526 2627 2787 2697 καλλονῆς
2814 2629 3152 2700 ἐπανθούσης
3171 2631 3307 2702 αὐτῇ
3339 2647 3351 2660 ·
3376 2634 3471 2686 καὶ
3490 2632 3680 2685 πίνου-

2090 2730 2158 2766 σα
2189 2714 2286 2785 τὴν
2308 2719 2556 2785 τρυγίαν,
2610 2712 2684 2771 ὧν
2732 2721 2919 2783 κακῶς
2962 2722 3336 2793 ἐγεώργησεν.
3390 2723 3454 2777 Ἠ
3498 2725 3555 2777 δὲ
3584 2727 3680 2778 νέα

2087 2806 2273 2878 νύμφη
2306 2812 2400 2861 καὶ
2431 2810 2668 2880 ἔντιμος,
2690 2813 2781 2863 ἐπὶ
2804 2816 2868 2882 τῇ
2896 2814 3186 2884 ὑπερτίμῳ
3217 2816 3483 2885 χαίρουσα
3535 2834 3677 2886 μνη-

2090 2899 2263 2969 στείᾳ,
2294 2901 2388 2952 καὶ
2420 2901 2497 2968 τῷ
2530 2901 2680 2971 καλῷ
2718 2904 2989 2973 μνηστῆρι
3022 2906 3284 2976 πανάγνῳ
3310 2907 3470 2977 ἔρωτι
3510 2924 3674 2978 περι-

2088 2990 2361 3059 φυομένη,
2406 2992 2671 3045 ἀπολαύει
2734 2992 2833 3061 μὲν
2867 2993 2967 3062 τῆς
3003 2994 3214 3048 ἐκείνου
3262 2999 3626 3067 τερπνότητος
3656 3015 3671 3029 ·

2088 3078 2349 3131 ἀπολαύει
2367 3079 2422 3132 δὲ
2448 3083 2537 3133 καὶ
2562 3082 2669 3133 τῶν
2698 3082 2796 3151 τῆς
2831 3084 3111 3155 παρούσης
3135 3088 3351 3157 ἡμέρας
3388 3088 3638 3159 τερπνῶν
3658 3105 3672 3120 ·

2086 3173 2143 3224 ἐν
2170 3168 2222 3246 ᾖ,
2260 3177 2308 3226 εί
2349 3175 2443 3227 καὶ
2488 3176 2638 3228 κάτω
2688 3179 2787 3245 τῆς
2839 3178 3077 3242 παλαιᾶς
3125 3181 3339 3249 ἐκείνης
3383 3182 3552 3252 τιμῆς
3608 3182 3678 3237 τὰ

2088 3266 2332 3336 σύμϐολα
2388 3268 2637 3332 σώζουσα
2685 3270 2823 3337 μετὰ
2883 3270 3049 3339 βαϊων
3085 3271 3234 3342 αὐτῷ
3265 3273 3537 3341 προσάγει
3579 3275 3673 3327 τὸν

2087 3358 2335 3424 ἔπαινον,
2376 3360 2491 3413 ἀλλ’
2516 3362 2629 3415 ἄνω
2668 3364 2895 3430 θεωροῖς
2935 3365 3099 3419 αὑτὸν
3146 3366 3442 3437 ὀφθαλμοῖς
3492 3369 3678 3440 ὁρῶσα

2089 3452 2206 3520 μετ’
2260 3453 2507 3522 ἀγγέλων
2562 3455 2848 3524 δοξολογεί,
2906 3457 2982 3519 ὡς
3024 3458 3132 3511 τῶν
3165 3459 3276 3513 ἀνω
3328 3462 3673 3531 κυριεύοντα,

2088 3546 2314 3597 καὶτῶν
2347 3548 2515 3600 κάτω.
2558 3548 2764 3601 Ἔδωκε
2782 3548 2890 3617 γὰρ
2908 3549 3056 3620 αὐτῷ
3075 3552 3196 3604 ἀντὶ
3228 3552 3328 3622 τῆς
3371 3554 3536 3624 μέχρι
3566 3573 3670 3607 πα-

2090 3634 2197 3687 θῶν
2263 3638 2356 3688 καί
2403 3636 2635 3691 θανάτου
2681 3639 2929 3710 ὑπακοῆς
2980 3642 3009 3695 ό
3070 3642 3280 3713 Πατὴρ,
3321 3646 3418 3712 τὴν
3458 3646 3675 3698 πάντων

2089 3728 2355 3793 ἐξουσίαν,
2374 3729 2472 3782 ὅσα
2506 3732 2563 3783 ἐν
2598 3731 2833 3802 οὐρανῷ,
2883 3735 2977 3786 καὶ
3009 3735 3111 3787 ὅσα
3141 3736 3199 3786 ἐν
3231 3738 3325 3807 γῇ,
3364 3736 3532 3790 ἔδωκε
3572 3740 3677 3809 τὴν

2089 3820 2336 3886 ἐξουσίαν
2388 3822 2493 3874 ὑπὸ
2549 3824 2675 3887 τοὺς
2735 3824 2900 3887 πόδας
2937 3826 3194 3889 καταθεὶς
3238 3870 3252 3894 ,
3304 3830 3397 3881 καὶ
3440 3830 3677 3895 ἄκοντας

2090 3914 2215 3974 τοὺς
2242 3914 2492 3985 ἐχθροὺς,
2514 3917 2628 3969 ὅσοι
2654 3916 2752 3987 τὴν
2772 3918 2981 3970 ἐκείνου
3005 3919 3348 3991 παρῃτοῦντο
3374 3922 3674 3992 βασιλείαν.

2104 4006 2351 4071 Ἐδόξασε
2386 4008 2495 4079 γὰρ
2538 4009 2629 4061 τὸν
2662 4009 2940 4079 Μονογενῆ
2974 4015 3038 4081 τῇ
3098 4011 3246 4084 δόξῃ,
3392 4010 3501 4084 εἶχε
3541 4017 3677 4085 πρὶν

2090 4101 2181 4151 τὸν
2206 4101 2409 4169 κόσμον
2438 4100 2715 4167 γενέσθαι,
2749 4104 2845 4156 καὶ
2874 4105 3005 4174 πρὶν
3051 4106 3153 4157 ὑπὸ
3202 4107 3394 4177 χρόνου
3444 4109 3679 4179 ὀφθῆναι

2091 4191 2181 4242 τὸν
2207 4193 2435 4261 ποιητὴν
2450 4193 2558 4244 τῶν
2580 4194 2787 4264 χρόνων
2816 4212 2830 4226 ο
2862 4196 3069 4265 χαίρων
3120 4198 3212 4249 ἐπὶ
3236 4198 3316 4269 τῷ
3338 4200 3559 4271 μεγάλῳ
3584 4203 3678 4273 ἔρ-

2091 4299 2174 4352 γῳ
2203 4282 2390 4348 αὑτοῦ,
2422 4286 2487 4354 τῇ
2511 4284 2815 4354 ἀνθρώπων
2847 4287 3131 4359 ἐλευθερίᾳ
3176 4290 3268 4342 καὶ
3312 4277 3676 4360 προσενέξειῖ

2094 4373 2174 4425 ὅτι
2229 4373 2643 4437 καταπαλαίσας
2701 4374 2792 4427 τὸν
2852 4377 3118 4447 ἀήττητον
3168 4374 3307 4432 εἶναι
3372 4383 3681 4451 νομίσαντα

422 4471 731 4540 passionem
781 4485 845 4523 ac
885 4476 1137 4533 mortem,
1184 4468 1331 4522 dedit
1370 4468 1417 4522 ei
1454 4470 1617 4521 Pater
1662 4479 1982 4538 potestatem

2096 4465 2191 4518 καὶ
2212 4466 2543 4536 καταλήψειν
2569 4467 2644 4529 ὡς
2663 4469 2908 4523 νεοσσιὰν
2928 4471 2997 4524 τὰ
3029 4472 3262 4542 πέρατα,
3286 4473 3385 4543 τῆς
3406 4475 3676 4546 τυράννου

424 4566 478 4618 in
509 4565 710 4629 omnia,
745 4573 854 4616 tum
887 4578 1009 4633 qua:
1045 4564 1098 4615 in
1134 4564 1293 4628 ccelo,
1323 4570 1437 4615 tum
1462 4578 1582 4631 qua:
1607 4564 1808 4616 suntin
1827 4574 1991 4618 terra.

423 4656 580 4709 Dedit
604 4663 951 4723 potestatem,
983 4652 1101 4720 ejus
1136 4654 1438 4721 subjiciens
1470 4653 1698 4723 pedibus
1719 4654 1883 4707 etiam
1914 4654 1998 4706 in-

422 4748 567 4801 vitos
615 4748 800 4801 hostes
827 4747 894 4809 ",
930 4754 1199 4815 quotquot
1224 4762 1449 4815 regnum
1499 4745 1619 4813 ejus
1648 4753 1992 4813 respuerant.

425 4837 754 4889 Clariticavit
797 4850 1034 4904 namque
1080 4834 1451 4903 Unigenitum,
1486 4850 1548 4889 ea
1588 4835 1781 4903 gloria,
1827 4848 1990 4903 quam

426 4929 620 4983 habuit
645 4928 957 4996 priusquam
994 4927 1232 4981 mundus
1257 4928 1411 4981 fieret
1442 4940 1504 4979 ac
1530 4936 1819 4993 antequam
1857 4935 1991 4979 tem-

419 5036 613 5093 porum
645 5020 894 5073 conditor
915 5020 1141 5089 tempori
1193 5020 1475 5087 subjectus
1509 5026 1794 5085 appareret
1824 5032 1991 5085 :gau-

419 5116 557 5171 deus
604 5114 884 5175 nimirum,
917 5115 987 5166 ob
1022 5127 1276 5181 magnum
1312 5111 1443 5171 illud
1473 5110 1541 5164 ab
1590 5110 1713 5179 ipso
1738 5111 1993 5178 designa-

418 5216 537 5261 tum
563 5222 699 5277 opus
721 5225 735 5267 ;
759 5206 829 5262 ob
850 5205 1098 5259 homines
1130 5204 1341 5258 scilicet
1366 5202 1607 5257 libertati
1638 5210 1881 5256 assertos
1927 5217 1989 5255 ac

420 5302 773 5354 conciliatos:
794 5300 961 5370 quod,
984 5300 1227 5367 inquam,
1255 5297 1527 5352 debellato
1550 5310 1615 5351 eo
1636 5296 1729 5366 qui
1755 5296 1987 5350 invictus

420 5391 729 5455 videbatur,
792 5391 997 5459 quiqiie
1037 5389 1171 5444 lines
1207 5401 1365 5443 terra:
1408 5387 1580 5442 niduli
1623 5388 1796 5443 instar
1830 5402 1982 5441 com-

420 5486 816 5553 prehensurum
854 5500 913 5539 se
942 5485 1204 5553 jactabat,
1245 5498 1275 5537 e
1328 5484 1542 5553 tyranni
1581 5498 1675 5538 eos
1719 5484 1986 5551 eripuerit

424 5573 699 5639 inanibus,
731 5574 947 5645 Deoque
986 5591 1048 5630 ac
1066 5574 1211 5631 Patri
1239 5576 1521 5641 obtulerit,
1541 5590 1604 5631 ac
1633 5575 1683 5631 ei
1718 5575 1984 5631 concilia-

498 5748 542 5779 ⁸⁸
570 5746 724 5803 Joan.
764 5768 891 5805 xvii.
935 5754 1027 5807 ΞΟ.

2095 4557 2275 4629 χειρὸς
2310 4559 2647 4630 ἐξαρπάσας,
2677 4563 2995 4632 προσήγαγε
3043 4565 3122 4634 τῷ
3158 4564 3276 4637 Θεῷ
3337 4569 3430 4620 καὶ
3478 4569 3676 4640 Πατρὶ,

2093 4649 2181 4703 διὰ
2210 4651 2309 4720 τῆς
2336 4652 2529 4721 ἐκείνῳ
2560 4653 2875 4725 πρεπούσης
2900 4657 3231 4729 οἰκονομίας.
3292 4660 3537 4730 Ἔπρεπε
3563 4662 3673 4732 γὰρ

2092 4741 2226 4794 Θεοῦ
2250 4742 2315 4795 δι’
2334 4742 2539 4813 ἄφατον
2579 4745 2891 4817 ἀγαθότητα
2932 4747 3079 4801 λύειν
3110 4750 3200 4802 τὸν
3247 4751 3529 4822 ἄνθρωπον
3575 4754 3673 4805 εὑ-

2089 4834 2419 4907 δοκήσαντος
2453 4832 2526 4891 ὧν
2550 4838 2731 4909 ἔνοχος
2754 4835 2843 4911 ἦν,
2873 4842 2967 4893 καὶ
2993 4844 3072 4905 είς
3096 4844 3459 4914 κληρονομίαν
3489 4862 3675 4917 παρα-

2090 4928 2619 4997 λαμϐάνοντος,Υίὸν
2638 4927 2775 4985 εἶναι
2805 4938 2897 4985 τὸν
2928 4932 3087 4986 τοῦτο
3122 4937 3673 5006 πραγματευόμενον.

2091 5020 2231 5074 Οὔτε
2270 5025 2378 5092 γὰρ
2414 5024 2591 5092 Πατρὶ
2620 5025 2680 5076 τὸ
2713 5025 2811 5093 τῆς
2842 5026 2977 5095 πρὸς
3012 5028 3159 5096 ἡμᾶς
3180 5028 3397 5097 ὁμιλίας
3431 5030 3675 5101 ἥρμοζεν

2088 5115 2268 5185 ἔργον,
2298 5116 2383 5169 ἵνα
2408 5118 2481 5187 μὴ
2501 5118 2594 5169 τοῦ
2618 5118 2806 5188 Πατὴρ
2828 5115 2968 5173 εἶναι
2989 5121 3321 5189 μετάστασιν
3357 5123 3543 5188 πάθοι,
3574 5127 3674 5178 καὶ

2088 5208 2223 5276 πρὸς
2272 5207 2371 5277 τὴν
2406 5208 2499 5259 τοῦ
2534 5210 2660 5261 Υίοῦ
2700 5210 2871 5276 τάξιν,
2903 5212 2997 5264 καὶ
3048 5213 3304 5282 χρονικὴν
3333 5214 3534 5277 αἰτίαν,
3576 5218 3675 5272 καὶ

2088 5299 2262 5361 αἰτίας
2297 5300 2553 5351 ἐπέκεινα
2584 5301 2970 5372 καταδέξηται.
3012 5302 3174 5355 Ἀλλὰ
3205 5304 3315 5374 γὰρ
3339 5306 3463 5358 ούδέ
3495 5307 3671 5360 Πνεύ-

2090 5407 2240 5458 ματι.
2268 5388 2403 5442 Οῦτε
2429 5390 2537 5459 γὰρ
2563 5391 2754 5460 ἐκείνῳ
2778 5392 2913 5462 πρὸς
2963 5393 3062 5462 τὴν
3117 5394 3246 5447 Υίοῦ
3296 5398 3674 5467 προσηγορίαν

2086 5480 2176 5532 διὰ
2214 5479 2308 5532 τοῦ
2333 5482 2493 5534 τόκου
2530 5482 2805 5550 προτῆκον
2850 5478 2917 5553 ἦν
2955 5485 3349 5554 μετατετάχθαι
3393 5502 3407 5517 ’
3467 5488 3563 5540 καὶ
3608 5490 3674 5542 τὸ

2089 5569 2218 5621 αὐτὸ
2239 5568 2332 5621 νῦν
2380 5571 2479 5639 μὲν
2509 5571 2751 5641 Πνεῦμα,
2776 5572 2869 5626 νῦν
2885 5573 2940 5627 δὲ
2971 5574 3097 5628 Υἱὸν
3127 5571 3265 5630 εἶναι
3298 5590 3312 5607 ·
3347 5576 3443 5632 καὶ
3470 5580 3673 5648 φύρσιν
