2036 3223
165 215 204 245 73
626 216 767 248 ORATIO
784 218 852 249 VH.
871 230 906 236 ·-
922 219 963 249 ΙΝ
982 219 1131 251 FESTUM
1157 221 1378 252 PALMARUM.
1774 226 1810 258 74

169 273 201 298 ὲν
216 272 251 307 τῇ
272 271 420 305 συνεκτικῇ
446 269 536 305 πάσης
552 270 678 303 εὐταξίας
698 272 794 307 Τριάδι
818 274 969 307 γεγονέναι.

1032 276 1107 308 terit,
1132 283 1164 303 ea
1193 276 1419 311 dispensatione,
1452 284 1532 312 quattt
1571 282 1600 304 ιιι
1619 283 1726 314 gereret
1752 280 1810 314 ipse

168 317 228 346 Ἦν
238 316 286 345 οὗν
297 318 369 349 εἰκὸς
381 317 446 344 Υίὺν
458 317 623 352 διῳκηκέναι
635 318 666 345 τὸ
678 318 728 354 τῆς
741 319 902 355 εὐεργεσίας
918 329 968 355 μυ-

172 366 303 401 στήριον,
323 364 353 396 ὃς
368 364 419 390 οὐκ
439 362 514 398 εἶχεν
538 364 661 400 ἀνάγκην
680 367 892 401 καινοτομήσειν
920 367 969 403 τὴν

172 410 375 447 προσηγορίαν.
387 407 421 447 ἦς
437 410 616 445 ἐκληρονόμει
634 430 642 442 ,
656 410 717 437 οὐδὲ
728 411 775 437 τοῦ
801 412 868 439 ἰδίου
886 421 969 447 μετα-

173 458 275 493 στῆναι
291 466 299 473 ·
308 456 407 491 ἔμελλε
420 456 460 488 δὲ,
472 456 567 492 ὥσπερ
579 457 693 489 ἀπαθῶς
708 459 740 484 ὲκ
751 458 859 491 Πατρός
874 468 973 493 γεννη-

174 504 234 537 θεὶς
251 502 286 540 ἧν
297 502 373 535 Υἱὸς,
390 502 477 533 οὕτως
490 502 603 534 ἀπαθῶς
617 503 768 539 ὲκσμητρδς
791 505 973 541 κυοφορηθεὶς

175 551 311 585 ὑπάρξειν
319 550 376 581 υἱὸς
391 550 436 575 καὶ
451 549 563 582 ἀδελφὸς
577 549 666 583 ἡμῶν,
681 549 735 575 τῶν
752 550 797 576 ἐπὶ
808 551 908 586 κλῆρον
921 560 972 577 κα-

175 594 469 631 λουμένων,γεγονὼς,
488 596 521 620 τὰ
546 595 668 628 ἀδελφοῖς
695 596 887 631 ὲπιπρέποντα
919 597 973 624 τῶν

177 643 314 678 πατρῴων
335 641 575 676 συγκληρονόμους
588 641 766 676 παραλαϐεῖν.
798 642 834 668 Οὐ
850 642 903 678 μὴν
919 643 974 669 οὐδ’

177 689 234 724 εἶχε
250 690 340 723 λόγον,
358 689 403 715 τὸν
419 688 500 720 Νοῦν,
517 688 574 724 ἣτδ
590 688 702 724 Πνεῦμα
713 690 746 725 τῇ
762 689 885 726 ἡμετέρᾳ
894 699 975 726 περι-

177 735 317 770 γραφῆναι
344 734 482 769 παχύτητι
500 742 507 749 ο
541 734 599 760 ἀλλ’
625 732 659 770 ἦν
685 735 786 761 οἰκεῖον
811 735 856 762 τὸν
878 736 975 769 Λόγον,

180 783 272 816 ὥσπερ
281 781 326 808 διὰ
334 782 418 816 τόμοι)
432 781 481 815 τῆς
495 781 626 816 σαρκίνης
639 781 804 816 παχύτητος,
811 783 867 813 τοῖς
881 782 921 814 είς
931 781 976 808 τὸν

182 827 277 862 κλῆρον
288 827 479 860 εἰσαγομένοις
495 826 704 861 προπομιλῆσαι.
713 823 802 853 Ἦκεν
811 826 857 854 οὖν
882 828 919 863 μὴ
938 827 978 853 δι-

183 873 314 907 εστηκὼς,
324 872 386 900 ὅθεν
402 872 524 907 ὥρμητο.
539 872 605 899 Οὐδὲ
621 873 674 908 γὰρ
682 873 823 905 διάστασις
834 873 919 909 ὁρίζει
931 874 977 901 τὸν

181 918 271 944 πάντα
284 917 441 952 πληροῦντα
452 917 522 948 οὑδὲ,
539 917 584 942 τοῦ
595 918 789 952 γεγεννηκότος
803 918 859 945 Νοῦ
877 919 978 946 ἀποτέ-

1023 329 1175 356 congruum
1193 322 1254 350 fuit.
1267 323 1383 350 Decebat
1393 323 1464 350 enim
1475 328 1515 356 ut,
1528 331 1590 352 cum
1603 324 1812 354 ineffabiliDeus

1024 367 1148 395 bonitate
1163 368 1198 395 ab
1223 368 1257 395 iis
1267 368 1405 396 hominem
1423 369 1564 397 absolvere
1577 371 1725 404 statuisset,
1738 379 1806 406 quo-

1024 422 1085 441 rum
1099 415 1243 442 tenebatur
1258 422 1333 447 reus,
1350 422 1381 442 ac
1399 415 1425 442 in
1440 415 1628 443 baereditatem
1651 416 1804 450 asciscere,

1026 461 1052 487 id
1079 460 1150 488 alius
1181 465 1280 495 praeter
1309 461 1408 488 Filium
1433 469 1487 488 non
1516 465 1667 496 perageret.
1697 461 1807 490 Minime

1027 514 1146 542 namque
1159 512 1385 543 congruum'erat
1401 511 1431 534 ttt
1443 507 1524 535 Pater
1540 508 1612 535 inter
1624 515 1675 536 nos
1686 516 1810 536 versare-

1027 557 1082 586 tur,
1104 561 1137 581 ac
1162 554 1239 581 fieret
1256 554 1348 586 homo,
1366 561 1400 581 ne
1412 553 1500 581 Patris
1512 554 1570 589 ipse
1585 554 1718 581 rationem
1734 554 1814 581 antit-

1028 603 1111 631 teret,
1142 606 1173 625 ac
1195 599 1221 625 in
1246 599 1308 626 Filii
1341 598 1464 625 ordinem
1488 599 1703 634 temporalisque
1731 603 1811 627 ortus

1030 643 1194 679 principium
1203 644 1384 679 redigeretur,
1399 644 1445 679 qui
1460 644 1533 671 omni
1548 644 1689 679 principio
1702 652 1734 672 ac
1748 652 1814 671 eau-

1030 697 1059 717 sa
1074 690 1201 724 superior
1219 693 1272 717 est.
1297 688 1348 717 Sed
1368 697 1457 725 neque
1481 689 1612 724 Spiritum
1628 694 1752 717 sanctum
1769 698 1813 718 res

1030 734 1154 761 decebat.
1168 733 1235 761 Nam
1244 742 1332 768 neque
1338 742 1400 761 eum
1417 742 1466 769 par
1477 739 1536 761 erat
1547 735 1575 761 in
1585 734 1647 761 Filii
1660 735 1813 770 proprieta-

1030 781 1084 806 tem
1103 787 1136 806 ac
1159 780 1368 815 appellationem
1381 780 1407 806 vi
1421 780 1606 815 generationis
1620 781 1755 813 transire;
1772 786 1815 806 ut-

1032 834 1085 861 que
1106 826 1177 853 idem
1196 826 1278 853 modo
1299 825 1421 860 Spiritus
1438 831 1522 856 esset.
1543 826 1624 853 modo
1636 826 1743 854 Filius:
1760 827 1815 853 sic-

1032 877 1085 904 que
1099 870 1126 896 in
1142 875 1239 898 sancta
1254 869 1402 900 Trinitale.
1417 878 1478 905 quae
1492 878 1600 899 omnem
1623 872 1816 906 complectitur

1033 915 1167 948 ordinem,
1190 915 1315 943 confusio
1339 924 1371 944 ac
1383 917 1539 944 commistio
1555 917 1685 946 oriretur.
1708 918 1814 946 Conve—

181 972 285 999 τμηται
301 965 315 989 ὁ
330 964 425 997 Λόγος,
439 963 544 989 Οὐκοῦν
561 963 614 989 οὐδ’
626 963 763 998 ἐζημίωσε
777 964 840 996 τοὺς
849 965 980 1000 γεννήτο-

1032 961 1112 988 niens
1127 961 1211 996 igitur
1221 965 1280 988 erat
1291 964 1320 988 ut
1336 961 1423 990 Fllius
1447 962 1635 991 beneficentiae
1658 962 1742 997 hujus
1756 971 1815 998 my-

185 1018 234 1044 ρας
246 1009 374 1040 κόλπους,
382 1009 436 1035 οὐδ’
447 1008 526 1039 αὐτὸς
539 1008 642 1044 ὑπέστη
654 1008 757 1044 ζημίαν
767 1010 800 1044 τῇ
809 1009 933 1041 κενώσει,
946 1006 980 1045 ἧς

187 1054 244 1090 εἶχε
261 1055 351 1090 δόξης,
365 1055 409 1081 διὰ
429 1055 458 1080 τὸ
476 1054 521 1080 τοῦ
537 1054 756 1090 προσληφθέντος
771 1055 876 1087 ἄδοξον.
900 1055 973 1082 ¹Δλλ¹
1001 1075 1004 1079 .

190 1102 214 1127 εἰ
228 1101 283 1134 χρὴ
298 1101 392 1133 φαναι.
408 1100 445 1134 τῷ
455 1100 551 1135 πλήρει
587 1099 747 1135 προσθήκην
757 1100 818 1127 τινὰ
827 1101 978 1134 γεγονέναι,

195 1145 357 1180 προσθήκην
372 1147 402 1171 ὲκ
413 1146 458 1180 τῆς
465 1147 527 1181 περὶ
538 1146 611 1180 ἡμᾶς
620 1146 776 1181 οἰκονομίας
786 1146 864 1181 δόξης
875 1146 976 1173 λαϐὼν·

196 1191 257 1217 ἀνθ’
273 1188 311 1217 ὧν
326 1189 365 1222 οἷς
376 1192 421 1218 οὐκ
434 1189 464 1225 ἦν
479 1192 565 1222 ἄλλως
576 1191 605 1218 εὖ
615 1192 767 1226 γεγονέναι,
782 1191 878 1227 ὥσπερ
891 1192 921 1219 ὲν
932 1192 976 1218 τό-

1032 1006 1146 1033 sterium
1168 1011 1326 1041 perageret;
1346 1015 1427 1042 quem
1445 1007 1513 1035 nihil
1532 1015 1645 1035 necesse
1662 1012 1735 1036 esset
1753 1016 1813 1037 eant

1031 1053 1163 1080 innovare
1174 1053 1396 1088 appellationem,
1409 1062 1492 1089 quam
1505 1058 1604 1082 natura
1617 1055 1734 1087 obtinet,
1749 1061 1811 1083 aut-

1030 1106 1063 1126 ve
1080 1107 1094 1126 a
1118 1107 1167 1127 sua
1189 1100 1355 1134 proprietate
1370 1100 1512 1129 excedere.
1532 1100 1592 1133 Qua
1618 1101 1694 1129 enim
1710 1103 1815 1130 ratione

1031 1153 1064 1173 ex
1078 1145 1159 1173 Patre
1180 1146 1253 1173 nulla
1274 1146 1403 1181 passione
1422 1151 1503 1175 natus
1525 1145 1613 1176 Filius
1628 1151 1698 1180 erat,
1720 1148 1760 1174 sic
1788 1152 1815 1175 et

1032 1192 1091 1220 sine
1108 1192 1237 1227 passione
1253 1199 1286 1220 ex
1304 1192 1402 1219 matris
1418 1197 1498 1220 utero
1511 1197 1659 1228 susceptus
1681 1197 1816 1228 partuque

195 1244 247 1270 μῳ,
256 1237 289 1270 τῇ
299 1236 406 1262 ἐκείνων
418 1237 551 1271 παχύτητι
562 1237 866 1272 ἐραθεὶςρξαγγελεύς
878 1245 910 1264 τε
920 1237 980 1272 ἅμα

1032 1238 1132 1270 editus,
1151 1238 1238 1267 Filius
1250 1243 1309 1266 erat
1326 1238 1438 1267 futurus
1450 1260 1460 1273 ,
1478 1245 1626 1275 nosterque
1638 1239 1751 1268 effectus
1760 1240 1815 1267 fra-

191 1281 245 1314 τῆς
263 1282 396 1315 μεγάλης
417 1283 538 1315 βουλῆς
560 1283 656 1317 γέγονε
675 1283 722 1310 καὶ
745 1283 870 1318 ποιητὴς,
890 1283 938 1309 καὶ⁸
948 1283 980 1310 τὸ

1032 1288 1082 1313 ter.
1098 1283 1144 1318 qui
1158 1283 1192 1310 ad
1208 1283 1393 1310 Itazreditatem
1412 1291 1554 1317 vocamur,
1572 1289 1749 1320 paternorum
1766 1293 1816 1312 nos

189 1328 279 1362 πάσης
293 1329 448 1364 ἐκπλήξεως
461 1330 594 1355 ἐπέκεινα
605 1329 686 1365 ἔργον
697 1329 805 1365 πληροῖ,
818 1329 863 1356 τὸν
873 1329 979 1365 ἄνθρω-

1032 1329 1165 1356 bonorum
1193 1330 1350 1357 cohtercdes
1360 1335 1567 1366 assumpturus,
1582 1331 1655 1366 quod
1674 1332 1745 1359 inter
1761 1332 1817 1359 fra-

188 1382 238 1400 πον
250 1374 393 1406 θεοποιὼν,
407 1375 454 1401 καὶ
476 1375 598 1406 καθίζων
623 1376 652 1402 ἐν
667 1375 754 1410 θρόνῳ
780 1375 819 1410 τῷ
833 1375 972 1410 πατρικῷ.

1032 1379 1088 1402 tres
1098 1375 1167 1402 solet
1188 1376 1259 1408 fieri,
1277 1383 1308 1402 ac
1323 1375 1423 1403 fratres
1440 1376 1529 1404 decet.
1543 1377 1577 1403 At
1591 1384 1680 1412 neque
1702 1376 1816 1404 decebat

187 1425 217 1446 nt
241 1420 317 1448 Mens
338 1421 406 1454 (‘25),
425 1427 470 1448 aut
492 1421 623 1455 Spiritus,
646 1423 736 1449 nostri
757 1422 882 1456 corporis
903 1422 974 1449 mole
993 1422 1287 1450 circutttscriberentur
1304 1431 1310 1448 ε
1327 1422 1375 1450 sed
1402 1422 1482 1457 plane
1519 1427 1578 1450 erat
1601 1430 1753 1457 congruum
1787 1427 1818 1452 ut

186 1467 318 1499 Verbum,
333 1469 407 1495 velut
424 1477 470 1503 per
485 1473 587 1495 tomum
603 1476 634 1496 ac
647 1469 708 1496 libri
721 1476 833 1504 corpus,
848 1476 895 1503 per
903 1474 1006 1496 nostra:
1017 1469 1109 1496 carnis
1127 1469 1237 1500 molem,
1273 1468 1306 1495 iis
1323 1472 1517 1496 consuesceret
1551 1468 1598 1504 qui
1630 1469 1663 1496 ad
1697 1469 1815 1496 haeredi-

187 1519 268 1541 tatem
282 1514 476 1541 introduccndi
491 1519 594 1542 essent.
610 1514 691 1542 Venit
705 1515 797 1550 itaque
817 1523 871 1542 non
887 1514 1018 1542 derelicto
1032 1516 1102 1547 loco,
1117 1523 1151 1542 ex
1164 1522 1219 1550 quo
1236 1514 1376 1550 profectus
1409 1519 1478 1543 erat.
1509 1514 1603 1550 Neque
1635 1515 1709 1547 enim
1739 1523 1815 1548 eum,

188 1563 232 1594 qui
251 1564 343 1589 omnia
370 1563 476 1597 implet,
498 1564 551 1589 ulla
575 1563 707 1591 distantia
729 1568 856 1599 segregat
877 1573 884 1590 :
906 1571 995 1598 neque
1032 1563 1151 1591 Verbum
1175 1563 1210 1591 ab
1233 1563 1373 1591 intellectu
1402 1569 1549 1599 generante
1578 1564 1704 1593 recessit.
1733 1563 1818 1599 Igitur

188 1615 275 1642 neque
289 1607 409 1635 Paterno
426 1610 529 1643 gremio
544 1610 627 1636 ullum
649 1610 779 1637 damnum
795 1610 907 1643 attulit,
923 1619 1011 1646 neque
1023 1611 1111 1646 ipsum
1137 1610 1298 1638 detrimenti
1320 1611 1425 1646 aliquid
1457 1611 1543 1639 subiit
1570 1619 1623 1646 qua
1657 1619 1687 1639 se
1723 1611 1818 1639 exina-

187 1654 257 1680 uivit
281 1655 342 1688 ejus
367 1663 448 1689 quatn
481 1657 573 1683 habuit
593 1657 696 1692 gloriae,
715 1660 828 1692 propter
849 1657 976 1684 humanae
993 1661 1098 1685 naturae
1127 1657 1273 1693 ingloriam
1288 1661 1459 1692 assumptam
1490 1657 1691 1686 conditionem.
1732 1657 1818 1690 Quin-

189 1701 255 1732 imo,
272 1701 294 1727 si
313 1702 349 1727 ita
363 1701 404 1728 fas
417 1702 518 1734 dicere,
534 1705 718 1730 accessionem
733 1703 852 1738 aliquam
866 1704 891 1731 ei
914 1703 987 1738 quod
1013 1708 1056 1731 est
1085 1704 1195 1739 plenum
1214 1704 1313 1732 factam
1328 1712 1399 1737 esse,
1411 1704 1571 1732 accessione
1583 1704 1652 1732 facta
1667 1704 1760 1739 gloriae
1784 1712 1817 1732 ex

189 1747 300 1777 humani
318 1748 426 1781 generis
441 1748 599 1782 dispensata
611 1749 721 1782 salute;
740 1749 813 1784 quod
834 1757 879 1777 res
895 1750 974 1777 aliter
995 1756 1117 1784 congrue
1131 1750 1233 1778 habere
1245 1757 1299 1777 non
1322 1754 1425 1785 posset,
1448 1750 1476 1777 in
1512 1754 1607 1777 nostra
1634 1750 1719 1781 mole.
1755 1754 1818 1776 tan-

188 1798 270 1823 quam
286 1793 313 1819 in
326 1798 412 1826 tonio,
428 1796 603 1829 perspicuum
618 1803 648 1823 se
673 1803 705 1823 ac
719 1796 806 1823 oculis
820 1796 973 1831 subjectum
992 1796 1120 1829 reddens,
1139 1800 1197 1823 tum
1220 1797 1309 1831 magni
1324 1796 1431 1825 consilii
1455 1799 1563 1832 angelus
1577 1796 1601 1812 "
1615 1815 1624 1830 ,
1651 1800 1709 1822 tum
1740 1802 1819 1822 exse-

189 1844 269 1864 ‹-ιιιοι-
281 1839 396 1868 effectus
410 1847 470 1873 est,
486 1849 610 1876 opusque
626 1842 706 1875 illud,
720 1842 794 1877 quod
811 1850 920 1870 omnem
932 1843 1141 1870 admirationem
1169 1847 1292 1878 superat,
1309 1842 1420 1878 implet;
1451 1846 1482 1870 ut
1516 1841 1646 1870 nimirum
1680 1841 1818 1869 hominem

189 1886 292 1913 deitate
309 1886 403 1917 donet,
421 1894 452 1913 ac
466 1888 492 1917 in
510 1892 626 1921 paterno
643 1888 712 1916 solio
724 1889 850 1916 collocet.

230 1933 302 1960 Ἀλλ’
319 1930 340 1959 ὧ
360 1934 442 1966 Λόγε,
458 1934 504 1959 διὰ
519 1934 567 1968 τὴν
582 1935 697 1970 ἄχρονον
714 1936 747 1961 ὲκ
763 1935 871 1970 Πατρδς
885 1934 980 1969 γέννη-

1069 1933 1122 1960 Sed
1136 1940 1152 1960 o
1165 1931 1297 1965 Verbum,
1316 1932 1351 1960 ob
1367 1933 1440 1960 illam
1456 1940 1490 1965 ex
1502 1932 1583 1960 Patre
1602 1935 1731 1959 aeternam
1746 1932 1818 1959 nati-

190 1987 250 2011 σιν,
265 1978 313 2005 καὶ
331 1978 469 2013 ἄνθρωπε,
488 1978 592 2014 διὰ’τὴν
609 1981 638 2006 ὲν
654 1980 742 2015 χρόνῳ
756 1981 788 2007 ὲκ
799 1980 901 2016 μητρὸς
913 1980 981 2006 ἁπό-

193 2024 283 2056 τεξινῑ
305 2022 341 2049 Ὠ
372 2025 451 2058 σοφία
475 2025 521 2050 καὶ
541 2025 712 2060 ἀπαύγασμα
738 2026 786 2053 καὶ
806 2025 873 2061 ζωὴ,
889 2026 934 2059 ὑφ’
949 2022 984 2061 ἦς

198 2070 381 2096 κατα-πέποται
400 2070 513 2101 θάνατος
527 2071 532 2096 l
555 2072 587 2096 Ὠ
601 2071 634 2097 δι’
656 2068 688 2097 οὗ
699 2071 794 2106 Πατὴρ
811 2070 981 2106 ἐφανερώθη,

199 2115 245 2140 καὶ
257 2115 322 2141 Π·θεὺ
328 2124 413 2149 ματος
428 2116 545 2150 ποταμοὶ
557 2118 584 2142 ἐν
600 2116 753 2151 ἀνθρώποις
770 2117 909 2153 ἐρρύησαν
924 2117 931 2144 l
948 2114 984 2143 Ὦ

198 2161 280 2195 Τριὰς
290 2162 358 2195 ἁγία
378 2162 473 2188 ἐνώσει
487 2163 677 2198 διαιρουμένη,
691 2164 738 2190 καὶ
757 2163 890 2199 διαιρέσει
921 2172 985 2190 συν-

195 2209 346 2243 αῇομὲνη,
358 2209 388 2234 ὲν
403 2210 476 2243 τρισὶ
493 2210 650 2244 προσώποις
667 2207 708 2242 εἷς
722 2210 789 2242 Θεὺς
819 2209 960 2245 όμοοΰσιος
977 2210 984 2237 ι

194 2253 348 2288 Εἵργασταί
361 2263 401 2280 σοι
417 2255 472 2280 τῶν
486 2256 628 2290 ἡμετέρων
639 2255 726 2290 λόγων
739 2255 819 2282 τοῦτο
847 2255 985 2291 ἀνάθημα,

193 2298 400 2332 προθυμηθέντι
415 2300 464 2333 μὲν
475 2301 513 2331 εἷς
531 2301 578 2334 σὴν
594 2300 676 2336 τιμὴν
686 2301 716 2327 τὸ
726 2300 805 2336 ἔργον
828 2301 986 2335 διενεγκεῖν,

192 2343 223 2368 οὐ
252 2344 473 2379 συγχωρουμένῳ
495 2345 522 2371 δὲ
543 2347 581 2376 εἰς
595 2346 656 2372 ὅσον
679 2345 800 2381 καθῆκεν
818 2345 921 2381 ἀκριϐῆ
937 2346 986 2382 τὴν

193 2389 328 2423 ὲργαπίαν
344 2391 429 2415 ποιεῖν
445 2390 496 2416 ὑπὸ
522 2391 570 2425 τῆς
594 2391 731 2426 προνοίας,
791 2391 907 2427 κρίμασι
931 2392 988 2423 τοῖς

194 2436 254 2464 σοῖς
278 2435 450 2469 ὲνδεδὲμεθα.
476 2437 546 2470 Ἤδη
570 2437 624 2473 γὰρ
641 2438 688 2464 καὶ
703 2437 750 2464 νῦν
762 2437 858 2474 ὥσπερ
872 2437 986 2470 ἑαυτοὺς

192 2479 354 2514 ἡρπακότες
372 2481 422 2516 τῆς
438 2481 492 2509 τῶν
503 2483 675 2518 πραγμάτων
687 2483 827 2519 ἀσχολίας,
843 2483 914 2511 κατὰ
936 2483 985 2519 τὴν

231 2548 255 2564 ⁸⁷
277 2547 332 2576 lsa.
351 2556 390 2582 Ix,
406 2548 434 2577 6.

232 2643 291 2679 (25)
310 2643 344 2670 Ut
355 2643 442 2675 Mens,
458 2647 505 2671 aut
524 2643 652 2677 Spiritus.
673 2643 745 2675 Νοῦς
768 2643 923 2679 ἢΠνεῦμα.
936 2644 986 2671 Pa-

194 2683 240 2705 ter
248 2678 359 2706 scilicet
370 2680 417 2714 qui
427 2679 503 2707 Mens
514 2678 690 2714 intelligitur,
703 2679 776 2706 velut
788 2679 899 2707 deitatis
913 2679 984 2710 fons.

195 2722 231 2741 ex
251 2721 309 2747 quo
326 2713 458 2747 Verbum,
469 2718 497 2741 et
513 2716 612 2746 Amor;
625 2713 713 2742 Filius
729 2714 848 2747 scilicet,
873 2722 904 2741 ac
920 2714 984 2749 Spi-

195 2749 269 2776 ritus
281 2754 406 2777 sanelus.
426 2749 465 2777 Ex
480 2749 579 2785 Mentis
592 2757 657 2785 ergo
680 2752 708 2785 et
734 2748 856 2785 Spiritus
878 2748 984 2777 ratione

196 2788 274 2811 recte
284 2785 387 2819 colligit
403 2793 457 2812 non
472 2784 560 2812 fuisse
575 2784 744 2812 conveniens
759 2784 801 2812 vel
815 2784 924 2819 Patrem
941 2785 984 2811 in-

195 2820 320 2855 eat-nari,
336 2818 377 2847 vel
397 2820 532 2855 Spiritum
544 2824 669 2855 sanctum
686 2828 696 2855 ι
712 2820 782 2847 bene
806 2824 897 2846 atttem
917 2818 985 2847 Ver-

196 2854 276 2886 bum,
293 2855 374 2889 cnjus
388 2854 424 2882 sit
436 2856 463 2882 in
479 2854 578 2887 Tomo,
591 2862 638 2882 seu
652 2854 733 2882 Libro
749 2855 849 2882 sensile
867 2854 936 2887 fleri,
953 2861 985 2882 ac

199 2889 403 2918 :ircumscrihi.
429 2891 522 2918 Grets.
536 2890 611 2917 nulla
629 2889 739 2921 Mentis,
754 2894 800 2916 aut
810 2889 889 2917 Tomi
909 2897 986 2916 men-

195 2924 284 2959 :ione,
303 2925 372 2953 niltil
398 2926 527 2954 subtilem
548 2925 671 2953 auctoris
696 2932 809 2953 sensum
835 2924 984 2960 exprimit;

1034 1979 1157 2010 vitatem,
1175 1985 1207 2005 ac
1223 1979 1306 2005 homo
1318 1978 1353 2005 ob
1370 1978 1548 2013 temporalem
1555 1981 1647 2005 ortum
1659 1985 1693 2004 ex
1708 1982 1794 2004 matre
1809 1978 1815 2003 !

1033 2024 1056 2052 Ο
1078 2025 1224 2059 sapientia,
1244 2023 1429 2059 splendorque
1456 2029 1484 2051 et
1508 2023 1583 2055 vita,
1614 2023 1695 2058 cujus
1712 2023 1819 2050 viribus

1035 2078 1109 2098 mors
1123 2071 1175 2097 fuit
1186 2070 1334 2105 absorpta!
1353 2069 1375 2097 0
1391 2077 1439 2104 per
1457 2077 1538 2104 quem
1551 2068 1632 2096 Pater
1658 2068 1820 2096 manifestae

1034 2121 1079 2144 ttts
1095 2120 1148 2149 est,
1166 2123 1198 2143 ac
1212 2116 1334 2151 Spiritus
1355 2115 1468 2143 ﬂumina
1485 2116 1556 2142 iuter
1579 2115 1706 2143 homines
1721 2114 1820 2142 decur-

1036 2163 1150 2190 rerunt!
1169 2163 1190 2189 Ο
1208 2165 1303 2189 sancta
1320 2161 1454 2193 Trinitas,
1478 2160 1583 2188 unitate
1601 2159 1700 2193 divisa,
1722 2167 1754 2187 ac
1777 2160 1820 2188 di-

1035 2208 1141 2235 visione
1157 2209 1244 2239 unita.
1259 2207 1285 2234 in
1296 2206 1385 2234 tribus
1398 2206 1525 2240 personis
1534 2213 1606 2232 unus
1615 2204 1687 2232 Deus
1699 2205 1820 2233 cousub-

1036 2253 1173 2282 stantialis
1189 2253 1197 2283 ι
1213 2252 1306 2280 Hocce
1316 2251 1366 2279 tibi
1387 2256 1488 2279 nostra:
1502 2250 1635 2278 orationis
1647 2250 1819 2278 elaboratum

1035 2304 1077 2327 est
1101 2305 1220 2331 munus;
1249 2304 1311 2324 cum
1337 2297 1397 2332 ipse
1418 2296 1542 2331 quidem,
1560 2299 1591 2323 ut
1615 2296 1642 2323 in
1660 2300 1735 2323 tuum
1751 2303 1821 2330 opus

1037 2345 1168 2372 honorem
1181 2344 1300 2376 cederet,
1317 2350 1513 2378 percuperem;
1539 2349 1633 2370 verum
1661 2342 1712 2370 sim
1728 2341 1821 2376 probi-

1040 2392 1126 2424 bitus,
1151 2390 1299 2426 quominus
1323 2396 1374 2422 ea,
1394 2396 1446 2424 qua
1471 2396 1520 2423 par
1546 2392 1607 2415 erat
1625 2387 1766 2423 diligentia
1789 2393 1821 2413 ac

1039 2437 1131 2465 studio
1151 2437 1321 2464 absolverem
1340 2444 1346 2462 :
1361 2439 1443 2470 atque
1463 2434 1490 2461 id
1504 2433 1590 2466 curis,
1605 2433 1717 2469 quibus,
1738 2436 1766 2462 te
1781 2433 1818 2459 ita

1036 2484 1157 2517 volente,
1177 2483 1352 2512 distinemur.
1382 2481 1449 2509 Nam
1469 2485 1497 2509 et
1517 2488 1592 2508 nunc
1607 2487 1716 2517 quoque
1738 2477 1818 2515 quasi

950 2587 1069 2626 moria.

1038 2643 1110 2679 apud
1129 2649 1219 2679 quem
1239 2642 1324 2679 etiam
1342 2648 1484 2679 perperam
1508 2640 1542 2666 δι’
1560 2638 1818 2679 ἀτόμονμεοιίριυηι

1037 2676 1091 2711 est,
1106 2676 1167 2714 pro,
1183 2676 1329 2714 otaLTéuou
1340 2677 1400 2714 luti
1413 2676 1496 2714 paulo
1508 2680 1569 2710 post
1583 2676 1691 2714 repetit_
1701 2678 1797 2714 auctor
1810 2681 1817 2700 :

1037 2707 1144 2748 Ὣοέτίερ
1161 2707 1192 2739 ἒν
1216 2707 1307 2748 Τόμὶρ,
1328 2713 1360 2746 τῇ
1377 2707 1492 2748 ἐκείνων
1508 2707 1655 2748 impia-nu
1681 2707 1818 2743 όρασθεις,

1036 2750 1083 2777 ubi
1101 2744 1184 2776 etiam
1211 2744 1496 2781 Grétsero"displicet
1508 2744 1591 2781 Tomi
1621 2751 1733 2775 nomen,
1759 2751 1816 2781 seu

1038 2783 1131 2816 Libri;
1148 2782 1221 2817 quod
1234 2790 1281 2809 rex
1300 2779 1444 2817 theologus
1459 2788 1493 2807 ex
1508 2779 1821 2817 propltetaevangelista

1038 2812 1144 2853 accepit
1157 2812 1166 2844 Ξ
1179 2817 1252 2844 Λάϐε
1269 2815 1374 2853 σεαυτῷ
1389 2812 1479 2853 Τόμον
1493 2812 1568 2842 νέου“
1582 2813 1699 2850 μεγάλου
1709 2812 1821 2853 (Sume

1039 2855 1085 2881 tibi
1102 2850 1212 2880 Tomum
1237 2852 1296 2879 novi
1320 2850 1419 2887 magni,
1440 2850 1494 2879 lsa.
1511 2858 1575 2884 Vlll;
1600 2857 1688 2885 eoque
1704 2850 1818 2877 charum

1040 2890 1121 2917 toties
1139 2888 1248 2923 repetit.
