  <div class='ocr_page' id='page_1' title='image "/cluster/home/n/w/nwhite01/storage/ocr_20150623/107/coo.31924054870112/083.png"; bbox 0 0 4072 6444; ppageno 0'>
   <div class='ocr_carea' id='block_1_1' title="bbox 464 410 3698 480">
    <p class='ocr_par' dir='ltr' id='par_1_1' title="bbox 464 410 3698 480">
     <span class='ocr_line' id='line_1_1' title="bbox 464 410 3698 480; baseline 0.002 -11"><span class='ocrx_word' id='word_1_1' title='bbox 464 410 533 471; x_wconf 79' lang='grc'><strong>75</strong></span> <span class='ocrx_word' id='word_1_2' title='bbox 1676 410 1950 469; x_wconf 85' lang='lat' dir='ltr'><strong>LEONIS</strong></span> <span class='ocrx_word' id='word_1_3' title='bbox 1992 411 2449 471; x_wconf 74' lang='lat' dir='ltr'><strong>PHILOSOPHI</strong></span> <span class='ocrx_word' id='word_1_4' title='bbox 3631 418 3698 480; x_wconf 82' lang='lat'>76</span> 
     </span>
    </p>
   </div>
   <div class='ocr_carea' id='block_1_2' title="bbox 466 516 2058 593">
    <p class='ocr_par' dir='ltr' id='par_1_2' title="bbox 466 516 2058 586">
     <span class='ocr_line' id='line_1_2' title="bbox 466 516 2058 586; baseline -0.003 -14"><span class='ocrx_word' id='word_1_5' title='bbox 466 535 568 574; x_wconf 86' lang='lat' dir='ltr'><strong>nos</strong></span> <span class='ocrx_word' id='word_1_6' title='bbox 597 534 661 572; x_wconf 82' lang='lat' dir='ltr'><strong>ex</strong></span> <span class='ocrx_word' id='word_1_7' title='bbox 693 516 1147 586; x_wconf 76' lang='lat' dir='ltr'><strong>occupationibus</strong></span> <span class='ocrx_word' id='word_1_8' title='bbox 1182 516 1432 570; x_wconf 75' lang='lat' dir='ltr'><strong>sull‘urati</strong></span> <span class='ocrx_word' id='word_1_9' title='bbox 1461 559 1475 584; x_wconf 90' lang='lat'><strong>,</strong></span> <span class='ocrx_word' id='word_1_10' title='bbox 1507 532 1604 586; x_wconf 87' lang='lat' dir='ltr'><strong>pro</strong></span> <span class='ocrx_word' id='word_1_11' title='bbox 1637 517 1896 571; x_wconf 79' lang='lat' dir='ltr'><strong>facultate</strong></span> <span class='ocrx_word' id='word_1_12' title='bbox 1931 534 2030 570; x_wconf 83' lang='lat' dir='ltr'><strong>nn-</strong></span> <span class='ocrx_word' id='word_1_13' title='bbox 2057 574 2058 578; x_wconf 26' lang='grc' dir='ltr'><strong>η</strong></span> 
     </span>
    </p>
   </div>
   <div class='ocr_carea' id='block_1_3' title="bbox 2159 516 3701 593">
    <p class='ocr_par' dir='ltr' id='par_1_3' title="bbox 2159 517 3701 593">
     <span class='ocr_line' id='line_1_3' title="bbox 2159 517 3701 593; baseline 0.006 -24"><span class='ocrx_word' id='word_1_14' title='bbox 2159 519 2236 570; x_wconf 65' lang='grc' dir='ltr'><strong>›πὸ</strong></span> <span class='ocrx_word' id='word_1_15' title='bbox 2261 518 2353 570; x_wconf 85' lang='grc' dir='ltr'>σοῦ</span> <span class='ocrx_word' id='word_1_16' title='bbox 2391 517 2801 588; x_wconf 82' lang='grc' dir='ltr'>χορηγηοεῖσαν</span> <span class='ocrx_word' id='word_1_17' title='bbox 2845 521 3114 589; x_wconf 79' lang='grc' dir='ltr'>μυστικὴν</span> <span class='ocrx_word' id='word_1_18' title='bbox 3162 523 3366 593; x_wconf 82' lang='grc' dir='ltr'><strong>κρόκην</strong></span> <span class='ocrx_word' id='word_1_19' title='bbox 3418 526 3516 593; x_wconf 78' lang='grc' dir='ltr'><strong>τῆς</strong></span> <span class='ocrx_word' id='word_1_20' title='bbox 3563 527 3701 592; x_wconf 81' lang='grc' dir='ltr'><strong>γνὼ-</strong></span> 
     </span>
    </p>
   </div>
   <div class='ocr_carea' id='block_1_4' title="bbox 462 608 2020 679">
    <p class='ocr_par' dir='ltr' id='par_1_4' title="bbox 462 608 2020 679">
     <span class='ocr_line' id='line_1_4' title="bbox 462 608 2020 679; baseline -0.001 -14"><span class='ocrx_word' id='word_1_21' title='bbox 462 612 548 665; x_wconf 91' lang='lat' dir='ltr'><strong>bis</strong></span> <span class='ocrx_word' id='word_1_22' title='bbox 579 627 606 664; x_wconf 89' lang='lat' dir='ltr'><strong>a</strong></span> <span class='ocrx_word' id='word_1_23' title='bbox 640 621 691 665; x_wconf 87' lang='lat' dir='ltr'><strong>te</strong></span> <span class='ocrx_word' id='word_1_24' title='bbox 715 608 1074 674; x_wconf 88' lang='lat' dir='ltr'><strong>concessa,in</strong></span> <span class='ocrx_word' id='word_1_25' title='bbox 1106 611 1338 679; x_wconf 76' lang='lat' dir='ltr'><strong>gloriam</strong></span> <span class='ocrx_word' id='word_1_26' title='bbox 1363 619 1416 665; x_wconf 89' lang='lat' dir='ltr'><strong>et</strong></span> <span class='ocrx_word' id='word_1_27' title='bbox 1442 611 1700 664; x_wconf 73' lang='lat' dir='ltr'><strong>hominem</strong></span> <span class='ocrx_word' id='word_1_28' title='bbox 1734 614 1898 665; x_wconf 87' lang='lat' dir='ltr'><strong>unius</strong></span> <span class='ocrx_word' id='word_1_29' title='bbox 1927 611 2020 664; x_wconf 77' lang='grc' dir='ltr'><strong>ι)ρί</strong></span> 
     </span>
    </p>
   </div>
   <div class='ocr_carea' id='block_1_5' title="bbox 464 697 2023 768">
    <p class='ocr_par' dir='ltr' id='par_1_5' title="bbox 464 697 2023 768">
     <span class='ocr_line' id='line_1_5' title="bbox 464 697 2023 768; baseline 0.003 -16"><span class='ocrx_word' id='word_1_30' title='bbox 464 700 554 768; x_wconf 93' lang='lat' dir='ltr'><strong>qui</strong></span> <span class='ocrx_word' id='word_1_31' title='bbox 600 699 653 753; x_wconf 92' lang='lat' dir='ltr'><strong>in</strong></span> <span class='ocrx_word' id='word_1_32' title='bbox 683 697 948 753; x_wconf 87' lang='lat' dir='ltr'><strong>Trinitate</strong></span> <span class='ocrx_word' id='word_1_33' title='bbox 1001 700 1278 761; x_wconf 87' lang='lat' dir='ltr'><strong>adoratur,</strong></span> <span class='ocrx_word' id='word_1_34' title='bbox 1313 701 1453 752; x_wconf 86' lang='lat' dir='ltr'><strong>hanc</strong></span> <span class='ocrx_word' id='word_1_35' title='bbox 1494 701 1794 754; x_wconf 88' lang='lat' dir='ltr'><strong>orationem</strong></span> <span class='ocrx_word' id='word_1_36' title='bbox 1843 701 2023 756; x_wconf 86' lang='lat' dir='ltr'><strong>tribus</strong></span> 
     </span>
    </p>
   </div>
   <div class='ocr_carea' id='block_1_6' title="bbox 466 791 2023 862">
    <p class='ocr_par' dir='ltr' id='par_1_6' title="bbox 466 791 2023 862">
     <span class='ocr_line' id='line_1_6' title="bbox 466 791 2023 862; baseline 0.003 -18"><span class='ocrx_word' id='word_1_37' title='bbox 466 791 658 845; x_wconf 90' lang='lat' dir='ltr'><strong>diebus</strong></span> <span class='ocrx_word' id='word_1_38' title='bbox 690 791 1131 858; x_wconf 83' lang='lat' dir='ltr'><strong>composuimus;</strong></span> <span class='ocrx_word' id='word_1_39' title='bbox 1165 791 1287 860; x_wconf 85' lang='lat' dir='ltr'><strong>quia</strong></span> <span class='ocrx_word' id='word_1_40' title='bbox 1315 800 1366 845; x_wconf 91' lang='lat' dir='ltr'><strong>te</strong></span> <span class='ocrx_word' id='word_1_41' title='bbox 1396 793 1550 846; x_wconf 83' lang='lat' dir='ltr'><strong>decet</strong></span> <span class='ocrx_word' id='word_1_42' title='bbox 1588 793 1762 845; x_wconf 86' lang='lat' dir='ltr'><strong>honor</strong></span> <span class='ocrx_word' id='word_1_43' title='bbox 1788 793 2023 862; x_wconf 78' lang='lat' dir='ltr'><strong>etgloria</strong></span> 
     </span>
    </p>
   </div>
   <div class='ocr_carea' id='block_1_7' title="bbox 467 883 986 946">
    <p class='ocr_par' dir='ltr' id='par_1_7' title="bbox 467 883 986 946">
     <span class='ocr_line' id='line_1_7' title="bbox 467 883 986 946; baseline 0.002 -10"><span class='ocrx_word' id='word_1_44' title='bbox 467 885 520 936; x_wconf 91' lang='lat' dir='ltr'><strong>in</strong></span> <span class='ocrx_word' id='word_1_45' title='bbox 555 884 774 946; x_wconf 67' lang='lat' dir='ltr'><strong>saecula,</strong></span> <span class='ocrx_word' id='word_1_46' title='bbox 796 883 986 938; x_wconf 78' lang='lat' dir='ltr'><strong>Amen.</strong></span> 
     </span>
    </p>
   </div>
   <div class='ocr_carea' id='block_1_8' title="bbox 1028 1035 1456 1092">
    <p class='ocr_par' dir='ltr' id='par_1_8' title="bbox 1028 1035 1456 1092">
     <span class='ocr_line' id='line_1_8' title="bbox 1028 1035 1456 1092; baseline -0.007 0"><span class='ocrx_word' id='word_1_47' title='bbox 1028 1035 1284 1092; x_wconf 77' lang='lat' dir='ltr'><strong>ORATIO</strong></span> <span class='ocrx_word' id='word_1_48' title='bbox 1323 1035 1456 1091; x_wconf 80' lang='lat' dir='ltr'>VIII.</span> 
     </span>
    </p>
   </div>
   <div class='ocr_carea' id='block_1_9' title="bbox 465 1178 2024 1235">
    <p class='ocr_par' dir='ltr' id='par_1_9' title="bbox 465 1178 2024 1235">
     <span class='ocr_line' id='line_1_9' title="bbox 465 1178 2024 1235; baseline -0.004 0"><span class='ocrx_word' id='word_1_49' title='bbox 465 1183 525 1235; x_wconf 85' lang='lat' dir='ltr'><strong>In</strong></span> <span class='ocrx_word' id='word_1_50' title='bbox 577 1181 952 1233; x_wconf 76' lang='lat' dir='ltr'><strong>extractionem</strong></span> <span class='ocrx_word' id='word_1_51' title='bbox 1012 1178 1386 1233; x_wconf 77' lang='lat' dir='ltr'><strong>uenerabilium</strong></span> <span class='ocrx_word' id='word_1_52' title='bbox 1441 1197 1501 1232; x_wconf 85' lang='lat' dir='ltr'><strong>ac</strong></span> <span class='ocrx_word' id='word_1_53' title='bbox 1562 1189 2024 1234; x_wconf 75' lang='lat' dir='ltr'><strong>sacrosanctorum</strong></span> 
     </span>
    </p>
   </div>
   <div class='ocr_carea' id='block_1_10' title="bbox 539 1249 2032 1318">
    <p class='ocr_par' dir='ltr' id='par_1_10' title="bbox 539 1249 2032 1318">
     <span class='ocr_line' id='line_1_10' title="bbox 539 1249 2032 1318; baseline -0.003 -14"><span class='ocrx_word' id='word_1_54' title='bbox 539 1252 828 1310; x_wconf 78' lang='lat' dir='ltr'><strong>clavorum,</strong></span> <span class='ocrx_word' id='word_1_55' title='bbox 872 1253 962 1318; x_wconf 86' lang='lat' dir='ltr'><strong>qui</strong></span> <span class='ocrx_word' id='word_1_56' title='bbox 1011 1251 1166 1317; x_wconf 64' lang='lat' dir='ltr'><strong>inﬁxi</strong></span> <span class='ocrx_word' id='word_1_57' title='bbox 1202 1250 1421 1317; x_wconf 76' lang='lat' dir='ltr'><strong>[uerunt</strong></span> <span class='ocrx_word' id='word_1_58' title='bbox 1464 1253 1518 1302; x_wconf 83' lang='lat' dir='ltr'><strong>in</strong></span> <span class='ocrx_word' id='word_1_59' title='bbox 1559 1266 1773 1315; x_wconf 74' lang='lat' dir='ltr'><strong>corpore</strong></span> <span class='ocrx_word' id='word_1_60' title='bbox 1818 1249 2032 1302; x_wconf 80' lang='lat' dir='ltr'><strong>Domini</strong></span> 
     </span>
    </p>
   </div>
   <div class='ocr_carea' id='block_1_11' title="bbox 539 1319 2030 1387">
    <p class='ocr_par' dir='ltr' id='par_1_11' title="bbox 539 1319 2030 1387">
     <span class='ocr_line' id='line_1_11' title="bbox 539 1319 2030 1387; baseline -0.003 -12"><span class='ocrx_word' id='word_1_61' title='bbox 539 1323 707 1375; x_wconf 77' lang='lat' dir='ltr'><strong>nostri</strong></span> <span class='ocrx_word' id='word_1_62' title='bbox 731 1320 860 1373; x_wconf 81' lang='lat' dir='ltr'><strong>Jesu</strong></span> <span class='ocrx_word' id='word_1_63' title='bbox 895 1319 1134 1382; x_wconf 78' lang='lat' dir='ltr'><strong>Christi;</strong></span> <span class='ocrx_word' id='word_1_64' title='bbox 1159 1330 1204 1371; x_wconf 85' lang='lat' dir='ltr'><strong>ct</strong></span> <span class='ocrx_word' id='word_1_65' title='bbox 1243 1323 1295 1371; x_wconf 87' lang='lat' dir='ltr'><strong>in</strong></span> <span class='ocrx_word' id='word_1_66' title='bbox 1321 1319 1484 1373; x_wconf 85' lang='lat' dir='ltr'><strong>divini</strong></span> <span class='ocrx_word' id='word_1_67' title='bbox 1515 1321 1748 1385; x_wconf 82' lang='lat' dir='ltr'><strong>corporis</strong></span> <span class='ocrx_word' id='word_1_68' title='bbox 1788 1324 2030 1387; x_wconf 74' lang='lat' dir='ltr'><strong>sepultu-</strong></span> 
     </span>
    </p>
   </div>
   <div class='ocr_carea' id='block_1_12' title="bbox 540 1390 2032 1530">
    <p class='ocr_par' dir='ltr' id='par_1_12' title="bbox 540 1390 2032 1530">
     <span class='ocr_line' id='line_1_12' title="bbox 540 1390 2032 1530; baseline 0 -86"><span class='ocrx_word' id='word_1_69' title='bbox 540 1391 874 1530; x_wconf 48' lang='grc' dir='ltr'>ταηιῐὲἓῖτια</span> <span class='ocrx_word' id='word_1_70' title='bbox 921 1403 999 1444; x_wconf 84' lang='lat' dir='ltr'><strong>est</strong></span> <span class='ocrx_word' id='word_1_71' title='bbox 1039 1400 1228 1443; x_wconf 76' lang='lat' dir='ltr'><strong>sancta</strong></span> <span class='ocrx_word' id='word_1_72' title='bbox 1284 1405 1347 1442; x_wconf 83' lang='lat' dir='ltr'><strong>ac</strong></span> <span class='ocrx_word' id='word_1_73' title='bbox 1409 1407 1604 1459; x_wconf 84' lang='lat' dir='ltr'><strong>magna</strong></span> <span class='ocrx_word' id='word_1_74' title='bbox 1652 1390 1735 1442; x_wconf 84' lang='lat' dir='ltr'><strong>die</strong></span> <span class='ocrx_word' id='word_1_75' title='bbox 1770 1390 2032 1444; x_wconf 76' lang='lat' dir='ltr'><strong>Parascc-</strong></span> 
     </span>
     <span class='ocr_line' id='line_1_13' title="bbox 542 1479 802 1516; baseline -0.004 -1"><span class='ocrx_word' id='word_1_76' title='bbox 542 1479 628 1516; x_wconf 80' lang='lat' dir='ltr'><strong>ves</strong></span> <span class='ocrx_word' id='word_1_77' title='bbox 790 1502 802 1514; x_wconf 94' lang='lat'><strong>.</strong></span> 
     </span>
    </p>
   </div>
   <div class='ocr_carea' id='block_1_13' title="bbox 542 1479 802 1516">
    <p class='ocr_par' dir='ltr' id='par_1_13' title="bbox 542 1479 802 1516">
     <span class='ocr_line' id='line_1_14' title="bbox 542 1479 802 1516; baseline -0.004 -1"><span class='ocrx_word' id='word_1_78' title='bbox 542 1479 628 1516; x_wconf 81' lang='lat' dir='ltr'><strong>ves</strong></span> <span class='ocrx_word' id='word_1_79' title='bbox 665 1479 802 1516; x_wconf 71' lang='grc'><strong>(201.</strong></span> 
     </span>
    </p>
   </div>
   <div class='ocr_carea' id='block_1_14' title="bbox 2129 604 3702 684">
    <p class='ocr_par' dir='ltr' id='par_1_14' title="bbox 2129 604 3702 684">
     <span class='ocr_line' id='line_1_15' title="bbox 2129 604 3702 684; baseline 0.008 -29"><span class='ocrx_word' id='word_1_80' title='bbox 2129 621 2266 666; x_wconf 86' lang='grc' dir='ltr'>σεως</span> <span class='ocrx_word' id='word_1_81' title='bbox 2301 620 2314 634; x_wconf 75' lang='grc'><strong><em>⁸</em></strong></span> <span class='ocrx_word' id='word_1_82' title='bbox 2355 604 2431 675; x_wconf 84' lang='grc' dir='ltr'><strong>τῷ</strong></span> <span class='ocrx_word' id='word_1_83' title='bbox 2463 605 2542 658; x_wconf 79' lang='grc' dir='ltr'>ἑνὶ</span> <span class='ocrx_word' id='word_1_84' title='bbox 2572 606 2867 676; x_wconf 79' lang='grc' dir='ltr'><strong>τιμωμένῳ</strong></span> <span class='ocrx_word' id='word_1_85' title='bbox 2897 610 2954 662; x_wconf 79' lang='grc' dir='ltr'>ἐν</span> <span class='ocrx_word' id='word_1_86' title='bbox 2985 609 3175 679; x_wconf 84' lang='grc' dir='ltr'>Τριάδι</span> <span class='ocrx_word' id='word_1_87' title='bbox 3206 612 3323 681; x_wconf 80' lang='grc' dir='ltr'>Θεῷ</span> <span class='ocrx_word' id='word_1_88' title='bbox 3373 615 3428 664; x_wconf 74' lang='grc' dir='ltr'>ἐν</span> <span class='ocrx_word' id='word_1_89' title='bbox 3479 615 3702 684; x_wconf 78' lang='grc' dir='ltr'>ἡμερῶν</span> 
     </span>
    </p>
   </div>
   <div class='ocr_carea' id='block_1_15' title="bbox 2130 694 3706 772">
    <p class='ocr_par' dir='ltr' id='par_1_15' title="bbox 2130 694 3706 772">
     <span class='ocr_line' id='line_1_16' title="bbox 2130 694 3706 772; baseline 0.006 -26"><span class='ocrx_word' id='word_1_90' title='bbox 2130 694 2317 763; x_wconf 81' lang='grc' dir='ltr'>Τριάδι</span> <span class='ocrx_word' id='word_1_91' title='bbox 2346 697 2423 757; x_wconf 83' lang='grc' dir='ltr'><strong>είς</strong></span> <span class='ocrx_word' id='word_1_92' title='bbox 2473 694 2648 758; x_wconf 81' lang='grc' dir='ltr'>δόξαν,</span> <span class='ocrx_word' id='word_1_93' title='bbox 2696 697 2792 748; x_wconf 75' lang='grc' dir='ltr'><strong>καὶ</strong></span> <span class='ocrx_word' id='word_1_94' title='bbox 2824 697 3043 751; x_wconf 75' lang='grc' dir='ltr'>ἔπαινον</span> <span class='ocrx_word' id='word_1_95' title='bbox 3078 700 3138 752; x_wconf 87' lang='grc' dir='ltr'>τὺ</span> <span class='ocrx_word' id='word_1_96' title='bbox 3178 701 3347 771; x_wconf 83' lang='grc' dir='ltr'>δῶρον</span> <span class='ocrx_word' id='word_1_97' title='bbox 3390 702 3706 772; x_wconf 80' lang='grc' dir='ltr'>ἐξειργασά-</span> 
     </span>
    </p>
   </div>
   <div class='ocr_carea' id='block_1_16' title="bbox 2135 787 3702 860">
    <p class='ocr_par' dir='ltr' id='par_1_16' title="bbox 2135 787 3702 860">
     <span class='ocr_line' id='line_1_17' title="bbox 2135 787 3702 860; baseline 0.007 -22"><span class='ocrx_word' id='word_1_98' title='bbox 2135 787 2295 853; x_wconf 73' lang='grc' dir='ltr'>μεθαο</span> <span class='ocrx_word' id='word_1_99' title='bbox 2316 788 2398 839; x_wconf 78' lang='grc' dir='ltr'>ὅτι</span> <span class='ocrx_word' id='word_1_100' title='bbox 2435 787 2521 838; x_wconf 78' lang='grc' dir='ltr'><strong>σοὶ</strong></span> <span class='ocrx_word' id='word_1_101' title='bbox 2557 788 2756 856; x_wconf 81' lang='grc' dir='ltr'>πρέπει</span> <span class='ocrx_word' id='word_1_102' title='bbox 2785 791 2914 860; x_wconf 87' lang='grc' dir='ltr'>τιμὴ</span> <span class='ocrx_word' id='word_1_103' title='bbox 2949 793 3040 844; x_wconf 76' lang='grc' dir='ltr'><strong>καὶ</strong></span> <span class='ocrx_word' id='word_1_104' title='bbox 3063 793 3188 859; x_wconf 83' lang='grc' dir='ltr'>δόξα</span> <span class='ocrx_word' id='word_1_105' title='bbox 3221 796 3299 856; x_wconf 83' lang='grc' dir='ltr'><strong>εἰς</strong></span> <span class='ocrx_word' id='word_1_106' title='bbox 3324 795 3448 857; x_wconf 77' lang='grc' dir='ltr'>τοὺς</span> <span class='ocrx_word' id='word_1_107' title='bbox 3479 796 3702 860; x_wconf 85' lang='grc' dir='ltr'>αἰῶνας.</span> 
     </span>
    </p>
   </div>
   <div class='ocr_carea' id='block_1_17' title="bbox 2147 881 2337 950">
    <p class='ocr_par' dir='ltr' id='par_1_17' title="bbox 2147 881 2337 950">
     <span class='ocr_line' id='line_1_18' title="bbox 2147 881 2337 950; baseline 0.011 -18"><span class='ocrx_word' id='word_1_108' title='bbox 2147 881 2337 950; x_wconf 80' lang='grc' dir='ltr'><strong>’Λμήν.</strong></span> 
     </span>
    </p>
   </div>
   <div class='ocr_carea' id='block_1_18' title="bbox 2758 1045 3079 1098">
    <p class='ocr_par' dir='ltr' id='par_1_18' title="bbox 2758 1045 3079 1098">
     <span class='ocr_line' id='line_1_19' title="bbox 2758 1045 3079 1098; baseline 0.006 -2"><span class='ocrx_word' id='word_1_109' title='bbox 2758 1045 2973 1096; x_wconf 79' lang='grc' dir='ltr'><strong>ΛΟΓΟΣ</strong></span> <span class='ocrx_word' id='word_1_110' title='bbox 2999 1047 3079 1098; x_wconf 83' lang='lat' dir='ltr'>II’.</span> 
     </span>
    </p>
   </div>
   <div class='ocr_carea' id='block_1_19' title="bbox 2134 1179 3711 1262">
    <p class='ocr_par' dir='ltr' id='par_1_19' title="bbox 2134 1179 3711 1262">
     <span class='ocr_line' id='line_1_20' title="bbox 2134 1179 3711 1262; baseline 0.007 -30"><span class='ocrx_word' id='word_1_111' title='bbox 2134 1180 2240 1262; x_wconf 67' lang='grc' dir='ltr'>Είς</span> <span class='ocrx_word' id='word_1_112' title='bbox 2268 1179 2398 1262; x_wconf 41' lang='grc' dir='ltr'><strong>’τὴν</strong></span> <span class='ocrx_word' id='word_1_113' title='bbox 2436 1181 2909 1262; x_wconf 39' lang='grc' dir='ltr'>ἀίτοκᾳθήλωισιν</span> <span class='ocrx_word' id='word_1_114' title='bbox 2959 1183 3077 1262; x_wconf 77' lang='grc' dir='ltr'><strong>τῷν</strong></span> <span class='ocrx_word' id='word_1_115' title='bbox 3117 1188 3320 1262; x_wconf 52' lang='grc' dir='ltr'>τιμίων</span> <span class='ocrx_word' id='word_1_116' title='bbox 3375 1189 3472 1242; x_wconf 75' lang='grc' dir='ltr'>καὶ</span> <span class='ocrx_word' id='word_1_117' title='bbox 3522 1189 3711 1262; x_wconf 73' lang='grc' dir='ltr'>ᾀγίων</span> 
     </span>
    </p>
   </div>
   <div class='ocr_carea' id='block_1_20' title="bbox 2206 1253 3711 1331">
    <p class='ocr_par' dir='ltr' id='par_1_20' title="bbox 2206 1253 3711 1331">
     <span class='ocr_line' id='line_1_21' title="bbox 2206 1253 3711 1331; baseline 0.009 -31"><span class='ocrx_word' id='word_1_118' title='bbox 2206 1253 2394 1314; x_wconf 76' lang='grc' dir='ltr'>ἥλων,</span> <span class='ocrx_word' id='word_1_119' title='bbox 2428 1253 2547 1331; x_wconf 47' lang='grc' dir='ltr'>ζῶ-ις</span> <span class='ocrx_word' id='word_1_120' title='bbox 2583 1254 3057 1331; x_wconf 53' lang='grc' dir='ltr'>ἐμπαρέζτωγ-ἐν</span> <span class='ocrx_word' id='word_1_121' title='bbox 3085 1253 3552 1331; x_wconf 16' lang='grc' dir='ltr'>τέβᾷ-Δεσποτικῷ</span> <span class='ocrx_word' id='word_1_122' title='bbox 3572 1253 3711 1313; x_wconf 70' lang='grc' dir='ltr'><strong>’σὼ-</strong></span> 
     </span>
    </p>
   </div>
   <div class='ocr_carea' id='block_1_21' title="bbox 2200 1322 3714 1406">
    <p class='ocr_par' dir='ltr' id='par_1_21' title="bbox 2200 1322 3714 1406">
     <span class='ocr_line' id='line_1_22' title="bbox 2200 1322 3714 1406; baseline 0.009 -35"><span class='ocrx_word' id='word_1_123' title='bbox 2200 1335 2340 1406; x_wconf 67' lang='grc' dir='ltr'>μοιτί</span> <span class='ocrx_word' id='word_1_124' title='bbox 2356 1322 2470 1406; x_wconf 50' lang='grc' dir='ltr'>τοᾷ</span> <span class='ocrx_word' id='word_1_125' title='bbox 2488 1324 2713 1406; x_wconf 75' lang='grc' dir='ltr'>Κυρίου</span> <span class='ocrx_word' id='word_1_126' title='bbox 2733 1322 2908 1406; x_wconf 42' lang='grc' dir='ltr'><strong>,ήμῷν</strong></span> <span class='ocrx_word' id='word_1_127' title='bbox 2934 1324 3136 1406; x_wconf 62' lang='grc' dir='ltr'>Ἰηοςοῦ</span> <span class='ocrx_word' id='word_1_128' title='bbox 3163 1328 3419 1406; x_wconf 49' lang='lat' dir='ltr'><strong>{glarea}</strong></span> <span class='ocrx_word' id='word_1_129' title='bbox 3444 1346 3456 1359; x_wconf 91' lang='grc'><strong>·</strong></span> <span class='ocrx_word' id='word_1_130' title='bbox 3494 1322 3590 1406; x_wconf 72' lang='grc' dir='ltr'>καὶ</span> <span class='ocrx_word' id='word_1_131' title='bbox 3629 1333 3714 1395; x_wconf 81' lang='grc' dir='ltr'>εἰς</span> 
     </span>
    </p>
   </div>
   <div class='ocr_carea' id='block_1_22' title="bbox 2207 1392 3718 1474">
    <p class='ocr_par' dir='ltr' id='par_1_22' title="bbox 2207 1392 3718 1474">
     <span class='ocr_line' id='line_1_23' title="bbox 2207 1392 3718 1474; baseline 0.01 -34"><span class='ocrx_word' id='word_1_132' title='bbox 2207 1392 2328 1474; x_wconf 54' lang='lat' dir='ltr'><strong>rip:</strong></span> <span class='ocrx_word' id='word_1_133' title='bbox 2350 1392 2652 1474; x_wconf 51' lang='lat' dir='ltr'><strong>(ieci-owner</strong></span> <span class='ocrx_word' id='word_1_134' title='bbox 2677 1395 2863 1472; x_wconf 59' lang='lat' dir='ltr'><strong>adfor)</strong></span> <span class='ocrx_word' id='word_1_135' title='bbox 2903 1395 3117 1463; x_wconf 66' lang='grc' dir='ltr'><strong>ταφήν.</strong></span> <span class='ocrx_word' id='word_1_136' title='bbox 3171 1395 3246 1465; x_wconf 71' lang='grc' dir='ltr'><strong>Τῇ</strong></span> <span class='ocrx_word' id='word_1_137' title='bbox 3286 1399 3423 1468; x_wconf 77' lang='grc' dir='ltr'><strong>ἁγίᾳ</strong></span> <span class='ocrx_word' id='word_1_138' title='bbox 3474 1401 3570 1453; x_wconf 79' lang='grc' dir='ltr'><strong>καί</strong></span> <span class='ocrx_word' id='word_1_139' title='bbox 3612 1392 3718 1470; x_wconf 54' lang='grc' dir='ltr'>μεέ</span> 
     </span>
    </p>
   </div>
   <div class='ocr_carea' id='block_1_23' title="bbox 2214 1462 2796 1531">
    <p class='ocr_par' dir='ltr' id='par_1_23' title="bbox 2214 1462 2796 1531">
     <span class='ocr_line' id='line_1_24' title="bbox 2214 1462 2796 1531; baseline 0.01 -19"><span class='ocrx_word' id='word_1_140' title='bbox 2214 1462 2372 1528; x_wconf 75' lang='grc' dir='ltr'><strong>τάλῃ</strong></span> <span class='ocrx_word' id='word_1_141' title='bbox 2409 1462 2796 1531; x_wconf 78' lang='grc' dir='ltr'>Παρασκευῇ.</span> 
     </span>
    </p>
   </div>
   <div class='ocr_carea' id='block_1_24' title="bbox 1651 1569 2583 1646">
    <p class='ocr_par' dir='ltr' id='par_1_24' title="bbox 1651 1569 2583 1646">
     <span class='ocr_line' id='line_1_25' title="bbox 1651 1569 2583 1646; baseline 0.009 -23"><span class='ocrx_word' id='word_1_142' title='bbox 1651 1569 1958 1640; x_wconf 73' lang='lat' dir='ltr'><strong>(Counerts.</strong></span> <span class='ocrx_word' id='word_1_143' title='bbox 1993 1571 2207 1623; x_wconf 71' lang='lat' dir='ltr'><strong>Auctor.</strong></span> <span class='ocrx_word' id='word_1_144' title='bbox 2250 1587 2370 1642; x_wconf 88' lang='lat' dir='ltr'><strong>pag.</strong></span> <span class='ocrx_word' id='word_1_145' title='bbox 2404 1575 2583 1646; x_wconf 78' lang='grc'><strong>1675.)</strong></span> 
     </span>
    </p>
   </div>
   <div class='ocr_carea' id='block_1_25' title="bbox 545 1687 2116 1759">
    <p class='ocr_par' dir='ltr' id='par_1_25' title="bbox 545 1687 2116 1759">
     <span class='ocr_line' id='line_1_26' title="bbox 545 1687 2116 1759; baseline -0.006 -13"><span class='ocrx_word' id='word_1_146' title='bbox 545 1691 589 1746; x_wconf 92' lang='grc' dir='ltr'>Ο</span> <span class='ocrx_word' id='word_1_147' title='bbox 618 1689 956 1745; x_wconf 86' lang='lat' dir='ltr'><strong>tremendum</strong></span> <span class='ocrx_word' id='word_1_148' title='bbox 986 1690 1301 1759; x_wconf 82' lang='lat' dir='ltr'><strong>mysterium</strong></span> <span class='ocrx_word' id='word_1_149' title='bbox 1329 1687 1597 1741; x_wconf 73' lang='lat' dir='ltr'><strong>universae</strong></span> <span class='ocrx_word' id='word_1_150' title='bbox 1618 1695 1902 1748; x_wconf 60' lang='lat' dir='ltr'><strong>creaturae,</strong></span> <span class='ocrx_word' id='word_1_151' title='bbox 1924 1693 2039 1738; x_wconf 91' lang='lat' dir='ltr'><strong>tum</strong></span> <span class='ocrx_word' id='word_1_152' title='bbox 2069 1689 2116 1746; x_wconf 90' lang='lat' dir='ltr'><strong>B</strong></span> 
     </span>
    </p>
   </div>
   <div class='ocr_carea' id='block_1_26' title="bbox 477 1775 2036 1850">
    <p class='ocr_par' dir='ltr' id='par_1_26' title="bbox 477 1775 2036 1850">
     <span class='ocr_line' id='line_1_27' title="bbox 477 1775 2036 1850; baseline -0.006 -14"><span class='ocrx_word' id='word_1_153' title='bbox 477 1783 710 1850; x_wconf 70' lang='lat' dir='ltr'><strong>cmlesti,</strong></span> <span class='ocrx_word' id='word_1_154' title='bbox 761 1792 875 1836; x_wconf 91' lang='lat' dir='ltr'><strong>tum</strong></span> <span class='ocrx_word' id='word_1_155' title='bbox 921 1781 1242 1835; x_wconf 64' lang='lat' dir='ltr'><strong>mandante!</strong></span> <span class='ocrx_word' id='word_1_156' title='bbox 1305 1781 1345 1833; x_wconf 92' lang='grc' dir='ltr'>Ο</span> <span class='ocrx_word' id='word_1_157' title='bbox 1389 1779 1754 1848; x_wconf 80' lang='lat' dir='ltr'><strong>mysterium,</strong></span> <span class='ocrx_word' id='word_1_158' title='bbox 1806 1775 2036 1829; x_wconf 80' lang='lat' dir='ltr'><strong>miriﬁca</strong></span> 
     </span>
    </p>
   </div>
   <div class='ocr_carea' id='block_1_27' title="bbox 477 1863 2040 1943">
    <p class='ocr_par' dir='ltr' id='par_1_27' title="bbox 477 1863 2040 1943">
     <span class='ocr_line' id='line_1_28' title="bbox 477 1863 2040 1943; baseline -0.007 -16"><span class='ocrx_word' id='word_1_159' title='bbox 477 1877 682 1936; x_wconf 79' lang='lat' dir='ltr'><strong>munia,</strong></span> <span class='ocrx_word' id='word_1_160' title='bbox 718 1890 838 1943; x_wconf 70' lang='lat' dir='ltr'><strong>quae</strong></span> <span class='ocrx_word' id='word_1_161' title='bbox 885 1889 914 1928; x_wconf 89' lang='lat' dir='ltr'><strong>a</strong></span> <span class='ocrx_word' id='word_1_162' title='bbox 948 1873 1148 1925; x_wconf 82' lang='lat' dir='ltr'><strong>mundo</strong></span> <span class='ocrx_word' id='word_1_163' title='bbox 1175 1869 1400 1925; x_wconf 82' lang='lat' dir='ltr'><strong>condito</strong></span> <span class='ocrx_word' id='word_1_164' title='bbox 1446 1875 1765 1930; x_wconf 83' lang='lat' dir='ltr'><strong>evenerunt,</strong></span> <span class='ocrx_word' id='word_1_165' title='bbox 1813 1880 1910 1920; x_wconf 86' lang='lat' dir='ltr'><strong>sua</strong></span> <span class='ocrx_word' id='word_1_166' title='bbox 1945 1863 2040 1917; x_wconf 89' lang='lat' dir='ltr'><strong>ad-</strong></span> 
     </span>
    </p>
   </div>
   <div class='ocr_carea' id='block_1_28' title="bbox 479 1957 2040 2032">
    <p class='ocr_par' dir='ltr' id='par_1_28' title="bbox 479 1957 2040 2032">
     <span class='ocr_line' id='line_1_29' title="bbox 479 1957 2040 2032; baseline -0.009 -14"><span class='ocrx_word' id='word_1_167' title='bbox 479 1966 830 2020; x_wconf 85' lang='lat' dir='ltr'><strong>mirabilitate</strong></span> <span class='ocrx_word' id='word_1_168' title='bbox 864 1964 1020 2032; x_wconf 80' lang='lat' dir='ltr'><strong>longe</strong></span> <span class='ocrx_word' id='word_1_169' title='bbox 1052 1960 1426 2030; x_wconf 82' lang='lat' dir='ltr'><strong>exsuperans!</strong></span> <span class='ocrx_word' id='word_1_170' title='bbox 1463 1959 1626 2012; x_wconf 82' lang='lat' dir='ltr'><strong>Plane</strong></span> <span class='ocrx_word' id='word_1_171' title='bbox 1657 1957 1882 2027; x_wconf 77' lang='lat' dir='ltr'><strong>dignum</strong></span> <span class='ocrx_word' id='word_1_172' title='bbox 1919 1966 2040 2011; x_wconf 80' lang='lat' dir='ltr'><strong>Stu-</strong></span> 
     </span>
    </p>
   </div>
   <div class='ocr_carea' id='block_1_29' title="bbox 483 2047 2041 2127">
    <p class='ocr_par' dir='ltr' id='par_1_29' title="bbox 483 2047 2041 2127">
     <span class='ocr_line' id='line_1_30' title="bbox 483 2047 2041 2127; baseline -0.008 -15"><span class='ocrx_word' id='word_1_173' title='bbox 483 2073 632 2127; x_wconf 88' lang='lat' dir='ltr'><strong>pore,</strong></span> <span class='ocrx_word' id='word_1_174' title='bbox 663 2065 911 2110; x_wconf 85' lang='lat' dir='ltr'><strong>materno</strong></span> <span class='ocrx_word' id='word_1_175' title='bbox 944 2054 1110 2109; x_wconf 89' lang='lat' dir='ltr'><strong>Deum</strong></span> <span class='ocrx_word' id='word_1_176' title='bbox 1141 2053 1260 2123; x_wconf 87' lang='lat' dir='ltr'><strong>capi</strong></span> <span class='ocrx_word' id='word_1_177' title='bbox 1285 2062 1461 2115; x_wconf 89' lang='lat' dir='ltr'><strong>utero,</strong></span> <span class='ocrx_word' id='word_1_178' title='bbox 1487 2061 1540 2104; x_wconf 90' lang='lat' dir='ltr'><strong>et</strong></span> <span class='ocrx_word' id='word_1_179' title='bbox 1570 2065 1692 2103; x_wconf 90' lang='lat' dir='ltr'><strong>cum</strong></span> <span class='ocrx_word' id='word_1_180' title='bbox 1727 2047 2041 2102; x_wconf 82' lang='lat' dir='ltr'><strong>hominibus</strong></span> 
     </span>
    </p>
   </div>
   <div class='ocr_carea' id='block_1_30' title="bbox 479 2143 2040 2217">
    <p class='ocr_par' dir='ltr' id='par_1_30' title="bbox 479 2143 2040 2217">
     <span class='ocr_line' id='line_1_31' title="bbox 479 2143 2040 2217; baseline -0.007 -14"><span class='ocrx_word' id='word_1_181' title='bbox 479 2148 816 2209; x_wconf 84' lang='lat' dir='ltr'><strong>conversari.</strong></span> <span class='ocrx_word' id='word_1_182' title='bbox 869 2163 932 2202; x_wconf 90' lang='lat' dir='ltr'><strong>ac</strong></span> <span class='ocrx_word' id='word_1_183' title='bbox 970 2149 1016 2202; x_wconf 90' lang='lat' dir='ltr'><strong>si</strong></span> <span class='ocrx_word' id='word_1_184' title='bbox 1060 2163 1165 2217; x_wconf 85' lang='lat' dir='ltr'><strong>qua</strong></span> <span class='ocrx_word' id='word_1_185' title='bbox 1210 2146 1313 2200; x_wconf 86' lang='lat' dir='ltr'><strong>alia</strong></span> <span class='ocrx_word' id='word_1_186' title='bbox 1366 2148 1616 2199; x_wconf 75' lang='lat' dir='ltr'><strong>humana:</strong></span> <span class='ocrx_word' id='word_1_187' title='bbox 1655 2143 1848 2197; x_wconf 87' lang='lat' dir='ltr'><strong>salutis</strong></span> <span class='ocrx_word' id='word_1_188' title='bbox 1874 2155 2040 2194; x_wconf 85' lang='lat' dir='ltr'><strong>causa</strong></span> 
     </span>
    </p>
   </div>
   <div class='ocr_carea' id='block_1_31' title="bbox 481 2238 2043 2312">
    <p class='ocr_par' dir='ltr' id='par_1_31' title="bbox 481 2238 2043 2312">
     <span class='ocr_line' id='line_1_32' title="bbox 481 2238 2043 2312; baseline -0.008 -15"><span class='ocrx_word' id='word_1_189' title='bbox 481 2254 631 2312; x_wconf 80' lang='lat' dir='ltr'><strong>gesta</strong></span> <span class='ocrx_word' id='word_1_190' title='bbox 664 2243 884 2297; x_wconf 82' lang='lat' dir='ltr'><strong>fuerunt</strong></span> <span class='ocrx_word' id='word_1_191' title='bbox 918 2256 980 2294; x_wconf 87' lang='lat' dir='ltr'><strong>ac</strong></span> <span class='ocrx_word' id='word_1_192' title='bbox 1026 2241 1342 2309; x_wconf 70' lang='lat' dir='ltr'><strong>disyensata</strong></span> <span class='ocrx_word' id='word_1_193' title='bbox 1379 2257 1391 2291; x_wconf 90' lang='lat'>:</span> <span class='ocrx_word' id='word_1_194' title='bbox 1425 2238 1660 2291; x_wconf 87' lang='lat' dir='ltr'><strong>voluisse</strong></span> <span class='ocrx_word' id='word_1_195' title='bbox 1689 2245 1868 2288; x_wconf 78' lang='lat' dir='ltr'><strong>autem</strong></span> <span class='ocrx_word' id='word_1_196' title='bbox 1897 2247 2043 2285; x_wconf 85' lang='lat' dir='ltr'><strong>mor-</strong></span> 
     </span>
    </p>
   </div>
   <div class='ocr_carea' id='block_1_32' title="bbox 483 2323 2048 2402">
    <p class='ocr_par' dir='ltr' id='par_1_32' title="bbox 483 2323 2048 2402">
     <span class='ocr_line' id='line_1_33' title="bbox 483 2323 2048 2402; baseline -0.006 -18"><span class='ocrx_word' id='word_1_197' title='bbox 483 2346 589 2388; x_wconf 83' lang='lat' dir='ltr'><strong>tem</strong></span> <span class='ocrx_word' id='word_1_198' title='bbox 613 2342 887 2402; x_wconf 86' lang='lat' dir='ltr'><strong>oppetere,</strong></span> <span class='ocrx_word' id='word_1_199' title='bbox 923 2332 973 2385; x_wconf 89' lang='lat' dir='ltr'><strong>id</strong></span> <span class='ocrx_word' id='word_1_200' title='bbox 1007 2340 1271 2400; x_wconf 89' lang='lat' dir='ltr'><strong>quantum</strong></span> <span class='ocrx_word' id='word_1_201' title='bbox 1305 2330 1370 2383; x_wconf 91' lang='lat' dir='ltr'><strong>ad</strong></span> <span class='ocrx_word' id='word_1_202' title='bbox 1408 2328 1818 2382; x_wconf 82' lang='lat' dir='ltr'><strong>inclinationem</strong></span> <span class='ocrx_word' id='word_1_203' title='bbox 1866 2323 2048 2376; x_wconf 80' lang='lat' dir='ltr'><strong>humi-</strong></span> 
     </span>
    </p>
   </div>
   <div class='ocr_carea' id='block_1_33' title="bbox 486 2422 2048 2496">
    <p class='ocr_par' dir='ltr' id='par_1_33' title="bbox 486 2422 2048 2496">
     <span class='ocr_line' id='line_1_34' title="bbox 486 2422 2048 2496; baseline -0.006 -14"><span class='ocrx_word' id='word_1_204' title='bbox 486 2431 617 2494; x_wconf 92' lang='lat' dir='ltr'><strong>lius,</strong></span> <span class='ocrx_word' id='word_1_205' title='bbox 647 2438 854 2483; x_wconf 88' lang='lat' dir='ltr'><strong>tantum</strong></span> <span class='ocrx_word' id='word_1_206' title='bbox 893 2429 957 2482; x_wconf 89' lang='lat' dir='ltr'><strong>ad</strong></span> <span class='ocrx_word' id='word_1_207' title='bbox 986 2436 1264 2496; x_wconf 89' lang='lat' dir='ltr'><strong>stuporem</strong></span> <span class='ocrx_word' id='word_1_208' title='bbox 1295 2426 1606 2481; x_wconf 82' lang='lat' dir='ltr'><strong>sublimius.</strong></span> <span class='ocrx_word' id='word_1_209' title='bbox 1641 2423 1782 2488; x_wconf 76' lang='lat' dir='ltr'><strong>Quid</strong></span> <span class='ocrx_word' id='word_1_210' title='bbox 1813 2424 1859 2474; x_wconf 89' lang='lat' dir='ltr'><strong>ei</strong></span> <span class='ocrx_word' id='word_1_211' title='bbox 1885 2422 2048 2475; x_wconf 88' lang='lat' dir='ltr'><strong>retri-</strong></span> 
     </span>
    </p>
   </div>
   <div class='ocr_carea' id='block_1_34' title="bbox 488 2514 2047 2593">
    <p class='ocr_par' dir='ltr' id='par_1_34' title="bbox 488 2514 2047 2593">
     <span class='ocr_line' id='line_1_35' title="bbox 488 2514 2047 2593; baseline -0.008 -15"><span class='ocrx_word' id='word_1_212' title='bbox 488 2527 715 2578; x_wconf 90' lang='lat' dir='ltr'><strong>buemus</strong></span> <span class='ocrx_word' id='word_1_213' title='bbox 741 2523 832 2593; x_wconf 90' lang='lat' dir='ltr'><strong>qui</strong></span> <span class='ocrx_word' id='word_1_214' title='bbox 866 2537 967 2576; x_wconf 91' lang='lat' dir='ltr'><strong>nos</strong></span> <span class='ocrx_word' id='word_1_215' title='bbox 1007 2521 1142 2574; x_wconf 91' lang='lat' dir='ltr'><strong>adeo</strong></span> <span class='ocrx_word' id='word_1_216' title='bbox 1167 2519 1400 2573; x_wconf 75' lang='lat' dir='ltr'><strong>dilexit?</strong></span> <span class='ocrx_word' id='word_1_217' title='bbox 1430 2518 1543 2571; x_wconf 78' lang='lat' dir='ltr'><strong>Non</strong></span> <span class='ocrx_word' id='word_1_218' title='bbox 1574 2518 1706 2571; x_wconf 82' lang='lat' dir='ltr'><strong>satis</strong></span> <span class='ocrx_word' id='word_1_219' title='bbox 1755 2515 1858 2570; x_wconf 83' lang='lat' dir='ltr'><strong>fuit</strong></span> <span class='ocrx_word' id='word_1_220' title='bbox 1890 2514 2047 2570; x_wconf 60' lang='lat' dir='ltr'><strong>boni:</strong></span> 
     </span>
    </p>
   </div>
   <div class='ocr_carea' id='block_1_35' title="bbox 486 2617 2047 2686">
    <p class='ocr_par' dir='ltr' id='par_1_35' title="bbox 486 2617 2047 2686">
     <span class='ocr_line' id='line_1_36' title="bbox 486 2617 2047 2686; baseline -0.004 -18"><span class='ocrx_word' id='word_1_221' title='bbox 486 2617 582 2671; x_wconf 88' lang='lat' dir='ltr'><strong>tati</strong></span> <span class='ocrx_word' id='word_1_222' title='bbox 614 2617 754 2686; x_wconf 83' lang='lat' dir='ltr'><strong>ejus,</strong></span> <span class='ocrx_word' id='word_1_223' title='bbox 786 2624 843 2670; x_wconf 91' lang='lat' dir='ltr'><strong>ut</strong></span> <span class='ocrx_word' id='word_1_224' title='bbox 866 2631 986 2676; x_wconf 91' lang='lat' dir='ltr'><strong>nos,</strong></span> <span class='ocrx_word' id='word_1_225' title='bbox 1023 2631 1145 2669; x_wconf 90' lang='lat' dir='ltr'><strong>cum</strong></span> <span class='ocrx_word' id='word_1_226' title='bbox 1178 2631 1287 2669; x_wconf 87' lang='lat' dir='ltr'><strong>non</strong></span> <span class='ocrx_word' id='word_1_227' title='bbox 1320 2629 1595 2674; x_wconf 81' lang='lat' dir='ltr'><strong>essemus,</strong></span> <span class='ocrx_word' id='word_1_228' title='bbox 1635 2626 1855 2680; x_wconf 78' lang='lat' dir='ltr'><strong>propria</strong></span> <span class='ocrx_word' id='word_1_229' title='bbox 1883 2625 2047 2663; x_wconf 88' lang='lat' dir='ltr'><strong>manu</strong></span> 
     </span>
    </p>
   </div>
   <div class='ocr_carea' id='block_1_36' title="bbox 486 2702 2048 2780">
    <p class='ocr_par' dir='ltr' id='par_1_36' title="bbox 486 2702 2048 2780">
     <span class='ocr_line' id='line_1_37' title="bbox 486 2702 2048 2780; baseline -0.008 -13"><span class='ocrx_word' id='word_1_230' title='bbox 486 2713 783 2777; x_wconf 83' lang='lat' dir='ltr'><strong>conderet,</strong></span> <span class='ocrx_word' id='word_1_231' title='bbox 840 2710 1243 2780; x_wconf 85' lang='lat' dir='ltr'><strong>injuriososque</strong></span> <span class='ocrx_word' id='word_1_232' title='bbox 1293 2724 1356 2762; x_wconf 85' lang='lat' dir='ltr'><strong>ac</strong></span> <span class='ocrx_word' id='word_1_233' title='bbox 1388 2723 1482 2763; x_wconf 83' lang='lat' dir='ltr'><strong>eos</strong></span> <span class='ocrx_word' id='word_1_234' title='bbox 1518 2708 1610 2775; x_wconf 92' lang='lat' dir='ltr'><strong>qui</strong></span> <span class='ocrx_word' id='word_1_235' title='bbox 1653 2707 1703 2758; x_wconf 91' lang='lat' dir='ltr'><strong>in</strong></span> <span class='ocrx_word' id='word_1_236' title='bbox 1748 2702 2048 2757; x_wconf 76' lang='lat' dir='ltr'><strong>adverSarii</strong></span> 
     </span>
    </p>
   </div>
   <div class='ocr_carea' id='block_1_37' title="bbox 491 2798 2053 2880">
    <p class='ocr_par' dir='ltr' id='par_1_37' title="bbox 491 2798 2053 2880">
     <span class='ocr_line' id='line_1_38' title="bbox 491 2798 2053 2880; baseline -0.009 -17"><span class='ocrx_word' id='word_1_237' title='bbox 491 2821 671 2880; x_wconf 84' lang='lat' dir='ltr'><strong>partes</strong></span> <span class='ocrx_word' id='word_1_238' title='bbox 703 2809 1195 2870; x_wconf 86' lang='lat' dir='ltr'><strong>concessissemus,</strong></span> <span class='ocrx_word' id='word_1_239' title='bbox 1226 2806 1376 2859; x_wconf 88' lang='lat' dir='ltr'><strong>mille</strong></span> <span class='ocrx_word' id='word_1_240' title='bbox 1410 2803 1588 2857; x_wconf 87' lang='lat' dir='ltr'><strong>modis</strong></span> <span class='ocrx_word' id='word_1_241' title='bbox 1615 2800 1682 2855; x_wconf 90' lang='lat' dir='ltr'><strong>ad</strong></span> <span class='ocrx_word' id='word_1_242' title='bbox 1714 2815 1773 2854; x_wconf 92' lang='lat' dir='ltr'><strong>se</strong></span> <span class='ocrx_word' id='word_1_243' title='bbox 1805 2798 2053 2852; x_wconf 87' lang='lat' dir='ltr'><strong>traduce-</strong></span> 
     </span>
    </p>
   </div>
   <div class='ocr_carea' id='block_1_38' title="bbox 490 2891 2049 2971">
    <p class='ocr_par' dir='ltr' id='par_1_38' title="bbox 490 2891 2049 2971">
     <span class='ocr_line' id='line_1_39' title="bbox 490 2891 2049 2971; baseline -0.007 -17"><span class='ocrx_word' id='word_1_244' title='bbox 490 2912 592 2969; x_wconf 87' lang='lat' dir='ltr'><strong>ret,</strong></span> <span class='ocrx_word' id='word_1_245' title='bbox 633 2912 794 2971; x_wconf 84' lang='lat' dir='ltr'><strong>atque</strong></span> <span class='ocrx_word' id='word_1_246' title='bbox 819 2910 877 2955; x_wconf 89' lang='lat' dir='ltr'><strong>ut</strong></span> <span class='ocrx_word' id='word_1_247' title='bbox 905 2911 1066 2954; x_wconf 80' lang='lat' dir='ltr'><strong>tantae</strong></span> <span class='ocrx_word' id='word_1_248' title='bbox 1084 2897 1344 2953; x_wconf 84' lang='lat' dir='ltr'><strong>bonitatis</strong></span> <span class='ocrx_word' id='word_1_249' title='bbox 1369 2896 1423 2950; x_wconf 92' lang='lat' dir='ltr'><strong>in</strong></span> <span class='ocrx_word' id='word_1_250' title='bbox 1450 2911 1548 2950; x_wconf 89' lang='lat' dir='ltr'><strong>nos</strong></span> <span class='ocrx_word' id='word_1_251' title='bbox 1569 2894 1780 2948; x_wconf 71' lang='lat' dir='ltr'><strong>collata:</strong></span> <span class='ocrx_word' id='word_1_252' title='bbox 1803 2891 2049 2962; x_wconf 64' lang='lat' dir='ltr'><strong>praemio.</strong></span> 
     </span>
    </p>
   </div>
   <div class='ocr_carea' id='block_1_39' title="bbox 491 2987 2051 3062">
    <p class='ocr_par' dir='ltr' id='par_1_39' title="bbox 491 2987 2051 3062">
     <span class='ocr_line' id='line_1_40' title="bbox 491 2987 2051 3062; baseline -0.01 -11"><span class='ocrx_word' id='word_1_253' title='bbox 491 2998 572 3052; x_wconf 89' lang='lat' dir='ltr'><strong>sic</strong></span> <span class='ocrx_word' id='word_1_254' title='bbox 604 2997 745 3050; x_wconf 88' lang='lat' dir='ltr'><strong>male</strong></span> <span class='ocrx_word' id='word_1_255' title='bbox 775 2997 828 3048; x_wconf 89' lang='lat' dir='ltr'><strong>in</strong></span> <span class='ocrx_word' id='word_1_256' title='bbox 855 2994 990 3048; x_wconf 89' lang='lat' dir='ltr'><strong>iram</strong></span> <span class='ocrx_word' id='word_1_257' title='bbox 1024 3001 1353 3062; x_wconf 86' lang='lat' dir='ltr'><strong>provocatus</strong></span> <span class='ocrx_word' id='word_1_258' title='bbox 1375 2989 1602 3043; x_wconf 86' lang='lat' dir='ltr'><strong>haberet</strong></span> <span class='ocrx_word' id='word_1_259' title='bbox 1636 3003 1649 3040; x_wconf 92' lang='lat'><strong>:</strong></span> <span class='ocrx_word' id='word_1_260' title='bbox 1685 2987 1816 3056; x_wconf 87' lang='lat' dir='ltr'><strong>quin</strong></span> <span class='ocrx_word' id='word_1_261' title='bbox 1853 2995 1906 3039; x_wconf 78' lang='lat' dir='ltr'><strong>et</strong></span> <span class='ocrx_word' id='word_1_262' title='bbox 1953 2999 2051 3037; x_wconf 84' lang='lat' dir='ltr'><strong>us-</strong></span> 
     </span>
    </p>
   </div>
   <div class='ocr_carea' id='block_1_40' title="bbox 493 3078 2050 3158">
    <p class='ocr_par' dir='ltr' id='par_1_40' title="bbox 493 3078 2050 3158">
     <span class='ocr_line' id='line_1_41' title="bbox 493 3078 2050 3158; baseline -0.008 -15"><span class='ocrx_word' id='word_1_263' title='bbox 493 3105 599 3158; x_wconf 85' lang='lat' dir='ltr'><strong>que</strong></span> <span class='ocrx_word' id='word_1_264' title='bbox 621 3089 686 3142; x_wconf 88' lang='lat' dir='ltr'><strong>ad</strong></span> <span class='ocrx_word' id='word_1_265' title='bbox 719 3087 999 3141; x_wconf 87' lang='lat' dir='ltr'><strong>cruciatus</strong></span> <span class='ocrx_word' id='word_1_266' title='bbox 1043 3101 1106 3138; x_wconf 91' lang='lat' dir='ltr'><strong>ac</strong></span> <span class='ocrx_word' id='word_1_267' title='bbox 1139 3093 1370 3138; x_wconf 87' lang='lat' dir='ltr'><strong>mortem</strong></span> <span class='ocrx_word' id='word_1_268' title='bbox 1399 3082 1657 3151; x_wconf 82' lang='lat' dir='ltr'><strong>dignatur</strong></span> <span class='ocrx_word' id='word_1_269' title='bbox 1681 3078 2050 3132; x_wconf 72' lang='lat' dir='ltr'><strong>descendere:</strong></span> 
     </span>
    </p>
   </div>
   <div class='ocr_carea' id='block_1_41' title="bbox 497 3165 2050 3248">
    <p class='ocr_par' dir='ltr' id='par_1_41' title="bbox 497 3165 2050 3248">
     <span class='ocr_line' id='line_1_42' title="bbox 497 3165 2050 3248; baseline -0.01 -15"><span class='ocrx_word' id='word_1_270' title='bbox 497 3187 665 3248; x_wconf 88' lang='lat' dir='ltr'><strong>utque</strong></span> <span class='ocrx_word' id='word_1_271' title='bbox 695 3178 732 3232; x_wconf 92' lang='lat' dir='ltr'><strong>ii</strong></span> <span class='ocrx_word' id='word_1_272' title='bbox 769 3191 906 3246; x_wconf 87' lang='lat' dir='ltr'><strong>quos</strong></span> <span class='ocrx_word' id='word_1_273' title='bbox 943 3191 1044 3246; x_wconf 88' lang='lat' dir='ltr'><strong>par</strong></span> <span class='ocrx_word' id='word_1_274' title='bbox 1063 3183 1183 3228; x_wconf 84' lang='lat' dir='ltr'><strong>erat</strong></span> <span class='ocrx_word' id='word_1_275' title='bbox 1210 3187 1320 3227; x_wconf 91' lang='lat' dir='ltr'><strong>non</strong></span> <span class='ocrx_word' id='word_1_276' title='bbox 1345 3186 1454 3225; x_wconf 91' lang='lat' dir='ltr'><strong>uno</strong></span> <span class='ocrx_word' id='word_1_277' title='bbox 1485 3169 1678 3223; x_wconf 88' lang='lat' dir='ltr'><strong>mortis</strong></span> <span class='ocrx_word' id='word_1_278' title='bbox 1707 3182 1925 3236; x_wconf 82' lang='lat' dir='ltr'><strong>genere,</strong></span> <span class='ocrx_word' id='word_1_279' title='bbox 1958 3165 2050 3220; x_wconf 84' lang='lat' dir='ltr'><strong>sed</strong></span> 
     </span>
    </p>
   </div>
   <div class='ocr_carea' id='block_1_42' title="bbox 499 3255 2058 3334">
    <p class='ocr_par' dir='ltr' id='par_1_42' title="bbox 499 3255 2058 3334">
     <span class='ocr_line' id='line_1_43' title="bbox 499 3255 2058 3334; baseline -0.011 -12"><span class='ocrx_word' id='word_1_280' title='bbox 499 3267 990 3324; x_wconf 88' lang='lat' dir='ltr'><strong>innumerabilibus</strong></span> <span class='ocrx_word' id='word_1_281' title='bbox 1024 3281 1121 3334; x_wconf 86' lang='lat' dir='ltr'><strong>pro</strong></span> <span class='ocrx_word' id='word_1_282' title='bbox 1138 3271 1287 3318; x_wconf 87' lang='lat' dir='ltr'><strong>reatu</strong></span> <span class='ocrx_word' id='word_1_283' title='bbox 1313 3261 1534 3332; x_wconf 88' lang='lat' dir='ltr'><strong>punire,</strong></span> <span class='ocrx_word' id='word_1_284' title='bbox 1564 3273 1593 3311; x_wconf 87' lang='lat' dir='ltr'><strong>a</strong></span> <span class='ocrx_word' id='word_1_285' title='bbox 1623 3265 1796 3310; x_wconf 88' lang='lat' dir='ltr'><strong>morte</strong></span> <span class='ocrx_word' id='word_1_286' title='bbox 1825 3255 2058 3308; x_wconf 84' lang='lat' dir='ltr'><strong>liberen-</strong></span> 
     </span>
    </p>
   </div>
   <div class='ocr_carea' id='block_1_43' title="bbox 498 3343 2056 3424">
    <p class='ocr_par' dir='ltr' id='par_1_43' title="bbox 498 3343 2056 3424">
     <span class='ocr_line' id='line_1_44' title="bbox 498 3343 2056 3424; baseline -0.013 -12"><span class='ocrx_word' id='word_1_287' title='bbox 498 3371 609 3424; x_wconf 87' lang='lat' dir='ltr'><strong>tur,</strong></span> <span class='ocrx_word' id='word_1_288' title='bbox 646 3359 909 3414; x_wconf 85' lang='lat' dir='ltr'><strong>Dominus</strong></span> <span class='ocrx_word' id='word_1_289' title='bbox 931 3354 1415 3421; x_wconf 75' lang='lat' dir='ltr'><strong>congrediturcum</strong></span> <span class='ocrx_word' id='word_1_290' title='bbox 1449 3358 1620 3402; x_wconf 89' lang='lat' dir='ltr'><strong>morte</strong></span> <span class='ocrx_word' id='word_1_291' title='bbox 1651 3343 2056 3414; x_wconf 83' lang='lat' dir='ltr'><strong>:congreditur,</strong></span> 
     </span>
    </p>
   </div>
   <div class='ocr_carea' id='block_1_44' title="bbox 499 3432 2056 3507">
    <p class='ocr_par' dir='ltr' id='par_1_44' title="bbox 499 3432 2056 3507">
     <span class='ocr_line' id='line_1_45' title="bbox 499 3432 2056 3507; baseline -0.012 -9"><span class='ocrx_word' id='word_1_292' title='bbox 499 3455 557 3501; x_wconf 76' lang='lat' dir='ltr'><strong>at</strong></span> <span class='ocrx_word' id='word_1_293' title='bbox 586 3462 694 3501; x_wconf 89' lang='lat' dir='ltr'><strong>non</strong></span> <span class='ocrx_word' id='word_1_294' title='bbox 733 3445 994 3507; x_wconf 82' lang='lat' dir='ltr'><strong>vincitur,</strong></span> <span class='ocrx_word' id='word_1_295' title='bbox 1017 3443 1098 3497; x_wconf 85' lang='lat' dir='ltr'><strong>vel</strong></span> <span class='ocrx_word' id='word_1_296' title='bbox 1129 3449 1367 3495; x_wconf 88' lang='lat' dir='ltr'><strong>tenetur.</strong></span> <span class='ocrx_word' id='word_1_297' title='bbox 1389 3436 1544 3490; x_wconf 90' lang='lat' dir='ltr'><strong>Licet</strong></span> <span class='ocrx_word' id='word_1_298' title='bbox 1568 3434 1714 3488; x_wconf 91' lang='lat' dir='ltr'><strong>enim</strong></span> <span class='ocrx_word' id='word_1_299' title='bbox 1752 3432 1805 3483; x_wconf 91' lang='lat' dir='ltr'><strong>in</strong></span> <span class='ocrx_word' id='word_1_300' title='bbox 1839 3444 2056 3484; x_wconf 83' lang='lat' dir='ltr'><strong>arenam</strong></span> 
     </span>
    </p>
   </div>
   <div class='ocr_carea' id='block_1_45' title="bbox 499 3522 2056 3602">
    <p class='ocr_par' dir='ltr' id='par_1_45' title="bbox 499 3522 2056 3602">
     <span class='ocr_line' id='line_1_46' title="bbox 499 3522 2056 3602; baseline -0.013 -12"><span class='ocrx_word' id='word_1_301' title='bbox 499 3552 624 3590; x_wconf 79' lang='lat' dir='ltr'><strong>cum</strong></span> <span class='ocrx_word' id='word_1_302' title='bbox 664 3543 860 3601; x_wconf 88' lang='lat' dir='ltr'><strong>morte,</strong></span> <span class='ocrx_word' id='word_1_303' title='bbox 904 3546 1027 3602; x_wconf 70' lang='lat' dir='ltr'><strong>qua:</strong></span> <span class='ocrx_word' id='word_1_304' title='bbox 1071 3544 1244 3600; x_wconf 85' lang='lat' dir='ltr'><strong>genus</strong></span> <span class='ocrx_word' id='word_1_305' title='bbox 1275 3529 1574 3582; x_wconf 90' lang='lat' dir='ltr'><strong>humanum</strong></span> <span class='ocrx_word' id='word_1_306' title='bbox 1607 3522 2056 3593; x_wconf 85' lang='lat' dir='ltr'><strong>persequebatur,</strong></span> 
     </span>
    </p>
   </div>
   <div class='ocr_carea' id='block_1_46' title="bbox 501 3610 2059 3691">
    <p class='ocr_par' dir='ltr' id='par_1_46' title="bbox 501 3610 2059 3691">
     <span class='ocr_line' id='line_1_47' title="bbox 501 3610 2059 3691; baseline -0.012 -11"><span class='ocrx_word' id='word_1_307' title='bbox 501 3628 818 3691; x_wconf 82' lang='lat' dir='ltr'><strong>descendat,</strong></span> <span class='ocrx_word' id='word_1_308' title='bbox 868 3625 922 3680; x_wconf 89' lang='lat' dir='ltr'><strong>id</strong></span> <span class='ocrx_word' id='word_1_309' title='bbox 956 3634 1134 3678; x_wconf 88' lang='lat' dir='ltr'><strong>tamen</strong></span> <span class='ocrx_word' id='word_1_310' title='bbox 1165 3636 1231 3676; x_wconf 89' lang='lat' dir='ltr'><strong>eo</strong></span> <span class='ocrx_word' id='word_1_311' title='bbox 1261 3619 1492 3674; x_wconf 89' lang='lat' dir='ltr'><strong>consilio</strong></span> <span class='ocrx_word' id='word_1_312' title='bbox 1553 3614 1702 3678; x_wconf 85' lang='lat' dir='ltr'><strong>facit,</strong></span> <span class='ocrx_word' id='word_1_313' title='bbox 1759 3621 1820 3666; x_wconf 90' lang='lat' dir='ltr'><strong>ut</strong></span> <span class='ocrx_word' id='word_1_314' title='bbox 1853 3610 2059 3664; x_wconf 87' lang='lat' dir='ltr'><strong>insolu-</strong></span> 
     </span>
    </p>
   </div>
   <div class='ocr_carea' id='block_1_47' title="bbox 505 3699 2062 3777">
    <p class='ocr_par' dir='ltr' id='par_1_47' title="bbox 505 3699 2062 3777">
     <span class='ocr_line' id='line_1_48' title="bbox 505 3699 2062 3777; baseline -0.015 -3"><span class='ocrx_word' id='word_1_315' title='bbox 505 3721 708 3777; x_wconf 73' lang='lat' dir='ltr'><strong>liilibus</strong></span> <span class='ocrx_word' id='word_1_316' title='bbox 731 3711 1388 3776; x_wconf 71' lang='lat' dir='ltr'><strong>constrictanrvinculis,</strong></span> <span class='ocrx_word' id='word_1_317' title='bbox 1423 3709 1489 3764; x_wconf 86' lang='lat' dir='ltr'><strong>ab</strong></span> <span class='ocrx_word' id='word_1_318' title='bbox 1518 3703 1769 3762; x_wconf 83' lang='lat' dir='ltr'><strong>ulteriori</strong></span> <span class='ocrx_word' id='word_1_319' title='bbox 1815 3717 1931 3756; x_wconf 87' lang='lat' dir='ltr'><strong>eam</strong></span> <span class='ocrx_word' id='word_1_320' title='bbox 1965 3699 2062 3753; x_wconf 85' lang='lat' dir='ltr'><strong>im-</strong></span> 
     </span>
    </p>
   </div>
   <div class='ocr_carea' id='block_1_48' title="bbox 505 3793 2062 3884">
    <p class='ocr_par' dir='ltr' id='par_1_48' title="bbox 505 3793 2062 3884">
     <span class='ocr_line' id='line_1_49' title="bbox 505 3793 2062 3884; baseline -0.014 -17"><span class='ocrx_word' id='word_1_321' title='bbox 505 3815 784 3884; x_wconf 79' lang='lat' dir='ltr'><strong>pressione</strong></span> <span class='ocrx_word' id='word_1_322' title='bbox 815 3827 880 3867; x_wconf 91' lang='lat' dir='ltr'><strong>ac</strong></span> <span class='ocrx_word' id='word_1_323' title='bbox 915 3809 1317 3880; x_wconf 87' lang='lat' dir='ltr'><strong>persecutione,</strong></span> <span class='ocrx_word' id='word_1_324' title='bbox 1359 3803 1496 3859; x_wconf 91' lang='lat' dir='ltr'><strong>nihil</strong></span> <span class='ocrx_word' id='word_1_325' title='bbox 1529 3802 1656 3856; x_wconf 89' lang='lat' dir='ltr'><strong>inde</strong></span> <span class='ocrx_word' id='word_1_326' title='bbox 1702 3801 1828 3852; x_wconf 76' lang='lat' dir='ltr'><strong>laesa</strong></span> <span class='ocrx_word' id='word_1_327' title='bbox 1879 3793 2062 3850; x_wconf 82' lang='lat' dir='ltr'><strong>divina</strong></span> 
     </span>
    </p>
   </div>
   <div class='ocr_carea' id='block_1_49' title="bbox 506 3888 2065 3968">
    <p class='ocr_par' dir='ltr' id='par_1_49' title="bbox 506 3888 2065 3968">
     <span class='ocr_line' id='line_1_50' title="bbox 506 3888 2065 3968; baseline -0.014 -10"><span class='ocrx_word' id='word_1_328' title='bbox 506 3904 726 3966; x_wconf 72' lang='lat' dir='ltr'><strong>virtute,</strong></span> <span class='ocrx_word' id='word_1_329' title='bbox 749 3901 1021 3956; x_wconf 87' lang='lat' dir='ltr'><strong>cohibeat.</strong></span> <span class='ocrx_word' id='word_1_330' title='bbox 1051 3899 1164 3954; x_wconf 86' lang='lat' dir='ltr'><strong>Hoc</strong></span> <span class='ocrx_word' id='word_1_331' title='bbox 1183 3910 1408 3968; x_wconf 88' lang='lat' dir='ltr'><strong>quoque</strong></span> <span class='ocrx_word' id='word_1_332' title='bbox 1435 3894 1564 3948; x_wconf 94' lang='lat' dir='ltr'><strong>olim</strong></span> <span class='ocrx_word' id='word_1_333' title='bbox 1597 3892 1704 3944; x_wconf 87' lang='lat' dir='ltr'><strong>Deo</strong></span> <span class='ocrx_word' id='word_1_334' title='bbox 1732 3888 1910 3943; x_wconf 82' lang='lat' dir='ltr'><strong>alllala</strong></span> <span class='ocrx_word' id='word_1_335' title='bbox 1939 3899 2065 3954; x_wconf 89' lang='lat' dir='ltr'><strong>pro-</strong></span> 
     </span>
    </p>
   </div>
   <div class='ocr_carea' id='block_1_50' title="bbox 505 3985 2069 4064">
    <p class='ocr_par' dir='ltr' id='par_1_50' title="bbox 505 3985 2069 4064">
     <span class='ocr_line' id='line_1_51' title="bbox 505 3985 2069 4064; baseline -0.016 -14"><span class='ocrx_word' id='word_1_336' title='bbox 505 3996 790 4064; x_wconf 83' lang='lat' dir='ltr'><strong>phetarum</strong></span> <span class='ocrx_word' id='word_1_337' title='bbox 822 4008 917 4047; x_wconf 86' lang='lat' dir='ltr'><strong>ora</strong></span> <span class='ocrx_word' id='word_1_338' title='bbox 947 3991 1228 4062; x_wconf 86' lang='lat' dir='ltr'><strong>prolocuta</strong></span> <span class='ocrx_word' id='word_1_339' title='bbox 1259 3995 1423 4041; x_wconf 89' lang='lat' dir='ltr'><strong>sunt:</strong></span> <span class='ocrx_word' id='word_1_340' title='bbox 1453 3985 1682 4051; x_wconf 84' lang='lat' dir='ltr'><strong>Propter</strong></span> <span class='ocrx_word' id='word_1_341' title='bbox 1713 3985 1936 4048; x_wconf 83' lang='lat' dir='ltr'><strong>peccata</strong></span> <span class='ocrx_word' id='word_1_342' title='bbox 1971 3989 2069 4044; x_wconf 91' lang='lat' dir='ltr'><strong>po-</strong></span> 
     </span>
    </p>
   </div>
   <div class='ocr_carea' id='block_1_51' title="bbox 504 4073 2069 4158">
    <p class='ocr_par' dir='ltr' id='par_1_51' title="bbox 504 4073 2069 4158">
     <span class='ocr_line' id='line_1_52' title="bbox 504 4073 2069 4158; baseline -0.015 -16"><span class='ocrx_word' id='word_1_343' title='bbox 504 4089 612 4158; x_wconf 87' lang='lat' dir='ltr'><strong>puli</strong></span> <span class='ocrx_word' id='word_1_344' title='bbox 646 4087 772 4148; x_wconf 86' lang='lat' dir='ltr'><strong>mei.</strong></span> <span class='ocrx_word' id='word_1_345' title='bbox 816 4085 883 4140; x_wconf 86' lang='lat' dir='ltr'><strong>ad</strong></span> <span class='ocrx_word' id='word_1_346' title='bbox 918 4092 1148 4139; x_wconf 88' lang='lat' dir='ltr'><strong>mortem</strong></span> <span class='ocrx_word' id='word_1_347' title='bbox 1197 4081 1395 4136; x_wconf 87' lang='lat' dir='ltr'><strong>ductus</strong></span> <span class='ocrx_word' id='word_1_348' title='bbox 1447 4093 1566 4132; x_wconf 89' lang='lat' dir='ltr'><strong>sum</strong></span> <span class='ocrx_word' id='word_1_349' title='bbox 1605 4091 1622 4141; x_wconf 90' lang='lat'><strong>;</strong></span> <span class='ocrx_word' id='word_1_350' title='bbox 1679 4073 1930 4129; x_wconf 83' lang='lat' dir='ltr'><strong>Creator,</strong></span> <span class='ocrx_word' id='word_1_351' title='bbox 1971 4083 2069 4136; x_wconf 89' lang='lat' dir='ltr'><strong>pro</strong></span> 
     </span>
    </p>
   </div>
   <div class='ocr_carea' id='block_1_52' title="bbox 505 4163 2069 4247">
    <p class='ocr_par' dir='ltr' id='par_1_52' title="bbox 505 4163 2069 4247">
     <span class='ocr_line' id='line_1_53' title="bbox 505 4163 2069 4247; baseline -0.012 -14"><span class='ocrx_word' id='word_1_352' title='bbox 505 4188 798 4244; x_wconf 82' lang='lat' dir='ltr'><strong>creatura;</strong></span> <span class='ocrx_word' id='word_1_353' title='bbox 845 4179 1051 4247; x_wconf 78' lang='lat' dir='ltr'><strong>justus,</strong></span> <span class='ocrx_word' id='word_1_354' title='bbox 1093 4190 1191 4244; x_wconf 89' lang='lat' dir='ltr'><strong>pro</strong></span> <span class='ocrx_word' id='word_1_355' title='bbox 1233 4171 1484 4239; x_wconf 73' lang='lat' dir='ltr'><strong>iniustis;</strong></span> <span class='ocrx_word' id='word_1_356' title='bbox 1519 4182 1618 4237; x_wconf 91' lang='lat' dir='ltr'><strong>pro</strong></span> <span class='ocrx_word' id='word_1_357' title='bbox 1647 4165 1844 4226; x_wconf 78' lang='lat' dir='ltr'><strong>servis,</strong></span> <span class='ocrx_word' id='word_1_358' title='bbox 1884 4163 2069 4216; x_wconf 89' lang='lat' dir='ltr'><strong>Domi-</strong></span> 
     </span>
    </p>
   </div>
   <div class='ocr_carea' id='block_1_53' title="bbox 509 4261 2072 4339">
    <p class='ocr_par' dir='ltr' id='par_1_53' title="bbox 509 4261 2072 4339">
     <span class='ocr_line' id='line_1_54' title="bbox 509 4261 2072 4339; baseline -0.008 -13"><span class='ocrx_word' id='word_1_359' title='bbox 509 4288 644 4337; x_wconf 89' lang='lat' dir='ltr'><strong>nus;</strong></span> <span class='ocrx_word' id='word_1_360' title='bbox 672 4271 808 4332; x_wconf 78' lang='lat' dir='ltr'><strong>Rex,</strong></span> <span class='ocrx_word' id='word_1_361' title='bbox 841 4285 938 4339; x_wconf 92' lang='lat' dir='ltr'><strong>pro</strong></span> <span class='ocrx_word' id='word_1_362' title='bbox 988 4268 1117 4321; x_wconf 88' lang='lat' dir='ltr'><strong>reis.</strong></span> <span class='ocrx_word' id='word_1_363' title='bbox 1153 4267 1338 4334; x_wconf 75' lang='lat' dir='ltr'><strong>Neque</strong></span> <span class='ocrx_word' id='word_1_364' title='bbox 1379 4264 1484 4316; x_wconf 88' lang='lat' dir='ltr'><strong>hoc</strong></span> <span class='ocrx_word' id='word_1_365' title='bbox 1513 4263 1712 4325; x_wconf 90' lang='lat' dir='ltr'><strong>solum,</strong></span> <span class='ocrx_word' id='word_1_366' title='bbox 1747 4263 1840 4315; x_wconf 89' lang='lat' dir='ltr'><strong>sed</strong></span> <span class='ocrx_word' id='word_1_367' title='bbox 1872 4261 2072 4330; x_wconf 87' lang='lat' dir='ltr'><strong>quibus</strong></span> 
     </span>
    </p>
   </div>
   <div class='ocr_carea' id='block_1_54' title="bbox 2221 1692 3719 1774">
    <p class='ocr_par' dir='ltr' id='par_1_54' title="bbox 2221 1692 3719 1774">
     <span class='ocr_line' id='line_1_55' title="bbox 2221 1692 3719 1774; baseline 0.007 -30"><span class='ocrx_word' id='word_1_368' title='bbox 2221 1692 2284 1744; x_wconf 88' lang='grc' dir='ltr'><strong>Ὢ</strong></span> <span class='ocrx_word' id='word_1_369' title='bbox 2303 1693 2530 1764; x_wconf 76' lang='grc' dir='ltr'>φρικτοῦ</span> <span class='ocrx_word' id='word_1_370' title='bbox 2558 1700 2863 1768; x_wconf 80' lang='grc' dir='ltr'>μυστηρίου</span> <span class='ocrx_word' id='word_1_371' title='bbox 2895 1703 3044 1773; x_wconf 81' lang='grc' dir='ltr'>πάσῃ</span> <span class='ocrx_word' id='word_1_372' title='bbox 3068 1705 3134 1772; x_wconf 85' lang='grc' dir='ltr'>τῇ</span> <span class='ocrx_word' id='word_1_373' title='bbox 3169 1702 3344 1755; x_wconf 80' lang='grc' dir='ltr'><strong>κτίσει</strong></span> <span class='ocrx_word' id='word_1_374' title='bbox 3376 1742 3390 1767; x_wconf 95' lang='grc'><strong>,</strong></span> <span class='ocrx_word' id='word_1_375' title='bbox 3419 1702 3517 1772; x_wconf 82' lang='grc' dir='ltr'><strong>ὅση</strong></span> <span class='ocrx_word' id='word_1_376' title='bbox 3545 1702 3719 1774; x_wconf 86' lang='grc' dir='ltr'>ὑπερ-</span> 
     </span>
    </p>
   </div>
   <div class='ocr_carea' id='block_1_55' title="bbox 2141 1785 3724 1864">
    <p class='ocr_par' dir='ltr' id='par_1_55' title="bbox 2141 1785 3724 1864">
     <span class='ocr_line' id='line_1_56' title="bbox 2141 1785 3724 1864; baseline 0.006 -26"><span class='ocrx_word' id='word_1_377' title='bbox 2141 1785 2410 1856; x_wconf 85' lang='grc' dir='ltr'>ουράνιος,</span> <span class='ocrx_word' id='word_1_378' title='bbox 2442 1789 2535 1840; x_wconf 78' lang='grc' dir='ltr'><strong>καὶ</strong></span> <span class='ocrx_word' id='word_1_379' title='bbox 2550 1790 2648 1861; x_wconf 83' lang='grc' dir='ltr'><strong>ὅση</strong></span> <span class='ocrx_word' id='word_1_380' title='bbox 2681 1792 3002 1861; x_wconf 79' lang='grc' dir='ltr'>ὲγκόσμιοςί</span> <span class='ocrx_word' id='word_1_381' title='bbox 3043 1795 3107 1846; x_wconf 89' lang='grc' dir='ltr'><strong>Ὢ</strong></span> <span class='ocrx_word' id='word_1_382' title='bbox 3146 1795 3446 1864; x_wconf 77' lang='grc' dir='ltr'><strong>μυστηρίου</strong></span> <span class='ocrx_word' id='word_1_383' title='bbox 3504 1796 3632 1860; x_wconf 81' lang='grc' dir='ltr'>πᾶν,</span> <span class='ocrx_word' id='word_1_384' title='bbox 3666 1795 3724 1847; x_wconf 74' lang='grc' dir='ltr'>ετ</span> 
     </span>
    </p>
   </div>
   <div class='ocr_carea' id='block_1_56' title="bbox 2141 1878 3717 1956">
    <p class='ocr_par' dir='ltr' id='par_1_56' title="bbox 2141 1878 3717 1956">
     <span class='ocr_line' id='line_1_57' title="bbox 2141 1878 3717 1956; baseline 0.005 -27"><span class='ocrx_word' id='word_1_385' title='bbox 2141 1894 2192 1929; x_wconf 89' lang='grc' dir='ltr'><strong>τι</strong></span> <span class='ocrx_word' id='word_1_386' title='bbox 2226 1878 2526 1946; x_wconf 75' lang='grc' dir='ltr'>παράδοξον</span> <span class='ocrx_word' id='word_1_387' title='bbox 2560 1881 2617 1947; x_wconf 81' lang='grc' dir='ltr'>ἐξ</span> <span class='ocrx_word' id='word_1_388' title='bbox 2647 1882 2842 1947; x_wconf 77' lang='grc' dir='ltr'>αἰῶνος</span> <span class='ocrx_word' id='word_1_389' title='bbox 2871 1884 3144 1954; x_wconf 79' lang='grc' dir='ltr'><strong>ἐπράχθη,</strong></span> <span class='ocrx_word' id='word_1_390' title='bbox 3175 1884 3620 1956; x_wconf 84' lang='grc' dir='ltr'>ἀποκρύπτοντος</span> <span class='ocrx_word' id='word_1_391' title='bbox 3638 1886 3717 1956; x_wconf 83' lang='grc' dir='ltr'>τῷ</span> 
     </span>
    </p>
   </div>
   <div class='ocr_carea' id='block_1_57' title="bbox 2144 1971 3712 2048">
    <p class='ocr_par' dir='ltr' id='par_1_57' title="bbox 2144 1971 3712 2048">
     <span class='ocr_line' id='line_1_58' title="bbox 2144 1971 3712 2048; baseline 0.003 -24"><span class='ocrx_word' id='word_1_392' title='bbox 2144 1971 2464 2043; x_wconf 77' lang='grc' dir='ltr'>παραδόξῳί</span> <span class='ocrx_word' id='word_1_393' title='bbox 2495 1975 2796 2045; x_wconf 83' lang='grc' dir='ltr'>Ἐκπληξις</span> <span class='ocrx_word' id='word_1_394' title='bbox 2827 1975 2928 2046; x_wconf 84' lang='grc' dir='ltr'>μὲν</span> <span class='ocrx_word' id='word_1_395' title='bbox 2953 1977 3061 2048; x_wconf 86' lang='grc' dir='ltr'>γὰρ</span> <span class='ocrx_word' id='word_1_396' title='bbox 3077 1978 3208 2030; x_wconf 83' lang='grc' dir='ltr'>Θεὸν</span> <span class='ocrx_word' id='word_1_397' title='bbox 3231 1980 3288 2030; x_wconf 84' lang='grc' dir='ltr'>ὲν</span> <span class='ocrx_word' id='word_1_398' title='bbox 3320 1978 3501 2048; x_wconf 83' lang='grc' dir='ltr'>μήτρᾳ</span> <span class='ocrx_word' id='word_1_399' title='bbox 3525 1995 3712 2045; x_wconf 85' lang='grc' dir='ltr'>γυναι-</span> 
     </span>
    </p>
   </div>
   <div class='ocr_carea' id='block_1_58' title="bbox 2145 2063 3714 2140">
    <p class='ocr_par' dir='ltr' id='par_1_58' title="bbox 2145 2063 3714 2140">
     <span class='ocr_line' id='line_1_59' title="bbox 2145 2063 3714 2140; baseline 0.003 -25"><span class='ocrx_word' id='word_1_400' title='bbox 2145 2063 2239 2125; x_wconf 84' lang='grc' dir='ltr'><strong>κὸς</strong></span> <span class='ocrx_word' id='word_1_401' title='bbox 2289 2065 2624 2136; x_wconf 83' lang='grc' dir='ltr'>χωρηθῆναι,</span> <span class='ocrx_word' id='word_1_402' title='bbox 2684 2068 2777 2120; x_wconf 77' lang='grc' dir='ltr'><strong>καὶ</strong></span> <span class='ocrx_word' id='word_1_403' title='bbox 2825 2066 3132 2135; x_wconf 85' lang='grc' dir='ltr'>ἀνθρώποις</span> <span class='ocrx_word' id='word_1_404' title='bbox 3187 2069 3714 2140; x_wconf 76' lang='grc' dir='ltr'>συναναστραφῆναι,</span> 
     </span>
    </p>
   </div>
   <div class='ocr_carea' id='block_1_59' title="bbox 2144 2157 3710 2231">
    <p class='ocr_par' dir='ltr' id='par_1_59' title="bbox 2144 2157 3710 2231">
     <span class='ocr_line' id='line_1_60' title="bbox 2144 2157 3710 2231; baseline 0.003 -22"><span class='ocrx_word' id='word_1_405' title='bbox 2144 2157 2238 2209; x_wconf 72' lang='grc' dir='ltr'>καὶ</span> <span class='ocrx_word' id='word_1_406' title='bbox 2287 2157 2354 2210; x_wconf 88' lang='grc' dir='ltr'><strong>τά</strong></span> <span class='ocrx_word' id='word_1_407' title='bbox 2401 2158 2555 2220; x_wconf 87' lang='grc' dir='ltr'>ἄλλα,</span> <span class='ocrx_word' id='word_1_408' title='bbox 2598 2159 2696 2212; x_wconf 86' lang='grc' dir='ltr'>ὃσα</span> <span class='ocrx_word' id='word_1_409' title='bbox 2728 2162 2808 2222; x_wconf 87' lang='grc' dir='ltr'><strong>είς</strong></span> <span class='ocrx_word' id='word_1_410' title='bbox 2857 2159 3014 2230; x_wconf 82' lang='grc' dir='ltr'>ήμῶν</span> <span class='ocrx_word' id='word_1_411' title='bbox 3057 2161 3332 2230; x_wconf 83' lang='grc' dir='ltr'><strong>σωτηρίαν</strong></span> <span class='ocrx_word' id='word_1_412' title='bbox 3361 2160 3710 2231; x_wconf 71' lang='grc' dir='ltr'>ᾠκονομήθηο</span> 
     </span>
    </p>
   </div>
   <div class='ocr_carea' id='block_1_60' title="bbox 2146 2248 3720 2322">
    <p class='ocr_par' dir='ltr' id='par_1_60' title="bbox 2146 2248 3720 2322">
     <span class='ocr_line' id='line_1_61' title="bbox 2146 2248 3720 2322; baseline 0.002 -22"><span class='ocrx_word' id='word_1_413' title='bbox 2146 2248 2282 2302; x_wconf 84' lang='grc' dir='ltr'><strong>ἀλλά</strong></span> <span class='ocrx_word' id='word_1_414' title='bbox 2313 2249 2374 2301; x_wconf 80' lang='grc' dir='ltr'><strong>τὸ</strong></span> <span class='ocrx_word' id='word_1_415' title='bbox 2405 2249 2694 2321; x_wconf 80' lang='grc' dir='ltr'>εὐδοκῆσαι</span> <span class='ocrx_word' id='word_1_416' title='bbox 2732 2251 2946 2322; x_wconf 78' lang='grc' dir='ltr'>θανάτῳ</span> <span class='ocrx_word' id='word_1_417' title='bbox 2971 2251 3228 2321; x_wconf 84' lang='grc' dir='ltr'><strong>ὁμιλῆσαι</strong></span> <span class='ocrx_word' id='word_1_418' title='bbox 3250 2253 3373 2305; x_wconf 77' lang='grc' dir='ltr'>ὅσον</span> <span class='ocrx_word' id='word_1_419' title='bbox 3405 2255 3483 2315; x_wconf 83' lang='grc' dir='ltr'><strong>είς</strong></span> <span class='ocrx_word' id='word_1_420' title='bbox 3517 2269 3720 2320; x_wconf 75' lang='grc' dir='ltr'>συγκα-</span> 
     </span>
    </p>
   </div>
   <div class='ocr_carea' id='block_1_61' title="bbox 2146 2344 3724 2418">
    <p class='ocr_par' dir='ltr' id='par_1_61' title="bbox 2146 2344 3724 2418">
     <span class='ocr_line' id='line_1_62' title="bbox 2146 2344 3724 2418; baseline 0.002 -22"><span class='ocrx_word' id='word_1_421' title='bbox 2146 2344 2373 2397; x_wconf 81' lang='grc' dir='ltr'>τάϐασιν</span> <span class='ocrx_word' id='word_1_422' title='bbox 2410 2347 2688 2408; x_wconf 77' lang='grc' dir='ltr'>ταπεινὸν,</span> <span class='ocrx_word' id='word_1_423' title='bbox 2725 2348 2976 2400; x_wconf 82' lang='grc' dir='ltr'>τοσοῦτον</span> <span class='ocrx_word' id='word_1_424' title='bbox 3003 2351 3081 2412; x_wconf 81' lang='grc' dir='ltr'>εἰς</span> <span class='ocrx_word' id='word_1_425' title='bbox 3107 2347 3368 2418; x_wconf 72' lang='grc' dir='ltr'>ἔκπληξιν</span> <span class='ocrx_word' id='word_1_426' title='bbox 3397 2349 3618 2418; x_wconf 74' lang='grc' dir='ltr'>ὑψηλόν.</span> <span class='ocrx_word' id='word_1_427' title='bbox 3655 2349 3724 2400; x_wconf 88' lang='grc' dir='ltr'>Τί</span> 
     </span>
    </p>
   </div>
   <div class='ocr_carea' id='block_1_62' title="bbox 2147 2436 3722 2511">
    <p class='ocr_par' dir='ltr' id='par_1_62' title="bbox 2147 2436 3722 2511">
     <span class='ocr_line' id='line_1_63' title="bbox 2147 2436 3722 2511; baseline 0.002 -22"><span class='ocrx_word' id='word_1_428' title='bbox 2147 2436 2536 2506; x_wconf 86' lang='grc' dir='ltr'>ἀνταποδῶμεν</span> <span class='ocrx_word' id='word_1_429' title='bbox 2557 2438 2635 2509; x_wconf 84' lang='grc' dir='ltr'>τῷ</span> <span class='ocrx_word' id='word_1_430' title='bbox 2659 2437 2830 2502; x_wconf 71' lang='grc' dir='ltr'>οὕτως</span> <span class='ocrx_word' id='word_1_431' title='bbox 2854 2441 3000 2511; x_wconf 78' lang='grc' dir='ltr'>ἡμᾶς</span> <span class='ocrx_word' id='word_1_432' title='bbox 3037 2441 3383 2510; x_wconf 82' lang='grc' dir='ltr'>ἀγαπήσαντι</span> <span class='ocrx_word' id='word_1_433' title='bbox 3412 2457 3425 2505; x_wconf 88' lang='grc'><strong>;</strong></span> <span class='ocrx_word' id='word_1_434' title='bbox 3469 2441 3584 2492; x_wconf 85' lang='grc' dir='ltr'>Οὐκ</span> <span class='ocrx_word' id='word_1_435' title='bbox 3625 2441 3722 2510; x_wconf 81' lang='grc' dir='ltr'><strong>ἧρ-</strong></span> 
     </span>
    </p>
   </div>
   <div class='ocr_carea' id='block_1_63' title="bbox 2151 2531 3721 2603">
    <p class='ocr_par' dir='ltr' id='par_1_63' title="bbox 2151 2531 3721 2603">
     <span class='ocr_line' id='line_1_64' title="bbox 2151 2531 3721 2603; baseline -0.001 -19"><span class='ocrx_word' id='word_1_436' title='bbox 2151 2549 2237 2584; x_wconf 88' lang='grc' dir='ltr'><strong>κει</strong></span> <span class='ocrx_word' id='word_1_437' title='bbox 2264 2533 2330 2600; x_wconf 87' lang='grc' dir='ltr'>τῇ</span> <span class='ocrx_word' id='word_1_438' title='bbox 2359 2531 2523 2584; x_wconf 83' lang='grc' dir='ltr'>αὑτοῦ</span> <span class='ocrx_word' id='word_1_439' title='bbox 2576 2532 2871 2600; x_wconf 80' lang='grc' dir='ltr'>ἀγαθότητι</span> <span class='ocrx_word' id='word_1_440' title='bbox 2926 2531 3372 2603; x_wconf 82' lang='grc' dir='ltr'>πλαστουργῆσαι</span> <span class='ocrx_word' id='word_1_441' title='bbox 3432 2531 3508 2602; x_wconf 82' lang='grc' dir='ltr'>μὴ</span> <span class='ocrx_word' id='word_1_442' title='bbox 3565 2532 3721 2595; x_wconf 76' lang='grc' dir='ltr'>ὄντας</span> 
     </span>
    </p>
   </div>
   <div class='ocr_carea' id='block_1_64' title="bbox 2152 2623 3727 2695">
    <p class='ocr_par' dir='ltr' id='par_1_64' title="bbox 2152 2623 3727 2695">
     <span class='ocr_line' id='line_1_65' title="bbox 2152 2623 3727 2695; baseline -0.001 -18"><span class='ocrx_word' id='word_1_443' title='bbox 2152 2623 2378 2694; x_wconf 83' lang='grc' dir='ltr'><strong>παλάμῃ</strong></span> <span class='ocrx_word' id='word_1_444' title='bbox 2414 2625 2591 2695; x_wconf 75' lang='grc' dir='ltr'>οἰκείᾳ</span> <span class='ocrx_word' id='word_1_445' title='bbox 2615 2642 2629 2655; x_wconf 93' lang='grc'><strong>·</strong></span> <span class='ocrx_word' id='word_1_446' title='bbox 2663 2625 2781 2678; x_wconf 83' lang='grc' dir='ltr'>οὐδὲ</span> <span class='ocrx_word' id='word_1_447' title='bbox 2821 2625 3169 2695; x_wconf 71' lang='grc' dir='ltr'>ὑϐρίσαντας,</span> <span class='ocrx_word' id='word_1_448' title='bbox 3195 2625 3289 2677; x_wconf 75' lang='grc' dir='ltr'>καὶ</span> <span class='ocrx_word' id='word_1_449' title='bbox 3318 2626 3456 2694; x_wconf 79' lang='grc' dir='ltr'>μετὰ</span> <span class='ocrx_word' id='word_1_450' title='bbox 3485 2624 3580 2676; x_wconf 77' lang='grc' dir='ltr'>τοῦ</span> <span class='ocrx_word' id='word_1_451' title='bbox 3630 2625 3727 2676; x_wconf 56' lang='grc' dir='ltr'>ἀνω</span> 
     </span>
    </p>
   </div>
   <div class='ocr_carea' id='block_1_65' title="bbox 2152 2715 3729 2786">
    <p class='ocr_par' dir='ltr' id='par_1_65' title="bbox 2152 2715 3729 2786">
     <span class='ocr_line' id='line_1_66' title="bbox 2152 2715 3729 2786; baseline -0.002 -17"><span class='ocrx_word' id='word_1_452' title='bbox 2152 2716 2374 2770; x_wconf 84' lang='grc' dir='ltr'>τιπάλου</span> <span class='ocrx_word' id='word_1_453' title='bbox 2437 2717 2754 2784; x_wconf 80' lang='grc' dir='ltr'>γενομένους</span> <span class='ocrx_word' id='word_1_454' title='bbox 2819 2717 3042 2785; x_wconf 83' lang='grc' dir='ltr'>μυρίαις</span> <span class='ocrx_word' id='word_1_455' title='bbox 3107 2716 3383 2780; x_wconf 74' lang='grc' dir='ltr'>ἐπιϐολαῖς</span> <span class='ocrx_word' id='word_1_456' title='bbox 3443 2715 3729 2786; x_wconf 82' lang='grc' dir='ltr'>μεθέλκειν</span> 
     </span>
    </p>
   </div>
   <div class='ocr_carea' id='block_1_66' title="bbox 2154 2804 3730 2880">
    <p class='ocr_par' dir='ltr' id='par_1_66' title="bbox 2154 2804 3730 2880">
     <span class='ocr_line' id='line_1_67' title="bbox 2154 2804 3730 2880; baseline -0.002 -17"><span class='ocrx_word' id='word_1_457' title='bbox 2154 2810 2289 2880; x_wconf 82' lang='grc' dir='ltr'>πρὸς</span> <span class='ocrx_word' id='word_1_458' title='bbox 2315 2810 2526 2875; x_wconf 76' lang='grc' dir='ltr'>ἑαυτὸν,</span> <span class='ocrx_word' id='word_1_459' title='bbox 2571 2809 2704 2878; x_wconf 83' lang='grc' dir='ltr'>μηδὲ</span> <span class='ocrx_word' id='word_1_460' title='bbox 2751 2810 2816 2862; x_wconf 81' lang='grc' dir='ltr'>ὲκ</span> <span class='ocrx_word' id='word_1_461' title='bbox 2861 2809 2954 2862; x_wconf 81' lang='grc' dir='ltr'>τοῦ</span> <span class='ocrx_word' id='word_1_462' title='bbox 2995 2809 3260 2878; x_wconf 84' lang='grc' dir='ltr'>τοσαύτης</span> <span class='ocrx_word' id='word_1_463' title='bbox 3311 2804 3730 2868; x_wconf 73' lang='grc' dir='ltr'>ἀπολαύσαντας</span> 
     </span>
    </p>
   </div>
   <div class='ocr_carea' id='block_1_67' title="bbox 2154 2897 3728 2974">
    <p class='ocr_par' dir='ltr' id='par_1_67' title="bbox 2154 2897 3728 2974">
     <span class='ocr_line' id='line_1_68' title="bbox 2154 2897 3728 2974; baseline -0.006 -17"><span class='ocrx_word' id='word_1_464' title='bbox 2154 2903 2538 2974; x_wconf 84' lang='grc' dir='ltr'>χρηστότητος,</span> <span class='ocrx_word' id='word_1_465' title='bbox 2563 2901 2734 2963; x_wconf 77' lang='grc' dir='ltr'>οὕτως</span> <span class='ocrx_word' id='word_1_466' title='bbox 2765 2901 2950 2963; x_wconf 80' lang='grc' dir='ltr'>κακῶς</span> <span class='ocrx_word' id='word_1_467' title='bbox 2996 2900 3299 2954; x_wconf 76' lang='grc' dir='ltr'>διακεῖσθαι</span> <span class='ocrx_word' id='word_1_468' title='bbox 3328 2897 3728 2969; x_wconf 81' lang='grc' dir='ltr'>παροργισθέν-</span> 
     </span>
    </p>
   </div>
   <div class='ocr_carea' id='block_1_68' title="bbox 2082 2987 3730 3088">
    <p class='ocr_par' dir='ltr' id='par_1_68' title="bbox 2082 2987 3730 3088">
     <span class='ocr_line' id='line_1_69' title="bbox 2082 2987 3730 3088; baseline -0.007 -38"><span class='ocrx_word' id='word_1_469' title='bbox 2082 3030 2126 3088; x_wconf 77' lang='lat' dir='ltr'><strong><em>C</em></strong></span> <span class='ocrx_word' id='word_1_470' title='bbox 2157 3013 2224 3049; x_wconf 90' lang='grc' dir='ltr'><strong>τα</strong></span> <span class='ocrx_word' id='word_1_471' title='bbox 2260 3012 2273 3026; x_wconf 89' lang='grc'><strong>·</strong></span> <span class='ocrx_word' id='word_1_472' title='bbox 2301 2994 2434 3088; x_wconf 78' lang='grc' dir='ltr'>ἀλλὰ</span> <span class='ocrx_word' id='word_1_473' title='bbox 2458 2995 2553 3047; x_wconf 73' lang='grc' dir='ltr'>καὶ</span> <span class='ocrx_word' id='word_1_474' title='bbox 2585 2994 2748 3063; x_wconf 79' lang='grc' dir='ltr'>μέχρι</span> <span class='ocrx_word' id='word_1_475' title='bbox 2787 2992 2974 3046; x_wconf 84' lang='grc' dir='ltr'>παθῶν</span> <span class='ocrx_word' id='word_1_476' title='bbox 3007 2993 3250 3046; x_wconf 79' lang='grc' dir='ltr'>κατιέναι</span> <span class='ocrx_word' id='word_1_477' title='bbox 3283 2991 3350 3043; x_wconf 87' lang='grc' dir='ltr'>δι’</span> <span class='ocrx_word' id='word_1_478' title='bbox 3378 2990 3522 3060; x_wconf 78' lang='grc' dir='ltr'>ἡμᾶς</span> <span class='ocrx_word' id='word_1_479' title='bbox 3572 2987 3730 3040; x_wconf 76' lang='grc' dir='ltr'>εὐδο-</span> 
     </span>
    </p>
   </div>
   <div class='ocr_carea' id='block_1_69' title="bbox 2158 3079 3736 3155">
    <p class='ocr_par' dir='ltr' id='par_1_69' title="bbox 2158 3079 3736 3155">
     <span class='ocr_line' id='line_1_70' title="bbox 2158 3079 3736 3155; baseline -0.006 -15"><span class='ocrx_word' id='word_1_480' title='bbox 2158 3090 2278 3140; x_wconf 85' lang='grc' dir='ltr'>κεῖ·</span> <span class='ocrx_word' id='word_1_481' title='bbox 2312 3087 2405 3139; x_wconf 71' lang='grc' dir='ltr'><strong>καὶ</strong></span> <span class='ocrx_word' id='word_1_482' title='bbox 2427 3087 2520 3148; x_wconf 79' lang='grc' dir='ltr'><strong>οὓς</strong></span> <span class='ocrx_word' id='word_1_483' title='bbox 2545 3087 2643 3155; x_wconf 82' lang='grc' dir='ltr'>οὐχ</span> <span class='ocrx_word' id='word_1_484' title='bbox 2672 3087 2752 3138; x_wconf 74' lang='grc' dir='ltr'>ἐνὶ</span> <span class='ocrx_word' id='word_1_485' title='bbox 2787 3085 3020 3153; x_wconf 80' lang='grc' dir='ltr'>θανάτῳ.</span> <span class='ocrx_word' id='word_1_486' title='bbox 3062 3083 3200 3139; x_wconf 71' lang='grc' dir='ltr'>ἀλλὰ</span> <span class='ocrx_word' id='word_1_487' title='bbox 3245 3082 3456 3153; x_wconf 88' lang='grc' dir='ltr'>μυρίοις</span> <span class='ocrx_word' id='word_1_488' title='bbox 3493 3080 3599 3132; x_wconf 69' lang='grc' dir='ltr'>ἔδει</span> <span class='ocrx_word' id='word_1_489' title='bbox 3645 3079 3736 3131; x_wconf 85' lang='grc' dir='ltr'><strong>δο-</strong></span> 
     </span>
    </p>
   </div>
   <div class='ocr_carea' id='block_1_70' title="bbox 2160 3172 3734 3247">
    <p class='ocr_par' dir='ltr' id='par_1_70' title="bbox 2160 3172 3734 3247">
     <span class='ocr_line' id='line_1_71' title="bbox 2160 3172 3734 3247; baseline -0.006 -15"><span class='ocrx_word' id='word_1_490' title='bbox 2160 3181 2346 3247; x_wconf 80' lang='grc' dir='ltr'>θῆναι,</span> <span class='ocrx_word' id='word_1_491' title='bbox 2391 3177 2459 3230; x_wconf 84' lang='grc' dir='ltr'>ἵν’</span> <span class='ocrx_word' id='word_1_492' title='bbox 2511 3172 2658 3231; x_wconf 69' lang='grc' dir='ltr'>οὗτοι</span> <span class='ocrx_word' id='word_1_493' title='bbox 2703 3177 2934 3231; x_wconf 82' lang='grc' dir='ltr'>θανάτου</span> <span class='ocrx_word' id='word_1_494' title='bbox 2978 3174 3359 3244; x_wconf 84' lang='grc' dir='ltr'>λυτρωθῶσιν,</span> <span class='ocrx_word' id='word_1_495' title='bbox 3391 3175 3418 3225; x_wconf 83' lang='grc' dir='ltr'><strong>ὁ</strong></span> <span class='ocrx_word' id='word_1_496' title='bbox 3455 3172 3734 3238; x_wconf 85' lang='grc' dir='ltr'>Δεσπότης</span> 
     </span>
    </p>
   </div>
   <div class='ocr_carea' id='block_1_71' title="bbox 2161 3264 3735 3340">
    <p class='ocr_par' dir='ltr' id='par_1_71' title="bbox 2161 3264 3735 3340">
     <span class='ocr_line' id='line_1_72' title="bbox 2161 3264 3735 3340; baseline -0.007 -15"><span class='ocrx_word' id='word_1_497' title='bbox 2161 3271 2376 3340; x_wconf 81' lang='grc' dir='ltr'>θανάτῳ</span> <span class='ocrx_word' id='word_1_498' title='bbox 2407 3269 2798 3339; x_wconf 81' lang='grc' dir='ltr'>συμπλέκεται.</span> <span class='ocrx_word' id='word_1_499' title='bbox 2824 3267 3222 3338; x_wconf 85' lang='grc' dir='ltr'>Συμπλέκεται,</span> <span class='ocrx_word' id='word_1_500' title='bbox 3255 3265 3367 3318; x_wconf 85' lang='grc' dir='ltr'>ἀλλ’</span> <span class='ocrx_word' id='word_1_501' title='bbox 3417 3265 3476 3317; x_wconf 84' lang='grc' dir='ltr'><strong>οὐ</strong></span> <span class='ocrx_word' id='word_1_502' title='bbox 3515 3264 3735 3333; x_wconf 81' lang='grc' dir='ltr'>κρατεῖ-</span> 
     </span>
    </p>
   </div>
   <div class='ocr_carea' id='block_1_72' title="bbox 2158 3355 3734 3434">
    <p class='ocr_par' dir='ltr' id='par_1_72' title="bbox 2158 3355 3734 3434">
     <span class='ocr_line' id='line_1_73' title="bbox 2158 3355 3734 3434; baseline -0.005 -18"><span class='ocrx_word' id='word_1_503' title='bbox 2158 3382 2270 3418; x_wconf 90' lang='grc' dir='ltr'>ται.</span> <span class='ocrx_word' id='word_1_504' title='bbox 2321 3364 2382 3415; x_wconf 80' lang='grc' dir='ltr'><strong>Εἰ</strong></span> <span class='ocrx_word' id='word_1_505' title='bbox 2443 3362 2551 3434; x_wconf 76' lang='grc' dir='ltr'><strong>γὰρ</strong></span> <span class='ocrx_word' id='word_1_506' title='bbox 2588 3362 2682 3415; x_wconf 56' lang='grc' dir='ltr'><strong>κοιλ¹</strong></span> <span class='ocrx_word' id='word_1_507' title='bbox 2734 3361 2869 3430; x_wconf 78' lang='grc' dir='ltr'>πρὸς</span> <span class='ocrx_word' id='word_1_508' title='bbox 2919 3359 3234 3429; x_wconf 84' lang='grc' dir='ltr'>συμπλοκὴν</span> <span class='ocrx_word' id='word_1_509' title='bbox 3253 3358 3331 3428; x_wconf 87' lang='grc' dir='ltr'>τῷ</span> <span class='ocrx_word' id='word_1_510' title='bbox 3365 3358 3579 3427; x_wconf 83' lang='grc' dir='ltr'>θανάτῳ</span> <span class='ocrx_word' id='word_1_511' title='bbox 3604 3355 3734 3408; x_wconf 83' lang='grc' dir='ltr'><strong>διώ-</strong></span> 
     </span>
    </p>
   </div>
   <div class='ocr_carea' id='block_1_73' title="bbox 2162 3450 3734 3523">
    <p class='ocr_par' dir='ltr' id='par_1_73' title="bbox 2162 3450 3734 3523">
     <span class='ocr_line' id='line_1_74' title="bbox 2162 3450 3734 3523; baseline -0.006 -14"><span class='ocrx_word' id='word_1_512' title='bbox 2162 3473 2311 3509; x_wconf 84' lang='grc' dir='ltr'>κοντι</span> <span class='ocrx_word' id='word_1_513' title='bbox 2330 3455 2390 3506; x_wconf 74' lang='grc' dir='ltr'>τὺ</span> <span class='ocrx_word' id='word_1_514' title='bbox 2417 3455 2572 3522; x_wconf 84' lang='grc' dir='ltr'>γένος</span> <span class='ocrx_word' id='word_1_515' title='bbox 2592 3453 2840 3523; x_wconf 81' lang='grc' dir='ltr'>καθίησιν</span> <span class='ocrx_word' id='word_1_516' title='bbox 2855 3451 3064 3515; x_wconf 79' lang='grc' dir='ltr'>ἑαυτὸν,</span> <span class='ocrx_word' id='word_1_517' title='bbox 3077 3452 3190 3506; x_wconf 88' lang='grc' dir='ltr'>ἀλλ’</span> <span class='ocrx_word' id='word_1_518' title='bbox 3217 3452 3281 3504; x_wconf 80' lang='grc' dir='ltr'><strong>ἵν’</strong></span> <span class='ocrx_word' id='word_1_519' title='bbox 3305 3450 3501 3521; x_wconf 75' lang='grc' dir='ltr'>ἐπίσχῃ</span> <span class='ocrx_word' id='word_1_520' title='bbox 3517 3450 3734 3517; x_wconf 77' lang='grc' dir='ltr'>δεσμοῖς</span> 
     </span>
    </p>
   </div>
   <div class='ocr_carea' id='block_1_74' title="bbox 2163 3539 3733 3617">
    <p class='ocr_par' dir='ltr' id='par_1_74' title="bbox 2163 3539 3733 3617">
     <span class='ocr_line' id='line_1_75' title="bbox 2163 3539 3733 3617; baseline -0.007 -16"><span class='ocrx_word' id='word_1_521' title='bbox 2163 3548 2378 3612; x_wconf 84' lang='grc' dir='ltr'>ἀλύτοις</span> <span class='ocrx_word' id='word_1_522' title='bbox 2405 3548 2565 3601; x_wconf 83' lang='grc' dir='ltr'>αὐτὸν</span> <span class='ocrx_word' id='word_1_523' title='bbox 2595 3549 2694 3617; x_wconf 81' lang='grc' dir='ltr'><strong>τῆς</strong></span> <span class='ocrx_word' id='word_1_524' title='bbox 2743 3546 2834 3598; x_wconf 75' lang='grc' dir='ltr'>ἐπὶ</span> <span class='ocrx_word' id='word_1_525' title='bbox 2891 3547 2953 3598; x_wconf 87' lang='grc' dir='ltr'><strong>τὸ</strong></span> <span class='ocrx_word' id='word_1_526' title='bbox 2990 3544 3223 3613; x_wconf 88' lang='grc' dir='ltr'>πρόσθεν</span> <span class='ocrx_word' id='word_1_527' title='bbox 3257 3545 3430 3615; x_wconf 82' lang='grc' dir='ltr'>ὁρμῆς</span> <span class='ocrx_word' id='word_1_528' title='bbox 3479 3543 3572 3595; x_wconf 75' lang='grc' dir='ltr'><strong>καὶ</strong></span> <span class='ocrx_word' id='word_1_529' title='bbox 3609 3539 3733 3593; x_wconf 78' lang='grc' dir='ltr'><strong>διώ-</strong></span> 
     </span>
    </p>
   </div>
   <div class='ocr_carea' id='block_1_75' title="bbox 2165 3630 3738 3709">
    <p class='ocr_par' dir='ltr' id='par_1_75' title="bbox 2165 3630 3738 3709">
     <span class='ocr_line' id='line_1_76' title="bbox 2165 3630 3738 3709; baseline -0.015 -2"><span class='ocrx_word' id='word_1_530' title='bbox 2165 3642 2318 3708; x_wconf 66' lang='grc' dir='ltr'>ξεως,</span> <span class='ocrx_word' id='word_1_531' title='bbox 2357 3639 2520 3708; x_wconf 73' lang='grc' dir='ltr'>μηδὲν</span> <span class='ocrx_word' id='word_1_532' title='bbox 2549 3638 2647 3707; x_wconf 77' lang='grc' dir='ltr'>τῆς</span> <span class='ocrx_word' id='word_1_533' title='bbox 2687 3637 2836 3702; x_wconf 83' lang='grc' dir='ltr'>θείας</span> <span class='ocrx_word' id='word_1_534' title='bbox 2881 3636 3163 3709; x_wconf 76' lang='grc' dir='ltr'>δυνάμεως</span> <span class='ocrx_word' id='word_1_535' title='bbox 3207 3635 3482 3690; x_wconf 80' lang='grc' dir='ltr'>ὲκτούτου</span> <span class='ocrx_word' id='word_1_536' title='bbox 3530 3630 3738 3704; x_wconf 57' lang='lat' dir='ltr'><strong>acapna-</strong></span> 
     </span>
    </p>
   </div>
   <div class='ocr_carea' id='block_1_76' title="bbox 2167 3719 3740 3804">
    <p class='ocr_par' dir='ltr' id='par_1_76' title="bbox 2167 3719 3740 3804">
     <span class='ocr_line' id='line_1_77' title="bbox 2167 3719 3740 3804; baseline -0.008 -20"><span class='ocrx_word' id='word_1_537' title='bbox 2167 3749 2288 3804; x_wconf 86' lang='grc' dir='ltr'>σης.</span> <span class='ocrx_word' id='word_1_538' title='bbox 2320 3727 2616 3800; x_wconf 62' lang='grc' dir='ltr'>Ῥῡῦταᾶρα</span> <span class='ocrx_word' id='word_1_539' title='bbox 2640 3731 2733 3782; x_wconf 82' lang='grc' dir='ltr'>καὶ</span> <span class='ocrx_word' id='word_1_540' title='bbox 2762 3727 3164 3798; x_wconf 74' lang='grc' dir='ltr'>θεοφορούμενα</span> <span class='ocrx_word' id='word_1_541' title='bbox 3179 3727 3331 3796; x_wconf 86' lang='grc' dir='ltr'>χείλη</span> <span class='ocrx_word' id='word_1_542' title='bbox 3361 3724 3523 3777; x_wconf 79' lang='grc' dir='ltr'>πάλαι</span> <span class='ocrx_word' id='word_1_543' title='bbox 3563 3719 3740 3790; x_wconf 74' lang='grc' dir='ltr'>προῦ-</span> 
     </span>
    </p>
   </div>
   <div class='ocr_carea' id='block_1_77' title="bbox 2167 3814 3740 3893">
    <p class='ocr_par' dir='ltr' id='par_1_77' title="bbox 2167 3814 3740 3893">
     <span class='ocr_line' id='line_1_78' title="bbox 2167 3814 3740 3893; baseline -0.01 -15"><span class='ocrx_word' id='word_1_544' title='bbox 2167 3827 2322 3892; x_wconf 82' lang='grc' dir='ltr'>λεγεν</span> <span class='ocrx_word' id='word_1_545' title='bbox 2355 3841 2368 3853; x_wconf 93' lang='grc'>·</span> <span class='ocrx_word' id='word_1_546' title='bbox 2409 3823 2579 3893; x_wconf 80' lang='grc' dir='ltr'>’Υπὲρ</span> <span class='ocrx_word' id='word_1_547' title='bbox 2605 3821 2712 3874; x_wconf 83' lang='grc' dir='ltr'><strong>τῶν</strong></span> <span class='ocrx_word' id='word_1_548' title='bbox 2741 3819 3023 3890; x_wconf 81' lang='grc' dir='ltr'>ἁμαρτιῶν</span> <span class='ocrx_word' id='word_1_549' title='bbox 3051 3819 3145 3872; x_wconf 81' lang='grc' dir='ltr'>τοῦ</span> <span class='ocrx_word' id='word_1_550' title='bbox 3167 3817 3298 3872; x_wconf 81' lang='grc' dir='ltr'>λαοῦ</span> <span class='ocrx_word' id='word_1_551' title='bbox 3327 3833 3426 3887; x_wconf 88' lang='grc' dir='ltr'><strong>μου</strong></span> <span class='ocrx_word' id='word_1_552' title='bbox 3449 3815 3619 3884; x_wconf 78' lang='grc' dir='ltr'>ἦχθην</span> <span class='ocrx_word' id='word_1_553' title='bbox 3654 3814 3740 3874; x_wconf 85' lang='grc' dir='ltr'>εἰς</span> 
     </span>
    </p>
   </div>
   <div class='ocr_carea' id='block_1_78' title="bbox 2171 3900 3742 3978">
    <p class='ocr_par' dir='ltr' id='par_1_78' title="bbox 2171 3900 3742 3978">
     <span class='ocr_line' id='line_1_79' title="bbox 2171 3900 3742 3978; baseline -0.011 -11"><span class='ocrx_word' id='word_1_554' title='bbox 2171 3914 2415 3968; x_wconf 83' lang='grc' dir='ltr'>θάνατον.</span> <span class='ocrx_word' id='word_1_555' title='bbox 2449 3911 2620 3978; x_wconf 76' lang='grc' dir='ltr'>’Υπὲρ</span> <span class='ocrx_word' id='word_1_556' title='bbox 2672 3910 2765 3962; x_wconf 82' lang='grc' dir='ltr'>τοῦ</span> <span class='ocrx_word' id='word_1_557' title='bbox 2803 3909 3116 3978; x_wconf 84' lang='grc' dir='ltr'>πλάσματος</span> <span class='ocrx_word' id='word_1_558' title='bbox 3138 3947 3152 3969; x_wconf 84' lang='grc'><strong>,</strong></span> <span class='ocrx_word' id='word_1_559' title='bbox 3197 3911 3224 3960; x_wconf 88' lang='grc' dir='ltr'>ὁ</span> <span class='ocrx_word' id='word_1_560' title='bbox 3254 3906 3502 3970; x_wconf 83' lang='grc' dir='ltr'>Πλάστης</span> <span class='ocrx_word' id='word_1_561' title='bbox 3526 3917 3541 3932; x_wconf 84' lang='grc'><em>’</em></span> <span class='ocrx_word' id='word_1_562' title='bbox 3590 3900 3742 3968; x_wconf 83' lang='grc' dir='ltr'>ὑπὲρ</span> 
     </span>
    </p>
   </div>
   <div class='ocr_carea' id='block_1_79' title="bbox 2171 3991 3739 4069">
    <p class='ocr_par' dir='ltr' id='par_1_79' title="bbox 2171 3991 3739 4069">
     <span class='ocr_line' id='line_1_80' title="bbox 2171 3991 3739 4069; baseline -0.01 -11"><span class='ocrx_word' id='word_1_563' title='bbox 2171 4005 2388 4068; x_wconf 87' lang='grc' dir='ltr'>ἀδίκων,</span> <span class='ocrx_word' id='word_1_564' title='bbox 2439 4005 2468 4056; x_wconf 88' lang='grc' dir='ltr'>ὁ</span> <span class='ocrx_word' id='word_1_565' title='bbox 2505 4003 2708 4064; x_wconf 86' lang='grc' dir='ltr'>δίκαιος</span> <span class='ocrx_word' id='word_1_566' title='bbox 2733 4016 2747 4030; x_wconf 89' lang='grc'><strong>·</strong></span> <span class='ocrx_word' id='word_1_567' title='bbox 2792 4001 2932 4069; x_wconf 85' lang='grc' dir='ltr'>ὑπὲρ</span> <span class='ocrx_word' id='word_1_568' title='bbox 2975 3999 3083 4052; x_wconf 82' lang='grc' dir='ltr'>τῶν</span> <span class='ocrx_word' id='word_1_569' title='bbox 3121 3999 3322 4052; x_wconf 87' lang='grc' dir='ltr'>δούλων</span> <span class='ocrx_word' id='word_1_570' title='bbox 3363 3998 3391 4049; x_wconf 86' lang='grc' dir='ltr'>ὁ</span> <span class='ocrx_word' id='word_1_571' title='bbox 3417 3991 3692 4060; x_wconf 85' lang='grc' dir='ltr'>Δεσπότης</span> <span class='ocrx_word' id='word_1_572' title='bbox 3723 4009 3739 4022; x_wconf 78' lang='grc' dir='ltr'><strong>ο</strong></span> 
     </span>
    </p>
   </div>
   <div class='ocr_carea' id='block_1_80' title="bbox 2174 4082 3749 4168">
    <p class='ocr_par' dir='ltr' id='par_1_80' title="bbox 2174 4082 3749 4168">
     <span class='ocr_line' id='line_1_81' title="bbox 2174 4082 3749 4168; baseline -0.01 -17"><span class='ocrx_word' id='word_1_573' title='bbox 2174 4097 2312 4168; x_wconf 80' lang='grc' dir='ltr'>ὑπὲρ</span> <span class='ocrx_word' id='word_1_574' title='bbox 2349 4095 2458 4148; x_wconf 85' lang='grc' dir='ltr'><strong>τῶν</strong></span> <span class='ocrx_word' id='word_1_575' title='bbox 2492 4093 2858 4165; x_wconf 83' lang='grc' dir='ltr'>κατακρίτων,</span> <span class='ocrx_word' id='word_1_576' title='bbox 2905 4092 2934 4144; x_wconf 89' lang='grc' dir='ltr'>ὁ</span> <span class='ocrx_word' id='word_1_577' title='bbox 2981 4090 3268 4153; x_wconf 84' lang='grc' dir='ltr'>Βασιλεύς.</span> <span class='ocrx_word' id='word_1_578' title='bbox 3315 4089 3426 4142; x_wconf 74' lang='grc' dir='ltr'><strong>Καὶ</strong></span> <span class='ocrx_word' id='word_1_579' title='bbox 3472 4085 3532 4139; x_wconf 80' lang='grc' dir='ltr'><strong>οὐ</strong></span> <span class='ocrx_word' id='word_1_580' title='bbox 3580 4082 3749 4136; x_wconf 81' lang='grc' dir='ltr'>τοῦτο</span> 
     </span>
    </p>
   </div>
   <div class='ocr_carea' id='block_1_81' title="bbox 2178 4177 3745 4261">
    <p class='ocr_par' dir='ltr' id='par_1_81' title="bbox 2178 4177 3745 4261">
     <span class='ocr_line' id='line_1_82' title="bbox 2178 4177 3745 4261; baseline -0.009 -20"><span class='ocrx_word' id='word_1_581' title='bbox 2178 4191 2354 4261; x_wconf 84' lang='grc' dir='ltr'>μόνον,</span> <span class='ocrx_word' id='word_1_582' title='bbox 2383 4186 2496 4240; x_wconf 84' lang='grc' dir='ltr'>ἀλλ’</span> <span class='ocrx_word' id='word_1_583' title='bbox 2524 4187 2660 4253; x_wconf 85' lang='grc' dir='ltr'>ὑπὲρ</span> <span class='ocrx_word' id='word_1_584' title='bbox 2688 4180 2762 4238; x_wconf 83' lang='grc' dir='ltr'>ὧν</span> <span class='ocrx_word' id='word_1_585' title='bbox 2810 4184 2908 4255; x_wconf 82' lang='grc' dir='ltr'>τὴν</span> <span class='ocrx_word' id='word_1_586' title='bbox 2947 4184 3221 4254; x_wconf 86' lang='grc' dir='ltr'>σωτηρίαν</span> <span class='ocrx_word' id='word_1_587' title='bbox 3268 4177 3745 4251; x_wconf 84' lang='grc' dir='ltr'>πραγματεύεται,</span> 
     </span>
    </p>
   </div>
   <div class='ocr_carea' id='block_1_82' title="bbox 2177 4265 3749 4342">
    <p class='ocr_par' dir='ltr' id='par_1_82' title="bbox 2177 4265 3749 4342">
     <span class='ocr_line' id='line_1_83' title="bbox 2177 4265 3749 4342; baseline -0.007 -15"><span class='ocrx_word' id='word_1_588' title='bbox 2177 4275 2280 4327; x_wconf 72' lang='grc' dir='ltr'>ὑπὸ</span> <span class='ocrx_word' id='word_1_589' title='bbox 2301 4271 2503 4327; x_wconf 90' lang='grc' dir='ltr'>τούτων</span> <span class='ocrx_word' id='word_1_590' title='bbox 2524 4270 2974 4342; x_wconf 78' lang='grc' dir='ltr'>τραυματίζεται.</span> <span class='ocrx_word' id='word_1_591' title='bbox 3011 4272 3131 4324; x_wconf 83' lang='grc' dir='ltr'>Ἵνα</span> <span class='ocrx_word' id='word_1_592' title='bbox 3161 4271 3269 4340; x_wconf 78' lang='grc' dir='ltr'><strong>γὰρ</strong></span> <span class='ocrx_word' id='word_1_593' title='bbox 3318 4268 3604 4338; x_wconf 81' lang='grc' dir='ltr'>ἄνθρωπος</span> <span class='ocrx_word' id='word_1_594' title='bbox 3632 4265 3749 4317; x_wconf 82' lang='grc' dir='ltr'>ἀπ-</span> 
     </span>
    </p>
   </div>
   <div class='ocr_carea' id='block_1_83' title="bbox 510 4350 2058 4436">
    <p class='ocr_par' dir='ltr' id='par_1_83' title="bbox 510 4350 2058 4433">
     <span class='ocr_line' id='line_1_84' title="bbox 510 4350 2058 4433; baseline -0.011 -13"><span class='ocrx_word' id='word_1_595' title='bbox 510 4366 742 4420; x_wconf 83' lang='lat' dir='ltr'><strong>salutem</strong></span> <span class='ocrx_word' id='word_1_596' title='bbox 774 4370 1052 4433; x_wconf 85' lang='lat' dir='ltr'><strong>procurat,</strong></span> <span class='ocrx_word' id='word_1_597' title='bbox 1077 4360 1144 4413; x_wconf 88' lang='lat' dir='ltr'><strong>ab</strong></span> <span class='ocrx_word' id='word_1_598' title='bbox 1177 4359 1259 4412; x_wconf 87' lang='lat' dir='ltr'><strong>bis</strong></span> <span class='ocrx_word' id='word_1_599' title='bbox 1278 4357 1617 4410; x_wconf 87' lang='lat' dir='ltr'><strong>vulneratur.</strong></span> <span class='ocrx_word' id='word_1_600' title='bbox 1644 4350 1714 4406; x_wconf 88' lang='lat' dir='ltr'><strong>Ut</strong></span> <span class='ocrx_word' id='word_1_601' title='bbox 1739 4351 1883 4404; x_wconf 91' lang='lat' dir='ltr'><strong>enim</strong></span> <span class='ocrx_word' id='word_1_602' title='bbox 1909 4351 2058 4404; x_wconf 78' lang='lat' dir='ltr'><strong>bonic</strong></span> 
     </span>
    </p>
   </div>
   <div class='ocr_carea' id='block_1_84' title="bbox 2159 4350 3749 4436">
    <p class='ocr_par' dir='ltr' id='par_1_84' title="bbox 2178 4357 3749 4436">
     <span class='ocr_line' id='line_1_85' title="bbox 2178 4357 3749 4436; baseline -0.01 -13"><span class='ocrx_word' id='word_1_603' title='bbox 2178 4367 2532 4436; x_wconf 86' lang='grc' dir='ltr'>αθανατισθῇ,</span> <span class='ocrx_word' id='word_1_604' title='bbox 2571 4365 2791 4434; x_wconf 88' lang='grc' dir='ltr'>γεύεται</span> <span class='ocrx_word' id='word_1_605' title='bbox 2851 4366 3082 4419; x_wconf 85' lang='grc' dir='ltr'>θανάτου</span> <span class='ocrx_word' id='word_1_606' title='bbox 3111 4363 3274 4424; x_wconf 74' lang='grc' dir='ltr'>Θεόςο</span> <span class='ocrx_word' id='word_1_607' title='bbox 3322 4361 3416 4415; x_wconf 73' lang='grc' dir='ltr'>καὶ</span> <span class='ocrx_word' id='word_1_608' title='bbox 3469 4357 3749 4426; x_wconf 85' lang='grc' dir='ltr'>τολμῶσιν</span> 
     </span>
    </p>
   </div>
   <div class='ocr_carea' id='block_1_85' title="bbox 509 4444 2072 4518">
    <p class='ocr_par' dir='ltr' id='par_1_85' title="bbox 509 4444 2072 4518">
     <span class='ocr_line' id='line_1_86' title="bbox 509 4444 2072 4518; baseline -0.012 -4"><span class='ocrx_word' id='word_1_609' title='bbox 509 4457 836 4514; x_wconf 86' lang='lat' dir='ltr'><strong>immortalis</strong></span> <span class='ocrx_word' id='word_1_610' title='bbox 861 4453 973 4518; x_wconf 78' lang='lat' dir='ltr'><strong>flat,</strong></span> <span class='ocrx_word' id='word_1_611' title='bbox 1002 4451 1146 4506; x_wconf 86' lang='lat' dir='ltr'><strong>Deus</strong></span> <span class='ocrx_word' id='word_1_612' title='bbox 1179 4457 1407 4503; x_wconf 88' lang='lat' dir='ltr'><strong>mortem</strong></span> <span class='ocrx_word' id='word_1_613' title='bbox 1446 4454 1663 4516; x_wconf 83' lang='lat' dir='ltr'><strong>gustat;</strong></span> <span class='ocrx_word' id='word_1_614' title='bbox 1694 4460 1792 4498; x_wconf 91' lang='lat' dir='ltr'><strong>nec</strong></span> <span class='ocrx_word' id='word_1_615' title='bbox 1818 4444 2072 4498; x_wconf 83' lang='lat' dir='ltr'><strong>homines</strong></span> 
     </span>
    </p>
   </div>
   <div class='ocr_carea' id='block_1_86' title="bbox 511 4535 2072 4606">
    <p class='ocr_par' dir='ltr' id='par_1_86' title="bbox 511 4535 2072 4606">
     <span class='ocr_line' id='line_1_87' title="bbox 511 4535 2072 4606; baseline -0.012 -2"><span class='ocrx_word' id='word_1_616' title='bbox 511 4567 541 4606; x_wconf 89' lang='lat' dir='ltr'><strong>a</strong></span> <span class='ocrx_word' id='word_1_617' title='bbox 582 4556 736 4603; x_wconf 87' lang='lat' dir='ltr'><strong>tanto</strong></span> <span class='ocrx_word' id='word_1_618' title='bbox 767 4547 1146 4600; x_wconf 87' lang='lat' dir='ltr'><strong>absterrentur</strong></span> <span class='ocrx_word' id='word_1_619' title='bbox 1198 4539 1466 4593; x_wconf 84' lang='lat' dir='ltr'><strong>facinore.</strong></span> <span class='ocrx_word' id='word_1_620' title='bbox 1516 4535 1676 4591; x_wconf 84' lang='lat' dir='ltr'><strong>Venit</strong></span> <span class='ocrx_word' id='word_1_621' title='bbox 1706 4536 1773 4589; x_wconf 83' lang='lat' dir='ltr'><strong>ad</strong></span> <span class='ocrx_word' id='word_1_622' title='bbox 1821 4535 2072 4604; x_wconf 85' lang='lat' dir='ltr'><strong>captivos</strong></span> 
     </span>
    </p>
   </div>
   <div class='ocr_carea' id='block_1_87' title="bbox 513 4626 2070 4708">
    <p class='ocr_par' dir='ltr' id='par_1_87' title="bbox 513 4626 2070 4708">
     <span class='ocr_line' id='line_1_88' title="bbox 513 4626 2070 4708; baseline -0.011 -16"><span class='ocrx_word' id='word_1_623' title='bbox 513 4641 862 4708; x_wconf 78' lang='lat' dir='ltr'><strong>Redemptor,</strong></span> <span class='ocrx_word' id='word_1_624' title='bbox 915 4633 1225 4703; x_wconf 80' lang='lat' dir='ltr'><strong>ingratique</strong></span> <span class='ocrx_word' id='word_1_625' title='bbox 1290 4630 1591 4685; x_wconf 88' lang='lat' dir='ltr'><strong>solventem</strong></span> <span class='ocrx_word' id='word_1_626' title='bbox 1646 4627 1823 4696; x_wconf 89' lang='lat' dir='ltr'><strong>ipsum</strong></span> <span class='ocrx_word' id='word_1_627' title='bbox 1877 4626 2070 4694; x_wconf 78' lang='lat' dir='ltr'><strong>ligant.</strong></span> 
     </span>
    </p>
   </div>
   <div class='ocr_carea' id='block_1_88' title="bbox 511 4717 2074 4793">
    <p class='ocr_par' dir='ltr' id='par_1_88' title="bbox 511 4717 2074 4793">
     <span class='ocr_line' id='line_1_89' title="bbox 511 4717 2074 4793; baseline -0.009 -9"><span class='ocrx_word' id='word_1_628' title='bbox 511 4731 674 4787; x_wconf 73' lang='lat' dir='ltr'><strong>Venit</strong></span> <span class='ocrx_word' id='word_1_629' title='bbox 699 4729 948 4785; x_wconf 88' lang='lat' dir='ltr'><strong>medicus</strong></span> <span class='ocrx_word' id='word_1_630' title='bbox 983 4726 1048 4780; x_wconf 90' lang='lat' dir='ltr'><strong>ad</strong></span> <span class='ocrx_word' id='word_1_631' title='bbox 1083 4738 1258 4793; x_wconf 81' lang='lat' dir='ltr'><strong>aegros</strong></span> <span class='ocrx_word' id='word_1_632' title='bbox 1287 4740 1301 4789; x_wconf 91' lang='lat'>;</span> <span class='ocrx_word' id='word_1_633' title='bbox 1352 4723 1496 4790; x_wconf 88' lang='lat' dir='ltr'><strong>iique</strong></span> <span class='ocrx_word' id='word_1_634' title='bbox 1519 4721 1814 4790; x_wconf 88' lang='lat' dir='ltr'><strong>gratiarum</strong></span> <span class='ocrx_word' id='word_1_635' title='bbox 1837 4717 2074 4772; x_wconf 85' lang='lat' dir='ltr'><strong>actionis</strong></span> 
     </span>
    </p>
   </div>
   <div class='ocr_carea' id='block_1_89' title="bbox 517 4809 2075 4889">
    <p class='ocr_par' dir='ltr' id='par_1_89' title="bbox 517 4809 2075 4889">
     <span class='ocr_line' id='line_1_90' title="bbox 517 4809 2075 4889; baseline -0.01 -14"><span class='ocrx_word' id='word_1_636' title='bbox 517 4825 634 4876; x_wconf 86' lang='lat' dir='ltr'><strong>loco</strong></span> <span class='ocrx_word' id='word_1_637' title='bbox 666 4815 839 4875; x_wconf 88' lang='lat' dir='ltr'><strong>eidem</strong></span> <span class='ocrx_word' id='word_1_638' title='bbox 867 4817 1116 4889; x_wconf 81' lang='lat' dir='ltr'><strong>Inﬂigunt</strong></span> <span class='ocrx_word' id='word_1_639' title='bbox 1137 4809 1381 4868; x_wconf 83' lang='lat' dir='ltr'><strong>vulnera.</strong></span> <span class='ocrx_word' id='word_1_640' title='bbox 1420 4812 1577 4866; x_wconf 83' lang='lat' dir='ltr'><strong>Venit</strong></span> <span class='ocrx_word' id='word_1_641' title='bbox 1604 4812 1856 4865; x_wconf 90' lang='lat' dir='ltr'><strong>Salvator</strong></span> <span class='ocrx_word' id='word_1_642' title='bbox 1890 4809 1954 4862; x_wconf 86' lang='lat' dir='ltr'><strong>ad</strong></span> <span class='ocrx_word' id='word_1_643' title='bbox 1979 4823 2075 4862; x_wconf 72' lang='lat' dir='ltr'><strong>eos</strong></span> 
     </span>
    </p>
   </div>
   <div class='ocr_carea' id='block_1_90' title="bbox 514 4901 2075 4986">
    <p class='ocr_par' dir='ltr' id='par_1_90' title="bbox 514 4901 2075 4986">
     <span class='ocr_line' id='line_1_91' title="bbox 514 4901 2075 4986; baseline -0.01 -20"><span class='ocrx_word' id='word_1_644' title='bbox 514 4915 608 4986; x_wconf 70' lang='lat' dir='ltr'><strong>qui</strong></span> <span class='ocrx_word' id='word_1_645' title='bbox 629 4929 726 4985; x_wconf 88' lang='lat' dir='ltr'><strong>per</strong></span> <span class='ocrx_word' id='word_1_646' title='bbox 775 4914 980 4982; x_wconf 88' lang='lat' dir='ltr'><strong>lignum</strong></span> <span class='ocrx_word' id='word_1_647' title='bbox 1041 4908 1355 4978; x_wconf 88' lang='lat' dir='ltr'><strong>periissent,</strong></span> <span class='ocrx_word' id='word_1_648' title='bbox 1407 4914 1571 4974; x_wconf 85' lang='lat' dir='ltr'><strong>atque</strong></span> <span class='ocrx_word' id='word_1_649' title='bbox 1619 4903 1690 4958; x_wconf 88' lang='lat' dir='ltr'><strong>ab</strong></span> <span class='ocrx_word' id='word_1_650' title='bbox 1730 4902 1798 4956; x_wconf 91' lang='lat' dir='ltr'><strong>iis</strong></span> <span class='ocrx_word' id='word_1_651' title='bbox 1838 4902 1893 4954; x_wconf 91' lang='lat' dir='ltr'><strong>in</strong></span> <span class='ocrx_word' id='word_1_652' title='bbox 1928 4901 2075 4970; x_wconf 86' lang='lat' dir='ltr'><strong>ligno</strong></span> 
     </span>
    </p>
   </div>
   <div class='ocr_carea' id='block_1_91' title="bbox 515 4993 2076 5068">
    <p class='ocr_par' dir='ltr' id='par_1_91' title="bbox 515 4993 2076 5068">
     <span class='ocr_line' id='line_1_92' title="bbox 515 4993 2076 5068; baseline -0.009 -12"><span class='ocrx_word' id='word_1_653' title='bbox 515 5002 842 5059; x_wconf 75' lang='lat' dir='ltr'><strong>extenditur.</strong></span> <span class='ocrx_word' id='word_1_654' title='bbox 885 5001 963 5054; x_wconf 82' lang='lat' dir='ltr'><strong>Ac</strong></span> <span class='ocrx_word' id='word_1_655' title='bbox 986 5014 1162 5068; x_wconf 89' lang='lat' dir='ltr'><strong>neque</strong></span> <span class='ocrx_word' id='word_1_656' title='bbox 1209 4997 1476 5052; x_wconf 88' lang='lat' dir='ltr'><strong>hactenus</strong></span> <span class='ocrx_word' id='word_1_657' title='bbox 1519 4995 1696 5062; x_wconf 85' lang='lat' dir='ltr'><strong>iisque</strong></span> <span class='ocrx_word' id='word_1_658' title='bbox 1732 4993 2076 5047; x_wconf 84' lang='lat' dir='ltr'><strong>cruciamen—</strong></span> 
     </span>
    </p>
   </div>
   <div class='ocr_carea' id='block_1_92' title="bbox 516 5084 2075 5154">
    <p class='ocr_par' dir='ltr' id='par_1_92' title="bbox 516 5084 2075 5154">
     <span class='ocr_line' id='line_1_93' title="bbox 516 5084 2075 5154; baseline -0.012 -1"><span class='ocrx_word' id='word_1_659' title='bbox 516 5102 588 5153; x_wconf 83' lang='lat' dir='ltr'><strong>tis</strong></span> <span class='ocrx_word' id='word_1_660' title='bbox 619 5110 684 5151; x_wconf 85' lang='lat' dir='ltr'><strong>ac</strong></span> <span class='ocrx_word' id='word_1_661' title='bbox 730 5101 906 5148; x_wconf 85' lang='lat' dir='ltr'><strong>morte</strong></span> <span class='ocrx_word' id='word_1_662' title='bbox 931 5091 1066 5145; x_wconf 86' lang='lat' dir='ltr'><strong>iram</strong></span> <span class='ocrx_word' id='word_1_663' title='bbox 1111 5089 1386 5143; x_wconf 80' lang='lat' dir='ltr'><strong>deﬁnitam</strong></span> <span class='ocrx_word' id='word_1_664' title='bbox 1441 5088 1668 5150; x_wconf 85' lang='lat' dir='ltr'><strong>volunt;</strong></span> <span class='ocrx_word' id='word_1_665' title='bbox 1727 5084 1859 5154; x_wconf 91' lang='lat' dir='ltr'><strong>quin</strong></span> <span class='ocrx_word' id='word_1_666' title='bbox 1911 5085 2075 5138; x_wconf 85' lang='lat' dir='ltr'><strong>etiam</strong></span> 
     </span>
    </p>
   </div>
   <div class='ocr_carea' id='block_1_93' title="bbox 2175 4450 3750 4528">
    <p class='ocr_par' dir='ltr' id='par_1_93' title="bbox 2175 4450 3750 4528">
     <span class='ocr_line' id='line_1_94' title="bbox 2175 4450 3750 4528; baseline -0.009 -15"><span class='ocrx_word' id='word_1_667' title='bbox 2175 4459 2271 4514; x_wconf 82' lang='grc' dir='ltr'>ἄνθ</span> <span class='ocrx_word' id='word_1_668' title='bbox 2283 4474 2452 4528; x_wconf 87' lang='grc' dir='ltr'>ρωποι</span> <span class='ocrx_word' id='word_1_669' title='bbox 2472 4457 2530 4509; x_wconf 81' lang='grc' dir='ltr'><strong>τὸ</strong></span> <span class='ocrx_word' id='word_1_670' title='bbox 2548 4454 2872 4526; x_wconf 79' lang='grc' dir='ltr'>ἐγχείρημα.</span> <span class='ocrx_word' id='word_1_671' title='bbox 2894 4456 2952 4508; x_wconf 88' lang='lat'><strong>&#39;0</strong></span> <span class='ocrx_word' id='word_1_672' title='bbox 2978 4453 3257 4524; x_wconf 81' lang='grc' dir='ltr'>λυτρωτὴς</span> <span class='ocrx_word' id='word_1_673' title='bbox 3279 4451 3616 4522; x_wconf 82' lang='grc' dir='ltr'>παρεγένετο</span> <span class='ocrx_word' id='word_1_674' title='bbox 3631 4450 3750 4510; x_wconf 84' lang='grc' dir='ltr'>τοῖς</span> 
     </span>
    </p>
   </div>
   <div class='ocr_carea' id='block_1_94' title="bbox 2176 4539 3770 4620">
    <p class='ocr_par' dir='ltr' id='par_1_94' title="bbox 2176 4539 3770 4620">
     <span class='ocr_line' id='line_1_95' title="bbox 2176 4539 3770 4620; baseline -0.009 -16"><span class='ocrx_word' id='word_1_675' title='bbox 2176 4547 2544 4620; x_wconf 78' lang='grc' dir='ltr'>αἰχμαλώτοις</span> <span class='ocrx_word' id='word_1_676' title='bbox 2567 4565 2580 4577; x_wconf 87' lang='grc'><strong>·</strong></span> <span class='ocrx_word' id='word_1_677' title='bbox 2625 4549 2717 4600; x_wconf 71' lang='grc' dir='ltr'><strong>καὶ</strong></span> <span class='ocrx_word' id='word_1_678' title='bbox 2755 4548 2804 4601; x_wconf 85' lang='grc' dir='ltr'>οἱ</span> <span class='ocrx_word' id='word_1_679' title='bbox 2847 4547 3132 4616; x_wconf 80' lang='grc' dir='ltr'>ἀχάριστοι</span> <span class='ocrx_word' id='word_1_680' title='bbox 3172 4541 3432 4612; x_wconf 78' lang='grc' dir='ltr'>δεσμοῦσι</span> <span class='ocrx_word' id='word_1_681' title='bbox 3467 4541 3558 4594; x_wconf 79' lang='grc' dir='ltr'><strong>τὸν</strong></span> <span class='ocrx_word' id='word_1_682' title='bbox 3585 4539 3770 4592; x_wconf 84' lang='grc' dir='ltr'>λύον--</span> 
     </span>
    </p>
   </div>
   <div class='ocr_carea' id='block_1_95' title="bbox 2175 4629 3752 4708">
    <p class='ocr_par' dir='ltr' id='par_1_95' title="bbox 2175 4629 3752 4708">
     <span class='ocr_line' id='line_1_96' title="bbox 2175 4629 3752 4708; baseline -0.008 -14"><span class='ocrx_word' id='word_1_683' title='bbox 2175 4660 2265 4697; x_wconf 92' lang='grc' dir='ltr'>τα.</span> <span class='ocrx_word' id='word_1_684' title='bbox 2309 4640 2542 4708; x_wconf 83' lang='grc' dir='ltr'>Ἐπέστη</span> <span class='ocrx_word' id='word_1_685' title='bbox 2563 4639 2671 4702; x_wconf 83' lang='grc' dir='ltr'>τοῖς</span> <span class='ocrx_word' id='word_1_686' title='bbox 2703 4637 3018 4692; x_wconf 79' lang='grc' dir='ltr'>ἀσθενοῦσιν</span> <span class='ocrx_word' id='word_1_687' title='bbox 3047 4639 3074 4690; x_wconf 90' lang='grc' dir='ltr'><strong>ὁ</strong></span> <span class='ocrx_word' id='word_1_688' title='bbox 3103 4636 3286 4707; x_wconf 85' lang='grc' dir='ltr'>ἱατρός</span> <span class='ocrx_word' id='word_1_689' title='bbox 3321 4651 3334 4666; x_wconf 87' lang='grc'><strong>·</strong></span> <span class='ocrx_word' id='word_1_690' title='bbox 3393 4635 3486 4687; x_wconf 77' lang='grc' dir='ltr'><strong>καὶ</strong></span> <span class='ocrx_word' id='word_1_691' title='bbox 3503 4633 3621 4686; x_wconf 73' lang='grc' dir='ltr'>ἀντὶ</span> <span class='ocrx_word' id='word_1_692' title='bbox 3647 4629 3752 4682; x_wconf 82' lang='grc' dir='ltr'>τοῦ</span> 
     </span>
    </p>
   </div>
   <div class='ocr_carea' id='block_1_96' title="bbox 2177 4719 3754 4804">
    <p class='ocr_par' dir='ltr' id='par_1_96' title="bbox 2177 4719 3754 4804">
     <span class='ocr_line' id='line_1_97' title="bbox 2177 4719 3754 4804; baseline -0.021 0"><span class='ocrx_word' id='word_1_693' title='bbox 2177 4734 2334 4804; x_wconf 75' lang='grc' dir='ltr'><strong>Χάριν</strong></span> <span class='ocrx_word' id='word_1_694' title='bbox 2361 4732 2556 4785; x_wconf 63' lang='grc' dir='ltr'><strong>εἰδέναι</strong></span> <span class='ocrx_word' id='word_1_695' title='bbox 2603 4731 2699 4799; x_wconf 83' lang='grc' dir='ltr'>τῆς</span> <span class='ocrx_word' id='word_1_696' title='bbox 2731 4730 3045 4797; x_wconf 83' lang='grc' dir='ltr'>θεραπείας,</span> <span class='ocrx_word' id='word_1_697' title='bbox 3076 4727 3416 4798; x_wconf 85' lang='grc' dir='ltr'>τραυματίαν</span> <span class='ocrx_word' id='word_1_698' title='bbox 3469 4719 3754 4777; x_wconf 83' lang='grc' dir='ltr'>δεικνύου-</span> 
     </span>
    </p>
   </div>
   <div class='ocr_carea' id='block_1_97' title="bbox 2183 4810 3754 4888">
    <p class='ocr_par' dir='ltr' id='par_1_97' title="bbox 2183 4810 3754 4888">
     <span class='ocr_line' id='line_1_98' title="bbox 2183 4810 3754 4888; baseline -0.01 -10"><span class='ocrx_word' id='word_1_699' title='bbox 2183 4818 2472 4878; x_wconf 77' lang='grc' dir='ltr'>σιν.⁷Ηλθε</span> <span class='ocrx_word' id='word_1_700' title='bbox 2494 4823 2605 4885; x_wconf 82' lang='grc' dir='ltr'>τοῖς</span> <span class='ocrx_word' id='word_1_701' title='bbox 2631 4820 2931 4875; x_wconf 85' lang='grc' dir='ltr'>ἀπολωλόσι</span> <span class='ocrx_word' id='word_1_702' title='bbox 2958 4819 3043 4874; x_wconf 78' lang='grc' dir='ltr'><strong>διὰ</strong></span> <span class='ocrx_word' id='word_1_703' title='bbox 3067 4819 3223 4883; x_wconf 81' lang='grc' dir='ltr'>ξύλου</span> <span class='ocrx_word' id='word_1_704' title='bbox 3252 4818 3439 4888; x_wconf 84' lang='grc' dir='ltr'>Σωτήρ</span> <span class='ocrx_word' id='word_1_705' title='bbox 3457 4827 3472 4843; x_wconf 82' lang='grc'><strong>⁸</strong></span> <span class='ocrx_word' id='word_1_706' title='bbox 3509 4812 3604 4867; x_wconf 78' lang='grc' dir='ltr'>καὶ</span> <span class='ocrx_word' id='word_1_707' title='bbox 3643 4810 3754 4864; x_wconf 78' lang='grc' dir='ltr'>αύ-</span> 
     </span>
    </p>
   </div>
   <div class='ocr_carea' id='block_1_98' title="bbox 2183 4903 3759 4979">
    <p class='ocr_par' dir='ltr' id='par_1_98' title="bbox 2183 4903 3759 4979">
     <span class='ocr_line' id='line_1_99' title="bbox 2183 4903 3759 4979; baseline -0.008 -11"><span class='ocrx_word' id='word_1_708' title='bbox 2183 4917 2274 4968; x_wconf 81' lang='grc' dir='ltr'><strong>τδν</strong></span> <span class='ocrx_word' id='word_1_709' title='bbox 2309 4916 2401 4967; x_wconf 78' lang='grc' dir='ltr'><strong>ἐπί</strong></span> <span class='ocrx_word' id='word_1_710' title='bbox 2426 4914 2582 4979; x_wconf 81' lang='grc' dir='ltr'>ξύλου</span> <span class='ocrx_word' id='word_1_711' title='bbox 2613 4912 3045 4966; x_wconf 81' lang='grc' dir='ltr'>ταννύουσι.Κα“ι</span> <span class='ocrx_word' id='word_1_712' title='bbox 3074 4911 3196 4964; x_wconf 73' lang='grc' dir='ltr'>οὐδὲ</span> <span class='ocrx_word' id='word_1_713' title='bbox 3245 4909 3407 4979; x_wconf 77' lang='grc' dir='ltr'>μέχρι</span> <span class='ocrx_word' id='word_1_714' title='bbox 3438 4905 3625 4958; x_wconf 87' lang='grc' dir='ltr'>τούτου</span> <span class='ocrx_word' id='word_1_715' title='bbox 3646 4903 3759 4972; x_wconf 85' lang='grc' dir='ltr'><strong>τὴν</strong></span> 
     </span>
    </p>
   </div>
   <div class='ocr_carea' id='block_1_99' title="bbox 2185 4998 3753 5074">
    <p class='ocr_par' dir='ltr' id='par_1_99' title="bbox 2185 4998 3753 5074">
     <span class='ocr_line' id='line_1_100' title="bbox 2185 4998 3753 5074; baseline -0.008 -16"><span class='ocrx_word' id='word_1_716' title='bbox 2185 5006 2366 5058; x_wconf 80' lang='grc' dir='ltr'>ἄδικον</span> <span class='ocrx_word' id='word_1_717' title='bbox 2406 5005 2576 5074; x_wconf 78' lang='grc' dir='ltr'>ὀργὴν</span> <span class='ocrx_word' id='word_1_718' title='bbox 2610 5003 2985 5066; x_wconf 68' lang='grc' dir='ltr'>ίκαταλύουσιν</span> <span class='ocrx_word' id='word_1_719' title='bbox 3027 5018 3040 5032; x_wconf 89' lang='grc'><strong>·</strong></span> <span class='ocrx_word' id='word_1_720' title='bbox 3074 5001 3189 5054; x_wconf 83' lang='grc' dir='ltr'>ἀλλ’</span> <span class='ocrx_word' id='word_1_721' title='bbox 3235 4999 3612 5070; x_wconf 74' lang='grc' dir='ltr'>ὲποργίζονται</span> <span class='ocrx_word' id='word_1_722' title='bbox 3654 4998 3753 5047; x_wconf 70' lang='grc' dir='ltr'>καὶ</span> 
     </span>
    </p>
   </div>
   <div class='ocr_carea' id='block_1_100' title="bbox 2188 5092 3761 5168">
    <p class='ocr_par' dir='ltr' id='par_1_100' title="bbox 2188 5092 3761 5168">
     <span class='ocr_line' id='line_1_101' title="bbox 2188 5092 3761 5168; baseline -0.004 -15"><span class='ocrx_word' id='word_1_723' title='bbox 2188 5103 2399 5154; x_wconf 75' lang='grc' dir='ltr'>θανόντι</span> <span class='ocrx_word' id='word_1_724' title='bbox 2447 5120 2456 5130; x_wconf 89' lang='grc'><strong>·</strong></span> <span class='ocrx_word' id='word_1_725' title='bbox 2490 5101 2580 5154; x_wconf 84' lang='grc' dir='ltr'><strong>καί</strong></span> <span class='ocrx_word' id='word_1_726' title='bbox 2620 5117 2700 5152; x_wconf 87' lang='grc' dir='ltr'><strong>τοι</strong></span> <span class='ocrx_word' id='word_1_727' title='bbox 2724 5100 2813 5152; x_wconf 73' lang='grc' dir='ltr'><strong>καὶ</strong></span> <span class='ocrx_word' id='word_1_728' title='bbox 2846 5098 2980 5168; x_wconf 79' lang='grc' dir='ltr'>πρὸς</span> <span class='ocrx_word' id='word_1_729' title='bbox 3012 5097 3238 5168; x_wconf 79' lang='grc' dir='ltr'>ἐχθροὺς</span> <span class='ocrx_word' id='word_1_730' title='bbox 3279 5097 3562 5166; x_wconf 75' lang='grc' dir='ltr'>εὐμένειαν</span> <span class='ocrx_word' id='word_1_731' title='bbox 3597 5092 3761 5159; x_wconf 72' lang='grc' dir='ltr'>φέρει</span> 
     </span>
    </p>
   </div>
   <div class='ocr_carea' id='block_1_101' title="bbox 1988 5279 2215 5334">
    <p class='ocr_par' dir='ltr' id='par_1_101' title="bbox 1988 5279 2215 5334">
     <span class='ocr_line' id='line_1_102' title="bbox 1988 5279 2215 5334; baseline 0 -2"><span class='ocrx_word' id='word_1_732' title='bbox 1988 5279 2215 5334; x_wconf 63' lang='lat' dir='ltr'><strong>NOTAE.</strong></span> 
     </span>
    </p>
   </div>
   <div class='ocr_carea' id='block_1_102' title="bbox 591 5373 2077 5461">
    <p class='ocr_par' dir='ltr' id='par_1_102' title="bbox 591 5373 2077 5461">
     <span class='ocr_line' id='line_1_103' title="bbox 591 5373 2077 5461; baseline -0.014 -16"><span class='ocrx_word' id='word_1_733' title='bbox 591 5391 702 5461; x_wconf 66' lang='lat'><strong>(26)</strong></span> <span class='ocrx_word' id='word_1_734' title='bbox 730 5386 972 5461; x_wconf 61' lang='lat' dir='ltr'><strong>Primam</strong></span> <span class='ocrx_word' id='word_1_735' title='bbox 1003 5383 1189 5461; x_wconf 81' lang='lat' dir='ltr'><strong>hanc&#39;e</strong></span> <span class='ocrx_word' id='word_1_736' title='bbox 1212 5395 1407 5434; x_wconf 83' lang='lat' dir='ltr'><strong>novem</strong></span> <span class='ocrx_word' id='word_1_737' title='bbox 1436 5392 1465 5431; x_wconf 91' lang='lat' dir='ltr'><strong>e</strong></span> <span class='ocrx_word' id='word_1_738' title='bbox 1493 5375 1755 5461; x_wconf 78' lang='lat' dir='ltr'><strong>Bavarica</strong></span> <span class='ocrx_word' id='word_1_739' title='bbox 1781 5373 2077 5461; x_wconf 70' lang='lat' dir='ltr'><strong>bibliothe-</strong></span> 
     </span>
    </p>
   </div>
   <div class='ocr_carea' id='block_1_103' title="bbox 521 5445 2080 5520">
    <p class='ocr_par' dir='ltr' id='par_1_103' title="bbox 521 5445 2080 5520">
     <span class='ocr_line' id='line_1_104' title="bbox 521 5445 2080 5520; baseline -0.015 -4"><span class='ocrx_word' id='word_1_740' title='bbox 521 5445 866 5516; x_wconf 54' lang='lat' dir='ltr'><strong>ca‘ediderat</strong></span> <span class='ocrx_word' id='word_1_741' title='bbox 905 5454 1199 5509; x_wconf 59' lang='lat' dir='ltr'><strong>Grets’erus</strong></span> <span class='ocrx_word' id='word_1_742' title='bbox 1227 5471 1240 5505; x_wconf 93' lang='lat'>:</span> <span class='ocrx_word' id='word_1_743' title='bbox 1265 5465 1372 5520; x_wconf 89' lang='lat' dir='ltr'><strong>quo</strong></span> <span class='ocrx_word' id='word_1_744' title='bbox 1397 5457 1718 5520; x_wconf 76' lang='lat' dir='ltr'><strong>argumento</strong></span> <span class='ocrx_word' id='word_1_745' title='bbox 1745 5452 1962 5520; x_wconf 74' lang='lat' dir='ltr'><strong>exstant</strong></span> <span class='ocrx_word' id='word_1_746' title='bbox 2001 5445 2080 5494; x_wconf 88' lang='lat' dir='ltr'><strong>lu-</strong></span> 
     </span>
    </p>
   </div>
   <div class='ocr_carea' id='block_1_104' title="bbox 523 5514 2082 5584">
    <p class='ocr_par' dir='ltr' id='par_1_104' title="bbox 523 5514 2082 5584">
     <span class='ocr_line' id='line_1_105' title="bbox 523 5514 2082 5584; baseline -0.013 0"><span class='ocrx_word' id='word_1_747' title='bbox 523 5514 906 5584; x_wconf 62' lang='lat' dir='ltr'><strong>culentissima:</strong></span> <span class='ocrx_word' id='word_1_748' title='bbox 951 5514 1602 5580; x_wconf 45' lang='lat' dir='ltr'><strong>Graecorum-orationes.</strong></span> <span class='ocrx_word' id='word_1_749' title='bbox 1640 5515 1718 5568; x_wconf 83' lang='lat' dir='ltr'><strong>Ad</strong></span> <span class='ocrx_word' id='word_1_750' title='bbox 1773 5514 1950 5584; x_wconf 82' lang='lat' dir='ltr'><strong>magni</strong></span> <span class='ocrx_word' id='word_1_751' title='bbox 1988 5528 2082 5580; x_wconf 83' lang='lat' dir='ltr'><strong>po-</strong></span> 
     </span>
    </p>
   </div>
   <div class='ocr_carea' id='block_1_105' title="bbox 527 5583 2080 5662">
    <p class='ocr_par' dir='ltr' id='par_1_105' title="bbox 527 5583 2080 5662">
     <span class='ocr_line' id='line_1_106' title="bbox 527 5583 2080 5662; baseline -0.013 -11"><span class='ocrx_word' id='word_1_752' title='bbox 527 5583 638 5653; x_wconf 79' lang='lat' dir='ltr'><strong>tius</strong></span> <span class='ocrx_word' id='word_1_753' title='bbox 693 5598 914 5652; x_wconf 85' lang='lat' dir='ltr'><strong>Sabbati</strong></span> <span class='ocrx_word' id='word_1_754' title='bbox 974 5597 1116 5649; x_wconf 90' lang='lat' dir='ltr'><strong>diem</strong></span> <span class='ocrx_word' id='word_1_755' title='bbox 1150 5604 1396 5662; x_wconf 85' lang='lat' dir='ltr'><strong>spectare</strong></span> <span class='ocrx_word' id='word_1_756' title='bbox 1433 5587 1671 5662; x_wconf 78' lang='lat' dir='ltr'><strong>videtur,</strong></span> <span class='ocrx_word' id='word_1_757' title='bbox 1711 5600 1875 5662; x_wconf 76' lang='lat' dir='ltr'><strong>quam</strong></span> <span class='ocrx_word' id='word_1_758' title='bbox 1914 5583 2080 5662; x_wconf 48' lang='lat' dir='ltr'><strong>Panra—</strong></span> 
     </span>
    </p>
   </div>
   <div class='ocr_carea' id='block_1_106' title="bbox 527 5653 2083 5731">
    <p class='ocr_par' dir='ltr' id='par_1_106' title="bbox 527 5653 2083 5731">
     <span class='ocr_line' id='line_1_107' title="bbox 527 5653 2083 5731; baseline -0.012 -9"><span class='ocrx_word' id='word_1_759' title='bbox 527 5684 716 5722; x_wconf 79' lang='lat' dir='ltr'><strong>scevcs</strong></span> <span class='ocrx_word' id='word_1_760' title='bbox 745 5685 757 5719; x_wconf 88' lang='lat'>:</span> <span class='ocrx_word' id='word_1_761' title='bbox 782 5677 839 5719; x_wconf 92' lang='lat' dir='ltr'><strong>ut</strong></span> <span class='ocrx_word' id='word_1_762' title='bbox 868 5682 972 5719; x_wconf 90' lang='lat' dir='ltr'><strong>non</strong></span> <span class='ocrx_word' id='word_1_763' title='bbox 1004 5653 1228 5718; x_wconf 71' lang='lat' dir='ltr'><strong>omnino</strong></span> <span class='ocrx_word' id='word_1_764' title='bbox 1256 5661 1476 5731; x_wconf 86' lang='lat' dir='ltr'><strong>probem</strong></span> <span class='ocrx_word' id='word_1_765' title='bbox 1510 5657 1651 5731; x_wconf 67' lang='lat' dir='ltr'><strong>quod</strong></span> <span class='ocrx_word' id='word_1_766' title='bbox 1685 5656 1842 5707; x_wconf 76' lang='lat' dir='ltr'><strong>titulo</strong></span> <span class='ocrx_word' id='word_1_767' title='bbox 1863 5653 2083 5722; x_wconf 59' lang='lat' dir='ltr'><strong>praefer-</strong></span> 
     </span>
    </p>
   </div>
   <div class='ocr_carea' id='block_1_107' title="bbox 529 5730 2086 5806">
    <p class='ocr_par' dir='ltr' id='par_1_107' title="bbox 529 5730 2086 5806">
     <span class='ocr_line' id='line_1_108' title="bbox 529 5730 2086 5806; baseline -0.012 -14"><span class='ocrx_word' id='word_1_768' title='bbox 529 5751 640 5799; x_wconf 85' lang='lat' dir='ltr'><strong>tur,</strong></span> <span class='ocrx_word' id='word_1_769' title='bbox 687 5739 750 5806; x_wconf 80' lang='grc' dir='ltr'><strong>τῇ</strong></span> <span class='ocrx_word' id='word_1_770' title='bbox 779 5737 909 5800; x_wconf 77' lang='grc' dir='ltr'>ἁγία</span> <span class='ocrx_word' id='word_1_771' title='bbox 941 5737 1034 5788; x_wconf 71' lang='grc' dir='ltr'>καὶ</span> <span class='ocrx_word' id='word_1_772' title='bbox 1076 5730 1285 5803; x_wconf 71' lang='grc' dir='ltr'>μεγάλῃ</span> <span class='ocrx_word' id='word_1_773' title='bbox 1319 5730 1674 5806; x_wconf 76' lang='grc' dir='ltr'>Παρασκευῇ·</span> <span class='ocrx_word' id='word_1_774' title='bbox 1731 5741 1852 5778; x_wconf 81' lang='lat' dir='ltr'><strong>cum</strong></span> <span class='ocrx_word' id='word_1_775' title='bbox 1895 5733 2086 5804; x_wconf 65' lang='grc' dir='ltr'>θυρίον</span> 
     </span>
    </p>
   </div>
   <div class='ocr_carea' id='block_1_108' title="bbox 529 5795 2074 5881">
    <p class='ocr_par' dir='ltr' id='par_1_108' title="bbox 529 5795 2074 5881">
     <span class='ocr_line' id='line_1_109' title="bbox 529 5795 2074 5881; baseline -0.014 -18"><span class='ocrx_word' id='word_1_776' title='bbox 529 5795 800 5881; x_wconf 52' lang='lat' dir='ltr'><strong>praecipue</strong></span> <span class='ocrx_word' id='word_1_777' title='bbox 817 5795 1052 5860; x_wconf 70' lang='lat' dir='ltr'><strong>celebret</strong></span> <span class='ocrx_word' id='word_1_778' title='bbox 1075 5795 1214 5858; x_wconf 80' lang='lat' dir='ltr'><strong>diem</strong></span> <span class='ocrx_word' id='word_1_779' title='bbox 1237 5795 1545 5871; x_wconf 70' lang='lat' dir='ltr'><strong>septimam,</strong></span> <span class='ocrx_word' id='word_1_780' title='bbox 1566 5797 1794 5866; x_wconf 78' lang='lat' dir='ltr'><strong>ejusque</strong></span> <span class='ocrx_word' id='word_1_781' title='bbox 1818 5795 2074 5862; x_wconf 80' lang='lat' dir='ltr'><strong>requiem,</strong></span> 
     </span>
    </p>
   </div>
   <div class='ocr_carea' id='block_1_109' title="bbox 2179 5357 3757 5439">
    <p class='ocr_par' dir='ltr' id='par_1_109' title="bbox 2179 5357 3757 5439">
     <span class='ocr_line' id='line_1_110' title="bbox 2179 5357 3757 5439; baseline -0.01 -13"><span class='ocrx_word' id='word_1_782' title='bbox 2179 5387 2321 5426; x_wconf 78' lang='lat' dir='ltr'><strong>nava</strong></span> <span class='ocrx_word' id='word_1_783' title='bbox 2354 5385 2578 5439; x_wconf 88' lang='lat' dir='ltr'><strong>operum</strong></span> <span class='ocrx_word' id='word_1_784' title='bbox 2631 5366 2964 5439; x_wconf 77' lang='lat' dir='ltr'><strong>cessatione,</strong></span> <span class='ocrx_word' id='word_1_785' title='bbox 3005 5379 3070 5418; x_wconf 88' lang='lat' dir='ltr'><strong>ac</strong></span> <span class='ocrx_word' id='word_1_786' title='bbox 3110 5379 3334 5432; x_wconf 89' lang='lat' dir='ltr'><strong>operum</strong></span> <span class='ocrx_word' id='word_1_787' title='bbox 3367 5357 3757 5439; x_wconf 75' lang='lat' dir='ltr'><strong>recreatinnis,</strong></span> 
     </span>
    </p>
   </div>
   <div class='ocr_carea' id='block_1_110' title="bbox 2178 5433 3764 5504">
    <p class='ocr_par' dir='ltr' id='par_1_110' title="bbox 2178 5433 3764 5504">
     <span class='ocr_line' id='line_1_111' title="bbox 2178 5433 3764 5504; baseline -0.011 -9"><span class='ocrx_word' id='word_1_788' title='bbox 2178 5433 2599 5496; x_wconf 77' lang='lat' dir='ltr'><strong>consecratam:</strong></span> <span class='ocrx_word' id='word_1_789' title='bbox 2645 5439 2717 5489; x_wconf 92' lang='lat' dir='ltr'><strong>uti</strong></span> <span class='ocrx_word' id='word_1_790' title='bbox 2771 5436 2947 5504; x_wconf 88' lang='lat' dir='ltr'><strong>primo</strong></span> <span class='ocrx_word' id='word_1_791' title='bbox 2982 5443 3299 5489; x_wconf 83' lang='lat' dir='ltr'><strong>consecrata</strong></span> <span class='ocrx_word' id='word_1_792' title='bbox 3363 5433 3764 5504; x_wconf 80' lang='lat' dir='ltr'><strong>fuerat__ce_ssa-</strong></span> 
     </span>
    </p>
   </div>
   <div class='ocr_carea' id='block_1_111' title="bbox 2180 5498 3764 5578">
    <p class='ocr_par' dir='ltr' id='par_1_111' title="bbox 2180 5498 3764 5578">
     <span class='ocr_line' id='line_1_112' title="bbox 2180 5498 3764 5578; baseline -0.008 -14"><span class='ocrx_word' id='word_1_793' title='bbox 2180 5516 2327 5564; x_wconf 80' lang='lat' dir='ltr'><strong>tione</strong></span> <span class='ocrx_word' id='word_1_794' title='bbox 2361 5524 2586 5578; x_wconf 86' lang='lat' dir='ltr'><strong>operum</strong></span> <span class='ocrx_word' id='word_1_795' title='bbox 2640 5498 2957 5578; x_wconf 73' lang='lat' dir='ltr'><strong>crealinuis.</strong></span> <span class='ocrx_word' id='word_1_796' title='bbox 3020 5504 3180 5578; x_wconf 78' lang='lat' dir='ltr'><strong>Forte</strong></span> <span class='ocrx_word' id='word_1_797' title='bbox 3235 5506 3380 5558; x_wconf 85' lang='lat' dir='ltr'><strong>dicta</strong></span> <span class='ocrx_word' id='word_1_798' title='bbox 3425 5503 3498 5556; x_wconf 89' lang='lat' dir='ltr'><strong>sit</strong></span> <span class='ocrx_word' id='word_1_799' title='bbox 3521 5498 3764 5578; x_wconf 71' lang='lat' dir='ltr'><strong>dieipsa</strong></span> 
     </span>
    </p>
   </div>
   <div class='ocr_carea' id='block_1_112' title="bbox 2182 5569 3765 5644">
    <p class='ocr_par' dir='ltr' id='par_1_112' title="bbox 2182 5569 3765 5644">
     <span class='ocr_line' id='line_1_113' title="bbox 2182 5569 3765 5644; baseline -0.01 -9"><span class='ocrx_word' id='word_1_800' title='bbox 2182 5569 2548 5640; x_wconf 76' lang='lat' dir='ltr'><strong>I’arascevcs;</strong></span> <span class='ocrx_word' id='word_1_801' title='bbox 2603 5577 2696 5630; x_wconf 84' lang='lat' dir='ltr'><strong>sed</strong></span> <span class='ocrx_word' id='word_1_802' title='bbox 2763 5584 3017 5644; x_wconf 84' lang='lat' dir='ltr'><strong>vergente</strong></span> <span class='ocrx_word' id='word_1_803' title='bbox 3067 5575 3131 5628; x_wconf 87' lang='lat' dir='ltr'><strong>ad</strong></span> <span class='ocrx_word' id='word_1_804' title='bbox 3187 5586 3498 5641; x_wconf 74' lang='lat' dir='ltr'><strong>vesperam,</strong></span> <span class='ocrx_word' id='word_1_805' title='bbox 3537 5569 3765 5644; x_wconf 70' lang='lat' dir='ltr'><strong>quando</strong></span> 
     </span>
    </p>
   </div>
   <div class='ocr_carea' id='block_1_113' title="bbox 2178 5638 3764 5721">
    <p class='ocr_par' dir='ltr' id='par_1_113' title="bbox 2178 5638 3764 5721">
     <span class='ocr_line' id='line_1_114' title="bbox 2178 5638 3764 5721; baseline -0.008 -18"><span class='ocrx_word' id='word_1_806' title='bbox 2178 5654 2288 5721; x_wconf 84' lang='lat' dir='ltr'><strong>jam</strong></span> <span class='ocrx_word' id='word_1_807' title='bbox 2325 5652 2469 5721; x_wconf 79' lang='lat' dir='ltr'><strong>velut</strong></span> <span class='ocrx_word' id='word_1_808' title='bbox 2519 5638 2806 5721; x_wconf 68' lang='lat' dir='ltr'><strong>inchoante</strong></span> <span class='ocrx_word' id='word_1_809' title='bbox 2836 5638 3096 5721; x_wconf 55' lang='lat' dir='ltr'><strong>sabbato,</strong></span> <span class='ocrx_word' id='word_1_810' title='bbox 3131 5638 3422 5699; x_wconf 70' lang='lat' dir='ltr'><strong>Dominicae</strong></span> <span class='ocrx_word' id='word_1_811' title='bbox 3463 5638 3764 5704; x_wconf 61' lang='lat' dir='ltr'><strong>sepultura?</strong></span> 
     </span>
    </p>
   </div>
   <div class='ocr_carea' id='block_1_114' title="bbox 2191 5716 2997 5786">
    <p class='ocr_par' dir='ltr' id='par_1_114' title="bbox 2191 5716 2997 5786">
     <span class='ocr_line' id='line_1_115' title="bbox 2191 5716 2997 5786; baseline -0.007 -12"><span class='ocrx_word' id='word_1_812' title='bbox 2191 5716 2452 5774; x_wconf 78' lang='lat' dir='ltr'><strong>memoria</strong></span> <span class='ocrx_word' id='word_1_813' title='bbox 2485 5718 2648 5772; x_wconf 86' lang='lat' dir='ltr'><strong>recoli</strong></span> <span class='ocrx_word' id='word_1_814' title='bbox 2680 5716 2997 5786; x_wconf 78' lang='lat' dir='ltr'><strong>incipiebat.</strong></span> 
     </span>
    </p>
   </div>
  </div>
