4072 6454
386 355 462 414 77
1039 351 1317 414 ORATIO
1352 355 1513 417 VIII.
1544 381 1614 407 ’τ-
1641 356 1724 416 ΙΝ
1763 353 2320 417 DEPOSITIONEM
2357 357 2726 420 CORPORIS
2762 363 3088 425 CHRISTI.
3579 370 3651 429 78

389 465 667 524 θάνατος.
709 463 825 516 Νῦν
886 461 943 514 δὲ
994 462 1085 516 τὸν
1131 466 1425 538 εὐεργέτην
1476 466 1885 529 θανατώσαντες
1922 466 1982 518 ού

2093 479 2309 524 mortuo
2358 471 2690 538 irascuntur,
2741 476 2954 528 tametsi
3001 491 3147 530 mors
3183 477 3235 529 in
3263 476 3410 546 ipsos
3431 496 3648 548 quoque

389 556 721 628 πραΰνουσι
759 557 882 614 τοὺς
911 555 1136 626 θυμούς.

2089 563 2274 619 hostes
2303 564 2538 619 leniores
2563 566 2780 621 clliciat.
2825 569 2893 620 At
2925 568 3012 622 isti
3066 585 3134 622 ne
3164 569 3505 627 bencfactorc
3522 573 3647 643 qui-

469 649 662 703 Ι-Ϊάλαι
701 650 800 718 μὲν
829 648 922 702 οὖν
957 652 985 703 ὁ
1015 649 1340 720 δημαγωγὸς
1381 652 1594 724 Ἰσραὴλ
1653 652 1924 723 Μωῦσῆς’,
1958 652 1988 704 ὁ

2088 655 2209 709 dem
2242 655 2530 710 interfecto
2562 658 2778 713 animos
2799 659 3012 713 leniunt-
3049 675 3114 714 ac
3137 661 3269 716 iras.

386 741 490 795 τδν
521 741 806 812 ἡμέτερον
843 783 858 807 ,
892 742 1089 811 μᾶλλον
1154 743 1244 808 δὲ,
1285 745 1542 798 κάκείνου
1578 747 1854 817 Δεσπότην
1911 751 1986 801 εί-

2156 745 2276 800 Jam
2311 748 2437 802 olim
2479 750 2662 819 populi
2693 749 2983 806 Israelitici
3034 752 3232 807 ductor
3266 754 3502 825 Moyses,
3542 771 3644 810 no-

391 832 666 898 κονίζων,
711 826 792 896 οἷς
833 831 1012 902 ῥάϐδῳ
1035 833 1130 902 τὴν
1155 832 1428 888 θάλασσαν
1454 835 1565 905 λαῷ
1613 837 1988 907 ταλαιπωρου-

2089 848 2283 903 strum,
2320 845 2452 909 quin
2484 850 2540 895 et
2591 858 2750 896 suum
2785 844 2935 898 illius
2967 844 3255 898 Dominum
3286 846 3643 911 adumbratis,

391 925 561 996 μένῳ
595 925 806 977 ἐδείκνυ
845 925 1036 994 βατὴν,
1062 926 1155 979 καὶ
1211 929 1340 990 τοὺς
1381 928 1677 992 διώκοντας
1717 929 1986 1000 ἔκρυπτεν

2088 935 2286 1004 quibus
2330 952 2424 1005 per
2475 937 2680 1006 virgam
2733 942 2930 1008 populo
2976 940 3175 994 ali'licto
3211 957 3359 995 mare
3399 944 3644 1010 pervium

390 1018 454 1066 ἐν
494 1016 648 1087 αὐτῇ
678 1031 692 1045 ο
729 1018 809 1079 είς
847 1017 916 1069 τὰ
948 1017 1041 1069 νῦν
1079 1017 1378 1088 τελούμενα
1429 1019 1698 1090 βλέμματι
1757 1021 1988 1092 θεωρίας

2088 1024 2240 1092 fecit,
2266 1041 2328 1080 ac
2366 1038 2758 1096 persequentes
2788 1031 2842 1084 in
2875 1046 2940 1084 eo
2973 1032 3274 1086 submersit
3301 1049 3316 1098 ;
3351 1035 3403 1086 in
3437 1049 3496 1085 ea
3527 1049 3649 1101 quae

389 1107 766 1173 ἀποσκοπῶν,
827 1108 1006 1170 ἄλλοις
1041 1126 1100 1161 τε
1136 1109 1370 1174 πολλοῖς,
1420 1111 1520 1181 τῆς
1570 1113 1662 1165 ἐπὶ
1691 1113 1987 1184 θεομαχίαν

2088 1131 2232 1170 nunc
2268 1127 2610 1186 peraguntur
2655 1121 2920 1188 spiritalis
2949 1123 3334 1192 intelligentize—
3363 1126 3523 1178 oculo
3559 1125 3646 1178 in-

386 1202 458 1268 ὁρ
483 1201 589 1269 μῆς
615 1199 966 1255 ἀναστέλλειν
992 1202 1188 1266 αὐτοὺς
1227 1206 1485 1276 ἐπειρᾶτο
1515 1223 1529 1237 ο
1579 1207 1673 1278 οὑχ
1715 1202 1876 1278 ἦττον
1930 1208 1987 1261 δὲ

2089 1215 2292 1266 tentus,
2334 1207 2566 1278 aliisque
2618 1210 2889 1278 plurimis,
2922 1212 2988 1265 ab
3037 1227 3101 1266 eo
3135 1213 3337 1282 impetu
3388 1229 3498 1282 quo
3537 1215 3649 1268 Deo

395 1292 706 1346 κᾶντεῦθεν
737 1293 934 1361 ὶέγων,
1000 1295 1074 1358 ὡς
1108 1297 1267 1350 ἴδοιεν
1300 1299 1394 1350 ἐπὶ
1435 1298 1592 1366 ξύλου
1633 1301 1986 1372 κρεμαμένην

399 1382 592 1435 αὐτῶν
648 1384 750 1454 τὴν
804 1384 994 1454 ζωὴν,
1047 1381 1157 1438 οἷον
1208 1375 1391 1441 ἐἰκόνι
1448 1390 1673 1460 γράφων
1747 1393 1806 1444 ἐν
1862 1393 1984 1461 ὄφει

402 1470 597 1540 χαλκῷ
619 1471 714 1524 τοῦ
752 1472 1076 1542 πράγματος
1101 1474 1199 1545 τὴν
1237 1476 1513 1546 ἀλήθειαν.
1555 1479 1694 1532 Ἀλλ’
1746 1475 1815 1551 ἦν
1877 1481 1985 1551 ἄρα

411 1564 506 1617 τοῦ
542 1565 835 1619 Ἰουδαϊκοῦ
877 1567 1264 1638 καλύμματος,
1303 1572 1377 1642 μὴ
1423 1574 1580 1643 μόνον
1623 1577 1720 1646 τὴν
1778 1578 1981 1642 είκύνα,

419 1656 546 1710 ἀλλά
580 1657 704 1728 μηδ’
733 1658 908 1729 αὐτὴν
932 1661 1063 1730 ὀρᾷν
1091 1661 1182 1713 τοῦ
1218 1664 1538 1734 πράγματος
1563 1666 1662 1737 τὴν
1685 1669 1981 1740 ἐνέργειαν.

421 1749 569 1803 Πᾶσα
595 1750 704 1819 γὰρ
735 1749 916 1812 κτίσις
943 1750 1020 1819 τῷ
1047 1754 1357 1824 Δεσποτικῷ
1398 1755 1748 1828 θαμὸουμένη
1798 1761 1979 1828 πάθει,

419 1841 507 1892 καὶ
535 1841 694 1912 μόνον
731 1843 855 1912 ούχὶ
888 1844 1069 1913 φωνὴν
1115 1848 1356 1914 ἀφιεῖσα,
1405 1853 1496 1902 καὶ
1534 1826 1641 1906 τῶν
1695 1826 1989 1924 μιαιφόνων
2017 1826 2062 1884 Β

419 1932 799 2003 στηλιτεύουσα
831 1935 932 2005 τὴν
957 1937 1160 2005 τόλμαν
1192 1955 1204 1970 ο
1243 1939 1348 2010 γῆς
1408 1941 1634 2010 θεμέλια
1669 1945 1942 2015 τρέμοντα
1971 1963 1984 1978 ·

421 2025 614 2095 πέτραι
635 2025 969 2096 ρηγνύμεναι
1006 2045 1019 2058 ·
1050 2031 1336 2102 φωστῆρες
1379 2035 1459 2098 εἰς
1491 2034 1651 2104 ζόφον
1705 2039 1804 2106 τὴν
1849 2038 1989 2110 λάμ-

434 2115 530 2182 ψιν
603 2117 916 2186 ἀμείϐοντες
969 2136 984 2150 °
1077 2122 1185 2175 οὐδ’
1247 2123 1420 2188 οὕτως
1497 2127 1576 2190 εἰς
1650 2129 1992 2200 συναίσθησιν

429 2201 577 2261 εἷλκε
632 2211 702 2280 τῇ
762 2211 898 2283 μέθη
957 2213 1056 2284 τῆς
1140 2218 1335 2280 μανίας
1425 2221 1841 2291 κεχειρωμένους
1887 2223 1989 2275 αὐ-

437 2299 564 2362 τούς
588 2315 603 2329 ·
661 2299 793 2354 ἀλλὰ
832 2304 1014 2372 μανίαν
1068 2306 1234 2378 ἀλλην
1290 2311 1383 2363 ἐπὶ
1444 2313 1610 2383 μανίᾳ
1673 2315 1977 2384 μαίνονται.

455 2393 601 2446 Ἐπεὶ
625 2395 731 2464 γὰρ
757 2397 855 2452 ὑπὸ
901 2399 1096 2469 Ἰωσὴφ
1128 2403 1203 2473 τῷ
1233 2404 1415 2476 χωρίῳ
1453 2407 1550 2475 τῆς
1575 2408 1880 2478 ἀφθαρσίας
1929 2412 1988 2465 τὸ

428 2485 567 2538 θεῖον
621 2487 776 2558 ἐτέθη
831 2491 1008 2559 σῶμα,
1045 2494 1095 2546 τί
1143 2513 1273 2562 φασι
1313 2497 1381 2550 τὰ
1439 2498 1590 2568 χείλη
1629 2498 1696 2553 τά
1740 2501 1983 2570 pacata;

422 2575 832 2645 Ἐμνήσθημεν
890 2580 982 2634 ὅτι
1031 2583 1262 2651 ἐκεῖνος
1309 2589 1342 2640 d
1393 2587 1625 2655 πλάνος
1651 2586 1870 2662 [simu],
1901 2593 1989 2646 ἔτι

418 2663 563 2724 ζῦνο
601 2667 762 2722 Μετὰ
786 2671 946 2738 τρεῖς
990 2672 1211 2742 ἡμέρας
1254 2677 1568 2747 ἐγείρομαι.
1620 2681 1682 2732 Ὢ
1732 2680 1988 2751 πώρωσις

415 2757 638 2826 καρδίας
664 2760 774 2813 τῶν
821 2761 1044 2832 ἀψύχων
1093 2765 1573 2838 ἀναισθητοτέρας.
1610 2770 1848 2840 Οὐρανὸς
1896 2773 1988 2826 καὶ

406 2849 484 2916 γῆ
519 2851 841 2922 συνῄσθοντο
865 2855 964 2924 τὴν
991 2855 1312 2928 δεσποτικὴν
1365 2858 1543 2928 ὕϐριν,
1591 2863 1685 2914 καὶ
1714 2862 1939 2933 ἕφριξαν
1969 2881 1984 2896 ο

406 2944 503 2995 καὶ
530 2943 658 3006 λαὸς
692 2943 965 3016 Ἐϐραίων
997 2949 1087 3000 ἐπὶ
1125 2949 1312 3003 πλεῖον
1345 2954 1408 3022 τῇ
1456 2953 1682 3024 ἀπονοίᾳ
1731 2955 1987 3026 βακχεύε-

404 3052 515 3092 ται,
547 3036 663 3089 Ούκ
683 3032 859 3103 εἶπεν,
883 3038 1126 3104 Ἰουδαῖε,
1157 3043 1286 3113 πρὶν
1307 3043 1574 3109 γενέσθαι,
1594 3045 1675 3097 ὅτι
1709 3047 1984 3115 μαστιγὼ-

407 3143 544 3192 σεις,
588 3129 684 3181 καὶ
714 3131 953 3201 ραπιεῖς,
986 3134 1079 3184 καὶ
1122 3133 1217 3186 ἐπὶ
1268 3133 1423 3198 ξύλου
1462 3138 1807 3207 xpetitis-erg;
1870 3140 1988 3204 πῶς

403 3222 505 3289 τὴν
538 3220 768 3275 ἑκϐασιν
792 3223 901 3276 τῶν
948 3227 1358 3296 προειρημένων
1395 3229 1512 3282 ἐκεῖ
1570 3231 1668 3284 οὐκ
1723 3231 1992 3304 ἐνεθυμή-

406 3311 556 3381 θης,
612 3313 728 3366 ἀλλ’
777 3315 1008 3384 ἔδρασας
1062 3317 1275 3371 ἅπαντα
1324 3319 1490 3390 μηδὲν
1537 3321 1636 3391 τὴν
1688 3323 1992 3394 πρόρρησιν

410 3403 874 3474 ὑπολογισάμενος
909 3424 923 3472 ;
967 3408 1031 3460 Τί
1061 3406 1152 3462 οὖν
1177 3411 1410 3464 ἐνταῦθά
1437 3429 1496 3465 σε
1536 3415 1564 3466 ὁ
1616 3414 1713 3484 τῆς
1759 3414 1993 3470 ἀναστά-

410 3513 550 3559 σεως
581 3496 805 3568 θορυϐεῖ
837 3499 1023 3567 λόγος;
1073 3501 1184 3555 Οὐκ
1215 3502 1338 3556 ἔθου
1381 3504 1634 3574 φροντίδα
1657 3505 1766 3559 τῶν
1790 3505 1990 3560 ἐκϐάν-

405 3607 519 3642 των
550 3591 716 3660 μέχρι
743 3591 837 3645 τοῦ
866 3594 1098 3663 σταυροῦ
1127 3613 1140 3626 ⁸
1177 3595 1310 3665 μηδὲ
1337 3596 1496 3649 τοῦτό
1545 3614 1627 3650 σοι
1682 3599 1989 3670 πράγματα

411 3684 726 3752 παρεχέτω.
771 3684 909 3738 Ἀλλ’
947 3687 1005 3738 ἐν
1031 3682 1112 3750 οἷς
1135 3687 1232 3755 μὲν
1256 3687 1484 3756 ἐφλέγου
1533 3689 1700 3759 διψῶν
1740 3691 1833 3743 τοῦ
1891 3693 1985 3744 Δε-

410 3773 675 3828 σποτικοῦ
707 3774 956 3844 αἵματος,
981 3777 1102 3830 οὐδὲ
1120 3778 1212 3830 ἐπὶ
1240 3779 1478 3833 διάνοιαν
1503 3780 1719 3844 ἐδάλου,
1750 3775 1826 3835 ὧν
1856 3799 1990 3852 προ-

405 3868 531 3918 εῖπε
562 3865 666 3933 μὲν
693 3867 920 3932 ἐκεῖνος,
951 3868 1087 3936 ὲπλή
1099 3885 1222 3938 ρους
1259 3869 1316 3922 δὲ
1345 3869 1430 3924 σύ.
1459 3871 1590 3923 Οὐδὲ
1615 3871 1722 3940 γὰρ
1755 3871 1992 3943 συνεχώ-

412 3975 494 4027 ρει
526 3958 628 4027 τῆς
659 3958 1028 4030 μιαιφονίαςὴ
1061 3959 1232 4013 λύσσα
1263 3960 1571 4029 λογίζεσθαι
1593 3962 1682 4015 τὸν
1710 3963 1988 4033 λογισμόν.

425 4048 572 4102 Ἐπεὶ
587 4049 635 4104 δ’
666 4050 856 4121 ὥσπερ
879 4051 938 4105 τὺ
960 4051 1108 4120 δίψος
1130 4052 1225 4106 τοῦ
1248 4054 1574 4108 Δεσποτικοῦ
1609 4056 1767 4124 φόνου
1798 4057 1990 4127 μικρὸν

420 4139 689 4210 ὑπανῆκεν
716 4180 732 4204 ,
768 4141 846 4203 εἰς
865 4142 1100 4212 μνήμην,
1129 4134 1202 4195 ὧν
1231 4160 1287 4195 τε
1322 4148 1568 4213 προεῖπε,
1613 4148 1706 4197 καὶ
1730 4139 1804 4198 ὧν
1833 4145 1991 4216 ἕδρα-

423 4244 518 4290 aa;
555 4231 755 4291 ἐλθὼν,
786 4226 898 4283 οἷον
935 4230 1361 4301 προκύπτουσαν
1402 4234 1543 4304 ὀρῶν
1589 4235 1686 4306 τὴν
1707 4235 1987 4306 ἀλήθειαν,

409 4321 529 4374 ὅσον
549 4320 706 4374 οὔπω
738 4321 981 4385 δέδοικας
1009 4322 1136 4394 ὅλην
1167 4323 1338 4391 αὐτῆς
1364 4324 1462 4391 τὴν
1494 4326 1800 4394 φανέρωσιν
1836 4343 1852 4359 ο
1892 4329 1988 4382 καὶ

403 4413 519 4475 τοῖς
574 4416 705 4483 περὶ
769 4416 869 4483 τῆς
901 4406 1244 4478 ἀναστάσεως
1296 4414 1474 4483 λόγοις
1520 4418 1646 4479 τοὺς
1693 4418 1984 4489 λογισμοὺς

2087 1299 2446 1365 resistebant,
2500 1301 2774 1357 abducere
2834 1306 3138 1359 conabatur
3177 1323 3194 1361 ι
3239 1315 3368 1360 tunc
3416 1309 3650 1361 maxime

2085 1405 2208 1444 cum
2236 1392 2312 1445 ait
2345 1391 2460 1447 fore
2491 1403 2550 1448 ut
2581 1395 2827 1450 viderent
2858 1398 3026 1450 vitam
3060 1413 3212 1452 suam
3249 1399 3571 1467 pendentem
3595 1400 3649 1451 in

2085 1480 2231 1551 ligno
2263 1483 2330 1550 ⁵⁸,
2362 1469 2620 1554 expressa
2657 1493 2918 1553 tanquam
2953 1488 3005 1540 in
3039 1488 3276 1556 imagine
3313 1490 3392 1542 rei
3421 1491 3652 1544 veritate

2085 1571 2140 1624 in
2170 1587 2320 1626 aeneo
2343 1585 2592 1649 serpente
2620 1576 2684 1629 ‘9.
2712 1575 2983 1630 Caeterum
3007 1579 3107 1632 hoc
3136 1576 3451 1633 Iudaeorum
3481 1581 3647 1634 (δειλοί-

2086 1664 2180 1716 tati
2219 1667 2551 1722 conveniens
2573 1676 2711 1732 erat,
2747 1677 2807 1720 ut
2840 1683 2948 1720 non
2999 1668 3158 1723 modo
3205 1670 3498 1739 imaginem
3541 1686 3652 1725 non

2086 1764 2478 1825 agnoscerent,
2509 1758 2603 1812 sed
2634 1773 2702 1812 ne
2726 1758 2795 1811 ad
2832 1760 3001 1827 ipsam
3034 1775 3169 1822 rem,
3196 1776 3320 1816 cum
3362 1777 3649 1831 peragere-

2093 1855 2216 1910 tur,
2271 1848 2513 1902 animum
2559 1848 2928 1903 adverterent.
2974 1849 3238 1915 Quamvis
3278 1852 3424 1904 enim
3468 1862 3649 1907 creata

2091 1938 2344 1993 universa
2370 1938 2584 1994 Domini
2617 1940 2873 2009 passione
2905 1941 3308 2006 cohorruerint,
3328 1949 3651 2012 tantumque

2091 2044 2197 2082 non
2228 2029 2498 2084 ediderint
2515 2045 2728 2098 vocem,
2755 2045 2818 2084 ac
2844 2032 3233 2102 sacrilegorum
3254 2033 3648 2102 parricidarum

2091 2122 2373 2177 audaciam
2444 2124 2826 2192 coarguerint:
2886 2138 3009 2176 nam
3075 2123 3427 2179 fundamenta
3493 2135 3654 2180 terras

2090 2220 2564 2277 contremuerunt,
2603 2221 2770 2282 petrae
2799 2214 2986 2268 scissae
3009 2223 3158 2280 sunt,
3193 2215 3313 2268 coeli
3345 2216 3547 2268 lumina
3576 2217 3653 2268 lu-

2089 2318 2206 2357 cem
2242 2303 2294 2356 in
2329 2304 2618 2374 caliginem
2661 2313 2943 2359 verterunt
2977 2323 2991 2359 :
3029 2314 3265 2359 attamen
3304 2321 3370 2360 ne
3401 2307 3479 2361 sic
3524 2309 3650 2376 qui-

2091 2395 2211 2448 dem
2247 2394 2416 2450 Judazi
2467 2395 2654 2453 furore
2682 2405 2736 2452 et
2763 2399 2982 2453 vesania
3029 2397 3166 2452 ebrii
3193 2397 3520 2467 sepultique,
3565 2397 3651 2452 sui

2093 2488 2314 2543 sceleris
2357 2488 2746 2544 immanitatem
2795 2499 3220 2558 persenseruut,
3266 2488 3362 2544 sed
3411 2489 3653 2544 furorem

2093 2581 2263 2634 furori
2300 2581 2675 2635 accumulant.
2699 2580 2994 2649 Postquam
3035 2581 3178 2635 enim
3223 2579 3415 2650 .Ioscph
3459 2581 3513 2634 in
3551 2582 3653 2634 im-

2092 2668 2442 2722 mortalitatis
2487 2670 2608 2723 loco
2649 2671 2742 2722 illo
2770 2669 3014 2723 divinum
3051 2685 3252 2739 corpus
3292 2669 3651 2734 condiderat,

2089 2759 2221 2829 quid
2271 2761 2554 2815 vanissimi
2609 2761 2888 2814 hominum
2937 2759 3328 2814 dehlaterant?
3377 2760 3655 2816 Recordati

2089 2868 2292 2912 sumus.
2329 2853 2577 2920 quoniam
2622 2851 2870 2905 seductor
2919 2852 3008 2906 ille
3046 2853 3181 2905 dixit
3228 2851 3399 2906 adhuc
3433 2854 3602 2907 vivens
3633 2895 3648 2909 .

2088 2944 2220 2999 Post
2247 2953 2352 2998 tres
2401 2943 2511 2997 dies
2549 2960 2823 3014 resurgam
2864 2946 2929 2996 ⁸ο.
2987 2945 3030 2998 Ο
3062 2945 3246 2999 cordis
3296 2946 3650 2999 stoliditatem

2090 3051 2152 3088 ac
2187 3045 2494 3104 stuporem,
2519 3036 2738 3102 qualem
2772 3035 2824 3088 in
2861 3035 3024 3088 rebus
3053 3033 3314 3089 inanimis
3345 3050 3450 3088 non
3492 3049 3654 3102 repe-

2015 3159 2059 3218 ῦ
2091 3126 2231 3179 rius!
2273 3124 2483 3179 Caelum
2519 3132 2572 3180 et
2593 3136 2740 3179 terra
2783 3124 3041 3193 injuriam
3088 3123 3317 3178 Domino
3347 3125 3653 3193 irrogatam

2095 3225 2407 3280 senserunt,
2445 3217 2920 3286 horrueruntque;
2951 3232 3014 3271 ac
3041 3216 3392 3271 Hebraeorum
3426 3216 3657 3285 pOpnlus

2092 3323 2158 3362 eo
2198 3308 2368 3376 inagis
2403 3307 2692 3376 desperata
2732 3308 2953 3362 vesania
2999 3306 3154 3360 furit.
3201 3307 3283 3360 An
3321 3322 3452 3370 non,
3489 3322 3520 3359 o
3549 3305 3651 3359 Ju—

2090 3396 2224 3460 diee,
2261 3395 2513 3464 prredixit
2542 3395 2658 3450 fore
2690 3405 2748 3449 ut
2787 3412 2818 3449 a
2850 3404 2900 3450 te
2932 3397 3320 3465 llagellarelur,
3355 3396 3528 3466 alapis
3553 3412 3656 3450 ra:-

2091 3487 2342 3550 dcrctur,
2398 3495 2454 3540 et
2506 3485 2564 3539 in
2613 3486 2761 3556 ligno
2827 3486 3300 3556 suspenderetur?
3371 3486 3655 3551 Quomodo

2089 3585 2342 3632 eventum
2390 3575 2806 3644 praedictionum
2839 3577 2893 3630 in
2930 3577 3246 3633 memoriam
3278 3585 3406 3632 tunc
3433 3592 3537 3630 non
3566 3593 3655 3632 re-

2092 3669 2320 3730 vocasti,
2348 3667 2444 3722 sed
2481 3669 2806 3738 perpetrasti
2837 3669 3046 3733 omnia,
3094 3669 3240 3722 nulla
3285 3668 3656 3738 praedictionis

2091 3761 2274 3815 habita
2305 3759 2558 3813 ratione?
2583 3759 2690 3812 Cur
2716 3759 2883 3828 igitur
2929 3758 3041 3827 jam
3077 3759 3280 3812 mentio
3311 3759 3378 3813 de
3407 3773 3656 3812 resurre-

2094 3852 2277 3905 ctione
2301 3859 2352 3905 te
2374 3849 2704 3919 perturbat?
2728 3848 2864 3902 Cum
2898 3859 3125 3903 eventus
3150 3865 3321 3916 usque
3343 3848 3408 3902 ad
3434 3863 3672 3902 crucem:

2090 3939 2510 4010 ﬂoccipenderis
2535 3981 2548 4005 ,
2587 3954 2656 3994 ne
2679 3938 2828 3995 istud
2864 3953 3084 4008 quoque
3117 3940 3392 4008 negotium
3423 3940 3521 3992 tibi
3572 3940 3656 3992 fa-

2091 4049 2216 4088 cere
2244 4033 2513 4086 debuerit.
2547 4029 2745 4085 Verum
2765 4029 3031 4099 sitis,qua
3062 4028 3400 4083 Dominicum
3434 4030 3656 4099 sangui-

2091 4139 2212 4177 nem
2269 4103 2652 4176 ardentissime
2689 4119 2935 4185 sitiebas,
2962 4133 3068 4172 non
3115 4119 3343 4183 sinebat,
3373 4128 3432 4172 ut
3477 4129 3657 4172 mente

2092 4214 2398 4268 revolveres
2439 4211 2490 4265 id
2531 4212 2675 4280 quod
2709 4210 2826 4279 ipse
2855 4209 3218 4278 praedixerat;
3258 4217 3316 4263 tu
3343 4224 3472 4264 vero
3493 4225 3657 4279 opere

2089 4305 2396 4375 complesti.
2439 4303 2623 4373 Neque
2655 4302 2802 4357 enim
2844 4301 3046 4365 rabies,
3094 4317 3201 4372 qua
3242 4301 3308 4356 ad
3346 4301 3655 4356 innocentis

2090 4396 2509 4467 perpetrandum
2542 4395 2744 4449 caedem
2768 4392 3054 4459 ferebaris,
3088 4407 3276 4447 sanam
3311 4394 3473 4447 ullam
3506 4393 3656 4464 cogi-

402 4503 715 4565 κατασείεις
750 4505 794 4560 δ.
838 4503 1259 4574 Ἐμνήσθημεν
1286 4507 1375 4560 ὅτι
1404 4507 1631 4574 ἐκεῖνος
1668 4511 1700 4562 ό
1753 4483 1985 4577 πλάνος

2090 4490 2352 4543 tationem
2378 4487 2722 4541 admittebat.
2750 4487 2818 4539 At
2853 4494 3144 4555 postquam
3177 4484 3297 4539 sitis
3333 4484 3422 4537 illa
3472 4483 3658 4542 Domi-

399 4591 576 4648 εἶπεν
611 4594 698 4648 ἔτι
728 4593 859 4655 ζῶν.
893 4596 958 4649 Τί
979 4596 1156 4664 λέγεις
1183 4614 1198 4664 ;
1223 4599 1343 4660 Πῶς
1365 4599 1432 4652 δι’
1467 4595 1541 4654 ὧν
1567 4600 1868 4672 ἐμνήσθης,
1898 4603 1980 4656 ὅτι

400 4689 669 4755 προεῖπεν
700 4687 1121 4758 ἀναστήσεσθαι,
1157 4688 1357 4744 πλάνον
1396 4691 1596 4762 καλῶν,
1635 4694 1737 4746 οὐκ
1788 4693 1985 4764 ἀναμι·

403 4777 655 4847 μνήσκῃ,
689 4778 832 4848 ειπερ
887 4779 1140 4842 ἑτέλεσας
1171 4781 1249 4843 είς
1272 4781 1454 4845 αὐτὸν,
1485 4783 1564 4835 ὅτι
1591 4783 1876 4837 καὶταῦτα
1908 4779 1989 4837 εἷ-

399 4882 526 4930 πεν,
549 4867 646 4926 καὶ
666 4867 725 4919 τὸ
750 4868 939 4939 μιαρὸν
962 4870 1248 4942 ὲμφράττῃ
1275 4871 1288 4920 i
1335 4872 1507 4943 στόμα
1531 4889 1547 4938 ;
1585 4873 1742 4928 Ἀλλὰ
1767 4875 1987 4938 πλάνος.

398 4956 514 5011 Καὶ
536 4955 589 5009 τί
621 4957 878 5011 τοσοῦτον
905 4958 1209 5029 φροντίζεις
1242 4960 1444 5026 αὐτοῦς
1502 4961 1576 5014 Τὸ
1615 4963 1986 5033 σπουδαζόμε-

398 5066 490 5100 νον
545 5049 769 5117 ήνυσας.
814 5049 1051 5112 Ἐλυσας
1108 5051 1186 5120 τῷ
1234 5053 1452 5123 θανάτῳ
1488 5053 1586 5123 τὴν
1616 5053 1866 5123 ἀφορμὴν
1884 5055 1984 5122 τῆς

396 5137 633 5208 πλάνης.
669 5137 782 5192 Οὐκ
809 5139 1000 5192 ἀκούει
1024 5139 1244 5209 χειλέων
1279 5143 1490 5196 ἐκείνου
1523 5142 1672 5206 λαὸς,
1702 5143 1761 5196 ὃν
1783 5142 1858 5208 ὡς
1888 5142 1981 5195 εὕ-

396 5229 559 5280 κολον
592 5229 674 5292 εἰς
718 5230 934 5300 ἀπάτην
963 5231 1070 5284 ὑπὸ
1121 5232 1363 5304 κατάραν
1401 5233 1615 5297 ἐτίθεις.
1654 5235 1766 5305 Οὐχ
1817 5235 1987 5306 ὁρῶσι

396 5320 463 5372 τὰ
495 5319 776 5389 παράδοξα
798 5320 908 5375 τῶν
929 5321 1249 5392 τεραστίων.

2089 4583 2195 4637 nici
2228 4580 2512 4648 sanguinis
2545 4578 2798 4634 nonnihil
2856 4577 3089 4642 remisit,
3115 4576 3358 4630 animum
3394 4575 3652 4637 subeunt,

2089 4683 2202 4728 tam
2237 4689 2357 4742 qua:
2389 4672 2506 4743 ipse
2527 4671 2796 4742 praedixit,
2820 4685 2981 4740 quam
3010 4683 3132 4739 quae
3172 4675 3228 4721 tu
3286 4660 3610 4736 perpetrasu
3637 4682 3653 4731 ;

2092 4781 2156 4819 ac
2178 4748 2464 4819 veritatem
2514 4761 2672 4832 quasi
2709 4769 3148 4832 prospectantem
3173 4757 3384 4819 videns,
3426 4771 3654 4825 magno-

2089 4871 2218 4926 pere
2242 4863 2412 4908 totam
2445 4854 2565 4922 ejus
2594 4851 3088 4907 manil’estationem
3122 4847 3342 4910 metuis,
3369 4846 3656 4915 verbisque

2088 4949 2156 5001 de
2227 4945 2630 5001 resurrcCtinne
2694 4944 2877 4996 animo
2940 4939 3325 4994 commoveris.
3372 4936 3655 4991 Recordati

2086 5054 2289 5103 sumus,
2331 5038 2455 5107 quia
2483 5035 2729 5089 seductor
2755 5033 2866 5097 ille,
2897 5031 3033 5083 dixit
3079 5029 3250 5083 adhuc
3287 5029 3477 5083 vivens.
3516 5026 3656 5092 Quid

2089 5132 2219 5186 ais?
2253 5130 2540 5197 Quomodo
2576 5126 2920 5182 seductorem
2969 5138 3194 5186 vocans,
3241 5121 3382 5190 quod
3424 5121 3653 5190 prasdic-

2090 5234 2202 5278 tam
2228 5223 2386 5277 abeo
2419 5218 2876 5275 resurrectionem
2914 5213 3237 5274 recorderis,
3275 5227 3385 5265 non
3420 5211 3654 5265 sinmlin

2095 5326 2328 5369 iuuentem
2358 5326 2583 5366 revocas
2605 5325 2671 5364 ea
2686 5325 2805 5379 qua:
2833 5308 2887 5360 in
2908 5307 3085 5378 ipsum
3112 5302 3408 5365 admisisti,
3443 5315 3566 5354 cum
3599 5307 3656 5352 et

2093 5408 2138 5462 is
2168 5408 2258 5460 illa
2295 5403 2625 5474 prmdixerit,
2667 5416 2731 5455 ac
2756 5399 3079 5454 sceleratum
3105 5409 3165 5448 os
3185 5403 3335 5447 tuum
3364 5391 3654 5448 obstruxe-

467 5566 517 5598 ⁸⁸
541 5566 700 5621 Deut.
748 5582 938 5633 xxvm,
989 5566 1077 5622 66.
1155 5568 1200 5600 ⁸⁹
1240 5563 1402 5623 Num.
1445 5583 1560 5633 χχι,
1590 5567 1643 5622 9.
1723 5566 1768 5596 ⁸⁸
1791 5563 1981 5620 Matth.
2010 5577 2178 5626 nm,
2206 5560 2295 5612 63.

1671 5681 1902 5736 VARUE
1945 5674 2336 5735 LECTIONES.

515 5788 530 5816 ι
578 5779 862 5849 κατασείῃ.
949 5777 962 5826 i
1003 5777 1326 5849 ἐμφράττει.
