4072 6466
450 380 525 445 ’19
1673 378 1947 437 LEONlS
1986 375 2445 438 PHILOSOPHI
3622 382 3691 444 80

441 494 555 551 rit?
583 494 653 548 At
693 491 951 548 seductor
985 498 1090 544 est.
1130 488 1241 543 Cur
1288 501 1416 542 vero
1449 494 1599 541 tanta
1656 488 1755 542 tibi
1799 488 1866 542 de
1901 485 2000 539 illo
2039 501 2174 541 cura
2208 487 2333 541 est?
2368 485 2665 541 Confecisti
2689 486 2840 557 quod
2877 486 3060 542 studio
3128 487 3459 545 moliebaris.
3526 491 3693 548 Occa.

442 591 654 644 sionem
698 581 1031 640 seductionis
1076 592 1251 635 morte
1310 581 1628 652 praecidisti.
1696 579 1813 634 Non
1867 577 2018 632 audit
2059 580 2295 649 populus
2342 580 2461 650 ejus
2506 580 2775 634 labiorqu
2799 580 2965 634 verba
2995 580 3063 644 σί,
3106 596 3268 650 quem
3350 592 3409 636 ut
3476 584 3688 641 facilem

443 673 621 742 decipi
668 671 954 726 maledicto
1000 671 1352 739 subjiciebas.
1386 671 1504 725 Non
1557 679 1798 725 cernunt
1829 668 2151 723 admiranda
2184 669 2273 722 illa
2300 668 2569 738 prodigia.

516 763 796 819 Uudenam
836 779 966 818 vero
1019 765 1363 818 occasionem
1427 775 1719 832 acceptura
1773 771 1855 817 est
1907 761 2003 814 de—

2177 760 2346 813 Πόθεν
2370 760 2479 824 ἕξει
2515 760 2613 830 τὴν
2646 760 2900 829 ἀφορμὴν
2951 762 2984 831 ἡ
3035 760 3251 829 πλάνη;
3304 764 3415 815 Ναί
3457 765 3692 831 μήποτε

442 858 659 927 ceptio?
696 854 777 909 Ne
808 855 943 923 forte
962 855 1213 925 discipuli
1244 857 1474 919 veniant,
1516 866 1564 909 et
1597 856 1841 923 furentur
1869 869 2009 917 eum,

443 967 507 1002 ac
522 951 700 1002 dicant
716 950 928 1018 populo,
950 949 1192 1003 Surrexit
1217 965 1248 1001 a
1278 950 1521 1002 mortuis.
1545 947 1806 1016 Discipuli
1828 947 2013 999 l'ureu-

444 1053 555 1105 tur,
583 1042 676 1111 qui
707 1058 775 1096 ue
812 1043 1094 1095 minimum
1141 1042 1358 1111 quidem
1401 1056 1521 1095 cum
1563 1041 1651 1094 ille
1677 1040 2008 1104 traheretur,

443 1136 613 1188 secuti
651 1134 817 1188 sunt?
846 1133 1077 1186 Tantum
1122 1132 1196 1186 illi
1235 1148 1335 1201 pro
1381 1144 1598 1187 mortuo
1637 1147 1783 1186 curae
1823 1147 2011 1187 susce-

443 1226 589 1294 pturi
627 1234 775 1287 sunt,
830 1225 921 1294 qui
954 1240 1018 1278 eo
1070 1225 1306 1288 vivente,
1343 1240 1409 1278 ne
1444 1223 1860 1294 impressionem
1889 1225 2012 1292 qui-

445 1321 570 1371 dem
620 1328 860 1371 vestram
912 1317 1054 1370 ferre
1085 1317 1424 1369 valuerunt:
1479 1316 1558 1370 vel
1603 1330 1669 1370 eo
1725 1315 2008 1379 duntaxat,

443 1418 573 1462 uta
621 1409 781 1476 longe
827 1417 1161 1477 spectarent,
1216 1408 1363 1476 quali
1424 1423 1555 1462 nece
1599 1407 1856 1476 Magister
1900 1418 2011 1461 tra-

443 1501 707 1555 deretur?
741 1501 872 1563 line,
931 1501 1024 1553 illo
1057 1500 1166 1569 jam
1204 1502 1436 1568 sepulto,
1466 1509 1704 1555 vestrmn
1749 1503 2007 1568 impetum

445 1592 829 1655 floccifacient,
868 1591 1181 1661 furtumque
1220 1592 1504 1647 cadaveris
1538 1594 1862 1646 tentabunt?
1892 1592 2009 1645 Non

444 1683 692 1737 beneficii
731 1685 847 1738 loco
885 1684 1167 1752 deputent,
1209 1685 1284 1738 ita
1316 1685 1479 1738 animi
1518 1685 1809 1739 timiditate
1846 1701 2008 1754 repu-

443 1780 647 1835 tantes,
692 1783 750 1827 ut
797 1774 878 1827 vel
913 1775 1048 1828 nihil
1098 1783 1387 1837 novantes,
1430 1775 1601 1829 latere
1630 1778 1878 1845 possint;
1912 1778 2007 1830 sed

446 1862 513 1915 ad
564 1878 753 1918 necem
796 1862 1154 1927 inferendam,
1194 1876 1356 1933 atque
1400 1864 1466 1918 ad
1498 1865 1648 1934 ipsos
1695 1866 1760 1919 ad
1795 1867 2007 1936 suppli-

443 1955 590 2009 cium
636 1956 1104 2025 pervestigaudos,
1149 1955 1539 2026 cupidissimos
1588 1958 1836 2013 homines
1896 1974 2007 2012 ma-

442 2043 526 2111 gis
558 2054 854 2113 provocent
882 2046 904 2097 ?
936 2045 1155 2109 Deinde,
1181 2061 1289 2114 quo
1317 2048 1420 2100 fine
1451 2062 1647 2117 corpus
1670 2048 2008 2104 furarentur?

441 2133 559 2187 Non
606 2145 662 2186 ut
693 2136 894 2188 alicubi
923 2136 975 2189 id
1013 2145 1337 2205 reponerent
1360 2153 1534 2208 eoque
1568 2146 1823 2209 tanquam
1854 2156 2008 2195 amo-

440 2227 519 2280 ris
558 2226 754 2281 solatio
792 2226 1125 2292 fruerentur,
1159 2230 1254 2284 sed
1291 2243 1348 2285 ut
1393 2233 1761 2288 resurrexisse
1808 2235 2009 2303 passim

436 2318 836 2386 prasdicareut?
880 2319 1013 2374 Rem
1056 2322 1382 2388 inauditam,
1419 2339 1481 2379 ac
1511 2327 1725 2395 qualem
1756 2329 1836 2381 sol
1873 2344 2013 2381 nuu-

438 2424 604 2479 quam
644 2410 829 2465 vidit:
864 2428 1057 2481 nempe
1109 2423 1385 2468 mortuum
1437 2418 1657 2486 propria
1708 2418 2008 2473 redivivum

438 2504 643 2558 virtute
677 2521 691 2557 :
727 2504 885 2573 quasi
930 2505 1184 2559 videlicet
1233 2523 1343 2562 rem
1379 2510 1581 2575 tritam,
1620 2527 1681 2564 ac
1713 2528 1833 2581 quae
1875 2529 2009 2582 quo-

438 2595 574 2648 tidie
597 2597 828 2659 accidat,
861 2600 1166 2666 aggressuri
1204 2612 1405 2654 essent.
1472 2602 1634 2671 Atqui
1672 2606 2005 2659 contrarium

438 2700 671 2753 prorsus
726 2685 849 2740 illos
900 2687 1081 2741 facere
1127 2704 1226 2758 par
1269 2701 1403 2758 erat,
1445 2702 1711 2760 quantum
1770 2696 2007 2753 humana

436 2792 593 2831 mens
637 2777 848 2833 ratione
892 2780 1110 2849 assequi
1160 2790 1369 2849 potest;
1403 2785 1584 2853 potius
1629 2788 1774 2841 enim
1821 2798 2009 2858 optare

438 2869 711 2924 debebant
733 2881 790 2924 ut
817 2871 921 2927 sibi
954 2882 1094 2927 terra
1124 2872 1453 2937 dehisceret,
1485 2892 1595 2946 prae
1624 2887 1768 2932 metu
1810 2882 2009 2949 ubique

439 2963 663 3017 latibula
688 2978 952 3032 quaerere,
975 2965 1110 3018 nihil
1136 2981 1242 3019 non
1269 2967 1442 3021 moliri
1472 2984 1539 3022 ne
1564 2977 1746 3024 vestro
1768 2987 2006 3040 unquam

439 3055 626 3110 animo
673 3066 1065 3113 occurrerent:
1103 3060 1234 3126 quin
1284 3067 1336 3113 et
1386 3060 1717 3129 implacabili
1770 3066 1895 3119 odio
1953 3066 2006 3120 iu

440 3146 786 3201 seductorem
842 3163 995 3203 amor
1058 3151 1326 3220 pristinus
1390 3156 1815 3209 commutandus
1868 3169 2005 3211 erat.

440 3232 576 3288 Nam
627 3251 780 3306 rogo.
826 3253 1061 3309 quanam
1110 3243 1272 3295 etiam
1327 3257 1394 3297 ex
1435 3258 1598 3301 causa
1643 3254 1845 3302 tantam
1895 3264 2009 3303 ma-

441 3327 596 3396 gistri
648 3344 837 3382 curam
871 3333 1127 3401 agerent?
1158 3335 1238 3387 Au
1266 3336 1391 3404 quia
1429 3351 1553 3393 cum
1611 3338 1728 3409 ipso
1761 3352 2004 3409 agentes,

2113 853 2397 917 ἐλθόντες
2411 853 2464 905 οἱ
2492 851 2747 920 μαθηταί
2772 854 3083 919 κλέψωσιν
3109 853 3316 917 αὑτὸν,
3352 855 3448 907 καὶ
3474 858 3690 913 εἴπωσι

2111 942 2193 1008 τῷ
2228 942 2356 1007 λαῷ
2390 942 2477 996 ὅτι
2509 942 2729 1011 ἠγέρθη
2758 943 2826 996 ἐκ
2878 942 2996 995 τῶν
3043 944 3290 1012 νεκρῶν.
3342 946 3403 997 Οἱ
3456 949 3694 1017 μαθηταὶ

2112 1035 2421 1104 κλέψωσιν,
2454 1034 2503 1086 οί
2548 1033 2681 1102 μηδὲ
2726 1034 2787 1085 τὸ
2836 1033 3173 1105 βραχύτατον
3226 1036 3694 1105 ἀκολουθήσαντες

2113 1126 2423 1196 ὲλκομένῳς
2481 1127 2681 1178 ἐκεῖνοι
2716 1126 2984 1196 τοσαύτην
3017 1127 3251 1196 σπουδὴν
3301 1131 3430 1198 περὶ
3476 1131 3568 1182 τὸν
3601 1147 3692 1182 νε·-

2113 1218 2246 1288 κρδν
2301 1218 2612 1286 σχήσουσιν,
2648 1218 2696 1269 οί
2750 1215 2949 1281 ζῶντος
3004 1218 3127 1287 μηδ’
3183 1220 3352 1291 αὐτὴν
3389 1221 3549 1290 ὑμῶν
3592 1222 3693 1293 τὴν

2111 1313 2289 1381 ὁρμὴν
2340 1310 2771 1378 ὑπομείναντες,
2836 1310 2958 1379 μηδ’
3012 1310 3149 1364 ὥστε
3221 1313 3499 1384 πόρρωθεν
3562 1294 3729 1369 ίδεῖνη

2112 1403 2251 1470 ποίῳ
2327 1402 2602 1472 θανάτῳὸ
2663 1401 2992 1465 Διδάσκαλος
3047 1404 3441 1473 παραδίδοται;
3531 1398 3695 1459 Οὗτοι

2110 1496 2264 1564 τάφῳ
2323 1494 2613 1564 κρυϐέντος
2667 1495 3099 1565 καταφρονοῦσιν
3149 1496 3323 1565 ὑμῶν,
3359 1497 3451 1549 καὶ
3512 1500 3696 1568 χωρή-

2114 1603 2298 1639 σουσιν
2336 1588 2427 1638 ἐπὶ
2459 1585 2709 1655 σώματος
2763 1586 2956 1657 νεκροῦ
2988 1586 3230 1657 κλοπήν;
3263 1588 3361 1641 οὐκ
3390 1590 3693 1659 ἀγαπηῖᾶν,

2110 1681 2217 1733 ἀπὸ
2266 1681 2462 1743 δειλίας
2514 1681 2868 1750 ἡγουμένους,
2922 1683 2969 1733 εἰ
3024 1682 3187 1750 μηδὲν
3231 1681 3691 1752 νεωτερίζουσιν,

2112 1775 2295 1831 αὐτοῖς
2333 1772 2615 1840 περιέσται
2676 1772 2855 1824 λαθεῖν
2885 1788 2898 1801 °
2933 1772 3045 1825 ἀλλ’
3077 1775 3157 1836 είς
3196 1773 3421 1843 ἔρευναν
3471 1775 3567 1827 καὶ
3614 1794 3699 1826 τι·-

2113 1866 2325 1934 μωριάν
2364 1864 2637 1933 φονῶντας
2682 1863 2998 1934 ἀνθρώπους
3027 1865 3477 1934 ἀνακινήσουσιν;
3521 1861 3692 1918 Εἶτα.

2111 1956 2198 2009 ἵνα
2234 1957 2328 2008 καὶ
2360 1956 2413 2008 τί
2447 1956 2714 2024 ποιήσωσι
2760 1955 3101 2023 κλέψαντες;
3161 1956 3271 2026 Οὐχ
3308 1956 3393 2009 ἴνα
3446 1957 3576 2010 ὅπου
3624 1956 3690 2027 δὴ

2118 2049 2439 2120 μεταθέντες
2502 2046 2664 2116 ἔχωσι
2723 2046 3072 2117 παραμύθιον
3125 2044 3219 2099 τοῦ
3274 2046 3532 2115 φίλτρου,
3593 2049 3690 2101 καὶ

2113 2140 2312 2210 τιμῶσι
2337 2139 2395 2192 τὸ
2424 2138 2582 2209 σῶμα
2608 2178 2621 2200 ,
2650 2138 2763 2190 ἀλλ’
2793 2138 2880 2191 ἴνα
2904 2138 3214 2207 φημίσωσιν
3231 2139 3329 2209 τὴν
3359 2140 3682 2204 ἀνάστασινς

2113 2235 2346 2304 πρᾶγμα
2395 2228 2505 2284 οῖον
2562 2229 2714 2283 οὗπω
2762 2230 2984 2282 τεθέατο
3040 2230 3219 2300 ἥλιος,
3253 2230 3446 2300 νεκρὸν
3499 2230 3687 2298 οἰκείῳ

2111 2329 2302 2399 κράτει
2328 2325 2650 2380 ἀναϐιοῦντα
2670 2342 2683 2355 ο
2716 2324 2903 2394 ὥσπερ
2927 2342 2980 2376 τι
3009 2325 3116 2377 τῶν
3149 2323 3272 2376 καθ’
3319 2324 3556 2394 ἑκάστην
3605 2341 3693 2391 γιο

2111 2421 2349 2490 νομένων
2425 2417 2963 2479 κατασκευάζοντεςς
3016 2416 3127 2469 Καὶ
3207 2416 3310 2486 μὴν
3372 2416 3686 2469 τούναντίον

2111 2512 2255 2565 ἅπαν
2287 2509 2431 2570 εἰκὸς
2451 2508 2645 2568 αὐτοὺς
2677 2508 2866 2571 ποιεῖν,
2893 2508 2993 2559 ὅσα
3027 2523 3091 2573 γε
3123 2505 3379 2574 λογισμὸς
3405 2505 3683 2575 ἀνθρώπι-

2109 2619 2199 2664 νος
2253 2599 2535 2669 ἐπιτρέπει
2569 2615 2583 2628 ·
2633 2596 2883 2665 εῠχεσθαι
2921 2596 3150 2666 ῥαγῆναι
3181 2595 3390 2659 τούτοις
3423 2597 3523 2665 τὴν
3554 2596 3682 2665 γῆν,

2109 2694 2188 2763 τῷ
2216 2693 2324 2745 δέει
2367 2689 2639 2759 πανταχοῦ
2673 2688 3028 2741 καταδύεσθαι
3059 2703 3072 2716 ’
3104 2686 3284 2741 πάντα
3322 2687 3691 2757 μηχανᾶσθαι,

2114 2785 2236 2855 μηδ’
2267 2784 2357 2837 ἐπὶ
2389 2785 2607 2853 μνήμην
2632 2781 2785 2852 ὑμῶν
2811 2780 3004 2843 αὐτοὺς
3052 2780 3231 2850 ἥκειν.
3280 2780 3392 2832 Καὶ
3447 2779 3553 2851 μὴν
3590 2780 3689 2832 καὶ

2114 2878 2270 2947 μῖσος
2325 2874 2612 2929 ἀναλαϐεῖν
2663 2874 2785 2927 ἀντὶ
2837 2871 2930 2925 τοῦ
2972 2872 3239 2943 πρότερον
3294 2870 3515 2941 φίλτρου
3552 2869 3698 2924 κατά

2110 2966 2204 3020 τοῦ
2229 2968 2626 3035 ἀπατήσαντος.
2679 2964 2803 3016 Ἐπὶ
2832 2963 2937 3015 τίνι
2976 2963 3084 3033 γάρ
3132 2962 3228 3014 καὶ
3282 2961 3502 3030 ἔμελλον
3549 2959 3697 3013 οὕτω

2110 3056 2366 3127 κήδεσθαι
2396 3055 2489 3108 τοῦ
2516 3055 2845 3108 Διδασκάλου
2872 3072 2886 3120 ;
2926 3056 3049 3107 Ὅτι
3080 3055 3163 3122 ἐφ’
3187 3048 3266 3115 οἷς
3288 3051 3435 3123 αὐτῷ
3453 3052 3698 3119 συνῆσαν

2111 3151 2169 3201 ὲν
2193 3149 2484 3202 ἀπολαύσει
2540 3146 2768 3212 διέζων;
2829 3145 2967 3199 ἀλλά
3002 3146 3095 3198 καὶ
3141 3146 3208 3216 ἣν
3255 3139 3399 3213 εἴχον
3436 3142 3703 3212 πενιχρὰν

2112 3241 2365 3312 ὕπαρξιν,
2419 3241 2532 3302 τοῖς
2583 3239 2792 3291 ἐκείνου
2828 3238 3134 3306 πειθόμενοι
3180 3234 3358 3301 λόγοις
3415 3233 3699 3305 ῥίψαντες,

2111 3334 2257 3405 λιμῷ
2305 3334 2400 3386 καὶ
2431 3333 2607 3401 δίψει,
2645 3331 2742 3383 καὶ
2788 3332 2900 3392 τοῖς
2946 3328 3125 3391 ἄλλοις
3175 3328 3448 3396 ὲτήκοντο.
3500 3325 3563 3376 Τί
3598 3323 3697 3385 δέ;

441 3424 498 3474 in
553 3421 760 3477 deliciis
801 3424 1095 3479 vivebant?
1147 3429 1213 3477 At
1260 3427 1351 3496 qui
1387 3444 1523 3496 quas
1574 3431 1738 3483 etiam
1786 3432 2009 3501 exiguas

2115 3428 2239 3479 Ὅτι
2291 3425 2630 3494 πλασάμενοι
2683 3423 2781 3492 τὴν
2835 3420 3150 3482 ἀνάστασιν,
3203 3417 3409 3478 εὐθέως
3466 3415 3698 3485 ἔμελλον

440 3512 731 3568 facultates
762 3514 1070 3579 habebant,
1101 3517 1282 3571 verbis
1313 3518 1459 3572 illius
1506 3520 1753 3575 obsecuti
1790 3522 2008 3591 abiece-

444 3612 610 3668 rant;
655 3605 906 3675 fameque
949 3616 1004 3661 et
1053 3608 1163 3672 siti,
1213 3616 1265 3662 et
1302 3610 1426 3664 aliis
1476 3612 1842 3668 incommodis
1882 3630 2015 3668 con-

445 3697 828 3751 tabescebant.
862 3697 1002 3764 Quid
1034 3701 1209 3755 vero?
1249 3702 1328 3755 Au
1374 3703 1501 3773 quia
1549 3707 2014 3761 resurrectionem

446 3788 845 3858 contingentes,
906 3793 1083 3847 laetam
1148 3796 1331 3848 statim
1378 3811 1443 3851 ac
1492 3798 1789 3865 jucundam
1851 3801 2014 3856 vitam

445 3880 647 3939 victuri
704 3884 904 3936 erant?
956 3882 1158 3940 Verum
1227 3887 1401 3957 magis
1451 3903 1546 3943 eos
1593 3890 1759 3943 animi
1811 3907 2018 3951 mmror

445 3974 793 4031 cruciaturus
817 3984 964 4039 erat,
988 3993 1110 4031 cum
1141 3980 1228 4042 iis,
1254 3995 1375 4050 quae
1403 3983 1822 4051 conﬂuxissent,
1852 3985 2019 4039 haud-

447 4082 722 4137 quaquam
788 4071 993 4126 certius
1048 4073 1147 4125 niti
1214 4084 1460 4142 possent.
1520 4076 1819 4144 Cujusnam
1885 4094 2017 4149 ergo

447 4157 623 4223 gratia
658 4159 712 4211 in
743 4166 952 4213 tantum
1008 4177 1067 4215 se
1099 4164 1401 4231 periculum
1439 4166 1846 4235 conjecisscnt?
1872 4168 2017 4223 Nihil

445 4242 608 4313 plane
637 4244 907 4313 ejusmodi
958 4255 1043 4301 est
1084 4250 1245 4317 qualc
1283 4259 1363 4316 tu,
1399 4268 1525 4306 vere
1577 4254 1852 4319 seductor,
1900 4256 2013 4323 ais;

445 4334 579 4405 quin
606 4336 690 4390 vel
722 4336 927 4391 invitus
964 4341 1385 4397 resurrectionis
1419 4343 1762 4412 splendorem
1795 4347 2016 4401 visurus

445 4442 529 4488 es,
597 4436 864 4481 terrarum
939 4431 1255 4487 universqu
1319 4434 1509 4488 orbem
1564 4436 2013 4504 collustrantem,

449 4519 665 4572 tametsi
717 4522 941 4590 gravius
989 4522 1168 4576 adhuc
1202 4524 1448 4579 velamen
1496 4527 1650 4579 cordi
1699 4527 2013 4598 impositum

445 4624 623 4678 geras.
654 4609 899 4675 Interim,
931 4614 1207 4683 quodnam
1253 4616 1356 4670 hoc
1384 4618 1719 4685 praesidium,
1751 4620 1899 4688 quod
1927 4635 2013 4674 se-

444 4701 637 4769 pulcro
668 4703 912 4757 moliris?
938 4703 1230 4774 Signacula
1260 4708 1499 4776 imponis
1520 4748 1535 4771 ,
1571 4724 1637 4762 ac
1667 4710 1876 4765 circum
1914 4727 2013 4765 cu-

2122 3518 2412 3589 βιῶσεσθαι
2439 3515 2609 3583 ;Ἀλλ’
2642 3514 2783 3566 οὕτω
2798 3530 2861 3580 γε
2886 3512 3044 3565 πλέον
3073 3513 3106 3581 ή
3134 3509 3341 3579 ἀθυμία
3366 3508 3596 3571 ὲκέντει,
3614 3500 3694 3570 οἷς

2118 3613 2420 3667 ὲπλάσαντο
2458 3609 2677 3680 θαρρεῖν
2707 3608 2806 3660 οὐκ
2832 3606 3065 3675 ἔχοντες.
3113 3603 3258 3655 Ἀντὶ
3288 3602 3430 3664 τίνος
3482 3598 3575 3654 οῦν
3618 3601 3695 3662 εἰς

2117 3705 2369 3758 τοσοῦτον
2401 3701 2644 3756 κινδύνου
2677 3699 2936 3753 καθίεσαν
2984 3695 3215 3759 αύτούς;
3251 3694 3368 3747 ἀλλ’
3396 3694 3496 3746 οὐκ
3525 3692 3699 3756 ἔστιν,

2118 3799 2191 3861 ὡς
2214 3798 2277 3850 σὺ
2307 3798 2506 3863 λέγεις,
2534 3787 2577 3846 ὦ
2612 3791 2780 3844 πλάνε
2810 3788 3024 3860 ἀληθῶς
3049 3805 3062 3817 ·
3094 3788 3209 3841 ἀλλ’
3237 3786 3359 3856 ὄψει
3395 3784 3486 3837 καὶ
3546 3784 3701 3836 ἄκων

2118 3891 2216 3960 τῆς
2253 3887 2599 3949 ἀναστάσεως
2643 3884 2705 3937 τὸ
2751 3883 2953 3953 φέγγος
3006 3883 3185 3934 πᾶσαν
3238 3879 3577 3948 περιλάμπον
3596 3875 3700 3945 τὴν

2118 3979 2442 4049 οἰκουμένην
2473 3993 2487 4007 ·
2523 3977 2625 4030 κᾶν
2656 3975 2734 4029 ἔτι
2766 3974 3065 4044 βαρύτερον
3084 3971 3202 4040 εἴης
3225 3972 3317 4023 ἐπὶ
3338 3969 3433 4037 τῆς
3462 3966 3697 4037 καρδίας

2121 4074 2304 4143 φέρων
2335 4072 2394 4124 τὸ
2433 4070 2720 4139 κάλυμμα.
2751 4068 2901 4128 Τέως
2940 4065 2997 4117 δὲ
3019 4064 3112 4117 νῦν
3141 4063 3226 4125 τίς
3248 4064 3281 4132 ἡ
3315 4060 3603 4128 ἀσφάλεια,
3631 4060 3703 4128 ἦν

2118 4165 2194 4233 τῷ
2215 4165 2367 4233 τάφῳ
2388 4164 2654 4234 περινοεῖς
2675 4179 2689 4225 ;
2717 4158 3017 4229 σφραγῖδας
3055 4155 3322 4223 ἐπιτίθης,
3342 4154 3436 4206 καὶ
3459 4167 3702 4204 κουστω-

2117 4257 2235 4320 δίας
2294 4254 2687 4325 περικαθίζεις.
2724 4250 2790 4303 Τί
2849 4251 3041 4314 ποιεῖς,
3082 4246 3345 4311 Ἰουδαῖε;
3402 4241 3703 4305 Λανθάνεις

2122 4346 2334 4417 σεαυτῷ
2372 4347 2461 4400 τὸν
2497 4344 2715 4412 ἔλεγχον
2745 4342 2843 4411 τῆς
2876 4341 3060 4403 ἀνοίας
3094 4334 3466 4405 ἀφυκτότερον
3524 4349 3704 4386 κατα-

2121 4437 2433 4501 σκευάζων;
2483 4434 2547 4488 Ei.
2593 4435 2688 4505 μὲν
2742 4434 2849 4503 γὰρ
2901 4430 3089 4499 ὥσπερ
3136 4427 3236 4480 olet
3285 4424 3483 4487 πλάνος
3524 4425 3554 4477 ὁ
3597 4422 3704 4492 τῆς

2118 4531 2464 4591 ἀναστάσεως
2507 4527 2682 4594 λόγος,
2739 4525 2821 4586 τίς
2872 4525 2904 4593 ἡ
2943 4522 3068 4592 περὶ
3109 4518 3198 4572 τὸν
3224 4518 3397 4587 τάφον
3453 4515 3704 4576 διάκενος

2120 4621 2357 4691 σπουδή;
2395 4620 2455 4672 Εἰ
2507 4618 2552 4671 δ’
2583 4618 2658 4679 ὼς
2705 4616 2900 4686 ἀληθῆ,
2960 4616 3097 4683 ὅπερ
3135 4610 3271 4673 ἐστὶ,
3332 4608 3594 4672 δέδοικας,
3643 4603 3701 4658 τί

2117 4714 2182 4766 δι’
2219 4708 2293 4766 ὧν
2348 4710 2533 4782 ὲκείνῃ
2586 4710 2754 4780 μάχῃ,
2818 4707 3010 4760 σαυτὸν
3065 4703 3424 4773 ἀνατρέπεις;
3460 4701 3535 4771 μὴ
3584 4700 3699 4763 γὰρ

446 4793 653 4847 stodias
689 4795 938 4850 adhibes.
991 4796 1131 4863 Quid
1178 4800 1314 4868 agis,
1347 4797 1564 4855 Judme?
1616 4799 1732 4854 Non
1764 4804 2009 4856 animad-

2120 4803 2260 4858 οὕτω
2321 4801 2734 4873 περικροτοῦντί
2788 4816 2869 4852 σοι
2910 4797 3008 4868 τὴν
3034 4795 3319 4865 φυλακὴν,
3358 4792 3485 4855 ἴσως
3550 4788 3614 4841 ἂν
3657 4789 3691 4858 ἡ

444 4884 613 4937 vertis
664 4884 806 4937 viam
856 4895 908 4940 te
947 4886 1044 4940 tibi
1082 4887 1413 4945 excusandae
1454 4889 1786 4959 insipientia;
1833 4893 2008 4962 magis

446 4990 510 5029 ac
555 4977 729 5046 magis
762 4979 1137 5047 praecludere?
1168 4978 1224 5033 Si
1276 4980 1442 5049 enim,
1477 4992 1534 5035 ut
1574 4983 1881 5050 arbitraris,
1916 4988 2006 5055 qui

443 5068 510 5121 de
543 5070 947 5128 resurrectione
972 5071 1210 5139 jactatur
1248 5087 1451 5136 sermo,
1484 5074 1716 5128 mendax
1762 5090 1824 5130 ac
1857 5093 2009 5133 com-

2118 4896 2363 4950 ἀναίδεια
2394 4894 2485 4946 ἐπὶ
2519 4894 2578 4946 τὸ
2609 4891 2962 4959 συκοφαντεῖν
2998 4888 3098 4955 τὴν
3151 4888 3449 4940 ἀνάστασιν
3494 4882 3693 4950 ὡρμτπ-

2120 4988 2289 5058 μένῳ,
2357 4986 2458 5039 οὐκ
2529 4984 2594 5038 ἂν
2663 4982 2802 5054 μετά
2874 4980 3143 5050 τοσαύτης
3210 4976 3469 5048 αἰσχύνης
3522 4974 3697 5044 προὺ-

2111 5080 2299 5151 χώρει.

443 5161 724 5214 mentitius
773 5168 879 5225 est,
913 5161 1044 5232 quid
1092 5176 1233 5214 vano
1271 5163 1452 5216 studio
1498 5166 1643 5219 circa
1692 5170 2006 5237 sepulcrum
2046 5171 2383 5240 occuparis?
2435 5171 2531 5225 Sin
2565 5178 2744 5224 autem
2815 5175 2874 5222 ut
2922 5181 3136 5228 verum,
3188 5162 3351 5219 sicuti
3400 5169 3506 5226 est,
3570 5176 3693 5215 me-

441 5252 571 5319 tuis,
600 5255 729 5323 quid
766 5257 835 5311 iis
861 5256 1029 5309 armis
1051 5254 1251 5327 quibus
1274 5254 1420 5308 illum
1452 5271 1734 5330 oppugnas
1760 5259 1993 5328 teipsum
2034 5263 2359 5333 oppugnas?
2393 5260 2569 5321 iFortc
2590 5261 2735 5314 enim
2777 5259 2821 5315 si
2879 5273 2987 5312 non
3056 5264 3270 5309 tantum
3322 5252 3492 5309 studii
3563 5268 3692 5303 mu-

441 5350 641 5404 niendo
667 5366 731 5405 ac
752 5352 1109 5409 custodiendo
1145 5361 1395 5428 sepulcro
1432 5362 1795 5431 adhibuisses,
1822 5364 2158 5435 impudentia
2208 5366 2275 5420 ad
2330 5362 2771 5421 mlumuiaudam
2823 5358 3286 5416 resurrectionem
3333 5369 3687 5425 promovcus,

441 5444 640 5497 minori
676 5445 868 5501 fuisset
901 5446 1174 5506 dedecori.

513 5532 621 5587 Sed
661 5536 876 5589 valeant
915 5536 1122 5594 Hebrzei
1172 5557 1295 5596 cum
1350 5546 1466 5599 suis
1522 5548 1684 5617 nugis
1731 5565 1745 5600 :
1790 5548 2001 5605 Christi

440 5638 572 5679 vero
615 5626 966 5683 immaculata
1014 5631 1259 5689 Ecclesia
1290 5652 1414 5691 cum
1447 5638 1629 5709 Moyse
1673 5656 1886 5697 sacram
1920 5658 1999 5696 rc-

442 5716 738 5785 quictiouis
782 5719 921 5773 diem
969 5735 1278 5792 veneretur,
1336 5730 1402 5784 dc
1447 5746 1551 5799 qua
1610 5732 1826 5788 diccbat
1870 5753 1881 5787 :
1938 5734 2005 5786 Et

517 5810 554 5841 "
583 5806 743 5865 Joau.
776 5826 871 5873 vn,
906 5811 993 5866 49.

2189 5545 2327 5601 Ἀλλ’
2364 5541 2709 5616 έρῤίφθωσαν
2750 5541 2869 5603 ταῖς
2917 5538 3098 5591 αὐτῶν
3126 5536 3347 5605 λέσχαις
3400 5534 3638 5603 Ἑϐραῖοι
3667 5556 3678 5567 ·

2110 5643 2144 5713 ή
2175 5641 2232 5693 δὲ
2257 5638 2349 5691 τοῦ
2374 5634 2610 5707 Χριστοῦ
2641 5635 2871 5705 ἄμωμος
2913 5632 3208 5701 Ἐκκλησία
3239 5630 3377 5699 μετά
3406 5627 3682 5689 Μωῦσέως

2111 5735 2210 5803 τῆς
2244 5729 2639 5791 καταπαύσεως
2689 5727 2787 5799 τὴν
2821 5726 2973 5802 ίεράν
3015 5725 3228 5797 ἡμέραν
3256 5722 3466 5777 τιμάτω
3496 5740 3507 5751 ⁸
3553 5720 3682 5790 περὶ
