4072 6450
308 343 367 408 81
873 334 1157 399 ORATIO
1204 334 1368 397 VIII.
1404 360 1467 369 -
1512 334 1594 395 IN
1635 332 2199 395 DEPOSITIONEM
2237 331 2609 395 CORPORIS
2645 332 2974 398 CHRISTI.
3494 332 3566 395 82

302 455 368 528 ἧς
394 454 566 522 ἕλεγεο
598 450 707 507 Καὶ
754 450 1092 519 εὐλόγησεν
1121 450 1153 503 ό
1199 449 1342 514 Θεὸς
1374 446 1489 514 τὴν
1516 449 1745 517 ἡμέραν
1770 448 1885 516 τὴν

1998 450 2251 505 benedixit
2290 449 2429 503 Deus
2461 450 2568 504 diei
2609 451 2829 519 septimo
2881 449 2969 515 ",
3027 447 3083 502 in
3128 462 3238 518 quo
3291 448 3564 518 requievit

306 548 582 615 ἑϐδόμην,
610 545 668 596 ἐν
791 542 1134 595 κατέπαυσεν
1172 538 1279 593 ἀπὸ
1322 538 1537 592 πάντων
1565 538 1673 591 τῶν
1706 539 1884 609 ἔργων

1998 544 2059 598 ab
2103 543 2359 598 omnibus
2405 542 2662 611 operibus
2711 543 2847 597 suis.
2907 541 3057 596 Licet
3091 543 3235 595 enim
3293 541 3565 611 signiﬁcet

306 634 487 693 αὑτοῦ.
512 634 575 688 Εἰ
601 634 711 703 γὰρ
740 631 836 684 καὶ
859 630 970 683 τῶν
995 627 1175 702 ἔργων
1206 630 1264 695 ἐξ
1299 623 1373 681 ὧν
1394 630 1421 681 6
1446 629 1647 698 κόσμος
1680 629 1886 699 ὑπέστη

1998 635 2232 706 requiem
2268 635 2336 689 ah
2359 635 2636 704 operibus,
2663 635 2865 704 quibus
2894 635 3147 689 conditus
3180 642 3266 687 est
3294 633 3560 688 mundus:

303 728 449 798 δηλοί
465 724 812 779 κατάπαυσιν
843 737 857 751 ·
888 721 1002 775 ἀλλ’
1024 717 1119 774 οὖν
1150 719 1290 789 αὕτη
1311 718 1387 789 τῷ
1418 719 1529 772 ὄντι
1572 719 1674 787 τῆς
1708 736 1883 773 κατα-

308 820 555 881 παύσεως
579 816 785 887 ἡμέρα,
828 815 887 867 ὲν
933 805 968 886 ᾖ
994 813 1022 864 6
1058 810 1349 882 μονογενὴς
1372 810 1498 873 Υἱὸς
1530 810 1624 863 τοῦ
1663 809 1797 863 Θεοῦ
1829 808 1889 873 ἐξ

306 912 479 981 ἔργων
499 906 595 959 τοῦ
627 903 898 977 ἡμετέρου
948 900 1404 972 προσλήμματος,
1446 898 1588 953 ἑκὼν
1621 900 1888 970 ὁμιλήσας

308 1004 546 1070 θανάτῳ,
591 997 937 1051 κατέπαυσεν
961 1010 976 1025 ⁶
1016 988 1138 1066 ὲνῇ
1179 993 1269 1047 τοῦ
1311 994 1545 1047 θανάτου
1598 994 1631 1063 ἡ
1674 994 1889 1056 αἰώνιος

306 1091 565 1163 τυραννὶς
614 1086 911 1157 κατελύθη,
960 1085 1057 1139 καὶ
1084 1086 1134 1138 οί
1169 1084 1264 1138 ὑπ’
1285 1084 1479 1155 ἐκείνῳ
1506 1082 1887 1155 ταλαιπωρού-

311 1202 493 1254 μενοι,
534 1182 842 1235 ἀνάπαυσιν
875 1176 1096 1248 εὕροντο
1131 1192 1146 1207 °
1178 1177 1237 1230 ὲν
1339 1176 1447 1229 τῶν
1482 1174 1753 1228 σπιλάδων
1790 1174 1888 1243 τῆς

310 1276 580 1346 ἁμαρτίας
617 1269 985 1338 ὑπεξελθοῦσα
1026 1271 1059 1338 ἡ
1096 1267 1277 1337 φύσις,
1318 1268 1384 1322 δι’
1413 1262 1488 1321 ὧν
1514 1266 1650 1338 πρὸς
1682 1265 1889 1337 φθορὰν

312 1368 585 1435 έναυάγει,
622 1364 1015 1433 καθωρμίσατο
1051 1360 1186 1432 πρὸς
1226 1359 1535 1430 ἀφθαρσίαν
1563 1374 1577 1388 ·
1617 1359 1743 1413 καθ’
1765 1360 1833 1429 ἢν
1859 1360 1888 1412 6

314 1458 601 1530 κραταιὸς,
648 1456 726 1519 ὠς
774 1453 836 1519 ἐξ
880 1453 1049 1505 ὕπνου
1109 1452 1216 1505 τῶν
1256 1451 1395 1521 ὑπὲρ
1432 1451 1589 1522 ἡμῶν
1637 1449 1890 1512 ὑπνώσας

318 1551 656 1621 τραυμάτων,
720 1546 812 1599 τὸν
882 1545 1226 1615 ὑπερήφανον
1304 1543 1494 1613 ἐχθρὸν
1547 1540 1888 1613 τραυματίαν

324 1641 631 1709 εἰργάσατο,
697 1636 795 1692 καὶ
849 1636 975 1697 τοὺς
1034 1632 1413 1704 αἰχμαλώτους
1477 1633 1714 1687 ἀπέλυσε
1791 1632 1888 1700 τῆς

323 1732 669 1804 πολυχρονίου
721 1729 988 1800 φρουρᾶς.
1022 1726 1117 1789 Τίς
1155 1729 1182 1779 6
1214 1726 1441 1789 πλοῦτος
1487 1726 1584 1793 τῆς
1617 1725 1742 1795 περὶ
1786 1724 1884 1793 ἐμὲ

322 1822 658 1894 συμπαθείας
682 1839 699 1888 ;

324 1932 494 1982 σεως;
525 1910 871 1982 Ἐγευσάμην
897 1908 1007 1977 ἐγὼ
1037 1908 1287 1979 βρώσεως
1310 1909 1584 1976 γλυκείας,
1606 1908 1640 1978 ἦ
1673 1924 1738 1978 με
1761 1924 1892 1961 κατ-

325 2009 548 2076 έστησεν
578 2004 832 2058 ὑπόδικον
863 2000 942 2071 τῷ
977 2000 1189 2069 θανάτῳ
1210 2016 1225 2029 ·
1259 2000 1352 2052 καὶ
1397 1999 1617 2067 γεύεται
1662 1998 1893 2052 θανάτου

327 2095 480 2161 Θεὸς,
514 2094 583 2147 Iv’
619 2091 841 2164 ἁρπάσῃ
895 2090 1147 2143 θανάτου.
1195 2090 1262 2141 Ἠ
1312 2088 1499 2152 κόνις,
1556 2088 1893 2157 ἁγαθότητος

334 2186 485 2256 ὕψει,
515 2186 651 2255 πρὸς
675 2182 824 2237 θείαν
846 2180 1047 2250 ἀνήχθη
1075 2181 1255 2245 δόξαν,
1284 2180 1380 2232 καὶ
1409 2179 1507 2232 οὐκ
1539 2176 1769 2249 ἔστερξα
1796 2178 1895 2247 τὴν

342 2278 532 2347 τιμήν·
593 2271 896 2328 καταϐαίνει
940 2272 1072 2334 Θεὸς
1122 2271 1258 2341 πρὸς
1316 2272 1457 2342 ἐμὴν
1490 2271 1769 2340 ἐσχατιάν,
1810 2270 1895 2324 ἵνα

348 2369 422 2439 μὴ
489 2365 648 2435 μόνον
697 2363 871 2435 ἐγείρῃ
948 2363 1220 2426 πεσόντα,
1281 2361 1395 2414 ἀλλ’
1467 2362 1553 2415 ἴνα
1608 2360 1709 2429 τῆς
1757 2359 1895 2430 ὲμῆς

338 2455 698 2524 ἀνασχόμενος
733 2451 954 2523 φθορᾶς,
1015 2449 1421 2519 καταπλουτίσῃ
1466 2447 1527 2501 τὸ
1584 2446 1881 2517 ἄφθαρτον.

331 2550 436 2601 Καὶ
465 2548 564 2617 τὴν
594 2545 731 2616 μετὰ
776 2544 984 2614 νεκρῶν
1024 2543 1317 2595 κατάθεσιν
1371 2543 1404 2610 ἡ
1455 2539 1567 2611 ζωὴ
1616 2538 1897 2608 ὑπομένει,

328 2642 414 2692 ἳνα
443 2638 584 2710 πρὸς
610 2636 755 2707 ζωὴν
796 2635 859 2688 τὸ
893 2636 1022 2703 ἐμὸν
1067 2634 1257 2703 θνητὸν
1299 2634 1579 2702 μεταταγῇ
1614 2645 1629 2660 ο
1675 2631 1769 2683 καὶ
1811 2644 1899 2681 νε-

324 2728 627 2800 κροπόλοις
664 2727 879 2790 ὀθόναις
908 2727 1198 2788 ἑλίσσεται,
1218 2724 1284 2777 ἵν’
1327 2722 1438 2791 ἐγὼ
1470 2721 1740 2793 σωτηρίας
1773 2720 1899 2791 ίμάν

322 2839 437 2875 τιον
456 2820 841 2893 περιϐάλωμαι
867 2836 882 2850 ·
917 2820 1009 2872 καὶ
1036 2818 1191 2888 χερσὶ
1220 2816 1468 2886 πηλίναις
1498 2812 1897 2883 ἑνταφιάζεται,

323 2914 390 2967 ἵν’
451 2910 566 2981 ἐγὼ
624 2911 711 2963 ἐπ’
770 2908 938 2980 ῶμων
987 2908 1198 2962 καθίσω
1259 2904 1629 2977 Χερουϐικῶν.
1699 2901 1901 2974 Χερσὶν

336 3005 531 3076 Ἰωσὴφ
583 3003 680 3057 τοῦ
729 2990 952 3072 σεμνοῦ.
1000 2995 1167 3063 Οὗτος
1210 3000 1318 3069 γὰρ
1370 2997 1626 3052 ἁπάντων
1678 2994 1905 3047 καταλι-

328 3098 534 3151 πόντων
557 3094 839 3164 γνωστῶν,
865 3093 955 3145 τὸν
979 3092 1067 3145 διὰ
1092 3092 1375 3161 σπλάγχνα
1405 3089 1585 3152 ἐλέους
1611 3090 1899 3156 ἐπιγνόντα

323 3191 494 3259 ἡμᾶς,
536 3187 807 3257 λαμϐάνει
862 3186 996 3253 πρὸς
1049 3184 1146 3253 τὴν
1182 3184 1382 3253 ταφήν.
1436 3181 1546 3234 Ποῦ
1594 3198 1683 3250 μοι
1736 3180 1900 3250 νῦνὴ

324 3282 533 3351 Πέτρου
562 3277 881 3349 παρρησία;
942 3276 1049 3329 Ποῦ
1080 3275 1136 3328 δὲ
1165 3275 1225 3327 τὸ
1259 3274 1536 3344 πρόθυμον
1562 3272 1657 3325 τοῦ
1690 3272 1899 3340 Θωμᾶς

330 3370 433 3425 ποῦ
455 3370 513 3424 δὲ
541 3369 655 3422 τῶν
674 3368 848 3423 ἄλλων
868 3367 1122 3436 μαθητῶν
1152 3366 1210 3419 τὸ
1236 3367 1458 3436 φίλτρον
1484 3383 1498 3432 ;
1528 3364 1641 3417 Νῦν
1665 3365 1901 3432 ἐλέγετε·

338 3464 592 3532 Ἄγωμεν
619 3460 717 3514 καὶ
748 3458 939 3528 ἡμεῖς,
979 3458 1056 3510 ἵν’
1088 3458 1479 3526 ἀποθάνωμεν
1517 3457 1646 3526 μετ’
1675 3455 1861 3509 αὑτοῦ
1887 3471 1901 3486 ’

333 3554 428 3608 καὶ
483 3552 585 3606 νῦν
646 3552 748 3604 οὐκ
806 3550 1090 3604 ἀκολουθεῖ
1126 3566 1210 3612 τις
1238 3549 1453 3602 ἀπιόντι
1487 3548 1565 3618 τῷ
1601 3545 1907 3615 διδασκάλῳ

330 3646 470 3719 πρὸς
496 3645 597 3714 τὴν
618 3643 857 3713 σφαγήν.
890 3643 1002 3696 Καὶ
1031 3641 1230 3709 γύναια
1258 3642 1355 3710 μὲν
1389 3642 1550 3703 τέως,
1587 3642 1635 3692 εί
1658 3640 1752 3693 καὶ
1794 3657 1900 3710 μασι

331 3740 530 3811 κρόθεν
563 3740 786 3808 ἕστηκε,
843 3738 937 3790 καὶ
968 3736 1188 3807 θρηνεῖ·
1219 3738 1267 3788 οί
1301 3736 1357 3788 δὲ
1383 3734 1621 3806 μαθηταὶ
1643 3733 1764 3787 οὐδὲ
1809 3750 1908 3800 γυ-

329 3831 557 3895 ναικῶνξ
582 3828 922 3899 λαμϐάνουσι
955 3828 1180 3897 τόλμαν.
1212 3825 1278 3879 Τί
1308 3824 1450 3878 οὕτω
1476 3826 1660 3878 πᾶσαν
1694 3823 1909 3893 εκείνην

331 3925 429 3994 τῆς
484 3921 725 3993 στοργῆς
787 3919 940 3989 ὑμῶν
981 3919 1080 3989 τὴν
1126 3918 1302 3987 φλόγα
1358 3916 1546 3970 ἔσϐεσε
1583 3916 1645 3970 τὸ
1694 3915 1907 3982 δειλόν;

338 4019 457 4081 οὐδὲ
488 4016 699 4088 ἐγείρει
727 4015 826 4085 τὴν
856 4013 1052 4085 ψυχὴν,
1084 4005 1159 4066 ὧν
1187 4029 1246 4065 τε
1276 4008 1427 4065 εἶπεν
1478 4007 1628 4066 ὧντε
1666 4010 1910 4063 ἐτέλεσεν

347 4111 378 4161 6
400 4107 744 4173 Miuulec;
804 4105 919 4158 ἀλλ’
945 4105 1087 4158 οὕτω
1139 4104 1389 4175 διέθηκεν
1408 4105 1437 4157 6
1462 4103 1646 4171 φόϐος,
1697 4101 1771 4164 ὡς
1804 4117 1909 4170 μη-

348 4196 489 4260 δενὸς
532 4198 682 4268 ἔχειν
728 4194 884 4264 λόγον
933 4195 1105 4264 ὑμᾶςς
1165 4195 1239 4263 μὴ
1290 4194 1387 4263 τῆς
1448 4192 1722 4261 τοσαύτης
1775 4191 1911 4258 ἀγά-

1988 729 2106 784 hzec
2155 737 2337 782 tamen
2391 743 2578 783 revera
2628 728 2744 782 dies
2768 736 2853 782 est
2886 726 3263 796 requietionis,
3297 742 3401 794 qua
3439 726 3564 780 uni-

1987 820 2203 890 genitus
2250 820 2340 875 Dei
2379 819 2551 873 Filius
2619 834 2647 873 a
2684 818 3059 889 designatisin
3105 818 3343 871 humana
3397 832 3562 872 carne

1987 920 2266 981 assumpta
2326 909 2586 979 operibus
2630 910 2915 978 requievit,
2975 918 3168 979 sponte
3223 910 3277 962 in
3334 919 3564 962 mortem

1986 1003 2291 1059 concedens
2324 1021 2338 1058 :
2370 1017 2477 1072 qua
2542 1003 2631 1058 die
2693 1009 2893 1057 aeterna
2942 1001 3030 1055 illa
3079 1000 3270 1055 mortis
3316 999 3564 1070 tyrannis

1986 1096 2254 1152 dissoluta
2291 1105 2397 1163 est,
2429 1111 2494 1151 ac
2523 1097 2616 1166 qui
2650 1095 2754 1151 sub
2780 1110 2845 1151 ea
2878 1095 3281 1158 atterebantur,
3320 1095 3562 1162 requiem

1988 1190 2312 1244 invenerunt
2346 1207 2361 1245 :
2397 1203 2503 1259 qua
2548 1205 2579 1244 e
2608 1188 2812 1259 peccati
2859 1187 3104 1256 scopulis
3166 1201 3229 1240 ac
3268 1187 3434 1254 petris
3470 1201 3566 1239 ex—

1988 1283 2165 1353 pedita
2215 1281 2326 1351 (27)
2367 1290 2589 1344 natura,
2630 1281 2832 1350 quibus
2882 1280 2936 1333 in
2969 1279 3378 1348 corruptionem
3425 1292 3563 1329 nan-

1986 1372 2161 1442 fragio
2187 1372 2509 1441 impegerat,
2534 1370 2601 1424 ad
2628 1369 3057 1439 incorruptionis
3086 1378 3301 1436 portum
3335 1367 3562 1435 appulsa

1985 1472 2106 1519 est:
2138 1476 2243 1531 qua
2272 1470 2468 1531 potens
2503 1461 2614 1524 ille,
2634 1460 2790 1530 quasi
2816 1474 3009 1515 somno
3040 1474 3105 1513 ex
3136 1457 3447 1510 vulneribus
3466 1470 3567 1525 pro

1988 1554 2145 1609 nobis
2162 1554 2438 1622 susceptis
2457 1562 2767 1622 soporatos.
2793 1551 3089 1621 superbum
3108 1551 3318 1603 hostem
3334 1547 3568 1601 vulneri-

1984 1647 2086 1702 bus
2136 1644 2531 1708 consauciavit,
2555 1645 2904 1713 captivosque
2937 1658 3004 1696 ex
3047 1639 3308 1695 diuturno
3347 1652 3569 1692 carcere

1988 1735 2255 1794 liberavit.
2305 1736 2435 1803 Quae
2481 1736 2600 1791 ista!
2648 1735 2855 1789 divitiae
2895 1734 3094 1788 divina:
3132 1732 3185 1785 in
3223 1746 3307 1785 me
3337 1729 3568 1784 commi-

782 1819 850 1872 Τί
925 1818 986 1870 τὸ
1068 1818 1294 1887 ἄπειρον
1369 1817 1469 1884 τῆς
1546 1814 1891 1885 συγκαταϐά-

1998 1830 2601 1895 serationis?Qu:enam
2634 1828 2899 1883 immensa
2941 1827 3057 1880 haec
3088 1826 3142 1879 in
3189 1839 3365 1880 meum
3406 1836 3564 1876 usum

1993 1924 2323 1993 modumque
2385 1921 2710 1976 inclinatio?
2768 1918 3130 1974 Gustaveram
3195 1931 3298 1986 ego
3349 1916 3563 1969 dulcem

1992 2032 2194 2079 escam,
2244 2030 2351 2085 qua
2402 2030 2526 2069 reus
2577 2014 2771 2067 mortis
2830 2011 3006 2066 factus
3070 2025 3216 2072 sum,
3276 2015 3568 2077 gustatque

1995 2107 2138 2163 Deus
2192 2103 2457 2171 mortem,
2514 2114 2574 2159 ut
2625 2119 2654 2158 a
2704 2112 2881 2158 morte
2930 2110 3106 2157 eruat.
3155 2099 3340 2154 Pulvis
3400 2114 3568 2153 cxsu—

1997 2201 2242 2273 perantia
2296 2198 2555 2254 bonitatis
2613 2196 2678 2250 ad
2709 2195 2947 2250 divinam
2997 2193 3227 2263 gloriam
3262 2190 3569 2246 subductus

1996 2302 2110 2358 est;
2154 2305 2255 2346 nec
2302 2305 2404 2359 ego
2452 2290 2713 2342 honorem
2749 2287 3034 2354 amplexus
3080 2299 3231 2347 sum,
3279 2297 3345 2336 ac
3392 2282 3569 2335 libens

1998 2384 2159 2439 habui
2192 2402 2206 2438 :
2237 2382 2626 2451 descenditque
2675 2378 2820 2434 Deus
2847 2378 2912 2432 ad
2971 2376 3209 2430 intimam
3269 2389 3441 2428 meam
3486 2373 3569 2427 vi-

1999 2476 2228 2541 litatem,
2271 2484 2331 2529 ut
2377 2488 2485 2527 non
2540 2472 2718 2527 solum
2775 2470 3095 2539 prolapsum
3132 2468 3328 2537 erigat,
3378 2480 3565 2520 verum

1999 2568 2161 2624 etiam
2206 2574 2265 2621 ut
2311 2579 2488 2619 meam
2544 2563 2825 2618 sustinens
2855 2560 3284 2629 corruptionem,
3319 2557 3570 2611 incorru-

2001 2661 2204 2732 ptionis
2276 2659 2408 2711 mihi
2458 2656 2678 2710 divitias
2709 2655 2944 2725 prebeat
2973 2671 2986 2706 :
3031 2653 3341 2723 patiturque
3374 2650 3480 2702 vita
3512 2656 3571 2700 ιιι

2002 2763 2124 2802 cum
2168 2746 2400 2799 mortuis
2466 2744 2797 2813 deponatur,
2841 2751 2901 2796 ut
2944 2742 3009 2796 ad
3052 2742 3217 2794 vitam
3269 2738 3572 2792 mortalita-

2003 2845 2109 2890 tem
2135 2850 2308 2889 meam
2335 2835 2631 2889 transferat
2658 2850 2672 2887 :
2701 2832 3023 2887 funebribus
3047 2829 3225 2884 linteis
3251 2828 3571 2892 involvitur,

2004 2941 2065 2983 ut
2109 2944 2209 2997 ego
2253 2928 2572 2981 indumento
2619 2925 2815 2980 salutis
2871 2924 3107 2987 vestiar;
3154 2922 3426 2990 luteisque
3457 2933 3572 2972 ma-

2007 3021 2170 3074 nibus
2220 3018 2475 3087 sepulcro
2548 3016 2825 3078 conditur,
2868 3023 2930 3068 ut
2993 3028 3095 3084 ego
3132 3012 3570 3067 Cherubinorum

2008 3108 2255 3163 humeris
2278 3107 2565 3161 insideam.
2596 3104 2870 3169 Manibus,
2913 3104 3157 3173 inquam,
3199 3100 3571 3156 honestissimi

2006 3200 2229 3269 Joseph.
2277 3200 2378 3251 Hic
2423 3198 2592 3262 enim,
2625 3211 2748 3251 cum
2800 3196 2912 3249 noti
2966 3208 3158 3249 omnes
3200 3193 3574 3261 reliquissent,

2004 3306 2124 3345 eum
2182 3289 2552 3358 sepeliendum
2598 3287 2848 3356 suscipit,
2902 3285 2993 3355 qui
3049 3299 3148 3355 per
3182 3282 3574 3338 misericordia:
3648 3320 3659 3328 ρ

2005 3382 2214 3435 viscera
2255 3388 2417 3433 notos
2448 3394 2548 3433 nos
2583 3378 2883 3433 habuisset.
2928 3376 3028 3431 Ubi
3066 3389 3211 3429 nunc
3262 3374 3393 3427 mihi
3428 3372 3573 3426 Petri

2007 3471 2271 3525 libertas?
2297 3468 2395 3524 Ubi
2430 3468 2654 3522 Thomas
2679 3468 2980 3522 alacritas?
3013 3463 3117 3520 Ubi
3143 3465 3374 3519 aliorum
3407 3462 3576 3516 disci-

2006 3564 2258 3634 pulorum
2288 3561 2477 3615 amor?
2502 3560 2662 3614 Modo
2706 3560 2972 3614 dicebatis
3009 3577 3023 3613 :
3054 3557 3256 3610 Eamus
3286 3566 3335 3610 et
3369 3572 3485 3616 nos,
3527 3564 3577 3607 et

2008 3658 2302 3709 moriamur
2335 3670 2453 3706 cum
2490 3653 2585 3706 illo
2615 3652 2700 3723 ⁶³;
2750 3666 2851 3705 nec
2879 3650 3171 3720 quisquam
3213 3646 3376 3701 modo
3418 3658 3578 3712 repe-

2010 3750 2150 3803 ritur
2172 3787 2187 3810 ,
2215 3752 2307 3816 qui
2339 3747 2656 3817 magistrum
2679 3752 2894 3798 euntem
2922 3744 2987 3797 ad
3015 3750 3242 3796 mortem
3267 3739 3578 3795 comitetur.

2008 3841 2087 3895 Ac
2124 3841 2390 3895 mulieres
2422 3838 2639 3908 quidem
2686 3838 2969 3896 hactenus,
3001 3846 3311 3903 quanquam
3342 3845 3370 3884 a
3402 3831 3579 3897 longe,

2012 3940 2180 3995 stant,
2222 3947 2288 3986 ac
2341 3932 2713 3985 lamentantur
2748 3948 2762 3983 :
2796 3927 3049 3997 discipuli
3102 3940 3236 3980 vero
3284 3939 3353 3978 ne
3397 3936 3580 3990 parem

2012 4025 2231 4096 quidem
2268 4023 2590 4078 mulieribus
2628 4030 2904 4076 ostentant
2954 4018 3259 4073 audaciam.
3295 4016 3406 4070 Cur
3449 4015 3583 4069 adeo

2019 4121 2183 4172 timor
2211 4126 2454 4171 vestram
2504 4116 2651 4169 illam
2687 4112 2893 4167 amoris
2937 4112 3208 4165 ﬂammam
3242 4108 3455 4179 penitus
3484 4122 3581 4161 ex-

2015 4204 2239 4259 stinxit?
2283 4218 2385 4257 nec
2431 4204 2711 4273 magister,
2763 4203 2831 4255 iis
2876 4217 2996 4268 quae
3040 4200 3178 4254 dixit
3218 4198 3580 4269 patravitque,

344 4306 489 4356 πης·
547 4290 625 4361 μὴ
683 4287 792 4341 τῶν
838 4286 1133 4356 ὑπερφυῶν
1196 4284 1511 4354 θαυμάτων,
1558 4282 1594 4337 ἃ
1652 4282 1712 4347 ἐξ
1749 4282 1896 4335 αὐτοί

2013 4301 2225 4348 vestros
2258 4293 2471 4346 animos
2503 4293 2804 4362 quidquam
2838 4290 3043 4361 erigit?
3072 4288 3166 4344 sed
3216 4290 3289 4344 ita
3324 4304 3421 4343 vos
3451 4302 3585 4341 con-

337 4384 718 4450 ἐπλουτήσατε
772 4394 790 4413 ο
824 4380 899 4450 μὴ
928 4380 1025 4450 τῆς
1052 4379 1163 4431 τῶν
1194 4378 1484 4446 δαιμονίων
1530 4376 1831 4445 ὑποταγῆς,
1880 4373 1896 4427 ἓ

2016 4390 2283 4443 sternavit
2326 4402 2496 4457 pavor
2534 4395 2591 4439 ut
2630 4387 2833 4442 nullius
2877 4387 2952 4440 rei
3003 4385 3269 4440 rationem
3306 4383 3609 4449 habeatis;

335 4477 443 4529 ὑπὸ
499 4475 669 4538 πόδας
740 4472 893 4541 ὑμῶν
941 4472 1175 4542 ἐθηκεν;
1251 4469 1387 4553 ἀλλ’,
1447 4468 1590 4522 οὕτω
1653 4469 1896 4537 ῥίψαντας

2019 4495 2125 4533 non
2174 4480 2307 4534 tanti
2354 4480 2497 4534 illius
2518 4480 2749 4543 amoris,
2776 4494 2883 4532 non
2923 4478 3233 4531 divinorum
3281 4491 3345 4530 ac
3374 4485 3587 4529 naturae

336 4569 557 4625 ἅπαντα
639 4566 804 4636 μόνης
876 4562 1013 4619 εἶναι
1067 4565 1167 4634 τῆς
1225 4561 1721 4632 σκυθρωπότητος;
1795 4560 1896 4613 οὑδί

2012 4573 2118 4626 vim
2169 4581 2336 4627 totam
2394 4571 2839 4639 exsuperantium
2892 4569 3306 4632 miraculorum,
3348 4580 3583 4636 quorum

332 4664 441 4729 τῆς
504 4659 731 4730 Μητρός
788 4660 902 4712 ἐστι
958 4657 1115 4725 λόγος
1158 4657 1283 4726 ὑμῖν
1313 4672 1326 4687 ·
1377 4649 1580 4728 ᾖείκδς
1619 4653 1712 4707 ἐπὶ
1763 4669 1896 4723 μονοι

2013 4665 2405 4733 patrandorum
2458 4672 2729 4733 potestate
2779 4664 2849 4717 ab
2895 4663 3013 4730 ipso
3054 4661 3240 4715 donati
3276 4660 3440 4725 estis;
3474 4674 3585 4712 non

331 4757 491 4823 γενεί
523 4752 685 4807 Παιδί
735 4749 878 4804 οὕτω
923 4750 1253 4820 κρεμαμένιρ
1312 4746 1725 4821 ἁπαραμυθήτῳ
1762 4745 1893 4813 άλγε

2015 4756 2382 4823 subjeCtionis
2410 4755 2743 4821 daemonum,
2787 4769 2927 4823 quos
2965 4753 3192 4821 pedibus
3226 4756 3425 4805 vestris
3452 4751 3585 4805 sub-

331 4844 738 4915 διεσπαράχθαι
771 4842 841 4895 τὰ
902 4842 1184 4911 σπλάγχνα
1216 4857 1229 4906 ;
1356 4842 1450 4893 καὶ
1497 4838 1652 4899 ἄλλος
1687 4842 1779 4905 τιςί
1809 4836 1896 4889 τῶι

2012 4847 2193 4916 jecit:
2233 4847 2328 4901 sed
2379 4847 2635 4901 omnibus
2689 4846 2744 4899 in
2788 4846 2931 4898 hunc
2964 4843 3185 4897 modum
3235 4841 3466 4911 abiectis
3523 4855 3588 4895 ac

330 4940 440 4993 οὐκ
498 4936 715 4990 εἰδότων
770 4934 1074 5003 συνήλγησε
1092 4934 1191 5000 τὴν
1248 4932 1445 5001 ψυχὴν,
1479 4932 1574 4984 καὶ
1615 4928 1896 4999 ἀγαπητῶι

2018 4939 2368 5007 posthabitis,
2422 4937 2614 4993 tetrica
2670 4936 2925 4991 mmstitia
2986 4934 3229 5003 absorpti
3264 4933 3441 4988 estis?
3476 4931 3588 4986 Nec

328 5030 410 5084 ἂν
432 5031 504 5099 τῇ
529 5031 594 5081 ὲκ
615 5028 784 5096 λόγων
810 5024 1021 5097 ἰατρείᾳ
1040 5026 1139 5095 τὴν
1168 5024 1356 5093 ὀδύνην
1374 5024 1637 5094 ἐπειράθη
1654 5022 1896 5094 διαπραῧι

2021 5028 2209 5085 Matris
2252 5045 2349 5085 vos
2403 5045 2534 5085 cura
2588 5029 2781 5097 tangit,
2840 5042 3002 5097 quam
3048 5027 3313 5082 credibile
3364 5035 3467 5087 est,
3518 5024 3588 5078 ob

332 5140 452 5176 ναι.
492 5120 735 5184 Ἡλίκαις
772 5119 879 5189 γὰρ
910 5118 1032 5171 τότε
1087 5119 1121 5188 ή
1176 5118 1406 5187 ἄμωμος
1460 5117 1748 5188 ἐμερίζετο
1809 5117 1888 5170 πά

2023 5120 2364 5189 unigenitum
2394 5118 2592 5173 Filium
2627 5121 2701 5173 ita
2738 5120 2793 5174 in
2822 5120 2972 5189 ligno
3015 5134 3366 5190 suspensum,
3410 5119 3590 5171 incon-

337 5213 540 5279 Θεσιν;
577 5211 722 5274 Οἴοις
775 5210 1097 5279 ὲκυμαίνετο
1150 5208 1452 5279 λογισμοῖς,
1509 5209 1604 5262 νῦν
1658 5207 1758 5278 μὲν
1815 5207 1896 5261 τδι

2023 5211 2237 5267 solabili
2283 5212 2470 5266 dolore
2520 5212 2730 5267 intimis
2785 5213 3087 5268 visceribus
3142 5210 3487 5267 excruciari?
3534 5210 3587 5264 in

338 5306 599 5375 ὑπερφυῆ
646 5302 803 5356 τόκον
848 5299 1226 5369 ἐνθυμουμένη
1256 5338 1272 5363 ,
1335 5299 1431 5352 νῦν
1478 5298 1537 5351 δὲ
1594 5299 1701 5353 τῶν
1746 5298 1896 5353 ἄλλω

2025 5318 2189 5374 quam
2236 5303 2319 5359 vel
2376 5303 2596 5374 ignotus
2643 5303 2918 5375 quispiam
2979 5304 3359 5361 misericordia
3410 5311 3592 5358 motus

416 5463 461 5492 ⁶²
496 5458 637 5514 Gen.
686 5474 748 5518 It,
800 5456 856 5512 2.
934 5454 980 5487 ⁸³
1025 5454 1185 5510 Joan.
1214 5457 1415 5525 31,16.

1860 5548 2093 5607 ΝΟΤιΕ.

418 5649 539 5733 (2'?)
574 5649 837 5733 Scapulis,
888 5648 1162 5733 (tempe-tris
1194 5644 1919 5733 εξηεάίιαίτιῶνσπιλάδών
2026 5646 2454 5733 ρειιῖε,κηιι.ἰ1)ιιε
2505 5648 2610 5729 sub
2661 5648 2817 5733 aquis
2853 5649 3151 5733 latentibus
3200 5652 3592 5708 soletnaufra-

338 5716 446 5790 τῆς
476 5716 748 5786 ἁμαρτίας
781 5716 1407 5798 ὑπεξελθοῦσριηϐῑίιιό,
1461 5724 1697 5798 aptaque
1748 5725 1896 5770 meta

2023 5716 2171 5790 gium
2199 5716 2359 5783 cllici,
2390 5720 2591 5788 peccati
2627 5716 2866 5775 maculas
2904 5723 3103 5777 reddit.

338 5785 531 5847 abora
564 5808 579 5843 :
607 5785 724 5845 non
770 5805 938 5851 quam
977 5787 1235 5853 exprimit
1285 5787 1598 5852 Grctscrus,
1656 5785 1784 5840 dum
1818 5802 1915 5856 pro
