4072 6454
480 333 551 393 Si
1702 339 1976 399 LEONIS
2016 340 2443 401 PHILOSOPH
2451 341 2477 401 Ι
3644 341 3675 397 8
3690 342 3713 398 ἰ

481 450 630 496 esset
651 480 666 507 ,
702 440 978 511 plenoque
1005 441 1364 499 humanitatis
1395 444 1617 511 aﬂ‘ectu,
1644 447 1913 502 orationis
1942 462 2058 501 mc-
2085 500 2089 509 ,

2095 448 2137 508 Α
2162 446 2338 518 ἔργων
2365 448 2434 501 τὰ
2477 446 2751 516 παράδοξα
2779 462 2792 476 ⁸
2826 446 2921 500 καὶ
2944 445 3036 499 νῦν
3081 446 3181 516 μὲν
3212 446 3300 499 τὸν
3326 446 3512 516 θρόνον
3538 448 3703 499 Δαεὶό

483 536 665 589 dicina
701 533 943 588 dolorem
986 533 1156 589 lenire
1189 544 1476 591 tentasset.
1523 537 1753 603 Quantis
1786 539 1930 593 enim
1966 539 2048 591 in-

2150 542 2210 593 ὃν
2261 540 2498 611 Γαϐριὴλ
2554 540 3021 609 ἀρῤαϐωνίζεται·
3056 541 3149 591 νῦν
3204 540 3258 591 δὲ
3305 539 3576 609 βλέπουσα
3628 541 3720 591 τὸν

485 636 631 681 tacta
658 624 821 697 Virgo
848 634 979 679 tunc
1008 627 1347 682 cruciatibus
1370 629 1801 685 conﬁciebatur?
1822 629 2051 696 Quantis

2152 632 2402 700 σταυρὸν,
2457 632 2550 683 καὶ
2595 632 2800 699 γυμνὸν
2859 631 2949 681 τὸν
3001 630 3124 681 Υἰόν
3183 630 3525 698 κρεμάμενον
3554 643 3571 658 ·
3625 630 3720 681 καὶ

482 717 872 787 cogitationum
898 718 1157 785 procellis
1183 720 1511 789 agitabatur,
1531 737 1653 776 cum
1674 722 1785 791 jam
1807 722 2048 777 divinum

2148 725 2269 777 τότε
2308 723 2443 792 μετὰ
2473 723 2683 794 λῃστῶν
2710 740 2726 789 ;
2761 724 2859 775 Διά
2901 722 3056 775 τοῦτο
3090 722 3208 774 οὐδὲ
3236 721 3516 774 τελευταῖα
3549 737 3722 791 προσ·

484 808 635 863 iiium
690 817 904 877 partum
942 810 1124 864 animo
1172 821 1440 877 versaret,
1486 814 1596 882 jam
1630 815 1735 868 alia
1776 817 1922 869 omni
1956 816 2051 868 atl-

2153 816 2447 883 φθέγγεται
2482 816 2717 884 ῥήματα·
2753 814 2858 865 οὐδ’
2886 809 2972 865 οἷα
3015 814 3197 882 μήτηρ
3246 814 3338 864 ἐπὶ
3366 813 3515 865 παιδὶ
3558 813 3722 865 θανα-

483 900 775 954 miratione
812 900 1012 955 referta
1073 917 1239 970 opera
1294 906 1655 973 perpenderet
1718 924 1731 959 :
1777 922 1841 961 ac
1892 910 2052 960 modo

2152 906 2396 973 τουμένῳ
2423 904 2519 974 βοᾷ
2544 921 2558 935 ν
2585 904 2698 957 ἀλλ’
2732 904 2959 973 ἔστηκεν
2984 904 3089 957 ἀπὸ
3128 904 3440 973 ἐκπλήξεως
3470 900 3580 956 οἷον
3617 921 3724 955 πα-

485 992 703 1063 quidem
738 992 959 1049 Davidis
990 994 1271 1059 thronum,
1308 1012 1469 1059 quem
1497 997 1737 1061 Gabriel,
1774 1001 1931 1068 quasi
1967 1016 2054 1053 ar-

2153 1000 2310 1065 γεῖσα
2353 999 2418 1067 τῇ
2480 1000 2571 1066 γῇ,
2632 996 2790 1064 μόνον
2843 996 3152 1064 πλυνομένη
3202 998 3309 1058 τοῖς
3362 996 3612 1063 δάκρυσι.
3649 997 3722 1051 Τὸ

485 1086 640 1139 rham
673 1087 1077 1156 spopondisset,
1105 1087 1512 1154 consideraret,
1547 1089 1709 1144 modo
1743 1107 1960 1145 crucem
1991 1107 2054 1146 ac

2157 1087 2381 1157 σφοδρὸν
2434 1088 2526 1140 τοῦ
2562 1088 2765 1150 πάθους
2809 1087 2936 1156 ὃλην
2984 1088 3087 1140 ὑπὸ
3114 1087 3419 1157 ἀμηχανίας
3477 1105 3721 1140 καταπος

485 1176 540 1230 in
569 1192 630 1229 ea
672 1178 996 1245 pendentem
1035 1177 1230 1232 Filium
1276 1180 1522 1234 vestibus
1571 1180 1856 1247 nudatum,
1889 1183 2053 1251 idque

2156 1179 2337 1232 θεῖσαν
2366 1180 2533 1250 αὐτὴν
2556 1181 2805 1247 ἀφείλετο
2837 1179 2933 1248 τὴν
2966 1180 3164 1249 φωνήν.
3194 1176 3318 1250 Ἆρ’
3351 1177 3443 1232 οῦν
3474 1180 3530 1230 ὲν
3551 1180 3727 1249 τούτῳ

488 1267 729 1321 medium
780 1270 1054 1324 latronum
1093 1272 1403 1337 aspiceret?
1432 1272 1701 1338 Quocirca
1738 1290 1913 1344 neque
1953 1290 2054 1328 no-

2154 1270 2318 1325 οὖσαν
2333 1273 2429 1342 τὴν
2447 1272 2709 1341 παρθένον
2735 1271 2949 1342 μητέρα
2975 1272 3145 1340 ὲῴητε
3182 1271 3474 1333 παντελῶς,
3502 1270 3533 1340 ἢ
3557 1288 3726 1339 προσ-

484 1358 706 1413 vissitna
742 1360 939 1415 effatur
972 1362 1135 1415 verba
1160 1402 1173 1425 ,
1210 1379 1311 1417 nec
1343 1365 1492 1428 talia,
1534 1366 1715 1433 qualia
1749 1382 1912 1434 super
1947 1368 2054 1419 ﬁlio

2157 1365 2328 1417 ελθεῖν
2380 1364 2517 1434 αὐτῇ
2574 1363 2709 1432 μετά
2753 1362 2925 1415 ταῦτα
2980 1362 3338 1431 βουλήσεσθε;
3381 1362 3490 1415 Καὶ
3523 1362 3639 1425 πῶς
3660 1363 3728 1415 ἂν

484 1448 738 1502 morienti
784 1459 954 1503 mater
1000 1453 1326 1515 consuevit,
1360 1454 1450 1507 sed
1496 1457 1647 1507 stetit
1691 1472 1798 1523 prae
1834 1468 2056 1524 stupore

2155 1456 2363 1527 ὁρῴητε
2421 1456 2669 1517 λιπόντες
2710 1453 2850 1507 οὓτω
2900 1455 3058 1525 μόνον
3112 1455 3245 1522 πρὸς
3285 1454 3516 1506 θάνατον
3574 1455 3730 1507 ἑλκό-

484 1538 638 1590 velut
693 1540 812 1592 solo
857 1539 1038 1603 aiIixa,
1096 1542 1352 1609 lacrymis
1392 1544 1625 1595 ubertim
1681 1547 2051 1603 manantibus.

2161 1566 2317 1619 μενον
2352 1548 2441 1600 τὸν
2465 1548 2624 1613 Υίόν;
2659 1547 2716 1610 ὃς
2742 1547 2929 1618 ὥσπερ
2947 1547 3091 1615 πόθῳ
3125 1546 3202 1615 τῷ
3229 1546 3362 1616 πρὸς
3396 1545 3718 1616 ἀνθρώπους

486 1625 707 1682 Doloris
758 1630 1098 1686 vehementia
1158 1633 1305 1685 velut
1372 1634 1589 1686 consilii
1643 1634 1823 1703 inopia
1872 1637 2056 1690 absor‘

2154 1646 2263 1699 τῶν
2299 1643 2585 1714 πατρῴων,
2633 1645 2731 1696 οὐκ
2784 1644 2979 1706 ἐκστὰς
3028 1643 3231 1714 κατέϐη
3285 1642 3522 1707 κόλπων,
3585 1643 3729 1695 οὕτω

486 1729 633 1786 ptam
685 1722 907 1777 omnino
946 1738 1131 1778 vocem
1195 1724 1492 1778 ademerat.
1535 1724 1750 1795 Ergone
1809 1738 1959 1782 tanto
1998 1730 2052 1783 in
2092 1799 2094 1803 ι

2119 1736 2253 1803 »καὶ
2313 1735 2580 1803 μητρικῆς
2640 1734 2873 1802 στοργῆς
2940 1734 3083 1802 ὑμᾶς
3135 1733 3455 1803 προύτίθει,
3510 1733 3727 1800 λέγων’

488 1812 637 1864 luctu
694 1821 1006 1868 versantem
1057 1825 1285 1870 matrem
1320 1816 1583 1887 virginem
1638 1821 1853 1886 penitus
1903 1799 2096 1875 dese-l

2119 1798 2337 1877 ιΟὗτοί
2371 1798 2597 1888 εἰσινῆ
2865 1798 2990 1889 μου
3016 1821 3114 1874 καὶ
3175 1798 3228 1875 οἱ
3294 1822 3545 1890 ἀδελφοί
3584 1798 3727 1890 μου.

487 1903 663 1957 retis?
694 1902 1003 1961 Posthacne
1026 1923 1158 1962 vero
1196 1909 1260 1963 ad
1284 1924 1401 1963 eam
1430 1911 1691 1965 accedere
1727 1914 1780 1965 in
1817 1914 2056 1967 animum

2160 1914 2226 1966 Τί
2253 1913 2501 1966 τοσοῦτον
2529 1912 2818 1982 ὴλλοίωσθε
2851 1930 2864 1978 ;
2899 1914 3031 1982 Οὐχὶ⁹
3083 1912 3254 1964 συνὼν
3278 1912 3449 1965 ταῦτα
3502 1912 3716 1980 ὡμίλει,

485 1994 1030 2063 inducetis?Quibus
1081 2007 1262 2054 autem
1327 2000 1505 2056 oculis
1564 2004 1836 2070 aspectari
1900 2005 2053 2057 estis.

2159 2006 2234 2067 ὼς
2267 2005 2347 2057 δεῖ
2377 2004 2751 2073 παραδοθῆναι
2800 2004 3041 2073 ἀνόμοις,
3095 2004 3191 2056 καὶ
3236 2004 3328 2055 ἐπὶ
3381 2003 3536 2067 ξύλου
3582 2004 3728 2070 ὑψω-

486 2087 579 2154 σειιί
650 2090 731 2144 sic
801 2091 976 2143 solum
1020 2128 1036 2154 ,
1086 2106 1211 2146 cum
1299 2091 1368 2146 ad
1431 2103 1659 2147 tnortem
1735 2095 2050 2158 duceretur,

2161 2096 2338 2166 θῆναι,
2367 2096 2459 2147 καὶ
2497 2097 2554 2147 ἐν
2585 2094 2774 2164 καρδίᾳ
2820 2094 3073 2161 γενέσθαι
3130 2095 3230 2163 τῆς
3285 2094 3429 2162 γῆς;
3491 2094 3554 2145 Τί
3587 2093 3722 2156 οὖνς

480 2176 679 2234 Filium
754 2182 1159 2252 reliqueritis?
1209 2184 1428 2253 ipsum,
1514 2185 1775 2255 inquam,
1827 2188 1920 2255 qui
2000 2196 2057 2239 ut

2157 2189 2334 2259 Μέχρι
2367 2187 2568 2240 τούτων
2605 2187 2832 2257 ἕστηκεν
2868 2188 2900 2256 ή
2945 2185 3337 2257 προαγόρευσις
3364 2202 3378 2215 °
3412 2184 3444 2253 ῆ
3476 2184 3584 2252 ἔχει
3626 2183 3724 2235 καλ¹

484 2288 669 2329 amore
719 2276 774 2331 in
804 2276 1103 2332 humanum
1140 2294 1339 2347 genus,
1387 2279 1521 2333 nihil
1557 2290 1841 2349 paternum
1878 2284 2055 2336 sinum

2160 2278 2350 2348 ἑτέραν
2387 2277 2755 2344 ἀγαλλιάσεως
2808 2278 3163 2346 προσθήκην;
3224 2276 3337 2329 Οὐκ
3374 2270 3528 2327 εἶπεν
3556 2292 3568 2303 ο
3622 2274 3735 2327 Καὶ

484 2366 843 2432 deserens,in
878 2378 1078 2423 terram
1112 2370 1415 2438 descendit,
1463 2374 1537 2428 ita
1596 2383 1648 2427 et
1682 2389 1775 2427 vos
1813 2386 2057 2428 materno

2158 2372 2470 2440 tpnipepor;
2498 2370 2943 2437 ἀναστήσει-(ιω
2976 2368 3094 2431 πῶς
3126 2369 3224 2438 τὴν
3265 2371 3328 2421 ἐκ
3372 2367 3466 2419 τοῦ
3522 2366 3733 2428 πάθους

485 2458 660 2510 a-nori
698 2462 1030 2528 pra-posuit,
1079 2461 1312 2519 dicens:
1354 2465 1422 2518 lli
1470 2476 1588 2519 sunt
1631 2465 1805 2519 Mater
1844 2484 1976 2529 mea,
2009 2476 2058 2520 et

2157 2461 2379 2525 δειλίαν,
2443 2463 2507 2530 τῇ
2543 2460 2714 2512 ἐλπίδι
2745 2463 2843 2529 τῆς
2886 2460 3236 2531 ἀναστάσεως
3269 2459 3328 2510 ού
3387 2455 3684 2510 καταλύετε
3714 2472 3726 2519 ;

484 2548 679 2616 fratres
719 2552 819 2603 mei
857 2552 922 2606 “.
961 2551 1029 2606 Ut
1064 2554 1195 2622 quid
1247 2555 1383 2609 adeo
1431 2559 1661 2611 consiliu
1690 2576 1718 2607 u
1768 2559 2058 2613 mutastis?

2162 2552 2361 2614 Ἔστω,
2396 2549 2813 2617 σφαγιαζομένῳ
2868 2549 2966 2602 οὐκ
3016 2546 3417 2617 ἡκολουθήσατε
3454 2563 3471 2578 ο
3527 2546 3583 2597 τί
3638 2546 3732 2595 καὶ

483 2641 564 2691 Au
607 2655 740 2705 non,
793 2657 917 2695 cum
960 2645 1240 2700 vobiscum
1293 2646 1535 2717 degeret,
1586 2649 1698 2702 haec
1751 2648 1863 2716 ipsa
1908 2650 2057 2703 vobis

2158 2642 2294 2711 πρὸς
2323 2641 2487 2709 τάφον
2520 2640 2708 2692 νικῶσι
2752 2639 2912 2692 πάλιν
2956 2640 3215 2692 ἀπιοῦσαι
3267 2640 3563 2703 γυναῖκεςς
3599 2631 3738 2688 Εἶτα

484 2731 853 2799 praedicebat?
877 2746 1133 2804 oportere
1151 2738 1405 2795 videlicet
1427 2738 1623 2793 Filium
1651 2741 1885 2794 hominis
1915 2742 2055 2794 tradi

2158 2734 2252 2784 καὶ
2281 2726 2437 2784 αὗται
2468 2731 2562 2799 μὲν
2593 2730 2935 2800 ὀρθρίζουσιν
2958 2746 2971 2760 ·
3007 2731 3135 2799 ὑμῖν
3166 2729 3209 2781 δ’
3242 2728 3303 2781 οὐ
3353 2728 3511 2797 μόνον
3536 2731 3595 2779 ού
3623 2726 3748 2779 δια-

486 2822 693 2891 impiis,
738 2834 790 2878 et
824 2826 1025 2882 elevari
1080 2829 1135 2883 in
1192 2831 1358 2899 ligno,
1394 2842 1558 2899 atque
1602 2832 1657 2885 in
1699 2843 1855 2887 terra:
1890 2834 2057 2889 corde

2158 2823 2455 2894 πράττεταί
2478 2839 2529 2872 τι
2593 2822 2867 2883 τοσοῦτον,
2928 2820 3062 2873 ἀλλὰ
3094 2821 3187 2873 καὶ
3234 2818 3525 2880 ἀκούοντες
3557 2821 3739 2887 χαρᾶς

484 2916 733 2971 versari?
755 2916 897 2984 Quid
920 2922 1085 2991 ergo?
1109 2921 1189 2975 An
1216 2923 1301 2977 hic
1330 2923 1488 2977 linem
1522 2925 1713 2979 habuit
1743 2926 2056 2994 praedictio?

2158 2914 2469 2983 εὐαγγέλια,
2514 2914 2678 2985 λῆρον
2728 2912 2966 2965 ποιεῖσθε
2994 2911 3061 2964 τὰ
3085 2912 3395 2979 εὐαγγέλια.
3451 2911 3558 2963 Καὶ
3602 2912 3740 2962 Ἰου-

484 3005 678 3063 Nonne
698 3011 860 3064 etiam
891 3012 1036 3067 aliud
1061 3016 1452 3071 exsultationis
1481 3018 1701 3071 cumulo
1734 3017 2051 3086 adjunctum
2085 3011 2092 3050 ⁴

2158 3010 2296 3062 δαίοι
2352 3009 2450 3078 μὲν
2489 3006 2707 3073 λέγουσι
2771 3007 2898 3075 περί
2944 3004 3120 3074 ὑμῶν,
3161 3004 3237 3067 ὼς
3288 3004 3583 3072 κλέψαντες
3648 3002 3744 3053 τὸν

487 3095 628 3151 fuit?
675 3100 758 3153 An
823 3116 931 3156 non
981 3105 1119 3158 dixit
1168 3124 1180 3160 :
1238 3105 1304 3159 Et
1348 3108 1504 3160 tertia
1548 3107 1634 3160 die
1682 3119 1915 3178 resurget
1973 3109 2059 3162 "?

2158 3099 2347 3168 νεκρὸν
2380 3096 2631 3167 φημιεῖτε
2681 3095 2778 3168 τὴν
2813 3096 3110 3149 ἀνάστασιν
3144 3111 3157 3125 ·
3198 3096 3355 3164 ὑμεῖς
3389 3094 3444 3146 δὲ
3474 3091 3747 3145 τελεσθεῖ-

488 3189 774 3253 Quomodo
823 3192 1164 3250 formidinem
1198 3212 1264 3251 ex
1299 3196 1418 3265 ejus
1451 3199 1707 3267 passione
1737 3209 2057 3269 conceptam

2159 3212 2255 3248 σαν
2285 3194 2384 3263 ἤδη
2419 3192 2726 3254 ἀκούοντες,
2758 3189 3169 3253 διαπιστοῦντες
3209 3188 3450 3257 κάθησθε
3487 3185 3743 3255 σκυθρωε-

489 3297 588 3348 spe
622 3286 1048 3341 resurrectionis
1093 3303 1202 3342 non
1251 3290 1595 3361 proﬂigatis?
1629 3290 1780 3354 Esto,
1831 3307 1937 3345 non
1971 3309 2059 3345 se-

2157 3286 2267 3340 ποί.
2321 3286 2582 3348 Ἀκούεις,
2624 3284 2870 3345 Ίουδαῖε,
2913 3285 3059 3342 ὅπως
3098 3285 3147 3334 οἱ
3178 3281 3413 3351 μαθηταὶ
3446 3278 3746 3347 κλέψαντες

488 3375 600 3428 cuti
652 3376 798 3442 sitis,
849 3394 973 3433 cum
1025 3380 1092 3434 ad
1148 3392 1375 3437 mortem
1434 3394 1751 3453 raperetur;
1801 3400 1901 3439 cur
1947 3386 2055 3452 jam

2155 3380 2245 3431 τὸν
2313 3377 2507 3448 νεκρὸν
2560 3376 2909 3444 διεφήμησαν
2950 3374 3049 3444 τὴν
3095 3374 3413 3435 ἀνάστασιν,
3437 3370 3493 3423 οἵ
3525 3386 3589 3437 γε
3641 3370 3744 3421 καὶ

488 3481 709 3536 quoque
765 3470 1087 3527 mulieribus
1144 3474 1209 3527 ad
1262 3474 1573 3543 sepulcrum
1635 3477 1893 3532 euntibus
1935 3479 2049 3546 pal-

1635 3477 1893 3532 euntibtts
1935 3479 2049 3546 pal-
2156 3470 2451 3540 γενομένης
2498 3465 2903 3528 διαπιστοῦντες
2933 3465 3243 3534 ὲκάθηντο;

489 3573 635 3611 Illam
682 3562 1023 3617 conceditis?
1070 3563 1205 3618 Nam
1262 3567 1394 3634 ipsae
1449 3567 1625 3635 primo
1670 3567 1912 3622 diluculo
1968 3568 2262 3619 accurrunt
2310 3576 2326 3613 :
2366 3573 2462 3613 vos
2507 3566 2685 3610 autem
2730 3571 2837 3610 non
2884 3555 3047 3608 modo
3085 3554 3220 3607 nihil
3258 3551 3435 3606 simile
3487 3551 3736 3615 tentatis,

488 3649 585 3706 sed
635 3657 685 3704 et
736 3662 1019 3722 acceptum
1068 3656 1135 3710 de
1183 3661 1583 3715 resurrectione
1625 3660 1907 3721 nuntium,
1958 3673 2056 3727 pro
2097 3652 2469 3709 deliramentis
2506 3651 2788 3719 reputatis.
2852 3649 2929 3702 Ac
2961 3647 3128 3702 Judaei
3183 3646 3401 3715 quidem
3462 3646 3530 3699 de
3586 3645 3747 3699 vobis

489 3740 718 3807 dicunt,
773 3743 1049 3801 iuraturos
1103 3762 1199 3803 vos
1247 3760 1563 3811 mortuum,
1624 3759 1678 3803 et
1736 3751 1892 3821 quasi
1957 3744 2435 3807 rcsurrexisisset,
2510 3742 2935 3810 divulgaturos:
2989 3755 3087 3795 vos
3144 3749 3322 3793 autem
3379 3737 3576 3791 factam
3628 3736 3749 3805 jam

488 3835 955 3892 resurrectionem
1010 3839 1315 3902 audientes,
1385 3856 1489 3895 non
1542 3840 1786 3906 creditis,
1843 3841 2089 3909 tristique
2141 3837 2290 3891 vultu
2337 3833 2618 3888 desidetis.
2668 3832 2829 3897 Audi,
2890 3830 3118 3895 Judaee,
3165 3830 3439 3899 quomodo
3487 3830 3751 3898 discipuli

486 3932 764 3980 mortuum
824 3927 1027 3992 furati,
1080 3931 1448 3987 resurrexisse
1508 3932 1563 3985 in
1614 3935 1810 4001 vulgus
1863 3936 2203 4001 sparserunt,
2235 3925 2327 3995 qui
2359 3925 2520 3979 etiam
2551 3923 2691 3977 facta
2729 3923 3149 3985 resurrectione,
3177 3921 3437 3976 inereduli
3456 3919 3746 3975 sedebant.

557 4019 774 4075 Atenim
802 4021 1001 4091 Joseplt
1060 4023 1345 4078 Dominum
1382 4025 1615 4095 sepelit;
1659 4025 1839 4079 Solem
1885 4026 2067 4094 sepul-

2244 4020 2404 4073 Ἀλλά
2460 4019 2567 4089 γὰρ
2616 4016 2927 4085 ὲνταφιάζει
2971 4017 3060 4069 τὸν
3102 4017 3379 4086 Δεσπότην
3420 4017 3447 4067 ὁ
3490 4015 3688 4083 Ἰωσήφ
3726 4025 3744 4040 ⁸

487 4126 586 4166 cro
615 4113 825 4167 condit.
851 4113 894 4169 Ο
930 4117 1243 4183 sepulcrum
1264 4117 1410 4186 quod
1438 4117 1639 4170 C(elum
1666 4118 1867 4172 referat
1892 4119 1905 4170 !
1930 4117 2061 4170 Nam

2163 4112 2393 4181 κρύπτει
2422 4112 2579 4180 τάφῳ
2609 4110 2698 4163 τὸν
2725 4111 2897 4180 ἥλιον.
2932 4110 2995 4160 Ὤ
3046 4110 3217 4177 τάφος
3262 4107 3595 4179 μιμούμενος
3644 4107 3746 4159 οὖ-

488 4201 582 4266 qui
619 4202 673 4256 in
718 4202 896 4266 coelo,
940 4214 1197 4272 tanquam
1238 4206 1293 4261 in
1334 4207 1531 4260 throno
1572 4206 1768 4271 sedet,
1820 4207 1867 4261 is
1900 4209 1952 4260 in
1988 4215 2060 4271 te,

2168 4206 2361 4276 pavdvl
2417 4205 2474 4256 '0
2499 4202 2607 4272 γὰρ
2632 4205 2690 4256 ὲν
2719 4202 2865 4271 αύτῷ
2895 4200 2970 4264 ὡς
3024 4203 3081 4254 ὲν
3117 4200 3290 4271 θρόνῳ
3330 4200 3659 4268 καθήμενος,
3685 4201 3754 4252 ἐν

490 4300 752 4360 tanquam
789 4294 846 4349 in
889 4294 1127 4348 thalamo
1162 4296 1447 4366 requievit.
1491 4298 1534 4353 Ο
1581 4300 1913 4367 sepulcrum,
1955 4313 2064 4367 quo

2165 4298 2247 4349 col.
2288 4296 2363 4358 ὡς
2390 4296 2448 4347 ὲν
2482 4294 2711 4347 παστάδι
2757 4293 3120 4345 ἀνεπαύσατο.
3154 4293 3216 4343 Ὢ
3263 4291 3430 4357 τάφος
3450 4291 3517 4342 δι’
3548 4283 3611 4342 οὗ
3642 4289 3754 4359 τὴν

490 4384 743 4453 sepulcra
772 4386 954 4440 omnia
998 4402 1027 4439 a
1058 4388 1318 4444 sordibus
1349 4390 1463 4445 suis
1510 4402 1882 4460 expurgantur
1911 4392 1923 4444 l
1967 4406 2062 4460 per
2094 4425 2098 4478 1

2166 4388 2375 4458 φθορὰν
2412 4384 2874 4455 ἀποκαθαίρονται
2932 4385 3127 4453 τάφοι·
3168 4382 3262 4437 καὶ
3325 4381 3505 4451 πολλῷ
3536 4382 3758 4451 νεαρῶ-

489 4476 658 4542 quod,
689 4478 781 4546 qui
818 4477 871 4531 in
900 4477 979 4532 eis
1010 4484 1763 4551 computruerant,vegetius,
1795 4497 1858 4535 ac
1889 4482 2061 4552 magis
2094 4475 2097 4478 ¹

2164 4496 2321 4548 τερον
2345 4479 2378 4547 ἢ
2412 4478 2626 4547 μήτρας
2668 4476 2717 4529 οἱ
2746 4477 2803 4527 ὲν
2853 4478 3036 4539 αὐτοῖς
3082 4475 3422 4537 διαλυθέντες
3445 4475 3757 4544 προέρχον-

489 4570 707 4639 vigente
724 4584 944 4633 natura,
965 4586 1127 4640 quam
1163 4586 1230 4625 ex
1262 4585 1508 4626 materno
1534 4582 1714 4635 utero,
1749 4574 2017 4642 prodeunt
2043 4574 2055 4625 ι

2160 4589 2251 4624 ται
2281 4572 2294 4625 l
2325 4571 2389 4622 Ὣ
2418 4570 2609 4636 τάφος,
2633 4568 2699 4621 δι’
2727 4562 2789 4621 οὗ
2821 4569 2947 4631 τοὺς
2978 4568 3330 4637 δερματίνους
3369 4566 3600 4636 χιτῶνας
3640 4568 3759 4617 ἁπ-

489 4658 534 4715 O
566 4660 899 4731 sepulcrum,
934 4677 1041 4730 quo
1070 4662 1325 4730 pelliceas
1361 4664 1577 4718 tunicas
1606 4664 1755 4726 exiti,
1787 4675 2058 4718 veterem-

2162 4664 2456 4733 εδυσάμην,
2483 4663 2576 4715 καὶ
2605 4661 2703 4732 τὴν
2730 4661 2960 4731 ἀρχαίαν
2977 4660 3343 4730 ἐστολισάμην
3372 4660 3711 4729 εὐπρέπειαν
3735 4661 3752 4714 ι

492 4765 599 4818 que
629 4750 879 4806 decorem
910 4752 1062 4806 indui
1095 4753 1106 4805 i
1137 4751 1547 4821 Osepulcrum,
1582 4755 1709 4808 vitae
1740 4754 2059 4808 thesaurum

2166 4758 2229 4809 Ὢ
2254 4757 2422 4823 τάφος
2450 4755 2542 4808 τὸν
2601 4755 2701 4823 τῆς
2754 4755 2901 4824 ζωῆς
2934 4754 3176 4806 πλουτῶν
3218 4752 3513 4823 θησαυρὸν,
3563 4753 3611 4804 εἰ
3647 4755 3759 4806 καὶ

492 4842 975 4910 opulentissimum
1026 4843 1078 4897 in
1133 4851 1185 4897 te
1238 4844 1629 4913 complectens,
1679 4845 1807 4898 licet
1856 4842 2060 4912 Joseph

2180 4845 2373 4914 Ἰωσὴφ
2396 4845 2471 4907 ὡς
2513 4844 2723 4897 ἄπνουν
2749 4846 2806 4895 ὲν
2842 4844 2924 4896 σοὶ
2953 4842 3331 4914 κατακρύπτει
3362 4842 3525 4895 αὐτόν
3551 4843 3563 4895 !
3604 4839 3760 4895 Ἀλλ’

497 4942 758 5001 tanquam
790 4934 969 4988 vitalis
996 4935 1222 5003 spiritus
1255 4944 1557 5003 expertem,
1600 4937 1653 4989 in
1679 4946 1728 4991 te
1762 4938 1937 5002 ipsum
1968 4936 2065 4989 ab-

2168 4937 2197 4989 ὁ
2232 4937 2329 5006 μὲν
2360 4936 2509 5005 φόϐῳ
2542 4936 2636 4988 καὶ
2660 4934 2807 5005 πόθῳ
2833 4939 2897 5005 τῇ
2934 4934 3129 5006 ὲνούσῃ
3157 4937 3290 5005 τιμῇ
3319 4934 3655 5004 περιστέλλει
3683 4936 3762 4987 τὸ

494 5024 728 5077 scondat
762 5023 774 5077 ι
828 5025 1096 5079 Caeterum
1145 5027 1236 5080 ille
1277 5026 1494 5095 quidem
1534 5028 1730 5081 timore
1776 5028 1982 5095 pariter
2010 5035 2065 5082 et

2174 5030 2332 5100 σῶμα
2370 5029 2429 5082 τὸ
2474 5028 2802 5113 Δεσπολτικόν
2827 5044 2840 5059 ·
2889 5029 2985 5082 καὶ
3023 5027 3265 5080 Ἰουδαῖοι
3300 5026 3693 5094 σφραγίζουσιν
3734 5043 3754 5059 ο

494 5130 702 5179 amore,
735 5129 797 5170 ea
837 5130 943 5185 qua
976 5116 1129 5169 licuit
1166 5120 1517 5173 veneratione
1564 5118 1904 5174 Dominicum
1938 5135 2062 5175 cor-

2173 5122 2232 5174 ού
2258 5122 2516 5193 κρατοῦσι
2546 5122 2604 5174 δὲ
2670 5120 2984 5190 σφραγῖδες,
3035 5120 3095 5172 ὃν
3132 5119 3366 5173 θανάτου
3404 5118 3570 5170 πύλαι
3606 5134 3758 5186 κρας

494 5222 599 5275 pus
636 5206 847 5260 tumulo
873 5207 1192 5275 componit;
1228 5206 1514 5278 Judaaique
1546 5211 1838 5277 obsignant
1874 5229 1886 5263 :
1923 5213 2065 5266 haud

2164 5214 2324 5282 τῆσαι
2354 5214 2417 5267 ού
2456 5213 2733 5267 δύνανται.
2788 5212 2992 5267 Γύναια
3038 5212 3094 5265 δὲ
3139 5212 3276 5281 μετά
3323 5212 3511 5281 μύρων
3551 5210 3624 5273 ὡς
3651 5212 3756 5263 ἐπὶ

501 5310 683 5353 tamen
731 5298 1015 5368 signacula
1051 5302 1305 5366 retinent,
1330 5316 1492 5370 quem
1530 5303 1723 5357 mortis
1770 5315 1939 5372 porta:
1987 5314 2066 5358 te-

2174 5305 2343 5377 >εκρῷ
2385 5306 2464 5377 τῷ
2520 5308 2617 5376 τῆς
2657 5306 2801 5375 ζωῆς
2855 5306 3029 5377 ταμίᾳ
3102 5305 3432 5376 πορεύεταιο
3489 5305 3755 5371 γυναῖκες

503 5404 633 5443 nere
663 5404 770 5443 non
816 5392 1020 5446 valent.
1056 5393 1226 5448 Porro
1271 5393 1529 5447 mulieres
1564 5396 1712 5447 velut
1745 5396 1890 5449 circa
1923 5412 2070 5450 mor-

2170 5396 2363 5464 σεμναί
2392 5413 2406 5427 ’
2458 5396 2715 5467 ἐπαινετὴ
2753 5399 2786 5465 ἡ
2822 5398 3142 5468 προαίρεσις
3168 5415 3181 5427 ·
3215 5397 3352 5466 καλὴ
3408 5399 3441 5464 ἡ
3503 5393 3706 5461 σπουδή

501 5488 655 5532 tuum
682 5480 953 5545 oiiiciosae,
990 5499 1114 5538 cum
1176 5484 1467 5555 unguentis
1509 5483 1575 5539 ad
1613 5486 1737 5541 vitae
1782 5485 2070 5542 Dominum

2170 5488 2334 5541 καλὸν
2367 5488 2458 5539 ἐπὶ
2490 5489 2579 5540 τὸν
2600 5488 2764 5557 τάφον
2794 5489 3048 5541 σπεύδετε
3071 5507 3082 5519 ·
3108 5488 3247 5542 ἀλλά
3281 5490 3334 5540 τί
3364 5486 3499 5556 μετὰ
3525 5486 3711 5555 μύρων
3734 5503 3757 5551 ς

504 5588 567 5624 ac
590 5570 1026 5642 dispensatorem
1068 5583 1201 5631 eunt
1228 5592 1243 5629 :
1277 5576 1542 5632 mulieres
1570 5578 1836 5646 gravitate
1858 5594 2070 5633 morum

2177 5579 2572 5651 παραπλησίως
2632 5582 2741 5643 τοῖς
2789 5580 3057 5652 μαθηταῖς
3108 5581 3217 5636 τῶν
3256 5581 3353 5649 τῆς
3400 5578 3759 5641 ἀναστάσεως

584 5753 627 5782 ⁵⁸
673 5752 859 5806 Matth.
913 5772 1008 5811 xu.
1063 5756 1149 5811 fill.
1228 5755 1501 5811 “Matth.
1556 5774 1687 5813 xvn.
1739 5759 1827 5811 ‘22.
