4072 6438
344 353 413 414 85
950 356 1234 420 ORATIO
1272 362 1435 422 VIII.
1457 389 1526 399 -
1552 365 1635 426 IN
1670 367 2229 434 DEPOSITIONEM
2265 369 2635 431 CORPORIS
2673 371 3004 432 CHRISTI.
3520 375 3589 435 86

341 463 664 536 ἐπιλέλησθε
691 463 904 532 λόγων;
929 467 1055 530 Τοῖς
1089 470 1186 539 μὲν
1221 473 1364 536 εἰκὸς
1388 475 1696 543 ἐγγίνεσθαι
1721 477 1906 547 λήθην,

2019 481 2331 547 conspicua:
2363 501 2375 536 :
2433 481 2722 536 laudabilis
2749 484 3000 536 voluntas
3031 521 3046 544 ,
3119 482 3435 550 przeclarum
3471 495 3590 539 stu-

341 556 640 629 προσδοκίᾳ
657 557 757 626 τῆς
783 555 893 610 τῶν
949 561 1249 628 μιαιφόνων
1297 564 1598 630 ἐπιθέσεως
1626 569 1918 636 συγχυοένο

336 670 444 706 των
474 650 583 704 τῶν
603 649 885 719 λογισμῶν
910 667 926 682 ·
955 651 1083 720 ὑμῖν
1112 653 1188 715 δὲ,
1222 655 1383 707 πόθεν
1426 659 1458 726 ἡ
1489 657 1624 728 λήθη
1649 676 1662 722 ;
1703 659 1777 710 Οὐ
1813 659 1919 728 γάρ

337 745 400 813 δὴ
433 742 529 795 καὶ
555 743 703 811 ὑμᾶς
739 740 982 794 Ἰουδαῖοι
1011 744 1195 802 κακῶς
1219 749 1393 797 ποιεῖν
1422 748 1708 816 μελετῶσι.
1744 750 1808 800 Τί
1827 745 1921 801 οὖν

346 834 766 905 ἐπιλαϐόμεναι,
792 833 868 897 ὡς
923 834 1018 886 ἐπὶ
1054 835 1234 904 νεκρῷ
1258 836 1334 905 τῷ
1361 839 1489 901 τοὺς
1523 842 1746 910 νεκροὺς
1789 841 1920 892 ἀνα-

337 927 541 980 ϐιοῦντι
596 925 748 996 μύρα
795 925 1050 995 κομίζετε
1080 945 1093 986 ς
1140 927 1276 979 Ἀλλ’
1309 929 1356 980 εἰ
1388 930 1482 980 καὶ
1522 931 1595 1000 μὴ
1625 931 1920 1000 προσδοκία

335 1021 428 1076 τοῦ
456 1021 651 1073 παθεῖν
684 1018 894 1083 κακῶς,
919 1018 1032 1070 ἀλλ’
1053 1017 1230 1072 ἔοικεν
1271 1022 1304 1089 ἡ
1335 1020 1480 1090 λύπη
1522 1023 1600 1084 εἰς
1639 1023 1698 1074 τὸ
1738 1023 1918 1075 λαθεῖν

338 1115 478 1183 ὑμᾶς
505 1113 608 1181 τὴν
631 1113 927 1166 ἀνάστασιν
958 1110 1243 1166 διαθεῖναι.
1275 1113 1373 1165 Διά
1410 1112 1569 1166 τοῦτο
1601 1114 1693 1166 καὶ
1723 1115 1787 1166 τὰ
1821 1115 1914 1167 δά-

338 1221 475 1272 κρυα
520 1202 712 1255 πλύνει
769 1202 868 1266 τὰς
926 1201 1178 1272 παρειάς.
1247 1203 1408 1256 Ἀλλά
1449 1205 1525 1274 μὴ
1575 1205 1812 1257 κλαίετε.
1841 1205 1914 1258 Οὐ

338 1297 547 1365 δέχεται
575 1295 832 1366 δακρύων
866 1295 1131 1363 σταγόνας
1153 1295 1255 1364 τῆς
1285 1296 1509 1366 χάριτος
1530 1299 1562 1366 ἡ
1585 1299 1766 1367 πηγή·
1795 1295 1915 1349 οὐδὲ

339 1388 497 1442 καλὸν
555 1388 773 1456 ἐπιχεῖν
829 1387 1060 1454 ἐντάφια
1116 1386 1286 1458 μύρα,
1339 1387 1416 1458 τῷ
1455 1387 1553 1458 τὴν
1605 1389 1914 1459 ἀφθαρσίαν

342 1479 684 1544 εὒωδιάζοντι
734 1479 944 1549 χωρίῳ.
1006 1478 1198 1547 Ὁρᾶτε
1251 1479 1376 1542 τοὺς
1431 1479 1914 1548 λευχειμονοῦντας

343 1572 681 1641 δορυφόρους.
740 1565 902 1623 Οὗτοι
969 1571 1097 1632 τοὺς
1142 1569 1516 1636 φυλάσσοντας
1579 1570 1914 1640 στρατιώτας

343 1663 664 1736 ἐνέκρωσαν,
689 1663 782 1715 καὶ
803 1661 905 1732 τὴν
948 1662 1245 1714 ἀνάστασιν
1294 1661 1387 1714 τοῦ
1430 1663 1763 1733 ζητουμένου
1807 1681 1913 1733 μη-

337 1752 569 1808 νύουσιν.
626 1753 815 1807 Αὐτῶν
875 1756 1225 1823 κεκραγότων
1262 1753 1524 1806 ἀκούετε·
1593 1757 1713 1808 Οὐκ
1743 1755 1913 1808 ἔστιν

2022 573 2170 624 dium
2198 587 2262 624 ac
2305 572 2603 640 diligentia.
2637 573 2777 628 Bene
2804 575 2981 636 habet.
3023 575 3163 642 quod
3185 576 3248 629 ad
3281 568 3591 645 sepulcrum

2022 663 2346 730 pr0peratis.
2408 665 2549 730 Quid
2602 681 2732 720 vero
2783 683 2906 718 cum
2959 668 3300 734 unguentis?
3337 667 3486 729 ,Nuin
3534 681 3592 722 ιιι

2020 755 2300 823 discipuli,
2340 772 2652 810 sermonum
2701 759 3124 812 resurrectionis
3175 760 3357 814 oblin
3405 763 3594 815 estis?

2020 843 2129 896 lllis
2167 847 2385 914 quidem
2422 848 2555 901 nihil
2591 849 2785 902 mirum
2819 860 2875 900 ιιι
2901 850 3128 918 obrepat
3157 851 3588 915 oblivio,eorum

2022 936 2355 1001 perturbatis
2387 937 2584 992 animis
2608 939 3018 1008 exspectatione
3049 943 3448 1009 parricidarum
3490 945 3590 998 Ju-

2022 1025 2282 1090 tlzeorum,
2332 1044 2472 1096 quos
2503 1030 2848 1094 suspicentur
2896 1031 3156 1099 impetum
3199 1031 3445 1088 facturos
3482 1053 3496 1088 :
3536 1045 3592 1088 at

2019 1119 2164 1173 unde
2199 1120 2354 1175 vobis
2386 1123 2584 1175 oblivio
2613 1124 2636 1176 ?
2666 1121 2773 1177 Nec
2802 1125 2947 1178 enim
2975 1124 3148 1180 Judaei
3184 1127 3338 1181 vobis
3369 1144 3590 1198 quoque

2018 1215 2217 1266 malum
2260 1213 2464 1268 inferre
2500 1215 2850 1270 meditantur.
2888 1219 3000 1272 Cur
3042 1219 3208 1289 igitur
3247 1220 3429 1274 oblitae
3468 1237 3589 1274 mu-

2015 1306 2194 1367 neris,
2228 1305 2374 1360 velut
2403 1307 2468 1360 ad
2521 1312 2834 1378 ungendum
2878 1321 3172 1376 mortumn,
3211 1312 3260 1365 ei
3314 1323 3585 1382 unguenta

2016 1395 2242 1463 aﬂ‘ertis,
2273 1399 2364 1466 qui
2398 1401 2629 1456 mortuis
2659 1403 2822 1454 vitam
2875 1403 3184 1472 suppeditat
3213 1405 3236 1456 ?
3285 1404 3507 1468 Verum,
3539 1405 3585 1459 si

2017 1487 2198 1541 minus
2251 1491 2588 1558 exspectatio
2643 1489 2807 1545 futuri
2850 1493 3026 1556 mali,
3081 1508 3284 1547 mceror
3331 1504 3499 1556 certe,
3529 1505 3590 1548 ut

2015 1577 2230 1631 videtur
2257 1620 2271 1644 ,
2309 1581 2628 1634 memoriam
2675 1583 2827 1637 vobis
2860 1586 3288 1639 resurrectionis
3335 1587 3586 1640 abstulit.

2013 1662 2283 1728 Quocirca
2311 1665 2561 1738 lacrymae
2587 1670 2750 1723 etiam
2781 1671 2989 1724 vultum
3030 1673 3230 1742 rigant.
3270 1674 3582 1736 Enimvero.

2019 1752 2188 1806 nolite
2237 1753 2388 1808 llere.
2449 1755 2838 1827 Lacrymarnm
2883 1770 3063 1830 guttas
3124 1763 3247 1816 lous
3280 1765 3586 1831 gratias're-

336 1838 475 1897 ὧδε·
502 1844 722 1914 ἠγέρθη
779 1845 898 1899 ἀπὸ
957 1843 1206 1911 νεκρῶν,
1244 1846 1337 1897 καὶ
1373 1847 1552 1914 στήτω
1577 1845 1644 1898 τά
1675 1846 1906 1915 δάκρυα.

2012 1845 2126 1896 ιιιιίι
2160 1861 2173 1896 :
2213 1859 2313 1898 nec
2341 1861 2440 1914 par
2471 1858 2575 1910 est,
2613 1857 2668 1900 ut
2699 1859 2972 1918 unguenta
3007 1853 3256 1908 funebria
3292 1854 3585 1911 ammdatis

339 1937 508 2006 Δεῦρό
539 1955 652 2005 μοι,
683 1937 894 2006 πονηρά
933 1936 1201 1989 Ἰουδαίων
1229 1938 1521 2008 Συναγωγή
1541 1938 1552 1989 l
1573 1937 1742 2008 Δεῦρό
1777 1955 1868 2001 μοι
1891 1977 1906 2002 ,

339 2026 465 2088 λαὸς
491 2026 627 2080 κενὰ
674 2026 1080 2097 φρυαξάμενοςι
1122 2027 1423 2096 Κατάμαθε
1452 2028 1548 2090 τὰς
1590 2028 1909 2096 σφραγῖδας,

344 2115 406 2179 ἃς
437 2116 673 2188 ἔθηκας
706 2115 947 2190 ἐπερώτα
975 2116 1073 2186 τὴν
1106 2117 1459 2179 κουστωδίαν,
1498 2117 1564 2188 ἣν
1620 2117 1912 2185 φυλάσσειν

352 2209 623 2274 διέταξας.
663 2209 776 2263 Ποῦ
823 2209 965 2263 ’ἐστιν
1015 2211 1042 2262 ό
1108 2208 1413 2280 θησαυρὸς,
1473 2208 1532 2261 ὃν
1579 2209 1900 2278 massiliam;

369 2299 710 2370 Ἑρεύνησον,
743 2299 809 2371 ἣν
841 2299 1054 2354 ἐπλάσω
1106 2301 1332 2369 κλοπήν.
1379 2301 1562 2370 Ἔχεις
1617 2302 1764 2371 παρά
1828 2301 1909 2353 σοὶ

350 2393 478 2455 τοὺς
539 2395 622 2455 εἰς
671 2391 866 2463 κλοπὴν
922 2392 1404 2460 διαϐαλλομένουςο
1463 2393 1516 2445 οἵ
1557 2409 1618 2460 γε
1659 2392 1910 2445 τοσοῦτον

339 2480 474 2553 ἦσαν
535 2485 677 2551 ὀξεῖς
711 2485 1185 2556 αὐτουργῆσαντες
1241 2484 1446 2554 κλοπὴν
1487 2483 1583 2554 τὴν
1613 2485 1908 2537 ἀνάστασιν

333 2568 678 2645 διαφημιεῖν,
717 2575 848 2628 ὥσθ’
887 2576 1088 2645 ἐτέρων
1118 2576 1569 2644 ἀπαγγελλόντων
1613 2576 1782 2647 αὐτὴν
1827 2575 1908 2628 ἐτι

330 2665 775 2736 ἐσκυθρῶπαζον,
805 2666 905 2719 οὐκ
927 2666 1208 2729 ἐπαΐοντες
1233 2665 1339 2720 ὑπὸ
1363 2666 1563 2736 πολλῆς
1584 2665 1785 2729 δειλίας
1801 2666 1908 2719 τῶν

327 2759 592 2830 ῥημάτων
626 2759 724 2829 τῆς
757 2759 1150 2826 ἀγαλλιάσεως.
1187 2760 1310 2822 Τοῖς
1358 2759 1718 2831 στρατιώταις
1742 2759 1908 2813 ὕπνον

325 2851 666 2922 περιὸαλεῖς,
694 2851 944 2904 ἐντεῦθεν
986 2851 1222 2914 ἐλπίζων
1265 2854 1621 2920 συκοφαντεῖν
1647 2853 1745 2923 τὴν
1775 2854 1906 2906 ἀνά-

326 2961 547 3011 στασιν;
611 2944 911 3008 Καθεύδεις
965 2945 1125 3007 αὐτὸς
1189 2943 1267 3014 τῷ
1319 2944 1432 2997 δντι
1499 2946 1592 2997 τὸν
1665 2945 1906 3015 ὀλέθριον

327 3036 510 3101 ὕπνον,
575 3037 650 3109 μὴ
707 3037 1027 3108 βουλόμενος
1073 3037 1173 3100 τὰς
1219 3037 1321 3106 τῆς
1373 3036 1650 3107 σωτηρίας
1681 3039 1906 3101 ἀκτῖνας

281 3158 288 3166 -
323 3129 470 3181 ἰδεῖν.

2017 1936 2157 2001 loco,
2200 1937 2293 2005 qui
2327 1937 2753 1994 immortalitatis
2803 1945 3232 1999 suaveolentiam
3279 1945 3462 2001 habet.
3491 1945 3584 2001 Vi-

2017 2027 2138 2082 dete
2159 2029 2393 2084 candida
2430 2040 2581 2086 veste
2622 2033 2859 2105 fulgidos
2893 2037 3176 2091 satellites.
3227 2035 3342 2101 Isti,
3382 2039 3583 2092 milites

2020 2120 2277 2176 custodes
2305 2125 2696 2192 propemodum
2732 2129 3132 2194 exanimarunt,
3163 2145 3226 2185 ac
3248 2131 3390 2196 ejus,
3421 2145 3580 2202 quem

2015 2212 2289 2282 quaeritis,
2342 2217 2800 2270 resurrectionem
2870 2221 3216 2276 annuntiant.
3275 2221 3424 2292 Ipsos
3477 2221 3584 2277 cla-

2018 2311 2230 2358 mantes
2261 2305 2444 2360 audite
2483 2324 2496 2358 :
2531 2307 2648 2360 Non
2669 2318 2746 2362 est
2771 2310 2852 2362 lu'c
2878 2326 2894 2363 :
2918 2313 3148 2365 surrexit
3188 2329 3218 2365 a
3254 2314 3474 2366 mortuis
3502 2313 3576 2377 ⁸⁶;

2011 2397 2238 2465 proinde
2283 2398 2484 2452 sistant
2531 2414 2596 2456 ac
2637 2403 3003 2457 cohibeantur
3062 2405 3335 2476 lacrymm.
3379 2407 3581 2460 Adest)

2016 2486 2262 2554 improba
2295 2485 2606 2542 Iudaeorum
2647 2490 2949 2563 Syuagoga.
2979 2493 3178 2550 Adesto
3212 2497 3464 2566 populus,
3505 2495 3584 2549 in-

2013 2593 2232 2632 cassum
2259 2578 2498 2635 fremens
2527 2583 2540 2634 !
2568 2581 2918 2652 Recognosce
2943 2587 3248 2656 signacula.
3270 2602 3391 2656 qua:
3419 2603 3582 2655 appo-

2014 2671 2192 2725 suisti.
2247 2669 2522 2743 Interroga
2590 2675 2894 2730 custodiam
2930 2718 2945 2742 ,
3013 2693 3177 2748 quam
3237 2677 3578 2733 custodiendi

2013 2777 2178 2816 causa
2236 2763 2554 2833 designasti.
2606 2766 2709 2821 Ubi
2755 2770 3173 2835 estlhesaurus,
3220 2785 3380 2840 quem
3429 2769 3582 2824 obsi-

2013 2854 2464 2927 gnasti?lndaga
2517 2856 2760 2924 furtum,
2813 2861 2958 2929 quod
3009 2861 3340 2915 coniinxisti.
3375 2859 3578 2914 Tecum

2017 2949 2283 3015 habitant,
2319 2968 2458 3020 quos
2486 2951 2614 3006 furti
2643 2955 2928 3008 insimulas
2954 2975 2966 3010 :
2991 2958 3084 3025 qui
3114 2957 3369 3010 nimirum
3399 2971 3582 3024 prom-

2014 3040 2089 3108 pti
2112 3039 2248 3094 adeo
2279 3041 2343 3094 ad
2374 3041 2576 3095 furtum
2610 3045 3089 3110 con'imittendum,
3127 3061 3189 3100 ac
3220 3046 3580 3101 resurrectio-

2014 3147 2137 3185 nem
2167 3132 2552 3201 divulgandam
2589 3133 2809 3189 l'uerunt
2835 3177 2849 3201 ,
2876 3147 2935 3189 ut
2968 3153 3090 3190 cum
3122 3139 3282 3192 etiam
3315 3139 3402 3192 alii
3439 3153 3585 3191 nun-

318 3222 574 3287 tiarent,
627 3219 733 3290 ipsi
790 3219 1150 3275 nihilominus
1181 3235 1417 3275 maerore
1479 3221 1903 3285 conﬁcerentur,
1945 3222 2201 3279 admissis
2275 3240 2387 3293 pra:
2471 3227 2641 3280 multa
2694 3226 2985 3284 formidine
3028 3231 3372 3286 sermonibus
3429 3219 3580 3284 omni

321 3313 694 3368 exsultatione
736 3311 976 3367 refertis.
1021 3313 1218 3368 Milites
1251 3313 1575 3370 dormivisse
1628 3317 1900 3374 causaris.
1942 3331 2191 3386 Sper-aus,
2237 3317 2318 3371 vel
2352 3317 2457 3373 hac
2502 3321 2717 3375 ratione
2781 3324 3237 3378 resnrrectionem
3304 3325 3606 3380 calumnia.

325 3423 612 3479 aspersum
644 3406 715 3459 iri
747 3406 862 3459 iAt
898 3422 1089 3460 revera
1135 3407 1346 3461 dormis
1381 3407 1496 3476 ipse
1529 3408 1902 3477 perniciosum
1943 3424 2219 3472 somnum,
2255 3410 2350 3479 qui
2383 3413 2578 3468 salutis
2607 3415 2790 3469 radios
2816 3415 2958 3468 nolis
3001 3416 3223 3470 intueri.

403 3501 565 3554 Ἀλλά
607 3500 716 3569 γάρ
765 3499 1048 3563 Ἰουδαίους
1111 3499 1288 3569 ἐῶμεν
1330 3498 1408 3568 τῷ
1455 3500 1664 3553 ἑαυτῶν
1725 3501 1902 3570 σκότῳ

2083 3500 2278 3555 Verum
2321 3502 2545 3560 Judmos
2598 3506 2716 3560 suis
2747 3507 2896 3574 ipsos
2926 3507 3165 3562 tenebris
3198 3507 3471 3563 oll‘endere
3503 3512 3578 3565 si-

320 3595 732 3665 προσκόπτειν·
798 3592 1131 3661 διεφημίσθη
1186 3592 1294 3660 γὰρ
1349 3589 1492 3645 οὕτω
1553 3593 1683 3662 παρ’
1721 3593 1904 3654 αὐτοῖς

321 3689 486 3759 μέχρι
502 3688 602 3757 τῆς
627 3687 886 3756 σήμερον.
911 3686 1244 3756 Τιμήσωμεν
1265 3685 1432 3738 δὲκαὶ
1453 3687 1613 3756 ἡμεῖς
1634 3686 1732 3756 τὴν
1752 3686 1903 3738 θείαν

313 3782 499 3850 ταφήν
517 3795 532 3810 ο
553 3779 860 3848 τιμήσομεν
889 3777 967 3840 δὲ,
991 3779 1091 3830 οὐκ
1111 3777 1318 3839 ὀθόναις
1352 3778 1512 3830 αὐτὸν
1529 3777 1902 3846 περιστέλλον-

315 3889 429 3937 τες,
467 3871 590 3924 οὑδὲ
615 3871 772 3940 τάφῳ
791 3869 1172 3933 κατατιθέντες
1193 3887 1205 3900 ·
1234 3870 1380 3936 ἅπαξ
1421 3872 1529 3941 γὰρ
1574 3871 1729 3924 τοῦτο
1762 3870 1903 3940 ὑπὲρ

321 3965 414 4016 τος
447 3963 809 4032 σκυλευθῆναι
828 3963 918 4014 τὸν
950 3961 1082 4033 ᾅδην
1109 3961 1214 4015 ἔδει
1232 3963 1506 4030 γενέσθαι.
1534 3963 1628 4016 καὶ
1647 3963 1866 4031 γέγονεν
1887 3979 1902 3993 ο

330 4051 610 4124 ἀλλ’ήμᾶς
638 4051 836 4115 αὐτοὺς
869 4051 1285 4122 περιϐάλλοντες
1317 4054 1558 4122 ἀρεταῖς.
1599 4053 1770 4123 Σῶμα
1793 4053 1902 4124 γὰρ

333 4146 474 4213 ἡμᾶς
498 4147 525 4197 ὁ
563 4142 842 4213 Δεσπότης
869 4142 956 4195 διὰ
994 4142 1086 4196 τοῦ
1136 4143 1400 4211 ταφέντος
1439 4145 1533 4196 καὶ
1572 4144 1902 4208 ἀναστάντος

325 4237 543 4306 ἐποίησε
591 4233 882 4305 σώματος’
949 4237 1028 4299 εἰς
1117 4237 1252 4306 μέλη
1320 4235 1616 4301 κατέταξεν
1661 4236 1855 4290 ἐαυτοῦ
1883 4251 1898 4266 ⁶

318 4327 446 4381 ναὸν
474 4327 882 4380 κατεσκεύασεν
925 4328 1122 4398 ἐαυτῷ.
1186 4329 1568 4398 Κοσμήσωμεν
1613 4327 1902 4400 τοιγαροῦν

313 4419 409 4472 τὸν
447 4419 579 4471 ναὸν
605 4417 702 4472 τοῦ
729 4419 886 4483 Θεοῦ,
913 4421 968 4473 οῖ
1030 4421 1176 4484 τινές
1229 4423 1399 4490 ἐσμεν
1433 4424 1613 4490 ἡμεῖς.
1641 4421 1795 4474 Ὅσοι
1821 4421 1899 4491 τῷ

315 4511 498 4582 καιρῷ
520 4513 621 4579 τῆς
657 4513 908 4580 νηστείας
935 4513 1034 4582 τῆς
1080 4512 1354 4582 παντίμου
1395 4513 1598 4584 κρόκης
1632 4513 1738 4566 τῶν
1770 4514 1898 4583 ἀρε-

310 4601 424 4654 τῶν
450 4601 644 4670 στολὴν
683 4603 944 4673 ἐποίησαν
973 4604 1204 4668 ἑαυτοῖς,
1238 4603 1332 4656 καὶ
1352 4603 1553 4672 ταύτην
1568 4605 1894 4674 ἐγρηγορότι

310 4693 568 4762 λογισμῷ
607 4694 854 4762 καθαράν
903 4694 1118 4764 κηλῖδος
1158 4695 1454 4764 ἐτήρησαν,
1509 4695 1768 4764 μακάριοι
1799 4695 1898 4760 τῆς

313 4782 655 4852 περιὸολῆςο
689 4785 749 4836 οὐ
800 4784 958 4854 μόνον
1003 4784 1091 4836 διὰ
1143 4784 1242 4852 τὴν
1284 4784 1491 4836 ἐκεῖθεν
1541 4784 1718 4848 δόξαν.
1761 4784 1896 4837 ἀλλά

310 4880 412 4930 καὶ
468 4877 536 4929 δι’
603 4869 678 4929 ὧν
726 4875 977 4929 ἐντεῦθεν
1001 4875 1076 4939 ὡς
1108 4875 1224 4944 φῶς
1253 4878 1312 4928 ἐν
1347 4876 1537 4946 κόσμῳ
1592 4877 1892 4944 φαίνουσιν.

321 4971 487 5024 Ὅσοι
536 4969 584 5022 δ’
643 4969 943 5039 ὰμόλυντον
993 4969 1161 5038 αὐτὴν
1219 4970 1318 5022 οὐκ
1348 4969 1544 5039 ἔχομεν
1582 4968 1906 5037 διαφυλάξαι

317 5065 432 5118 τῶν
461 5063 730 5134 βιωτικῶν
773 5065 1001 5126 σπίλων,
1039 5063 1154 5116 ἀλλ’
1203 5062 1364 5132 ἡμεῖς
1415 5077 1480 5128 γε
1514 5062 1608 5115 καὶ
1666 5062 1906 5132 σήμερον

319 5154 772 5224 ἐκπλυνώμεθα..
800 5155 1060 5223 Ἐτοιμος
1119 5152 1463 5224 βουλομένοις
1512 5154 1546 5222 ὴ
1608 5153 1904 5222 κάθαρσιςο

320 5245 456 5316 παρ’
493 5248 628 5316 ἡμῖν
683 5247 752 5300 τὰ
804 5245 1021 5316 ρεῖθροι⁹
1057 5247 1118 5298 οὐ
1170 5245 1334 5317 δεήσῃ
1382 5246 1508 5315 παρ’
1539 5244 1699 5297 άλλου
1730 5243 1904 5297 ταῦτα

318 5336 528 5408 ζητεῖν.
590 5339 879 5405 Περίϐαλε
935 5337 1043 5390 τὸν
1086 5335 1334 5405 γυμνὸν,
1379 5331 1458 5398 οἷς
1490 5334 1577 5387 διὰ
1629 5335 1688 5388 σὲ
1747 5333 1900 5406 ὤφθη

316 5428 548 5498 γυμνὸς,
579 5431 611 5482 d
655 5428 778 5498 φῶς
815 5429 898 5493 ὡς
938 5428 1168 5498 ἱμάτιον
1192 5427 1703 5496 περιϐαλλόμενος
1726 5443 1740 5458 ο
1805 5427 1895 5489 δὸς

314 5520 822 5591 πεινῶντιτροφὴν,
844 5523 874 5573 ό
893 5519 1038 5589 λιμῷ
1075 5519 1423 5583 κινδυνεύων,
1459 5518 1658 5583 καὶτῷ
1681 5517 1752 5581 ἐξ
1797 5519 1899 5572 οὐ·

297 5611 506 5682 ρανοῦ
560 5614 876 5668 καταϐάντι
909 5612 1064 5682 ἄρτῳ
1107 5613 1351 5682 τραφείς
1373 5627 1388 5642 ο
1425 5611 1589 5664 λῦσον
1633 5611 1732 5682 τὴν
1757 5611 1899 5664 κατά

382 5794 431 5825 ⁶⁶
467 5789 655 5846 Matth.
709 5789 978 5855 xxvnl,5.
1055 5793 1098 5824 "
1137 5788 1323 5845 Matth.
1360 5804 1548 5854 xsvul,
1587 5790 1668 5844 l5.

1774 5790 1819 5823 “
1847 5788 1865 5843 ι
1896 5789 2019 5846 Cor.
2053 5804 2131 5852 ιιι,
2167 5790 2248 5843 l7.

2011 3607 2206 3647 namus
2241 3593 2306 3647 ⁸⁷.
2343 3591 2435 3647 Sic
2457 3595 2602 3649 enim
2637 3596 2974 3666 divulgatum
3002 3606 3084 3652 est
3118 3597 3258 3667 apud
3285 3613 3378 3653 eos
3402 3615 3580 3670 usque

2008 3685 2074 3736 ad
2119 3683 2442 3739 hodiernum
2473 3685 2638 3741 diem.
2675 3688 3017 3742 Honoremus
3067 3705 3193 3743 vero
3232 3705 3330 3746 nos
3359 3707 3578 3762 quoque

2006 3776 2246 3829 divinam
2303 3778 2660 3848 sepulturam.
2694 3781 3098 3836 Honorabimus
3147 3791 3350 3845 autem,
3385 3801 3491 3838 non
3529 3787 3576 3840 si

2008 3868 2194 3923 linteis
2225 3877 2500 3924 mortuum
2545 3872 2910 3928 involvamus.
2949 3880 3044 3926 aut
3088 3875 3340 3941 sepulcro
3367 3877 3578 3930 conda-

2009 3973 2132 4012 mus
2160 3975 2176 4025 ;
2209 3959 2312 4012 hoc
2352 3960 2498 4013 enim
2529 3961 2696 4014 semel
2728 3961 2842 4015 tleri
2877 3962 3166 4029 Oportebat
3211 3972 3270 4016 ut
3323 3963 3574 4020 infernus

2009 4050 2360 4116 spoliaretur,
2392 4065 2456 4105 ac
2483 4049 2685 4106 factum
2707 4060 2793 4106 est
2823 4068 2839 4117 ;
2875 4053 2968 4105 sed
2997 4052 3042 4106 si
3091 4067 3192 4107 nos
3227 4053 3374 4122 ipsos
3403 4056 3576 4108 virtu-

2011 4145 2160 4199 tibus
2195 4159 2547 4198 exornemus.
2590 4143 2701 4198 Nos
2749 4145 2895 4198 enim
2936 4144 3197 4200 Dominus
3244 4157 3432 4200 noster
3477 4163 3576 4216 per

2003 4251 2224 4306 corpus,
2256 4235 2405 4302 quod
2430 4235 2699 4304 sepultum
2731 4245 2814 4291 est
2851 4244 2904 4289 et
2934 4237 3250 4301 resurrexit,
3277 4254 3435 4292 suum
3460 4240 3574 4294 elli-

2002 4331 2155 4384 ciens
2183 4343 2404 4397 corpus,
2434 4328 2669 4397 propriis
2699 4329 2958 4382 membris
2987 4329 3265 4398 ascripsit,
3293 4345 3356 4383 ac
3378 4329 3481 4385 sibi
3516 4331 3571 4384 in

2003 4419 2262 4489 templum
2291 4420 2560 4472 exstruxit
2590 4419 2656 4472 ⁸⁸.
2706 4417 3070 4475 Perornemus
3095 4420 3280 4490 itaque
3312 4423 3570 4491 templum

2005 4511 2121 4573 Dei,
2163 4508 2306 4579 quod
2341 4525 2533 4564 sumus
2562 4524 2687 4567 nos.
2738 4509 3065 4580 Quicunque
3096 4511 3290 4579 jejunii
3332 4522 3572 4581 tempore

2005 4605 2197 4656 stolam
2243 4601 2348 4655 sibi
2393 4615 2458 4656 ex
2509 4601 2657 4654 varia
2703 4601 2967 4656 virtutum
3021 4609 3233 4656 textura
3279 4606 3576 4654 concinna-

2005 4703 2156 4758 runt,
2205 4710 2437 4763 eamque
2487 4694 2734 4762 vigilanti
2769 4695 2954 4749 studio
2999 4708 3190 4763 puram
3227 4693 3364 4746 labis
3392 4701 3577 4744 custo-

2008 4785 2249 4850 dierunt,
2304 4786 2340 4839 ii
2375 4800 2501 4840 vere
2527 4786 2648 4854 ejus
2685 4787 2858 4855 gratia
2883 4785 3116 4840 amictus
3161 4785 3302 4837 beati
3333 4801 3348 4849 ;
3379 4793 3574 4838 nedum

2012 4887 2232 4947 propter
2278 4879 2530 4948 gloriam,
2585 4893 2706 4946 qua:
2751 4878 2804 4931 in
2850 4878 2991 4932 coelo
3036 4885 3313 4946 speratur,
3384 4891 3574 4930 verum

2005 4972 2167 5024 etiam
2214 4971 2360 5040 quod
2403 4970 2492 5024 hic
2527 4971 2676 5024 velut
2713 4969 2900 5022 lumen
2955 4969 3200 5038 fulgeant
3256 4970 3312 5024 in
3349 4969 3573 5022 mundo.

2005 5057 2326 5129 Quicunque
2383 5075 2516 5114 vero
2573 5060 2835 5114 intactam
2889 5074 2952 5114 ac
3012 5059 3497 5114 incontaminatam
3544 5073 3575 5113 a

2008 5151 2194 5206 mundi
2242 5151 2404 5220 hujus
2456 5152 2883 5220 inquinamentis
2930 5167 3039 5206 non
3086 5151 3570 5214 conservavimus,

2008 5242 2090 5296 vel
2119 5243 2310 5297 saltem
2367 5241 2525 5296 hodie
2558 5252 2770 5296 nosmet
2797 5257 3181 5314 expurgemus.
3229 5240 3284 5294 lu
3321 5253 3572 5309 promptu

2007 5341 2090 5388 est
2146 5334 2491 5402 cupientibus
2540 5334 2874 5388 euiundatio.
2933 5332 2991 5387 ln
3053 5339 3237 5387 nostra
3295 5332 3570 5384 lavacrum

2007 5425 2170 5478 situm
2237 5433 2320 5478 est
2387 5432 2655 5493 potestate
2689 5467 2705 5490 ,
2765 5441 2864 5478 nec
2911 5441 3048 5494 opus
3102 5422 3319 5478 aliunde
3369 5435 3568 5492 petere.

2011 5516 2169 5587 Operi
2197 5516 2394 5569 nudant
2420 5517 2487 5580 ⁸³,
2532 5517 2742 5570 idcirco
2782 5516 2909 5586 quia
2942 5518 3016 5572 tui
3054 5532 3219 5570 causa
3262 5516 3438 5570 nudus
3469 5533 3569 5586 aps

2007 5609 2253 5680 paruerit
2285 5609 2395 5674 ille,
2427 5607 2522 5678 qui
2549 5611 2774 5663 amictus
2799 5618 2880 5664 est
2907 5609 3101 5664 lumine
3125 5611 3256 5664 sicut
3291 5611 3571 5664 vestimen-

2326 5790 2368 5822 ⁶⁹
2398 5788 2496 5844 lsa.
2529 5807 2683 5852 Lvtlt,
2714 5791 2766 5846 7.
