4072 6506
438 424 508 487 8'7
1659 410 1933 480 LEONIS
1961 420 2424 483 PHILOSOPHI
3482 478 3485 481 .
3637 410 3709 471 88

443 549 495 596 to
512 543 580 597 ⁷ο.
618 540 689 594 Da
713 540 891 594 cibum
915 537 1198 600 esurienti,
1220 539 1311 608 qui
1343 540 1484 595 fame
1524 541 1859 606 periclitatur
1887 543 2023 613 (ἓὸ),

2141 543 2224 597 τοῦ
2285 542 2511 614 πλησίον
2558 539 2780 611 ἔχθραν,
2842 536 3202 608 ἐνθυμηθεὶς,
3239 534 3321 587 ὅτι
3362 535 3390 586 ὁ
3432 527 3711 594 Δεσπότης

441 650 673 701 pauequ
722 633 813 687 illo
866 634 956 701 qui
1012 632 1075 686 de
1125 635 1253 687 casta
1311 634 1579 688 descendit
1608 636 1695 699 τί,
1743 637 2013 689 nutritur.

446 727 694 783 Dissolve
719 725 1036 781 inimicitias
1076 726 1342 780 adversus
1369 728 1702 796 proximum,
1730 726 2022 781 Dominum

445 820 733 888 cogitans,
786 816 946 885 cujus
990 832 1091 872 nos
1130 818 1462 887 immorigeri
1514 818 1654 871 servi
1709 834 1901 874 sumus
1957 833 2019 871 ac

445 906 775 969 refractarii,
839 906 1077 961 medium
1128 908 1389 977 parietem
1440 908 1851 963 inimicitiarum
1906 908 2023 963 suis

447 1001 623 1068 ipsum
655 1000 972 1069 perrupisse
998 1001 1341 1056 vulneribus.
1378 999 1670 1057 Enimvero
1704 1002 2022 1071 quicunque

446 1093 644 1147 laceris
677 1093 883 1164 peccati
927 1093 1123 1162 pannis
1158 1092 1397 1159 assueti,
1449 1094 1645 1148 stolam
1678 1094 1897 1148 virtutis
1928 1110 2024 1147 ne-

446 1183 645 1255 glectui
674 1184 981 1238 habuerunt
1011 1182 1243 1255 [utinam
1273 1200 1404 1239 vero
1427 1200 1587 1239 nemo
1628 1185 1749 1240 talis
1776 1186 1975 1239 existat
2005 1186 2018 1239 l

447 1287 562 1339 tua,
588 1276 838 1342 Domine,
868 1277 1064 1348 gratia,
1093 1278 1183 1345 qui
1204 1292 1303 1346 pro
1331 1278 1491 1333 nobis
1517 1278 1899 1346 peccatoribus
1918 1279 2022 1332 im-

447 1370 684 1424 molatus
716 1368 822 1439 es],
877 1385 942 1425 ne
988 1370 1023 1423 ii
1058 1370 1280 1439 quidem
1341 1370 1581 1424 animum
1622 1371 2020 1440 despondeant,

444 1459 538 1528 qui
591 1468 804 1530 tempus
854 1468 1223 1529 Opportunum
1271 1462 1346 1515 rei
1399 1461 1663 1515 faciendae
1703 1463 2025 1518 adventasse

444 1550 689 1605 videant.
730 1551 941 1606 Licebit
987 1552 1157 1616 enim,
1213 1552 1258 1608 si
1303 1534 1489 1615 velint,
1519 1554 1603 1608 vel
1637 1569 1745 1608 una
1782 1554 1881 1609 hac
1923 1554 2023 1609 ho-

445 1640 638 1697 dierna
683 1642 770 1698 die
800 1684 817 1709 ,
876 1644 1072 1699 stolam
1121 1647 1527 1701 resurrectione
1584 1660 1692 1700 non
1744 1646 2022 1718 indignam

446 1733 740 1789 conficere.
772 1733 1181 1790 Tantummodo
1204 1751 1563 1807 exsurgamus
1596 1755 1610 1804 ;
1643 1737 2023 1791 tantunnnodo

451 1813 666 1883 virtutis
719 1829 1101 1896 cogitationem
1164 1830 1534 1899 suscipiamus
1582 1847 1597 1897 ;
1644 1830 2025 1885 tantummodo

447 1917 708 1987 praeclaro
742 1917 871 1973 huic
899 1919 1053 1987 operi
1090 1934 1312 1973 manum
1345 1920 1756 1974 admoveamus.
1791 1918 2026 1989 Adjutor

2130 640 2287 709 ἡμῶν
2313 638 2421 691 τῶν
2445 636 2695 691 ἀτάκτων
2717 634 3012 693 δούλων,τὺ
3040 630 3353 701 μεσότοιχον
3376 630 3474 696 τῆς
3500 623 3699 692 ἔχθρας

2130 730 2351 794 οἰκείοις
2418 729 2637 798 διέκοψε
2688 728 3019 800 τραύμασιν.
3068 726 3224 778 Ὅσοι
3270 723 3313 775 δ’
3361 720 3549 787 ὥσπερ
3598 715 3717 768 ὲθι-

2134 822 2353 883 σθέντες
2387 820 2463 892 τῷ
2498 821 2654 891 ρἀει
2677 821 2776 888 τῆς
2805 819 3080 890 ἁμαρτίας
3115 818 3394 885 ὴλόγησαν
3440 812 3550 865 τῶν
3582 810 3715 879 ἀρε-

2129 913 2240 966 τῶν
2277 914 2375 983 τῆς
2415 913 2639 982 στολῆς·
2694 912 2832 967 ἀλλὰ
2880 912 3067 980 μηδεὶς
3094 911 3181 980 εἴη
3204 907 3464 972 τοιοῦτος,
3496 900 3541 959 ὦ
3576 904 3716 974 ὑπὲρ

2131 1006 2288 1077 ἡμῶν
2308 1006 2415 1058 τῶν
2446 1005 2786 1076 ἁμαρτωλῶν
2815 1002 3173 1072 σφαγιασθείς
3198 1018 3214 1033 ·
3249 1000 3371 1071 μηδ’
3403 992 3549 1052 οῦτοι
3582 997 3718 1048 ἀπο-

2130 1098 2588 1166 γινωσκέτωσαν,
2622 1097 2713 1151 τὸν
2766 1097 2957 1168 καιρὸν
3012 1095 3245 1165 ὁρῶντες
3308 1092 3406 1161 τῆς
3455 1088 3719 1159 ἐργασίας

2134 1192 2471 1260 παρήκοντα.
2519 1188 2676 1242 Ἐστι
2706 1189 2815 1259 γὰρ
2852 1188 3160 1259 βουληθεῖσι
3198 1185 3291 1237 καὶ
3323 1180 3413 1236 διὰ
3454 1181 3583 1250 μιᾶς
3616 1177 3719 1246 τῆς

2133 1279 2229 1333 νῦν
2258 1281 2489 1350 ἡμέρας,
2526 1279 2599 1350 μὴ
2634 1280 2859 1346 ἀναξίαν
2896 1281 2995 1350 τῆς
3029 1276 3379 1337 ἀναστάσεως
3410 1270 3721 1345 περιποιεῖ-

2137 1373 2264 1426 σθαι
2306 1371 2519 1440 στολήν.
2578 1372 2756 1426 Μόνον
2804 1372 3181 1438 διαναστῶμεν
3207 1386 3219 1402 ’
3257 1367 3417 1438 μόνον
3448 1366 3542 1418 ἐπὶ
3569 1363 3722 1429 λογισ-

2139 1465 2275 1535 σμὸν
2304 1464 2506 1533 ἀρετῆς
2566 1464 2855 1532 ἀναδῶμεν
2882 1480 2895 1494 '
2932 1464 3091 1532 μόνον
3115 1462 3215 1530 τῆς
3256 1459 3423 1526 καλῆς
3455 1453 3721 1527 ἐργασίας

2136 1557 2425 1627 ἁψώμεθα,
2456 1556 2617 1621 αὐτὸς
2644 1559 2772 1628 ἡμῖν
2815 1557 3272 1626 συνεπικουρήσει
3302 1555 3330 1606 ό
3359 1550 3547 1605 παθὼν
3578 1549 3720 1618 ὑπὲρ

2136 1651 2293 1721 ἡμῶν
2320 1692 2335 1715 ,
2363 1651 2458 1703 καὶ
2488 1651 2752 1720 σύντομον
2809 1651 2902 1705 καὶ
2923 1649 3305 1718 ἀταλαίπωρον
3331 1645 3632 1715 ἀπαρτίσει
3657 1644 3722 1696 τὸ

2141 1741 2410 1811 μακάριον
2452 1741 2817 1812 περιϐόλαιον.
2882 1742 3106 1803 Πάντως
3152 1739 3198 1792 δ’
3238 1740 3498 1799 ἅπαντες,
3543 1737 3590 1790 εἰ
3626 1736 3722 1788 καὶ

2140 1833 2215 1901 μὴ
2247 1834 2407 1902 ὁμοία
2438 1835 2603 1887 πᾶσιν
2629 1833 2880 1903 εὐπορία,
2923 1830 3311 1899 στολισθῶμεν,
3337 1829 3423 1881 ἵνα
3454 1826 3602 1891 ἄξιον
3626 1825 3722 1877 τοῦ

2136 1927 2344 1995 Κυρίου
2375 1926 2532 1995 ἡμῶν
2576 1925 2747 1995 Ἰησοῦ
2779 1922 3018 1995 Χριστοῦ
3047 1920 3388 1990 δεικνύμενοι
3413 1918 3590 1988 σῶμα,
3617 1917 3719 1986 τῆς

446 2008 553 2063 erit
580 2008 671 2062 ille
698 2007 834 2078 ipse,
862 2009 954 2079 qui
992 2024 1089 2079 pro
1138 2011 1296 2066 nobis
1330 2026 1524 2079 passus
1563 2019 1647 2065 est
1679 2028 1693 2076 ;
1729 2010 2030 2081 exiguaque

2141 2015 2301 2070 αὐτοῦ
2325 2015 2482 2084 δόξης
2512 2015 2835 2085 μετέχωμεν
2856 2029 2869 2043 ·
2911 2011 3008 2066 νῦν
3036 2012 3131 2065 καί⁵
3196 2009 3303 2075 ἀεὶ,
3348 2009 3442 2063 καὶ¹
3479 2008 3559 2071 εἰς
3581 2007 3713 2068 τοὺς

447 2114 639 2170 opera,
666 2115 734 2157 ac
769 2102 919 2155 nullo
957 2102 1165 2168 labore,
1205 2103 1424 2157 beatum
1457 2102 1617 2156 nobis
1650 2102 2031 2156 indumentum

2142 2108 2350 2172 αἰῶνας
2371 2108 2480 2163 τῶν
2511 2107 2744 2163 αἰώνων.
2784 2106 2981 2177 Ἀμήν.

446 2189 721 2248 conficiet.
765 2191 1004 2249 Prorsus
1036 2204 1216 2250 autem
1248 2211 1461 2259 omnes,
1489 2196 1615 2250 licet
1646 2194 1834 2249 eadem
1864 2196 2021 2266 copia
2100 2216 2209 2255 non
2264 2202 2519 2259 omnibus
2607 2208 2880 2271 suppetat.
2954 2198 3151 2254 stolam
3221 2208 3560 2251 assumamus
3591 2230 3609 2256 ,
3656 2195 3721 2243 ut

448 2285 674 2357 dignum
724 2284 937 2339 Domini
986 2288 1156 2343 nostri
1189 2286 1319 2343 Jesu
1358 2288 1560 2346 Christi
1592 2303 1794 2359 corpus
1827 2288 2026 2359 eli‘ecti,
2067 2293 2258 2364 gloriae
2284 2296 2471 2367 ipsius
2492 2294 2791 2367 participes
2818 2292 3117 2348 reddamur
3141 2329 3156 2354 ,
3204 2304 3351 2344 nunc
3402 2294 3457 2342 et
3506 2297 3724 2352 semper

449 2388 506 2434 et
536 2378 595 2435 in
622 2380 823 2437 saecula
854 2381 1204 2435 saeculorum.
1238 2382 1436 2436 Amen.

1070 2537 1328 2595 ORATIO
1353 2539 1442 2594 IX.

2734 2538 2956 2593 ΛΟΓΟΣ
2986 2534 3078 2591 8'.

451 2680 522 2739 1η
547 2682 1044 2757 salutifertecrucis
1078 2683 1476 2757 exultationem.
1513 2701 1604 2753 per
1626 2705 1782 2755 quam
1822 2706 1854 2743 a
1888 2704 2018 2743 casu

2141 2683 2229 2751 Εἰς
2255 2682 2370 2751 τὴν
2388 2682 2463 2736 δι’
2488 2677 2560 2736 οὗ
2589 2681 2695 2735 τοῦ
2720 2677 3083 2757 προγονικοῦ
3120 2675 3532 2757 άτυψῴθημεν
3568 2671 3730 2725 πτώ-

767 2754 929 2828 primi
956 2756 1192 2823 parentis
1224 2746 1472 2809 restituti
1493 2746 1700 2814 sumus.
1888 2761 1891 2765 ’

2205 2746 2219 2751 ⁷
2314 2746 2324 2751 ’
2343 2770 2536 2821 ματος
2580 2746 2879 2819 σωτηρίοὺ
2921 2747 3190 2817 σταυροῦ
3224 2746 3496 2815 ὕψωσιν.

1495 2869 1791 2942 (Gns'rssn.
1830 2873 1916 2928 ed.
1964 2869 2239 2926 Ratisbon.
2283 2877 2326 2923 t.
2362 2867 2494 2937 ll,p.
2530 2865 2683 2933 102.)

522 2987 683 3043 Prius
726 3002 851 3044 cum
902 2987 1155 3043 homines
1189 2987 1243 3042 in
1286 2997 1547 3060 perpetua
1579 2999 1633 3045 et
1667 2998 1858 3046 sancta
1894 3005 2030 3059 qua-

2206 2984 2477 3057 Πρότερον
2504 2984 2561 3035 ὲν
2610 2982 2733 3052 ἱερᾷ
2767 2980 3068 3047 διαγόντων
3106 2976 3410 3048 ἀνθρώπων
3464 2974 3730 3043 ἀγαλλιά-

452 3079 578 3132 dam
609 3078 972 3133 exsultatione
1006 3086 1060 3132 et
1114 3078 1393 3147 voluptate
1436 3078 1603 3132 vitam
1640 3087 1886 3148 agerent,
1932 3077 2031 3148 lig-

2141 3095 2242 3139 σει,
2278 3076 2453 3145 λύπης
2483 3074 2578 3127 καὶ
2611 3072 2912 3144 κατηφείας
2937 3070 3194 3124 ὑπόθεσιν
3214 3068 3520 3138 ἐχορήγησε
3546 3066 3727 3132 ξύλον“

453 3185 583 3223 num
610 3168 817 3222 doloris
833 3176 887 3222 et
922 3169 1179 3223 maeroris
1201 3183 1425 3223 causam
1468 3170 1722 3238 praebuit.
1756 3168 1873 3223 Jam
1906 3183 2031 3221 vero

2141 3171 2233 3226 νῦν
2263 3170 2319 3223 δὲ
2367 3168 2457 3221 διὰ
2488 3168 2646 3232 ξύλου
2678 3168 2989 3235 πανήγυρις
3013 3162 3154 3233 ίερά,
3179 3160 3366 3231 ὥσπερ
3393 3176 3478 3223 τις
3510 3157 3730 3227 ἑωσφό-

455 3269 807 3316 sacrosancta
836 3259 1104 3315 festivitas
1148 3260 1294 3327 ligno
1338 3270 1684 3322 consecrata,
1725 3261 1873 3314 velut
1900 3261 2031 3314 luci-

2146 3279 2237 3333 ρος
2271 3261 2637 3315 ἀνατέλλουσα
2684 3258 2895 3328 κόσμῳ,
2930 3256 2992 3310 τὸ
3035 3254 3263 3323 στυγνὸν
3298 3250 3592 3305 ἀποδιώκει
3625 3250 3733 3320 τῆς

454 3350 561 3418 fer,
602 3350 807 3405 mundo
838 3351 1116 3412 exoriens.
1147 3351 1339 3420 procul
1374 3350 1522 3418 pellit
1548 3358 1603 3405 et
1636 3350 1786 3419 fugat
1816 3366 2031 3404 omnem

2141 3353 2463 3424 κατηφείας
2488 3353 2584 3405 καὶ
2607 3351 2776 3405 πάλαι
2808 3350 2906 3420 μὲν
2927 3345 3230 3417 ἐγυμνοῦτο
3251 3344 3396 3397 θείου
3419 3342 3735 3413 ἀξιώματος

452 3443 699 3498 tristitia;
727 3456 1040 3495 mcerorem.
1068 3440 1132 3494 Et
1152 3441 1278 3495 olim
1305 3441 1525 3510 quidem
1548 3441 1729 3495 divina
1769 3441 2031 3510 dignitate

2141 3448 2437 3518 ἅνθρωπος,
2454 3445 2544 3499 διὰ
2564 3444 2744 3510 ξύλου,
2767 3442 2882 3516 [νῦν
2894 3440 2974 3513 δὲ]
2997 3440 3167 3495 καὶτὸ
3184 3440 3326 3493 θεῖον
3347 3435 3732 3505 ἀπολαμϐάνει

455 3536 725 3604 spoliatus
758 3544 843 3590 est
875 3535 1036 3589 homo
1086 3551 1182 3604 per
1229 3535 1434 3606 lignum
1473 3552 1489 3598 ;
1535 3549 1681 3589 nunc
1713 3542 1894 3588 autem
1937 3551 2031 3604 per

2141 3539 2380 3611 ἀξίωμα,
2410 3537 2664 3610 καὶπρὸς
2688 3538 2787 3608 τὴν
2818 3535 3059 3606 πατρίδα
3088 3532 3505 3602 ἀνακομίζεται.
3531 3528 3730 3599 ῐΙρώην

457 3626 666 3696 lignum
716 3624 957 3679 divinam
986 3625 1307 3696 dignitatem
1357 3626 1570 3694 recipit,
1611 3634 1665 3681 et
1702 3626 1769 3681 ad
1806 3628 2031 3694 patriam

2148 3633 2176 3684 ό
2199 3633 2292 3687 τοῦ
2330 3631 2489 3696 ξύλου
2526 3630 2740 3701 καρπὸς
2768 3628 3054 3698 προύξένει
3088 3626 3181 3679 τὸν
3233 3624 3483 3679 Θάνατον.
3528 3620 3644 3689 Ἀφ’
3669 3613 3731 3674 οῦ

458 3718 775 3773 revertitur.
801 3718 961 3774 Prius
985 3719 1114 3788 ligni
1143 3718 1356 3773 fructus
1382 3734 1548 3774 causa
1574 3720 1765 3775 mortis
1793 3720 2031 3775 exstitit:

2141 3725 2247 3795 γὰρ
2271 3724 2524 3795 σταυρὸς,
2542 3721 2770 3784 θάνατος
2793 3722 2886 3774 καὶ
2907 3718 3084 3789 φθορά
3102 3713 3738 3788 κατεπάθησαν,ἀφθαρ-

457 3826 525 3865 ex
565 3826 675 3881 quo
707 3814 853 3865 enim
884 3826 1019 3865 crux
1061 3812 1280 3875 enituit,
1334 3826 1481 3865 mors
1514 3819 1567 3865 et
1597 3814 1876 3881 corruptio
1907 3828 2031 3866 con-

2150 3811 2241 3864 σία
2264 3811 2320 3864 δὲ
2369 3810 2735 3864 πολιτεύεται.
2768 3810 2879 3863 Καὶ
2930 3808 3186 3877 ἀλάστωρ
3238 3806 3338 3876 μὲν
3397 3804 3606 3874 δαίμων
3651 3804 3739 3866 εἰς

457 3903 686 3959 culcatae
739 3912 921 3968 sunt;
982 3903 1325 3972 incorruptio
1374 3912 1583 3971 regnat.
1642 3901 1708 3956 Et
1758 3904 2031 3973 improbus

2143 3902 2335 3974 δέλεαρ
2392 3906 2706 3974 ἀποχρῆται
2767 3902 2928 3972 ξύλῳ,
2981 3902 3078 3955 καὶ
3124 3901 3186 3954 τὸ
3231 3897 3594 3970 ἀπειρόκαλον
3648 3895 3733 3948 ἔτι

457 3994 677 4066 quidem
714 3995 929 4049 daemon
964 4010 1063 4064 pro
1093 4009 1218 4050 esca
1251 3994 1495 4049 abutitur
1520 3994 1692 4064 ligno,
1722 4002 1776 4049 et
1813 3996 2031 4064 ligmem

2146 3997 2373 4067 πλάσμα
2418 3996 2477 4061 ἐξ
2522 3997 2739 4067 ἀπάτης
2810 3993 3084 4057 σκυλεύει,
3127 3992 3223 4045 καὶ
3262 3991 3356 4046 τοῦ
3404 3985 3731 4058 παραδείσου

460 4098 598 4151 tum,
628 4088 772 4157 quod
812 4103 913 4143 usu
948 4093 1004 4141 et
1035 4086 1377 4156 experientia
1416 4101 1600 4141 rerum
1629 4086 1869 4140 nondum
1897 4087 2031 4141 vale‘

2147 4082 2398 4154 ἐλεεινῶς
2449 4090 2698 4158 ὐφέλκει.
2756 4086 3138 4156 Φιλάνθρωπος
3164 4085 3222 4138 δὲ
3265 4083 3539 4150 Δεσπότης
3570 4078 3734 4144 ξύλον

461 4182 578 4245 bat,
632 4180 820 4235 fraude
873 4180 1094 4250 spoliat,
1148 4187 1203 4232 et
1253 4196 1316 4234 ex
1345 4179 1602 4249 paradiso
1649 4180 2031 4235 miserabiliter

2147 4182 2282 4252 ἡμῖν
2330 4183 2412 4244 εἰς
2456 4181 2733 4253 σωτηρίας
2772 4180 2934 4233 ὅπλον
2977 4178 3254 4248 δωρεῖται,
3306 4177 3402 4230 καὶ
3448 4175 3632 4243 τίθησι
3664 4171 3735 4224 δι’

461 4274 720 4329 extrahit.
754 4274 823 4325 At
845 4272 1308 4327 clementissimus
1339 4271 1602 4326 Dominus
1625 4271 1831 4341 lignum
1857 4272 2031 4337 nobis,

2150 4273 2362 4327 ἐκείνου
2386 4272 2712 4343 εὐχείρωτον
2742 4272 2833 4324 τὸν
2859 4271 3140 4340 πολέμιον,
3170 4268 3264 4322 καὶ
3290 4267 3506 4319 δίδωσιν
3528 4264 3592 4317 ού
3631 4261 3738 4332 μὸ·

461 4371 525 4418 ιιι
552 4365 624 4419 sit
657 4362 852 4417 salutis
883 4370 1159 4415 armatura
1186 4402 1201 4427 ,
1234 4360 1421 4425 donat,
1456 4359 1749 4428 edicitque,
1789 4369 1849 4414 ut
1884 4360 2031 4416 illius

2143 4381 2235 4418 vov
2260 4367 2613 4435 παράδεισον,
2666 4362 2780 4417 ἀλλ’
2808 4362 3097 4416 αύτδνντδν
3131 4359 3357 4432 οὐρανὸν
3386 4356 3735 4426 οἰκητήριον,

462 4474 628 4528 opera
660 4456 874 4511 facilea
906 4456 1065 4510 nobis
1094 4455 1213 4525 capi
1260 4463 1313 4509 et
1346 4453 1557 4509 domari
1586 4461 1756 4525 queat
1814 4452 2186 4519 adversarius,
2230 4460 2431 4531 datque
2482 4473 2594 4514 non
2639 4457 2816 4513 solum
2868 4454 3205 4526 paradisum,
3274 4449 3369 4505 sed
3433 4454 3487 4502 et
3554 4448 3739 4515 ipsum

464 4552 664 4607 caelum
698 4548 1074 4603 incolendum.

533 4643 691 4698 Nunc
726 4643 909 4698 crucis
933 4640 1263 4703 amaritudo,
1296 4655 1418 4711 quae
1445 4640 1607 4709 paulo
1647 4650 1771 4695 ante
1796 4655 1894 4694 nos
1927 4648 2031 4694 tur-

2216 4639 2332 4693 Νῦν
2359 4640 2392 4709 ἡ
2422 4637 2517 4691 τοῦ
2549 4636 2707 4703 ξύλου
2742 4633 2986 4705 πικρία,⁴
3013 4632 3048 4702 ἢ
3119 4630 3210 4684 ἐπὶ
3252 4628 3449 4700 μικρὸν
3474 4624 3552 4694 τῷ
3579 4623 3739 4694 ἀηδεῖ

463 4736 655 4803 babat,
681 4737 733 4790 in
769 4734 1114 4790 dulcedinem
1149 4747 1414 4787 conversa
1445 4741 1550 4797 est,
1581 4730 1813 4786 daemoni
1839 4739 2020 4785 autem

2148 4735 2302 4803 ἡμᾶς
2333 4731 2757 4799 συνετάραττεν,
2799 4729 2880 4789 εἰς
2913 4724 3229 4795 γλυκύτητα
3267 4716 3623 4791 μετεποιὴθη,
3657 4712 3739 4783 τῷ

465 4826 561 4895 qui
618 4841 719 4881 nos
751 4827 1228 4890 circumvenerat,
1260 4840 1388 4879 vere
1434 4825 1490 4879 in
1532 4824 1838 4877 amaritiem
1892 4821 2026 4875 abiit

2146 4824 2191 4877 δ’
2234 4823 2637 4892 ἐξαπατήσαντι
2688 4820 2908 4888 δαίμονι
2964 4815 3180 4885 ἀληθῶς
3213 4815 3296 4876 εἰς
3344 4811 3569 4879 πικρίαν
3599 4824 3741 4860 κατ-

464 4915 627 4972 Nunc
657 4917 967 4984 delectatio,
998 4933 1106 4988 qua
1137 4917 1482 4988 gloriabatur
1516 4914 1673 4984 quasi
1707 4930 1829 4975 nos,
1859 4921 1917 4967 ut
1945 4913 2031 4967 sib

2147 4914 2304 4983 έστη.
2333 4912 2447 4965 Νῦν
2475 4914 2507 4982 ἡ
2546 4910 2735 4981 τέρψις
2795 4911 2877 4978 ἐφ’
2910 4902 2945 4982 ᾖ
2979 4906 3311 4974 ὲγεγάννυτο
3345 4898 3742 4971 ἀθεραπεύτως

466 5009 858 5079 persuadebat,
908 5009 1307 5065 immedicabili
1340 5009 1544 5063 damno
1573 5006 1864 5073 affecisset,
1894 5007 1947 5059 in
1981 5004 2053 5061 fel

468 5099 579 5171 ipsi
615 5108 949 5155 commutata
1002 5102 1248 5155 recessit.
1294 5099 1581 5156 Gaudebat
1621 5098 1767 5166 enim
1801 5112 1927 5151 cum
1967 5113 2052 5152 me

467 5194 680 5250 videret
726 5209 793 5249 ex
837 5194 1092 5264 paradiso
1122 5194 1438 5265 expulsum,
1471 5200 1786 5263 terramque
1826 5192 2053 5247 cultura:

506 5376 550 5409 "°
580 5375 729 5432 Psal.
761 5390 878 5440 cm,
905 5373 960 5427 9.
1034 5372 1076 5403 ⁷¹
1106 5371 1265 5427 Joan.
1292 5387 1369 5436 vr,
1394 5370 1481 5424 55.

2143 5008 2313 5075 ἡμᾶς,
2343 5007 2420 5068 ὡς
2448 5004 2609 5076 ᾤετο,
2641 5002 2871 5066 διαθεὶς,
2902 5002 2982 5064 εἰς
3022 4999 3186 5070 χολὴν
3225 4994 3378 5066 αὐτῷ
3420 4991 3736 5065 μετέϐαλεν.

2169 5099 2466 5168 Ἐτέρπετο
2493 5097 2601 5167 γὰρ
2655 5094 2985 5165 παραδείσου
3042 5091 3141 5163 μὲν
3178 5089 3322 5160 ὀρῶν
3356 5086 3737 5155 ἐλαυνόμενον,

2151 5191 2347 5262 πικρὸν
2374 5190 2436 5244 δέ
2478 5207 2569 5261 μοι
2614 5186 2885 5259 γεώργιον
2914 5188 3011 5258 τὴν
3047 5184 3149 5254 γῆν
3182 5178 3542 5252 ἁνιεῖσαντὴν
3567 5174 3742 5229 ἄκανο-

2017 5479 2250 5537 NOTIE.

549 5577 663 5648 (28)
699 5579 802 5645 Qui
834 5579 974 5647 fame
995 5578 1353 5648 periclitatur.
1411 5574 1650 5631 Pulchra
1701 5574 1844 5628 ratio
1881 5573 2046 5628 indu-

473 5650 703 5720 eeusad
745 5648 1188 5720 eleemosynam;
1222 5661 1280 5703 ut
1326 5649 1414 5702 cui
1448 5663 1621 5702 sacra:
1658 5661 1860 5699 mensae
1896 5660 2051 5699 eom-

476 5719 667 5772 tnunio
685 5720 968 5783 tribuitur,
996 5719 1120 5773 huic
1148 5735 1248 5773 nec
1272 5719 1581 5773 communis
1605 5726 1850 5788 negetur,
1872 5732 2050 5788 quan-

479 5798 596 5840 tum
628 5790 818 5842 saltem
858 5790 1212 5845 necessarius
1238 5804 1373 5843 usus
1407 5786 1692 5858 postulati
1724 5786 1863 5858 Male
1889 5787 2051 5839 (iret-

482 5874 644 5915 serus
674 5858 740 5913 ad
779 5859 957 5928 ipsum
994 5860 1178 5925 refert,
1243 5875 1271 5912 a
1304 5856 1419 5929 quo
1450 5860 1521 5914 sit
1573 5856 1878 5928 pra-stands
1914 5858 2054 5909 elec-

2158 5585 2409 5643 mosyna,
2430 5585 2542 5624 non
2573 5568 2662 5624 cui
2688 5564 3092 5643 sitpraestanda
3127 5582 3140 5618 :
3176 5563 3334 5643 quasi
3356 5642 3359 5643 ν
3381 5577 3510 5616 vero
3536 5572 3738 5643 provo-

2157 5635 2702 5712 care'debeamusnt
2730 5635 3135 5712 eleemosynam
3163 5635 3368 5712 tribuat
3421 5641 3739 5712 pereuntem

2160 5713 2332 5772 fame;
2372 5727 2479 5765 non
2524 5709 2742 5772 divites,
2776 5724 2843 5761 ac
2873 5697 3075 5777 quibus
3105 5705 3360 5775 expedita
3394 5697 3464 5758 sit
3492 5702 3616 5771 ejus
3654 5697 3741 5777 [ιι-

2159 5768 2360 5845 cultas,
2396 5791 2455 5836 ut
2478 5783 2529 5835 in
2552 5768 2752 5852 egenos
2776 5768 3049 5848 ejusmodi
3095 5768 3499 5844 elcemosynam
3524 5768 3741 5826 'confe-

2162 5864 2306 5907 l‘illll.
