2036 3229
116 150 153 182 89
451 147 592 179 ORATIO
610 148 660 179 IX.
677 161 711 167 --
735 148 776 179 IN
791 147 1084 178 EXALTATIONEM
1103 147 1255 178 SANCTAZ
1268 147 1416 179 CRUCIS.
1717 151 1752 183 90

117 206 179 236 θαν,
194 202 265 231 ἀλλὰ
278 201 328 230 νῦν
342 201 437 230 οὐκέτι
469 211 515 238 μοι
541 203 681 238 τριὸόλους
696 204 744 231 καὶ
760 203 881 235 ἀκάνθας
896 204 913 238 ή

971 210 1037 236 loco,
1061 203 1140 238 quasi
1167 210 1217 238 pro
1232 203 1368 235 mercede,
1390 203 1484 238 spinas
1501 202 1568 231 mibi
1590 203 1753 232 submitten-

117 251 156 286 γῆ
170 250 311 281 ἀνατελεῖ,
318 249 374 275 οὐδ’
389 249 592 284 ιπικατάρστος
607 250 637 276 ὲν
654 250 712 282 τοῖς
726 249 817 285 ἔργοις
827 250 915 277 ἐσται.

122 298 158 325 Ἦ
171 297 229 332 γὰρ
239 296 288 323 τοῦ
301 295 382 328 ξύλου
407 295 501 330 φύσις,
529 295 564 322 δι’
588 293 618 324 οὖ
635 296 721 324 ταῦτα
746 298 914 332 ἐχορηγεῖτο,

118 344 168 380 τὴν
198 343 331 378 εὐφορίαν
354 350 401 377 μοι
429 342 482 368 τῶν
513 342 602 369 καλῶν
641 344 818 378 ἐχορήγησεν.
844 343 918 370 ’Λντ-

118 390 246 425 εστράφη
274 389 383 416 πάντα·
401 388 418 423 ἡ
443 387 515 423 λύπη
530 389 570 420 εἰς
588 389 705 424 χαρμὸν,
721 391 737 424 ἡ
752 390 858 425 κατάρα
877 391 916 421 εἰς

119 434 261 470 εὐλογίαν,
280 435 297 470 η
312 433 418 460 ἄκανθα
428 434 469 465 είς
483 434 588 468 καρπὸν
600 434 718 468 ἥδιστον.
739 434 823 461 Τοῦτο
835 435 915 469 μόνον

119 478 312 515 ἀμετάϐλητον
327 478 447 514 ἔμεινεν,
459 479 476 513 ἡ
496 478 543 505 τοῦ
561 479 659 514 ἐχθροῦ
678 479 721 514 ἐφ’
736 477 777 511 οἷς
799 481 849 515 ἐμὲ
872 489 917 507 κα-

119 525 176 558 κῶς
188 525 299 560 διέθηκε
317 525 450 560 τιμωρία·
469 524 508 551 ἔτι
531 525 576 552 ἐπὶ
589 525 692 552 κοιλίαν
705 526 718 552 ὁ
739 526 842 557 σκολιὸς
854 526 915 560 ὄφις

119 573 212 609 ἕρπει.
226 571 282 599 Τοῦ
298 571 355 607 γὰρ
367 571 440 598 θείου
451 570 536 606 ὕψους
565 571 635 598 ἑκὼν
651 573 680 598 ὲν
696 572 852 599 ἀποπτώσει
866 580 912 606 γε-

120 619 234 654 νόμενος
244 618 296 644 οὐκ
309 617 342 644 ἂν
359 617 488 644 οὐδέποτε
510 617 560 652 τῆς
578 619 665 653 χαμαὶ
696 619 848 653 συρομένης
864 628 915 645 κα-

122 665 184 697 κίαις
197 663 355 691 ἁνανεύσει.
371 663 488 690 Ἔτιτδν
505 663 568 698 χοῦν
580 664 663 690 ἐσθίει
677 665 725 700 τὴν
744 665 853 699 βαρεῖαν
869 666 915 691 καὶ

124 710 328 746 συμπιέζουσαν
359 709 441 736 αὑτὸν
463 709 568 742 ὀδύνην,
592 710 650 736 ἀνθ’
672 707 708 736 ὧν
721 711 853 745 ἐπειράθη
869 711 915 736 τὸν

124 758 168 784 διὰ.
180 757 323 792 σπλάγχνα
349 755 442 787 ἐλέους
469 755 502 781 ἐκ
525 755 587 790 χοὸς
600 757 639 786 είς
660 755 736 782 θείαν
759 756 914 791 ἀνηγμένον

130 801 324 837 μακαριότητα,
341 800 424 827 πάλιν
450 800 490 831 είς
509 799 571 834 χοῦν
588 801 764 834 καταγαγεῖν.
776 800 868 827 Ταῦτα
884 801 915 836 δὴ

128 847 222 879 ταῦτα,
235 847 313 883 ﬁsci
340 845 442 882 ὶχθροῦ
465 847 482 881 ἡ
514 846 624 881 δριμεῖα
645 847 724 882 ὀδύνη
741 847 837 878 ἇλυτος
855 847 913 873 δια-

128 894 212 929 μένει,
224 894 242 929 ἡ
254 892 587 928 ὲκείνουάπαραμύθητος
600 894 775 928 στενοχωρία,
788 893 835 920 ἅδ’
849 894 914 929 ἡμῖν

128 939 308 976 στενοχωρίαν
324 939 424 971 ἐποίει,
452 939 492 970 εἰς
520 939 630 973 εὐρεῖαν
654 939 784 974 μετῆλθεν
813 939 915 968 ἄνεσιν.

133 986 201 1014 'm'
211 985 246 1022 ἦν
257 985 312 1022 ιρσ.
319 985 368 1013 καὶ
383 984 461 1012 τοῦτο
481 984 555 1016 θείας
571 985 746 1020 κηδεμονίας,
773 985 810 1020 μὴ
835 985 915 1020 μόνον

129 1034 263 1068 οἰκτεῖραι
277 1032 324 1059 τὸν
339 1030 458 1059 παθόντα
473 1031 574 1063 κακῶς,
595 1031 661 1066 μηδὲ
676 1031 767 1058 δοῦναι
779 1032 828 1067 τὴν
840 1032 916 1058 ἐλευ-

133 1079 226 1114 θερίαν
238 1077 294 1105 τῶν
309 1075 559 1113 περιστοιχιξόντων
573 1077 704 1112 ἀνιαρῶν,
721 1077 790 1104 ἀλλὰ
806 1078 917 1103 κάκεῖνο

137 1124 167 1151 δι’
184 1120 217 1150 οὒ
234 1124 286 1159 τῆς
294 1123 382 1158 λύπης
398 1123 542 1160 ὴὰφορμὴ,
570 1124 610 1154 εἰς
625 1125 712 1150 αἴτιον
731 1125 914 1159 μεταποιῆσαι

141 1170 332 1205 φαιδρότητος,
353 1170 397 1197 καὶ
415 1165 443 1196 οὗ
463 1169 497 1197 δι’
523 1171 537 1196 ὁ
559 1170 655 1205 ἐχθρὸς
674 1170 737 1204 ἔσχε
751 1170 865 1205 τρῶσαι,
880 1170 914 1197 δι’

138 1217 243 1243 ἐκείνου
256 1216 362 1251 καιρίαν
372 1215 521 1243 ἀντιδοῦναι
535 1215 620 1250 αὐτῷ,
634 1216 663 1247 ὃς
671 1216 718 1242 νῦν
727 1216 803 1242 ἀλύει
816 1216 916 1242 στένων

134 1263 179 1288 καὶ
207 1261 369 1297 ὀδυρόμενος
391 1261 434 1289 διὰ
462 1261 552 1294 ξύλου,
578 1259 600 1295 ᾧ
618 1262 713 1297 πρώην
738 1262 789 1297 ἐμὲ
811 1262 918 1296 φυγάδα

130 1308 308 1343 κατέστησεν.
327 1308 446 1343 Ἐφυγον
467 1309 521 1343 γὰρ
542 1309 575 1335 ὲκ
597 1308 745 1343 προσώπου
772 1309 850 1341 Θεοῦ,
870 1309 917 1344 τὴν

128 1355 270 1390 γύμνωσιν
287 1354 507 1390 συναισθόμενος,
535 1355 582 1381 νῦν
603 1355 684 1381 αὑτὸν
700 1355 919 1390 φυγαδευόμενον

127 1402 181 1428 ἀπὸ
198 1401 291 1436 πάσης
302 1401 417 1433 κτίσεως
427 1401 563 1436 καθορῶν,
576 1402 621 1427 καὶ
636 1401 695 1429 ἀνθ’
721 1398 758 1428 ὧν
781 1401 836 1435 ὲγὼ
857 1401 919 1427 τότε

127 1448 235 1482 φύλλων
260 1448 302 1479 είς
334 1447 462 1483 βοήθειαν
494 1448 617 1482 ἔδεήθην,
645 1447 748 1481 γυμνὸς
775 1445 852 1478 οὗτος
872 1446 920 1473 καὶ

132 1495 234 1530 ἕρημος
253 1494 346 1529 πάσης
363 1493 492 1529 βοηθείας
511 1493 667 1529 πορεύεται.
689 1493 770 1520 Ἀλλὰ
792 1493 839 1520 νῦν
861 1492 916 1527 ἐγὼ

967 252 1021 275 tem
1040 257 1052 276 :
1065 251 1093 275 at
1103 248 1159 283 jam
1181 252 1253 276 terra
1266 256 1321 276 non
1336 249 1455 283 amplius
1468 249 1586 277 tribulos
1604 254 1632 277 et
1657 250 1753 285 spinas

971 292 1102 327 proferet,
1130 300 1218 328 neque
1241 293 1384 321 maledicta
1401 294 1428 321 in
1452 294 1581 328 operibus
1599 295 1662 323 erit.
1684 294 1752 322 Nam

967 343 1062 365 natura
1081 338 1158 373 ligni,
1173 346 1227 373 quo
1238 339 1301 366 talia
1315 339 1596 367 subministrabantur
1607 362 1613 373 ,
1632 340 1756 367 fecundi~

970 388 1051 411 latent
1078 385 1282 419 prteclarorum-
1301 385 1439 413 fructuum
1467 387 1533 413 mihi
1558 387 1751 421 snppeditavit.

970 429 1110 457 Conversa
1126 433 1189 457 sunt
1203 430 1293 456 omnia
1311 439 1318 456 :
1337 432 1447 458 tristitia
1463 432 1488 458 in
1507 432 1648 466 gaudium,
1667 432 1752 458 male-

968 475 1052 502 dictio
1071 477 1096 502 in
1116 476 1342 510 benedictionem,
1354 478 1433 511 spina
1446 477 1473 504 in
1490 478 1678 504 dulcissimum
1697 479 1753 504 l'ru-

968 526 1052 549 ctum.
1088 522 1150 549 Sola
1189 523 1368 550 immutabilis
1401 524 1531 550 remansit
1564 531 1667 558 ptena,
1699 531 1752 558 qua

969 567 1100 594 multatus
1111 571 1151 594 est
1161 567 1257 599 hostis,
1267 568 1302 594 ob
1313 576 1355 599 ea,
1365 576 1425 602 qum
1435 568 1505 595 male
1521 568 1547 594 in
1563 576 1606 595 me
1619 572 1751 602 patrarat.

968 612 1028 640 Jam
1052 621 1134 648 supra
1150 619 1271 640 ventrem
1296 614 1418 640 lubricus
1435 621 1547 646 serpens
1567 614 1662 647 serpit.
1684 613 1751 640 Cum

969 660 1040 686 enim
1056 668 1087 686 ex
1104 660 1194 686 divina
1205 660 1249 686 illa
1258 660 1419 686 celsitudine
1433 664 1529 693 Sponte
1541 660 1683 691 exciderit,
1699 668 1753 686 non

968 705 1085 739 amplius
1108 705 1247 731 abdicabit
1277 713 1337 732 sese
1357 705 1470 735 malitia.
1488 713 1548 739 qua:
1579 705 1654 732 humi
1673 707 1751 740 repit.

970 750 1081 778 Terram
1095 750 1183 778 adhuc
1193 751 1311 777 comedit
1320 758 1429 785 gravem
1441 751 1526 782 illam,
1536 758 1595 785 qua:
1606 751 1631 778 ei
1645 751 1754 778 dolores

968 797 1107 827 conciliat,
1123 804 1156 823 eo
1166 797 1236 831 quod
1252 801 1367 824 conatus
1384 797 1429 829 sit,
1445 805 1518 828 eum,
1535 799 1580 832 qui
1592 805 1638 832 per
1649 798 1754 825 viscera

968 842 1166 869 misericordia:
1180 850 1212 869 ex
1228 843 1292 869 limo
1310 846 1389 869 terrae
1405 843 1437 869 ad
1456 843 1594 870 cmlestem
1612 843 1755 870 beatitudi-

967 896 1028 915 nem
1038 893 1150 915 evectus
1162 893 1230 920 eral,
1240 896 1337 915 rursus
1346 888 1379 915 ad
1390 888 1483 915 limum
1498 893 1576 915 teme
1587 889 1731 916 detrudere
1745 898 1753 922 ;

968 938 995 960 et
1011 935 1067 960 haec
1088 934 1198 968 quidem
1219 934 1256 960 ita
1280 941 1310 961 se
1326 934 1437 961 habent.
1453 934 1564 961 Interim
1581 935 1754 963 inccssabilis

967 980 1012 1006 ille
1031 979 1108 1006 dolor
1121 984 1148 1006 et
1172 980 1376 1007 inconsolabilis
1391 980 1500 1007 alllictio
1515 986 1541 1008 et
1555 988 1676 1007 rerumna
1693 990 1751 1016 per-

967 1026 1049 1060 petim
1073 1026 1175 1057 durat;
1203 1034 1263 1061 qua)
1282 1035 1346 1053 vero
1361 1027 1438 1054 nobis
1460 1034 1588 1062 angorem
1609 1029 1752 1060 creabant,

968 1071 1013 1098 illa
1035 1072 1061 1098 in
1078 1072 1199 1106 requiem
1220 1076 1247 1099 et
1262 1072 1465 1106 pacatissimam
1490 1074 1685 1100 relaxationem
1701 1075 1751 1101 de-

968 1118 1082 1145 sierunt.
1094 1117 1192 1145 Verum
1202 1119 1272 1145 enim
1283 1126 1347 1145 vero
1356 1119 1405 1146 hoc
1414 1119 1533 1145 divinam
1547 1119 1750 1147 Providentiam

968 1165 1091 1198 decebat,
1115 1170 1143 1192 ut
1160 1173 1213 1192 non
1230 1167 1317 1192 solum
1335 1167 1405 1192 tnale
1423 1166 1548 1193 affectum
1565 1169 1753 1200 miseraretur,

970 1216 995 1238 et
1017 1219 1031 1237 a
1053 1212 1317 1239 circumsistentibus
1342 1213 1522 1240 incommodis
1549 1214 1686 1246 liberaret,
1708 1216 1754 1242 sed

970 1261 999 1283 ut
1014 1257 1039 1284 id
1056 1265 1164 1292 quoque
1177 1278 1183 1288 .
1211 1258 1284 1292 quod
1300 1259 1409 1285 occasio
1424 1258 1526 1285 dolm'is
1542 1259 1605 1290 fuit,
1624 1261 1649 1286 in
1671 1267 1756 1288 matc-

969 1303 1037 1329 riam
1054 1304 1200 1331 hilaritatis
1214 1308 1405 1336 commntaret,
1416 1309 1442 1332 et
1458 1312 1504 1339 per
1521 1305 1545 1331 id
1561 1314 1614 1340 quo
1629 1306 1755 1334 inimicus
1795 1337 1798 1339 _

971 1350 1086 1381 laeserat,
1103 1350 1161 1384 ipse
1178 1350 1299 1377 vicissim
1314 1350 1413 1377 lethale
1427 1352 1526 1378 vulnus
1539 1352 1688 1386 acciperet,
1706 1353 1753 1387 qui

970 1403 1043 1422 nunc
1069 1396 1179 1422 oberrat
1209 1404 1320 1430 gemens
1346 1401 1372 1422 et
1390 1396 1496 1430 ejulans
1525 1397 1657 1425 beneficio
1679 1398 1755 1433 ligni,

971 1449 1024 1476 quo
1041 1449 1084 1469 me
1099 1446 1178 1468 antea
1196 1442 1341 1476 profugum
1356 1441 1467 1469 fecerat.
1488 1442 1554 1476 Fugi
1570 1442 1642 1470 enim
1659 1451 1673 1469 a
1688 1443 1756 1470 facie

971 1487 1017 1515 Dei
1047 1487 1197 1514 nuditatem
1228 1495 1314 1514 meam
1340 1489 1484 1515 reveritus.
1513 1487 1591 1515 Nunc
1613 1489 1701 1523 ipsum
1722 1490 1756 1516 ab

131 1540 196 1575 ὁμοῦ
208 1541 244 1567 τὰ
258 1540 360 1575 φύλλα,
371 1541 420 1567 καὶ
438 1540 501 1571 τοὺς
522 1539 702 1574 δερματίνους
726 1539 868 1574 ἀπεθέμην
879 1549 918 1574 χι-

971 1533 1045 1560 omni
1064 1538 1192 1560 creatura
1207 1534 1350 1567 expulsum
1367 1534 1522 1568 conspicor.
1541 1533 1573 1560 Et
1597 1534 1657 1560 loco
1673 1534 1733 1567 ejus
1747 1553 1757 1567 ,

129 1587 226 1618 ηὔνας’
241 1586 307 1613 οὐδὲ
321 1585 377 1622 γὰρ
387 1585 428 1612 ἔτι
442 1584 544 1612 τοῦτων
563 1585 602 1611 δεῖ
618 1585 667 1620 τῆς
681 1585 799 1620 ἀρχαίας
822 1585 918 1619 στολῆς

129 1640 175 1666 μοι
184 1630 457 1667 περιπτωιημένης,
471 1630 504 1666 ἢν
517 1630 586 1665 ξύλῳ
595 1629 804 1665 λελυμασμένην
817 1629 860 1655 διὰ
872 1629 918 1662 ξύ-

128 1678 177 1704 λου
191 1677 424 1714 πρωποιήσαντο
435 1678 462 1703 αί
483 1676 533 1712 τὴν
547 1676 663 1711 ὓπαρξιν
678 1677 710 1702 ἐκ
726 1675 777 1710 γῆς
794 1675 919 1710 δωρησά-

134 1730 214 1757 μενιι
226 1723 332 1758 χεῖρες,
342 1721 372 1748 ιν
386 1721 474 1756 τούτῳ
487 1720 680 1753 διεκταθεῑσαι,
696 1721 786 1755 χεῖρες
803 1721 917 1752 ἐκεῖναι,

134 1764 233 1804 ὧντὴν
245 1768 363 1795 ἔκτασιν
386 1767 432 1794 καί
452 1767 501 1802 τὴν
527 1767 667 1800 ἐνέργειαν
694 1766 803 1792 οἰκείων
821 1766 920 1801 χειρῶν

131 1816 245 1843 ἐκτάσει
257 1814 382 1849 κωῦσῆς
392 1813 586 1848 προδιετύπου,
602 1812 732 1846 Μωῦσῆς,
748 1812 776 1843 ὃς
785 1812 846 1846 ἵστη
859 1811 921 1847 τρό-

129 1870 212 1889 παιον
230 1861 308 1893 ιθνος
331 1860 461 1895 πολέμιον
489 1859 595 1886 διώκων
619 1858 664 1885 τὸν
684 1859 817 1894 Ἀμαλὴκ,
852 1866 921 1892 προ-

127 1908 308 1945 ῳκειωμένου
323 1906 389 1934 λαοῦ
403 1907 441 1942 τῷ
461 1906 531 1941 Θεῷ.

130 1954 249 1990 Moyses,
273 1953 325 1989 qui
352 1957 483 1988 tropaum
513 1951 630 1984 statuit,
653 1951 779 1979 hostilem
819 1954 926 1985 gentem
956 1950 1168 1977 Amalecitarum
1199 1956 1368 1984 persequens
1396 1949 1438 1980 ",

135 2002 234 2037 populo
244 2008 310 2029 cum
329 2000 396 2028 Deo.

177 2038 256 2074 Ἀλλὰ
278 2046 370 2074 ταῦτα
395 2046 443 2081 μὲν
463 2045 566 2080 Μωῡοῇ
586 2044 625 2079 τῷ
641 2043 817 2079 πρεσϐυτέρῳ
840 2043 917 2069 τετέ-

141 2093 230 2119 λεστο*
246 2092 326 2128 ﬁget;
345 2091 374 2118 δὲ
385 2090 534 2126 τρυφῶμεν
552 2090 606 2116 τῶν
626 2089 717 2115 τύπων
732 2090 790 2120 ταῖς
806 2088 919 2114 ἐκϐάσε-

138 2147 191 2172 σιν,
201 2139 267 2174 ὁμοῦ
280 2137 323 2174 τῷ
344 2136 469 2172 ’Δμαλὴκ
480 2138 527 2162 καὶ
542 2135 588 2162 τοῦ
604 2135 715 2165 σκότους
729 2134 776 2161 τοῦ
791 2133 919 2169 ἄρχοντος

132 2186 278 2217 alterum;
291 2184 342 2211 σὺν
362 2183 455 2218 ἁπάσῃ
468 2190 497 2208 τε
519 2182 627 2216 ἀοράτῳ
645 2180 726 2207 αὐτοῦ
752 2180 876 2215 στρατιᾷ,
889 2176 920 2205 οὗ

128 2233 179 2258 καὶ
196 2232 265 2266 πρὶν
291 2230 332 2261 εις
352 2228 513 2264 καθαίρεσιν
534 2226 711 2261 ὡπλοποιήθη
732 2225 848 2260 σταυρὸς
873 2224 922 2250 καὶ

127 2278 178 2305 νῦν
194 2276 352 2312 ὑψούμενος
371 2276 429 2306 ταῖς
446 2273 541 2301 ἑαυτοῦ
563 2272 767 2308 μαρμαρυγαῖς,
778 2269 823 2297 οἶα
841 2271 921 2304 ζόφον

127 2324 213 2351 αὐτὸν
235 2324 270 2350 ὲκ
288 2321 344 2349 τῶν
360 2321 485 2356 περάτων
503 2319 664 2356 ἀποᾷιώκει.
686 2317 816 2352 ’Υψοῦται
846 2316 922 2349 ξύλον

130 2368 318 2405 μκιριστδν,
332 2367 362 2394 ιν
372 2363 396 2401 ᾧ
410 2366 493 2392 πάλαι
505 2364 571 2397 Θεὸς
586 2364 665 2400 χερσὶ
678 2363 829 2398 μιαιφόνοις
849 2363 921 2397 ὑψω-

129 2415 188 2447 θεὶς
213 2412 400 2450 ἐχλευάζετο,
424 2412 440 2438 ὁ
461 2410 561 2446 χλεύης
588 2409 672 2436 ἐλθὼν
690 2407 843 2440 ἀπαλλάξαι
860 2407 922 2437 τοὺς

129 2460 271 2495 “pta-sd;
288 2458 337 2486 καὶ
351 2456 523 2493 ἀγνώμονας.
550 2455 680 2491 ’Υψοῦται
697 2454 785 2487 ξύλον,
800 2453 815 2479 ὅ
839 2452 923 2479 πάλαι

127 2507 181 2542 μὶν
203 2504 352 2540 συναγωγὴ
389 2502 495 2538 πονηρὰ
517 2501 611 2537 χερσὶν
638 2501 800 2534 ἐτεκτήνατο
837 2496 923 2524 παλα-

127 2552 258 2587 μναίαις,
283 2549 392 2585 θανάτῳ
413 2547 584 2583 διανοηθεῖσα
611 2546 660 2582 τὴν
676 2546 748 2580 ζωὴν
767 2543 922 2579 προδοῦναι,

127 2598 204 2633 σφᾶς
217 2597 241 2624 δ’
257 2595 357 2627 αὐτοὺς
370 2594 609 2629 ἀποστερήσαντες
622 2592 672 2627 τῆς
686 2591 758 2625 ζωῆς
774 2591 799 2616 οί
810 2587 925 2623 πονηροὶ

125 2643 267 2679 γεωργοὶ,
290 2638 317 2668 δι
331 2640 371 2676 τῷ
386 2639 550 2676 κληρονόμῳ
574 2638 676 2673 τόλμαν
693 2636 825 2673 ἀράμενοι
841 2643 924 2669 πονη-

128 2690 184 2725 ρὰς
200 2689 297 2725 χεῖρας
310 2686 460 2717 ἐπιϐαλεῖν,
477 2685 534 2719 οἵγε
550 2683 718 2719 κληρονόμον
734 2681 926 2717 ὁμολογοῦντες

971 1578 1044 1613 quod
1065 1582 1129 1605 tunc
1145 1578 1217 1605 loliis
1232 1578 1347 1606 subsidii
1368 1586 1450 1606 causa
1470 1579 1585 1614 indigni,
1607 1579 1664 1614 ipse
1684 1588 1758 1607 nunc

971 1627 1045 1653 omni
1062 1633 1112 1661 ope
1128 1626 1276 1654 destitutus
1294 1627 1402 1653 circuit.
1425 1626 1477 1653 Sed
1495 1634 1545 1661 ego
1557 1626 1612 1660 jam
1637 1626 1719 1653 simul
1732 1631 1759 1653 et

972 1671 1036 1698 folia
1051 1678 1079 1699 et
1094 1676 1187 1700 vestes
1200 1672 1328 1707 pelliceas
1338 1672 1453 1707 deposui
1468 1681 1475 1704 ;
1494 1680 1548 1698 non
1559 1672 1758 1706 euinﬁamplius

974 1718 1018 1745 his
1035 1726 1104 1753 opus
1116 1718 1215 1749 habeo,
1228 1718 1341 1752 antiqua
1359 1718 1428 1745 stola
1437 1719 1527 1744 denuo
1539 1722 1659 1751 recepta,
1677 1724 1759 1751 quam

973 1763 1047 1799 ligno
1056 1764 1269 1792 contaminatam
1281 1772 1329 1798 per
1340 1764 1443 1799 lignum
1458 1765 1638 1790 restituerunt
1650 1770 1759 1794 manus,

974 1818 1034 1844 quae
1049 1819 1091 1838 me
1100 1818 1131 1838 ex
1146 1816 1218 1837 terra
1229 1810 1394 1840 formarunt,
1410 1810 1437 1836 in
1451 1810 1503 1836 hoc
1516 1816 1642 1844 expansa:
1652 1815 1759 1839 manus,

974 1859 1094 1893 inquam.
1112 1858 1174 1890 illae,
1193 1865 1308 1892 quarum
1327 1857 1515 1884 extensionem
1536 1861 1562 1883 et
1580 1857 1632 1882 vim
1654 1855 1761 1889 Moyses

973 1906 1038 1932 olim
1068 1912 1180 1932 suarum
1205 1912 1334 1931 manuum
1363 1904 1522 1931 extensione
1553 1902 1758 1937 praeligurabat,

1466 1948 1644 1975 reconciliato
1683 1947 1760 1982 prius

1006 2042 1037 2068 Et
1062 2041 1120 2068 haze
1137 2040 1245 2075 quidem
1261 2039 1296 2066 ab
1321 2038 1434 2073 antiquo
1458 2038 1504 2065 illo
1531 2037 1623 2072 Moyse
1649 2041 1760 2072 peracta

972 2092 1046 2115 sunt.
1063 2087 1118 2114 Nos
1136 2090 1226 2113 autem
1244 2085 1414 2112 exsultamus
1426 2085 1572 2118 figurarum
1597 2084 1739 2110 eventibus
1751 2103 1759 2114 ,

973 2133 1054 2160 simul
1069 2131 1228 2158 Amalecitis
1243 2135 1269 2157 et
1286 2129 1410 2164 principe
1433 2129 1606 2155 tenebrarum
1628 2135 1760 2155 corruen‘

975 2179 1059 2209 tibus.
1076 2185 1137 2204 cum
1154 2177 1282 2204 universo
1301 2183 1349 2203 suo
1367 2175 1499 2201 invisibili
1519 2175 1653 2206 exercitu,
1671 2174 1697 2201 in
1712 2181 1761 2201 cu-

972 2224 1018 2258 jus
1042 2223 1153 2250 exitium
1176 2222 1250 2256 prius
1278 2228 1386 2257 quoque
1404 2227 1471 2246 crux
1489 2224 1529 2246 est
1553 2218 1713 2252 fabrefacta,
1732 2223 1761 2246 et

976 2276 1048 2295 nunc
1058 2270 1187 2299 exaltata,
1199 2266 1345 2301 splendore
1355 2273 1416 2297 suo,
1429 2266 1502 2293 velut
1512 2264 1655 2299 caliginem
1667 2271 1762 2299 quam-

975 2315 1048 2346 dam,
1066 2314 1154 2349 ipsqu
1172 2321 1205 2340 ex
1220 2313 1321 2340 ﬁnibus
1337 2317 1416 2339 terra:
1429 2311 1603 2339 exterminat.
1619 2310 1761 2337 Exaltatur

976 2361 1084 2388 beatum
1100 2360 1213 2395 lignum,
1234 2360 1262 2386 in
1280 2359 1351 2393 quod
1367 2358 1431 2385 olim
1444 2365 1458 2384 a
1472 2357 1614 2385 sceleratis
1635 2356 1761 2383 manibus

976 2411 1061 2433 actus:
1084 2404 1248 2431 irridehatur
1268 2405 1302 2435 is,
1317 2403 1363 2438 qui
1386 2407 1508 2433 venerat,
1529 2405 1558 2428 ut
1578 2401 1612 2428 ab
1634 2401 1762 2428 irrisione

974 2451 1124 2486 injuriosos
1139 2450 1201 2478 illos
1220 2454 1246 2478 et
1263 2450 1385 2485 ingratos
1402 2449 1543 2475 liberaret.
1561 2446 1703 2474 Exaltatur
1730 2446 1763 2473 li-

975 2505 1069 2532 gnum,
1088 2497 1160 2532 quod
1177 2497 1240 2524 olim
1258 2496 1377 2530 maligna
1388 2500 1525 2529 synagoga
1542 2493 1668 2520 manibus
1688 2492 1763 2519 fune-

976 2544 1026 2572 stis
1043 2542 1236 2574 fabricaverat,
1253 2541 1333 2568 morti
1356 2541 1440 2567 vitam
1458 2540 1568 2567 tradere
1581 2543 1678 2566 conata
1693 2547 1701 2571 ;
1719 2539 1763 2565 in-

976 2589 1057 2616 terim
1078 2589 1185 2623 seipsos
1203 2587 1313 2622 propria
1339 2585 1395 2611 vita
1416 2585 1558 2619 privarunt
1581 2584 1700 2619 improbi
1723 2583 1763 2610 illi

974 2634 1120 2670 agricolae,
1151 2633 1196 2668 qni
1218 2631 1329 2663 lia-redi,
1348 2635 1456 2664 sumpta
1481 2629 1596 2657 audacia
1610 2649 1617 2661 .
1644 2628 1763 2656 nefarias

977 2688 1075 2707 tnanus
1092 2679 1244 2714 injecerunt
1260 2686 1267 2710 ;
1282 2677 1327 2712 qui
1344 2675 1477 2702 ltmredem
1490 2682 1551 2702 esse
1563 2674 1641 2706 fassi,
1661 2674 1762 2701 invidia

239 2721 290 2761 καὶ
305 2731 388 2768 μανίᾳ⁸
406 2730 551 2767 μεθύοντες
563 2729 613 2765 τὴν
623 2728 704 2755 αὐτοῦ
717 2727 796 2759 δόξαν
818 2727 847 2753 οὐ
866 2734 918 2752 συν

971 2731 1005 2758 ,et
1023 2726 1116 2753 furore
1131 2725 1212 2756 ebrii,
1229 2724 1343 2759 gloriam
1363 2721 1423 2757 ejus
1443 2728 1497 2748 non
1513 2721 1716 2751 intellexerunt,
1733 2723 1763 2746 ut

129 2766 222 2815 ίεσαν,
248 2766 345 2815 ᾖφησι
361 2766 391 2805 το
405 2777 505 2811 λόγιον,
526 2776 560 2803 Et
582 2775 637 2810 γὰρ
655 2774 803 2810 ἔγνωσαν,
821 2773 876 2799 οὐκ
892 2771 918 2799 ἂι

982 2780 1068 2800 sacra:
1083 2771 1193 2799 Litterae
1205 2773 1340 2798 testantur
1356 2777 1363 2795 :
1387 2766 1457 2794 Nam
1474 2767 1496 2794 si
1507 2766 1697 2801 cognovissent,
1712 2773 1762 2793 non

165 2872 193 2888 "
211 2869 301 2899 Exod.
319 2876 381 2901 nn,
395 2868 422 2895 9.
