4072 6446
572 307 642 374 91

578 427 758 496 utique
819 421 1102 477 Dominum
1148 414 1330 486 gloria:
1367 410 1840 480 cruci/ixissent".
1886 409 2004 463 Non
2049 423 2144 461 eo-
2177 415 2216 468 ,Α

582 521 911 590 gnoverunt.
941 510 1070 580 quia
1099 519 1432 577 cognoscere
1462 504 1774 569 noluerunt,
1805 509 1917 554 tota
1947 501 2156 569 cogita-

581 611 730 664 tione
757 604 822 658 ad
853 601 1112 657 invidiam
1162 608 1448 659 conversa,
1486 595 1782 666 gloriaeque
1814 590 2152 662 magnitudio

581 717 727 764 nem,
769 697 872 752 etsi
901 692 1272 753 manifestam,
1305 701 1605 758 agnoscere
1634 686 2023 747 detrectantes,
2047 697 2153 735 non

576 793 847 848 dederunt
876 788 1054 840 locum
1081 782 1276 837 rationi
1301 780 1369 835 ad
1401 778 1838 849 intelligendum,
1862 784 1920 830 ut
1950 783 2153 828 tantam

574 883 786 939 rabiem
825 878 1168 938 cohiberent,
1228 882 1444 926 tantum
1480 871 1545 924 ad
1575 869 1893 940 sanguinem
1937 865 2154 920 Domini

571 967 966 1025 effundendum
1019 961 1252 1018 intenti:
1277 960 1371 1016 sed
1403 958 1656 1014 viderunt
1694 965 1747 1011 et
1780 959 2156 1026 cognoverunt

577 1059 850 1115 lizeredem
861 1101 873 1112 .

645 1152 1033 1223 Cognoverunt
1079 1153 1247 1210 certe,
1291 1160 1400 1198 non
1450 1150 1509 1196 ιιι
1555 1153 1812 1210 tanquam
1862 1139 2150 1194 Dominum

577 1247 766 1317 gloria:
799 1243 1155 1299 honorarent,
1189 1237 1284 1308 sed
1317 1245 1375 1289 ιιι
1407 1233 1774 1305 ignominiosa
1801 1237 1976 1283 morte
2007 1229 2151 1299 peri-

576 1348 811 1396 merent.
858 1339 932 1392 Ea
971 1339 1114 1391 enim
1151 1334 1369 1389 invidia:
1399 1340 1596 1385 natura
1627 1336 1730 1384 est.
1779 1326 1898 1381 Non
1934 1326 2150 1392 recipit,

579 1449 698 1500 qua:
715 1431 1005 1485 confitetur
1029 1445 1045 1494 ;
1070 1442 1246 1496 neque
1280 1424 1333 1477 id
1361 1421 1509 1493 quod
1534 1420 1770 1482 videtur,
1798 1418 1982 1470 videre
2013 1415 2151 1473 vult,

581 1536 756 1590 neque
787 1520 1040 1576 assentiri
1076 1516 1166 1578 iis,
1205 1530 1324 1583 qu:e
1354 1510 1539 1581 negari
1575 1513 1874 1578 nequeunt.
1918 1503 2028 1557 Hae
2059 1518 2153 1555 oc-

581 1609 787 1681 cupati,
836 1608 1066 1678 pepulus
1099 1606 1368 1673 ingratus,
1423 1598 1714 1659 haeredem,
1749 1594 1936 1664 gloriae
1964 1590 2148 1643 Domi—

583 1718 734 1763 num,
761 1715 921 1770 quem
945 1703 1212 1752 noverant
1239 1691 1546 1763 (quomodo
1575 1690 1719 1744 enim
1759 1688 1999 1741 divinam
2033 1683 2152 1753 ejus

585 1793 923 1861 majestatem
977 1791 1232 1857 ignorare
1278 1791 1528 1853 poterant
1575 1781 1676 1844 illi,
1719 1777 1862 1848 apud
1897 1791 2037 1848 quos
2072 1785 2154 1829 tot
2184 1756 2225 1808 Β

583 1887 860 1953 tantisque
895 1880 1174 1935 miraculis
1205 1875 1512 1946 fulgebat?)
1544 1873 1700 1942 quasi
1727 1885 1832 1924 non
1867 1868 2144 1938 cognitum

583 1977 638 2029 in
671 1977 815 2043 ligno
845 1970 1166 2033 extendunt,
1202 1971 1361 2037 cujus
1394 1966 1540 2032 virga
1579 1961 2010 2033 prtesignifieans
2041 1958 2147 2011 vim

582 2077 636 2120 et
669 2064 988 2127 efficaciam,
1022 2062 1316 2116 scelestum
1358 2057 1696 2111 Pharaonem
1730 2068 1852 2106 cttm
1896 2052 2149 2106 curribus

581 2167 635 2211 et
661 2157 1046 2211 ascensoribus
1068 2154 1122 2207 in
1149 2151 1477 2222 profundum
1503 2149 1788 2215 demersit,
1813 2149 1960 2200 viam
1993 2145 2153 2199 liber-

574 2253 711 2305 tatis
751 2250 1006 2318 aperiens
1059 2247 1282 2316 populo,
1313 2247 1405 2314 qui
1438 2243 1555 2295 luto
1599 2250 1652 2296 et
1711 2240 1945 2294 lateritio
1984 2253 2149 2307 opere

582 2345 812 2398 allliclus
844 2343 1042 2395 fuerat.
1085 2340 1199 2391 Non
1234 2336 1596 2391 conflictabor
1621 2349 1750 2404 ergo
1776 2333 2009 2400 amplius
2039 2333 2151 2384 luto

583 2445 637 2487 et
663 2433 814 2505 gravi
845 2431 1078 2484 lateritio
1105 2445 1267 2498 opere
1298 2428 1525 2497 peccati.
1552 2425 1669 2478 Jam
1701 2425 1844 2477 enim
1869 2424 2150 2477 salutifera

582 2526 737 2594 virga
803 2523 994 2576 mundi
1060 2523 1272 2576 hostem
1322 2521 1480 2574 nobis
1540 2519 1974 2574 infensissinmm
2025 2532 2148 2572 cum

586 2623 696 2668 tota
751 2615 996 2686 potentia
1046 2623 1102 2666 et
1138 2612 1426 2683 tyrannide
1475 2613 1682 2680 peccati
1740 2611 1922 2666 obruit
1967 2627 1980 2662 :
2019 2607 2152 2660 mihi

585 2722 718 2760 vero
746 2707 954 2760 misero
980 2717 1031 2760 et
1066 2707 1331 2759 destituto
1363 2704 1559 2758 salutis
1598 2703 1740 2756 viam
1774 2702 1987 2772 pandit.
2024 2697 2154 2753 Vio-

583 2801 762 2854 lenter
791 2798 1008 2867 quidem
1039 2804 1361 2867 persecutor
1395 2812 1478 2851 me
1501 2797 1786 2849 insecutus
1822 2802 1925 2857 est,
1968 2795 2060 2848 sed
2087 2791 2156 2846 ab

585 2897 789 2965 impetu
831 2894 1107 2947 cohibitus
1148 2900 1232 2947 est
1283 2891 1515 2945 terribili
1575 2891 1811 2959 quodatn
1868 2885 2156 2941 obstaculo

582 2987 820 3056 obiecto.
845 2983 994 3039 Vidit
1021 2985 1262 3038 divinam
1302 2995 1659 3043 armaturam,
1690 2991 1743 3035 et.
1775 2980 2017 3033 concidit
2055 2992 2157 3047 ρον

585 3079 773 3134 tentia.
801 3077 957 3131 Radii
989 3077 1148 3147 hujus
1177 3075 1518 3137 effulserunt.
1551 3077 1918 3142 tenebrasque
1945 3073 2157 3124 instau-
2183 3086 2226 3144 ρ

584 3181 669 3225 tes
703 3179 755 3224 ct
781 3179 1172 3238 persequentes
1203 3168 1566 3236 dispulerant,
1601 3164 1748 3219 Vidit
1790 3165 1996 3232 regium
2037 3178 2157 3216 sce-

583 3270 764 3330 ptrum
802 3262 1084 3329 improbus
1123 3260 1209 3311 ille.
1244 3260 1462 3328 genius,
1506 3266 1560 3311 et
1586 3256 1835 3311 desertor
1871 3265 2155 3325 tyrannus,

581 3365 637 3408 et
694 3355 922 3408 horrore
947 3355 1197 3423 perfusus
1241 3354 1294 3405 in
1318 3368 1558 3406 summas
1591 3351 1870 3420 angustias
1899 3350 2156 3403 detrusus

584 3453 689 3502 est.
723 3445 863 3510 Quid
897 3460 1027 3514 ergo
1055 3446 1078 3496 ’ί
1106 3445 1208 3508 Au,
1233 3460 1266 3496 ο
1291 3445 1470 3497 omnis
1507 3443 1877 3511 improbitatis
1907 3449 2155 3509 repertor

583 3545 640 3591 et
683 3535 900 3598 artifex,
941 3537 1122 3589 adhuc
1174 3537 1228 3589 in
1267 3537 1433 3589 altum
1485 3535 1728 3602 loqueris
1778 3533 2066 3596 sublimia,
2102 3541 2157 3585 et

586 3626 874 3696 magnifice
903 3626 1248 3696 gloriaberis,
1279 3626 1438 3693 quasi
1476 3640 1671 3678 manus
1700 3634 1819 3677 tuas
1856 3624 1933 3676 sis
1961 3631 2156 3676 exten-

586 3733 772 3782 surus,
795 3726 1078 3786 totumque
1104 3726 1376 3770 terrarum
1395 3717 1582 3770 orbem
1608 3717 1748 3769 velut
1781 3729 1881 3769 ova
1901 3713 2162 3768 detractis

588 3809 962 3878 putaminibus
983 3812 1034 3862 in
1063 3811 1232 3862 altum
1279 3818 1538 3877 rapturus
1566 3809 1589 3861 Ἰ
1619 3807 1992 3876 Nequaquam.
2017 3804 2159 3870 Quin

585 3915 810 3972 magnas
838 3901 910 3955 ob
949 3901 1474 3971 magniloquentiam
1513 3901 1670 3955 istam
1709 3916 1900 3970 ptenas
1943 3899 2158 3968 pendis.

582 3992 753 4063 Igitur
783 4010 889 4048 non
933 3994 1109 4048 solum
1143 3995 1239 4046 tibi
1281 4010 1386 4047 non
1421 3993 1549 4047 licet
1597 4009 1796 4046 manus
1841 3992 2158 4056 extendere,

1809 293 2084 357 LEONIS
2124 295 2225 355 PII
2236 289 2585 352 ILOSOPHI

3765 288 3826 347 92

3799 333 3827 348 Μ

2247 405 2353 459 τόν
2380 405 2602 472 Κύριον
2621 401 2732 469 τῆς
2766 401 2953 468 δόξης
2973 399 3388 468 ἐσταύρωσαν.
3418 400 3530 454 Οὐκ
3560 401 3822 469 ἔγνωσαν,

2257 498 2379 551 ἐπεὶ
2417 495 2538 566 μηδ’
2567 494 2952 565 ἠϐουλήθησαν
2989 491 3222 560 γνῶναι,
3267 492 3388 546 ὅλον
3434 493 3525 546 τὸν
3576 493 3830 564 λογισμὸν

2259 593 2351 644 ἐπὶ
2379 593 2471 646 τὸν
2501 592 2693 660 φθόνον
2731 590 3142 654 ἁποκλίναντες,
3186 588 3279 642 καὶ
3324 588 3385 640 τὸ
3419 587 3704 658 μεγαλεῖον
3734 589 3831 658 τῆς

2259 684 2439 752 δόξης,
2473 683 2566 736 καί
2596 700 2680 735 τοι
2709 699 2772 745 γε
2790 681 3020 750 φανερὸν
3049 681 3130 747 ὃν,
3159 680 3389 733 συνιδεῖν
3414 681 3514 731 οὐκ
3541 679 3832 743 ἐθέλοντες.

2256 777 2370 830 Οὐκ
2402 775 2609 829 ἔδωκαν
2649 775 2814 828 τόπον
2842 775 2921 845 τῷ
2950 774 3196 844 λογισμῷ
3231 774 3469 825 συνεῖναι
3495 813 3509 835 ,
3551 771 3692 824 ὥστε
3740 772 3834 843 τὴν

2255 868 2524 936 τοσαύτην
2551 865 2748 919 λύτταν
2796 869 3064 935 ἐπισχεῖν,
3102 867 3239 934 πρὸς
3288 865 3450 934 μόνον
3484 863 3546 916 τὸ
3595 863 3834 917 κενῶσαι

2256 959 2318 1013 τὸ
2343 959 2662 1012 δεσποτικὸν
2687 953 2826 1028 αἷμα
2864 959 3006 1022 ὀξεῖς
3034 959 3340 1026 γεγονότες.
3387 957 3528 1010 Ἀλλ’
3559 955 3704 1011 εἶδον
3736 959 3835 1030 μὲν

2259 1053 2354 1106 καὶ
2389 1053 2603 1104 συνιᾶσι
2641 1050 2733 1104 τὸν
2765 1051 3123 1120 κληρονόμον.

2325 1143 2546 1197 Συνιιῖσι
2578 1142 2677 1212 μέν
2708 1159 2792 1194 τοι
2825 1141 2910 1210 ἐφ’
2932 1135 2975 1210 ᾧ
3004 1143 3102 1212 οὐχ
3132 1142 3209 1205 ὡς
3237 1141 3444 1213 Κύριον
3482 1140 3639 1212 δόξης
3669 1142 3835 1212 τιμῆ-

2255 1252 2366 1300 σαι,
2400 1235 2515 1289 ἀλλ’
2543 1236 2626 1302 ἐφ’
2656 1226 2697 1301 ᾧ
2731 1233 3066 1304 παραδοῦναι
3096 1233 3310 1305 θανάτῳ
3353 1233 3550 1303 ἀτίμῳ.
3583 1233 3836 1288 Τοιοῦτον

2254 1328 2362 1397 γὰρ
2391 1329 2418 1380 ό
2445 1326 2666 1395 φθόνος*
2697 1326 2757 1378 ού
2794 1326 3150 1395 καταδέχεται
3190 1325 3226 1379 ἃ.
3255 1325 3531 1394 ὁμολογεῖ,
3568 1326 3678 1378 οὐδ’
3705 1328 3834 1399 ὁρᾷν

2255 1418 2500 1487 βούλεται
2529 1419 2590 1470 τὸ
2631 1418 2976 1487 φαινόμενον,
3017 1417 3137 1469 οὐδὲ
3179 1416 3567 1470 κατατίθεσθαι
3599 1417 3834 1483 τούτοις,

2251 1507 2287 1560 ἃ
2317 1507 2390 1577 μὴ
2423 1507 2708 1577 ἀρνεῖσθαι
2738 1507 2984 1560 δυνατόν.
3040 1507 3228 1577 Τούτῳ
3263 1506 3660 1577 κρατηθέντες,
3709 1508 3836 1572 λαὸς

2253 1599 2524 1668 ἀγνώμων
2564 1600 2655 1653 τὸν
2698 1600 3033 1671 κληρονόμον
3071 1599 3172 1669 τῆς
3210 1599 3367 1670 δόξης
3391 1599 3481 1652 τὸν
3515 1599 3744 1667 Κύριον,
3780 1601 3836 1653 όν

2252 1691 2454 1760 ᾔδεσαν
2488 1689 2629 1760 (πῶς
2680 1690 2790 1760 γὰρ
2844 1689 2995 1759 ἐνῆν,
3033 1691 3248 1757 ἀγνοεῖν
3304 1689 3402 1759 τὴν
3456 1689 3645 1760 θεῖκὴν
3673 1691 3834 1743 αὑτοῦ

2253 1781 2429 1846 δόξαν,
2475 1775 2556 1843 οἷς
2584 1782 2649 1850 τῇ
2698 1781 2979 1850 ὑπερφυῖα
3017 1779 3126 1832 τῶν
3159 1779 3452 1850 θαυμάτων
3479 1780 3771 1851 διέλαμψεν
3799 1786 3834 1849 ;)

2252 1874 2326 1938 ὡς
2375 1873 2449 1944 μὴ
2490 1872 2689 1934 εἰδότες
2728 1873 2820 1924 ἐπὶ
2855 1872 3009 1936 ξύλου
3047 1870 3336 1936 τανύουσι,
3369 1867 3429 1926 οὗ
3466 1872 3662 1942 ῥάϐδος
3702 1890 3837 1944 προ-

2257 1962 2536 2032 μηνύουσα
2574 1962 2671 2034 τὴν
2704 1963 3004 2032 ἐνέργειαν,
3038 1962 3129 2015 τὸν
3179 1961 3455 2032 ἀλιτήριον
3507 1963 3705 2034 Φαραὼ
3740 1964 3839 2015 αύ-

2252 2059 2363 2119 τοῖς
2393 2056 2600 2125 ἅρμασι
2634 2057 2729 2110 καί
2770 2055 3065 2117 ἀναϐάταις
3097 2055 3343 2125 θαλάσσῃ
3379 2053 3638 2118 ὲϐύθιζεν,
3679 2055 3835 2109 ἐλευ-

2256 2150 2441 2221 Θερίας
2471 2149 2592 2202 ὁδὸν
2622 2149 2899 2218 τέμνουσα
2942 2148 3098 2218 πηλῷ
3129 2149 3224 2202 καὶ
3256 2147 3502 2218 πλινθεία
3547 2147 3831 2202 ταλαιπω-

2258 2242 2508 2313 ρουμένῳ
2559 2241 2694 2311 λαῷ.
2751 2241 2961 2294 Οὔκουν
2992 2240 3173 2294 οὐκέτι
3209 2239 3366 2309 πηλῷ
3393 2240 3485 2295 καὶ
3515 2239 3718 2310 πλίνθῳ
3766 2242 3835 2310 τῇ

2258 2335 2450 2406 βαρείᾳ
2499 2335 2597 2404 τῆς
2657 2334 2934 2403 ἁμαρτίας
2983 2334 3215 2404 ἐργασίᾳ
3261 2333 3693 2403 ταλαιπωρήσω·
3736 2333 3836 2403 ήδη

2255 2427 2364 2496 γὰρ
2391 2428 2425 2496 ή
2455 2425 2546 2478 τοῦ
2589 2425 2798 2494 κόσμου
2850 2427 3118 2496 σωτήριος
3163 2425 3356 2496 ῥάϐδος
3392 2423 3591 2495 Φαραὼ
3625 2424 3721 2494 μὲν
3746 2423 3837 2477 τὸν

2254 2517 2516 2586 δυσμενῆ,
2549 2516 2684 2586 αὐτῇ
2715 2509 2943 2584 δυνάμει
2981 2517 3075 2568 καὶ
3113 2515 3386 2585 τυραννίδι
3407 2515 3509 2584 τῆς
3537 2516 3831 2585 ἁμαρτίας,

2258 2607 2692 2671 κατακαλύπτει,
2727 2609 2848 2678 ἐμοὶ
2894 2607 2938 2660 δ’
2973 2607 3215 2678 ἐξηπορη
3227 2608 3373 2678 μένῳ
3419 2607 3695 2677 σωτηρίας
3723 2607 3839 2661 όδδν

2259 2701 2571 2768 ὑπανοίγει.
2605 2700 2798 2753 Βιαίαν
2831 2703 2858 2752 ὁ
2881 2698 3046 2752 διὼκτ
3058 2717 3117 2768 ης
3145 2699 3369 2769 ἐποίησε
3395 2698 3495 2768 τὴν
3516 2698 3697 2763 δίωξιν
3721 2698 3841 2752 κατ’

2259 2792 2415 2862 ἐμοῦ,
2465 2791 2601 2844 ἀλλὰ
2647 2794 2748 2860 τῆς
2793 2790 2974 2861 ῥύμης
3032 2790 3164 2859 ἔστη
3203 2789 3518 2860 περιτυχὼν
3555 2789 3844 2860 κωλύματι

2259 2885 2494 2956 φοϐερῷ.
2524 2881 2677 2938 Εἷδεν
2702 2884 2866 2937 ὅπλον
2897 2883 3062 2944 θεῖον,
3098 2884 3194 2936 καὶ
3223 2882 3512 2953 συνετρίϐη
3544 2883 3644 2953 τὴν
3685 2883 3848 2937 δύνα-

2263 2995 2374 3047 μιν.
2413 2977 2800 3047 Ἐπέστραψαν
2840 2978 2894 3029 αί
2929 2976 3122 3028 τούτου
3161 2977 3401 3042 ἀκτῖνες,
3442 2976 3540 3029 καὶ
3565 2977 3625 3029 τὸ
3647 2977 3852 3031 διῶκον

2262 3070 2453 3132 σκότος
2481 3067 2728 3133 ἐδίωξαν.
2774 3065 2895 3122 Εἷδε
2924 3069 2986 3123 τὺ
3018 3068 3294 3139 βασιλικὸν
3328 3072 3608 3140 σκῆπτρον
3639 3070 3667 3122 ὁ
3715 3071 3852 3124 ἀλά-

2265 3175 2434 3230 στωρ,
2480 3161 2509 3212 ὁ
2542 3160 2858 3231 ἀποστάτης
2892 3161 3176 3231 τύραννος,
3202 3161 3298 3213 καὶ
3325 3159 3496 3232 φρίκῃ
3537 3161 3852 3231 συσχεθεὶς,

2264 3251 2593 3322 ἐξηπόρησε.
2624 3252 2689 3304 Τί
2728 3253 2842 3318 Eu;
2886 3254 3009 3324 ’Ἆρ’
3030 3249 3145 3317 οὖν,
3187 3247 3232 3307 ὧ
3255 3257 3357 3325 τῆς
3389 3255 3588 3317 κακίας
3623 3254 3852 3324 εὑρετὰ,

2263 3342 2344 3395 ἔτι
2369 3343 2623 3414 λαλήσεις
2658 3346 2738 3406 είς
2775 3346 2835 3396 τὺ
2859 3343 2994 3413 ὕψος
3024 3346 3328 3417 ὑπέρογκα,
3372 3346 3466 3398 καὶ
3495 3347 3856 3418 μεγαλορρη-

2267 3435 2522 3503 μονήσεις
2559 3436 2796 3502 ἐκτενεῖν
2825 3434 2924 3497 τὰς
2954 3437 3164 3504 χεῖρας,
3193 3435 3288 3487 καὶ
3317 3435 3504 3488 πᾶσαν
3529 3435 3748 3505 ἐξαρεῖν
3775 3435 3856 3498 ὡς

2261 3529 2343 3580 tbi
2380 3527 2846 3597 καταλελειμμένα
2878 3527 3317 3597 τὴνηοξκουμένην
3343 3544 3358 3593 ;
3391 3525 3675 3595 Οὐδαμῶς,
3707 3525 3857 3578 ἀλλὰ

2256 3621 2350 3672 καὶ
2378 3618 2614 3686 φοϐερὰν
2651 3619 2953 3689 εἰσπράττῃ
2988 3619 3087 3688 τῆς
3140 3617 3706 3689 μεγαλορρημοσύνης
3746 3617 3857 3688 τὴν

2256 3713 2472 3782 ποινήν.
2505 3712 2620 3765 Οὐκ
2669 3710 2762 3764 οὖν
2818 3713 3106 3782 περιέσται
3149 3729 3230 3765 σοι
3285 3712 3359 3782 μὴ
3417 3712 3500 3764 ὅτι
3554 3713 3852 3772 ἐκτείνειν,

2255 3801 2370 3855 ἀλλ’
2403 3801 2523 3854 οὐδὲ
2554 3803 2726 3853 κινεῖν
2761 3800 2857 3871 τὴν
2894 3804 3073 3872 χεῖρα’
3116 3801 3353 3874 παρείθη
3385 3803 3495 3874 γὰρ
3527 3802 3622 3858 καὶ
3651 3804 3854 3872 γέγονε

2261 3893 2625 3964 ἁνενέργητος
2651 3933 2667 3958 ,
2696 3892 2794 3945 τοῦ
2831 3891 3067 3964 σταυροῦ
3122 3895 3200 3956 είς
3239 3893 3309 3945 τά
3361 3895 3571 3964 πέρατα
3625 3893 3862 3948 διεκτα-

2259 3988 2464 4051 θέντος.

582 4087 676 4140 sed
717 4101 896 4157 neque
937 4101 1171 4140 movere.
1223 4084 1512 4140 Dissolutze
1557 4085 1702 4139 enim
1736 4085 1846 4155 jam
1900 4090 2032 4138 sunt
2071 4089 2126 4135 et
2162 4080 2470 4135 inetlicaces
2522 4077 2772 4141 reddita},
2807 4092 2970 4132 cruce
3006 4093 3178 4147 usque
3207 4077 3274 4132 ad
3313 4077 3448 4134 ﬁnes
3519 4088 3676 4133 terra
3743 4094 3862 4133 ex-

583 4193 760 4235 tensa.

652 4273 772 4327 Jam
814 4273 943 4324 olim
981 4273 1198 4340 quidem
1246 4273 1519 4325 hominem
1560 4272 1834 4343 perversis
1884 4273 1992 4325 tuis
2032 4285 2158 4340 per-

586 4363 937 4418 suasionibus
972 4367 1443 4433 obtemperantem
1471 4366 1736 4433 rclinquil
1767 4363 1933 4429 Deus,
1966 4379 2072 4417 non
2102 4372 2159 4415 ut

2337 4261 2514 4315 Πάλαι
2571 4260 2671 4330 μὲν
2719 4257 2812 4310 οὖν
2839 4258 2928 4310 τὸν
2964 4258 3253 4329 ἄνθρωπον
3299 4261 3418 4320 ταῖς
3453 4261 3573 4322 σαῖς
3602 4260 3869 4322 σκολιαῖς

2266 4354 2628 4424 παραγωγαῖς
2682 4351 3130 4422 πειθαρχήσαντα
3157 4391 3171 4415 ,
3223 4349 3397 4402 λείπει
3429 4349 3582 4414 Θεὸς,
3620 4353 3728 4424 οὐχ
3775 4355 3868 4408 ἵνα

585 4454 709 4516 tibi,
739 4454 1155 4514 scelestissime.
1184 4455 1380 4523 praeda:
1411 4465 1556 4509 esset
1607 4459 1738 4523 (non
1773 4463 2057 4525 tantopere
2086 4455 2156 4508 ob

2267 4465 2347 4500 σοι
2400 4444 2478 4516 τῷ
2525 4443 2853 4514 παλαμναίῳ
2896 4443 3171 4513 ἅρπαγμα
3201 4443 3446 4512 γένηται·
3483 4443 3582 4514 οὐχ
3612 4443 3810 4512 οὕτως
3843 4450 3873 4501 ὁ

583 4559 764 4598 meum
795 4558 1035 4598 errorem
1071 4543 1497 4611 benignissimus
1529 4543 1688 4599 Pater
1716 4546 2038 4614 irascitur),
2064 4543 2160 4599 sed

583 4646 650 4682 eo
681 4644 855 4697 usque
905 4628 1172 4682 duntaxat
1220 4629 1456 4693 deserit,
1500 4641 1561 4684 ut
1607 4647 1768 4687 casus
1816 4633 1898 4684 sui
1940 4641 2160 4701 gustum

585 4721 875 4790 quemdam
900 4729 954 4775 et
981 4736 1200 4775 sensum
1236 4723 1450 4788 habeat,
1469 4739 1644 4794 eoque
1673 4724 1844 4794 magis
1873 4725 2157 4794 intelligat,

584 4827 691 4881 qua
725 4814 936 4870 ratione
959 4798 1337 4869 insidiatorem
1371 4817 1545 4872 vitare
1569 4818 1801 4880 debeat,
1839 4819 1920 4872 vel
1953 4823 2159 4872 rectius

584 4902 883 4971 loquendo,
920 4903 1038 4973 ipse
1069 4919 1180 4959 non
1207 4905 1558 4976 derelinquit,
1593 4909 1719 4978 quia
1751 4924 1872 4962 eum
1905 4923 2004 4978 ego
2043 4923 2163 4976 pro-

584 4994 706 5064 pria
745 4994 952 5047 malitia
981 5012 1046 5049 ex
1081 5007 1308 5066 paterno
1339 5000 1464 5053 sinu
1503 5015 1586 5054 me
1633 5000 2015 5069 praecipitat-im
2044 5038 2058 5061 ,
2090 5000 2156 5053 ad

584 5085 862 5140 modicum
898 5087 1132 5156 spatium
1169 5088 1435 5144 iusultum
1475 5098 1529 5145 et
1561 5091 1975 5162 impressionem
2011 5092 2104 5145 tibi
2140 5132 2154 5156 ,

585 5179 833 5248 improba
861 5179 1059 5244 bestia,
1081 5183 1353 5250 permisit,
1379 5191 1438 5236 ut
1455 5199 1553 5254 ego
1575 5185 1884 5238 calamitate
1914 5201 2156 5254 pressus,

587 5283 803 5322 rursum
835 5269 900 5323 ad
932 5280 1183 5338 paternas
1215 5273 1371 5327 ulnas
1405 5288 1490 5325 me
1520 5274 1800 5341 recipiam.
1832 5273 1912 5328 Tu
1940 5276 2155 5345 quidem

586 5359 838 5424 putabas,
888 5373 1010 5413 cum
1049 5360 1240 5415 fraude
1275 5362 1532 5431 abreptus
1561 5379 1762 5430 essem,
1815 5382 1900 5419 tne
1932 5369 2155 5422 omnino

590 5461 621 5498 a
652 5461 875 5531 paterna
903 5466 1034 5506 cura
1059 5461 1111 5506 et
1137 5455 1479 5522 providentia
1506 5457 1775 5526 abjectum
1806 5473 1947 5524 esse,
1979 5477 2156 5531 neque

590 5541 794 5610 aliquid
837 5547 1232 5602 consolationis
1265 5549 1350 5604 vel
1383 5549 1496 5618 spei
1529 5550 1596 5605 de
1622 5551 1796 5606 reditu
1825 5569 2114 5622 superesse
2140 5593 2154 5616 ,

690 5715 900 5773 alCor.
928 5737 988 5786 ll,
1031 5725 1084 5776 8.

2273 4538 2658 4607 φιλάνθρωπος
2714 4534 2906 4605 Πατὴρ
2964 4535 3057 4586 ἐπὶ
3121 4532 3199 4603 τῷ
3256 4533 3372 4604 ὲμῷ
3448 4536 3878 4606 παροργίζεται

2262 4630 2575 4699 σφάλματι·
2635 4627 2770 4680 ἀλλά
2829 4627 3085 4679 τοσοῦτον
3137 4627 3293 4696 μόνον
3346 4627 3664 4680 καταλείπει
3732 4631 3880 4684 ὅσον

2261 4721 2615 4787 συναίσθησιν
2668 4719 2850 4773 λαϐεῖν
2891 4718 2985 4773 τοῦ
3031 4719 3368 4790 σφάλματος,
3427 4725 3520 4774 καὶ
3553 4721 3769 4792 μαθεῖν
3803 4726 3884 4779 δι’

2257 4808 2331 4867 ὧν
2368 4811 2673 4883 φυλάξομαι
2711 4811 2802 4865 τὸν
2852 4811 3136 4864 ἐπίϐουλον
3167 4827 3181 4841 ·
3219 4811 3419 4881 μᾶλλον
3461 4812 3504 4864 δ’
3537 4811 3648 4864 οὐδ’
3683 4815 3889 4878 αὐτὸς

2259 4907 2601 4972 καταλείπει,
2634 4905 2748 4958 ἀλλ’
2771 4907 2906 4976 ἐμοῦ
2936 4906 3120 4970 κακῶς
3139 4884 3249 4960 τῶῦ
3273 4906 3559 4977 πατρικῶν
3574 4908 3891 4979 ἀποσκιρ-

2254 5000 2519 5069 τήσαντος
2563 4997 2804 5062 κόλπων,
2858 4996 2952 5050 ἐπὶ
2991 4999 3162 5070 βραχὺ
3217 4998 3312 5066 τὴν
3366 4999 3729 5070 καταδρομήν
3788 5019 3890 5057 σοι

2255 5093 2332 5162 τῷ
2363 5090 2586 5162 πονηρῷ
2633 5091 2870 5160 διαφῆκε
2897 5093 3092 5162 θηρίῳ,
3125 5093 3190 5144 ἵν’
3217 5093 3330 5160 ὲγὼ
3364 5091 3651 5155 συσταλεὶς
3682 5095 3894 5153 πάλιν

2253 5188 2319 5255 τῇ
2359 5183 2589 5255 πατρώᾳ
2637 5184 2973 5253 προσδράμω
3027 5183 3263 5255 ἀγκάλῃ.
3298 5184 3371 5236 Σὺ
3414 5185 3458 5238 δ’
3493 5185 3602 5256 ἄρα
3635 5183 3890 5260 ᾠήθης,

2256 5279 2378 5331 ἐπεὶ
2427 5277 2788 5348 παρεκλάπην
2819 5278 3168 5331 παντάπασιν
3200 5278 3541 5350 ἀπερρίφθαι
3571 5287 3900 5354 πατρικῆς

2261 5369 2518 5441 προνοίας
2542 5411 2556 5434 ,
2591 5370 2684 5423 καὶ
2733 5372 2930 5441 μηκέτι
2969 5372 3320 5442 παραμύθιον
3352 5371 3474 5441 μηδ’
3510 5374 3900 5445 ἐπιστροφὴν

2263 5460 2400 5516 εἷναί
2454 5480 2578 5533 μοι,
2628 5463 2900 5518 ἀλλά’τὺν
2951 5465 3094 5519 οὕτω
3145 5465 3280 5519 Θεοῦ
3323 5465 3623 5536 τιμηθέντα
3675 5471 3905 5526 εἰκόνι

2265 5554 2521 5620 καθάπαξ
2540 5555 2856 5628 ὑποχείριον
2879 5552 2967 5613 οἷα
2987 5558 3043 5612 δὲ
3073 5559 3341 5630 ἅρπαγμα
3357 5558 3653 5630 ἐπειράθης
3685 5564 3904 5636 ποιή-
