4072 6436
291 314 361 374 93
949 305 1228 365 ORATIO
1266 305 1367 365 IX.
1407 330 1471 341 -
1506 304 1587 362 IN
1629 301 2218 362 EXALTATIONEM
2258 304 2559 364 SANCTE
2594 305 2882 366 CRUCIS.
3477 305 3545 370 9’s

294 425 521 480 σασθαι.
560 422 718 474 Ἀλλά
751 420 990 491 μάνθανε
1022 420 1137 484 νῦν,
1163 421 1236 480 ὡς
1263 419 1439 488 μάτην
1464 417 1563 486 μὲν
1594 419 1626 487 ή
1653 417 1888 488 κακίστη

2007 418 2086 472 sed
2116 434 2260 481 eum,
2282 420 2374 488 qui
2406 420 2494 472 Dei
2526 420 2756 486 imagine
2781 419 3071 488 insignitus
3112 425 3249 480 erat,
3279 419 3375 473 tibi
3401 435 3550 490 prur-

291 519 459 586 τέχνη
485 512 890 582 διεσπουδάσοη
920 527 1002 564 σοι
1047 511 1148 580 τῆς
1179 510 1491 578 ἐπιϐουλῆς,
1529 510 1705 579 μάτην
1729 509 1786 562 δέ
1817 527 1884 579 με

292 609 368 677 τῷ
397 605 559 676 φυτῷ
579 600 884 669 ’ὑποθὲλξας
927 605 1025 671 τῆς
1072 601 1324 669 γνώσεως
1352 601 1446 654 τοῦ
1469 601 1570 670 τῆς
1607 600 1767 670 Ἐδὲμ
1799 601 1884 668 ἐξ·

292 702 448 766 ἀγεις
503 698 735 767 χωρίου.
779 696 970 764 Μάτην
1003 694 1058 746 δὲ
1092 694 1322 765 σοϐαρὸς
1376 695 1642 764 περιῄεις,
1694 690 1884 762 ὲφόίς

294 788 627 844 ἐπεπόνθειν
681 785 814 854 ἐγὼ,
865 786 1166 860 κομπάζων
1194 787 1288 838 ἐπὶ
1335 788 1454 849 ταῖς
1491 787 1610 848 σαῖς
1647 785 1885 848 ἀπάταις

293 884 384 936 καὶ
417 879 857 951 σεμνυνόμενος.

365 1149 517 1217 ’Ὅρα
551 1146 662 1215 γὰρ
697 1137 785 1195 οἷά
813 1158 902 1211 μοι
926 1139 1139 1208 γέγονε,
1191 1139 1390 1209 μᾶλλον
1433 1140 1479 1192 δ’
1506 1142 1636 1212 ὁρᾷς
1664 1141 1757 1195 καὶ
1791 1158 1886 1193 πε-

308 1239 556 1308 ριιξὲρεις
591 1235 785 1302 ὀδύνης
837 1232 1060 1303 κέντρον
1108 1231 1558 1302 ἀπαραμύθητον.
1614 1232 1741 1284 Ἰδοὺ
1778 1230 1886 1302 γὰρ

312 1331 365 1379 ὲν
394 1326 626 1397 Κρανίῳ
653 1325 753 1392 τῆς
785 1321 931 1391 ζωῆς
965 1338 1054 1389 μοι
1087 1318 1241 1383 ξύλον
1267 1322 1456 1391 ἀνέϐη.
1481 1324 1545 1374 δι’
1573 1316 1633 1374 οῦ
1664 1320 1755 1374 καὶ
1786 1337 1889 1374 πα-

323 1419 563 1486 ράδεισον
598 1415 695 1467 καὶ
745 1410 1071 1472 ἀθανασίαν,
1109 1413 1202 1462 ml.
1234 1411 1333 1479 τὴν
1367 1411 1500 1479 πρὸς
1529 1411 1617 1464 τὸν
1645 1410 1889 1480 πλάστην

322 1509 643 1576 οἰκειότητα,
679 1505 773 1556 τὸν
827 1503 1050 1572 ἀρχαῖον
1093 1500 1458 1571 ἀπολαμϐάνω
1489 1501 1738 1554 πλοῦτον.
1777 1501 1891 1554 Νῦν

333 1617 384 1649 σε
413 1599 603 1668 μᾶλλον
632 1596 664 1665 ἢ
696 1595 816 1648 τότε
851 1593 1176 1664 θερμότερος
1211 1592 1506 1660 ἀνσφλέγει
1540 1591 1751 1660 φθόνος,
1785 1591 1892 1660 μά-

335 1693 476 1744 λι.πᾶ
520 1709 606 1759 γε,
640 1692 666 1742 ὅ
699 1707 752 1741 τι
797 1687 894 1739 καὶ
929 1685 1106 1758 δρῴης
1151 1685 1539 1754 ὲξαποροῦντα.
1583 1687 1736 1739 Πᾶσα
1785 1685 1894 1754 γὰρ

337 1780 670 1848 κακοτεχνίας
735 1775 951 1846 μηχανὴ
1012 1772 1361 1846 περιῄρηται,
1412 1774 1519 1827 οὐδ’
1559 1776 1672 1828 ἔστι
1715 1774 1782 1828 δι’
1821 1768 1895 1827 ὧν

338 1872 589 1942 ἔτιπόρον
631 1877 766 1940 πρὸς
803 1869 1018 1938 ἀπάτην
1053 1868 1256 1930 λάϐοις.
1307 1869 1381 1920 Οὐ
1420 1868 1526 1939 γάρ
1559 1868 1719 1938 μόνον
1763 1869 1898 1921 ὑπο-

341 1962 630 2033 ψιθυρξζειν
657 1962 716 2014 ού
750 1961 1123 2031 παρῤησιάση,
1149 1959 1265 2012 ἀλλ’
1313 1960 1434 2011 οὐδὲ
1465 1961 1641 2012 οἰστόν
1681 1976 1762 2012 σοι
1800 1959 1900 2030 μέι

351 2072 450 2106 νειν
476 2053 566 2124 τὴν
595 2054 701 2105 ἀπὸ
722 2051 814 2104 τοῦ
838 2051 980 2104 θείου
1017 2050 1206 2103 τούτου
1243 2051 1408 2118 φυτοῦ
1443 2051 1670 2121 δύναμιν
1711 2055 1894 2122 προϊε-

361 2144 532 2212 μένην.
587 2142 720 2194 Ἰδού
752 2159 836 2212 μοι
869 2140 930 2194 τὸ
981 2139 1261 2209 βασιλικὸν
1316 2139 1596 2210 σκῆπτρον
1629 2134 1716 2193 οἷα
1746 2139 1906 2192 παιδὶ

363 2234 688 2302 ηγαπημὲνῳ
719 2233 912 2285 δίδωσιν
953 2234 980 2284 ὁ
1025 2233 1322 2301 Δεσπότης.
1355 2233 1433 2283 Δι’
1465 2223 1525 2282 οὗ
1559 2247 1618 2282 σε
1646 2231 1736 2283 τὸν
1771 2246 1900 2283 σκο-

372 2325 472 2375 λιὸν
500 2324 800 2385 θανατώσας
825 2323 933 2389 ὅφιν
977 2323 1076 2395 τὴν
1125 2323 1268 2394 ζωὴν
1303 2322 1616 2394 ἐχαρίσατο.
1663 2321 1776 2374 Νῦν
1809 2328 1898 2392 μοι

365 2418 419 2468 τὸ
440 2418 576 2484 μέγα
604 2417 699 2481 τῆς
729 2415 1015 2482 ἀσφαλείας
1051 2413 1214 2467 ὅπλον
1250 2412 1570 2482 ἐχαλκεύθη,
1604 2412 1670 2463 δι’
1698 2407 1758 2464 οὗ
1797 2413 1902 2465 πά-

354 2525 444 2577 σης
479 2507 763 2577 ἐπιϐουλῆς
811 2506 1051 2575 ἀμείνων
1103 2505 1461 2573 καθίσταμαι.
1503 2504 1644 2557 Ἀλλ’
1680 2499 1724 2557 ὦ
1750 2504 1902 2568 ξύλον

343 2597 496 2665 μόνον
526 2599 587 2648 ὲκ
635 2594 812 2663 φυτῶν
852 2594 996 2646 θείου
1029 2595 1266 2663 νάματος
1305 2593 1496 2664 ἀρδείᾳ
1530 2593 1792 2646 πιανθένί
1835 2594 1900 2644 Ὢ

337 2686 484 2750 ξύλον
515 2687 644 2754 φυὲν
672 2687 769 2755 μὲν
802 2689 862 2738 ὲν
886 2687 1130 2756 Κρανίῳ,
1166 2689 1345 2738 πᾶσαν
1379 2686 1434 2737 δὲ
1473 2685 1576 2754 γῆν
1612 2685 1904 2755 περιλαϐὸν

328 2783 388 2849 τῇ
444 2781 592 2850 σκιᾷ,
626 2781 684 2832 ἐν
791 2779 891 2846 τῆς
924 2778 1200 2847 κακούσης
1235 2778 1508 2848 ἁμαρτίας
1541 2777 1904 2831 διανεπαυσάο-

328 2873 468 2943 μηνί
524 2872 588 2923 Ὢ
636 2872 800 2940 φυτὸν
837 2873 896 2922 ὲν
937 2872 1008 2939 γῇ
1053 2870 1152 2939 μὲν
1185 2869 1516 2939 βλαστῆσαν,
1551 2868 1826 2938 ὑπερηκον
1849 2869 1904 2921 δὲ

324 2965 412 3015 τὸν
436 2963 692 3032 οὐρανὸν,
726 2955 787 3014 οὗ
813 2962 904 3015 τὸν
932 2960 1211 3032 ἀμύθητον
1238 2961 1458 3028 ἄγγελοι
1489 2959 1700 3030 καρπὸν
1733 2959 1902 3030 ὁρῶν-

1990 525 2086 563 sns
2117 509 2384 571 subdere,
2437 519 2490 563 et
2535 509 2683 562 velut
2737 509 3004 577 rapinam,
3057 509 3331 578 proprium
3381 508 3558 564 facere

1985 600 2202 652 tentasti
2235 616 2250 666 ;
2299 607 2351 652 at
2385 599 2536 654 disce
2572 600 2707 669 jam,
2743 599 2943 652 frustra
2975 609 3026 654 te
3069 599 3210 654 hanc
3263 601 3554 668 pessimam

1985 689 2230 744 fraudem
2291 701 2343 745 ct
2379 692 2607 746 sutelam
2640 692 3003 743 machinatum
3031 706 3150 746 esse
3185 709 3199 752 ;
3245 691 3444 746 frustra
3473 707 3558 746 me

1985 782 2135 851 ligno
2173 784 2422 838 scientiae
2451 784 2760 848 delinitnm,
2791 799 2855 837 ex
2886 784 3104 852 regione
3151 783 3314 838 Edem
3345 785 3554 838 educis.

1988 871 2217 928 Frustra
2249 875 2457 929 circuis
2503 876 2688 929 elatus
2716 875 2786 928 ob
2809 891 2893 939 ea,
2926 891 3046 943 qua:
3089 890 3283 944 passus
3313 890 3434 929 sum
3465 875 3557 929 de-

1985 965 2241 1020 trimenta
2271 983 2283 1020 :
2314 966 2656 1034 triumphans
2688 977 2742 1020 et
2773 966 3000 1020 mirilice
3029 974 3080 1020 te
3103 965 3558 1036 Circumspiciens

1986 1066 2206 1127 propter
2243 1058 2382 1120 illas,
2415 1073 2553 1126 quas
2589 1070 2930 1113 commentus
2963 1073 3022 1113 cs
3061 1057 3301 1113 fraudes.

2062 1150 2278 1204 latuere
2328 1149 2473 1202 enim
2516 1164 2637 1218 qua:
2675 1149 2805 1202 mihi
2847 1149 3128 1204 evenerint
3179 1168 3195 1203 :
3247 1148 3327 1202 vel
3377 1147 3556 1218 potius

1986 1243 2097 1312 jam
2124 1241 2375 1303 intueris,
2411 1242 2802 1309 stimulumque
2843 1242 3186 1296 insolubilem
3219 1241 3423 1295 doloris
3451 1242 3561 1296 cir-

2002 1333 2258 1387 cumfers.
2289 1331 2432 1386 Ecce
2462 1336 2605 1386 enim
2667 1332 2718 1384 in
2745 1335 3010 1386 tialvaria:
3060 1333 3178 1387 loco
3205 1334 3407 1403 lignum
3439 1335 3563 1388 vitae

1996 1425 2128 1478 mihi
2158 1424 2390 1488 exstitit,
2422 1439 2531 1492 quo
2555 1432 2606 1478 et
2637 1424 2977 1493 paradisum,
3002 1432 3055 1478 et
3079 1426 3559 1487 immortalitatem,

1997 1525 2050 1570 et
2075 1516 2524 1585 conjunctionem
2566 1530 2691 1568 cum
2732 1516 3045 1579 Conditore,
3078 1525 3395 1585 veteresque
3432 1531 3564 1585 opes

1996 1619 2282 1673 recupera.
2315 1605 2383 1658 At
2414 1613 2470 1658 tu
2503 1619 2647 1657 nunc
2697 1605 3012 1659 ardentiore
3041 1621 3205 1674 quam
3234 1607 3362 1659 olim
3395 1607 3566 1660 livore

2000 1696 2364 1755 contabescis,
2401 1696 2636 1750 maxime
2675 1710 2800 1749 cum
2850 1697 3086 1760 nescias,
3122 1713 3230 1766 quo
3270 1707 3321 1751 te
3365 1709 3562 1753 vertas.

2000 1787 2190 1841 Omnis
2216 1789 2360 1841 enim
2392 1790 2762 1841 versutiarum
2789 1788 3040 1842 machina
3063 1789 3158 1843 tibi
3192 1790 3414 1858 praecisa
3443 1801 3560 1843 est:

1996 1895 2170 1948 neque
2211 1889 2295 1934 est
2354 1880 2494 1934 unde
2539 1879 2777 1949 amplius
2817 1880 3161 1934 occasionem
3211 1881 3276 1932 ad
3319 1881 3564 1934 fraudem

1998 1979 2173 2039 petas.
2205 1968 2339 2022 Nam
2386 1985 2495 2024 non
2541 1970 2716 2025 solum
2767 1970 3064 2023 mussitare
3107 1985 3213 2024 non
3246 1969 3432 2033 audes,
3472 1971 3566 2025 sed

1995 2073 2171 2126 neque
2200 2066 2354 2127 potes
2395 2058 2508 2112 ullo
2551 2057 2713 2110 tnodo
2745 2057 2976 2111 sulTerre
3005 2058 3258 2112 virtutem
3303 2066 3358 2110 et
3389 2057 3571 2112 cilica.

1995 2148 2156 2213 ciam,
2190 2164 2310 2216 qua:
2339 2147 2406 2200 ab
2439 2148 2540 2200 hac
2568 2147 2750 2199 divina
2779 2147 2964 2214 planta
2997 2147 3284 2202 emittitur.
3317 2147 3452 2201 Ecce
3482 2163 3569 2201 τοι

1995 2240 2142 2310 gium
2174 2247 2477 2308 sceptrum,
2536 2245 2794 2306 tanquam
2843 2237 3043 2298 dilecto
3086 2239 3213 2302 lilio,
3266 2239 3432 2291 tradit
3467 2237 3573 2290 Do-

1998 2330 2200 2392 minus,
2233 2345 2338 2398 quu
2373 2337 2447 2388 te,
2477 2338 2696 2382 versute
2729 2343 2975 2396 serpens,
3003 2333 3205 2392 occiso,
3237 2331 3405 2382 vitam
3439 2329 3568 2382 tnihi

1998 2419 2238 2473 donavit.
2291 2419 2445 2473 Nunc
2497 2420 2627 2471 mihi
2682 2418 2914 2487 insignis
2967 2420 3055 2473 illa
3088 2431 3361 2472 armatura
3395 2420 3573 2472 omnis

2001 2509 2242 2579 praesidii
2278 2509 2524 2564 confecta
2554 2519 2656 2574 est,
2695 2525 2800 2579 qua
2833 2511 3049 2564 cunctis
3083 2511 3296 2565 insidiis
3325 2514 3577 2579 superior

1999 2602 2221 2656 cilicior.
2255 2603 2325 2654 At
2349 2618 2380 2654 ο
2418 2603 2618 2671 lignum
2652 2590 2828 2654 solum
2850 2618 2916 2655 ex
2947 2604 3202 2656 omnibus
3251 2603 3452 2671 plantis
3490 2603 3576 2657 di-

2003 2695 2110 2747 vini
2143 2694 2332 2748 ﬂuenti
2365 2677 2682 2762 irrigatione
2708 2682 3135 2764 pinguefactuml
3170 2698 3212 2748 0
3238 2696 3442 2765 lignum
3473 2711 3578 2750 na-

2000 2796 2114 2840 tum
2141 2788 2358 2855 quidem
2404 2787 2456 2838 in
2494 2786 2613 2839 loco
2641 2785 2926 2848 Calvarire,
2957 2797 3010 2839 at
3037 2787 3229 2840 umbra
3270 2799 3362 2840 tua
3403 2796 3575 2841 totum

1999 2887 2270 2932 terrarmn
2300 2878 2485 2931 orbem
2523 2877 2818 2939 ambivisti,
2853 2878 2907 2930 in
2941 2893 3052 2945 quo
3086 2892 3114 2930 a
3144 2889 3393 2945 peccato,
3432 2878 3579 2947 quod

2004 2985 2090 3024 me
2139 2967 2428 3038 aﬂligebat,
2485 2967 2750 3024 liberatus
2793 2970 2952 3023 sum!
3008 2967 3292 3038 inlanta,
3340 2969 3392 3022 iit
3439 2980 3582 3024 terra

325 3070 435 3117 τες,
472 3054 574 3121 τὴν
617 3051 858 3120 μεγάλην
892 3050 1082 3118 σοφίαν
1120 3050 1214 3102 τοῦ
1255 3049 1562 3118 φυτοκόμου
1592 3049 1897 3118 θαυμάζου-

2007 3060 2221 3130 quidem
2263 3061 2600 3131 germinans,
2635 3067 2690 3114 at
2745 3065 2941 3115 caelum
2976 3061 3390 3126 transcendens,
3423 3062 3582 3132 cujus

323 3161 410 3196 σιν
445 3142 900 3212 ἐκπληττόμενοι,
949 3140 1116 3211 ὁρῶσι
1172 3141 1382 3211 καρπὸν
1438 3139 1544 3192 τῶν
1600 3140 1900 3209 ἀνθρώπιον

317 3238 421 3306 τὴν
468 3233 770 3306 σωτηρίαν,
813 3234 907 3287 τοῦ
940 3233 1171 3287 θανάτου
1200 3232 1518 3296 κατάλυσιν,
1549 3231 1649 3302 τὴν
1694 3235 1771 3293 εἰς
1805 3233 1903 3301 τὴν

322 3329 565 3399 πατρίδα
593 3329 702 3379 τῶν
732 3325 1036 3398 ἀνθρώπων
1061 3327 1340 3387 ἐπάνοδον,
1365 3326 1462 3395 τῆς
1489 3325 1748 3396 φλογίνης
1778 3327 1905 3395 ῥομ-

329 3426 496 3492 φαίας
525 3422 628 3492 τὴν
661 3420 1032 3491 ὑποχώρησιν,
1058 3419 1150 3473 τοῦ
1182 3419 1428 3472 διαϐόλου
1464 3420 1567 3490 τὴν
1592 3415 1758 3491 ἧτταν
1807 3418 1904 3471 καὶ

326 3519 549 3586 τρόμον,
603 3515 700 3568 καὶ
727 3515 826 3584 τὴν
879 3513 972 3567 ἐπὶ
1011 3514 1156 3584 μόνῳ
1206 3513 1360 3584 τύπῳ
1388 3513 1539 3582 τῆξιν
1591 3512 1755 3565 αὑτοῦ
1806 3512 1900 3564 καὶ

327 3607 642 3679 ἀφανισμόν
677 3609 690 3661 !

403 3787 600 3841 Ταῦτα
635 3787 693 3840 δὲ
741 3785 834 3839 τοῦ
890 3783 1125 3854 σταυροῦ
1173 3784 1269 3855 τὴν
1320 3785 1473 3856 ἰσχὺν
1521 3785 1616 3839 καὶ
1664 3783 1913 3853 θειότητα

335 3881 530 3950 πρώην
564 3879 834 3942 εἱκόνιζον
863 3877 1290 3947 προτυποῦντες,
1323 3876 1596 3946 ὁμήγυρις
1622 3874 1761 3944 ἱερὰ,
1786 3876 1911 3946 ἄρτι

346 3975 435 4042 μὲν
475 3971 676 4043 ῥάϐδου
729 3973 1094 4042 προφητικῆς,
1141 3971 1355 4038 ἀπάτης
1386 3969 1698 4038 σοφίσμασα
1747 3985 1914 4020 κατα-

351 4065 564 4134 πιούσης
595 4063 892 4132 Αἰγύπτια,
943 4065 1033 4116 καὶ
1067 4064 1194 4116 λαὸν
1235 4061 1294 4127 ἐξ
1345 4061 1620 4130 Αἰγύπτου
1671 4060 1915 4122 δουλείας

355 4156 661 4225 ἐξαγούσης,
717 4154 840 4224 ἄρτι
885 4154 929 4206 δ’
957 4155 1256 4224 ἀκροτάτου
1304 4155 1522 4223 νάματα
1563 4153 1916 4222 πηγαζούσης

353 4248 535 4319 ῥάϐδου
565 4248 753 4317 πληγῇ
791 4247 881 4300 καί
905 4246 1090 4315 δίψους
1116 4247 1364 4314 ἀνάγκην
1393 4243 1914 4316 παραμυθουμένης,

343 4341 580 4409 ὲρημικῇ
616 4337 814 4408 πορείᾳ
850 4336 1189 4400 διαθλοῦντος
1225 4336 1376 4390 λαοῦ.
1411 4337 1521 4388 Καὶ
1557 4335 1651 4388 νῦν
1684 4335 1782 4404 μὲν
1822 4335 1916 4387 ἀν-

2009 3151 2339 3206 ineﬂ'ahilcm
2364 3152 2602 3207 fructum
2635 3155 2808 3222 angeli
2849 3154 2977 3206 dum
3007 3154 3310 3219 intuentur,
3349 3153 3582 3209 immen-

2010 3260 2124 3298 sam
2153 3243 2349 3297 saturis
2382 3244 2546 3312 hujus
2581 3244 2903 3313 sapientiam
2942 3243 3389 3314 ohstupescentes
3414 3246 3587 3299 admi-

2010 3336 2244 3391 rantur!
2301 3338 2582 3390 intuentur
2630 3337 2890 3398 fructum,
2927 3338 3157 3393 salutem
3207 3338 3453 3392 videlicet
3495 3337 3585 3391 ho-

2015 3429 2242 3489 minum,
2269 3429 2464 3482 mortis
2489 3429 2924 3490 dissolutionem,
2957 3429 3187 3482 reditum
3217 3428 3497 3482 hominum
3527 3430 3583 3482 in

2022 3519 2277 3590 patriam,
2300 3517 2562 3573 ﬂamini-az
2581 3519 2905 3588 rliomphaea:
2922 3535 3218 3583 recessum,
3243 3518 3445 3574 diaboli
3469 3521 3584 3572 cla-

2015 3613 2134 3667 dem
2166 3623 2220 3666 et
2250 3621 2562 3677 tremorem,
2607 3612 2836 3681 ejusque
2881 3611 2947 3666 ad
2991 3611 3156 3682 hujus
3181 3611 3416 3682 speciem
3443 3611 3587 3665 dun-

2015 3713 2163 3760 taxat
2188 3703 2606 3759 tabefactionem
2637 3715 2690 3757 et
2721 3702 2923 3772 fugam.
3201 3711 3208 3718 ‘

2086 3796 2151 3847 Et
2204 3796 2344 3848 hanc
2397 3793 2614 3862 quidem
2668 3794 2922 3847 virtutem
2969 3802 3024 3847 et
3072 3793 3413 3849 divinitatem
3455 3792 3583 3846 olim

2021 3889 2168 3940 varia
2219 3884 2639 3954 praetigurabant
2691 3892 2744 3937 et
2796 3885 3234 3946 adumbrabant,
3286 3883 3584 3948 auditores,

2022 3976 2182 4028 modo
2210 3975 2363 4043 virga
2399 3974 2740 4042 prephctica,
2782 3989 2903 4042 qua:
2947 3973 3236 4042 Aﬂgyptias
3286 3973 3586 4041 prwstigias

2022 4066 2321 4129 devoravit,
2339 4066 2706 4134 populumque
2728 4081 2792 4118 ex
2809 4063 3064 4134 AEgyptia
3087 4066 3347 4120 servitute
3363 4063 3582 4117 eduxit:

2019 4156 2182 4211 modo
2214 4155 2362 4225 virga
2393 4156 2500 4208 ictu
2525 4169 2624 4208 suo
2649 4168 2715 4206 ex
2747 4162 2896 4222 petra
2929 4169 3082 4222 aqua)
3109 4153 3321 4222 copiam
3339 4153 3587 4216 eiiciens,

2021 4249 2252 4317 sitisque
2311 4258 2592 4316 urgentem
2654 4246 3032 4300 necessitatem
3087 4245 3385 4314 depellens,
3447 4254 3585 4306 tum,

2024 4356 2147 4396 cum
2179 4339 2413 4410 populus
2449 4339 2645 4392 itinere
2681 4353 2777 4406 per
2811 4338 3158 4392 solitudinem
3216 4335 3542 4405 fatigabatur
3573 4352 3587 4388 :

342 4403 656 4498 dandae-60:;
693 4403 801 4482 atat
833 4430 930 4498 τῆς
964 4427 1261 4499 ἱερωσύνης
1291 4428 1541 4498 δωρεῖται
1567 4426 1629 4479 τὸ
1669 4427 1905 4497 χάρισμα

2021 4433 2181 4502 modo
2212 4433 2396 4486 itidem
2431 4430 2586 4484 ﬂoret
2615 4430 2784 4500 virga,
2832 4439 2886 4484 ct
2935 4429 3226 4485 sacerdotii
3267 4429 3591 4498 dignitatem

339 4523 415 4592 τῷ
461 4522 824 4591 βλαστήματι.
879 4521 994 4572 Νῦν
1043 4521 1087 4572 δ’
1127 4519 1232 4573 ὑπδ
1280 4521 1534 4589 γέροντος
1581 4520 1914 4590 πατριάρχου

339 4613 758 4682 προσκυνεῖται,
801 4613 849 4664 εί
879 4613 974 4663 καὶ
1023 4611 1310 4681 βασιλέως,
1343 4610 1458 4664 ἀλλ’
1490 4609 1616 4663 Υίοῦ
1645 4609 1919 4681 χρηματί-

339 4704 512 4769 ζουσα
540 4703 758 4773 ῥάϐδος.
787 4701 961 4756 Τοῦτο
989 4704 1096 4774 ἄρα
1131 4699 1218 4773 ἦν,
1250 4703 1482 4774 ἐπείπερ
1509 4701 1731 4773 ἔμελλεν
1760 4703 1793 4772 ἡ
1823 4698 1917 4754 τοῦ

339 4795 585 4866 σταυροῦ
619 4795 885 4865 σωτήριος
921 4795 1116 4865 ῥάϐδος
1154 4795 1215 4847 οὐ
1257 4795 1416 4865 μόνον
1446 4794 1550 4848 ὑπὸ
1595 4793 1784 4861 ὲθνῶν,
1825 4793 1919 4858 οὒς

336 4890 404 4956 δὴ
436 4885 807 4957 κληρονομίαν
840 4888 868 4938 ὁ
914 4886 1103 4957 Πατὴρ
1147 4886 1329 4940 δίδωσι
1374 4886 1452 4956 τῷ
1487 4887 1625 4956 Υίῷ,
1659 4885 1796 4938 ἀλλὰ
1827 4887 1922 4940 καὶ

340 4981 439 5031 ὑπ’
457 4977 628 5032 αὐτοῦ
659 4979 1080 5045 προσκυνεῖσθαι
1108 4978 1201 5031 τοῦ
1228 4978 1478 5049 γέροντος
1515 4977 1752 5049 Ἰσραὴλ,
1771 4979 1828 5042 ὃς
1859 4977 1923 5049 δὴ

2017 4524 2138 4594 ipso
2172 4538 2272 4578 suo
2304 4523 2548 4591 germine
2595 4521 2808 4576 confert
2833 4537 2846 4573 :
2873 4521 3034 4574 modo
3067 4536 3097 4574 a
3138 4522 3449 4589 patriarcha
3477 4519 3590 4589 jam

2018 4614 2233 4666 seniore
2275 4610 2542 4665 aduratur
2586 4610 2716 4664 licet
2772 4610 2938 4679 regis,
2990 4617 3232 4663 attamen
3292 4609 3388 4662 filii
3439 4610 3592 4678 virga

2019 4707 2186 4759 dicta.
2212 4704 2365 4769 Quod
2417 4703 2658 4767 accidit,
2690 4703 2815 4770 quia
2863 4700 3113 4754 futurum
3151 4707 3286 4763 erat,
3332 4706 3390 4753 ut
3422 4699 3591 4775 ‘salu-

2023 4799 2158 4851 taris
2190 4799 2337 4866 virga
2369 4797 2547 4850 crucis
2574 4811 2682 4850 non
2727 4796 2900 4850 solum
2934 4809 2964 4846 a
2987 4793 3410 4861 gentibus,qnas
3435 4791 3594 4846 Pater

2021 4889 2162 4944 Filio
2189 4905 2287 4944 suo
2315 4891 2408 4942 dat
2442 4904 2542 4957 pro
2573 4887 2907 4948 haereditate,
2941 4885 3282 4949 adoraretur,
3304 4886 3397 4939 sed
3427 4885 3594 4939 etiam

2020 4982 2234 5050 ahipso
2261 4995 2390 5035 sene
2440 4980 2625 5042 Israel,
2678 4979 2769 5048 qui
2835 4977 3134 5032 secundum
3186 4992 3404 5031 carnem
3443 4985 3597 5046 pater

342 5076 492 5129 κατὰ
529 5077 708 5143 σάρκα
738 5073 1014 5144 γεννήτωρ
1037 5072 1190 5143 ὤφθη
1220 5073 1313 5126 τοῦ
1339 5071 1690 5144 γεννηθέντος
1727 5073 1926 5127 ἀπάτο-

346 5183 460 5235 ρος.
509 5166 732 5224 Πάντως
772 5163 827 5216 δὲ
861 5164 1016 5216 οὐδὲν
1038 5164 1357 5217 ὑπεναντίον
1381 5163 1458 5234 τῷ
1491 5163 1635 5234 λόγῳ
1663 5165 1694 5233 ἡ
1722 5165 1927 5218 τούτων

350 5257 515 5326 μέχρι
543 5255 640 5307 καὶ
673 5251 770 5306 νῦν
804 5253 944 5322 πρὸς
971 5253 1268 5321 ἐπίγνωσιν
1299 5252 1558 5323 ἀναϐολὴ,
1597 5252 1755 5323 εἴπερ
1785 5255 1928 5307 κατὰ

344 5349 406 5401 τὸ
425 5348 626 5414 λόγιον,
655 5341 800 5419 ὲάνῇ
823 5349 852 5400 ὁ
873 5345 1102 5415 ἀριθμὸς
1130 5345 1239 5399 τῶν
1265 5345 1736 5416 υἱῶν⁹1σραὴλ,ὼς
1758 5348 1789 5416 ἡ
1820 5346 1926 5416 ἄμ-

350 5457 449 5511 μος
477 5441 578 5510 τῆς
607 5437 906 5511 θαλάσσης,
934 5439 1000 5492 τὸ
1030 5438 1403 5508 κατάλειμμα
1430 5439 1789 5506 σωθήσεται.
1822 5439 1930 5492 Σω-

342 5533 514 5604 τηρία
539 5533 587 5586 δ’
616 5532 717 5587 οὐκ
763 5531 915 5585 ἐστιν
955 5532 1014 5585 ὲν
1043 5529 1189 5602 ἄλλῳ
1218 5530 1346 5598 τινὶ,
1374 5529 1409 5601 ἢ
1454 5528 1531 5599 τῷ
1560 5527 1921 5602 σταυρωθέντι

2021 5087 2140 5127 esse
2174 5073 2321 5125 visus
2349 5080 2433 5126 est
2463 5071 2604 5139 ejus,
2637 5069 2729 5138 qni
2767 5067 2885 5122 sine
2915 5075 3068 5136 patre
3098 5069 3315 5137 genitus
3343 5074 3450 5121 est.
3483 5065 3596 5121 Nec

2023 5161 2346 5217 adversatur
2383 5155 2617 5216 orationi
2651 5175 2802 5223 mea),
2839 5159 2982 5228 quod
3013 5159 3100 5214 isti
3135 5159 3202 5212 ad
3229 5157 3469 5214 veritatis
3497 5172 3595 5210 eo.

2030 5258 2326 5326 gnitiOtiem
2361 5257 2465 5310 huc
2513 5270 2686 5324 usque
2737 5263 3085 5318 cunctantur,
3127 5255 3249 5322 quia
3291 5251 3596 5306 secundum

2032 5349 2214 5403 divina
2238 5349 2484 5413 oracula,
2517 5348 2562 5401 si
2595 5360 2856 5399 numerus
2891 5344 3123 5398 ﬁliorum
3153 5343 3314 5398 Israel
3345 5342 3508 5396 fuerit
3539 5351 3597 5395 ut

2033 5455 2198 5496 arena
2227 5442 2412 5504 maris,
2447 5437 2646 5491 residui
2671 5437 3015 5492 salvabuntur
3044 5435 3107 5488 ".
3138 5435 3297 5488 Salus
3328 5441 3506 5487 autem
3541 5434 3597 5488 in

2031 5531 2138 5588 alio
2174 5547 2282 5586 non
2309 5541 2388 5586 est
2429 5545 2591 5601 quam
2624 5531 2679 5586 in
2711 5527 2975 5586 cruciﬁxo
3004 5525 3312 5595 Unigenito.
3331 5525 3598 5582 Caeterum

417 5729 462 5764 ”
494 5729 600 5785 lsa.
632 5744 686 5793 ι,
714 5727 774 5781 21
805 5741 820 5788 ς
851 5723 1008 5794 Rom,
1037 5739 1111 5790 ix,
1139 5722 1227 5776 27.
