4072 6456
477 331 551 395 95
1681 327 1874 388 LEON
1894 325 1959 385 [S
1999 324 2468 387 PHILOSOPHI
3422 398 3427 403 δ
3666 324 3734 383 96

484 448 662 495 vetera
696 438 893 502 hae,et
920 435 973 491 id
1008 450 1177 506 genus
1223 435 1353 504 alia,
1393 453 1513 509 quae
1544 438 1727 509 figurae
1757 450 1811 494 et
1858 439 2056 508 imagi-

2161 436 2240 507 τῷ
2271 438 2586 506 Μονογενεῖ.
2636 435 2795 490 Ἀλλά
2821 434 2891 488 τὰ
2929 434 3026 506 μὲν
3059 433 3260 489 παλαιά
3290 433 3483 500 ταῦτα,
3519 432 3611 486 καὶ
3635 435 3736 487 ὅσα

483 548 582 588 nes
633 533 815 587 erucis
864 530 1318 596 nominabantur,
1366 546 1474 585 non
1521 531 1681 587 facile
1729 540 1812 586 est
1871 534 2056 584 animo

482 622 964 695 comprehendere,
1016 620 1219 675 nedum
1254 622 1437 677 verbis
1467 623 1675 693 eloqui.
1708 623 1778 677 At
1808 622 2053 678 recentia

482 731 603 786 quae
626 716 649 768 7

553 806 668 860 Hac
712 815 981 876 martyres
1026 810 1224 860 armati
1274 806 1616 876 principatus
1660 814 1712 861 et
1758 810 2057 876 potestates

482 899 748 968 principis
792 898 957 967 hujus
1018 900 1206 953 mundi
1258 908 1611 965 everterunt;
1653 900 1753 952 hac
1796 897 2056 951 mulieres

482 991 845 1054 mortificata,
880 1005 1004 1043 eum
1037 991 1128 1060 qui
1163 998 1358 1061 potens
1390 998 1473 1046 est
1504 991 1558 1044 in
1593 991 1901 1061 iniquitate,
1934 990 2057 1042 loco

481 1081 715 1150 improbi
768 1080 1028 1150 mancipii
1093 1081 1425 1147 habuerunt,
1479 1083 1689 1138 cladem
1730 1098 1759 1136 a
1807 1080 2057 1135 muliebri

482 1179 679 1224 natura
707 1170 912 1224 illatam
960 1173 1062 1226 hoc
1093 1170 1211 1240 ipso
1254 1174 1642 1228 resarcientes.
1682 1172 1795 1226 Hae
1833 1173 2059 1241 insuper

480 1262 653 1316 divini
690 1272 943 1333 pastores
976 1262 1122 1316 feras
1153 1264 1223 1317 ab
1257 1263 1387 1317 ovili
1421 1272 1697 1329 arcentes,
1731 1277 1944 1333 gregem
1989 1261 2059 1316 ab

482 1356 701 1410 insidiis
728 1365 903 1409 tutum
935 1364 1216 1425 prmstaut.
1256 1355 1367 1410 Hae
1418 1356 1669 1411 homines
1706 1356 1884 1420 obliti,
1914 1354 2057 1425 quod

481 1448 665 1501 carnis
712 1447 951 1516 pondere
993 1455 1421 1517 prmgravantur,
1468 1448 1535 1501 ad
1578 1447 1891 1518 angelorum
1923 1461 2055 1501 eon-

479 1540 716 1594 sortium
746 1540 1051 1603 elevantur,
1078 1541 1245 1593 vitam
1292 1541 1345 1594 in
1395 1548 1544 1595 terra
1572 1541 1756 1595 carnis
1779 1548 2055 1610 expertem

482 1631 783 1702 degentes;
816 1633 927 1686 hac
962 1630 1332 1686 Eeclesiarum
1372 1631 1787 1686 fundamentum
1821 1641 1924 1696 est,
1969 1646 2061 1686 sa-

480 1725 763 1778 cerdotum
796 1723 988 1793 gloria,
1019 1740 1207 1795 regum
1262 1739 1490 1787 corona,
1532 1726 1817 1780 civitatum
1868 1726 2056 1779 firma-

484 1823 746 1876 mentum,
782 1808 998 1868 urbium
1026 1815 1304 1869 hostilium
1345 1816 1581 1878 eversio,
1626 1815 1860 1870 fidelium
1896 1816 2053 1870 auxi-

483 1905 635 1969 lium,
664 1906 776 1959 haec
803 1908 972 1961 totius
1000 1905 1189 1960 mundi
1225 1906 1471 1960 custodia
1502 1913 1605 1961 est.
1645 1906 1768 1961 Htec
1792 1907 2053 1962 distantia

481 1996 787 2065 conjunxit,
817 1998 1118 2052 inimicitiae
1168 1999 1431 2067 parietem
1470 1999 1820 2069 interiectum
1851 2000 2052 2055 dissol-

481 2086 579 2146 vit,
607 2101 793 2155 pacem
826 2090 1181 2145 terrestribus
1205 2098 1259 2145 et
1283 2091 1604 2147 coelestibus
1638 2092 1953 2162 impertivit.
1985 2094 2053 2148 At

444 2170 515 2232 ‘o
549 2177 790 2233 Verbum
845 2179 938 2235 Dei
996 2180 1160 2246 Deus,
1210 2183 1302 2253 qui
1353 2184 1627 2239 hominem
1673 2185 1914 2240 bonitate
1958 2197 2053 2240 tua

478 2269 798 2333 condidisti,
832 2270 1036 2325 invidia
1068 2286 1198 2326 vero
1230 2274 1501 2342 perditum
1536 2284 1589 2328 et
1618 2290 1714 2345 per
1750 2276 1953 2347 lignum
1987 2276 2055 2330 ad

476 2368 721 2411 extrema
784 2359 1125 2431 sublimioris
1172 2362 1300 2416 vita:
1346 2364 1652 2433 delapsum,
1705 2382 1899 2423 rursus
1957 2383 2056 2438 per

481 2448 687 2517 lignum
722 2450 773 2502 in
810 2450 1097 2519 pristinam
1132 2452 1592 2520 impatibilitatem
1618 2457 1935 2520 restituisti,
1961 2459 2054 2528 qui

480 2538 650 2607 guttis
684 2539 910 2607 pretiosi
941 2542 1227 2609 sanguinis
1254 2542 1333 2596 tui
1354 2544 1537 2599 eruisti
1572 2544 1716 2609 illos,
1748 2549 1841 2617 qui
1862 2559 2056 2615 sponte

483 2630 535 2681 in
570 2630 779 2699 peccati
812 2633 1132 2687 servitutem
1158 2645 1569 2701 concesserant,
1600 2640 1800 2709 quique
1839 2656 2054 2711 gregem

480 2727 536 2773 et
572 2724 831 2790 populum
865 2724 1194 2792 peculiarem
1237 2725 1336 2781 tibi
1367 2729 1724 2795 constituisti,
1761 2731 1919 2800 enjus
1957 2749 2053 2787 cu-

481 2827 597 2867 ram
662 2820 719 2867 et
756 2813 1154 2883 .przefecturam
1205 2817 1390 2880 nobis,
1449 2820 1552 2874 etsi
1613 2820 2051 2887 immerentibus,

481 2904 828 2966 concessisti,
850 2905 1049 2975 largire
1081 2907 1239 2962 nobis
1271 2922 1491 2963 erucem
1512 2918 1682 2977 tuam,
1715 2912 2049 2969 salutiferam

482 2994 630 3048 illam
666 3003 1021 3061 armaturam,
1075 2997 1129 3051 in
1167 2998 1589 3070 inexpugnabile
1632 3002 1957 3068 subsidium,
1992 3011 2051 3058 ut

2158 528 2312 594 ἄλλα,
2344 530 2452 582 οὐδ’
2483 529 2576 582 ἐπὶ
2610 527 2731 581 νοῦν
2759 528 2941 580 λαϐεῖν
2970 526 3172 597 ῥᾴδιον,
3208 526 3284 597 μὴ
3322 526 3469 594 ὅτιγε
3506 524 3593 578 διὰ
3619 541 3734 593 χει·

2158 620 2293 674 λέων
2325 620 2607 692 προάγειν,
2642 619 2677 673 ἃ
2705 618 2865 671 τύποι
2911 618 3006 672 καὶ
3055 618 3411 689 είκονίσματα
3443 619 3536 671 τοῦ
3568 633 3738 670 σταυ-

2162 708 2254 778 ροῦ
2288 709 2669 778 ἐχρημάτιζον.
2700 708 2780 761 Τά
2810 710 2868 761 δὲ
2891 707 2984 761 νέα
3014 710 3211 775 emta;

2229 800 2416 870 Τούτῳ
2442 802 2719 871 μάρτυρες
2743 798 3095 870 ὁπλισάμενοι
3148 801 3246 863 τὰς
3277 798 3452 871 ἀρχὰς
3500 800 3594 854 καὶ
3636 800 3739 863 τὰς

2158 891 2405 956 ἐξουσίας
2457 893 2707 945 καθεῖλον
2763 892 2856 946 τοῦ
2918 895 3383 966 κοσμοκράτορος,
3432 896 3609 964 τούτῳ
3641 896 3740 948 καὶ

2161 986 2422 1051 γυναῖκες
2443 985 2825 1055 νεκρούμεναι,
2855 984 3105 1055 καθάπερ
3135 986 3477 1056 τραυματίαν
3509 985 3744 1056 ἡγούμε-

2158 1090 2246 1127 ναι
2269 1074 2361 1126 τδν
2386 1074 2609 1129 δυνατὸν
2648 1078 2705 1127 ὲν
2741 1075 2932 1143 κακίᾳ,
2975 1076 3209 1146 νεανικῷ
3241 1076 3363 1129 ποδὶ
3394 1076 3493 1147 τὴν
3524 1077 3739 1129 ἐκείνου

2158 1165 2544 1235 κατεπάτησαν
2574 1164 2836 1237 κεφαλὴν,
2879 1169 2937 1220 ἐν
2977 1166 3151 1238 τούτῳ
3181 1166 3279 1236 τὴν
3306 1163 3476 1237 ἦτταν
3505 1168 3602 1239 τῆς
3638 1186 3740 1236 γυ-

2159 1257 2403 1322 ναικείας
2451 1258 2887 1325 ἀνακαλούμεναι
2940 1259 3172 1328 φύσεως.
3217 1260 3405 1330 Τούτῳ
3456 1261 3553 1313 καὶ
3603 1260 3743 1315 θεῖοι

2159 1349 2417 1418 ποιμένες
2450 1349 2550 1418 τῆς
2592 1351 2830 1423 μάνδρας
2884 1350 3280 1416 ἀποσοϐοῦντες
3331 1352 3401 1405 τά
3450 1353 3642 1424 θηρία,
3678 1354 3743 1406 τὺ

2160 1441 2409 1510 ποίμνιον
2461 1442 2907 1497 ἀνεπιϐούλευτον
2972 1444 3313 1508 διασώζουσι.
3375 1445 3561 1515 Τούτῳ
3639 1447 3746 1517 τῆς

2162 1532 2363 1600 σαρκὸς
2393 1532 2491 1604 τὴν
2540 1533 2786 1602 ἀνάγκην
2831 1534 3107 1607 ἄνθρωποι
3137 1536 3393 1599 λαθόντες
3423 1536 3580 1607 πηλῷ
3609 1554 3740 1591 συν-

2158 1624 2457 1694 δεδεμένοι,
2501 1629 2610 1689 τοῖς
2638 1627 2893 1694 ἀγγέλοις
2962 1628 3525 1700 συμμετεωρίζονται,
3564 1630 3741 1702 ἄσαρ-

2161 1732 2257 1769 κον
2282 1720 2339 1769 ἐν
2376 1719 2447 1788 γῇ
2492 1718 2767 1771 πολιτείαν
2794 1720 3245 1790 ἐπιδεικνύμενοι.
3281 1721 3452 1774 Τοῦτο
3489 1721 3742 1792 θεμέλιος

2156 1808 2264 1861 τῶν
2302 1810 2626 1879 ἐκκλησιῶν,
2655 1812 2841 1882 ἱερέων
2870 1812 3016 1877 δόξα,
3046 1812 3311 1882 βασιλέων
3337 1813 3605 1883 διάδημα,
3636 1816 3740 1868 πό-

2154 1900 2293 1955 λεων
2322 1904 2604 1973 ὀχύρωμα,
2654 1903 2822 1957 ὲθνῶν
2857 1904 3136 1974 πολεμίων
3189 1905 3493 1977 ἀνατροπὴ,
3529 1908 3741 1961 πιστῶν

2157 1993 2463 2063 συμμαχία.
2501 1994 2671 2047 Τοῦτο
2714 1995 2915 2058 παντὸς
2948 1994 3041 2049 τοῦ
3081 1996 3290 2067 κόσμου
3338 1998 3734 2069 φυλακτήριον,

2153 2084 2313 2138 τοῦτο
2336 2086 2407 2138 τὰ
2443 2085 2704 2140 διεστῶτα
2735 2088 3035 2158 συνήγαγε,
3066 2089 3163 2157 τῆς
3199 2089 3399 2161 ἔχθρας
3429 2089 3636 2160 διέκοψε
3668 2091 3734 2142 τὸ

2159 2180 2496 2249 μεσότοιχον,
2533 2180 2760 2250 εἰρήνην
2800 2182 2913 2241 τοῖς
2961 2183 3017 2234 ἐν
3052 2183 3122 2251 γῇ
3166 2180 3262 2234 καλ⁹
3306 2181 3518 2251 οὐρανῷ
3564 2180 3735 2251 ἐϐρά-

2155 2270 2367 2324 ϐευσεν.
2402 2270 2563 2338 Ἀλλ’,
2594 2266 2639 2324 ὦ
2666 2272 2806 2339 Λόγε
2832 2271 2991 2340 Θεοῦ,
3028 2274 3055 2325 ό
3083 2272 3295 2334 πλάσας
3326 2274 3425 2343 μὲν
3461 2272 3545 2325 ἐπ’
3578 2274 3738 2342 εὑερ-

2156 2365 2317 2434 γεσίᾳ
2355 2364 2446 2416 τὸν
2502 2362 2811 2433 ἄνθρωπον,
2846 2363 3181 2435 φθονηθέντα
3222 2364 3279 2417 δὲ
3321 2365 3416 2417 καὶ⁸
3458 2365 3545 2418 διὰ
3574 2365 3738 2431 ξύλου

2155 2456 2293 2524 πρὸς
2320 2456 2582 2524 ἐσχατιὰν
2614 2455 2714 2524 τῆς
2745 2454 2954 2525 ὑψηλῆς
2977 2456 3250 2519 πολιτείας
3275 2456 3735 2527 ἀπολισθήσαντα,

2158 2545 2323 2599 πάλιν
2386 2544 2474 2597 διά
2528 2542 2684 2608 ξύλου
2732 2544 3024 2613 ἀναγαγὼν
3070 2548 3152 2610 είς
3190 2545 3287 2615 τὴν
3338 2547 3567 2617 πρώτην
3592 2548 3738 2600 ἀπά-

2157 2637 2326 2701 θειαν,
2365 2638 2394 2689 ό
2420 2636 2673 2705 σταγόσιν
2716 2637 2946 2706 αἵματος
3000 2638 3181 2708 τιμίου
3233 2637 3574 2709 ἐξαγοράσας
3611 2639 3739 2702 τοὺς

2155 2727 2630 2799 αὑτοπροαιρέτως
2667 2727 3175 2792 καταδουλωθέντας
3222 2733 3287 2800 τῇ
3336 2730 3605 2800 ἁμαρτίᾳ,
3643 2731 3744 2783 καὶ

2156 2820 2407 2891 ποίμνιον
2453 2820 2547 2873 καὶ
2606 2820 2733 2872 λαὸν
2777 2820 3225 2891 ὑποστησάμενος
3272 2821 3624 2891 περιούσιον,
3673 2814 3742 2876 οὗ

2153 2911 2253 2983 τὴν
2290 2913 2590 2982 ἐπιτροπὴν
2646 2912 2739 2964 καὶ
2773 2912 3109 2983 προστασίαν
3138 2911 3268 2982 ἡμῖν
3293 2914 3342 2965 εί
3375 2913 3471 2967 καὶ
3496 2911 3745 2977 ἀναξίοις

2157 3003 2520 3073 ἐνεχείρισας,
2578 3004 2723 3056 δίδου
2783 3003 2876 3055 τὸν
2928 3002 3019 3056 σὸν
3078 3004 3313 3074 σταυρὸν
3352 3004 3413 3057 τὸ
3471 3006 3746 3074 σωτήριον

478 3086 906 3153 inaspectabiles
932 3088 1150 3159 quidem
1180 3090 1364 3146 hostes
1391 3092 1579 3160 perdat
1612 3095 1665 3148 in
1703 3094 1883 3163 finem,
1911 3113 2050 3167 quos

2160 3095 2324 3148 ὅπλον
2354 3096 2434 3159 είς
2470 3094 2723 3165 βοήθειαν
2763 3093 3207 3165 ἀπροσμάχητον,
3244 3096 3470 3165 ἐχθροὺς
3499 3095 3597 3165 μὲν
3624 3097 3745 3149 ὅσοι

484 3192 613 3230 vero
635 3177 857 3249 dextera
887 3186 979 3233 tua
1009 3192 1303 3236 conservos
1331 3198 1453 3237 esse
1490 3184 1637 3249 fecit,
1664 3188 2057 3244 sententiarum

480 3277 661 3321 autem
695 3269 930 3324 varietas
961 3270 1240 3337 distraxit,
1275 3273 1375 3327 hos
1404 3290 1500 3345 per
1529 3291 1750 3332 crucem
1783 3294 1849 3334 eo
1884 3295 2060 3351 usque

486 3359 720 3424 instrue,
754 3361 935 3429 quoad
974 3362 1419 3427 reconcilientur,
1465 3373 1519 3421 et
1551 3368 1847 3423 amicitiam
1873 3371 2060 3427 ineant

479 3465 605 3505 eum
635 3451 721 3506 his
747 3453 839 3522 qui
877 3461 930 3508 te
955 3464 1282 3524 agnoscunt,
1305 3458 1452 3527 quod
1479 3473 1578 3527 pro
1601 3463 1844 3516 omnium
1882 3464 2059 3520 salute

480 3554 701 3594 erucem
732 3541 990 3605 subieris,
1037 3551 1098 3596 ut
1137 3558 1326 3599 omnes
1364 3561 1473 3600 uno
1517 3563 1612 3603 ore
1650 3558 1704 3604 et
1752 3566 1864 3605 uno
1892 3553 2058 3608 corde

485 3640 642 3684 tuum
681 3640 930 3688 sanctum
968 3648 1169 3689 nomen
1208 3637 1567 3720 celebremus,
1606 3643 1735 3711 quia
1789 3652 1941 3698 tuum
1979 3652 2064 3700 est

485 3737 712 3792 regnum
767 3736 821 3779 et
854 3726 1050 3795 gloria,
1116 3742 1264 3783 nunc
1302 3737 1356 3785 et
1399 3745 1613 3802 semper
1659 3743 1713 3790 et
1762 3735 1817 3789 in
1865 3737 2061 3792 saecula

479 3815 824 3871 saeculorum.
851 3818 1024 3873 Amen
1044 3818 1177 3891 (29).

1028 4082 1035 4089 ‘
1074 4068 1331 4128 ORATIO
1381 4072 1451 4128 X.

482 4172 551 4227 In
586 4192 835 4246 magnum
863 4196 925 4234 ac
963 4183 1203 4238 salutare
1245 4187 1494 4242 adversus
1517 4198 1745 4244 mortem
1767 4194 2054 4247 excitatum

1047 4263 1301 4323 tropwum
1346 4258 1495 4327 (50).;

2167 3184 2387 3253 ἀόρατοι
2416 3185 2699 3238 ἀπολλύων
2727 3186 2805 3247 εἰς
2844 3184 3014 3251 τέλος,
3045 3184 3140 3249 οὓς
3168 3183 3224 3238 δὲ
3259 3186 3579 3255 ὁμοδούλους
3606 3188 3638 3257 ή
3670 3186 3745 3257 σὴ

2171 3277 2269 3347 μὲν
2326 3277 2657 3349 δημιουργὸς
2719 3277 3163 3349 ἐπλαστόύργησε
3223 3277 3390 3344 δεξιὰ,
3442 3277 3636 3347 γνώμη
3692 3279 3744 3332 δ’

2167 3372 2462 3425 ὑπεναντία
2486 3371 2755 3441 διέστησε,
2794 3370 3014 3434 τούτους
3035 3369 3091 3423 δὲ
3120 3368 3208 3424 διὰ
3239 3368 3334 3424 τοῦ
3372 3371 3607 3443 σταυροῦ
3643 3373 3744 3424 ἐπὶ

2163 3463 2415 3517 τοσοῦτον
2440 3463 2732 3529 παιδεύων,
2765 3464 2887 3517 ὅσον
2922 3466 3001 3527 είς
3043 3462 3100 3516 ἓν
3134 3464 3577 3535 συμϐιϐασθῆναι
3622 3466 3741 3529 τοῖς

2164 3572 2222 3607 σε
2266 3554 2633 3623 γινώσκουσι,
2695 3555 2775 3608 ὅτι
2834 3553 2975 3626 ὑπὲρ
3023 3557 3124 3625 τῆς
3182 3556 3398 3610 πάντων
3463 3558 3741 3628 σωτηρίας

2163 3647 2393 3717 σταυρὸν
2441 3648 2773 3717 ὑπέμεινας,
2828 3648 2915 3700 ἴνα
2966 3648 3168 3710 πάντες
3232 3648 3314 3701 ἐνὶ
3369 3649 3599 3718 στόματι
3645 3651 3745 3703 καὶ

2162 3740 2259 3807 μιᾷ
2306 3737 2502 3809 καρδίᾳ
2534 3738 2593 3790 τὸ
2639 3739 2729 3791 σὺν
2779 3738 3036 3809 ὑμνῶμεν
3084 3740 3353 3808 πανάγιον
3412 3741 3604 3811 ὄνομα,
3655 3743 3746 3796 ὅτι

2157 3830 2251 3882 σοῦ
2284 3831 2430 3882 ὲστιν
2464 3830 2498 3899 ἡ
2538 3828 2782 3900 βασιλεία
2830 3833 2924 3884 καὶ
2970 3833 3004 3902 ἡ
3044 3832 3192 3899 δόξα,
3228 3828 3322 3885 νῦν
3368 3834 3461 3885 καὶ
3486 3834 3590 3899 ἀεὶ,
3642 3837 3746 3887 καὶ

2158 3924 2239 3985 είς
2270 3921 2394 3985 τοὺς
2420 3922 2625 3986 αἰῶνας
2659 3926 2768 3976 τῶν
2806 3924 3038 3981 αἰώνων.
3082 3925 3277 3996 Ἀμήν.

2787 4087 3007 4139 ΛΟΓΟΣ
3052 4084 3109 4141 ι’.

2154 4197 2259 4264 Εις
2298 4199 2365 4255 τὸ
2411 4201 2564 4274 μέγα
2618 4196 2715 4252 καὶ
2755 4198 3053 4321 σωτὲριον
3122 4201 3273 4257 κατὰ
3311 4203 3417 4258 τοῦ
3475 4204 3744 4259 θανάτου

2806 4282 2874 4321 το
2914 4285 3113 4321 umor.

2834 4285 3113 4337 ροπαιον.

1642 4340 1958 4444 (Celebris.
1992 4382 2215 4437 Auctor.
2338 4380 2522 4453 1691.)

553 4453 910 4513 Resurrectio
956 4460 1063 4514 mei
1115 4459 1242 4518 Jesu
1299 4478 1362 4519 ac
1398 4463 1516 4531 Dei,
1567 4469 1882 4538 mortuique
1923 4473 2052 4527 Adae
2084 4477 2129 4531 D

485 4547 550 4602 ad
584 4548 751 4603 vitam
783 4550 1081 4605 revocatio.
1118 4553 1177 4606 In
1202 4553 1330 4608 vita:
1386 4555 1664 4612 hilaritate
1708 4557 1901 4614 festam
1931 4563 2057 4617 vita:

479 4637 826 4693 celebremus
858 4638 1022 4695 diem.
1053 4638 1383 4697 Resurrexit
1434 4643 1709 4709 Christus,
1760 4646 1953 4704 inferis
2002 4650 2056 4704 in

478 4728 849 4796 captivitatem
890 4732 1156 4796 redactis,
1205 4748 1270 4788 ac
1306 4734 1559 4792 libertate
1597 4741 1918 4795 aununtiata
1959 4757 2056 4796 ca-

482 4818 675 4886 ptivis;
735 4820 990 4877 laudibus
1047 4823 1376 4880 extollamus
1435 4827 1784 4884 liberatorem
1836 4849 1849 4884 :
1896 4832 2055 4887 'Mors

478 4909 535 4962 in
560 4910 778 4964 uictoria
811 4926 843 4966 a
876 4921 1048 4968 morte
1067 4914 1317 4985 absorpta
1342 4926 1420 4970 est
1444 4917 1490 4948 "
1515 4935 1530 4984 ;
1582 4918 1910 4992 fugaturque
1933 4939 2055 4978 cor-

552 5020 599 5051 ⁶¹⁸
639 5017 661 5073 Ι
707 5020 837 5076 Cor.
870 5039 962 5088 xv,
991 5024 1079 5082 54.

2240 4475 2564 4537 Ἀνάστασις
2617 4473 2710 4527 τοῦ
2760 4473 2896 4545 ἐμοῦ
2937 4474 3112 4545 Ἰησοῦ
3159 4476 3253 4532 καὶ
3302 4476 3459 4546 Θεοῦ,
3495 4480 3591 4533 καὶ
3639 4484 3746 4536 τοῦ

2160 4566 2529 4637 νεκρωθέντος
2568 4566 2737 4635 Ἀδὰμ
2771 4567 3067 4630 ἀναϐίωσις
3088 4587 3101 4601 ο
3141 4572 3200 4624 ὲν
3231 4571 3547 4642 φαιδρότητι
3567 4572 3745 4643 ζωῆς,

2159 4658 2259 4725 τῆς
2295 4657 2444 4726 ζωῆς
2472 4655 2570 4728 τὴν
2593 4658 2902 4729 πανήγυριν
2948 4661 3316 4732 ἑορτάσωμεν.
3363 4664 3595 4733 Χριστὸς
3642 4667 3749 4717 ἀν-

2162 4747 2292 4818 έστη
2320 4750 2411 4801 τὸν
2439 4748 2571 4820 ᾅδην
2618 4751 3046 4821 αἰχμαλωτίσας,
3082 4755 3175 4807 καὶ
3219 4756 3332 4817 τοῖς
3367 4755 3747 4825 αἰχμαλώτοις

2161 4842 2473 4912 ἐλευθερίαν
2514 4828 2789 4911 κηρύξας*
2831 4843 3146 4915 δοξάσωμεν
3190 4845 3279 4899 τὸν
3343 4846 3743 4919 ὲλευθερωτήν.

2160 4934 2265 4995 Εἰς
2317 4931 2485 4999 νῖκος
2530 4932 2608 5002 τῷ
2665 4932 2881 5004 θανάτῳ
2932 4936 3191 5003 θάνατος
3260 4941 3591 5007 κατεπόθη,
3640 4940 3746 4993 καὶ

2006 5125 2054 5181 Ν
2059 5125 2238 5182 ΟΤΛΕ.

550 5206 661 5279 (29)
704 5206 934 5265 Exstant
960 5212 1014 5266 in
1047 5211 1373 5272 bibliotheca
1405 5215 1670 5273 Bavariea
1698 5234 1891 5275 novem
1929 5220 2047 5275 aliae

478 5280 755 5360 orationes
791 5281 953 5350 hujus
980 5284 1348 5360 imperatoris,
1379 5304 1613 5357 quorum
1645 5290 1834 5360 titulos
1870 5300 1926 5346 et
1962 5292 2049 5345 in-

480 5350 814 5429 scriptiones
842 5350 1127 5429 enumerat
1156 5350 1508 5413 Bibliotheca:
1531 5360 1759 5415 Gesner.
1784 5359 2047 5429 Epitome,

479 5433 616 5498 quas
664 5434 727 5472 ex
778 5419 1038 5479 Bavarico
1085 5429 1207 5480 cod.
1236 5429 1568 5497 exseriptas,
1597 5439 1652 5484 et
1702 5431 1756 5483 in
1799 5419 2051 5487 Latinam

482 5487 730 5572 linguam
748 5505 1044 5572 conversas
1069 5487 1435 5572 antealiquot
1453 5487 1625 5554 anuos
1651 5503 2045 5572 evulgavimus.

481 5558 808 5626 Asservatur
838 5562 888 5614 in
922 5566 1109 5619 eadem
1147 5558 1483 5623 bibliotheca
1525 5558 2056 5626 volumenvhomilia-

484 5639 611 5711 runt
630 5710 633 5711 ν
652 5624 921 5711 Philothei
969 5638 1293 5711 patriarchae
1342 5624 1983 5711 Constantinopolitani
2002 5624 2059 5698 et

482 5694 700 5772 quidem
738 5698 882 5776 illiu_s
911 5694 1170 5769 ltomiliae,
1203 5723 1326 5776 quae
1349 5716 1432 5763 est
1465 5708 1519 5761 in
1548 5694 1843 5765 secuu'dam
1875 5694 2057 5767 uehi;

481 5770 660 5818 uiuam
692 5777 812 5832 post
843 5770 1235 5842 Pcutecosteu;
1265 5778 1402 5834 idem
1436 5793 1663 5849 prorsus
1704 5781 1918 5838 initium
1950 5793 2055 5854 est,

2156 5221 2300 5306 quod
2336 5221 2710 5306 huj_us',\_q.uam
2738 5240 2849 5295 prae
2869 5229 3131 5306 manibus
3157 5232 3416 5292 habemus
3445 5240 3735 5306 orationis,

2156 5303 2216 5383 ut
2248 5293 2842 5383 proi-ngdef’hilo‘theum
2868 5298 2919 5383 id
2942 5315 3007 5354 ex
3036 5300 3216 5383 Leone
3243 5306 3545 5383 sublegisse
3565 5293 3735 5379 oper:

2159 5372 2286 5429 teat,
2321 5364 2924 5452 quippe-posteriorem
2947 5384 3012 5424 ex
3046 5374 3264 5442 priore;
3294 5374 3340 5429 sl
3372 5364 3482 5432 non
3507 5364 3739 5452 uterque

2158 5448 2226 5488 ex
2258 5435 2495 5503 quodam
2530 5435 2693 5489 tertio
2720 5439 2950 5503 accepit.

2233 5505 2343 5584 (50)
2375 5501 2637 5589 viduetur
2669 5507 2781 5559 haec
2804 5501 3002 5565 Léouis
3030 5513 3339 5569 orationum
3365 5517 3497 5589 fere
3525 5521 3734 5589 palma-

2154 5572 2273 5657 ria,‘
2295 5572 2567 5657 siedoete
2590 5590 2911 5657 presseque,
2941 5589 3055 5635 tum
3092 5592 3282 5657 nostra
3314 5572 3730 5657 ed'isserit,vtum

2154 5644 2396 5730 traducit
2430 5652 2709 5730 Sexterna.
2763 5644 2952 5730 Multis
2993 5655 3336 5730 emendatior
3391 5644 3591 5727 prodit,
3631 5644 3734 5730 ope

2155 5712 2495 5839 Edﬁgjiscod"
2524 5731 2588 5770 ex
2613 5732 2725 5786 quo
2780 5719 3045 5776 edendam
3086 5727 3276 5793 putavi
3323 5712 3581 5785 coitatam
3605 5712 3729 5788 (εἷιῖιᾶ
