4072 6458
463 362 533 425 99
1693 351 1958 410 [ΕΘΝιὸ
1997 350 2454 411 PHILOSOPHI

3605 342 3704 407 100

464 479 536 530 ita
559 480 842 542 assumpto
887 486 951 525 ac
974 478 1126 539 rapto
1143 467 1455 538 Ganymede
1480 465 1798 535 pocillatore
1816 475 2027 520 utatur:

2150 468 2270 536 τρδς
2301 465 2498 520 κόλπον
2527 466 2589 532 τῇ
2643 463 2822 532 Δανάῃ
2847 469 2882 496 ω
2915 458 3166 525 κατάγων
3194 470 3208 484 ·
3235 456 3359 527 ἄρτι
3413 456 3471 509 δὲ
3505 455 3708 512 κύκνον

372 548 398 580 ⁵
466 577 558 619 aut
603 575 661 618 ut
709 565 902 618 insano
927 563 1218 615 mulierum
1245 569 1382 614 aestu
1427 557 1692 624 percitus,
1727 572 1849 611 sese
1880 558 2038 611 modo

469 659 522 710 in
579 657 697 710 auri
743 655 980 723 speciem
1015 653 1246 714 induat,
1318 660 1482 719 atque
1523 651 1590 713 is,
1626 649 1718 716 qui
1751 659 1940 702 catena
1974 650 2040 704 de

468 747 608 799 melo
647 746 883 798 demissa
914 745 1046 798 deos
1072 758 1262 797 omnes
1305 756 1426 796 sese
1465 748 1828 793 attracturum
1867 740 2040 792 mina-

468 836 652 898 batur,
699 837 753 886 in
809 833 1019 887 Danaes
1046 833 1365 886 detrahatur
1393 834 1662 902 gremium
1693 849 1707 885 :
1747 831 1910 884 modo
1943 845 2040 900 cy-

467 925 556 992 gni
611 924 840 976 formam
897 923 1111 987 subeat,
1165 932 1224 976 ut
1268 923 1527 975 nimirum
1570 922 1847 976 modulata
1887 936 2039 986 voce,

467 1015 613 1084 quod
664 1029 762 1084 par
815 1025 899 1069 est
943 1014 1187 1076 credere,
1239 1013 1441 1066 Ledam
1475 1013 2039 1083 decipiat?Ca:lerum

467 1122 647 1160 annon
704 1107 824 1160 dies
876 1107 966 1159 ille
1024 1105 1251 1160 festivus
1335 1106 1495 1160 valde
1543 1122 1607 1160 ac
1681 1106 1887 1172 clarus,
1933 1120 2040 1174 quo

467 1200 640 1269 patris
690 1197 913 1254 Saturni
968 1200 1078 1267 (51)
1137 1199 1450 1252 celebratur
1507 1200 1791 1259 memoria,
1853 1216 1881 1252 a
1933 1200 2043 1252 filio

466 1290 792 1360 gravissima
835 1290 1076 1358 perpessi
1117 1289 1468 1356 cxsectique;
1513 1303 1612 1342 nec
1647 1305 1755 1342 non
1790 1303 2042 1358 suprema

469 1381 595 1436 inde
635 1395 828 1433 rursus
884 1381 1086 1447 proles,
1143 1379 1376 1448 turpiter
1411 1387 1523 1432 tum
1558 1387 1704 1439 nata,
1745 1387 1858 1431 tum
1889 1389 2046 1433 notos

471 1471 744 1526 adiciens?
775 1470 1066 1527 Similibus
1094 1469 1362 1525 addamus
1397 1471 1628 1536 similia;
1667 1470 1919 1526 videlicet
1944 1471 2045 1524 Pa-

469 1579 594 1619 nem
635 1565 811 1627 illum,
842 1563 957 1632 qui,
990 1571 1048 1615 ut
1072 1561 1385 1631 gravissimi
1415 1561 1726 1616 Grecorum
1771 1564 2045 1630 sapientes

469 1656 684 1718 volent,
715 1671 784 1710 ex
807 1656 1185 1709 universorum
1217 1654 1486 1709 seminum
1509 1655 1896 1710 commistione
1933 1671 1999 1708 na
2019 1687 2044 1699 -

465 1757 581 1809 tus,
625 1761 801 1814 eaque
837 1743 912 1799 de
943 1759 1110 1798 causa
1146 1743 1257 1797 Pan
1289 1744 1596 1813 appellatus
1644 1753 1730 1799 est
1764 1761 1778 1798 :
1807 1745 2043 1813 armige-

2140 561 2373 622 δεικνὺς.
2396 559 2485 619 ἶν’,
2501 557 2575 617 ὡς
2598 555 2766 619 ἔοικε,
2789 556 2906 616 ταῖς
2924 553 3131 624 ᾠδαῖςή
3155 550 3303 619 Λήδα
3318 548 3704 620 κατακηλοῖτο;

2154 651 2359 701 Ἐκεῖνο
2380 648 2434 699 δὲ
2467 645 2584 708 πῶς
2617 644 2678 696 ού
2708 643 2830 696 λίαν
2869 642 3070 712 φαιδρὰ
3119 639 3303 710 ἑορτὴ,
3351 637 3563 710 Κρόνου
3605 656 3711 692 πα-

2140 739 2243 809 τὴρ
2275 739 2380 790 ὑπὸ
2408 737 2502 789 τοῦ
2539 736 2726 798 παιδὸς
2758 735 2992 804 ἀτυχῶν,
3027 733 3120 785 καὶ
3146 734 3208 785 τὸ
3238 727 3379 785 εῖναι
3411 731 3592 802 πατὴρ
3628 733 3709 784 ἔτι

2142 831 2564 900 ἀποκειρόμενος
2587 847 2599 859 ⁸
2659 829 2752 881 καὶ⁸
2798 828 3084 880 τελευταία
3115 826 3275 879 πάλιν
3318 825 3527 878 ἐκεῖθεν
3552 825 3708 894 γονὴ,

2142 921 2381 991 αἰσχρῶς
2404 923 2498 972 καὶ
2526 922 2740 987 φυεῖσα,
2772 919 3010 980 καὶτοὺς
3032 916 3342 989 γνωρίμους
3370 915 3708 979 διατιθεῖσα;

2143 1009 2477 1078 Προσθετέον
2522 1008 2725 1078 ὁμοίοις
2769 1009 2930 1076 ὃμοια
2959 1023 2972 1036 ·
3027 1007 3116 1058 τὸν
3176 1007 3240 1058 ὲκ
3298 1007 3393 1075 τῆς
3430 1020 3710 1072 πανσπερ-

2147 1101 2295 1169 μίας,
2326 1099 2454 1168 ὼςή
2483 1100 2706 1151 ἐκείνων
2757 1099 3020 1169 σεμνότης
3066 1098 3332 1168 βούλεται,
3371 1097 3709 1165 καιγενόμεο

2143 1209 2232 1244 νον
2266 1202 2289 1229 υ
2324 1193 2497 1256 Πάνα,
2535 1194 2631 1245 καὶ
2671 1192 3038 1261 ὀνομασθέντα
3061 1209 3075 1222 ο
3129 1192 3222 1245 καὶ
3266 1193 3363 1261 τὴν
3411 1188 3714 1260 ὁπλοφόρον

2145 1285 2414 1356 παρθένον
2459 1289 2558 1356 τῆς
2592 1287 2837 1355 κεφαλῆς
2893 1285 3352 1354 ἀποτικτομένην,
3381 1279 3449 1355 ἧς
3481 1281 3584 1352 τὴν
3607 1299 3716 1350 μη-

2144 1379 2281 1448 τέρα
2317 1377 2598 1431 καταπιὼν
2628 1378 2656 1429 ὁ
2690 1377 2890 1448 Οερμδς
2930 1377 3184 1446 ἐραστὴς,
3217 1375 3376 1437 αὐτὸς
3415 1377 3534 1436 ταῖς
3562 1373 3715 1426 ὠδῖσι

2145 1471 2461 1524 καινότατον
2481 1472 2744 1540 ὑπηρετεῖ
2800 1471 3004 1542 τρόπον
3030 1488 3044 1501 ο
3103 1467 3347 1529 ἔνοπλον,
3379 1459 3524 1537 ᾗπερ
3555 1464 3712 1534 ἔφην,

2144 1561 2244 1629 τῆς
2267 1561 2504 1632 κεφαλῆς
2534 1561 2790 1616 ἁποκύων
2825 1562 2993 1631 γονήν
3017 1575 3030 1588 ·
3060 1561 3146 1614 ἵνα
3176 1560 3239 1628 δὴ
3259 1559 3350 1611 καὶ
3382 1557 3648 1626 σύμϐολον
3680 1558 3716 1624 ἡ

2146 1655 2275 1715 παῖς
2301 1654 2479 1721 φέροι,
2520 1655 2742 1724 μήνυμα
2778 1653 2871 1706 τοῦ
2927 1653 3196 1716 τεκόντος,
3261 1645 3341 1711 οἷς
3380 1651 3586 1710 ἐκεῖνος
3639 1647 3717 1717 τῷ

2147 1745 2303 1812 φύντι
2327 1743 2584 1811 πολέμιος
2640 1741 2820 1812 ὤφθη,
2881 1740 3159 1811 καθαιρῶν
3197 1738 3358 1792 αὑτὸν
3381 1739 3477 1806 τῆς
3515 1736 3716 1806 ἀρχῆς,

471 1850 586 1890 ram
632 1836 757 1889 item
813 1835 957 1887 illam
1002 1834 1304 1902 virginem,
1359 1848 1481 1902 quae
1513 1849 1577 1887 ex
1629 1832 1781 1888 Jovis
1833 1835 2038 1886 vertice

2150 1837 2232 1888 καὶ
2257 1835 2592 1889 κατακλείων
2640 1837 2929 1906 Ταρτάρῳ.
2960 1833 3122 1900 ’Δξιά
3147 1849 3209 1900 γε
3251 1832 3304 1884 οἱ
3354 1830 3491 1883 θεῶν
3521 1829 3719 1898 φύντες

471 1927 680 1983 exstitit
713 1946 725 1980 :
759 1928 917 1995 cujus
952 1935 1179 1980 matrem
1219 1941 1344 1979 cum
1377 1925 1690 1990 vehemens,
1733 1924 2040 1994 ardensque

2147 1929 2436 1982 ἀντέδοσαν
2459 1933 2788 2000 γεννητήρια
2816 1931 2829 1982 !

471 2020 563 2074 ille
611 2029 821 2074 amator
862 2019 1195 2080 devorasset,
1255 2018 1372 2088 ipse
1423 2019 1686 2072 inusitato
1744 2033 1893 2074 more
1953 2035 2018 2074 ac
2067 2021 2228 2074 modo
2264 2033 2450 2092 partus
2503 2023 2723 2077 dolores
2770 2020 3051 2085 sustinuit,
3100 2029 3158 2072 ut
3227 2015 3480 2071 nimirum
3537 2026 3718 2066 arma-

469 2121 588 2168 tum
633 2115 844 2177 foetum,
899 2113 974 2165 uti
1024 2111 1296 2177 dicebam,
1341 2128 1404 2166 ex
1461 2113 1640 2182 capite
1687 2111 2034 2168 effunderet:
2081 2132 2292 2182 nempe,
2333 2128 2471 2172 utet
2539 2121 2646 2171 lilia
2711 2119 3019 2189 symbolum
3047 2115 3256 2187 parenti
3288 2119 3710 2167 consentaneum

473 2215 722 2276 gereret;
777 2204 922 2273 quod
971 2204 1060 2258 ille
1109 2205 1355 2273 genitore
1407 2218 1510 2258 suo
1563 2203 1833 2258 hostiliter
1881 2218 2037 2268 usus,
2077 2220 2200 2258 eum
2232 2216 2284 2260 et
2339 2209 2567 2279 imperio
2603 2209 2915 2278 dejecisset,
2971 2226 3034 2264 ac
3082 2211 3311 2264 Tartaro
3382 2203 3712 2260 inclusisset.

475 2297 642 2366 Digna
697 2296 936 2366 profecto
989 2294 1092 2351 diis
1149 2296 1314 2366 geniti
1358 2295 1674 2364 parentibus
1709 2295 1824 2351 suis
1855 2295 1923 2350 ob
1954 2295 2122 2352 vitam
2165 2309 2218 2355 et
2253 2301 2390 2358 lucis
2454 2313 2737 2372 acceptam
2821 2320 3068 2372 usuram,
3135 2305 3519 2377 persolverunt
3578 2316 3722 2372 pra:-

473 2393 585 2446 mia
609 2393 620 2443 !

542 2485 685 2554 Quid
731 2500 877 2540 nunc
931 2485 1194 2549 referam,
1241 2500 1351 2554 quo
1394 2483 1676 2552 Neptunus
1713 2498 1886 2542 (nstro
1926 2504 2053 2558 per-

473 2594 676 2639 cussus
700 2578 990 2633 insanierit
1020 2579 1075 2632 in
1102 2578 1396 2648 Phrygium
1431 2578 1856 2644 adolescentem,
1889 2597 2050 2651 quem

464 2683 528 2729 et
572 2675 711 2743 ipse,
749 2671 941 2726 fratris
977 2674 1058 2726 sui
1087 2673 1338 2740 exemplo
1367 2670 1433 2724 ad
1464 2681 1619 2740 turpe
1644 2671 2054 2744 nefandumque

475 2767 840 2822 ministerium
877 2766 992 2836 (52)
1026 2764 1202 2833 rapit?
1228 2763 1320 2818 Sic
1350 2765 1494 2818 enim
1523 2763 1843 2819 Graecorum
1881 2768 2052 2822 disci-

467 2859 749 2929 plinarum
805 2858 1174 2913 sectatoribus
1209 2857 1445 2918 videtur,
1479 2858 1570 2926 qui
1601 2857 1890 2913 inhonesta
1940 2875 2055 2912 ma-
2095 2923 2106 2940 φ

480 2950 564 3020 gis
612 2949 922 3004 inhonestis
967 2947 1262 3003 emendare
1297 2948 1553 3002 studeant
1586 2967 1597 3001 :
1630 2950 1829 3018 quibus
1859 2949 2052 3020 religio

469 3048 580 3105 est,
619 3047 679 3093 ut
726 3039 910 3092 divum
943 3037 1254 3106 quempiam
1285 3038 1423 3107 gulae
1480 3053 1544 3091 ac
1591 3037 1768 3093 ventri
1802 3037 2048 3093 deditum

462 3130 782 3196 fateantur;
811 3131 977 3200 inque
1007 3145 1130 3185 eum
1170 3145 1351 3191 nsum,
1386 3128 1638 3198 Pelopem
1693 3141 1996 3198 agnoscant
2021 3146 2050 3183 a

476 3222 727 3293 Neptuno
761 3233 1006 3292 raptum,
1031 3231 1112 3286 ut,
1143 3222 1288 3289 quod
1324 3225 1614 3292 proverbio
1667 3223 1872 3287 ferunt,
1919 3224 2046 3278 dum

2219 2493 2282 2544 Ti
2303 2493 2360 2545 δὲ
2390 2493 2480 2546 τὸν
2519 2491 2850 2554 Ποσειδῶνος
2890 2491 2985 2544 νῦν
3039 2491 3138 2560 μὲν
3179 2491 3272 2542 ἐπὶ
3301 2491 3473 2559 Φρυγὶ
3528 2505 3725 2558 μειρα-

2151 2585 2251 2652 κίῳ
2292 2579 2538 2655 οἶστρον,
2589 2586 2648 2638 ὃν
2681 2584 3079 2655 παραπλησίως
3127 2584 3220 2634 καὶ
3272 2583 3432 2646 αὐτὸς
3479 2582 3724 2649 τάδελφῷ

2151 2679 2227 2739 εἰς
2258 2678 2458 2730 ἄτοπον
2487 2685 2512 2711 °
2543 2677 2776 2746 ἁρπάζει
2801 2677 3075 2729 διακονίαν
3096 2693 3108 2739 ;
3133 2675 3288 2727 Οὕτω
3317 2675 3422 2745 γὰρ
3455 2677 3568 2735 τοῖς
3605 2673 3729 2726 Ἐλὲ

2151 2766 2324 2838 λήνων
2391 2765 2685 2829 θιασώταις
2749 2765 2932 2829 δοκεῖ,
2989 2768 3351 2836 πειρωμένοις
3393 2763 3730 2834 ἐπανορθοῦν

2155 2860 2644 2929 ἀσχημονεστέροις
2687 2860 2970 2928 ἀσχήμονα
2995 2874 3006 2886 ⁸
3040 2855 3120 2921 οἷς
3151 2859 3354 2929 ἄπορον
3397 2860 3456 2910 το
3503 2855 3732 2926 γαστρί-

2158 2969 2366 3022 μαργον
2391 2952 2653 3022 μακάρων
2675 2952 2794 3004 τινά
2825 2951 3018 3016 εἰπεῖν,
3043 2950 3240 3004 καὶδιά
3259 2950 3416 3002 τοῦτο
3447 2949 3732 3017 βούλεσθαι

2153 3046 2243 3097 τὸν
2289 3045 2732 3114 Ἀγλαυτριαίναν
2766 3043 3033 3112 ἁρπάζειν
3067 3043 3157 3094 τὸν
3187 3042 3430 3094 Πέλοπα·
3458 3041 3553 3093 καὶ
3599 3039 3735 3108 φεύ-

2155 3154 2340 3204 γοντες
2393 3135 2690 3205 ἄνθρακας,
2723 3135 2783 3188 τὸ
2827 3136 2924 3204 τῆς
2956 3135 3278 3205 παροιμίας,
3317 3135 3474 3202 φλογὶ
3509 3133 3733 3203 περιπί-

2155 3246 2369 3282 πτουσι.
2394 3228 2458 3280 Τί
2487 3228 2543 3280 δὲ
2561 3228 2656 3297 τὴν
2675 3227 2840 3298 ἀλλην
2859 3227 2951 3280 καὶ
2984 3226 3066 3289 τίς
3090 3221 3154 3278 ἂν
3178 3225 3482 3296 ἀριθμήσαι
3509 3224 3729 3291 μανίαν,

474 3314 743 3368 carbones
777 3311 1010 3383 fugiunt,
1045 3312 1292 3367 incidant
1334 3315 1389 3368 in
1447 3314 1742 3368 flammam.
1779 3314 2046 3370 Caeterum

2154 3323 2221 3391 ἢν
2256 3324 2347 3374 ἐπὶ
2391 3290 2630 3390 γυναίοις
2689 3290 3020 3392 ὲκμέμηνεν,
3055 3290 3242 3374 ἄλλοτε
3277 3290 3412 3389 napo;
3445 3290 3569 3371 ἄλλο
3592 3313 3737 3380 εἶδος

477 3406 604 3475 quis
655 3403 822 3459 fando
863 3405 1120 3474 explicet,
1173 3419 1411 3473 quonam
1464 3413 1624 3474 pacto
1675 3405 1767 3460 ille
1811 3405 1954 3460 idem
1994 3408 2050 3461 in

479 3495 832 3552 mulierculas
892 3496 1021 3551 item
1075 3497 1439 3552 exardesccns
1483 3498 1538 3550 in
1575 3498 1736 3552 aliam
1779 3499 2053 3568 aliamque

465 3589 714 3658 speciem
744 3592 1164 3646 transformatus
1198 3592 1304 3646 sit?
1337 3590 1432 3647 liis
1459 3591 1690 3662 adiunge
1721 3595 2050 3663 Apollinem,

477 3681 570 3749 qui
628 3679 907 3749 Daphncm
942 3681 1182 3735 efﬂictim
1229 3684 1495 3750 deperiit;
1548 3685 1641 3753 qui
1683 3685 1804 3740 aliis
1835 3685 2045 3739 occulta

479 3774 745 3843 pandens,
791 3775 894 3828 sibi
955 3776 1072 3844 ipse
1107 3777 1351 3844 nequivit
1397 3791 1552 3844 opem
1616 3774 1761 3831 ferre
1801 3795 1814 3830 :
1851 3773 2050 3846 quippe

479 3863 715 3922 nescivit
767 3865 905 3930 fore,
948 3877 1005 3919 ut
1040 3867 1107 3920 ab
1135 3883 1200 3921 eo
1233 3869 1439 3922 amasia
1478 3868 1718 3938 fugeret;
1773 3869 1886 3938 ipse
1923 3883 2051 3922 vero

478 3957 638 4011 vanis
689 3972 753 4010 ac
792 3957 1068 4012 incassum
1130 3959 1266 4012 fusis
1319 3960 1644 4027 ploratibus,
1693 3959 1851 4029 juxta
1890 3961 2052 4014 arbo-

460 4063 594 4104 -rem
625 4048 874 4118 ejularet,
912 4049 1062 4103 nullo
1091 4051 1202 4104 alio
1253 4051 1319 4103 ad
1352 4053 1612 4104 solatium
1645 4052 1854 4113 relicto,
1885 4067 2046 4120 quam

461 4149 540 4193 ἰιι
585 4140 825 4194 dolorem
863 4143 1038 4212 magis
1084 4143 1408 4197 accenderet
1435 4143 1696 4198 :tametsi
1741 4144 1788 4197 is
1821 4143 2044 4198 Martem

466 4231 874 4286 adulterantem
902 4233 1104 4300 prodit,
1130 4234 1419 4301 ipsumque
1444 4235 1678 4289 vinculis
1695 4234 2043 4302 circumqua-

459 4337 586 4395 'que
635 4322 907 4393 astringit.
947 4322 1094 4389 Quid
1141 4338 1270 4378 vero
1315 4339 1640 4394 percensere
1688 4327 1881 4381 attinet
1922 4340 2043 4381 om-

2161 3413 2657 3485 μεταποιούμενος;
2689 3413 2829 3479 Λέγε
2877 3413 2972 3464 καὶ
3004 3412 3092 3464 τὸν
3124 3412 3340 3479 Δάφνης
3371 3411 3604 3480 ἐραστὴν
3639 3409 3737 3462 τὸν

2161 3507 2376 3569 Πύθιον,
2429 3506 2486 3570 ὃς
2537 3510 2713 3558 καίτοι
2770 3505 2976 3571 ἑτέροις
3012 3503 3231 3573 μηνύων
3262 3504 3330 3556 τὰ
3380 3501 3582 3571 ἄδηλα,
3617 3495 3736 3554 ὀὐκ

2161 3598 2472 3666 ἀπέχρησεν
2538 3595 2748 3665 ἐαυτῷ,
2799 3595 2914 3648 ἀλλ’
2963 3595 3228 3662 ἠγνόησεν
3273 3593 3347 3655 ὡς
3389 3592 3739 3660 διαφεύξεται

2153 3691 2341 3742 τοῦτον
2374 3691 2407 3760 ἡ
2438 3690 2710 3758 ἐρωμένη,
2739 3689 2834 3740 καὶ
2881 3687 3121 3757 ἀνόνητα
3152 3687 3399 3756 κλαιήσει
3441 3687 3533 3738 ἐπὶ
3560 3684 3739 3754 φυτῷ,

2155 3781 2307 3833 οὐδὲν
2354 3780 2514 3832 πλέον
2568 3779 2754 3850 ῆὸσον
2799 3779 3132 3848 ὑπέκκαυμα
3176 3779 3274 3846 τῆς
3327 3777 3520 3846 ὀδύνης
3562 3777 3738 3846 ἔχωνο

2161 3869 2338 3920 καίτοι
2364 3867 2456 3920 τὸν
2524 3868 2665 3938 ’Ἄρη
2721 3867 3107 3935 ἀσελγαίνοντα
3151 3865 3362 3936 μηνύει,
3400 3867 3492 3919 καὶ
3518 3867 3742 3934 δεσμοῖς

2161 3960 2496 4031 περιϐάλλει.
2551 3961 2616 4012 Τί
2662 3959 2756 4022 τάς
2816 3961 3033 4013 πάντων
3085 3959 3221 4028 ὁμοῦ
3276 3958 3415 4010 θεῶν
3460 3956 3733 4024 ἐφ’ἓτερα

2159 4053 2273 4123 εἴδη
2313 4053 2718 4122 μεταποιήσεις,
2756 4051 2843 4103 ἵνα
2872 4051 2970 4120 τὴν
3011 4051 3203 4122 Κόρην
3243 4047 3632 4118 διερευνωμένῃ
3663 4049 3734 4118 τῇ

2156 4147 2402 4215 Δήμητρι
2436 4144 2510 4215 μὴ
2537 4146 2620 4213 εἴη
2644 4145 2746 4213 τῆς
2769 4144 2976 4214 πλάνης
3015 4145 3326 4205 ἀπόπαυσις
3345 4183 3359 4206 ,
3395 4145 3494 4194 οὐκ
3536 4143 3736 4210 ἐχούσῃ

2153 4238 2284 4305 παρ’
2314 4236 2436 4288 ὅτου
2477 4234 2657 4304 μάθοι,
2693 4234 2910 4286 πάντων
2950 4233 3087 4302 ὁμοῦ
3132 4233 3230 4296 τὰς
3277 4234 3483 4293 οίκείας
3514 4232 3738 4301 διαμει-

2148 4327 2366 4396 ψάντων
2393 4326 2588 4391 ειδέας,
2623 4327 2717 4381 καὶ
2749 4325 2882 4396 πρὸς
2913 4325 3106 4396 ἑτέρας
3134 4326 3195 4380 οὐ
3227 4324 3531 4395 γνωρίμους
3563 4339 3736 4392 μετα-

1731 4503 1966 4559 νΑιιΙΑΞ
2008 4504 2300 4561 LECTION
2311 4507 2408 4560 ES.

583 4623 626 4652 ω
652 4613 741 4668 ed.
769 4615 868 4683 τῆς
889 4614 1121 4684 Δανάης.
1204 4623 1230 4649 ιι
1273 4615 1360 4670 ed.
1403 4616 1761 4686 νεννῶμενον.

1851 4626 1875 4650 ⁰
1917 4617 2104 4672 Grels.
2130 4619 2226 4670 τοῦ
2262 4618 2446 4681 ποτοῦ,
2471 4620 2552 4674 vel
2581 4621 2767 4682 πότου,
2799 4620 2881 4673 vel
2923 4622 3002 4680 εἰς
3020 4618 3265 4671 εὔποτον.

2000 4707 2234 4763 ΝΟΤᾸΕ.

699 4797 1001 4884 Quo‘gftris
1035 4797 1279 4880 Saturni.
1305 4797 1661 4884 Nota-fabula
1689 4799 1896 4884 exsecti
1919 4799 2054 4880 ϐαξὶὶ
2084 4805 2137 4862 D
2164 4819 2272 4860 non
2303 4803 2620 4884 emendatio
2643 4814 2746 4864 est,
2780 4801 3255 4884 set-lidepra'vatiot
3275 4799 3420 4869 quod
3434 4799 3743 4884 ~Gretsertis

469 4883 514 4922 .a
546 4868 786 4920 Saturno
815 4870 947 4931 lilio,
979 4885 1048 4922 ex
1074 4868 1238 4936 cujus
1264 4869 1598 4937 genitalibus
1623 4871 1678 4923 in
1708 4882 1861 4923 mare
1885 4870 2062 4937 proje-

481 4939 588 4993 ctis
615 4947 738 4990 nata
779 4939 852 4992 sit
904 4937 1112 5002 Venus,
1148 4941 1325 5007 turpis
1381 4954 1571 4992 revera
1628 4940 1801 5003 fetus,
1852 4939 2060 5007 quique

469 5008 724 5080 turpiter
737 5023 875 5080 suos
893 5022 956 5061 ac
983 5012 1184 5080 nothos
1216 5019 1461 5080 scortum
1489 5019 1648 5080 turpe
1669 5007 2062 5080 alliciat.Gret—

479 5093 641 5134 serus
674 5077 810 5148 nihil
842 5092 955 5131 rem
997 5079 1276 5147 exprimit,
1332 5077 1618 5148 refertque
1652 5080 1706 5130 in
1756 5078 2056 5131 Saturnum

479 5149 622 5202 male
654 5147 931 5212 allectum,
958 5153 1100 5215 quod
1128 5158 1318 5202 auctor
1349 5151 1403 5202 in
1431 5147 1685 5203 entitdcm
1713 5149 1874 5200 habet
1916 5150 2057 5202 male

479 5219 831 5283 aﬂicientem,
872 5229 1105 5287 patrem.
1175 5218 1284 5274 Nec
1313 5221 1453 5274 bene
1493 5233 1679 5273 vocem
1731 5218 2054 5278 διατιθεῖσα,

481 5299 740 5358 tanquam
772 5296 1084 5358 suspectam
1120 5289 1314 5342 nititur
1340 5289 1634 5344 emendare
1663 5328 1674 5348 ,
1719 5304 1845 5340 cum
1884 5290 2058 5341 ascri-

485 5358 562 5411 bit
597 5357 784 5428 imarg.
834 5357 1186 5411 διατίκτουσα
1230 5359 1315 5413 vel
1351 5359 1707 5411 otarsxoﬁca'
1747 5373 1867 5425 quae
1906 5362 2062 5427 plane

481 5441 646 5482 voces
668 5429 804 5481 nihil
830 5428 1124 5496 quadrant.
1152 5428 1297 5482 Nihil
1333 5444 1522 5481 moror
1545 5429 1758 5484 fabulas
1797 5444 1936 5498 quas
1963 5444 2061 5480 au-

484 5504 602 5548 ctor
631 5499 969 5568 perstringit,
996 5509 1211 5552 tantum
1236 5507 1472 5552 mentem
1497 5500 1642 5552 clare
1667 5508 2063 5569 repraesentare

485 5578 700 5642 conor:
736 5575 881 5642 petet
917 5569 1009 5636 qui
1057 5569 1206 5622 volet
1255 5583 1284 5622 a
1337 5569 1696 5638 mythologis,
1735 5571 1883 5638 apud
1923 5585 2062 5636 quos

511 5643 592 5683 -ta
614 5638 807 5738 ‘pervia
837 5645 984 5690 sttnt.

557 5701 612 5738 η.
642 5704 668 5738 γι
743 5705 815 5738 ΔΑ
877 5714 984 5738 ιη...

557 5701 668 5768 (3‘3)
723 5705 1024 5777 _Ad__turpe
1078 5706 1465 5777 nefandumque
1540 5711 1892 5762 ntirtisterium
1967 5709 2060 5770 Εἰς

482 5769 686 5823 ἄτοπον
714 5772 945 5836 ἁρπάζει
964 5769 1260 5832 διακονίαν.
1286 5769 1586 5848 εἰς’ριιιοω
1635 5791 1862 5844 auctor;
1899 5769 2056 5848 cujus

2160 4874 2395 4941 margini
2424 4875 2673 4937 ascribit,
2711 4869 3022 4942 redditque,
3054 4872 3148 4934 Εἰς
3167 4871 3259 4922 τοῦ
3298 4869 3483 4942 ποτοῦ,
3521 4869 3601 4942 vel
3637 4871 3739 4942 πύο

2159 4963 2276 5009 του,
2293 4940 2380 4998 fuel
2401 4947 2480 5008 εἰς
2513 4943 2740 4997 εὔποτον
2766 4959 2780 4973 ·
2814 4940 3088 4996 Pincerme
3105 4940 3403 4994 ministerio
3426 4940 3739 4994 destinavit.

2159 5014 2267 5070 Eos
2301 5030 2536 5084 namque
2588 5015 2816 5084 gentiles
2872 5012 3210 5084 perstringit,
3253 5011 3346 5084 qui
3399 5010 3450 5062 in
3485 5010 3743 5084 Neptuno

2158 5103 2223 5140 ac
2259 5085 2401 5140 divis
2433 5078 2556 5138 aliis
2586 5078 2767 5153 gulam
2801 5078 3056 5153 puiarent
3094 5078 3283 5135 minus
3317 5083 3530 5153 decere,
3563 5078 3744 5153 liben-

2158 5167 2354 5224 tesque
2393 5149 2748 5224 admitterent
2787 5149 2842 5205 iit
2892 5155 2974 5206 eis
3002 5151 3318 5224 luxuriam,
3357 5149 3520 5219 cujus
3565 5149 3741 5224 liquet

2158 5217 2406 5281 notatum
2460 5223 2812 5289 Neptunum,
2866 5237 2978 5276 non
3021 5232 3202 5275 autem
3231 5217 3437 5289 μιαί,
3465 5233 3568 5274 nec
3599 5217 3744 5273 forte

2163 5300 2387 5352 deerant
2407 5296 2501 5364 qui
2527 5290 2898 5364 Ganymedem
2928 5293 3010 5346 sic
3041 5305 3067 5342 a
3097 5290 3231 5346 Jove
3264 5299 3478 5364 raptum
3515 5299 3744 5364 conten.-

2163 5369 2377 5430 derent,
2413 5359 2469 5418 ut
2504 5365 2552 5417 ei
2597 5359 2664 5416 in'
2695 5363 2913 5417 deliciis
2957 5371 3124 5424 esset,
3157 5359 3300 5428 quod
3342 5361 3535 5430 leniori
3569 5372 3740 5430 voca-

2164 5437 2290 5490 bulo
2322 5428 2659 5504 pocillatoris
2683 5448 2745 5484 ac
2773 5435 3052 5504 pincernas
3098 5432 3398 5504 mollirent.
3428 5428 3545 5504 Non
3571 5429 3745 5496 liquet

2163 5508 2296 5560 mihi
2324 5500 2388 5558 ex
2426 5505 2626 5572 quibus
2676 5500 3006 5572 mythologis
3042 5502 3242 5555 habeat
3276 5500 3383 5572 Leo
3406 5500 3487 5572 sic
3523 5509 3739 5572 raptum

2165 5593 2194 5629 a
2227 5569 2477 5643 Neptuno
2512 5569 2791 5640 Pelopem,
2840 5582 2900 5626 ut
2931 5569 3068 5643 non
3107 5572 3303 5643 ambio
3325 5570 3538 5643 doctior
3565 5569 3738 5643 videri

2167 5649 2220 5699 in
2258 5637 2540 5715 gentilium
2574 5637 2794 5704 fabulis,
2843 5643 2934 5713 qui
2964 5642 3107 5697 nuda
3140 5657 3206 5696 ac
3246 5639 3562 5695 Christiana
3593 5637 3741 5692 veri-

2167 5727 2277 5771 tate
2299 5717 2472 5786 tnagis
2507 5715 2770 5770 delecter.
