2036 3225
140 178 194 211 101

518 180 659 210 ORATIO
674 182 709 211 Χ.
730 194 765 199 -
784 181 825 211 IN
845 181 1061 212 DOMINICAM
1072 183 1436 213 RESURRECTIONEM.

1738 184 1787 217 102

138 238 278 273 Θεμένων
292 245 298 270 ;
321 237 380 264 Οὐκ
406 235 466 264 οἴδα
484 238 509 263 τί
524 237 576 271 φῶ,
597 238 647 273 τὴν
659 238 763 273 κλοπὴν
779 238 835 265 τῶν
851 238 949 274 γάμων

1012 239 1077 266 ιίυιιι
1104 240 1208 275 pariter
1230 240 1344 267 deorum
1363 241 1390 266 in
1407 240 1511 267 alienas
1531 239 1632 268 formas
1647 245 1786 268 transmu-

138 284 387 319 συγκρυπτόντων
416 283 456 318 τῷ
481 283 628 316 Πλούτωνι,
652 283 669 319 ἢ
694 284 873 318 ἀγνοούντων,
900 284 949 311 καὶ

137 331 186 357 διὰ
201 331 293 357 τοῦτο
310 331 378 364 πρὸς
390 330 440 365 τὴν
464 329 577 365 ζήτησιν
592 330 781 363 ἀγωνιώντων,
799 332 846 357 καὶ¹
862 340 947 366 μετα-

141 379 366 412 μορφουμένων.
395 376 464 402 ‘AD.’
493 372 565 402 οὗτοι
598 377 646 410 μὲν
671 376 764 411 ὥσπερ
791 376 949 412 ἐπισφαλῶς

140 422 265 457 ἐξεῦρον
282 422 332 453 οὓς
348 422 393 457 ᾖδε
400 431 447 448 σαν
460 423 547 453 οεοὺς,
563 422 634 448 οὕτω
651 423 697 448 καὶ
712 423 774 457 περὶ
789 423 842 449 τῶν
856 422 949 449 τελου-

143 469 251 503 μένων,
266 468 382 502 φαύλως
391 468 591 502 ὑπελάμϐανον,
605 470 650 494 καὶ
663 469 713 494 οὐκ
729 466 802 504 εἶχον
816 469 947 498 συνιέναι,

142 516 185 540 ὅτι
214 515 291 549 πρὸς
318 515 450 549 αἰσχύνην
475 515 568 545 αὐτοῖς
586 514 817 549 καταστρέψωσιν
837 514 865 540 αἱ
886 523 954 540 παν-

144 562 282 596 ηγύρεις,
297 562 344 587 καὶ
362 561 411 595 τὴν
428 561 530 586 ἑαυτῶν
541 560 714 595 ἑορτάζουσιν
726 560 828 587 ἄνοιαν.

1003 287 1130 317 lationes,
1151 293 1185 313 ne
1207 285 1289 313 Ceres
1312 285 1506 321 Proserpinam
1524 287 1684 321 quaeritans,
1708 288 1788 316 linem

1002 331 1105 359 laboris
1121 332 1273 366 reperiret;
1290 332 1399 359 nemine
1421 332 1528 359 scilicet
1539 333 1688 360 exsistente
1702 340 1716 360 a
1733 341 1789 369 quo

1003 379 1200 415 interrogaret.
1231 385 1293 404 cum
1317 386 1412 406 omnes
1428 378 1510 405 simul
1527 378 1575 411 dii,
1593 379 1680 412 posita
1702 380 1789 414 ligura

1003 424 1122 458 propria,
1146 424 1303 458 peregrinas
1333 424 1496 460 ignotasque
1514 424 1617 453 formas
1640 425 1692 453 sibi
1711 425 1785 453 asci-

1005 468 1207 502 vissent?Quid
1219 469 1320 501 dicam,
1334 477 1388 497 non
1410 470 1479 498 satis
1490 470 1627 505 dispicio:
1646 478 1710 498 num
1724 470 1790 505 quia

1005 514 1121 542 furtivas
1138 514 1199 542 illas
1217 514 1342 542 Plutonis
1369 516 1480 551 nuptias
1508 516 1649 543 communi
1673 516 1790 545 consilio

1005 561 1095 588 celare
1116 561 1287 591 statuisSeut,
1315 564 1362 588 aut
1390 562 1454 598 quia
1480 562 1658 597 ignorarem,
1674 569 1791 597 eamque

146 610 182 635 ob
212 616 335 636 causam
363 608 500 635 diliciliori
527 608 714 642 inquisitione,
740 607 843 635 formas
869 607 938 635 alias
970 610 1199 644 assumpsissent.
1226 611 1261 637 At
1286 609 1331 637 isti
1373 609 1494 644 quidem,
1519 614 1549 636 ut
1575 614 1677 637 temere
1708 616 1792 639 exco—

150 654 292 688 gitarunt,
321 661 390 688 quos
406 653 530 680 arbitrati
556 658 620 679 sunt
637 654 703 680 deos
716 674 724 686 ,
739 653 776 679 ita
796 654 878 681 etiam
894 654 953 681 sine
971 656 1078 682 ratione
1091 655 1189 683 iisdem
1202 655 1261 683 dies
1280 655 1366 683 festos
1392 660 1606 690 consecrarunt;

1644 665 1697 684 non
1729 657 1791 684 ani-

154 700 374 731 madvertentcs,
393 707 462 733 quos
487 700 527 726 eis
554 700 638 725 festos
656 699 865 726 constituissent
893 698 963 732 dies,
984 700 1012 727 in
1042 708 1138 728 eorum
1160 701 1280 729 dedecus
1291 709 1322 729 ac
1333 702 1510 737 opprobrium
1521 702 1629 737 cedere,
1655 711 1706 733 nec
1718 704 1791 733 aliud

157 748 243 781 ipsos.
268 755 351 781 quam
380 754 460 774 suam
489 747 610 780 ipsorum
639 746 818 774 stoliditatem
846 747 1006 779 solemniter
1027 748 1128 776 colere.

200 793 282 826 Ἡμῖν
299 793 327 819 δὲ
344 792 438 827 ὥσπερ
457 794 495 823 είς
516 792 595 819 καλὸν
617 793 645 818 τὸ
662 792 764 827 γνῶναι
785 793 867 826 Θεὸν,
884 793 950 828 μᾶλ-

165 839 208 865 λον
231 840 272 871 δὲ,
294 839 436 865 ὑπἀὐτοῦ
460 838 636 873 γυιυςθῆναιίι
663 839 745 873 ἡμᾶς,
761 838 832 865 οὓτω
854 840 901 865 καὶ
923 839 953 864 τδ

167 885 312 920 ἑορτάζειν.
340 885 389 911 Διὰ
412 884 491 910 τοῦτο
519 885 637 919 σήμερον
650 885 716 918 ἡμῖν
731 885 806 911 πᾶσα
822 885 871 919 μὲν
886 884 953 919 ὁμοῦ

168 930 338 966 συνεορτὰζει
358 932 374 965 ἡ
391 931 495 961 κτίσις·
515 931 604 955 πάντα
622 931 644 955 δ’
657 929 724 965 ὁμοῦ
744 930 902 966 συνέρχεται
921 931 956 957 τὰ.

170 977 251 1003 καλά·
265 976 413 1011 ἐλευθερία,
434 972 584 1010 ἀφίιαρτία,
606 976 669 1007 δόξα
695 976 742 1002 τοῦ
770 976 803 1002 δι’
819 976 892 1003 ἔλεον
906 977 956 1003 ἒπ-

172 1023 317 1056 εγνωκάτος
333 1024 416 1058 ἡμεῖς,
436 1023 589 1057 εὐφροσύνη
613 1023 666 1048 τῶν
679 1023 725 1049 ἐπὶ
736 1024 769 1058 τῇ
784 1023 893 1058 εὑρέσει
907 1023 957 1058 τῆς

178 1069 314 1103 βασιλικῆς
343 1069 547 1102 ἁγαλλιωμένων
582 1069 724 1103 δραχμῆς·
761 1068 958 1105 σκυθρωπότης

181 1114 232 1139 τῶν
251 1115 289 1145 εἰς
307 1114 380 1145 τέλος
393 1114 642 1149 καταϐεϐλημένων,
663 1114 725 1150 ᾅδου
752 1114 801 1141 καὶ
828 1114 957 1146 θανάτου.

186 1162 230 1186 καὶ
243 1161 296 1187 τῶν
313 1161 443 1196 στυγηρῶν
458 1161 612 1195 δαιμονίων,
631 1161 677 1192 οὓς
693 1161 824 1193 ’Έλληνες
837 1161 958 1197 αἰσχρῶς

183 1207 345 1239 ἐπιγνόντες,
360 1207 457 1241 αἴσχιον
481 1207 613 1241 ἐτὶμητάν
635 1216 663 1232 τε
687 1208 735 1233 καὶ
759 1207 957 1240 ἐσεὸάσθησαν.

187 1252 259 1277 Ἀλλά
275 1252 328 1287 γὰρ
341 1252 465 1287 ἀπίωμεν
481 1253 527 1278 ἐπὶ
544 1253 577 1278 τὰ
592 1253 650 1278 Οεῖα
662 1252 745 1284 ὅντως
756 1253 804 1279 καὶ
817 1253 953 1288 ἡμέτερα,

171 1296 224 1324 οἷον
239 1299 281 1333 ἐφ’
299 1300 371 1334 ἱερᾶς
390 1301 506 1331 σκοπιᾶς
529 1300 713 1333 ἀναγαγόντες
729 1300 775 1326 τὸν
791 1299 886 1333 λόγον,
907 1299 955 1325 καὶ

168 1344 271 1379 ὄμματι
295 1345 399 1371 εὐπεῦεῖ
417 1345 466 1380 τὴν
482 1347 510 1371 ὲν
526 1347 595 1380 ἀρχῇ
607 1345 686 1377 δόξαν
706 1345 754 1371 τοῦ
770 1344 873 1379 ταύτης
887 1346 954 1380 ἡμῖν

166 1390 254 1416 αἰτίου
271 1391 318 1424 τῆς
335 1391 431 1425 ἑορτῆς
460 1391 635 1424 θεωροῦντες,
663 1391 734 1418 οὕτω
760 1400 790 1418 τε
805 1392 874 1426 πρὸς
902 1392 952 1427 τὴν

163 1436 209 1462 ἐπ’
223 1437 346 1471 ἐσχάτων
368 1437 551 1468 διαϐαίνοντες
572 1438 738 1473 οἰκονομίαν.

1037 794 1124 823 Nobis
1141 803 1236 831 porro,
1258 801 1288 823 ut
1314 795 1398 823 Deum
1415 796 1589 832 cognovisse.
1606 797 1648 825 vel
1673 798 1766 832 potius
1778 806 1793 826 a

1003 839 1058 867 Deo
1082 841 1209 875 cognitos
1226 848 1299 873 esse,
1320 842 1483 876 praeclarum
1510 849 1541 868 ac
1570 841 1717 871 honestum
1734 848 1792 875 est.

1004 886 1041 912 ita
1054 891 1081 913 et
1098 886 1169 914 festa
1185 887 1336 914 celebrare.
1365 886 1540 921 Quapropter
1558 891 1614 915 tota
1630 895 1722 914 rerum
1735 888 1795 915 uni—

1006 934 1122 960 versitas
1139 940 1193 960 una
1219 924 1365 960 nobiscum
1389 933 1470 960 hodie
1484 933 1618 964 celebrat,
1644 941 1676 960 ac
1696 933 1794 961 festum

1007 978 1080 1012 agit;
1102 978 1238 1013 simulque
1253 978 1344 1005 omnia
1361 978 1430 1005 bona
1450 979 1528 1013 quasi
1546 978 1573 1005 in
1592 986 1675 1005 unum
1694 979 1794 1005 fontem

1007 1024 1160 1057 confluunt,
1186 1024 1311 1057 libertas,
1337 1024 1528 1059 incorruptio;
1550 1025 1611 1059 ejus
1633 1025 1730 1062 gloria.
1748 1025 1795 1059 qui

1006 1077 1055 1104 per
1090 1069 1286 1097 misericordiae
1313 1069 1421 1097 viscera
1449 1078 1500 1097 nos
1526 1070 1671 1105 cognovit;
1703 1070 1796 1097 laetitia

1006 1123 1113 1147 eorum,
1142 1116 1188 1150 qui
1205 1114 1242 1142 ob
1256 1115 1360 1150 regiam
1391 1115 1550 1143 drachmam
1570 1116 1707 1143 inventam
1729 1124 1797 1152 gau-

1007 1161 1073 1188 dent
1093 1170 1101 1187 :
1115 1160 1229 1188 tristitia
1253 1168 1285 1187 ac
1308 1168 1411 1188 mmror
1426 1168 1533 1194 eorum,
1548 1164 1595 1196 qui
1611 1162 1720 1197 penitus
1732 1170 1796 1196 pro-

1008 1206 1087 1234 strati
1111 1211 1186 1238 sunt,
1214 1205 1316 1233 inferni
1346 1207 1453 1233 scilicet
1477 1214 1508 1233 ac
1531 1207 1639 1238 mortis,
1663 1215 1713 1234 nec
1741 1217 1795 1237 non

1008 1253 1160 1281 invisorum
1187 1252 1353 1285 daemonum,
1372 1260 1441 1287 quos
1466 1260 1529 1280 cum
1562 1253 1650 1280 Graeci
1682 1256 1799 1289 turpiter

1008 1300 1197 1334 agnovissent,
1224 1299 1305 1334 longe
1332 1298 1423 1326 adhuc
1452 1299 1561 1336 turpius
1588 1300 1744 1333 coluerunt,
1766 1308 1799 1329 ac

1009 1345 1064 1372 Deo
1088 1346 1189 1373 debitis
1215 1345 1369 1372 honoribus
1386 1345 1527 1380 prosecuti
1553 1350 1627 1373 sunt.
1645 1345 1746 1373 Verum
1764 1346 1798 1376 ad

1008 1396 1113 1424 nostra,
1135 1398 1197 1426 quze
1212 1398 1275 1418 vere
1299 1390 1391 1418 divina
1418 1395 1492 1422 sunt,
1516 1390 1715 1425 regrediamur,
1734 1399 1797 1418 ora-

1008 1438 1166 1470 tionemque
1192 1435 1267 1463 velut
1282 1435 1316 1462 ad
1333 1443 1443 1463 sacram
1462 1435 1601 1470 speculam
1618 1444 1796 1464 revocemus:

163 1489 191 1511 et
214 1485 341 1520 gloriam,
362 1493 415 1520 qua
436 1493 451 1511 a
479 1486 613 1520 principio
638 1487 738 1513 claruit
757 1486 791 1518 is,
807 1486 854 1521 qui
872 1485 953 1513 nobis
973 1484 1056 1519 hujus
1085 1484 1146 1511 festi
1169 1487 1266 1510 auctor
1281 1487 1333 1515 est,
1354 1482 1484 1517 religioso
1515 1483 1596 1510 oculo
1630 1484 1798 1521 Contempla-

163 1539 241 1562 mur;
270 1532 366 1565 sicque
382 1531 414 1557 ad
443 1533 622 1558 oeconomiam
651 1532 754 1559 ultimis
781 1532 951 1566 temporibus
969 1531 1118 1559 exhibitam
1143 1528 1337 1564 procedamus.

200 1578 269 1608 Θεὸς
287 1575 318 1603 οἶ)
335 1578 454 1612 σήμερον
466 1579 530 1613 ἡμῖν
546 1580 561 1613 ἡ
581 1580 742 1613 πανήγυρις,
757 1576 791 1614 ἦν
812 1579 861 1614 μὲν
873 1578 902 1611 ἐξ
915 1579 959 1605 ἀϊ-

157 1623 321 1657 δίουξσυνὼν
336 1623 374 1658 τῷ
385 1624 499 1654 τεκόντι,
509 1625 564 1658 οὐχ
579 1625 738 1659 (ὶρπιικαὸν
752 1624 956 1659 ἡγησάμενος,

1046 1577 1118 1605 Deus
1141 1577 1222 1612 cujus
1256 1576 1334 1603 nobis
1365 1575 1444 1603 hodie
1469 1575 1605 1604 festivitas
1634 1576 1736 1611 agitur,
1765 1578 1799 1606 ab

1009 1628 1113 1651 aeterno
1135 1622 1240 1650 exstitit
1267 1629 1299 1649 ac
1327 1621 1380 1648 fuit
1404 1629 1466 1648 cum
1497 1621 1594 1653 Patre;
1613 1629 1658 1648 nec
1676 1622 1798 1655 rapinam

162 1669 238 1695 κατὰ
258 1670 289 1695 τὸ
311 1670 412 1703 λόγιον,
437 1670 469 1696 τὸ
489 1668 565 1696 εἶναι
584 1669 635 1697 ἶσα
659 1670 729 1703 Θεῷ,
751 1670 809 1698 ἀλλ’
823 1671 893 1705 ἔχων
910 1671 957 1705 μὲν

1010 1670 1156 1696 arbitratus
1174 1672 1225 1698 est.
1243 1672 1272 1694 ut
1287 1667 1431 1702 Scriptura
1447 1666 1579 1701 loquitur,
1596 1673 1653 1692 esse
1668 1674 1695 1693 se
1707 1674 1799 1702 aequa-

167 1715 198 1747 ἐξ
214 1715 295 1741 αὐτοῦ
311 1715 341 1740 τὸ
358 1713 442 1741 εἶναι·
467 1716 642 1750 κληρονομῶν
665 1716 687 1742 δ’
703 1716 799 1751 ὥσπερ
821 1717 871 1752 τῆς
888 1725 959 1751 συμ-

165 1761 250 1794 φυΐας
268 1761 314 1786 καὶ
331 1762 378 1796 τῆς
395 1761 554 1795 ἀῐδιότητος,
571 1762 641 1787 οὕτω
656 1762 702 1788 καὶ
718 1762 808 1797 δόξης,
822 1763 869 1788 καὶ
895 1762 963 1788 πάν-

164 1816 223 1833 των
245 1807 297 1833 ὄπα
321 1807 368 1832 τοῦ
395 1808 566 1842 γεννήτορος.
586 1809 709 1842 Ἔπρεπε
735 1808 789 1844 γὰρ
815 1808 894 1844 δόξης
916 1805 963 1835 καὶ

164 1854 331 1888 κυριὸτητος
347 1854 393 1879 ἀπ’
409 1855 497 1888 ἀρχῆς
519 1856 649 1889 ὁμοτιμία
665 1854 704 1890 τῷ
723 1854 790 1890 Υἱῷ,
805 1855 847 1881 ὅτι
860 1854 963 1885 τέλειος

164 1901 198 1925 ἐκ
214 1899 336 1925 πλείον’
356 1900 401 1925 καὶ
420 1901 460 1926 ὅτι
484 1900 554 1927 οὕτω
573 1901 672 1935 μᾶλλον
689 1901 797 1933 σώζοιτ⁹
813 1900 847 1927 ἂν
870 1902 886 1936 ἡ
900 1900 963 1932 δόξα

165 1945 207 1977 τῷ
226 1945 263 1977 ἐξ
275 1944 311 1973 οὗ
326 1945 409 1973 πᾶσα
426 1947 544 1979 πατριὰ,
564 1948 592 1972 ὲν
611 1947 649 1981 τῷ
666 1946 750 1982 μηδὲν
763 1947 963 1981 ὑποδεὸηκέναι

170 1992 245 2027 δόξης
268 1993 316 2018 καὶ
337 1993 419 2027 τιμῆς
434 1993 479 2018 τὸν
496 1993 568 2019 Υίὸν.
586 1993 741 2028 ’Ἄνθρωποι
758 1993 808 2028 μὲν
826 1993 880 2028 γὰρ
901 1994 963 2021 ἐπεὶ

176 2039 231 2063 κατ’
242 2038 320 2064 οῦδὲν
336 2038 442 2069 τέλειοι,
460 2038 592 2069 ἐνδέοντες
606 2039 742 2065 τίκτουσιν
759 2039 858 2070 ἐνδεεῖς
871 2047 877 2054 ·
890 2039 905 2066 ὁ
921 2039 959 2071 δὲ,

176 2084 272 2114 τέλειος
288 2084 336 2115 ὢν,
353 2084 451 2118 μᾶλλον
464 2084 484 2110 δ’
496 2085 656 2119 ὑπερτελὴς,
669 2085 804 2120 ἀπροσδεῆ
817 2086 898 2120 γεννᾷ
907 2094 914 2101 ·
929 2085 963 2111 ἶν’

175 2129 258 2155 οἰκεία
278 2130 516 2164 μεγαλοπρεπείας
544 2130 610 2156 Θεοῦ
639 2131 654 2164 ἡ
679 2131 806 2166 γέννησις
819 2129 908 2167 ᾖ,καὶ
924 2131 962 2167 μὴ

172 2177 220 2211 τῆς
237 2176 343 2202 ἐκείνου
371 2176 478 2208 φύσεως
501 2177 638 2211 ἀπρεπής.
658 2177 734 2203 Ἐπεὶ
748 2177 777 2203 δὲ
794 2177 962 2212 κληρονόμος

169 2222 206 2247 ὢν
219 2222 347 2248 ἁπάντων
359 2223 409 2249 ὅσα
434 2222 480 2248 τοῦ
501 2224 670 2257 γεννήτορος,
693 2224 793 2257 ἀγαθὸς
808 2222 842 2259 ἦν
856 2224 885 2258 ἐξ
894 2225 962 2259 ἀγα-

168 2268 231 2294 Θοῦ·
249 2268 303 2293 ἔδει
326 2268 353 2294 δὲ
375 2269 419 2295 τὸν
436 2269 548 2295 πλοῦτον
565 2270 680 2303 ὀφθῆνιι
701 2270 751 2305 τῆς
773 2269 959 2305 ἀγαθότητος,

170 2313 209 2347 μὴ
240 2314 320 2347 μόνον
344 2314 372 2339 ἐν
397 2314 435 2348 τῷ
461 2314 661 2349 δημιουρ-(ἧσαι
690 2315 735 2342 τὸν
759 2316 824 2351 χοῦν
847 2317 960 2343 εἰκόνας

1014 1716 1064 1742 lem
1081 1714 1136 1742 Deo
1153 1714 1176 1730 ⁷⁸
1188 1723 1195 1741 z
1209 1714 1257 1741 sed
1269 1713 1303 1740 ab
1317 1713 1376 1748 ipso
1387 1712 1496 1747 quidem
1509 1719 1571 1739 esse
1588 1719 1666 1739 suum
1681 1712 1798 1748 accepit,

1014 1762 1151 1796 particeps
1174 1765 1203 1788 ut
1224 1760 1347 1796 ejusdem
1372 1763 1477 1787 naturae
1507 1762 1535 1786 et
1555 1759 1738 1792 aeternitatis,
1763 1760 1800 1790 ita

1014 1812 1042 1835 et
1058 1808 1153 1844 gloriae
1180 1811 1207 1835 et
1222 1807 1356 1840 omnium,
1372 1813 1433 1841 quze
1447 1804 1527 1833 Pater
1539 1804 1630 1831 habet.
1642 1804 1713 1833 Filio
1725 1803 1805 1838 enini

1013 1854 1048 1881 ab
1072 1854 1152 1881 initio
1180 1853 1354 1888 competebat
1379 1855 1406 1879 et
1432 1851 1537 1886 gloriaa.
1565 1855 1592 1878 et
1620 1851 1726 1887 imperii
1751 1859 1799 1881 seu

1014 1901 1159 1937 potestatis
1188 1900 1339 1935 aequalitas,
1363 1899 1428 1934 quia
1454 1897 1591 1933 perfectus
1620 1905 1653 1925 ex
1678 1897 1800 1933 perfecto

1014 1950 1163 1982 prognatus
1189 1949 1248 1977 est;
1276 1944 1405 1979 quodque
1432 1951 1464 1971 ea
1493 1943 1599 1970 ratione
1623 1944 1711 1978 magis
1732 1951 1800 1971 con-

1013 1996 1068 2021 stet
1087 1992 1147 2027 cjus
1163 1992 1265 2026 gloria,
1293 1998 1325 2017 ex
1352 1998 1403 2021 quo
1429 1990 1513 2016 omnis
1525 1990 1673 2025 palernilas
1686 1989 1802 2017 descen-

1014 2038 1054 2064 dit
1067 2037 1100 2067 ⁷ο,
1121 2040 1152 2063 ut
1167 2035 1265 2062 Filium
1283 2034 1419 2070 genuerit.
1436 2034 1481 2068 qui
1494 2041 1582 2068 neque
1597 2034 1694 2068 gloria,
1712 2042 1801 2069 neque

1013 2084 1117 2110 honore
1138 2082 1228 2109 minor
1238 2081 1304 2116 quid
1321 2087 1402 2115 quam
1423 2079 1505 2106 Pater
1525 2080 1650 2106 exsistat.
1673 2078 1803 2107 Homines

1012 2131 1122 2169 quidem
1146 2138 1207 2157 cum
1225 2129 1402 2165 perfectionis
1425 2133 1550 2162 expertes
1565 2128 1630 2161 siut,
1650 2128 1801 2163 imperfecti

1013 2177 1199 2213 imperfectos,
1223 2179 1391 2211 egentesque
1419 2180 1523 2207 egenos
1544 2179 1729 2208 progenerant
1749 2182 1755 2200 :
1776 2177 1803 2201 at

1012 2225 1058 2259 qui
1079 2222 1229 2259 perfectus,
1255 2221 1308 2253 vel,
1332 2224 1362 2248 ut
1390 2220 1492 2248 rectius
1511 2219 1616 2254 loquar,
1641 2220 1716 2247 omni
1741 2227 1804 2254 per-

1011 2269 1128 2297 fectione
1140 2267 1227 2304 major
1241 2271 1291 2298 est,
1304 2266 1328 2293 is
1338 2266 1467 2294 omnibus
1480 2264 1569 2292 modis
1582 2269 1802 2292 consummatum

1012 2315 1117 2350 gignit;
1139 2318 1169 2340 ut
1185 2312 1327 2348 generatio
1355 2312 1399 2340 illa
1415 2311 1514 2338 divina:
1529 2310 1665 2346 majestati
1681 2311 1716 2337 sit
1733 2317 1801 2337 con-

168 2360 239 2385 Θεοῦ
252 2367 259 2373 ·
278 2360 344 2394 μηδ’
360 2360 404 2393 ἀφ’
421 2358 457 2386 ὧν
485 2361 669 2395 ὑπέρπλουτος
692 2366 703 2380 ι’
719 2361 869 2397 ὁτιμηθεὶς
882 2363 957 2398 ἐχρη-

1015 2366 1157 2393 sentanea,
1182 2367 1235 2387 non
1260 2366 1274 2385 a
1298 2361 1394 2387 natura
1420 2358 1495 2384 illius
1523 2356 1622 2385 aliena.
1641 2355 1710 2391 Quia
1737 2363 1802 2382 vero

167 2406 283 2441 μάτιζεν
293 2413 299 2419 ·
315 2406 370 2432 ἀλλ’
382 2407 442 2432 ἐπεὶ
454 2408 549 2441 ῥοπαῖς
561 2408 674 2439 οἰκείαις
685 2407 793 2443 θανάτῳ
803 2408 958 2441 δεδούλωτο,

166 2452 215 2477 καὶ
241 2452 343 2486 ἄπορον
371 2453 387 2486 ή
414 2453 546 2487 λύτρωσις
564 2452 607 2489 ἦν,
627 2452 758 2480 εἶναικαὶ
782 2453 860 2480 τοῦτο
874 2454 960 2491 δῶρον

167 2498 220 2532 τῆς
249 2498 352 2524 ἐκεῖθεν
378 2500 553 2534 ἀγαθότητος.
575 2500 715 2526 Ἐϐούλετο
727 2499 816 2534 δ’ἄρα
839 2499 962 2534 ὑπερὸα-

166 2544 265 2570 λέςοαι
292 2544 370 2576 αὐτὸς
395 2545 490 2571 ἑαυτὸν
514 2545 719 2581 φιλανθρωπίας
744 2545 895 2580 ὑπερϐολῇ·
917 2545 961 2572 διὰ

166 2590 250 2617 τοῦτο
274 2590 388 2622 εὐδοκεῖ,
407 2592 495 2617 πόνων
521 2591 627 2617 οἰκείων
653 2592 683 2617 οὐ
704 2592 788 2627 χωρὶς
802 2591 893 2617 δοῦναι
908 2592 959 2626 τὴν

168 2635 338 2671 ἐλευθερίαν.
355 2634 407 2662 Ἦν
422 2637 449 2662 δὲ
468 2636 546 2662 τοῦτο
562 2637 717 2671 βουληῦὲντι
732 2637 856 2672 ἕτοιμον·
873 2637 962 2664 πάντα

170 2682 228 2716 γὰρ
243 2682 310 2708 εἴκει
322 2682 381 2716 Θεῷ
391 2691 398 2696 ·
413 2682 470 2708 ἀλλ’
484 2683 512 2708 ἐν
526 2682 564 2717 τῷ
576 2684 738 2717 κοινωνῆσαι
753 2683 802 2717 μὲν
813 2684 870 2714 τοῖς
879 2690 963 2709 κατα-

167 2727 260 2759 δίκαις
275 2728 324 2762 τῆς
338 2729 572 2763 συναναστροφῆς,
589 2728 661 2755 οὕτω
679 2729 707 2755 δὲ
728 2730 826 2764 πεῖραν
837 2729 887 2762 τῆς
914 2737 962 2754 κα-

209 2816 235 2834 ⁷⁸
257 2816 377 2852 Pltilipp.
397 2824 436 2848 .n,
466 2816 493 2843 6.
533 2817 556 2832 ⁷⁸
576 2816 680 2844 thes.
700 2825 741 2849 Ill,
765 2817 809 2844 15.

1015 2406 1103 2436 haeres
1123 2405 1260 2432 exsistens
1286 2404 1408 2431 omnium
1435 2401 1524 2429 Patris
1557 2401 1691 2427 honorum
1720 2405 1802 2436 atque

1014 2451 1162 2484 donorum,
1179 2452 1267 2478 bonus
1281 2457 1314 2477 ex
1337 2450 1410 2477 bono
1432 2451 1501 2481 eral,
1532 2447 1700 2482 decebatque
1717 2451 1746 2475 ut
1759 2448 1800 2474 di-

1016 2499 1089 2525 vitiae
1112 2498 1316 2529 bonitatis,non
1337 2496 1425 2523 solum
1448 2494 1475 2521 in
1490 2501 1523 2521 eo
1537 2497 1710 2531 apparerent,
1727 2492 1800 2528 quod

1016 2544 1155 2580 pulverem
1177 2542 1210 2569 ad
1229 2541 1275 2569 Dei
1289 2540 1436 2576 imaginem
1456 2538 1642 2571 condidisset;
1660 2545 1693 2565 ac
1713 2544 1801 2574 neque

1018 2596 1047 2617 ut
1071 2590 1129 2625 ipse
1156 2590 1287 2617 honorem
1313 2587 1428 2619 habens,
1456 2585 1682 2622 opulentissimus
1702 2589 1799 2612 esset:

1017 2636 1116 2671 adjecit
1130 2640 1156 2662 et
1168 2635 1219 2662 hoc
1232 2633 1363 2661 bonitatis
1374 2640 1431 2659 suae
1445 2639 1545 2659 munus
1561 2634 1589 2658 et
1599 2633 1799 2665 argumentum,

1017 2689 1058 2714 ιιι,
1082 2686 1226 2716 postquam
1244 2680 1326 2706 homo
1347 2678 1457 2714 propria
1481 2676 1660 2704 inclinatione
1675 2678 1702 2703 et
1721 2675 1801 2704 ruina

1017 2728 1044 2756 in
1065 2728 1225 2755 servitutem
1251 2725 1346 2753 mortis
1369 2723 1514 2757 inciderat,
1539 2729 1627 2758 neque
1654 2721 1723 2749 ratio
1746 2721 1800 2751 ulla

827 2863 944 2892 VARIIE
973 2860 1175 2892 LECTIONES.

211 2913 282 2940 Ded.
299 2911 445 2948 ἐγνῶσθαι.
501 2916 515 2936 αι
528 2910 572 2939 ed.
591 2911 686 2939 εἰκόνι.

729 2916 740 2931 ι·
755 2920 800 2947 γρ.
816 2910 1027 2948 ὑπερπλούσιος.
