4072 6460
408 338 509 403 103

1634 327 1913 388 LEONIS-
1936 324 2400 386 PHILOSOPHI

3567 312 3667 378 104

407 466 515 523 qua
553 466 612 503 se
656 450 776 505 inde
811 447 1109 518 expediret,
1150 444 1492 516 suppetebat,
1522 459 1645 497 eum
1686 458 1716 496 a
1750 442 1982 496 vinculis

2115 441 2307 501 ςώσεως
2364 438 2594 491 λαϐόντα
2639 435 2884 489 διαλῦσαι
2930 438 3030 507 τὴν
3078 436 3343 491 κάκωσιν.
3415 431 3568 485 Ἐπεὶ
3611 431 3668 484 δὲ

408 541 495 594 his
524 540 850 593 exsolveret.
891 536 1235 605 Quapropter
1266 531 1433 586 nimia
1472 531 1706 601 quadam
1742 529 1980 583 benevo-

407 632 589 687 lentia:
624 627 961 683 abundantia
1012 626 1132 696 ipse
1166 640 1226 680 se
1276 637 1613 692 exsuperare
1655 621 1851 677 voluit.
1889 621 1980 674 ld-

358 768 365 773 .
408 722 561 777 circo
591 721 783 776 Statuit
821 718 1094 788 perditum
1128 718 1181 771 in
1211 717 1519 771 libertatem
1557 728 1831 778 asserere,
1867 728 1977 766 non

412 816 531 868 sine
575 812 842 865 molestiis
892 810 1059 882 (quod
1093 809 1297 864 volenti
1338 808 1500 862 facile
1526 816 1673 872 erat;
1712 820 1835 860 nam
1867 820 1985 858 om-

412 907 503 959 nia
535 904 737 960 cedunt
789 902 961 971 Deo),
1003 902 1099 957 sed
1153 902 1227 955 ita
1283 910 1343 953 ut
1390 900 1828 955 conversationis
1864 913 1985 955 cum

410 998 521 1051 reis
573 996 890 1063 societatem
925 993 1109 1058 iniret,
1164 992 1354 1063 sicque
1391 991 1508 1062 ipse
1540 992 1889 1045 incommoda
1927 1005 1989 1044 ac

412 1089 665 1145 miserias
714 1095 997 1157 expertus,
1049 1086 1331 1147 miseriam
1386 1099 1603 1138 omnem
1638 1083 1987 1139 dissolveret.

409 1181 678 1235 Cmterum
713 1193 837 1232 cum
873 1175 927 1229 id
960 1174 1122 1229 aliter
1156 1172 1405 1244 praestari
1444 1188 1553 1228 non
1588 1182 1793 1243 posset,
1826 1188 1989 1243 quam

413 1280 471 1325 ut
521 1272 589 1331 is,
622 1268 715 1339 qui
765 1282 850 1321 me
886 1267 1140 1331 ﬁnxerat,
1175 1280 1353 1319 meum
1388 1266 1506 1338 ipse
1550 1264 1881 1335 ﬁgmentum,
1908 1264 1995 1317 in-

411 1363 631 1429 dueret;
688 1359 965 1431 peragitur
1016 1359 1163 1428 quod
1212 1366 1389 1412 totum
1423 1359 1767 1428 mysterium,
1801 1358 1992 1412 occul—

413 1466 528 1509 tum
581 1468 645 1507 ac
699 1466 961 1505 arcanum
1012 1450 1332 1521 mysterium
1380 1460 1493 1513 est;
1546 1464 1610 1503 ac
1663 1451 1768 1505 mei
1821 1450 1998 1504 simile

415 1548 652 1615 primum
680 1546 873 1614 incipit
900 1558 1046 1607 esse,
1069 1543 1213 1612 quod
1240 1559 1267 1596 a
1291 1543 1564 1612 principio
1586 1550 1706 1611 erat
1729 1543 1995 1597 Verbum:

418 1638 709 1708 magnique
755 1635 971 1691 consilii
1040 1635 1218 1690 Patris
1263 1636 1506 1705 Angelus
1538 1635 1607 1699 ⁸ο,
1658 1636 1714 1689 in
1760 1635 1999 1688 humana

418 1731 600 1800 specie
623 1729 773 1784 venit
798 1746 812 1788 ;
851 1727 1059 1782 amoris
1091 1727 1545 1797 magnitudinem,
1579 1742 1687 1797 quo
1714 1743 1817 1783 nos
1839 1729 2000 1784 Pater

414 1821 722 1885 dilexisset,
774 1835 871 1889 per
925 1819 1169 1888 seipsum
1235 1818 1511 1880 ostendit,
1566 1834 1630 1873 ac
1681 1834 1780 1875 sua
1844 1820 1998 1874 carni

412 1909 828 1980 justiﬁeatione,
850 1919 909 1962 ut
938 1924 968 1961 a
996 1907 1190 1963 mortis
1209 1907 1581 1963 dominatione
1600 1908 1728 1978 iusti
1761 1910 1997 1977 speciem

417 1999 673 2063 habente,
705 1996 1045 2064 exsolvatur,
1078 1995 1288 2050 tribuit.
1323 1994 1533 2061 Quibus
1556 1996 1703 2052 enim
1734 1998 2000 2053 adversus

2083 533 2241 586 τοῦτο
2265 530 2577 600 πραχθῆναι
2620 528 2793 591 ἄλλως
2823 530 2922 581 οὐκ
2946 524 3069 597 ἦνῆ
3108 526 3416 595 πλασθῆναι
3445 524 3522 595 τῷ
3552 520 3672 593 ἐμῷ

2084 625 2175 678 τὸν
2205 624 2449 693 πλάστην
2481 622 2783 693 φυράματι,
2812 623 3047 674 τελεῖται
3082 621 3145 673 τὸ
3178 621 3287 673 πᾶν
3338 618 3671 688 μυστήριον,

2087 714 2442 787 ἀποκρύπτον
2501 715 2829 783 μυστήριον”
2866 715 2961 767 καὶ⁵
3020 711 3293 781 λαμϐάνει
3345 710 3520 781 ἀρχὴν
3549 708 3673 762 κατ’

2088 810 2189 878 ἐμὲ
2228 812 2255 861 ὁ
2281 807 2354 860 ὣν
2398 809 2456 859 ὲν
2486 810 2628 878 ἀρχῇ
2661 808 2833 875 Λόγος
2853 821 2865 834 ·
2892 805 2985 858 καὶ
3012 806 3041 857 ὁ
3064 806 3163 873 τῆς
3198 803 3441 873 μεγάλης
3476 799 3675 869 βουλῆς

2087 898 2180 952 τοῦ
2210 897 2420 967 Πατρὺς
2454 896 2717 964 Ἀγγελος
2762 897 2820 948 ἐν
2852 896 3107 966 ἡμετέρῳ
3137 895 3270 948 εῖδει
3293 892 3580 960 ἐπιφοιτᾷ,
3612 889 3677 942 τό

2089 1009 2149 1044 τε
2206 990 2337 1059 ὕψος
2371 990 2472 1060 τῆς
2501 990 2717 1058 ἀγάπης
2758 989 2827 1058 ἢν
2864 989 3151 1058 ἠγάπησεν
3203 988 3354 1056 ἡμᾶς
3399 988 3427 1037 ὁ
3484 984 3677 1052 Πατὴρ

2090 1084 2156 1137 δι’
2208 1082 2403 1135 ἑαυτοῦ
2453 1082 2754 1151 γνωρίζων.
2788 1081 2880 1147 καὶ.
2933 1082 2998 1149 τῇ
3051 1079 3216 1148 σαρκὶ
3268 1077 3447 1138 διδοὺς
3487 1074 3678 1143 οἰκείῳ

2092 1174 2421 1243 δικαιώματι
2458 1175 2558 1243 τῆς
2605 1174 2682 1243 τῷ
2721 1172 2937 1239 Θανάτῳ
2970 1170 3233 1238 δοκούσης
3264 1168 3487 1235 εὐλόγου
3540 1183 3679 1223 κατ-

2095 1266 2230 1337 οχῆς
2262 1265 2652 1318 ἀπολελύσθαι.
2673 1260 2769 1327 Οἷς
2802 1264 2910 1333 γὰρ
2943 1263 3084 1317 κατὰ
3104 1261 3197 1314 τοῦ
3231 1261 3393 1331 μηδὲν
3425 1262 3681 1330 ἡμαρτη-

2097 1360 2250 1422 κότος
2280 1357 2495 1428 ἐπήρθη
2528 1357 2624 1428 τὴν
2652 1357 2942 1427 τυραννίδα
2965 1354 3269 1417 ἐπιϐαλεῖν,
3293 1352 3505 1414 τούτοις
3533 1350 3629 1404 καὶ
3651 1350 3684 1402 ὃ

2099 1453 2238 1504 κατά
2270 1450 2363 1503 τοῦ
2411 1451 2830 1520 ἁμαρτήσαντος
2868 1445 2936 1520 ἦν
2967 1448 3115 1518 αὐτῷ
3151 1447 3403 1500 διόλωλεν
3429 1444 3681 1512 εὗλογονο

2100 1546 2193 1597 καὶ
2212 1544 2280 1596 δι’
2304 1542 2418 1604 ἐνὸς
2443 1543 2863 1613 ἁμαρτήματος,
2885 1539 3028 1593 κατά
3043 1540 3104 1591 τὸ
3126 1539 3328 1606 λόγιον,
3356 1540 3455 1607 τὴν
3482 1554 3686 1606 τυραν-

2102 1634 2221 1688 νίδα
2253 1634 2598 1705 πηξάμενος,
2633 1632 2702 1685 δι’
2749 1633 2868 1695 ἑνὸς
2919 1631 3249 1685 καταλύεται
3292 1630 3703 1700 δικαιώματος..

2104 1727 2320 1797 Οίηθεὶς
2349 1727 2457 1798 γὰρ
2488 1725 2565 1797 τῷ
2594 1726 2691 1779 τοῦ
2732 1726 3117 1796 ἡμαρτηκότος
3159 1724 3331 1794 Ἀδὰμ
3354 1722 3686 1792 ὁμοιώματι,

2099 1814 2191 1867 τὸν
2216 1815 2487 1884 ἁμαρτίαν
2524 1816 2600 1886 μὴ
2642 1817 2839 1883 γνόντα
2887 1816 3262 1886 κατασχήσειν
3297 1814 3492 1882 Ἀδὰμ,
3527 1812 3689 1865 ἔλαθε

2104 1904 2178 1974 τῷ
2204 1906 2505 1978 καθαιρέτῃ
2532 1906 2632 1977 τῆς
2667 1905 3020 1977 πολυχρονίου
3052 1904 3372 1977 τυραννίδος
3413 1921 3688 1974 ποοσομι-

2103 2000 2168 2068 λή
2176 2017 2293 2062 σας.

416 2106 565 2155 eum,
602 2090 697 2161 qui
751 2088 889 2145 nihil
937 2088 1144 2159 piaculi
1197 2089 1250 2143 in
1292 2103 1352 2144 se
1404 2100 1707 2159 receperat,
1758 2106 1871 2145 suae
1923 2092 2031 2145 vim
2093 2091 2405 2163 tyrannidis
2458 2094 2734 2163 explicare
2816 2092 3183 2165 praesumpsit,
3234 2106 3302 2146 ns
3357 2088 3538 2155 etiam,
3573 2104 3686 2158 quo

414 2191 685 2247 adversus
713 2197 997 2259 peceatum
1016 2190 1140 2257 jure
1176 2186 1313 2241 fulta
1339 2195 1478 2253 erat,
1510 2187 1695 2242 amisit
1728 2229 1741 2242 .
1802 2202 1866 2242 ac
1928 2204 2051 2243 cum
2086 2203 2185 2259 per
2233 2204 2401 2244 unum
2438 2199 2744 2261 peccatum,
2775 2199 2913 2247 teste
2950 2189 3234 2260 Scriptura
3265 2189 3334 2251 εί,
3401 2186 3685 2257 imperium

419 2302 578 2341 suum
625 2283 919 2347 ﬁrmasset,
964 2284 1104 2337 idem
1167 2300 1264 2353 per
1323 2298 1485 2337 unam
1530 2283 1982 2363 justiticationem
2023 2298 2088 2339 ac
2142 2287 2399 2342 meritum
2444 2290 2852 2357 pessumdatum
2900 2295 3004 2344 est.
3056 2286 3194 2342 Cum
3229 2286 3374 2341 enim
3413 2300 3578 2349 mors,
3623 2285 3694 2338 ad

421 2376 541 2446 ejus
594 2372 812 2428 modum
858 2374 1075 2439 Adami,
1133 2373 1223 2442 qui
1264 2382 1550 2442 peccatum
1590 2374 1909 2437 admiserat.
1958 2390 2084 2430 eum
2128 2392 2190 2434 se
2224 2376 2494 2433 Adamum
2527 2379 2622 2449 qui
2655 2386 2942 2450 peccatum
2985 2377 3325 2440 nescivisset,
3357 2382 3697 2431 retenturam

422 2478 691 2544 speraret,
758 2485 867 2523 non
950 2468 1332 2524 animadvertit
1428 2484 1545 2524 rem
1590 2469 1698 2525 sibi
1767 2484 1890 2525 cum
1957 2487 2023 2527 eo
2074 2488 2218 2539 esse,
2254 2473 2348 2545 qui
2398 2474 2710 2539 diuturnam
2742 2474 2890 2528 illam
2936 2471 3279 2544 tyrannidem
3327 2469 3696 2540 disslpaturus

422 2574 587 2621 esset.

500 2656 615 2711 Hoc
680 2655 969 2725 praesentis
1035 2655 1211 2711 nostri
1258 2652 1384 2709 festi
1447 2661 1615 2725 caput
1665 2661 1722 2711 et
1770 2666 2005 2709 summa.

421 2747 594 2814 Deus,
645 2763 755 2803 non
797 2746 1073 2818 sull‘ragiis
1101 2748 1382 2802 hominum
1415 2757 1662 2813 creatus,
1693 2748 1786 2802 sed
1818 2747 2006 2801 divino

427 2842 545 2912 ipse
597 2839 960 2912 peculiariter
990 2840 1267 2910 gloriosus
1301 2839 1532 2910 imperio
1575 2850 1739 2910 atque
1781 2841 2003 2906 virtute,

424 2932 806 2991 misericordia
851 2945 981 3002 erga
1027 2929 1281 2986 homines
1333 2938 1664 2995 commotus,
1710 2930 2003 2983 humanam

427 3033 682 3079 naturam
727 3023 1061 3093 assumpsit,
1106 3037 1172 3076 ac
1228 3037 1448 3076 carnem
1506 3037 1663 3077 suam
1719 3022 1772 3075 in
1830 3028 2005 3075 atram

428 3127 659 3171 mortem
705 3114 950 3179 tradidit,
1001 3122 1059 3168 ut
1104 3128 1205 3167 nos
1254 3114 1684 3167 immortalitatis
1736 3112 1858 3167 luce
1893 3112 2019 3166 001-.

424 3207 811 3261 .lustraremur.
863 3203 1047 3277 Neque
1078 3207 1221 3260 enim
1257 3205 1373 3265 ﬁeri
1424 3212 1661 3274 poterat,
1710 3211 1770 3257 ut
1803 3204 2018 3273 abipso

433 3307 677 3354 creatum
726 3298 1004 3352 hominem
1035 3297 1091 3351 in
1121 3297 1531 3359 calamitatibus
1570 3305 1883 3352 versantem
1921 3296 2018 3350 de-

437 3390 714 3461 spiceret;
764 3404 954 3459 quem,
995 3389 1243 3458 inquam,
1289 3404 1354 3442 ex
1407 3388 1583 3442 nihilo
1613 3387 1681 3442 ad
1725 3388 2017 3457 imaginem

436 3480 816 3547 condidisset;
874 3487 1001 3533 utve
1061 3478 1252 3532 morbo
1293 3494 1371 3545 ex
1394 3478 1522 3548 ligni
1572 3492 1671 3532 esu
1711 3486 2020 3543 contracto,

436 3580 702 3643 perpetuo
748 3570 1075 3631 excruciari
1112 3570 1349 3637 sineret;
1401 3578 1494 3623 aut
1561 3568 1797 3639 paradisi
1844 3568 2021 3625 civem

432 3662 547 3733 jugi
595 3661 841 3715 custodia
888 3660 1152 3714 macerari
1197 3659 1538 3729 permitteret
1572 3674 1584 3710 ι
1622 3666 1677 3712 at
1709 3674 1833 3712 cum
1869 3657 2025 3711 auxi-

441 3753 515 3807 lio
538 3752 864 3807 destitutum
889 3752 1185 3821 aspiceret,
1212 3766 1435 3805 manum
1469 3767 1646 3817 suam,
1672 3754 1831 3820 cujus
1860 3754 2023 3807 homo

439 3860 580 3915 opus
628 3852 793 3909 esset,
850 3842 1177 3913 adjutricem
1224 3842 1519 3897 extendit:
1558 3843 1615 3897 iit
1662 3858 2022 3912 personarum

443 3943 774 4005 aceeptator,
809 3934 904 4004 qui
935 3934 1282 4003 iustissimus
1314 3942 1398 3988 est
1428 3950 1442 3988 :
1469 3932 1865 4004 decretumque
1889 3932 2022 3987 illud

443 4027 706 4082 adversus
756 4041 903 4091 crint,
943 4025 1035 4095 qui
1081 4025 1399 4080 mandatum
1438 4026 1731 4092 violasset,
1783 4027 2025 4096 legitime

444 4118 840 4189 conscriptum,
877 4118 1041 4172 insita
1077 4119 1582 4184 commiseratione,
1617 4120 1764 4174 velut
1800 4135 2027 4175 munere

446 4212 681 4280 quodam
726 4221 942 4279 captus,
999 4211 1281 4265 oblitterat
1318 4220 1483 4281 atque
1554 4212 1845 4282 expungit;
1899 4228 2027 4281 pro-

448 4304 679 4374 priaque
743 4310 917 4356 morte
965 4302 1160 4369 mortis
1203 4301 1256 4355 in
1310 4318 1413 4356 nos
1464 4303 1879 4371 impressionem
1931 4317 2027 4357 co-

2181 2653 2353 2707 Τοῦτο
2388 2654 2490 2724 τῆς
2518 2654 2675 2725 ἡμῶν
2708 2656 3075 2726 πανηγύρεως
3100 2656 3162 2709 τὸ
3205 2655 3501 2725 κεφάλαιον
3522 2670 3539 2688 ο
3564 2654 3701 2718 Θεὸς

2112 2745 2171 2797 ού
2221 2744 2422 2816 ψήφοις
2468 2746 2870 2817 χειροτονηθεὶς
2929 2746 3337 2818 ἀνθρωπίναις,
3383 2746 3498 2800 ἀλλ’
3556 2747 3706 2808 ίδίως

2113 2836 2279 2906 θεῖκῷ
2306 2836 2660 2908 δοξαζόμενος
2688 2839 2901 2910 κράτει,
2922 2839 2989 2893 δι’
3017 2840 3169 2894 ἔλεον
3198 2840 3291 2893 τὸν
3322 2839 3460 2910 πρὸς
3488 2838 3709 2907 ἀνθρώ-

2113 2946 2247 2992 πους
2296 2929 2587 3000 γενόμενος
2641 2932 2949 3003 ἄνθρωπος,
2997 2934 3093 2986 καὶ
3148 2933 3315 3002 σαρκὶ
3354 2932 3436 3002 τῷ
3486 2930 3707 3000 ζοφερῷ

2113 3023 2291 3097 διδοὺς
2333 3025 2716 3094 προσεγγίζειν
2776 3026 3015 3095 θανάτῳ,
3042 3024 3111 3079 ἵν’
3139 3026 3301 3094 ἡμεῖς
3332 3024 3411 3093 τῷ
3440 3025 3579 3092 φωτὶ
3602 3024 3709 3093 τῆς

2119 3116 2416 3181 ἀθανασίας
2443 3118 2864 3189 ὲλλαμφθῶμεν.
2915 3119 3050 3173 Οὐδὲ
3102 3119 3201 3191 (ἀρ
3228 3114 3295 3188 ἦν
3326 3116 3463 3186 πρὸς
3495 3115 3711 3169 ἐκείνου

2120 3210 2411 3280 γενόμενον
2461 3211 2517 3262 ὲν
2559 3212 2751 3273 κακοῖς
2783 3209 3034 3280 παριδεῖν
3054 3249 3070 3275 ,
3098 3209 3158 3264 ὃν
3185 3210 3285 3262 ούκ
3314 3208 3445 3261 ὅντα
3485 3205 3606 3259 κατ’
3635 3206 3713 3258 εί-

2121 3301 2253 3355 κόνα
2278 3301 2637 3372 δημιουργεῖν
2674 3300 2783 3354 οὐδ’
2817 3301 3165 3371 ἀθεράπευτα
3201 3301 3433 3369 κάμνειν
3474 3297 3568 3351 τοῦ
3616 3296 3715 3361 ξύ-

2123 3390 2215 3444 λου
2236 3391 2313 3461 τῷ
2334 3393 2761 3465 ἀρῤωστήματιυ
2784 3392 2906 3445 οὐδὲ
2939 3393 3030 3446 τὸν
3053 3392 3146 3446 τοῦ
3178 3390 3518 3463 παραδείσου
3552 3389 3712 3444 πολίε-

2122 3502 2222 3554 την
2246 3485 2462 3553 ἀφεῖναι
2484 3485 2954 3555 κατατρυχόμενον
2984 3485 3041 3537 ἐν
3072 3486 3287 3555 φρουρᾷ
3305 3500 3318 3514 ο
3343 3481 3457 3537 ἀλλ’
3479 3481 3717 3552 ἐπείπερ

2124 3572 2267 3630 εἶδεν
2317 3577 2735 3648 ὲξαπορήσαντα
2791 3575 3067 3646 βοηθείας,
3120 3576 3356 3629 ἐκτείνει
3396 3574 3495 3645 τὴν
3530 3575 3717 3644 χεῖρα,

2124 3662 2193 3741 ἦς
2220 3670 2377 3739 ἔργον
2403 3669 2711 3739 ἄνθρωπος,
2744 3669 2825 3731 είς
2852 3668 3137 3739 βοήθειαν·
3174 3666 3269 3721 καὶ
3297 3666 3509 3735 γίνεται
3539 3681 3720 3735 προσ-ι

2125 3761 2457 3832 ωπολήπτης
2508 3761 2536 3813 ό
2593 3760 2828 3833 δίκαιον
2880 3760 2974 3813 καὶ
3025 3760 3161 3829 ὅπερ
3206 3759 3422 3828 ἐγράφη
3492 3756 3723 3825 ἔννομον

2125 3854 2382 3925 ψήφισμα
2432 3852 2573 3906 κατά
2631 3851 2723 3904 τοῦ
2783 3851 2856 3921 μὴ
2908 3849 3273 3920 τετηρηκότος
3321 3850 3420 3918 τὴν
3475 3847 3720 3918 ἐντολὴν,

2127 3948 2237 4010 τοῖς
2265 3945 2487 4008 οίκείοις
2519 3943 3241 4017 δωροδοκηθεὶςοίκτιρμοῖς
3264 3940 3552 4007 ἀπαλείφει
3573 3954 3585 3966 °
3615 3939 3719 3992 καὶ

2127 4038 2315 4109 οίκείῳ
2359 4038 2573 4107 θανάτῳ
2617 4040 2716 4108 τὴν
2762 4035 2886 4089 καθ’
2932 4035 3089 4105 ἡμῶν
3118 4034 3213 4087 τοῦ
3246 4032 3477 4087 θανάτου
3504 4031 3719 4101 ἵστησιν

2128 4130 2334 4199 ἔφοδον.
2371 4131 2436 4183 Ὃ
2492 4130 2722 4200 ἀπείρου
2780 4127 3146 4198 ἀγαθότητοςι
3188 4125 3233 4177 ὢ
3285 4122 3643 4193 σπλάγχνωνῑ
3673 4120 3723 4174 ὣ

2131 4224 2387 4292 φίλτρου,
2422 4219 2521 4297 οἷς»
2557 4220 2701 4274 οὕτω
2752 4219 2884 4282 Θεὸς
2940 4217 3233 4289 ἀνθρώπου
3266 4218 3404 4287 ὲρᾷί
3448 4217 3543 4268 Ἐκ
3596 4214 3727 4285 χοὸς

2129 4314 2505 4377 διαπλάττειςο
2530 4313 2710 4382 ψυχὴν
2726 4312 2804 4381 τῷ
2836 4312 2913 4382 σῷ
2934 4312 3091 4373 δίδως
3112 4310 3468 4381 ὲμφυσήματι
3487 4315 3507 4343 ⁸
3534 4325 3545 4337 ·
3573 4302 3728 4359 οἶκον

452 4394 622 4448 hibet.
646 4391 690 4448 Ο
714 4394 1033 4448 immensam
1064 4393 1393 4449 bonitatem!
1422 4394 1464 4448 Ο
1487 4395 1728 4449 νίσσεται
1757 4396 1798 4447 0
1821 4395 2010 4449 amoris

2131 4405 2480 4475 παντοδαπῆς
2509 4405 2752 4475 τέρψεως
2771 4403 3051 4474 ἀφορίζεις
3071 4402 3288 4473 μεστόν.
3312 4403 3425 4456 Οὐκ
3442 4400 3731 4471 ὲμέτρησα

449 4488 581 4552 vim,
620 4503 729 4557 quo
778 4485 1046 4541 sic'Deus
1082 4487 1355 4542 hominem
1413 4488 1676 4557 deperiit!
1731 4489 1807 4542 Ex
1865 4498 2024 4544 terra?

451 4578 660 4649 ellingis
691 4577 948 4647 pulvere;
990 4588 1079 4631 tua
1124 4578 1486 4647 inspiratione
1516 4579 1755 4632 animam
1790 4579 2022 4645 tribuis;

452 4673 675 4728 domum
725 4672 971 4727 destinas
1021 4671 1202 4726 omnis
1238 4672 1456 4741 generis
1513 4671 1729 4740 plenam
1768 4671 2021 4727 deliciis:

454 4773 540 4820 ast
587 4780 687 4835 ego
734 4772 844 4819 tam
880 4767 1204 4826 immensam
1248 4765 1548 4821 bonitatem
1588 4781 1693 4820 non
1726 4766 2025 4836 perpendi-

454 4859 820 4929 magnitudini
874 4858 1123 4913 muneris
1171 4858 1309 4912 tanti
1370 4867 1584 4929 gratum
1620 4874 1706 4913 me
1736 4874 1844 4912 non
1877 4860 2031 4911 exhi-

454 4950 584 5019 bui;
614 4965 711 5004 nec
733 4950 1078 5020 dignitatem,
1105 4967 1211 5022 qua
1241 4951 1535 5020 pollebam,
1557 4952 1847 5007 :estimavi.
1877 4953 2030 5023 Ligni

2130 4496 2228 4567 τὴν
2275 4494 2621 4565 ἀγαθότητα’
2666 4495 2766 4547 οὐκ
2795 4494 3064 4563 ἐγενόμην
3095 4492 3415 4563 εὐχάριστος
3465 4489 3731 4543 τοσούτου

2131 4588 2305 4659 δώρου
2358 4587 2609 4657 μεγέθει·
2640 4587 2741 4641 οὐκ
2771 4585 2999 4655 ἔστερξα
3022 4584 3121 4655 τὴν
3174 4586 3341 4655 τιμήν
3387 4601 3401 4614 ο
3430 4580 3732 4652 προύδωκα

2136 4677 2389 4749 βρώσεως
2430 4676 2571 4730 θεῖον
2622 4676 2995 4746 διάγγελμαί,
3029 4677 3057 4728 ὅ
3110 4692 3200 4741 μοι
3254 4671 3560 4741 ἀνώλεθρον
3623 4670 3737 4721 ὑπ’

2139 4772 2370 4839 ισχνεῖτο
2405 4769 2574 4839 ζωήν.
2602 4769 2675 4822 Τὸ
2703 4768 3002 4839 βαρύτατον
3028 4767 3136 4819 τῶν
3163 4766 3313 4835 ἐμῶν
3342 4761 3733 4848 ἐγκλημάτων,

2131 4860 2375 4930 ἠγνόησα
2423 4862 2521 4925 τὴν
2557 4860 2891 4930 δημιουργὸν
2931 4858 3147 4923 δεξιάνο
3193 4857 3371 4909 ἔδωκα
3416 4858 3529 4917 τοῖς
3571 4855 3738 4923 ποιή-

2137 4967 2268 5019 μασι
2342 4950 2437 5003 τοῦ
2497 4954 2823 5021 ποιήσαντος
2868 4952 2965 5020 τὴν
3018 4950 3208 5019 τιμήν.
3261 4949 3373 5003 Καὶ
3414 4946 3467 4999 τί
3517 4944 3736 5015 γίνεται

457 5058 557 5098 esu
621 5041 860 5105 divinam
906 5042 1120 5112 prodidi
1176 5043 1684 5108 denuntiationem,
1737 5060 1858 5113 quae
1904 5046 2010 5097 mih

2138 5046 2258 5099 ἀντὶ
2319 5043 2564 5110 τούτων;
2618 5043 2729 5113 Τὴν
2790 5042 3020 5112 πηλίνην
3070 5044 3098 5095 ό
3152 5040 3399 5108 πλάστης
3451 5036 3738 5108 ἀμορφίαν

458 5137 630 5190 vitam
663 5135 844 5189 omnis
876 5135 1134 5191 interitus
1163 5146 1442 5206 expertem
1474 5137 1855 5206 pollicebatur.
1882 5135 2035 5202 Quod

462 5227 697 5297 denique
737 5242 981 5281 meorum
1003 5229 1270 5282 scelerum
1304 5229 1691 5299 gravissimum
1722 5239 1828 5293 est,
1858 5231 2041 5285 dexte—

464 5332 578 5372 ram
610 5320 841 5386 nescivi,
864 5334 969 5390 qua
1003 5319 1260 5375 conditus
1286 5336 1497 5377 essem:
1534 5324 1740 5376 creatis
1778 5323 2039 5377 honorem

464 5422 573 5475 quo
599 5408 828 5463 Creator
864 5411 1278 5479 proseauendus
1328 5421 1446 5473 erat
1504 5411 1696 5466 detuli.
1734 5410 1877 5477 Quid
1910 5427 2038 5466 vero

542 5588 588 5618 ⁸ο
632 5588 736 5643 lsa.
774 5605 850 5651 Ix,
898 5591 950 5645 6.
1027 5593 1070 5623 ⁸¹
1113 5592 1271 5647 Rom.
1331 5609 1360 5642 ι·
1427 5593 1509 5647 12.

2142 5135 2459 5203 λαμϐάνεις.
2491 5136 2601 5189 Καὶ
2632 5138 2792 5205 μέχρι
2818 5138 2915 5204 τῆς
2939 5136 3175 5205 ἐσχάτης
3202 5134 3425 5204 ἀτιμίας
3455 5131 3553 5183 οὐκ
3575 5133 3737 5181 ἐπαι-

2153 5226 2324 5296 σχύνῃ
2362 5225 2752 5293 συγκατελθεῖν
2798 5241 2811 5255 ·
2850 5224 2943 5277 καὶΙ
2976 5222 3111 5292 γεύῃ
3137 5222 3232 5275 τοῦ
3256 5218 3457 5290 πικροῦ
3490 5218 3741 5286 πόματος

2150 5320 2242 5371 τοῦ
2276 5318 2539 5381 θανάτου,
2585 5317 2650 5370 ἵν’
2678 5318 2788 5384 ἐγὼ
2816 5316 2911 5385 τῆς
2947 5314 3285 5383 γλυκύτητος
3314 5311 3407 5366 τοῦ
3436 5308 3739 5380 χειμάρρου

2150 5412 2248 5479 τῆς
2295 5410 2592 5473 ἀθανασίας
2642 5409 2799 5462 πιὼν.
2844 5408 2940 5478 τὴν
2976 5408 3199 5479 πικρίαν
3242 5410 3338 5473 τῆς
3370 5404 3575 5475 φθορᾶς
3600 5403 3747 5454 ἀπο-

1802 5681 2028 5738 νΑιιιιΕ
2072 5678 2476 5737 LECTIONES.

556 5778 579 5812 ⁸
608 5770 697 5824 eti.
723 5770 893 5836 διδοὺς
926 5777 1015 5843 ὲμ.
1135 5782 1149 5813 ί
1176 5780 1260 5832 ed.
1298 5779 1544 5848 παρά-ίαν,
