4072 6448
284 409 392 472 105
989 410 1269 468 ORATIO
1310 410 1379 469 Χ.
1423 439 1489 447 -
1522 408 1601 470 IN
1640 411 2069 471 DOMINICAM
2100 410 2815 471 RESURBECTIONEM.
3461 415 3557 476 206

278 526 508 596 θῶμαι.
543 526 641 589 Τίς
668 527 699 579 6
728 522 1037 596 παράδοξος
1078 530 1177 597 τῆς
1228 527 1637 598 φιλανθρωπίας
1663 530 1893 599 τρόπος;

2013 545 2195 584 torum
2245 529 2420 600 gratia
2469 531 2737 585 mercedis
2788 530 3141 599 rependitur?
3164 532 3390 587 Luteam
3419 534 3563 589 hanc

293 619 604 685 Ὲξέπεσεν
628 617 875 687 ὀύρανοῦ
916 620 944 672 6
993 619 1301 688 Ἐωσφόρος
1334 622 1362 670 6
1391 618 1539 689 πρωῒ
1565 621 1889 679 ἀνατέλλων.

2013 637 2171 676 neam
2226 622 2632 677 deformitatem
2670 623 2925 678 conditor
2984 625 3101 693 ipse
3135 640 3288 680 meus
3339 627 3565 690 induis;

281 712 382 766 καὶ
433 711 608 779 ζόφος
657 709 915 777 ἐγένετο·
947 710 1203 776 ἐξέπεσον
1240 712 1351 779 ἐγὼ
1403 711 1552 775 θείας
1597 710 1765 783 ζωῆς,
1803 715 1896 767 καὶ⁹

2013 727 2173 782 teque
2228 714 2434 776 renuis,
2481 714 2775 781 quominus
2823 724 2875 770 te
2929 716 2995 768 ad
3039 725 3339 769 extremam
3391 734 3564 786 usque

280 806 480 857 πᾶσαν
536 803 756 873 ὕϐρεως
811 803 1104 873 ὑπομένεις
1147 803 1346 866 είδὲαν,
1378 804 1462 857 ἵνα
1500 804 1597 858 τοῦ
1626 804 1895 876 προτέρου

2019 803 2353 873 gnominiam
2402 802 2683 869 demittas,
2728 814 3032 875 gnstesque
3084 820 3329 861 amarum
3375 810 3565 862 martis

280 897 536 968 ποιήσῃς
557 896 975 965 θεοειδέστερον.
999 896 1062 947 Τί
1082 896 1181 965 τὴν
1197 896 1458 965 φλογίνην
1474 896 1595 949 ἐθου
1617 896 1897 966 ῥομφαίαν

2013 893 2272 957 )οοη1ιιιιι,
2310 905 2369 947 ιιι
2403 908 2504 963 ego
2551 893 2620 950 de
2668 904 2911 951 torrente
2952 896 3273 965 voluptatis,
3326 906 3433 965 quo
3462 899 3566 951 im-

275 989 381 1057 τῆς
426 988 595 1053 ζωῆς
624 988 685 1041 τὸ
724 987 880 1053 ξύλον
929 988 1263 1056 φυλάσσειν,
1294 989 1441 1051 ὅπως
1492 988 1568 1057 μὴ
1608 988 1797 1056 φαγὼν
1840 987 1900 1052 ἐξ

2013 985 2306 1042 uortalitas
2359 986 2553 1055 amuit,
2613 988 2825 1054 bibens,
2888 990 3081 1047 mortis
3147 990 3563 1043 amaritudinem

281 1070 451 1135 αὑτοῦ
518 1082 672 1150 ζήσω
708 1082 788 1142 είς
817 1080 906 1131 τὸν
950 1079 1123 1131 αἰῶνα
1144 1096 1157 1109 ·
1185 1078 1242 1147 ἢ,
1270 1080 1337 1132 ἶν’
1372 1080 1462 1131 ἐπὶ
1498 1080 1708 1151 σεαυτῷ
1737 1080 1898 1133 ἑλκύ-

286 1189 387 1235 σας
406 1173 519 1224 τὸν
538 1172 772 1225 θάνατον
812 1170 879 1223 δι’
913 1172 1035 1241 ἐμὲ,
1059 1171 1201 1224 οὕτω
1225 1171 1370 1243 ζωὴν
1399 1172 1621 1224 αἰώνιον
1645 1173 1896 1245 ﬁumen;

290 1262 357 1317 τί
375 1262 432 1315 δέ
480 1279 549 1331 με
573 1264 655 1325 εἰς
674 1264 780 1332 γῆν
800 1263 1166 1334 ἀποστρέφεις
1183 1264 1253 1317 δι’
1284 1264 1581 1334 ἐπιθυμίαν
1616 1264 1898 1329 θεώσεως;

298 1351 352 1420 ἡ.
382 1352 491 1403 ’ἕνα
533 1351 672 1422 πρὸς
710 1352 813 1421 ἐμὲ
846 1352 1312 1423 παραγενόμενος,
1360 1352 1504 1407 οὕτω
1542 1352 1898 1425 θεοποιήσῃςς

314 1437 485 1491 Ἀλλὰ
532 1440 645 1509 γὰρ
704 1440 968 1509 ἑνικήθης
1001 1444 1117 1504 τοῖς
1160 1445 1274 1505 σοῖς
1315 1444 1639 1513 οίκτιρμοῖς,
1681 1444 1775 1496 καὶ
1802 1444 1903 1496 οὐκ

311 1530 507 1602 ἔφερες
540 1532 677 1602 ὀρᾷν
715 1530 934 1604 θανάτῳ
971 1535 1411 1605 κατανεμόμενον
1458 1535 1559 1605 τῆς
1591 1537 1691 1604 σῆς
1726 1536 1903 1589 παλά-

326 1642 420 1693 μης
464 1625 527 1678 τὸ
571 1625 969 1694 φιλοτέχνημα,
1010 1626 1130 1679 οὐδὲ
1162 1626 1255 1680 τοῦ
1313 1626 1403 1681 σοῦ
1453 1624 1592 1681 εἶναι
1638 1629 1769 1699 περὶ
1805 1628 1904 1695 ἐμὲ

327 1711 539 1783 φίλτρου
589 1714 774 1785 κρίσιν
827 1718 982 1785 ποιῇ,
1028 1718 1351 1770 καταλιπεῖν
1399 1717 1734 1789 ἀϐοήθητονο
1789 1720 1904 1772 ἀλλ’

328 1804 615 1876 εὐδόκησας
644 1805 963 1877 ἀντίλυτρον
993 1806 1177 1860 δοῦναι
1223 1808 1447 1861 σεαυτὸν
1480 1808 1580 1877 τῆς
1607 1809 1745 1878 ἐμῆς
1792 1826 1898 1861 σω·-

329 1895 545 1965 τηρίας·
578 1898 671 1952 καὶ
701 1897 945 1969 κατέρχῃ
971 1899 1106 1969 πρὸς
1148 1900 1246 1970 τὴν
1281 1900 1420 1970 ἐμὴν
1464 1901 1740 1970 ἐσχατιὰν,
1779 1901 1844 1953 ἵν’
1873 1903 1901 1954 6
1935 1878 1974 1931 Β

334 1986 397 2041 δι’
423 1987 719 2059 ἐπιϐουλῆς,
740 1989 880 2061 πρὸς
903 1989 1106 2061 ταύτην
1132 1990 1477 2053 καταπεσὼν.
1513 1993 1588 2063 μὴ
1621 1992 1781 2062 μόνον
1802 1993 1902 2062 τῆς

340 2081 583 2150 Equiti;
626 2082 1008 2152 ἁνακομισθῶ,
1040 2083 1175 2136 ἀλλὰ
1235 2084 1371 2153 πρὸς
1403 2084 1665 2153 οὐρανὸν,
1730 2079 1790 2136 οὗ
1827 2084 1902 2155 μὴ

346 2170 465 2240 πρὶν
533 2170 741 2241 ﬁmum,
776 2172 1194 2243 ἑγκατοικισθῶ.
1250 2172 1407 2226 Ούτω
1455 2174 1555 2243 τὴν
1612 2173 1903 2241 ὲπιῦουλὴν

352 2260 471 2329 tm
489 2261 631 2332 πρὸς
862 2267 1196 2337 μεταποιεῖς,
1228 2266 1322 2319 καὶ
1344 2265 1441 2335 τὴν
1464 2265 1603 2335 ἐμὴν
1635 2266 1903 2335 μαλακίαν

362 2353 637 2424 ἀναφέρεις.
661 2362 707 2417 ι,
736 2354 822 2409 καὶ
859 2358 960 2421 τὰς
1002 2358 1141 2428 ἐμὰς
1174 2358 1408 2431 ἀναδέχῃ
1448 2358 1660 2421 ὀδύνας,
1699 2357 1765 2409 ἶν’
1795 2355 1903 2423 ἐγὼ

360 2442 482 2511 πρὸς
505 2443 759 2498 ἀνώδυνον
778 2444 888 2516 βίον
912 2449 1432 2518 μετασκευάσωμαι.

2001 1078 2290 1145 deponam.
2355 1079 2617 1144 Quisnam
2691 1082 2794 1134 iste
2852 1096 3026 1137 novus
3091 1084 3228 1136 adeo
3279 1099 3341 1135 ac
3379 1095 3569 1150 praeter

1999 1171 2310 1238 Opinionem
2372 1173 2742 1229 beneﬁcentiae
2802 1190 2865 1227 ac
2938 1176 3297 1229 humanitatis
3342 1176 3571 1228 modus?

2000 1262 2212 1317 Cecidit
2242 1278 2272 1317 e
2302 1265 2441 1317 caelo
2466 1263 2708 1324 Lucifer,
2739 1266 2829 1333 qui
2863 1280 3022 1319 tuane
3057 1266 3337 1320 oriebatur
3360 1267 3426 1329 ⁸³,
3457 1276 3572 1319 est-

2002 1371 2107 1421 que
2152 1354 2380 1410 eﬂ'ectus
2423 1357 2632 1425 caligo;
2679 1357 2854 1410 excidi
2897 1366 2951 1409 et
2992 1373 3093 1425 ego
3144 1372 3173 1409 a
3219 1357 3399 1410 divina
3435 1358 3569 1420 vita,

2002 1461 2275 1515 omneque
2328 1446 2786 1500 contumeliarum
2823 1462 2995 1517 genus
3055 1446 3273 1507 sull'ers.
3312 1456 3371 1499 ut
3404 1447 3571 1516 priori

2006 1539 2059 1591 in
2104 1553 2187 1593 me
2217 1538 2573 1594 illustriorem
2597 1540 2833 1593 divinam
2862 1539 3095 1593 formam
3124 1540 3421 1595 instaures.
3456 1538 3574 1606 Qua

2004 1634 2071 1686 de
2097 1648 2262 1687 causa
2294 1631 2602 1685 llannueum
2631 1648 2819 1685 enSem
2852 1634 3105 1701 posuisti,
3133 1642 3192 1685 ιιι
3224 1634 3427 1703 lignum
3456 1634 3576 1686 vitae
3654 1696 3663 1711 .

2006 1725 2300 1784 cusmdiat,
2355 1734 2413 1777 ut
2464 1739 2531 1777 ne
2585 1738 2651 1777 eo
2702 1739 2930 1777 vescens
2987 1725 3040 1776 iu
3076 1734 3336 1777 aeternum
3362 1723 3581 1777 vivam?

2006 1813 2199 1867 Nonne
2256 1823 2315 1867 ut
2370 1815 2474 1866 mei
2524 1813 2698 1881 gratia
2742 1814 2797 1866 in
2848 1822 2900 1865 te
2942 1821 3172 1865 mortem
3225 1812 3468 1874 trahens,
3495 1813 3577 1865 sic

2007 1902 2171 1953 vitam
2213 1900 2346 1954 mihi
2379 1901 2767 1969 sempiternam
2800 1902 3012 1956 dones?
3046 1901 3185 1966 Quid
3219 1916 3347 1953 vero
3379 1902 3431 1954 in
3468 1908 3576 1955 ter-

2005 2000 2122 2046 ram
2174 1995 2373 2048 reverti
2415 1993 2553 2048 facis
2582 1993 2656 2047 'o'o
2683 1992 2988 2047 aﬂ’ectata'm
3025 1993 3279 2047 deitatem
3323 1994 3347 2045 ?
3384 1994 3575 2046 Annon

2008 2092 2066 2137 ut
2125 2084 2193 2137 ad
2251 2099 2336 2139 me
2397 2085 2686 2148 accedens,
2738 2084 2937 2138 deitate
2984 2083 3204 2138 dones?
3256 2082 3454 2137 Verum
3509 2082 3580 2135 ab

2006 2177 2192 2229 innata
2226 2184 2318 2230 tua
2371 2176 2749 2231 misericordia
2794 2179 2974 2231 victus
3012 2191 3104 2240 es;
3145 2189 3245 2229 nec
3288 2190 3347 2231 es
3379 2188 3583 2244 passus

2008 2279 2066 2321 ttt
2119 2283 2146 2320 a
2201 2279 2375 2323 morte
2430 2282 2628 2324 manus
2682 2277 2790 2324 tuae
2836 2268 3116 2338 opiﬁcium
3171 2268 3576 2329 absumeretur,

2013 2376 2190 2431 neque
2244 2362 2414 2416 amori
2451 2369 2546 2415 tuo
2577 2361 2846 2416 adversus
2872 2375 2959 2414 tne
2992 2368 3425 2416 consentaneum
3456 2376 3581 2416 esse

2009 2452 2241 2519 duxisti,
2290 2454 2335 2507 si
2369 2468 2455 2507 me
2496 2454 2647 2507 omni
2683 2453 2890 2507 auxilio
2937 2452 3307 2506 destitueres:
3342 2450 3434 2506 sed
3471 2463 3582 2501 sta-

343 2534 486 2589 luisti
538 2537 766 2607 teipsutn
810 2554 911 2609 pro
960 2557 1043 2595 me
1086 2541 1320 2611 pretium
1371 2542 1765 2613 redemptionis
1811 2554 1865 2601 et
1914 2545 2113 2601 salutis
2169 2545 2555 2614 comparanda:
2598 2544 2850 2611 tradere;
2885 2543 3285 2614 descendisque
3350 2542 3417 2597 ad
3483 2543 3580 2595 bas

335 2641 477 2682 meas
530 2627 744 2684 intimas
790 2630 970 2698 sedes,
1020 2639 1080 2689 ut
1130 2633 1223 2704 qui
1255 2649 1351 2703 per
1390 2634 1619 2691 insidias
1662 2636 1770 2690 huc
1802 2636 2058 2707 delapsus
2096 2652 2242 2701 sum,
2307 2651 2425 2690 non.
2451 2637 2628 2691 solum
2661 2638 2731 2691 ab
2767 2637 2877 2689 imo
2940 2650 3187 2700 revocer,
3228 2635 3321 2692 sed
3390 2646 3445 2691 et
3515 2636 3582 2690 ad

329 2722 518 2788 celos,
562 2724 657 2781 ubi
706 2726 861 2797 prius
901 2742 1010 2781 non
1067 2728 1357 2799 degebam,
1404 2728 1730 2785 transferar.
1779 2729 1895 2787 Hoc
1967 2733 2130 2786 modo
2179 2732 2428 2795 insidias,
2483 2733 2683 2802 quibus
2740 2734 2999 2803 deceptus
3052 2747 3250 2795 essem,
3311 2734 3445 2787 mihi
3514 2734 3568 2788 in

323 2811 539 2869 lucrum
590 2814 907 2883 convertis;
943 2832 1230 2887 meamque
1260 2820 1633 2875 inﬁrmitatem
1687 2829 1897 2891 portas,
1939 2837 2003 2875 ac
2060 2823 2281 2877 dolores
2327 2838 2478 2879 meos
2520 2826 2738 2890 recinis,
2775 2835 2836 2879 ut
2877 2842 2978 2889 ego
3038 2825 3103 2879 ad
3178 2828 3346 2881 vitam
3430 2830 3579 2883 omni

316 2909 509 2965 dolore
551 2918 831 2964 carentem
864 2913 1220 2983 comtnigrem
1258 2915 1324 2967 ⁸³.

389 3001 692 3074 Προδίδωσι
743 3003 1013 3076 μαθητὴς,
1063 3008 1153 3058 καὶ
1194 3007 1297 3059 οὐκ
1352 3009 1582 3083 ὀργίζῃο
1636 3010 1898 3063 τύπτουσι

320 3091 607 3163 μιαιφόνοι
640 3096 845 3164 χεῖρες,
897 3096 991 3148 καὶ
1030 3098 1130 3149 οὐκ
1178 3099 1392 3169 ἀμύνῃ*
1423 3100 1604 3170 κρίνει
1645 3100 1899 3166 Πιλᾶτος,

313 3186 417 3238 καὶ
458 3188 640 3255 σιγᾷς,
662 3186 738 3250 ὡς
768 3187 1098 3257 κατάκριτος
1116 3206 1130 3220 ⁶
1165 3190 1489 3259 ἐμπτύουσι,
1525 3192 1619 3245 καὶ
1646 3192 1746 3245 οὐκ
1766 3194 1900 3245 ἀπο·

2072 3005 2259 3057 Prodit
2286 3003 2610 3072 discipulus,
2646 3019 2744 3058 nec
2790 3006 3048 3059 irasceris
3076 3023 3090 3068 ;
3139 3007 3455 3075 percutiunt
3486 3022 3580 3061 sa-

2002 3097 2216 3165 crilegaa
2245 3108 2440 3147 manus
2464 3134 2479 3158 ,
2524 3108 2625 3148 nec
2660 3094 2981 3159 ulcisceris;
3029 3094 3241 3164 judicat
3275 3094 3507 3161 Pilatus,
3534 3106 3588 3151 et

2003 3198 2172 3251 taces,
2198 3199 2457 3260 tanquam
2488 3203 2649 3251 reus;
2698 3196 3033 3260 conspuunt,
3076 3204 3175 3243 nec
3205 3189 3397 3245 faciem
3432 3206 3590 3246 aver-

313 3278 583 3350 στρέφεις
623 3279 685 3332 τὺ
726 3280 1050 3351 πρόσωπον·
1102 3282 1353 3336 ἕλκουσιν
1410 3284 1503 3338 ἐπὶ
1562 3286 1776 3356 σφαγὴν
1827 3285 1901 3348 ὡς

2013 3284 2123 3349 tis;
2176 3284 2403 3336 trahunt
2451 3282 2518 3335 ad
2563 3281 2789 3344 ctedem,
2867 3290 3125 3350 tanquam
3162 3296 3383 3350 agnum,
3411 3299 3591 3354 neque

318 3371 521 3437 ἀμνὸν,
570 3371 666 3423 καὶ
704 3372 804 3424 οὐκ
861 3372 1101 3440 ἀνοίγεις
1134 3374 1195 3427 τὸ
1247 3375 1457 3445 στόμα*
1500 3376 1795 3446 καθηλοῦσι
1832 3376 1910 3446 τῷ

329 3460 493 3529 ξύλῳ,
524 3462 624 3513 καὶ
654 3462 951 3533 ὑπερεύχῃ.
983 3463 1098 3515 Νῦν
1128 3465 1219 3518 τὸν
1269 3466 1495 3535 βασιλέα
1525 3468 1908 3537 χλευάζουσιν·

326 3552 402 3605 ει
442 3551 749 3617 ,ϐασιλεὺς
793 3554 1043 3621 Ἰσραήλ
1093 3556 1245 3622 ἐστι,
1300 3558 1607 3613 καταϐάτω
1649 3561 1769 3614 ἀπὸ
1804 3561 1910 3615 τοῦ

324 3643 622 3710 σταυροῦ·
654 3643 749 3697 νῦν
778 3645 859 3710 τὸ,
887 3646 1009 3701 οὐαὶ
1031 3656 1081 3711 ν,
1108 3650 1343 3717 φωνοῦσι
1380 3651 1612 3721 στόμασι
1659 3656 1877 3725 μιαροῖς
1898 3669 1909 3682 ·

325 3736 395 3788 σὺ
428 3736 487 3788 δὲ
526 3735 705 3790 πάντα
754 3737 902 3809 βυθῷ
946 3738 1248 3803 καλύπτεις
1273 3741 1688 3813 φιλοστοργίας,
1723 3744 1914 3815 ὥσπερ

323 3827 425 3879 ἐπὶ
454 3825 634 3896 τούτῳ
659 3827 1006 3899 δημιουργῶν
1037 3832 1101 3883 ὲκ
1122 3830 1296 3900 πηλοῦ
1322 3832 1479 3899 ζῶον,
1511 3835 1576 3887 ἵν’
1610 3835 1784 3888 ἐκεῖνο
1814 3836 1914 3905 μὲν

330 3922 499 3991 μηδὲν
555 3920 769 3992 ὕϐρεως
828 3923 1124 3994 παραλίποι
1151 3941 1166 3956 ⁸
1220 3927 1285 3978 σὺ
1336 3926 1391 3979 δὲ
1452 3927 1655 3998 μηδένα
1713 3929 1915 3997 τρόπον

336 4014 654 4082 εὐεργεσίας
679 4009 759 4077 οἷς
788 4015 888 4067 οὐκ
930 4012 987 4067 εὖ
1018 4017 1182 4069 πάθοι
1214 4018 1243 4069 6
1270 4017 1556 4088 ὐὸριστής.
1594 4019 1670 4072 Οὐ
1700 4020 1808 4090 γὰρ
1834 4021 1914 4083 είς

342 4108 438 4177 τὴν
466 4109 777 4176 παροινίαν,
809 4108 924 4161 ἀλλ’
960 4110 1041 4171 είς
1093 4109 1194 4181 τὴν
1239 4112 1511 4181 σωτηρίαν
1556 4112 1666 4164 τῶν
1714 4113 1909 4183 ἀχαρί-

348 4215 483 4252 στων
522 4202 879 4264 ἀποσκοπεῖς.
948 4200 1110 4254 Ἀλλὰ
1162 4200 1337 4255 ταῦτα
1390 4203 1490 4272 μὲν
1546 4204 1579 4269 ἡ
1633 4202 1914 4267 θεοκτόνος

343 4292 654 4361 cuicuii-:2:
687 4293 1017 4362 Συναγωγή·
1046 4294 1074 4345 6
1104 4293 1159 4345 δὲ
1188 4293 1281 4346 τοῦ
1328 4292 1461 4347 Θεοῦ
1493 4293 1571 4364 τῷ
1611 4293 1725 4346 ὄντι
1786 4294 1914 4357 λαὸς

335 4383 524 4451 Πάσχα
568 4384 632 4435 τὸ
674 4383 816 4437 θεῖον
866 4386 1136 4456 ἑορτάζει,
1167 4385 1262 4438 καὶ⁸
1297 4387 1569 4457 σωτήριον
1597 4389 1664 4456 τῇ
1705 4389 1911 4457 σφαγῇ,

330 4479 427 4530 καὶ
454 4476 533 4545 τῷ
557 4475 726 4545 τιμίῳ
754 4478 1018 4547 χρίσματι
1040 4495 1052 4506 ·
1087 4478 1307 4549 ἀπαθὴς
1342 4479 1439 4545 μὲν
1474 4479 1568 4531 τοῦ
1601 4478 1912 4550 ὀλοθρεύον-

328 4584 422 4630 τος
468 4568 928 4638 συντηρούμενος,
991 4570 1274 4639 ῥυόμενος,
1316 4570 1373 4623 δὲ
1418 4571 1527 4622 τῶν
1576 4570 1916 4631 κακούντων,

2018 3389 2082 3429 os
2113 3374 2335 3443 aperis;
2374 3373 2547 3427 clavis
2578 3373 2725 3443 ligno
2769 3371 3011 3441 alligunt,
3041 3388 3248 3442 proque
3271 3373 3378 3429 illis
3404 3390 3592 3444 preces

2022 3467 2231 3519 fundis.
2262 3465 2429 3519 Modo
2457 3480 2637 3534 regem
2666 3466 3004 3519 subsannant
3034 3478 3050 3517 :
3088 3463 3147 3519 Si
3171 3480 3263 3518 rex
3295 3462 3470 3520 Israel
3491 3478 3589 3527 est,

2018 3557 2303 3612 descendat
2337 3559 2401 3610 de
2442 3572 2594 3610 cruce
2614 3555 2659 3587 ⁸⁸
2697 3576 2711 3611 :
2743 3555 2904 3610 modo
2940 3555 3279 3610 exsecrando
3321 3570 3416 3610 ore
3459 3556 3592 3610 illud

2022 3650 2117 3704 vah
2152 3650 2425 3703 iutonant.
2455 3648 2523 3701 At
2555 3659 2608 3702 tu
2640 3648 2821 3701 omnia
2862 3647 3137 3717 profundo
3170 3648 3417 3703 immensi
3451 3664 3596 3703 amo-

2018 3740 2098 3793 ris
2156 3740 2231 3792 tui
2284 3738 2457 3809 tegis,
2506 3738 2663 3807 quasi
2710 3738 2983 3793 hominem
3027 3755 3092 3793 eo
3136 3738 3369 3793 censillo
3398 3755 3429 3794 e
3479 3740 3594 3793 luto

2020 3831 2316 3894 eﬂinxeris,
2362 3840 2421 3883 ttt
2465 3828 2600 3884 nihil
2648 3829 2739 3884 ille
2790 3831 2845 3882 in
2882 3838 2932 3885 te
2966 3830 3287 3899 injuriarum
3311 3826 3363 3885 et
3398 3839 3594 3884 contu-

2020 3926 2307 3979 meliarum
2338 3922 2611 3976 omitteret
2641 3938 2655 3985 ;
2704 3930 2762 3972 tu
2794 3935 2926 3974 vero
2980 3921 3186 3974 nullam
3221 3920 3596 3975 beneﬁcentia:

2023 4015 2311 4076 rationem,
2336 4027 2443 4083 qua
2465 4011 2919 4065 contumeliosum
2956 4011 3342 4074 demeret-eris,
3374 4022 3597 4081 praeter-

2019 4108 2149 4162 ires.
2192 4104 2381 4175 Neque
2428 4106 2571 4158 enim
2616 4103 2668 4155 itt
2704 4104 3008 4164 vesaniam,
3041 4102 3134 4158 sed
3174 4103 3226 4156 itt
3259 4103 3488 4157 salutem
3521 4103 3599 4155 iu-

2022 4198 2465 4268 gratissimorum
2498 4208 2783 4251 servorum
2819 4196 3011 4251 oculos
3047 4195 3298 4264 conjicis.
3328 4194 3603 4250 Cancrum

2024 4292 2139 4345 haec
2169 4290 2263 4343 Dei
2294 4288 2635 4343 interfectrix
2670 4286 2954 4359 Synagoga
2988 4287 3248 4341 molitur:
3281 4286 3451 4357 atqui
3477 4303 3596 4342 vere

2025 4384 2122 4440 Dei
2159 4383 2392 4453 populus
2417 4389 2524 4447 est,
2555 4382 2603 4437 is
2637 4382 2879 4436 celebrat
2911 4380 3119 4436 Pascha
3156 4378 3400 4435 divinum
3425 4387 3480 4433 et
3508 4395 3597 4434 sa-

2024 4475 2307 4530 lutiferum
2339 4512 2353 4535 ,
2392 4481 2507 4526 tum
2550 4472 2944 4533 immolatione,
2995 4479 3107 4525 tum
3150 4471 3457 4527 veneranda
3497 4486 3591 4523 un-

2024 4568 2229 4631 ctione,
2261 4574 2493 4621 securus
2521 4566 2802 4634 plagarum
2830 4580 2969 4632 quas
2993 4564 3380 4617 exterminator
3418 4564 3598 4616 illatu-

329 4662 425 4713 καὶ
458 4661 597 4731 πρὸς
627 4662 723 4724 τὰς
756 4661 1091 4729 ἐπαγγελίας
1122 4662 1581 4733 μετοικιζόμενος.
1616 4663 1787 4717 Πάλαι
1816 4664 1909 4733 μὲν

2022 4674 2116 4712 rus
2144 4665 2313 4721 esset,
2363 4664 2527 4725 atque
2555 4670 2582 4707 a
2604 4655 2818 4709 cunctis
2852 4652 3050 4723 quibus
3080 4654 3374 4708 vexabatur
3400 4668 3598 4707 mrum-

329 4748 426 4806 οὖν
458 4754 520 4805 τὸ
562 4752 829 4823 Ἐϐραίων
862 4757 1016 4821 γένος
1058 4755 1300 4824 Μωῦσῆς
1333 4754 1634 4825 ἐλευθερῶν
1682 4755 1780 4824 τῆς
1828 4756 1921 4806 Αί-

328 4843 588 4911 γυπτίων
632 4842 949 4907 κακώσεως,
1006 4840 1118 4896 οἷον
1171 4845 1514 4916 σκιαγραφίᾳ
1559 4845 1627 4897 τὰ
1674 4844 1917 4913 παρόντα

329 4934 608 4997 είκόνιζεο
659 4937 754 4988 καὶ
805 4936 1057 5005 μαστίξει
1102 4937 1203 5006 μὲν
1248 4938 1524 5002 Αἴγυπτον
1565 4938 1652 4989 ἐπ’
1682 4937 1914 4999 ἄλλαις²ι

330 5027 596 5099 πληγαῖς,
651 5028 929 5101 βαρυτέρᾳ
971 5031 1109 5092 τέως
1151 5029 1357 5100 πληγῇ,
1407 5030 1517 5085 τῶν
1552 5029 1921 5100 πρωτοτόκων

331 5118 590 5189 θανάτῳ·
626 5118 811 5172 δίδωσι
856 5121 913 5173 δὲ
963 5123 1074 5184 τοῖς
1110 5122 1516 5191 κακουμένοις]
1556 5120 1873 5189 ἐλευθερίαν
1898 5136 1913 5151 θ

335 5209 435 5263 καὶ
490 5210 691 5280 μικρὸν
724 5211 953 5282 ὓστερον
997 5212 1185 5281 τέμνει
1246 5213 1495 5281 πορείαν,
1532 5213 1566 5281 ἢ
1598 5212 1768 5280 τάφος
1803 5211 1916 5272 τοῖς

404 5322 451 5355 ³³
497 5320 606 5379 lsa.
664 5324 898 5391 xrv,12.
974 5325 1021 5358 ⁸³
1068 5324 1173 5381 lsa.
1218 5342 1334 5391 LIII,
1391 5329 1442 5383 4.

2021 4753 2104 4804 nis
2122 4750 2405 4815 liberatus,
2425 4764 2489 4803 ac
2511 4747 2578 4801 ad
2597 4748 2847 4802 ctelestes
2873 4746 3261 4816 promissiones
3280 4746 3597 4800 translatus.

2017 4841 2152 4895 Nam
2185 4842 2313 4895 olim
2346 4841 2563 4909 quidem
2606 4838 2839 4910 Moyses,
2897 4834 3250 4892 Hebraeorum
3283 4847 3496 4909 gentem
3531 4852 3599 4891 ex

2018 4932 2154 4987 dura
2183 4933 2271 4985 illa
2303 4930 2684 5003 [Egyptiowm
2720 4931 2981 4985 servitute
3010 4928 3269 4995 liberans,
3300 4931 3447 4985 velut
3480 4945 3601 5001 um-

2018 5025 2116 5078 bra
2169 5022 2400 5091 quadam
2443 5037 2508 5076 ac
2552 5019 2964 5074 obscurioribus
3013 5018 3170 5074 lineis
3218 5036 3402 5075 rerum
3459 5036 3598 5089 pree-

2022 5123 2233 5171 sentem
2270 5122 2471 5169 statum
2505 5110 2809 5181 designavit
2856 5130 2870 5165 :
2899 5128 2960 5166 ac
2982 5111 3071 5165 ille
3098 5113 3315 5179 quidem
3348 5120 3470 5179 post
3486 5110 3599 5179 pla-

2020 5225 2117 5279 gas
2146 5208 2282 5262 alias
2310 5205 2694 5278 (53),graviori
2719 5204 2986 5259 hactenus
3014 5206 3270 5274 plaga,ac
3288 5201 3599 5272 superiores

1530 5324 1577 5356 “
1603 5324 1792 5380 Matth.
1854 5340 2022 5390 xxv",
2051 5324 2143 5389 ΔΟ,
2176 5318 2263 5377 42.

1647 5443 1881 5498 νΑιιιΑῑ
1922 5440 2328 5497 LECTIONES.

454 5532 602 5587 Ied.
651 5533 860 5605 φέρεις.
931 5541 957 5567 ν
991 5532 1080 5588 ed.
1142 5535 1263 5589 ούὰ.

338 5607 507 5663 bene.

1361 5549 1384 5576 ³
1417 5534 1598 5589 Grets.
1651 5534 2000 5604 ἐπαλλήλοις,
2060 5534 2141 5587 vel
2176 5532 2367 5595 ἄλλαις
2402 5532 2500 5583 ἐπ’
2526 5530 2738 5593 ἄλλαις.

2852 5537 2882 5577 1
2918 5526 3004 5583 ed.
3042 5524 3401 5595 καλουμένοις
3431 5564 3447 5589 ,
3486 5539 3594 5581 non

1850 5673 2081 5732 NOTAE.

412 5777 531 5845 (35)
562 5778 689 5849 Post
716 5779 905 5848 plagas
930 5777 1091 5831 alias.
1124 5777 1241 5830 Ἐπ’
1264 5778 1452 5849 ἄλλαις
1477 5775 1731 5849 πληγαῖς.
1766 5774 1928 5849 Clara

344 5847 626 5906 sententia
648 5866 661 5905 :
680 5846 687 5849 ⁷
706 5846 879 5922 liquet
900 5850 1047 5905 enim
1075 5848 1564 5920 primogenitorum
1597 5846 1799 5903 eaedem
1847 5846 1928 5899 ul-

2039 5773 2227 5825 timam
2254 5769 2423 5825 fuisse
2446 5783 2509 5822 ac
2542 5766 2922 5837 gravissimam
2942 5764 3326 5835 [Egyptiorum
3347 5764 3561 5837 plagam
3582 5800 3597 5823 ,

2035 5851 2261 5910 excepta
2306 5831 2585 5896 duntaxat
2600 5838 2902 5893 Pharaonis
2936 5831 3460 5900 subtitersione,'ubi
3486 5831 3601 5901 jam
