  <div class='ocr_page' id='page_1' title='image "/cluster/home/n/w/nwhite01/storage/ocr_20150623/107/coo.31924054870112/099.png"; bbox 0 0 4072 6450; ppageno 0'>
   <div class='ocr_carea' id='block_1_1' title="bbox 477 371 576 439">
    <p class='ocr_par' dir='ltr' id='par_1_1' title="bbox 477 371 576 439">
     <span class='ocr_line' id='line_1_1' title="bbox 477 371 576 439; baseline 0.02 -3"><span class='ocrx_word' id='word_1_1' title='bbox 477 371 576 439; x_wconf 78' lang='grc'><strong>107</strong></span> 
     </span>
    </p>
   </div>
   <div class='ocr_carea' id='block_1_2' title="bbox 1701 375 2473 438">
    <p class='ocr_par' dir='ltr' id='par_1_2' title="bbox 1701 375 2473 438">
     <span class='ocr_line' id='line_1_2' title="bbox 1701 375 2473 438; baseline -0.001 -2"><span class='ocrx_word' id='word_1_2' title='bbox 1701 377 1976 436; x_wconf 81' lang='lat' dir='ltr'><strong>LEONIS</strong></span> <span class='ocrx_word' id='word_1_3' title='bbox 2016 375 2473 438; x_wconf 82' lang='lat' dir='ltr'><strong>PHILOSOPHI</strong></span> 
     </span>
    </p>
   </div>
   <div class='ocr_carea' id='block_1_3' title="bbox 3638 366 3746 430">
    <p class='ocr_par' dir='ltr' id='par_1_3' title="bbox 3638 366 3746 430">
     <span class='ocr_line' id='line_1_3' title="bbox 3638 366 3746 430; baseline -0.056 1"><span class='ocrx_word' id='word_1_4' title='bbox 3638 366 3746 430; x_wconf 81' lang='lat'><strong>108</strong></span> 
     </span>
    </p>
   </div>
   <div class='ocr_carea' id='block_1_4' title="bbox 470 489 2071 567">
    <p class='ocr_par' dir='ltr' id='par_1_4' title="bbox 470 492 2054 567">
     <span class='ocr_line' id='line_1_4' title="bbox 470 492 2054 567; baseline 0.001 -21"><span class='ocrx_word' id='word_1_5' title='bbox 470 505 665 548; x_wconf 79' lang='lat' dir='ltr'><strong>Omnes</strong></span> <span class='ocrx_word' id='word_1_6' title='bbox 694 492 974 560; x_wconf 81' lang='lat' dir='ltr'><strong>vincente,</strong></span> <span class='ocrx_word' id='word_1_7' title='bbox 1007 495 1500 566; x_wconf 86' lang='lat' dir='ltr'><strong>primogenitorum</strong></span> <span class='ocrx_word' id='word_1_8' title='bbox 1538 503 1712 551; x_wconf 85' lang='lat' dir='ltr'><strong>morte</strong></span> <span class='ocrx_word' id='word_1_9' title='bbox 1759 495 2054 567; x_wconf 70' lang='lat' dir='ltr'><strong>Egyptum</strong></span> 
     </span>
    </p>
   </div>
   <div class='ocr_carea' id='block_1_5' title="bbox 2176 489 3749 567">
    <p class='ocr_par' dir='ltr' id='par_1_5' title="bbox 2176 489 3749 563">
     <span class='ocr_line' id='line_1_5' title="bbox 2176 489 3749 563; baseline -0.003 -15"><span class='ocrx_word' id='word_1_10' title='bbox 2176 495 2414 562; x_wconf 68' lang='grc' dir='ltr'>Βιώκουσι</span> <span class='ocrx_word' id='word_1_11' title='bbox 2443 495 2672 563; x_wconf 79' lang='grc' dir='ltr'>γίνεται.</span> <span class='ocrx_word' id='word_1_12' title='bbox 2710 489 2878 544; x_wconf 83' lang='grc' dir='ltr'>Ταῦθ’</span> <span class='ocrx_word' id='word_1_13' title='bbox 2905 492 2940 558; x_wconf 86' lang='grc' dir='ltr'>ὴ</span> <span class='ocrx_word' id='word_1_14' title='bbox 2996 489 3295 560; x_wconf 80' lang='grc' dir='ltr'><strong>παλαιότης</strong></span> <span class='ocrx_word' id='word_1_15' title='bbox 3341 492 3423 549; x_wconf 79' lang='grc' dir='ltr'>είς</span> <span class='ocrx_word' id='word_1_16' title='bbox 3461 489 3749 560; x_wconf 84' lang='grc' dir='ltr'>μνημόσυ-</span> 
     </span>
    </p>
   </div>
   <div class='ocr_carea' id='block_1_6' title="bbox 475 584 2057 656">
    <p class='ocr_par' dir='ltr' id='par_1_6' title="bbox 475 584 2057 656">
     <span class='ocr_line' id='line_1_6' title="bbox 475 584 2057 656; baseline 0.001 -18"><span class='ocrx_word' id='word_1_17' title='bbox 475 584 682 649; x_wconf 87' lang='lat' dir='ltr'><strong>allicit,</strong></span> <span class='ocrx_word' id='word_1_18' title='bbox 725 592 889 654; x_wconf 89' lang='lat' dir='ltr'><strong>atque</strong></span> <span class='ocrx_word' id='word_1_19' title='bbox 921 586 1010 650; x_wconf 92' lang='lat' dir='ltr'><strong>iis,</strong></span> <span class='ocrx_word' id='word_1_20' title='bbox 1044 586 1138 656; x_wconf 89' lang='lat' dir='ltr'><strong>qui</strong></span> <span class='ocrx_word' id='word_1_21' title='bbox 1171 587 1315 641; x_wconf 90' lang='lat' dir='ltr'><strong>male</strong></span> <span class='ocrx_word' id='word_1_22' title='bbox 1349 587 1712 651; x_wconf 77' lang='lat' dir='ltr'><strong>vexabantur,</strong></span> <span class='ocrx_word' id='word_1_23' title='bbox 1747 589 2057 644; x_wconf 84' lang='lat' dir='ltr'><strong>libertatem</strong></span> 
     </span>
    </p>
   </div>
   <div class='ocr_carea' id='block_1_7' title="bbox 474 672 2057 752">
    <p class='ocr_par' dir='ltr' id='par_1_7' title="bbox 474 672 2057 752">
     <span class='ocr_line' id='line_1_7' title="bbox 474 672 2057 752; baseline 0.003 -22"><span class='ocrx_word' id='word_1_24' title='bbox 474 672 740 746; x_wconf 84' lang='lat' dir='ltr'><strong>impertit,</strong></span> <span class='ocrx_word' id='word_1_25' title='bbox 773 677 1036 747; x_wconf 77' lang='lat' dir='ltr'><strong>brevique</strong></span> <span class='ocrx_word' id='word_1_26' title='bbox 1059 679 1348 734; x_wconf 87' lang='lat' dir='ltr'><strong>intervallo</strong></span> <span class='ocrx_word' id='word_1_27' title='bbox 1383 680 1490 734; x_wconf 88' lang='lat' dir='ltr'><strong>iter</strong></span> <span class='ocrx_word' id='word_1_28' title='bbox 1532 692 1706 746; x_wconf 90' lang='lat' dir='ltr'><strong>secat,</strong></span> <span class='ocrx_word' id='word_1_29' title='bbox 1751 682 1894 752; x_wconf 91' lang='lat' dir='ltr'><strong>quod</strong></span> <span class='ocrx_word' id='word_1_30' title='bbox 1928 697 2057 751; x_wconf 66' lang='grc' dir='ltr'>ρει-α</span> 
     </span>
    </p>
   </div>
   <div class='ocr_carea' id='block_1_8' title="bbox 475 764 2062 842">
    <p class='ocr_par' dir='ltr' id='par_1_8' title="bbox 475 764 2062 842">
     <span class='ocr_line' id='line_1_8' title="bbox 475 764 2062 842; baseline 0.006 -23"><span class='ocrx_word' id='word_1_31' title='bbox 475 764 833 836; x_wconf 75' lang='lat' dir='ltr'><strong>sequentibus</strong></span> <span class='ocrx_word' id='word_1_32' title='bbox 855 769 910 822; x_wconf 88' lang='lat' dir='ltr'><strong>in</strong></span> <span class='ocrx_word' id='word_1_33' title='bbox 941 769 1256 840; x_wconf 86' lang='lat' dir='ltr'><strong>sepulcrum</strong></span> <span class='ocrx_word' id='word_1_34' title='bbox 1281 769 1449 826; x_wconf 83' lang='lat' dir='ltr'><strong>cedit.</strong></span> <span class='ocrx_word' id='word_1_35' title='bbox 1478 769 1605 826; x_wconf 64' lang='lat' dir='ltr'><strong>Haec</strong></span> <span class='ocrx_word' id='word_1_36' title='bbox 1640 773 1941 842; x_wconf 84' lang='lat' dir='ltr'><strong>antiquitas</strong></span> <span class='ocrx_word' id='word_1_37' title='bbox 1966 775 2062 829; x_wconf 87' lang='lat' dir='ltr'><strong>be-</strong></span> 
     </span>
    </p>
   </div>
   <div class='ocr_carea' id='block_1_9' title="bbox 476 858 2063 935">
    <p class='ocr_par' dir='ltr' id='par_1_9' title="bbox 476 858 2063 935">
     <span class='ocr_line' id='line_1_9' title="bbox 476 858 2063 935; baseline 0.008 -23"><span class='ocrx_word' id='word_1_38' title='bbox 476 858 654 913; x_wconf 88' lang='lat' dir='ltr'><strong>nelicii</strong></span> <span class='ocrx_word' id='word_1_39' title='bbox 711 869 1068 916; x_wconf 90' lang='lat' dir='ltr'><strong>monumento</strong></span> <span class='ocrx_word' id='word_1_40' title='bbox 1109 863 1373 930; x_wconf 83' lang='lat' dir='ltr'><strong>recolere,</strong></span> <span class='ocrx_word' id='word_1_41' title='bbox 1428 879 1496 919; x_wconf 88' lang='lat' dir='ltr'><strong>ac</strong></span> <span class='ocrx_word' id='word_1_42' title='bbox 1539 866 1796 935; x_wconf 84' lang='lat' dir='ltr'><strong>prosequi</strong></span> <span class='ocrx_word' id='word_1_43' title='bbox 1853 867 2063 924; x_wconf 84' lang='lat' dir='ltr'><strong>honore</strong></span> 
     </span>
    </p>
   </div>
   <div class='ocr_carea' id='block_1_10' title="bbox 470 945 2061 1025">
    <p class='ocr_par' dir='ltr' id='par_1_10' title="bbox 470 945 2061 1025">
     <span class='ocr_line' id='line_1_10' title="bbox 470 945 2061 1025; baseline 0.007 -24"><span class='ocrx_word' id='word_1_44' title='bbox 470 945 788 1018; x_wconf 79' lang='lat' dir='ltr'><strong>jubebatur.</strong></span> <span class='ocrx_word' id='word_1_45' title='bbox 807 954 879 1004; x_wconf 84' lang='lat' dir='ltr'><strong>At</strong></span> <span class='ocrx_word' id='word_1_46' title='bbox 913 958 1199 1022; x_wconf 86' lang='lat' dir='ltr'><strong>postquam</strong></span> <span class='ocrx_word' id='word_1_47' title='bbox 1228 952 1367 1006; x_wconf 82' lang='lat' dir='ltr'><strong>satis</strong></span> <span class='ocrx_word' id='word_1_48' title='bbox 1393 953 1504 1022; x_wconf 84' lang='lat' dir='ltr'><strong>jam</strong></span> <span class='ocrx_word' id='word_1_49' title='bbox 1533 953 1724 1008; x_wconf 87' lang='lat' dir='ltr'><strong>umbra</strong></span> <span class='ocrx_word' id='word_1_50' title='bbox 1746 953 2061 1025; x_wconf 73' lang='lat' dir='ltr'><strong>duraverat,</strong></span> 
     </span>
    </p>
   </div>
   <div class='ocr_carea' id='block_1_11' title="bbox 475 1043 2062 1114">
    <p class='ocr_par' dir='ltr' id='par_1_11' title="bbox 475 1043 2062 1114">
     <span class='ocr_line' id='line_1_11' title="bbox 475 1043 2062 1114; baseline 0.005 -20"><span class='ocrx_word' id='word_1_51' title='bbox 475 1047 803 1111; x_wconf 89' lang='lat' dir='ltr'><strong>tempusque</strong></span> <span class='ocrx_word' id='word_1_52' title='bbox 855 1043 1178 1109; x_wconf 86' lang='lat' dir='ltr'><strong>advenerat,</strong></span> <span class='ocrx_word' id='word_1_53' title='bbox 1228 1051 1288 1097; x_wconf 92' lang='lat' dir='ltr'><strong>ut</strong></span> <span class='ocrx_word' id='word_1_54' title='bbox 1333 1043 1452 1114; x_wconf 89' lang='lat' dir='ltr'><strong>ipsa</strong></span> <span class='ocrx_word' id='word_1_55' title='bbox 1498 1046 1701 1099; x_wconf 84' lang='lat' dir='ltr'><strong>veritas</strong></span> <span class='ocrx_word' id='word_1_56' title='bbox 1749 1047 2062 1114; x_wconf 88' lang='lat' dir='ltr'><strong>coleretur,</strong></span> 
     </span>
    </p>
   </div>
   <div class='ocr_carea' id='block_1_12' title="bbox 475 1130 2062 1205">
    <p class='ocr_par' dir='ltr' id='par_1_12' title="bbox 475 1130 2062 1205">
     <span class='ocr_line' id='line_1_12' title="bbox 475 1130 2062 1205; baseline 0.004 -20"><span class='ocrx_word' id='word_1_57' title='bbox 475 1146 653 1201; x_wconf 90' lang='lat' dir='ltr'><strong>neque</strong></span> <span class='ocrx_word' id='word_1_58' title='bbox 685 1130 797 1201; x_wconf 91' lang='lat' dir='ltr'><strong>jam</strong></span> <span class='ocrx_word' id='word_1_59' title='bbox 833 1147 936 1185; x_wconf 89' lang='lat' dir='ltr'><strong>una</strong></span> <span class='ocrx_word' id='word_1_60' title='bbox 985 1134 1154 1201; x_wconf 91' lang='lat' dir='ltr'><strong>natio,</strong></span> <span class='ocrx_word' id='word_1_61' title='bbox 1189 1133 1284 1189; x_wconf 85' lang='lat' dir='ltr'><strong>sed</strong></span> <span class='ocrx_word' id='word_1_62' title='bbox 1327 1145 1501 1189; x_wconf 85' lang='lat' dir='ltr'><strong>totum</strong></span> <span class='ocrx_word' id='word_1_63' title='bbox 1548 1152 1722 1205; x_wconf 81' lang='lat' dir='ltr'><strong>genus</strong></span> <span class='ocrx_word' id='word_1_64' title='bbox 1763 1139 2062 1193; x_wconf 90' lang='lat' dir='ltr'><strong>humanum</strong></span> 
     </span>
    </p>
   </div>
   <div class='ocr_carea' id='block_1_13' title="bbox 476 1222 2056 1300">
    <p class='ocr_par' dir='ltr' id='par_1_13' title="bbox 476 1222 2056 1300">
     <span class='ocr_line' id='line_1_13' title="bbox 476 1222 2056 1300; baseline 0.005 -24"><span class='ocrx_word' id='word_1_65' title='bbox 476 1222 750 1280; x_wconf 83' lang='lat' dir='ltr'><strong>libertatis</strong></span> <span class='ocrx_word' id='word_1_66' title='bbox 775 1239 1109 1294; x_wconf 70' lang='lat' dir='ltr'><strong>recuperatae</strong></span> <span class='ocrx_word' id='word_1_67' title='bbox 1154 1227 1481 1282; x_wconf 81' lang='lat' dir='ltr'><strong>beneﬁcium</strong></span> <span class='ocrx_word' id='word_1_68' title='bbox 1523 1229 1866 1296; x_wconf 84' lang='lat' dir='ltr'><strong>celebraret;</strong></span> <span class='ocrx_word' id='word_1_69' title='bbox 1903 1247 2056 1300; x_wconf 87' lang='lat' dir='ltr'><strong>pera-</strong></span> 
     </span>
    </p>
   </div>
   <div class='ocr_carea' id='block_1_14' title="bbox 477 1315 2067 1386">
    <p class='ocr_par' dir='ltr' id='par_1_14' title="bbox 477 1315 2067 1386">
     <span class='ocr_line' id='line_1_14' title="bbox 477 1315 2067 1386; baseline 0.006 -19"><span class='ocrx_word' id='word_1_70' title='bbox 477 1315 623 1384; x_wconf 87' lang='lat' dir='ltr'><strong>gitur</strong></span> <span class='ocrx_word' id='word_1_71' title='bbox 653 1331 908 1386; x_wconf 85' lang='lat' dir='ltr'><strong>magnum</strong></span> <span class='ocrx_word' id='word_1_72' title='bbox 948 1317 1052 1371; x_wconf 92' lang='lat' dir='ltr'><strong>hoc</strong></span> <span class='ocrx_word' id='word_1_73' title='bbox 1094 1318 1285 1372; x_wconf 90' lang='lat' dir='ltr'><strong>mundi</strong></span> <span class='ocrx_word' id='word_1_74' title='bbox 1327 1317 1568 1383; x_wconf 83' lang='lat' dir='ltr'><strong>Pascha,</strong></span> <span class='ocrx_word' id='word_1_75' title='bbox 1602 1336 1712 1374; x_wconf 88' lang='lat' dir='ltr'><strong>non</strong></span> <span class='ocrx_word' id='word_1_76' title='bbox 1761 1325 1918 1377; x_wconf 77' lang='lat' dir='ltr'><strong>caesis</strong></span> <span class='ocrx_word' id='word_1_77' title='bbox 1965 1323 2067 1376; x_wconf 90' lang='lat' dir='ltr'><strong>im-</strong></span> 
     </span>
    </p>
   </div>
   <div class='ocr_carea' id='block_1_15' title="bbox 482 1407 2065 1485">
    <p class='ocr_par' dir='ltr' id='par_1_15' title="bbox 482 1407 2065 1485">
     <span class='ocr_line' id='line_1_15' title="bbox 482 1407 2065 1485; baseline 0.007 -27"><span class='ocrx_word' id='word_1_78' title='bbox 482 1407 810 1477; x_wconf 89' lang='lat' dir='ltr'><strong>molatisque</strong></span> <span class='ocrx_word' id='word_1_79' title='bbox 840 1409 1113 1478; x_wconf 76' lang='lat' dir='ltr'><strong>pluribus,</strong></span> <span class='ocrx_word' id='word_1_80' title='bbox 1144 1411 1522 1466; x_wconf 87' lang='lat' dir='ltr'><strong>anniversario</strong></span> <span class='ocrx_word' id='word_1_81' title='bbox 1572 1413 1704 1476; x_wconf 87' lang='lat' dir='ltr'><strong>ritu,</strong></span> <span class='ocrx_word' id='word_1_82' title='bbox 1745 1414 1921 1485; x_wconf 82' lang='lat' dir='ltr'><strong>agnis,</strong></span> <span class='ocrx_word' id='word_1_83' title='bbox 1971 1415 2065 1471; x_wconf 90' lang='lat' dir='ltr'><strong>sed</strong></span> 
     </span>
    </p>
   </div>
   <div class='ocr_carea' id='block_1_16' title="bbox 482 1498 2065 1575">
    <p class='ocr_par' dir='ltr' id='par_1_16' title="bbox 482 1498 2065 1575">
     <span class='ocr_line' id='line_1_16' title="bbox 482 1498 2065 1575; baseline 0.008 -27"><span class='ocrx_word' id='word_1_84' title='bbox 482 1501 645 1551; x_wconf 89' lang='lat' dir='ltr'><strong>unico</strong></span> <span class='ocrx_word' id='word_1_85' title='bbox 694 1498 790 1554; x_wconf 91' lang='lat' dir='ltr'><strong>illo</strong></span> <span class='ocrx_word' id='word_1_86' title='bbox 841 1515 904 1554; x_wconf 90' lang='lat' dir='ltr'><strong>ac</strong></span> <span class='ocrx_word' id='word_1_87' title='bbox 934 1501 1201 1569; x_wconf 82' lang='lat' dir='ltr'><strong>singulari</strong></span> <span class='ocrx_word' id='word_1_88' title='bbox 1257 1503 1412 1572; x_wconf 83' lang='lat' dir='ltr'><strong>Agno</strong></span> <span class='ocrx_word' id='word_1_89' title='bbox 1456 1505 1661 1570; x_wconf 90' lang='lat' dir='ltr'><strong>occiso,</strong></span> <span class='ocrx_word' id='word_1_90' title='bbox 1694 1509 1787 1575; x_wconf 92' lang='lat' dir='ltr'><strong>qui</strong></span> <span class='ocrx_word' id='word_1_91' title='bbox 1818 1509 2065 1562; x_wconf 88' lang='lat' dir='ltr'><strong>omnium</strong></span> 
     </span>
    </p>
   </div>
   <div class='ocr_carea' id='block_1_17' title="bbox 481 1589 2066 1666">
    <p class='ocr_par' dir='ltr' id='par_1_17' title="bbox 481 1589 2066 1666">
     <span class='ocr_line' id='line_1_17' title="bbox 481 1589 2066 1666; baseline 0.007 -24"><span class='ocrx_word' id='word_1_92' title='bbox 481 1605 651 1643; x_wconf 87' lang='lat' dir='ltr'><strong>onera</strong></span> <span class='ocrx_word' id='word_1_93' title='bbox 678 1590 794 1645; x_wconf 87' lang='lat' dir='ltr'><strong>suis</strong></span> <span class='ocrx_word' id='word_1_94' title='bbox 823 1589 1068 1648; x_wconf 85' lang='lat' dir='ltr'><strong>humeris</strong></span> <span class='ocrx_word' id='word_1_95' title='bbox 1106 1594 1230 1646; x_wconf 89' lang='lat' dir='ltr'><strong>tulit</strong></span> <span class='ocrx_word' id='word_1_96' title='bbox 1259 1612 1272 1646; x_wconf 89' lang='lat'><strong>:</strong></span> <span class='ocrx_word' id='word_1_97' title='bbox 1305 1595 1635 1665; x_wconf 83' lang='lat' dir='ltr'><strong>nngiturque</strong></span> <span class='ocrx_word' id='word_1_98' title='bbox 1664 1599 1907 1666; x_wconf 87' lang='lat' dir='ltr'><strong>pretioso</strong></span> <span class='ocrx_word' id='word_1_99' title='bbox 1937 1615 2066 1653; x_wconf 90' lang='lat' dir='ltr'><strong>san-</strong></span> 
     </span>
    </p>
   </div>
   <div class='ocr_carea' id='block_1_18' title="bbox 481 1679 2069 1756">
    <p class='ocr_par' dir='ltr' id='par_1_18' title="bbox 481 1679 2069 1756">
     <span class='ocr_line' id='line_1_18' title="bbox 481 1679 2069 1756; baseline 0.008 -26"><span class='ocrx_word' id='word_1_100' title='bbox 481 1679 643 1747; x_wconf 86' lang='lat' dir='ltr'><strong>guine</strong></span> <span class='ocrx_word' id='word_1_101' title='bbox 697 1696 806 1734; x_wconf 91' lang='lat' dir='ltr'><strong>non</strong></span> <span class='ocrx_word' id='word_1_102' title='bbox 855 1683 1050 1736; x_wconf 66' lang='lat' dir='ltr'><strong>mdium</strong></span> <span class='ocrx_word' id='word_1_103' title='bbox 1097 1684 1430 1737; x_wconf 89' lang='lat' dir='ltr'><strong>caducarum</strong></span> <span class='ocrx_word' id='word_1_104' title='bbox 1485 1687 1924 1756; x_wconf 90' lang='lat' dir='ltr'><strong>superliminare,</strong></span> <span class='ocrx_word' id='word_1_105' title='bbox 1973 1689 2069 1745; x_wconf 81' lang='lat' dir='ltr'><strong>Sed</strong></span> 
     </span>
    </p>
   </div>
   <div class='ocr_carea' id='block_1_19' title="bbox 483 1774 2068 1852">
    <p class='ocr_par' dir='ltr' id='par_1_19' title="bbox 483 1774 2068 1852">
     <span class='ocr_line' id='line_1_19' title="bbox 483 1774 2068 1852; baseline 0.009 -27"><span class='ocrx_word' id='word_1_106' title='bbox 483 1774 813 1832; x_wconf 87' lang='lat' dir='ltr'><strong>immortalis</strong></span> <span class='ocrx_word' id='word_1_107' title='bbox 849 1777 1134 1846; x_wconf 68' lang='lat' dir='ltr'><strong>sapientia:</strong></span> <span class='ocrx_word' id='word_1_108' title='bbox 1184 1779 1566 1835; x_wconf 90' lang='lat' dir='ltr'><strong>iudissolubile</strong></span> <span class='ocrx_word' id='word_1_109' title='bbox 1597 1798 1737 1852; x_wconf 89' lang='lat' dir='ltr'><strong>opus</strong></span> <span class='ocrx_word' id='word_1_110' title='bbox 1770 1800 1784 1836; x_wconf 92' lang='lat'><strong>:</strong></span> <span class='ocrx_word' id='word_1_111' title='bbox 1812 1785 2068 1841; x_wconf 85' lang='lat' dir='ltr'><strong>videlicet</strong></span> 
     </span>
    </p>
   </div>
   <div class='ocr_carea' id='block_1_20' title="bbox 479 1871 2065 1942">
    <p class='ocr_par' dir='ltr' id='par_1_20' title="bbox 479 1871 2065 1942">
     <span class='ocr_line' id='line_1_20' title="bbox 479 1871 2065 1942; baseline 0.005 -24"><span class='ocrx_word' id='word_1_112' title='bbox 479 1879 566 1928; x_wconf 89' lang='lat' dir='ltr'><strong>ea,</strong></span> <span class='ocrx_word' id='word_1_113' title='bbox 605 1881 726 1934; x_wconf 81' lang='lat' dir='ltr'><strong>qme</strong></span> <span class='ocrx_word' id='word_1_114' title='bbox 751 1883 848 1936; x_wconf 86' lang='lat' dir='ltr'><strong>per</strong></span> <span class='ocrx_word' id='word_1_115' title='bbox 883 1871 1039 1921; x_wconf 61' lang='lat' dir='ltr'><strong>lizlem</strong></span> <span class='ocrx_word' id='word_1_116' title='bbox 1095 1877 1199 1933; x_wconf 88' lang='lat' dir='ltr'><strong>est,</strong></span> <span class='ocrx_word' id='word_1_117' title='bbox 1233 1878 1538 1936; x_wconf 84' lang='lat' dir='ltr'><strong>structura,</strong></span> <span class='ocrx_word' id='word_1_118' title='bbox 1570 1871 1637 1925; x_wconf 90' lang='lat' dir='ltr'><strong>ad</strong></span> <span class='ocrx_word' id='word_1_119' title='bbox 1685 1888 1847 1942; x_wconf 91' lang='lat' dir='ltr'><strong>quam</strong></span> <span class='ocrx_word' id='word_1_120' title='bbox 1883 1885 2065 1929; x_wconf 77' lang='lat' dir='ltr'><strong>exter-</strong></span> 
     </span>
    </p>
   </div>
   <div class='ocr_carea' id='block_1_21' title="bbox 483 1956 2064 2035">
    <p class='ocr_par' dir='ltr' id='par_1_21' title="bbox 483 1956 2064 2035">
     <span class='ocr_line' id='line_1_21' title="bbox 483 1956 2064 2035; baseline 0.009 -28"><span class='ocrx_word' id='word_1_121' title='bbox 483 1956 738 2012; x_wconf 87' lang='lat' dir='ltr'><strong>minatori</strong></span> <span class='ocrx_word' id='word_1_122' title='bbox 773 1961 1150 2030; x_wconf 89' lang='lat' dir='ltr'><strong>pr0pinquare</strong></span> <span class='ocrx_word' id='word_1_123' title='bbox 1201 1977 1312 2017; x_wconf 90' lang='lat' dir='ltr'><strong>non</strong></span> <span class='ocrx_word' id='word_1_124' title='bbox 1358 1964 1484 2018; x_wconf 87' lang='lat' dir='ltr'><strong>licet</strong></span> <span class='ocrx_word' id='word_1_125' title='bbox 1523 1982 1536 2018; x_wconf 88' lang='lat'><strong>:</strong></span> <span class='ocrx_word' id='word_1_126' title='bbox 1575 1979 1736 2033; x_wconf 92' lang='lat' dir='ltr'><strong>quam</strong></span> <span class='ocrx_word' id='word_1_127' title='bbox 1771 1982 1938 2035; x_wconf 89' lang='lat' dir='ltr'><strong>supra</strong></span> <span class='ocrx_word' id='word_1_128' title='bbox 1983 1977 2064 2030; x_wconf 85' lang='lat' dir='ltr'><strong>se,</strong></span> 
     </span>
    </p>
   </div>
   <div class='ocr_carea' id='block_1_22' title="bbox 481 2053 2068 2128">
    <p class='ocr_par' dir='ltr' id='par_1_22' title="bbox 481 2053 2068 2128">
     <span class='ocr_line' id='line_1_22' title="bbox 481 2053 2068 2128; baseline 0.006 -27"><span class='ocrx_word' id='word_1_129' title='bbox 481 2057 742 2119; x_wconf 84' lang='lat' dir='ltr'><strong>tanquam</strong></span> <span class='ocrx_word' id='word_1_130' title='bbox 775 2066 940 2122; x_wconf 87' lang='lat' dir='ltr'><strong>supra</strong></span> <span class='ocrx_word' id='word_1_131' title='bbox 975 2053 1417 2117; x_wconf 77' lang='lat' dir='ltr'><strong>hindamentum,</strong></span> <span class='ocrx_word' id='word_1_132' title='bbox 1459 2057 1669 2109; x_wconf 84' lang='lat' dir='ltr'><strong>ratione</strong></span> <span class='ocrx_word' id='word_1_133' title='bbox 1703 2056 1926 2112; x_wconf 74' lang='lat' dir='ltr'><strong>[ixionis</strong></span> <span class='ocrx_word' id='word_1_134' title='bbox 1956 2059 2068 2128; x_wconf 74' lang='lat' dir='ltr'><strong>(5t)</strong></span> 
     </span>
    </p>
   </div>
   <div class='ocr_carea' id='block_1_23' title="bbox 481 2127 2075 2220">
    <p class='ocr_par' dir='ltr' id='par_1_23' title="bbox 481 2127 2075 2220">
     <span class='ocr_line' id='line_1_23' title="bbox 481 2127 2075 2220; baseline 0.006 -27"><span class='ocrx_word' id='word_1_135' title='bbox 481 2139 536 2193; x_wconf 92' lang='lat' dir='ltr'><strong>in</strong></span> <span class='ocrx_word' id='word_1_136' title='bbox 571 2127 679 2195; x_wconf 86' lang='lat' dir='ltr'><strong>imo</strong></span> <span class='ocrx_word' id='word_1_137' title='bbox 709 2145 1228 2211; x_wconf 66' lang='lat' dir='ltr'><strong>supermditicatann,</strong></span> <span class='ocrx_word' id='word_1_138' title='bbox 1270 2147 1417 2199; x_wconf 83' lang='lat' dir='ltr'><strong>velut</strong></span> <span class='ocrx_word' id='word_1_139' title='bbox 1454 2149 1733 2218; x_wconf 88' lang='lat' dir='ltr'><strong>angularis</strong></span> <span class='ocrx_word' id='word_1_140' title='bbox 1772 2151 1912 2220; x_wconf 84' lang='lat' dir='ltr'><strong>lapis</strong></span> <span class='ocrx_word' id='word_1_141' title='bbox 1940 2127 2075 2205; x_wconf 85' lang='lat' dir='ltr'><strong>con-</strong></span> 
     </span>
    </p>
   </div>
   <div class='ocr_carea' id='block_1_24' title="bbox 483 2233 2074 2312">
    <p class='ocr_par' dir='ltr' id='par_1_24' title="bbox 483 2233 2074 2312">
     <span class='ocr_line' id='line_1_24' title="bbox 483 2233 2074 2312; baseline 0.008 -28"><span class='ocrx_word' id='word_1_142' title='bbox 483 2233 621 2287; x_wconf 76' lang='lat' dir='ltr'><strong>tinet</strong></span> <span class='ocrx_word' id='word_1_143' title='bbox 677 2250 742 2290; x_wconf 91' lang='lat' dir='ltr'><strong>ac</strong></span> <span class='ocrx_word' id='word_1_144' title='bbox 791 2244 1090 2300; x_wconf 85' lang='lat' dir='ltr'><strong>sustentat,</strong></span> <span class='ocrx_word' id='word_1_145' title='bbox 1143 2249 1369 2308; x_wconf 87' lang='lat' dir='ltr'><strong>propter</strong></span> <span class='ocrx_word' id='word_1_146' title='bbox 1428 2256 1722 2310; x_wconf 89' lang='lat' dir='ltr'><strong>supernam</strong></span> <span class='ocrx_word' id='word_1_147' title='bbox 1769 2241 1917 2296; x_wconf 91' lang='lat' dir='ltr'><strong>illam</strong></span> <span class='ocrx_word' id='word_1_148' title='bbox 1952 2243 2074 2312; x_wconf 85' lang='lat' dir='ltr'><strong>ejus</strong></span> 
     </span>
    </p>
   </div>
   <div class='ocr_carea' id='block_1_25' title="bbox 487 2325 2064 2401">
    <p class='ocr_par' dir='ltr' id='par_1_25' title="bbox 487 2325 2064 2401">
     <span class='ocr_line' id='line_1_25' title="bbox 487 2325 2064 2401; baseline 0.008 -26"><span class='ocrx_word' id='word_1_149' title='bbox 487 2325 770 2384; x_wconf 86' lang='lat' dir='ltr'><strong>virtutem.</strong></span> <span class='ocrx_word' id='word_1_150' title='bbox 800 2344 908 2396; x_wconf 84' lang='lat' dir='ltr'><strong>qua</strong></span> <span class='ocrx_word' id='word_1_151' title='bbox 959 2328 1206 2383; x_wconf 87' lang='lat' dir='ltr'><strong>continet</strong></span> <span class='ocrx_word' id='word_1_152' title='bbox 1253 2330 1440 2384; x_wconf 85' lang='lat' dir='ltr'><strong>omnia</strong></span> <span class='ocrx_word' id='word_1_153' title='bbox 1507 2341 1672 2401; x_wconf 88' lang='lat' dir='ltr'><strong>atque</strong></span> <span class='ocrx_word' id='word_1_154' title='bbox 1729 2343 2064 2386; x_wconf 79' lang='lat' dir='ltr'><strong>conservat:</strong></span> 
     </span>
    </p>
   </div>
   <div class='ocr_carea' id='block_1_26' title="bbox 483 2419 2070 2488">
    <p class='ocr_par' dir='ltr' id='par_1_26' title="bbox 483 2419 2070 2488">
     <span class='ocr_line' id='line_1_26' title="bbox 483 2419 2070 2488; baseline 0.006 -21"><span class='ocrx_word' id='word_1_155' title='bbox 483 2432 646 2484; x_wconf 88' lang='lat' dir='ltr'><strong>quam</strong></span> <span class='ocrx_word' id='word_1_156' title='bbox 687 2419 926 2485; x_wconf 90' lang='lat' dir='ltr'><strong>pretioso</strong></span> <span class='ocrx_word' id='word_1_157' title='bbox 968 2434 1070 2473; x_wconf 92' lang='lat' dir='ltr'><strong>suo</strong></span> <span class='ocrx_word' id='word_1_158' title='bbox 1113 2420 1382 2488; x_wconf 82' lang='lat' dir='ltr'><strong>sanguine</strong></span> <span class='ocrx_word' id='word_1_159' title='bbox 1431 2423 1760 2488; x_wconf 75' lang='lat' dir='ltr'><strong>sanctiﬁcat,</strong></span> <span class='ocrx_word' id='word_1_160' title='bbox 1793 2423 1943 2476; x_wconf 84' lang='lat' dir='ltr'><strong>velut</strong></span> <span class='ocrx_word' id='word_1_161' title='bbox 1987 2423 2070 2476; x_wconf 89' lang='lat' dir='ltr'><strong>vi-</strong></span> 
     </span>
    </p>
   </div>
   <div class='ocr_carea' id='block_1_27' title="bbox 485 2509 2069 2582">
    <p class='ocr_par' dir='ltr' id='par_1_27' title="bbox 485 2509 2069 2582">
     <span class='ocr_line' id='line_1_27' title="bbox 485 2509 2069 2582; baseline 0.005 -22"><span class='ocrx_word' id='word_1_162' title='bbox 485 2509 651 2563; x_wconf 85' lang='lat' dir='ltr'><strong>ctima</strong></span> <span class='ocrx_word' id='word_1_163' title='bbox 682 2526 783 2579; x_wconf 87' lang='lat' dir='ltr'><strong>pro</strong></span> <span class='ocrx_word' id='word_1_164' title='bbox 813 2511 973 2566; x_wconf 89' lang='lat' dir='ltr'><strong>nobis</strong></span> <span class='ocrx_word' id='word_1_165' title='bbox 1009 2511 1188 2566; x_wconf 86' lang='lat' dir='ltr'><strong>oblata</strong></span> <span class='ocrx_word' id='word_1_166' title='bbox 1227 2532 1240 2566; x_wconf 91' lang='lat'>:</span> <span class='ocrx_word' id='word_1_167' title='bbox 1271 2527 1336 2567; x_wconf 89' lang='lat' dir='ltr'><strong>ac</strong></span> <span class='ocrx_word' id='word_1_168' title='bbox 1381 2519 1442 2566; x_wconf 92' lang='lat' dir='ltr'><strong>ut</strong></span> <span class='ocrx_word' id='word_1_169' title='bbox 1485 2511 1833 2582; x_wconf 71' lang='lat' dir='ltr'><strong>Redemptor,</strong></span> <span class='ocrx_word' id='word_1_170' title='bbox 1864 2516 2069 2571; x_wconf 85' lang='lat' dir='ltr'><strong>salvam</strong></span> 
     </span>
    </p>
   </div>
   <div class='ocr_carea' id='block_1_28' title="bbox 489 2601 2072 2676">
    <p class='ocr_par' dir='ltr' id='par_1_28' title="bbox 489 2601 2072 2676">
     <span class='ocr_line' id='line_1_28' title="bbox 489 2601 2072 2676; baseline 0.005 -23"><span class='ocrx_word' id='word_1_171' title='bbox 489 2601 620 2654; x_wconf 79' lang='lat' dir='ltr'><strong>facit</strong></span> <span class='ocrx_word' id='word_1_172' title='bbox 659 2614 854 2655; x_wconf 79' lang='lat' dir='ltr'><strong>novam</strong></span> <span class='ocrx_word' id='word_1_173' title='bbox 891 2602 1112 2658; x_wconf 90' lang='lat' dir='ltr'><strong>initians</strong></span> <span class='ocrx_word' id='word_1_174' title='bbox 1159 2604 1325 2668; x_wconf 84' lang='lat' dir='ltr'><strong>viam,</strong></span> <span class='ocrx_word' id='word_1_175' title='bbox 1359 2621 1467 2659; x_wconf 90' lang='lat' dir='ltr'><strong>non</strong></span> <span class='ocrx_word' id='word_1_176' title='bbox 1501 2605 1722 2676; x_wconf 84' lang='lat' dir='ltr'><strong>quidem</strong></span> <span class='ocrx_word' id='word_1_177' title='bbox 1780 2606 1956 2662; x_wconf 85' lang='lat' dir='ltr'><strong>diviso</strong></span> <span class='ocrx_word' id='word_1_178' title='bbox 2007 2623 2072 2661; x_wconf 87' lang='lat' dir='ltr'><strong>ac</strong></span> 
     </span>
    </p>
   </div>
   <div class='ocr_carea' id='block_1_29' title="bbox 489 2694 2069 2769">
    <p class='ocr_par' dir='ltr' id='par_1_29' title="bbox 489 2694 2069 2769">
     <span class='ocr_line' id='line_1_29' title="bbox 489 2694 2069 2769; baseline 0.004 -23"><span class='ocrx_word' id='word_1_179' title='bbox 489 2697 646 2762; x_wconf 88' lang='lat' dir='ltr'><strong>quasi</strong></span> <span class='ocrx_word' id='word_1_180' title='bbox 678 2694 916 2750; x_wconf 86' lang='lat' dir='ltr'><strong>discisso</strong></span> <span class='ocrx_word' id='word_1_181' title='bbox 965 2695 1133 2752; x_wconf 89' lang='lat' dir='ltr'><strong>maris</strong></span> <span class='ocrx_word' id='word_1_182' title='bbox 1181 2695 1480 2767; x_wconf 82' lang='lat' dir='ltr'><strong>profundo,</strong></span> <span class='ocrx_word' id='word_1_183' title='bbox 1530 2714 1706 2767; x_wconf 88' lang='lat' dir='ltr'><strong>neque</strong></span> <span class='ocrx_word' id='word_1_184' title='bbox 1751 2701 1896 2753; x_wconf 92' lang='lat' dir='ltr'><strong>enim</strong></span> <span class='ocrx_word' id='word_1_185' title='bbox 1942 2715 2069 2769; x_wconf 89' lang='lat' dir='ltr'><strong>pro-</strong></span> 
     </span>
    </p>
   </div>
   <div class='ocr_carea' id='block_1_30' title="bbox 486 2782 2072 2860">
    <p class='ocr_par' dir='ltr' id='par_1_30' title="bbox 486 2782 2072 2860">
     <span class='ocr_line' id='line_1_30' title="bbox 486 2782 2072 2860; baseline 0.003 -23"><span class='ocrx_word' id='word_1_186' title='bbox 486 2782 639 2839; x_wconf 85' lang='lat' dir='ltr'><strong>l&#39;undi</strong></span> <span class='ocrx_word' id='word_1_187' title='bbox 681 2785 830 2841; x_wconf 84' lang='lat' dir='ltr'><strong>illius</strong></span> <span class='ocrx_word' id='word_1_188' title='bbox 856 2789 1050 2842; x_wconf 86' lang='lat' dir='ltr'><strong>semita</strong></span> <span class='ocrx_word' id='word_1_189' title='bbox 1092 2803 1224 2843; x_wconf 92' lang='lat' dir='ltr'><strong>suos</strong></span> <span class='ocrx_word' id='word_1_190' title='bbox 1274 2789 1588 2858; x_wconf 89' lang='lat' dir='ltr'><strong>redemptor</strong></span> <span class='ocrx_word' id='word_1_191' title='bbox 1608 2790 1780 2854; x_wconf 76' lang='grc' dir='ltr'>(Ιιιιείι,</span> <span class='ocrx_word' id='word_1_192' title='bbox 1812 2789 1906 2846; x_wconf 89' lang='lat' dir='ltr'><strong>sed</strong></span> <span class='ocrx_word' id='word_1_193' title='bbox 1938 2806 2072 2860; x_wconf 88' lang='lat' dir='ltr'><strong>quo-</strong></span> 
     </span>
    </p>
   </div>
   <div class='ocr_carea' id='block_1_31' title="bbox 487 2877 2070 2950">
    <p class='ocr_par' dir='ltr' id='par_1_31' title="bbox 487 2877 2070 2950">
     <span class='ocr_line' id='line_1_31' title="bbox 487 2877 2070 2950; baseline 0.001 -16"><span class='ocrx_word' id='word_1_194' title='bbox 487 2877 555 2934; x_wconf 77' lang='lat' dir='ltr'><strong>ad</strong></span> <span class='ocrx_word' id='word_1_195' title='bbox 608 2894 838 2948; x_wconf 84' lang='lat' dir='ltr'><strong>superas</strong></span> <span class='ocrx_word' id='word_1_196' title='bbox 887 2894 1015 2934; x_wconf 87' lang='lat' dir='ltr'><strong>oras</strong></span> <span class='ocrx_word' id='word_1_197' title='bbox 1065 2880 1328 2942; x_wconf 88' lang='lat' dir='ltr'><strong>tenditur,</strong></span> <span class='ocrx_word' id='word_1_198' title='bbox 1366 2896 1429 2934; x_wconf 89' lang='lat' dir='ltr'><strong>ac</strong></span> <span class='ocrx_word' id='word_1_199' title='bbox 1481 2897 1589 2949; x_wconf 90' lang='lat' dir='ltr'><strong>quo</strong></span> <span class='ocrx_word' id='word_1_200' title='bbox 1623 2884 2070 2950; x_wconf 78' lang='lat' dir='ltr'><strong>persecutoribus</strong></span> 
     </span>
    </p>
   </div>
   <div class='ocr_carea' id='block_1_32' title="bbox 493 2969 2066 3042">
    <p class='ocr_par' dir='ltr' id='par_1_32' title="bbox 493 2969 2066 3042">
     <span class='ocr_line' id='line_1_32' title="bbox 493 2969 2066 3042; baseline 0.004 -19"><span class='ocrx_word' id='word_1_201' title='bbox 493 2969 726 3023; x_wconf 76' lang='lat' dir='ltr'><strong>transire</strong></span> <span class='ocrx_word' id='word_1_202' title='bbox 763 2971 910 3023; x_wconf 90' lang='lat' dir='ltr'><strong>nulla</strong></span> <span class='ocrx_word' id='word_1_203' title='bbox 947 2979 1154 3026; x_wconf 82' lang='lat' dir='ltr'><strong>ratione</strong></span> <span class='ocrx_word' id='word_1_204' title='bbox 1182 2972 1529 3029; x_wconf 75' lang='lat' dir='ltr'><strong>conceditur.</strong></span> <span class='ocrx_word' id='word_1_205' title='bbox 1569 2971 1711 3042; x_wconf 83' lang='lat' dir='ltr'><strong>Ipse,</strong></span> <span class='ocrx_word' id='word_1_206' title='bbox 1749 2989 1856 3028; x_wconf 92' lang='lat' dir='ltr'><strong>non</strong></span> <span class='ocrx_word' id='word_1_207' title='bbox 1903 2974 2066 3038; x_wconf 92' lang='lat' dir='ltr'><strong>alius,</strong></span> 
     </span>
    </p>
   </div>
   <div class='ocr_carea' id='block_1_33' title="bbox 487 3041 2071 3132">
    <p class='ocr_par' dir='ltr' id='par_1_33' title="bbox 487 3041 2071 3132">
     <span class='ocr_line' id='line_1_33' title="bbox 487 3041 2071 3132; baseline 0.004 -20"><span class='ocrx_word' id='word_1_208' title='bbox 487 3041 547 3112; x_wconf 68' lang='lat' dir='ltr'><strong>in</strong></span> <span class='ocrx_word' id='word_1_209' title='bbox 569 3061 890 3132; x_wconf 76' lang='lat' dir='ltr'><strong>promissam</strong></span> <span class='ocrx_word' id='word_1_210' title='bbox 920 3069 1119 3115; x_wconf 90' lang='lat' dir='ltr'><strong>terram</strong></span> <span class='ocrx_word' id='word_1_211' title='bbox 1138 3076 1238 3116; x_wconf 92' lang='lat' dir='ltr'><strong>nos</strong></span> <span class='ocrx_word' id='word_1_212' title='bbox 1263 3062 1583 3128; x_wconf 89' lang='lat' dir='ltr'><strong>introducit,</strong></span> <span class='ocrx_word' id='word_1_213' title='bbox 1608 3063 1700 3117; x_wconf 90' lang='lat' dir='ltr'><strong>ubi</strong></span> <span class='ocrx_word' id='word_1_214' title='bbox 1727 3065 1912 3120; x_wconf 91' lang='lat' dir='ltr'><strong>nullus</strong></span> <span class='ocrx_word' id='word_1_215' title='bbox 1935 3066 2071 3119; x_wconf 85' lang='lat' dir='ltr'><strong>Cha-</strong></span> 
     </span>
    </p>
   </div>
   <div class='ocr_carea' id='block_1_34' title="bbox 415 3154 2063 3223">
    <p class='ocr_par' dir='ltr' id='par_1_34' title="bbox 415 3154 2063 3223">
     <span class='ocr_line' id='line_1_34' title="bbox 415 3154 2063 3223; baseline 0.005 -22"><span class='ocrx_word' id='word_1_216' title='bbox 415 3177 420 3180; x_wconf 96' lang='lat'><strong><em>-</em></strong></span> <span class='ocrx_word' id='word_1_217' title='bbox 491 3165 732 3212; x_wconf 55' lang='lat' dir='ltr'><strong>“animus,</strong></span> <span class='ocrx_word' id='word_1_218' title='bbox 785 3167 887 3205; x_wconf 87' lang='lat' dir='ltr'><strong>nec</strong></span> <span class='ocrx_word' id='word_1_219' title='bbox 929 3167 1117 3206; x_wconf 85' lang='lat' dir='ltr'><strong>eorum</strong></span> <span class='ocrx_word' id='word_1_220' title='bbox 1168 3154 1442 3222; x_wconf 84' lang='lat' dir='ltr'><strong>quispiam</strong></span> <span class='ocrx_word' id='word_1_221' title='bbox 1495 3171 1561 3209; x_wconf 87' lang='lat' dir='ltr'><strong>ex</strong></span> <span class='ocrx_word' id='word_1_222' title='bbox 1611 3155 1743 3219; x_wconf 91' lang='lat' dir='ltr'><strong>illis,</strong></span> <span class='ocrx_word' id='word_1_223' title='bbox 1789 3159 1880 3223; x_wconf 86' lang='lat' dir='ltr'><strong>qui</strong></span> <span class='ocrx_word' id='word_1_224' title='bbox 1913 3160 2063 3213; x_wconf 81' lang='lat' dir='ltr'><strong>exosi</strong></span> 
     </span>
    </p>
   </div>
   <div class='ocr_carea' id='block_1_35' title="bbox 2165 580 3750 655">
    <p class='ocr_par' dir='ltr' id='par_1_35' title="bbox 2165 580 3750 655">
     <span class='ocr_line' id='line_1_35' title="bbox 2165 580 3750 655; baseline -0.002 -17"><span class='ocrx_word' id='word_1_225' title='bbox 2165 603 2252 638; x_wconf 90' lang='grc' dir='ltr'><strong>νον</strong></span> <span class='ocrx_word' id='word_1_226' title='bbox 2291 586 2393 654; x_wconf 81' lang='grc' dir='ltr'><strong>τῆς</strong></span> <span class='ocrx_word' id='word_1_227' title='bbox 2439 585 2757 655; x_wconf 77' lang='grc' dir='ltr'>εὐεργεσίας</span> <span class='ocrx_word' id='word_1_228' title='bbox 2805 583 2980 652; x_wconf 82' lang='grc' dir='ltr'>τιμᾷν</span> <span class='ocrx_word' id='word_1_229' title='bbox 3025 580 3326 636; x_wconf 78' lang='grc' dir='ltr'>ἐκελεύετο.</span> <span class='ocrx_word' id='word_1_230' title='bbox 3371 581 3524 634; x_wconf 73' lang='grc' dir='ltr'>Ἐπεὶ</span> <span class='ocrx_word' id='word_1_231' title='bbox 3552 580 3598 634; x_wconf 88' lang='grc' dir='ltr'><strong>δ’</strong></span> <span class='ocrx_word' id='word_1_232' title='bbox 3627 581 3750 645; x_wconf 79' lang='grc' dir='ltr'>ἃλις</span> 
     </span>
    </p>
   </div>
   <div class='ocr_carea' id='block_1_36' title="bbox 2167 673 3748 747">
    <p class='ocr_par' dir='ltr' id='par_1_36' title="bbox 2167 673 3748 747">
     <span class='ocr_line' id='line_1_36' title="bbox 2167 673 3748 747; baseline -0.002 -18"><span class='ocrx_word' id='word_1_233' title='bbox 2167 674 2313 747; x_wconf 78' lang='grc' dir='ltr'>εἶχεν</span> <span class='ocrx_word' id='word_1_234' title='bbox 2339 679 2369 747; x_wconf 82' lang='grc' dir='ltr'>ὴ</span> <span class='ocrx_word' id='word_1_235' title='bbox 2401 675 2551 738; x_wconf 82' lang='grc' dir='ltr'>σκιὰ,</span> <span class='ocrx_word' id='word_1_236' title='bbox 2583 675 2678 728; x_wconf 71' lang='grc' dir='ltr'><strong>καὶ</strong></span> <span class='ocrx_word' id='word_1_237' title='bbox 2704 674 2874 746; x_wconf 81' lang='grc' dir='ltr'>αὐτὴν</span> <span class='ocrx_word' id='word_1_238' title='bbox 2897 675 3003 728; x_wconf 81' lang='grc' dir='ltr'>ἔδει</span> <span class='ocrx_word' id='word_1_239' title='bbox 3033 673 3297 744; x_wconf 81' lang='grc' dir='ltr'>τιμᾶσθαι</span> <span class='ocrx_word' id='word_1_240' title='bbox 3324 673 3424 743; x_wconf 84' lang='grc' dir='ltr'><strong>τὴν</strong></span> <span class='ocrx_word' id='word_1_241' title='bbox 3456 673 3711 743; x_wconf 84' lang='grc' dir='ltr'>ἀλήθειαν</span> <span class='ocrx_word' id='word_1_242' title='bbox 3731 713 3748 736; x_wconf 89' lang='grc'><strong>,</strong></span> 
     </span>
    </p>
   </div>
   <div class='ocr_carea' id='block_1_37' title="bbox 2166 762 3749 838">
    <p class='ocr_par' dir='ltr' id='par_1_37' title="bbox 2166 762 3749 838">
     <span class='ocr_line' id='line_1_37' title="bbox 2166 762 3749 838; baseline -0.003 -16"><span class='ocrx_word' id='word_1_243' title='bbox 2166 773 2263 822; x_wconf 77' lang='grc' dir='ltr'>καὶ</span> <span class='ocrx_word' id='word_1_244' title='bbox 2309 769 2462 838; x_wconf 81' lang='grc' dir='ltr'>γένος</span> <span class='ocrx_word' id='word_1_245' title='bbox 2509 768 2606 837; x_wconf 83' lang='grc' dir='ltr'>οὐχ</span> <span class='ocrx_word' id='word_1_246' title='bbox 2653 767 2732 833; x_wconf 75' lang='grc' dir='ltr'>ἓν,</span> <span class='ocrx_word' id='word_1_247' title='bbox 2769 767 2885 819; x_wconf 83' lang='grc' dir='ltr'>ἀλλ’</span> <span class='ocrx_word' id='word_1_248' title='bbox 2918 766 3056 836; x_wconf 79' lang='grc' dir='ltr'>ὁμοῦ</span> <span class='ocrx_word' id='word_1_249' title='bbox 3101 763 3312 829; x_wconf 79' lang='grc' dir='ltr'><strong>πάντας</strong></span> <span class='ocrx_word' id='word_1_250' title='bbox 3345 762 3624 836; x_wconf 79' lang='grc' dir='ltr'>ἑορτάζειν</span> <span class='ocrx_word' id='word_1_251' title='bbox 3647 763 3749 834; x_wconf 76' lang='grc' dir='ltr'><strong>τὴν</strong></span> 
     </span>
    </p>
   </div>
   <div class='ocr_carea' id='block_1_38' title="bbox 2167 855 3752 932">
    <p class='ocr_par' dir='ltr' id='par_1_38' title="bbox 2167 855 3752 932">
     <span class='ocr_line' id='line_1_38' title="bbox 2167 855 3752 932; baseline -0.004 -16"><span class='ocrx_word' id='word_1_252' title='bbox 2167 862 2484 932; x_wconf 82' lang='grc' dir='ltr'>ἐλευθερίαν</span> <span class='ocrx_word' id='word_1_253' title='bbox 2514 859 2839 928; x_wconf 75' lang='grc' dir='ltr'><strong>ἀνθρώπους</strong></span> <span class='ocrx_word' id='word_1_254' title='bbox 2863 877 2878 890; x_wconf 88' lang='grc'><strong>·</strong></span> <span class='ocrx_word' id='word_1_255' title='bbox 2920 860 3157 912; x_wconf 84' lang='grc' dir='ltr'><strong>τελεῖται</strong></span> <span class='ocrx_word' id='word_1_256' title='bbox 3186 858 3248 912; x_wconf 78' lang='grc' dir='ltr'><strong>τὸ</strong></span> <span class='ocrx_word' id='word_1_257' title='bbox 3281 859 3421 928; x_wconf 83' lang='grc' dir='ltr'><strong>μέγα</strong></span> <span class='ocrx_word' id='word_1_258' title='bbox 3470 855 3628 910; x_wconf 83' lang='grc' dir='ltr'>τοῦτο</span> <span class='ocrx_word' id='word_1_259' title='bbox 3655 857 3752 910; x_wconf 82' lang='grc' dir='ltr'>τοῦ</span> 
     </span>
    </p>
   </div>
   <div class='ocr_carea' id='block_1_39' title="bbox 2167 948 3752 1024">
    <p class='ocr_par' dir='ltr' id='par_1_39' title="bbox 2167 948 3752 1024">
     <span class='ocr_line' id='line_1_39' title="bbox 2167 948 3752 1024; baseline -0.005 -16"><span class='ocrx_word' id='word_1_260' title='bbox 2167 957 2376 1024; x_wconf 80' lang='grc' dir='ltr'>κόσμου</span> <span class='ocrx_word' id='word_1_261' title='bbox 2425 955 2658 1023; x_wconf 78' lang='grc' dir='ltr'>Πάσχα,</span> <span class='ocrx_word' id='word_1_262' title='bbox 2705 953 2767 1006; x_wconf 85' lang='grc' dir='ltr'><strong>ού</strong></span> <span class='ocrx_word' id='word_1_263' title='bbox 2826 952 3116 1021; x_wconf 73' lang='grc' dir='ltr'>προϐάτοιν</span> <span class='ocrx_word' id='word_1_264' title='bbox 3167 952 3460 1006; x_wconf 76' lang='grc' dir='ltr'>ἐνιαυσίων</span> <span class='ocrx_word' id='word_1_265' title='bbox 3537 948 3752 1003; x_wconf 80' lang='grc' dir='ltr'><strong>πολλῶν</strong></span> 
     </span>
    </p>
   </div>
   <div class='ocr_carea' id='block_1_40' title="bbox 2169 1042 3753 1117">
    <p class='ocr_par' dir='ltr' id='par_1_40' title="bbox 2169 1042 3753 1117">
     <span class='ocr_line' id='line_1_40' title="bbox 2169 1042 3753 1117; baseline -0.003 -18"><span class='ocrx_word' id='word_1_266' title='bbox 2169 1045 2465 1117; x_wconf 75' lang='grc' dir='ltr'>θυομένων,</span> <span class='ocrx_word' id='word_1_267' title='bbox 2499 1045 2634 1098; x_wconf 83' lang='grc' dir='ltr'>ἀλλὰ</span> <span class='ocrx_word' id='word_1_268' title='bbox 2657 1043 2751 1097; x_wconf 80' lang='grc' dir='ltr'>τοῦ</span> <span class='ocrx_word' id='word_1_269' title='bbox 2784 1044 2902 1108; x_wconf 79' lang='grc' dir='ltr'>ἐνὸς</span> <span class='ocrx_word' id='word_1_270' title='bbox 2929 1045 3152 1115; x_wconf 80' lang='grc' dir='ltr'>Ἀμνοῦ,</span> <span class='ocrx_word' id='word_1_271' title='bbox 3181 1045 3240 1108; x_wconf 85' lang='grc' dir='ltr'><strong>ὃς</strong></span> <span class='ocrx_word' id='word_1_272' title='bbox 3269 1046 3334 1096; x_wconf 78' lang='grc' dir='ltr'><strong>τὰ</strong></span> <span class='ocrx_word' id='word_1_273' title='bbox 3363 1043 3503 1112; x_wconf 79' lang='grc' dir='ltr'><strong>βάρη</strong></span> <span class='ocrx_word' id='word_1_274' title='bbox 3530 1042 3753 1094; x_wconf 77' lang='grc' dir='ltr'>πάντων</span> 
     </span>
    </p>
   </div>
   <div class='ocr_carea' id='block_1_41' title="bbox 2167 1134 3756 1208">
    <p class='ocr_par' dir='ltr' id='par_1_41' title="bbox 2167 1134 3756 1208">
     <span class='ocr_line' id='line_1_41' title="bbox 2167 1134 3756 1208; baseline -0.004 -16"><span class='ocrx_word' id='word_1_275' title='bbox 2167 1141 2260 1192; x_wconf 73' lang='grc' dir='ltr'><strong>ἐπὶ</strong></span> <span class='ocrx_word' id='word_1_276' title='bbox 2292 1139 2400 1192; x_wconf 86' lang='grc' dir='ltr'><strong>τῶν</strong></span> <span class='ocrx_word' id='word_1_277' title='bbox 2427 1137 2592 1208; x_wconf 81' lang='grc' dir='ltr'>ὤμων</span> <span class='ocrx_word' id='word_1_278' title='bbox 2613 1136 2902 1190; x_wconf 76' lang='grc' dir='ltr'>ἐϐάστασε,</span> <span class='ocrx_word' id='word_1_279' title='bbox 2928 1137 3039 1188; x_wconf 68' lang='grc' dir='ltr'>Καὶ</span> <span class='ocrx_word' id='word_1_280' title='bbox 3056 1136 3266 1206; x_wconf 78' lang='grc' dir='ltr'>χρίεται</span> <span class='ocrx_word' id='word_1_281' title='bbox 3292 1136 3371 1206; x_wconf 85' lang='grc' dir='ltr'><strong>τῷ</strong></span> <span class='ocrx_word' id='word_1_282' title='bbox 3397 1135 3563 1204; x_wconf 80' lang='grc' dir='ltr'>τιμίῳ</span> <span class='ocrx_word' id='word_1_283' title='bbox 3586 1134 3756 1202; x_wconf 82' lang='grc' dir='ltr'>αἵμα-</span> 
     </span>
    </p>
   </div>
   <div class='ocr_carea' id='block_1_42' title="bbox 2168 1225 3758 1301">
    <p class='ocr_par' dir='ltr' id='par_1_42' title="bbox 2168 1225 3758 1301">
     <span class='ocr_line' id='line_1_42' title="bbox 2168 1225 3758 1301; baseline -0.006 -15"><span class='ocrx_word' id='word_1_284' title='bbox 2168 1250 2241 1299; x_wconf 92' lang='grc' dir='ltr'><strong>τι,</strong></span> <span class='ocrx_word' id='word_1_285' title='bbox 2267 1234 2328 1287; x_wconf 78' lang='grc' dir='ltr'><strong>οὐ</strong></span> <span class='ocrx_word' id='word_1_286' title='bbox 2365 1231 2784 1301; x_wconf 78' lang='grc' dir='ltr'>καταλυομένων</span> <span class='ocrx_word' id='word_1_287' title='bbox 2814 1231 2981 1284; x_wconf 76' lang='grc' dir='ltr'>οἴκων</span> <span class='ocrx_word' id='word_1_288' title='bbox 3023 1228 3173 1298; x_wconf 84' lang='grc' dir='ltr'>φλιὰ,</span> <span class='ocrx_word' id='word_1_289' title='bbox 3206 1227 3342 1280; x_wconf 79' lang='grc' dir='ltr'>ἀλλὰ</span> <span class='ocrx_word' id='word_1_290' title='bbox 3383 1228 3573 1296; x_wconf 82' lang='grc' dir='ltr'>σοφίας</span> <span class='ocrx_word' id='word_1_291' title='bbox 3604 1225 3758 1279; x_wconf 85' lang='grc' dir='ltr'>ἀθα-</span> 
     </span>
    </p>
   </div>
   <div class='ocr_carea' id='block_1_43' title="bbox 2168 1316 3754 1396">
    <p class='ocr_par' dir='ltr' id='par_1_43' title="bbox 2168 1316 3754 1396">
     <span class='ocr_line' id='line_1_43' title="bbox 2168 1316 3754 1396; baseline -0.006 -18"><span class='ocrx_word' id='word_1_292' title='bbox 2168 1328 2329 1382; x_wconf 81' lang='grc' dir='ltr'>νάτου</span> <span class='ocrx_word' id='word_1_293' title='bbox 2375 1326 2536 1396; x_wconf 80' lang='grc' dir='ltr'>ἔργον</span> <span class='ocrx_word' id='word_1_294' title='bbox 2577 1323 2935 1385; x_wconf 82' lang='grc' dir='ltr'>ἁκατάλυτον,</span> <span class='ocrx_word' id='word_1_295' title='bbox 2968 1323 3001 1392; x_wconf 78' lang='grc' dir='ltr'>ἡ</span> <span class='ocrx_word' id='word_1_296' title='bbox 3038 1319 3129 1374; x_wconf 84' lang='grc' dir='ltr'><strong>διὰ</strong></span> <span class='ocrx_word' id='word_1_297' title='bbox 3171 1319 3410 1380; x_wconf 79' lang='grc' dir='ltr'>πίστεως</span> <span class='ocrx_word' id='word_1_298' title='bbox 3469 1316 3754 1387; x_wconf 78' lang='grc' dir='ltr'>οἰκοδομὴ,</span> 
     </span>
    </p>
   </div>
   <div class='ocr_carea' id='block_1_44' title="bbox 2168 1408 3756 1487">
    <p class='ocr_par' dir='ltr' id='par_1_44' title="bbox 2168 1408 3756 1487">
     <span class='ocr_line' id='line_1_44' title="bbox 2168 1408 3756 1487; baseline -0.008 -16"><span class='ocrx_word' id='word_1_299' title='bbox 2168 1413 2230 1473; x_wconf 78' lang='grc' dir='ltr'><strong>οὗ</strong></span> <span class='ocrx_word' id='word_1_300' title='bbox 2280 1415 2668 1487; x_wconf 78' lang='grc' dir='ltr'>προσεγγίζειν</span> <span class='ocrx_word' id='word_1_301' title='bbox 2715 1415 2816 1467; x_wconf 69' lang='grc' dir='ltr'><strong>οὐκ</strong></span> <span class='ocrx_word' id='word_1_302' title='bbox 2858 1413 2936 1466; x_wconf 78' lang='grc' dir='ltr'>ἔνι</span> <span class='ocrx_word' id='word_1_303' title='bbox 2989 1411 3065 1482; x_wconf 80' lang='grc' dir='ltr'>τῷ</span> <span class='ocrx_word' id='word_1_304' title='bbox 3117 1408 3498 1481; x_wconf 83' lang='grc' dir='ltr'>ὁλοθρεύοντι·</span> <span class='ocrx_word' id='word_1_305' title='bbox 3549 1409 3618 1478; x_wconf 81' lang='grc' dir='ltr'>ἦν</span> <span class='ocrx_word' id='word_1_306' title='bbox 3666 1409 3756 1477; x_wconf 74' lang='grc' dir='ltr'><strong>ἐφ’</strong></span> 
     </span>
    </p>
   </div>
   <div class='ocr_carea' id='block_1_45' title="bbox 2169 1497 3758 1578">
    <p class='ocr_par' dir='ltr' id='par_1_45' title="bbox 2169 1497 3758 1578">
     <span class='ocr_line' id='line_1_45' title="bbox 2169 1497 3758 1578; baseline -0.007 -17"><span class='ocrx_word' id='word_1_307' title='bbox 2169 1507 2348 1578; x_wconf 79' lang='grc' dir='ltr'>ἑαυτῷ</span> <span class='ocrx_word' id='word_1_308' title='bbox 2382 1504 2833 1576; x_wconf 72' lang='grc' dir='ltr'>οἰκοδομηθεῖσαν</span> <span class='ocrx_word' id='word_1_309' title='bbox 2865 1504 2940 1566; x_wconf 85' lang='grc' dir='ltr'><strong>ὡς</strong></span> <span class='ocrx_word' id='word_1_310' title='bbox 2981 1500 3237 1571; x_wconf 84' lang='grc' dir='ltr'>θεμελίῳ,</span> <span class='ocrx_word' id='word_1_311' title='bbox 3286 1498 3430 1552; x_wconf 81' lang='grc' dir='ltr'>κατὰ</span> <span class='ocrx_word' id='word_1_312' title='bbox 3465 1498 3564 1568; x_wconf 86' lang='grc' dir='ltr'><strong>τὴν</strong></span> <span class='ocrx_word' id='word_1_313' title='bbox 3601 1497 3758 1552; x_wconf 83' lang='grc' dir='ltr'>κάτω</span> 
     </span>
    </p>
   </div>
   <div class='ocr_carea' id='block_1_46' title="bbox 2171 1591 3758 1669">
    <p class='ocr_par' dir='ltr' id='par_1_46' title="bbox 2171 1591 3758 1669">
     <span class='ocr_line' id='line_1_46' title="bbox 2171 1591 3758 1669; baseline -0.004 -18"><span class='ocrx_word' id='word_1_314' title='bbox 2171 1599 2351 1669; x_wconf 81' lang='grc' dir='ltr'>πῆξιν,</span> <span class='ocrx_word' id='word_1_315' title='bbox 2389 1597 2622 1668; x_wconf 82' lang='grc' dir='ltr'>συνέχει,</span> <span class='ocrx_word' id='word_1_316' title='bbox 2649 1595 2724 1660; x_wconf 82' lang='grc' dir='ltr'><strong>ὡς</strong></span> <span class='ocrx_word' id='word_1_317' title='bbox 2745 1595 2891 1657; x_wconf 85' lang='grc' dir='ltr'>λίθος</span> <span class='ocrx_word' id='word_1_318' title='bbox 2909 1594 3326 1662; x_wconf 78' lang='grc' dir='ltr'>ἀκρογωνιαῖος,</span> <span class='ocrx_word' id='word_1_319' title='bbox 3359 1592 3448 1644; x_wconf 74' lang='grc' dir='ltr'>διὰ</span> <span class='ocrx_word' id='word_1_320' title='bbox 3479 1591 3579 1662; x_wconf 75' lang='grc' dir='ltr'>τὴν</span> <span class='ocrx_word' id='word_1_321' title='bbox 3611 1591 3758 1645; x_wconf 81' lang='grc' dir='ltr'>ἄνω-</span> 
     </span>
    </p>
   </div>
   <div class='ocr_carea' id='block_1_47' title="bbox 2171 1685 3760 1759">
    <p class='ocr_par' dir='ltr' id='par_1_47' title="bbox 2171 1685 3760 1759">
     <span class='ocr_line' id='line_1_47' title="bbox 2171 1685 3760 1759; baseline -0.003 -15"><span class='ocrx_word' id='word_1_322' title='bbox 2171 1693 2263 1745; x_wconf 89' lang='grc' dir='ltr'><strong>θεν</strong></span> <span class='ocrx_word' id='word_1_323' title='bbox 2287 1692 2355 1744; x_wconf 85' lang='grc' dir='ltr'>τὰ</span> <span class='ocrx_word' id='word_1_324' title='bbox 2384 1691 2559 1744; x_wconf 81' lang='grc' dir='ltr'>πάντα</span> <span class='ocrx_word' id='word_1_325' title='bbox 2588 1690 2916 1759; x_wconf 71' lang='grc' dir='ltr'>συνέχωσαν</span> <span class='ocrx_word' id='word_1_326' title='bbox 2944 1687 3108 1739; x_wconf 76' lang='grc' dir='ltr'>αὑτοῦ</span> <span class='ocrx_word' id='word_1_327' title='bbox 3139 1687 3374 1756; x_wconf 79' lang='grc' dir='ltr'>δύναμιν</span> <span class='ocrx_word' id='word_1_328' title='bbox 3394 1703 3407 1716; x_wconf 89' lang='grc'><strong>·</strong></span> <span class='ocrx_word' id='word_1_329' title='bbox 3444 1686 3508 1755; x_wconf 81' lang='grc' dir='ltr'>ἢν</span> <span class='ocrx_word' id='word_1_330' title='bbox 3537 1685 3760 1752; x_wconf 79' lang='grc' dir='ltr'>ἁγιάζει</span> 
     </span>
    </p>
   </div>
   <div class='ocr_carea' id='block_1_48' title="bbox 2176 1777 3762 1852">
    <p class='ocr_par' dir='ltr' id='par_1_48' title="bbox 2176 1777 3762 1852">
     <span class='ocr_line' id='line_1_48' title="bbox 2176 1777 3762 1852; baseline -0.003 -17"><span class='ocrx_word' id='word_1_331' title='bbox 2176 1782 2274 1851; x_wconf 85' lang='grc' dir='ltr'><strong>μὲν</strong></span> <span class='ocrx_word' id='word_1_332' title='bbox 2296 1781 2373 1852; x_wconf 81' lang='grc' dir='ltr'>τῷ</span> <span class='ocrx_word' id='word_1_333' title='bbox 2399 1782 2568 1852; x_wconf 83' lang='grc' dir='ltr'>τιμίῳ</span> <span class='ocrx_word' id='word_1_334' title='bbox 2600 1781 2793 1850; x_wconf 79' lang='grc' dir='ltr'>αἵματι</span> <span class='ocrx_word' id='word_1_335' title='bbox 2825 1781 2899 1842; x_wconf 81' lang='grc' dir='ltr'>ὡς</span> <span class='ocrx_word' id='word_1_336' title='bbox 2923 1780 3064 1849; x_wconf 80' lang='grc' dir='ltr'>ὑπὲρ</span> <span class='ocrx_word' id='word_1_337' title='bbox 3099 1778 3256 1847; x_wconf 82' lang='grc' dir='ltr'>ἡμῶν</span> <span class='ocrx_word' id='word_1_338' title='bbox 3295 1778 3552 1846; x_wconf 77' lang='grc' dir='ltr'>σφάγιον·</span> <span class='ocrx_word' id='word_1_339' title='bbox 3594 1777 3762 1842; x_wconf 78' lang='grc' dir='ltr'>σώζει</span> 
     </span>
    </p>
   </div>
   <div class='ocr_carea' id='block_1_49' title="bbox 2167 1866 3761 1946">
    <p class='ocr_par' dir='ltr' id='par_1_49' title="bbox 2167 1866 3761 1946">
     <span class='ocr_line' id='line_1_49' title="bbox 2167 1866 3761 1946; baseline -0.004 -20"><span class='ocrx_word' id='word_1_340' title='bbox 2167 1877 2220 1926; x_wconf 66' lang='grc' dir='ltr'><strong>ἀὲ</strong></span> <span class='ocrx_word' id='word_1_341' title='bbox 2263 1875 2338 1937; x_wconf 82' lang='grc' dir='ltr'>ὡς</span> <span class='ocrx_word' id='word_1_342' title='bbox 2381 1873 2682 1946; x_wconf 79' lang='grc' dir='ltr'>λυτρωτὴς,</span> <span class='ocrx_word' id='word_1_343' title='bbox 2720 1873 2875 1942; x_wconf 76' lang='grc' dir='ltr'>ξένην</span> <span class='ocrx_word' id='word_1_344' title='bbox 2923 1871 3072 1936; x_wconf 79' lang='grc' dir='ltr'>ἄγων</span> <span class='ocrx_word' id='word_1_345' title='bbox 3107 1871 3255 1923; x_wconf 75' lang='grc' dir='ltr'><strong>ὀδόν·</strong></span> <span class='ocrx_word' id='word_1_346' title='bbox 3298 1871 3356 1922; x_wconf 84' lang='grc' dir='ltr'><strong>ού</strong></span> <span class='ocrx_word' id='word_1_347' title='bbox 3414 1867 3557 1922; x_wconf 83' lang='grc' dir='ltr'>κατὰ</span> <span class='ocrx_word' id='word_1_348' title='bbox 3591 1866 3761 1939; x_wconf 84' lang='grc' dir='ltr'>βυθοῦ</span> 
     </span>
    </p>
   </div>
   <div class='ocr_carea' id='block_1_50' title="bbox 2171 1959 3760 2037">
    <p class='ocr_par' dir='ltr' id='par_1_50' title="bbox 2171 1959 3760 2037">
     <span class='ocr_line' id='line_1_50' title="bbox 2171 1959 3760 2037; baseline -0.004 -18"><span class='ocrx_word' id='word_1_349' title='bbox 2171 1968 2512 2037; x_wconf 82' lang='grc' dir='ltr'>τεμνομένου</span> <span class='ocrx_word' id='word_1_350' title='bbox 2535 1983 2546 1995; x_wconf 90' lang='grc'><strong>·</strong></span> <span class='ocrx_word' id='word_1_351' title='bbox 2581 1966 2699 2018; x_wconf 78' lang='grc' dir='ltr'>οὐδὲ</span> <span class='ocrx_word' id='word_1_352' title='bbox 2755 1965 2864 2033; x_wconf 78' lang='grc' dir='ltr'>γὰρ</span> <span class='ocrx_word' id='word_1_353' title='bbox 2895 1966 3102 2017; x_wconf 77' lang='grc' dir='ltr'>ἐκεῖνον</span> <span class='ocrx_word' id='word_1_354' title='bbox 3132 1963 3255 2029; x_wconf 78' lang='grc' dir='ltr'>ἄγει</span> <span class='ocrx_word' id='word_1_355' title='bbox 3287 1961 3378 2014; x_wconf 73' lang='grc' dir='ltr'><strong>τὸν</strong></span> <span class='ocrx_word' id='word_1_356' title='bbox 3415 1960 3575 2030; x_wconf 83' lang='grc' dir='ltr'>βυθὸν</span> <span class='ocrx_word' id='word_1_357' title='bbox 3600 1960 3628 2010; x_wconf 87' lang='grc' dir='ltr'><strong>ὀ</strong></span> <span class='ocrx_word' id='word_1_358' title='bbox 3656 1959 3760 2012; x_wconf 77' lang='grc' dir='ltr'><strong>λυο</strong></span> 
     </span>
    </p>
   </div>
   <div class='ocr_carea' id='block_1_51' title="bbox 2168 2048 3762 2126">
    <p class='ocr_par' dir='ltr' id='par_1_51' title="bbox 2168 2048 3762 2126">
     <span class='ocr_line' id='line_1_51' title="bbox 2168 2048 3762 2126; baseline -0.003 -18"><span class='ocrx_word' id='word_1_359' title='bbox 2168 2057 2409 2126; x_wconf 84' lang='grc' dir='ltr'>τρωτής·</span> <span class='ocrx_word' id='word_1_360' title='bbox 2444 2055 2578 2109; x_wconf 75' lang='grc' dir='ltr'>ἀλλὰ</span> <span class='ocrx_word' id='word_1_361' title='bbox 2607 2054 2701 2108; x_wconf 80' lang='grc' dir='ltr'>τοῦ</span> <span class='ocrx_word' id='word_1_362' title='bbox 2736 2055 2868 2120; x_wconf 80' lang='grc' dir='ltr'>ἄνω,</span> <span class='ocrx_word' id='word_1_363' title='bbox 2905 2048 2968 2106; x_wconf 74' lang='grc' dir='ltr'>οὗ</span> <span class='ocrx_word' id='word_1_364' title='bbox 3003 2063 3025 2089; x_wconf 71' lang='grc' dir='ltr'><strong>Ζ</strong></span> <span class='ocrx_word' id='word_1_365' title='bbox 3064 2052 3322 2122; x_wconf 83' lang='grc' dir='ltr'>παριέναι</span> <span class='ocrx_word' id='word_1_366' title='bbox 3359 2053 3472 2114; x_wconf 85' lang='grc' dir='ltr'>τοῖς</span> <span class='ocrx_word' id='word_1_367' title='bbox 3496 2050 3762 2115; x_wconf 84' lang='grc' dir='ltr'>διωκταις</span> 
     </span>
    </p>
   </div>
   <div class='ocr_carea' id='block_1_52' title="bbox 2173 2137 3754 2217">
    <p class='ocr_par' dir='ltr' id='par_1_52' title="bbox 2173 2137 3754 2217">
     <span class='ocr_line' id='line_1_52' title="bbox 2173 2137 3754 2217; baseline -0.004 -17"><span class='ocrx_word' id='word_1_368' title='bbox 2173 2149 2491 2217; x_wconf 78' lang='grc' dir='ltr'>ἀμήχανον·</span> <span class='ocrx_word' id='word_1_369' title='bbox 2556 2146 2719 2208; x_wconf 82' lang='grc' dir='ltr'>αὐτὸς</span> <span class='ocrx_word' id='word_1_370' title='bbox 2771 2146 2851 2207; x_wconf 86' lang='grc' dir='ltr'>είς</span> <span class='ocrx_word' id='word_1_371' title='bbox 2896 2142 2996 2213; x_wconf 78' lang='grc' dir='ltr'><strong>τὴν</strong></span> <span class='ocrx_word' id='word_1_372' title='bbox 3063 2139 3478 2211; x_wconf 69' lang='grc' dir='ltr'>ἐπηγγελμένην</span> <span class='ocrx_word' id='word_1_373' title='bbox 3514 2137 3754 2205; x_wconf 74' lang='grc' dir='ltr'>εἰσάγων</span> 
     </span>
    </p>
   </div>
   <div class='ocr_carea' id='block_1_53' title="bbox 2176 2227 3760 2308">
    <p class='ocr_par' dir='ltr' id='par_1_53' title="bbox 2176 2227 3760 2308">
     <span class='ocr_line' id='line_1_53' title="bbox 2176 2227 3760 2308; baseline -0.006 -18"><span class='ocrx_word' id='word_1_374' title='bbox 2176 2237 2568 2308; x_wconf 82' lang='grc' dir='ltr'>κληρονομίαν,</span> <span class='ocrx_word' id='word_1_375' title='bbox 2614 2237 2712 2306; x_wconf 79' lang='grc' dir='ltr'><strong>οὐχ</strong></span> <span class='ocrx_word' id='word_1_376' title='bbox 2766 2235 2989 2306; x_wconf 69' lang='grc' dir='ltr'>ἓτεροςυ</span> <span class='ocrx_word' id='word_1_377' title='bbox 3031 2233 3160 2285; x_wconf 75' lang='grc' dir='ltr'>ἔνθα</span> <span class='ocrx_word' id='word_1_378' title='bbox 3191 2233 3250 2285; x_wconf 87' lang='grc' dir='ltr'><strong>ού</strong></span> <span class='ocrx_word' id='word_1_379' title='bbox 3287 2232 3602 2293; x_wconf 84' lang='grc' dir='ltr'>Χαναναῖος,</span> <span class='ocrx_word' id='word_1_380' title='bbox 3630 2227 3760 2281; x_wconf 66' lang='grc' dir='ltr'>οὐδὲ</span> 
     </span>
    </p>
   </div>
   <div class='ocr_carea' id='block_1_54' title="bbox 2177 2323 3765 2399">
    <p class='ocr_par' dir='ltr' id='par_1_54' title="bbox 2177 2323 3765 2399">
     <span class='ocr_line' id='line_1_54' title="bbox 2177 2323 3765 2399; baseline -0.004 -16"><span class='ocrx_word' id='word_1_381' title='bbox 2177 2347 2260 2393; x_wconf 88' lang='grc' dir='ltr'><strong>τις</strong></span> <span class='ocrx_word' id='word_1_382' title='bbox 2291 2330 2448 2392; x_wconf 83' lang='grc' dir='ltr'>ἄλλος</span> <span class='ocrx_word' id='word_1_383' title='bbox 2493 2330 2602 2382; x_wconf 82' lang='grc' dir='ltr'><strong>τῶν</strong></span> <span class='ocrx_word' id='word_1_384' title='bbox 2651 2327 3042 2399; x_wconf 85' lang='grc' dir='ltr'>μεμισημένων</span> <span class='ocrx_word' id='word_1_385' title='bbox 3095 2327 3273 2378; x_wconf 79' lang='grc' dir='ltr'>οἰκεῖ·</span> <span class='ocrx_word' id='word_1_386' title='bbox 3309 2325 3457 2394; x_wconf 72' lang='grc' dir='ltr'>μόνοι</span> <span class='ocrx_word' id='word_1_387' title='bbox 3477 2324 3521 2374; x_wconf 89' lang='grc' dir='ltr'>δ’</span> <span class='ocrx_word' id='word_1_388' title='bbox 3566 2324 3615 2375; x_wconf 80' lang='grc' dir='ltr'>οἱ</span> <span class='ocrx_word' id='word_1_389' title='bbox 3663 2323 3765 2377; x_wconf 73' lang='grc' dir='ltr'><strong>τὸν</strong></span> 
     </span>
    </p>
   </div>
   <div class='ocr_carea' id='block_1_55' title="bbox 2179 2416 3766 2494">
    <p class='ocr_par' dir='ltr' id='par_1_55' title="bbox 2179 2416 3766 2494">
     <span class='ocr_line' id='line_1_55' title="bbox 2179 2416 3766 2494; baseline -0.006 -18"><span class='ocrx_word' id='word_1_390' title='bbox 2179 2423 2507 2494; x_wconf 76' lang='grc' dir='ltr'>κληροδὸτην</span> <span class='ocrx_word' id='word_1_391' title='bbox 2549 2421 3022 2489; x_wconf 78' lang='grc' dir='ltr'>ἐπιγινώσκοντες,</span> <span class='ocrx_word' id='word_1_392' title='bbox 3075 2420 3170 2471; x_wconf 69' lang='grc' dir='ltr'>καὶ</span> <span class='ocrx_word' id='word_1_393' title='bbox 3207 2416 3300 2480; x_wconf 81' lang='grc' dir='ltr'>οὓς</span> <span class='ocrx_word' id='word_1_394' title='bbox 3323 2419 3528 2478; x_wconf 74' lang='grc' dir='ltr'>ἐκεῖνος</span> <span class='ocrx_word' id='word_1_395' title='bbox 3557 2418 3766 2484; x_wconf 78' lang='grc' dir='ltr'>ἐγκατ-</span> 
     </span>
    </p>
   </div>
   <div class='ocr_carea' id='block_1_56' title="bbox 2178 2507 3758 2584">
    <p class='ocr_par' dir='ltr' id='par_1_56' title="bbox 2178 2507 3758 2584">
     <span class='ocr_line' id='line_1_56' title="bbox 2178 2507 3758 2584; baseline -0.006 -15"><span class='ocrx_word' id='word_1_396' title='bbox 2178 2516 2370 2578; x_wconf 75' lang='grc' dir='ltr'>οικίζει</span> <span class='ocrx_word' id='word_1_397' title='bbox 2398 2515 2582 2568; x_wconf 76' lang='grc' dir='ltr'>λαϐεῖν</span> <span class='ocrx_word' id='word_1_398' title='bbox 2621 2528 2646 2555; x_wconf 70' lang='grc' dir='ltr'><strong>α</strong></span> <span class='ocrx_word' id='word_1_399' title='bbox 2679 2513 2881 2584; x_wconf 82' lang='grc' dir='ltr'>κλῆρον</span> <span class='ocrx_word' id='word_1_400' title='bbox 2911 2511 3064 2583; x_wconf 82' lang='grc' dir='ltr'>παρᾶ</span> <span class='ocrx_word' id='word_1_401' title='bbox 3106 2511 3200 2564; x_wconf 81' lang='grc' dir='ltr'><strong>τοῦ</strong></span> <span class='ocrx_word' id='word_1_402' title='bbox 3237 2511 3467 2580; x_wconf 78' lang='grc' dir='ltr'>Πατρὸς,</span> <span class='ocrx_word' id='word_1_403' title='bbox 3499 2509 3624 2562; x_wconf 71' lang='grc' dir='ltr'>ἀντὶ</span> <span class='ocrx_word' id='word_1_404' title='bbox 3655 2507 3758 2560; x_wconf 86' lang='grc' dir='ltr'>τῶν</span> 
     </span>
    </p>
   </div>
   <div class='ocr_carea' id='block_1_57' title="bbox 2178 2590 3757 2676">
    <p class='ocr_par' dir='ltr' id='par_1_57' title="bbox 2178 2590 3757 2676">
     <span class='ocr_line' id='line_1_57' title="bbox 2178 2590 3757 2676; baseline -0.004 -18"><span class='ocrx_word' id='word_1_405' title='bbox 2178 2590 2506 2676; x_wconf 79' lang='grc' dir='ltr'>τραυμάτων</span> <span class='ocrx_word' id='word_1_406' title='bbox 2545 2607 2640 2659; x_wconf 67' lang='grc' dir='ltr'>καὶ</span> <span class='ocrx_word' id='word_1_407' title='bbox 2667 2605 2760 2659; x_wconf 78' lang='grc' dir='ltr'>τοῦ</span> <span class='ocrx_word' id='word_1_408' title='bbox 2809 2605 3062 2673; x_wconf 79' lang='grc' dir='ltr'>αἵματος,</span> <span class='ocrx_word' id='word_1_409' title='bbox 3089 2602 3118 2655; x_wconf 85' lang='grc' dir='ltr'>ὃ</span> <span class='ocrx_word' id='word_1_410' title='bbox 3148 2605 3541 2672; x_wconf 84' lang='grc' dir='ltr'>προσήνεγκεν.</span> <span class='ocrx_word' id='word_1_411' title='bbox 3581 2600 3757 2670; x_wconf 90' lang='grc' dir='ltr'>Προσ-</span> 
     </span>
    </p>
   </div>
   <div class='ocr_carea' id='block_1_58' title="bbox 2181 2693 3764 2768">
    <p class='ocr_par' dir='ltr' id='par_1_58' title="bbox 2181 2693 3764 2768">
     <span class='ocr_line' id='line_1_58' title="bbox 2181 2693 3764 2768; baseline -0.004 -16"><span class='ocrx_word' id='word_1_412' title='bbox 2181 2703 2301 2767; x_wconf 72' lang='grc' dir='ltr'>άγει</span> <span class='ocrx_word' id='word_1_413' title='bbox 2341 2699 2449 2767; x_wconf 80' lang='grc' dir='ltr'><strong>γὰρ</strong></span> <span class='ocrx_word' id='word_1_414' title='bbox 2494 2698 2571 2768; x_wconf 84' lang='grc' dir='ltr'>τῷ</span> <span class='ocrx_word' id='word_1_415' title='bbox 2623 2698 2798 2767; x_wconf 77' lang='lat' dir='ltr'><strong>[lat-cpi.</strong></span> <span class='ocrx_word' id='word_1_416' title='bbox 2843 2697 2904 2748; x_wconf 74' lang='grc' dir='ltr'><strong>τὸ</strong></span> <span class='ocrx_word' id='word_1_417' title='bbox 2955 2694 3115 2766; x_wconf 78' lang='grc' dir='ltr'>αἷμα,</span> <span class='ocrx_word' id='word_1_418' title='bbox 3149 2695 3274 2758; x_wconf 71' lang='grc' dir='ltr'><strong>ὠςδ</strong></span> <span class='ocrx_word' id='word_1_419' title='bbox 3303 2696 3393 2747; x_wconf 70' lang='grc' dir='ltr'><strong>καὶ</strong></span> <span class='ocrx_word' id='word_1_420' title='bbox 3440 2694 3541 2763; x_wconf 82' lang='grc' dir='ltr'>τὴν</span> <span class='ocrx_word' id='word_1_421' title='bbox 3584 2693 3764 2762; x_wconf 71' lang='grc' dir='ltr'>ψυχὴν</span> 
     </span>
    </p>
   </div>
   <div class='ocr_carea' id='block_1_59' title="bbox 2181 2785 3762 2862">
    <p class='ocr_par' dir='ltr' id='par_1_59' title="bbox 2181 2785 3762 2862">
     <span class='ocr_line' id='line_1_59' title="bbox 2181 2785 3762 2862; baseline -0.005 -17"><span class='ocrx_word' id='word_1_422' title='bbox 2181 2793 2567 2862; x_wconf 84' lang='grc' dir='ltr'>παρατίθησιν.</span> <span class='ocrx_word' id='word_1_423' title='bbox 2613 2791 2673 2843; x_wconf 77' lang='lat' dir='ltr'><strong>Et</strong></span> <span class='ocrx_word' id='word_1_424' title='bbox 2722 2789 2831 2860; x_wconf 80' lang='grc' dir='ltr'>γὰρ</span> <span class='ocrx_word' id='word_1_425' title='bbox 2881 2791 2974 2842; x_wconf 76' lang='grc' dir='ltr'>καὶ</span> <span class='ocrx_word' id='word_1_426' title='bbox 3036 2789 3174 2858; x_wconf 81' lang='grc' dir='ltr'>ὑπὲρ</span> <span class='ocrx_word' id='word_1_427' title='bbox 3233 2787 3390 2856; x_wconf 84' lang='grc' dir='ltr'>ἡμῶν</span> <span class='ocrx_word' id='word_1_428' title='bbox 3443 2785 3762 2856; x_wconf 82' lang='grc' dir='ltr'>ἀντίλυτρον</span> 
     </span>
    </p>
   </div>
   <div class='ocr_carea' id='block_1_60' title="bbox 2180 2877 3767 2950">
    <p class='ocr_par' dir='ltr' id='par_1_60' title="bbox 2180 2877 3767 2950">
     <span class='ocr_line' id='line_1_60' title="bbox 2180 2877 3767 2950; baseline -0.003 -15"><span class='ocrx_word' id='word_1_429' title='bbox 2180 2885 2389 2938; x_wconf 59' lang='grc' dir='ltr'>ταύταν</span> <span class='ocrx_word' id='word_1_430' title='bbox 2421 2884 2602 2937; x_wconf 79' lang='grc' dir='ltr'>δοῦναι</span> <span class='ocrx_word' id='word_1_431' title='bbox 2655 2882 2909 2950; x_wconf 81' lang='grc' dir='ltr'>λέγεται’</span> <span class='ocrx_word' id='word_1_432' title='bbox 2976 2880 3300 2948; x_wconf 85' lang='grc' dir='ltr'>ἀντίλυτρον</span> <span class='ocrx_word' id='word_1_433' title='bbox 3353 2879 3462 2949; x_wconf 78' lang='grc' dir='ltr'><strong>γὰρ</strong></span> <span class='ocrx_word' id='word_1_434' title='bbox 3526 2877 3767 2948; x_wconf 85' lang='grc' dir='ltr'>ἀληθῶς,</span> 
     </span>
    </p>
   </div>
   <div class='ocr_carea' id='block_1_61' title="bbox 2175 2971 3769 3047">
    <p class='ocr_par' dir='ltr' id='par_1_61' title="bbox 2175 2971 3769 3047">
     <span class='ocr_line' id='line_1_61' title="bbox 2175 2971 3769 3047; baseline -0.004 -16"><span class='ocrx_word' id='word_1_435' title='bbox 2175 2979 2257 3031; x_wconf 78' lang='grc' dir='ltr'>ὅτι.</span> <span class='ocrx_word' id='word_1_436' title='bbox 2308 2978 2400 3030; x_wconf 87' lang='grc' dir='ltr'><strong>τὸν</strong></span> <span class='ocrx_word' id='word_1_437' title='bbox 2450 2977 2592 3047; x_wconf 81' lang='grc' dir='ltr'>ὑπὲρ</span> <span class='ocrx_word' id='word_1_438' title='bbox 2638 2976 2793 3045; x_wconf 82' lang='grc' dir='ltr'>ἡμῶν</span> <span class='ocrx_word' id='word_1_439' title='bbox 2845 2975 3135 3045; x_wconf 78' lang='grc' dir='ltr'>ὑπομένων</span> <span class='ocrx_word' id='word_1_440' title='bbox 3181 2973 3409 3026; x_wconf 76' lang='grc' dir='ltr'>θάνατον</span> <span class='ocrx_word' id='word_1_441' title='bbox 3436 2971 3769 3042; x_wconf 75' lang='grc' dir='ltr'>λυτρούταιο</span> 
     </span>
    </p>
   </div>
   <div class='ocr_carea' id='block_1_62' title="bbox 2176 3059 3769 3140">
    <p class='ocr_par' dir='ltr' id='par_1_62' title="bbox 2176 3059 3769 3140">
     <span class='ocr_line' id='line_1_62' title="bbox 2176 3059 3769 3140; baseline -0.004 -18"><span class='ocrx_word' id='word_1_442' title='bbox 2176 3069 2290 3122; x_wconf 77' lang='grc' dir='ltr'>ἀλλ’</span> <span class='ocrx_word' id='word_1_443' title='bbox 2318 3069 2353 3138; x_wconf 81' lang='grc' dir='ltr'>ἦ</span> <span class='ocrx_word' id='word_1_444' title='bbox 2392 3086 2456 3138; x_wconf 87' lang='grc' dir='ltr'><strong>γε</strong></span> <span class='ocrx_word' id='word_1_445' title='bbox 2501 3068 2820 3140; x_wconf 78' lang='grc' dir='ltr'>προσένεξις</span> <span class='ocrx_word' id='word_1_446' title='bbox 2873 3066 2951 3138; x_wconf 81' lang='grc' dir='ltr'><strong>τῷ</strong></span> <span class='ocrx_word' id='word_1_447' title='bbox 3003 3065 3190 3134; x_wconf 80' lang='grc' dir='ltr'>οἰκείῳ</span> <span class='ocrx_word' id='word_1_448' title='bbox 3221 3065 3401 3135; x_wconf 75' lang='lat' dir='ltr'><strong>lla-cpi.</strong></span> <span class='ocrx_word' id='word_1_449' title='bbox 3457 3062 3614 3134; x_wconf 82' lang='grc' dir='ltr'>παρὰ</span> <span class='ocrx_word' id='word_1_450' title='bbox 3665 3059 3769 3116; x_wconf 77' lang='grc' dir='ltr'>τοῦ</span> 
     </span>
    </p>
   </div>
   <div class='ocr_carea' id='block_1_63' title="bbox 2178 3153 2437 3224">
    <p class='ocr_par' dir='ltr' id='par_1_63' title="bbox 2178 3153 2437 3224">
     <span class='ocr_line' id='line_1_63' title="bbox 2178 3153 2437 3224; baseline 0.008 -12"><span class='ocrx_word' id='word_1_451' title='bbox 2178 3161 2397 3224; x_wconf 77' lang='grc' dir='ltr'><strong>Παιδὸς.</strong></span> <span class='ocrx_word' id='word_1_452' title='bbox 2419 3153 2437 3167; x_wconf 67' lang='grc'>”</span> 
     </span>
    </p>
   </div>
   <div class='ocr_carea' id='block_1_64' title="bbox 489 3233 3770 3320">
    <p class='ocr_par' dir='ltr' id='par_1_64' title="bbox 489 3233 3770 3320">
     <span class='ocr_line' id='line_1_64' title="bbox 489 3233 3770 3320; baseline 0.002 -26"><span class='ocrx_word' id='word_1_453' title='bbox 489 3244 641 3306; x_wconf 68' lang='lat' dir='ltr'><strong>1iunt,</strong></span> <span class='ocrx_word' id='word_1_454' title='bbox 666 3240 758 3296; x_wconf 90' lang='lat' dir='ltr'><strong>sed</strong></span> <span class='ocrx_word' id='word_1_455' title='bbox 788 3241 889 3296; x_wconf 89' lang='lat' dir='ltr'><strong>soli</strong></span> <span class='ocrx_word' id='word_1_456' title='bbox 935 3233 1013 3294; x_wconf 91' lang='lat' dir='ltr'><strong>illi</strong></span> <span class='ocrx_word' id='word_1_457' title='bbox 1049 3243 1141 3310; x_wconf 86' lang='lat' dir='ltr'><strong>qui</strong></span> <span class='ocrx_word' id='word_1_458' title='bbox 1175 3243 1508 3300; x_wconf 79' lang='lat' dir='ltr'><strong>lueretlitatis</strong></span> <span class='ocrx_word' id='word_1_459' title='bbox 1541 3244 1859 3314; x_wconf 75' lang='lat' dir='ltr'><strong>largitorem</strong></span> <span class='ocrx_word' id='word_1_460' title='bbox 1896 3261 2228 3316; x_wconf 77' lang='lat' dir='ltr'><strong>agnoscunt,</strong></span> <span class='ocrx_word' id='word_1_461' title='bbox 2264 3267 2493 3320; x_wconf 80' lang='lat' dir='ltr'><strong>aequos</strong></span> <span class='ocrx_word' id='word_1_462' title='bbox 2526 3252 2616 3305; x_wconf 91' lang='lat' dir='ltr'><strong>ille</strong></span> <span class='ocrx_word' id='word_1_463' title='bbox 2647 3251 2930 3305; x_wconf 84' lang='lat' dir='ltr'><strong>habitandi</strong></span> <span class='ocrx_word' id='word_1_464' title='bbox 2993 3265 3162 3306; x_wconf 86' lang='lat' dir='ltr'><strong>causa</strong></span> <span class='ocrx_word' id='word_1_465' title='bbox 3229 3246 3543 3310; x_wconf 89' lang='lat' dir='ltr'><strong>introducit,</strong></span> <span class='ocrx_word' id='word_1_466' title='bbox 3609 3252 3670 3300; x_wconf 88' lang='lat' dir='ltr'><strong>ut</strong></span> <span class='ocrx_word' id='word_1_467' title='bbox 3731 3255 3770 3298; x_wconf 80' lang='lat' dir='ltr'><strong>a</strong></span> 
     </span>
    </p>
   </div>
   <div class='ocr_carea' id='block_1_65' title="bbox 487 3325 3769 3412">
    <p class='ocr_par' dir='ltr' id='par_1_65' title="bbox 487 3325 3769 3412">
     <span class='ocr_line' id='line_1_65' title="bbox 487 3325 3769 3412; baseline -0.003 -13"><span class='ocrx_word' id='word_1_468' title='bbox 487 3325 649 3386; x_wconf 60' lang='grc' dir='ltr'><strong>Ρλῑνθ</strong></span> <span class='ocrx_word' id='word_1_469' title='bbox 709 3331 1082 3384; x_wconf 51' lang='lat' dir='ltr'><strong>“Nedum-em</strong></span> <span class='ocrx_word' id='word_1_470' title='bbox 1139 3333 1430 3402; x_wconf 69' lang='grc' dir='ltr'>θεείρῖὶιιην</span> <span class='ocrx_word' id='word_1_471' title='bbox 1492 3336 1612 3388; x_wconf 91' lang='lat' dir='ltr'><strong>loco</strong></span> <span class='ocrx_word' id='word_1_472' title='bbox 1681 3337 1966 3390; x_wconf 89' lang='lat' dir='ltr'><strong>vulnerum</strong></span> <span class='ocrx_word' id='word_1_473' title='bbox 2035 3356 2098 3392; x_wconf 84' lang='lat' dir='ltr'><strong>ac</strong></span> <span class='ocrx_word' id='word_1_474' title='bbox 2173 3343 2459 3412; x_wconf 81' lang='lat' dir='ltr'><strong>sanguinis</strong></span> <span class='ocrx_word' id='word_1_475' title='bbox 2490 3359 2612 3412; x_wconf 66' lang='lat' dir='ltr'><strong>qua:</strong></span> <span class='ocrx_word' id='word_1_476' title='bbox 2664 3345 2784 3408; x_wconf 84' lang='lat' dir='ltr'><strong>ipse</strong></span> <span class='ocrx_word' id='word_1_477' title='bbox 2826 3342 3049 3396; x_wconf 91' lang='lat' dir='ltr'><strong>obtulit.</strong></span> <span class='ocrx_word' id='word_1_478' title='bbox 3087 3341 3232 3394; x_wconf 84' lang='lat' dir='ltr'><strong>Patri</strong></span> <span class='ocrx_word' id='word_1_479' title='bbox 3261 3343 3406 3396; x_wconf 89' lang='lat' dir='ltr'><strong>enim</strong></span> <span class='ocrx_word' id='word_1_480' title='bbox 3442 3337 3769 3408; x_wconf 86' lang='lat' dir='ltr'><strong>sanguinem</strong></span> 
     </span>
    </p>
   </div>
   <div class='ocr_carea' id='block_1_66' title="bbox 488 3420 3773 3505">
    <p class='ocr_par' dir='ltr' id='par_1_66' title="bbox 488 3420 3773 3505">
     <span class='ocr_line' id='line_1_66' title="bbox 488 3420 3773 3505; baseline 0.002 -29"><span class='ocrx_word' id='word_1_481' title='bbox 488 3420 667 3486; x_wconf 84' lang='lat' dir='ltr'><strong>oﬂert,</strong></span> <span class='ocrx_word' id='word_1_482' title='bbox 706 3421 784 3474; x_wconf 89' lang='lat' dir='ltr'><strong>uti</strong></span> <span class='ocrx_word' id='word_1_483' title='bbox 816 3421 978 3474; x_wconf 90' lang='lat' dir='ltr'><strong>ctiam</strong></span> <span class='ocrx_word' id='word_1_484' title='bbox 1007 3425 1357 3478; x_wconf 80' lang='lat' dir='ltr'><strong>commendat</strong></span> <span class='ocrx_word' id='word_1_485' title='bbox 1381 3425 1644 3480; x_wconf 92' lang='lat' dir='ltr'><strong>animam.</strong></span> <span class='ocrx_word' id='word_1_486' title='bbox 1675 3425 1811 3480; x_wconf 85' lang='lat' dir='ltr'><strong>Nam</strong></span> <span class='ocrx_word' id='word_1_487' title='bbox 1847 3429 1973 3484; x_wconf 88' lang='lat' dir='ltr'><strong>licet</strong></span> <span class='ocrx_word' id='word_1_488' title='bbox 2041 3447 2102 3485; x_wconf 91' lang='lat' dir='ltr'><strong>ea</strong></span> <span class='ocrx_word' id='word_1_489' title='bbox 2181 3451 2277 3503; x_wconf 88' lang='lat' dir='ltr'><strong>pro</strong></span> <span class='ocrx_word' id='word_1_490' title='bbox 2337 3437 2497 3490; x_wconf 85' lang='lat' dir='ltr'><strong>nobis</strong></span> <span class='ocrx_word' id='word_1_491' title='bbox 2559 3436 2952 3505; x_wconf 82' lang='lat' dir='ltr'><strong>redemptionis</strong></span> <span class='ocrx_word' id='word_1_492' title='bbox 3023 3434 3256 3504; x_wconf 73' lang='lat' dir='ltr'><strong>[)l&#39;t&quot;illlll</strong></span> <span class='ocrx_word' id='word_1_493' title='bbox 3305 3432 3498 3485; x_wconf 71' lang='lat' dir='ltr'><strong>oll&#39;rrre</strong></span> <span class='ocrx_word' id='word_1_494' title='bbox 3550 3431 3773 3484; x_wconf 80' lang='lat' dir='ltr'><strong>dicatur</strong></span> 
     </span>
    </p>
   </div>
   <div class='ocr_carea' id='block_1_67' title="bbox 491 3516 3773 3593">
    <p class='ocr_par' dir='ltr' id='par_1_67' title="bbox 491 3516 3773 3593">
     <span class='ocr_line' id='line_1_67' title="bbox 491 3516 3773 3593; baseline -0.003 -4"><span class='ocrx_word' id='word_1_495' title='bbox 491 3532 640 3593; x_wconf 64' lang='lat' dir='ltr'><strong>(&quot;ere</strong></span> <span class='ocrx_word' id='word_1_496' title='bbox 656 3516 857 3570; x_wconf 56' lang='lat' dir='ltr'><strong>“enim</strong></span> <span class='ocrx_word' id='word_1_497' title='bbox 884 3517 1118 3586; x_wconf 75' lang='grc' dir='ltr'>[πειίιιιιι</span> <span class='ocrx_word' id='word_1_498' title='bbox 1145 3529 1274 3592; x_wconf 81' lang='lat' dir='ltr'><strong>sum</strong></span> <span class='ocrx_word' id='word_1_499' title='bbox 1298 3522 1877 3593; x_wconf 72' lang='grc' dir='ltr'>τθάθηιριίοιιίε,ίιυοιι</span> <span class='ocrx_word' id='word_1_500' title='bbox 1903 3531 2074 3584; x_wconf 85' lang='lat' dir='ltr'><strong>nostri</strong></span> <span class='ocrx_word' id='word_1_501' title='bbox 2117 3547 2280 3588; x_wconf 88' lang='lat' dir='ltr'><strong>causa</strong></span> <span class='ocrx_word' id='word_1_502' title='bbox 2311 3543 2542 3589; x_wconf 89' lang='lat' dir='ltr'><strong>mortem</strong></span> <span class='ocrx_word' id='word_1_503' title='bbox 2575 3534 2799 3590; x_wconf 89' lang='lat' dir='ltr'><strong>subiens</strong></span> <span class='ocrx_word' id='word_1_504' title='bbox 2857 3547 2957 3588; x_wconf 91' lang='lat' dir='ltr'><strong>nos</strong></span> <span class='ocrx_word' id='word_1_505' title='bbox 2993 3533 3039 3586; x_wconf 90' lang='lat' dir='ltr'><strong>is</strong></span> <span class='ocrx_word' id='word_1_506' title='bbox 3102 3531 3414 3585; x_wconf 67' lang='lat' dir='ltr'><strong>rcdemeritl</strong></span> <span class='ocrx_word' id='word_1_507' title='bbox 3444 3548 3457 3584; x_wconf 90' lang='lat'>:</span> <span class='ocrx_word' id='word_1_508' title='bbox 3529 3537 3773 3582; x_wconf 85' lang='lat' dir='ltr'><strong>attamen</strong></span> 
     </span>
    </p>
   </div>
   <div class='ocr_carea' id='block_1_68' title="bbox 489 3602 1513 3668">
    <p class='ocr_par' dir='ltr' id='par_1_68' title="bbox 489 3602 1513 3668">
     <span class='ocr_line' id='line_1_68' title="bbox 489 3602 1513 3668; baseline 0.007 -7"><span class='ocrx_word' id='word_1_509' title='bbox 489 3602 661 3663; x_wconf 80' lang='lat' dir='ltr'><strong>Filius</strong></span> <span class='ocrx_word' id='word_1_510' title='bbox 692 3603 837 3662; x_wconf 86' lang='lat' dir='ltr'><strong>Patri</strong></span> <span class='ocrx_word' id='word_1_511' title='bbox 865 3625 966 3664; x_wconf 91' lang='lat' dir='ltr'><strong>suo</strong></span> <span class='ocrx_word' id='word_1_512' title='bbox 993 3611 1325 3666; x_wconf 84' lang='lat' dir='ltr'><strong>oblationem</strong></span> <span class='ocrx_word' id='word_1_513' title='bbox 1360 3612 1513 3668; x_wconf 84' lang='lat' dir='ltr'><strong>facit.</strong></span> 
     </span>
    </p>
   </div>
   <div class='ocr_carea' id='block_1_69' title="bbox 557 3700 2150 3777">
    <p class='ocr_par' dir='ltr' id='par_1_69' title="bbox 557 3700 2150 3777">
     <span class='ocr_line' id='line_1_69' title="bbox 557 3700 2150 3777; baseline 0.008 -23"><span class='ocrx_word' id='word_1_514' title='bbox 557 3700 804 3772; x_wconf 78' lang='lat' dir='ltr'><strong>Agedum</strong></span> <span class='ocrx_word' id='word_1_515' title='bbox 835 3719 986 3768; x_wconf 88' lang='lat' dir='ltr'><strong>vero,</strong></span> <span class='ocrx_word' id='word_1_516' title='bbox 1017 3704 1180 3758; x_wconf 89' lang='lat' dir='ltr'><strong>sicuti</strong></span> <span class='ocrx_word' id='word_1_517' title='bbox 1212 3719 1502 3759; x_wconf 84' lang='lat' dir='ltr'><strong>ascensum</strong></span> <span class='ocrx_word' id='word_1_518' title='bbox 1528 3721 1829 3777; x_wconf 89' lang='lat' dir='ltr'><strong>supernum</strong></span> <span class='ocrx_word' id='word_1_519' title='bbox 1881 3725 1946 3763; x_wconf 92' lang='lat' dir='ltr'><strong>ac</strong></span> <span class='ocrx_word' id='word_1_520' title='bbox 1972 3711 2080 3766; x_wconf 72' lang='lat' dir='ltr'><strong>hze-</strong></span> <span class='ocrx_word' id='word_1_521' title='bbox 2107 3721 2150 3776; x_wconf 73' lang='grc' dir='ltr'>ο</span> 
     </span>
    </p>
   </div>
   <div class='ocr_carea' id='block_1_70' title="bbox 493 3795 2085 3870">
    <p class='ocr_par' dir='ltr' id='par_1_70' title="bbox 493 3795 2085 3870">
     <span class='ocr_line' id='line_1_70' title="bbox 493 3795 2085 3870; baseline 0.006 -22"><span class='ocrx_word' id='word_1_522' title='bbox 493 3795 778 3850; x_wconf 90' lang='lat' dir='ltr'><strong>reditatem</strong></span> <span class='ocrx_word' id='word_1_523' title='bbox 814 3798 1044 3866; x_wconf 77' lang='lat' dir='ltr'><strong>mystico</strong></span> <span class='ocrx_word' id='word_1_524' title='bbox 1081 3797 1243 3850; x_wconf 88' lang='lat' dir='ltr'><strong>oculo</strong></span> <span class='ocrx_word' id='word_1_525' title='bbox 1267 3799 1626 3870; x_wconf 78' lang='lat' dir='ltr'><strong>contemplati</strong></span> <span class='ocrx_word' id='word_1_526' title='bbox 1669 3817 1885 3867; x_wconf 88' lang='lat' dir='ltr'><strong>sumus,</strong></span> <span class='ocrx_word' id='word_1_527' title='bbox 1923 3805 2003 3859; x_wconf 90' lang='lat' dir='ltr'><strong>sic</strong></span> <span class='ocrx_word' id='word_1_528' title='bbox 2032 3815 2085 3858; x_wconf 91' lang='lat' dir='ltr'><strong>et</strong></span> 
     </span>
    </p>
   </div>
   <div class='ocr_carea' id='block_1_71' title="bbox 490 3888 2085 3963">
    <p class='ocr_par' dir='ltr' id='par_1_71' title="bbox 490 3888 2085 3963">
     <span class='ocr_line' id='line_1_71' title="bbox 490 3888 2085 3963; baseline 0.005 -21"><span class='ocrx_word' id='word_1_529' title='bbox 490 3903 554 3942; x_wconf 92' lang='lat' dir='ltr'><strong>ea</strong></span> <span class='ocrx_word' id='word_1_530' title='bbox 581 3903 703 3956; x_wconf 74' lang='lat' dir='ltr'><strong>qua:</strong></span> <span class='ocrx_word' id='word_1_531' title='bbox 735 3888 788 3942; x_wconf 90' lang='lat' dir='ltr'><strong>in</strong></span> <span class='ocrx_word' id='word_1_532' title='bbox 819 3889 902 3944; x_wconf 86' lang='lat' dir='ltr'><strong>his</strong></span> <span class='ocrx_word' id='word_1_533' title='bbox 923 3890 1280 3945; x_wconf 81' lang='lat' dir='ltr'><strong>inferioribus</strong></span> <span class='ocrx_word' id='word_1_534' title='bbox 1316 3891 1452 3946; x_wconf 87' lang='lat' dir='ltr'><strong>locis</strong></span> <span class='ocrx_word' id='word_1_535' title='bbox 1477 3903 1836 3963; x_wconf 81' lang='lat' dir='ltr'><strong>peraguntur,</strong></span> <span class='ocrx_word' id='word_1_536' title='bbox 1873 3897 2085 3952; x_wconf 88' lang='lat' dir='ltr'><strong>intuea-</strong></span> 
     </span>
    </p>
   </div>
   <div class='ocr_carea' id='block_1_72' title="bbox 493 3980 2062 4060">
    <p class='ocr_par' dir='ltr' id='par_1_72' title="bbox 493 3980 2062 4060">
     <span class='ocr_line' id='line_1_72' title="bbox 493 3980 2062 4060; baseline 0.008 -30"><span class='ocrx_word' id='word_1_537' title='bbox 493 3995 647 4032; x_wconf 89' lang='lat' dir='ltr'><strong>mur:</strong></span> <span class='ocrx_word' id='word_1_538' title='bbox 690 3980 886 4047; x_wconf 82' lang='lat' dir='ltr'><strong>duplex</strong></span> <span class='ocrx_word' id='word_1_539' title='bbox 923 3980 1068 4034; x_wconf 82' lang='lat' dir='ltr'><strong>enim</strong></span> <span class='ocrx_word' id='word_1_540' title='bbox 1100 3989 1184 4036; x_wconf 89' lang='lat' dir='ltr'><strong>est</strong></span> <span class='ocrx_word' id='word_1_541' title='bbox 1243 3998 1430 4036; x_wconf 91' lang='lat' dir='ltr'><strong>eorum</strong></span> <span class='ocrx_word' id='word_1_542' title='bbox 1461 3999 1583 4053; x_wconf 64' lang='lat' dir='ltr'><strong>quae</strong></span> <span class='ocrx_word' id='word_1_543' title='bbox 1615 3997 1956 4057; x_wconf 83' lang='lat' dir='ltr'><strong>peraguntur</strong></span> <span class='ocrx_word' id='word_1_544' title='bbox 1978 3991 2062 4060; x_wconf 88' lang='lat' dir='ltr'><strong>spi</strong></span> 
     </span>
    </p>
   </div>
   <div class='ocr_carea' id='block_1_73' title="bbox 495 4065 2084 4138">
    <p class='ocr_par' dir='ltr' id='par_1_73' title="bbox 495 4065 2084 4138">
     <span class='ocr_line' id='line_1_73' title="bbox 495 4065 2084 4138; baseline 0.011 -20"><span class='ocrx_word' id='word_1_545' title='bbox 495 4065 673 4120; x_wconf 86' lang='lat' dir='ltr'><strong>ritalis</strong></span> <span class='ocrx_word' id='word_1_546' title='bbox 727 4066 1110 4138; x_wconf 78' lang='lat' dir='ltr'><strong>intelligentia.</strong></span> <span class='ocrx_word' id='word_1_547' title='bbox 1165 4070 1378 4125; x_wconf 89' lang='lat' dir='ltr'><strong>Etenim</strong></span> <span class='ocrx_word' id='word_1_548' title='bbox 1437 4073 1694 4130; x_wconf 76' lang='lat' dir='ltr'><strong>Christus</strong></span> <span class='ocrx_word' id='word_1_549' title='bbox 1741 4078 1933 4132; x_wconf 85' lang='lat' dir='ltr'><strong>tribuit</strong></span> <span class='ocrx_word' id='word_1_550' title='bbox 1988 4096 2084 4134; x_wconf 91' lang='lat' dir='ltr'><strong>su-</strong></span> 
     </span>
    </p>
   </div>
   <div class='ocr_carea' id='block_1_74' title="bbox 495 4159 2084 4234">
    <p class='ocr_par' dir='ltr' id='par_1_74' title="bbox 495 4159 2084 4234">
     <span class='ocr_line' id='line_1_74' title="bbox 495 4159 2084 4234; baseline 0.011 -27"><span class='ocrx_word' id='word_1_551' title='bbox 495 4170 662 4225; x_wconf 86' lang='lat' dir='ltr'><strong>perna</strong></span> <span class='ocrx_word' id='word_1_552' title='bbox 697 4177 710 4210; x_wconf 89' lang='lat'><strong>:</strong></span> <span class='ocrx_word' id='word_1_553' title='bbox 747 4159 876 4214; x_wconf 88' lang='lat' dir='ltr'><strong>inde</strong></span> <span class='ocrx_word' id='word_1_554' title='bbox 914 4176 1153 4230; x_wconf 86' lang='lat' dir='ltr'><strong>namque</strong></span> <span class='ocrx_word' id='word_1_555' title='bbox 1197 4163 1263 4216; x_wconf 88' lang='lat' dir='ltr'><strong>ad</strong></span> <span class='ocrx_word' id='word_1_556' title='bbox 1310 4180 1410 4219; x_wconf 91' lang='lat' dir='ltr'><strong>nos</strong></span> <span class='ocrx_word' id='word_1_557' title='bbox 1459 4168 1632 4234; x_wconf 81' lang='lat' dir='ltr'><strong>venit,</strong></span> <span class='ocrx_word' id='word_1_558' title='bbox 1679 4184 1744 4222; x_wconf 92' lang='lat' dir='ltr'><strong>ac</strong></span> <span class='ocrx_word' id='word_1_559' title='bbox 1790 4180 1849 4222; x_wconf 91' lang='lat' dir='ltr'><strong>ut</strong></span> <span class='ocrx_word' id='word_1_560' title='bbox 1889 4188 1989 4228; x_wconf 92' lang='lat' dir='ltr'><strong>nos</strong></span> <span class='ocrx_word' id='word_1_561' title='bbox 2019 4190 2084 4226; x_wconf 91' lang='lat' dir='ltr'><strong>eo</strong></span> 
     </span>
    </p>
   </div>
   <div class='ocr_carea' id='block_1_75' title="bbox 496 4246 2090 4328">
    <p class='ocr_par' dir='ltr' id='par_1_75' title="bbox 496 4246 2090 4328">
     <span class='ocr_line' id='line_1_75' title="bbox 496 4246 2090 4328; baseline 0.012 -30"><span class='ocrx_word' id='word_1_562' title='bbox 496 4246 874 4305; x_wconf 79' lang='lat' dir='ltr'><strong>transferret:</strong></span> <span class='ocrx_word' id='word_1_563' title='bbox 923 4263 1175 4321; x_wconf 82' lang='lat' dir='ltr'><strong>peragrat</strong></span> <span class='ocrx_word' id='word_1_564' title='bbox 1229 4264 1408 4308; x_wconf 84' lang='lat' dir='ltr'><strong>aute-n</strong></span> <span class='ocrx_word' id='word_1_565' title='bbox 1465 4267 1519 4309; x_wconf 91' lang='lat' dir='ltr'><strong>et</strong></span> <span class='ocrx_word' id='word_1_566' title='bbox 1575 4259 1690 4312; x_wconf 69' lang='lat' dir='ltr'><strong>haec</strong></span> <span class='ocrx_word' id='word_1_567' title='bbox 1749 4261 1970 4328; x_wconf 83' lang='lat' dir='ltr'><strong>inﬁma,</strong></span> <span class='ocrx_word' id='word_1_568' title='bbox 2033 4276 2090 4317; x_wconf 92' lang='lat' dir='ltr'><strong>ut</strong></span> 
     </span>
    </p>
   </div>
   <div class='ocr_carea' id='block_1_76' title="bbox 496 4339 2084 4420">
    <p class='ocr_par' dir='ltr' id='par_1_76' title="bbox 496 4339 2084 4420">
     <span class='ocr_line' id='line_1_76' title="bbox 496 4339 2084 4420; baseline 0.009 -26"><span class='ocrx_word' id='word_1_569' title='bbox 496 4349 676 4394; x_wconf 89' lang='lat' dir='ltr'><strong>tamen</strong></span> <span class='ocrx_word' id='word_1_570' title='bbox 710 4339 841 4396; x_wconf 86' lang='lat' dir='ltr'><strong>nihil</strong></span> <span class='ocrx_word' id='word_1_571' title='bbox 888 4343 1094 4398; x_wconf 86' lang='lat' dir='ltr'><strong>humile</strong></span> <span class='ocrx_word' id='word_1_572' title='bbox 1126 4357 1221 4398; x_wconf 90' lang='lat' dir='ltr'><strong>aut</strong></span> <span class='ocrx_word' id='word_1_573' title='bbox 1256 4349 1538 4404; x_wconf 86' lang='lat' dir='ltr'><strong>sordidum</strong></span> <span class='ocrx_word' id='word_1_574' title='bbox 1563 4369 1626 4407; x_wconf 84' lang='lat' dir='ltr'><strong>ex</strong></span> <span class='ocrx_word' id='word_1_575' title='bbox 1663 4352 1752 4409; x_wconf 88' lang='lat' dir='ltr'><strong>ilis</strong></span> <span class='ocrx_word' id='word_1_576' title='bbox 1778 4357 2084 4420; x_wconf 85' lang='lat' dir='ltr'><strong>contrahat,</strong></span> 
     </span>
    </p>
   </div>
   <div class='ocr_carea' id='block_1_77' title="bbox 502 4433 2081 4504">
    <p class='ocr_par' dir='ltr' id='par_1_77' title="bbox 502 4433 2081 4504">
     <span class='ocr_line' id='line_1_77' title="bbox 502 4433 2081 4504; baseline 0.012 -20"><span class='ocrx_word' id='word_1_577' title='bbox 502 4444 559 4484; x_wconf 94' lang='lat' dir='ltr'><strong>ut</strong></span> <span class='ocrx_word' id='word_1_578' title='bbox 585 4443 637 4486; x_wconf 89' lang='lat' dir='ltr'><strong>et</strong></span> <span class='ocrx_word' id='word_1_579' title='bbox 668 4433 797 4488; x_wconf 89' lang='lat' dir='ltr'><strong>imle</strong></span> <span class='ocrx_word' id='word_1_580' title='bbox 831 4436 1073 4490; x_wconf 88' lang='lat' dir='ltr'><strong>salutare</strong></span> <span class='ocrx_word' id='word_1_581' title='bbox 1105 4435 1198 4490; x_wconf 90' lang='lat' dir='ltr'><strong>Dei</strong></span> <span class='ocrx_word' id='word_1_582' title='bbox 1225 4438 1526 4495; x_wconf 87' lang='lat' dir='ltr'><strong>eluccscat.</strong></span> <span class='ocrx_word' id='word_1_583' title='bbox 1554 4444 1690 4498; x_wconf 84' lang='lat' dir='ltr'><strong>Cum</strong></span> <span class='ocrx_word' id='word_1_584' title='bbox 1724 4446 1856 4500; x_wconf 86' lang='lat' dir='ltr'><strong>illud</strong></span> <span class='ocrx_word' id='word_1_585' title='bbox 1883 4449 2041 4504; x_wconf 91' lang='lat' dir='ltr'><strong>audis</strong></span> <span class='ocrx_word' id='word_1_586' title='bbox 2067 4469 2081 4503; x_wconf 90' lang='lat'><strong>:</strong></span> 
     </span>
    </p>
   </div>
   <div class='ocr_carea' id='block_1_78' title="bbox 497 4517 2083 4608">
    <p class='ocr_par' dir='ltr' id='par_1_78' title="bbox 497 4517 2083 4608">
     <span class='ocr_line' id='line_1_78' title="bbox 497 4517 2083 4608; baseline 0.013 -32"><span class='ocrx_word' id='word_1_587' title='bbox 497 4517 640 4579; x_wconf 82' lang='lat' dir='ltr'><strong>Deus</strong></span> <span class='ocrx_word' id='word_1_588' title='bbox 663 4543 830 4592; x_wconf 81' lang='lat' dir='ltr'><strong>meus,</strong></span> <span class='ocrx_word' id='word_1_589' title='bbox 869 4527 1006 4582; x_wconf 78' lang='lat' dir='ltr'><strong>Deus</strong></span> <span class='ocrx_word' id='word_1_590' title='bbox 1051 4547 1221 4596; x_wconf 86' lang='lat' dir='ltr'><strong>meus,</strong></span> <span class='ocrx_word' id='word_1_591' title='bbox 1247 4541 1306 4584; x_wconf 87' lang='lat' dir='ltr'><strong>ut</strong></span> <span class='ocrx_word' id='word_1_592' title='bbox 1348 4533 1473 4603; x_wconf 81' lang='lat' dir='ltr'><strong>quid</strong></span> <span class='ocrx_word' id='word_1_593' title='bbox 1517 4553 1598 4590; x_wconf 84' lang='lat' dir='ltr'><strong>me</strong></span> <span class='ocrx_word' id='word_1_594' title='bbox 1637 4539 1968 4608; x_wconf 80' lang='lat' dir='ltr'><strong>dereliquisti</strong></span> <span class='ocrx_word' id='word_1_595' title='bbox 1994 4543 2083 4597; x_wconf 66' lang='lat'><strong>8&#39;?</strong></span> 
     </span>
    </p>
   </div>
   <div class='ocr_carea' id='block_1_79' title="bbox 570 4619 1220 4686">
    <p class='ocr_par' dir='ltr' id='par_1_79' title="bbox 570 4619 1220 4686">
     <span class='ocr_line' id='line_1_79' title="bbox 570 4619 1220 4686; baseline 0.008 -15"><span class='ocrx_word' id='word_1_596' title='bbox 570 4619 616 4653; x_wconf 77' lang='grc'><strong>⁸⁵</strong></span> <span class='ocrx_word' id='word_1_597' title='bbox 658 4619 852 4674; x_wconf 85' lang='lat' dir='ltr'><strong>Matth.</strong></span> <span class='ocrx_word' id='word_1_598' title='bbox 911 4637 1081 4686; x_wconf 76' lang='lat' dir='ltr'><strong>xxv&quot;,</strong></span> <span class='ocrx_word' id='word_1_599' title='bbox 1131 4622 1220 4676; x_wconf 73' lang='grc'><strong>46.</strong></span> 
     </span>
    </p>
   </div>
   <div class='ocr_carea' id='block_1_80' title="bbox 2271 3685 3772 3782">
    <p class='ocr_par' dir='ltr' id='par_1_80' title="bbox 2271 3685 3772 3782">
     <span class='ocr_line' id='line_1_80' title="bbox 2271 3685 3772 3782; baseline -0.005 -16"><span class='ocrx_word' id='word_1_600' title='bbox 2271 3713 2434 3767; x_wconf 76' lang='grc' dir='ltr'>Ἀλλὰ</span> <span class='ocrx_word' id='word_1_601' title='bbox 2465 3685 2598 3782; x_wconf 84' lang='grc' dir='ltr'>φέρε</span> <span class='ocrx_word' id='word_1_602' title='bbox 2637 3711 2722 3780; x_wconf 80' lang='grc' dir='ltr'><strong>δὴ,</strong></span> <span class='ocrx_word' id='word_1_603' title='bbox 2759 3711 2948 3778; x_wconf 77' lang='grc' dir='ltr'>ὥσπερ</span> <span class='ocrx_word' id='word_1_604' title='bbox 2976 3708 3074 3778; x_wconf 81' lang='grc' dir='ltr'><strong>τὴν</strong></span> <span class='ocrx_word' id='word_1_605' title='bbox 3105 3707 3217 3760; x_wconf 82' lang='grc' dir='ltr'>ἄνω</span> <span class='ocrx_word' id='word_1_606' title='bbox 3270 3707 3522 3760; x_wconf 78' lang='grc' dir='ltr'>διάδασιν</span> <span class='ocrx_word' id='word_1_607' title='bbox 3547 3707 3640 3758; x_wconf 80' lang='grc' dir='ltr'>καὶ</span> <span class='ocrx_word' id='word_1_608' title='bbox 3668 3705 3772 3776; x_wconf 84' lang='grc' dir='ltr'><strong>τὴν</strong></span> 
     </span>
    </p>
   </div>
   <div class='ocr_carea' id='block_1_81' title="bbox 2190 3795 3769 3875">
    <p class='ocr_par' dir='ltr' id='par_1_81' title="bbox 2190 3795 3769 3875">
     <span class='ocr_line' id='line_1_81' title="bbox 2190 3795 3769 3875; baseline -0.006 -17"><span class='ocrx_word' id='word_1_609' title='bbox 2190 3804 2558 3875; x_wconf 81' lang='grc' dir='ltr'>κληρονομίαν</span> <span class='ocrx_word' id='word_1_610' title='bbox 2585 3803 2828 3871; x_wconf 83' lang='grc' dir='ltr'>μυστικῷ</span> <span class='ocrx_word' id='word_1_611' title='bbox 2858 3801 3096 3861; x_wconf 80' lang='grc' dir='ltr'>διανοίας</span> <span class='ocrx_word' id='word_1_612' title='bbox 3131 3798 3449 3867; x_wconf 85' lang='grc' dir='ltr'>κατείδομεν</span> <span class='ocrx_word' id='word_1_613' title='bbox 3481 3795 3769 3866; x_wconf 78' lang='grc' dir='ltr'>ὀφθαλμῷ,</span> 
     </span>
    </p>
   </div>
   <div class='ocr_carea' id='block_1_82' title="bbox 2187 3886 3770 3964">
    <p class='ocr_par' dir='ltr' id='par_1_82' title="bbox 2187 3886 3770 3964">
     <span class='ocr_line' id='line_1_82' title="bbox 2187 3886 3770 3964; baseline -0.007 -16"><span class='ocrx_word' id='word_1_614' title='bbox 2187 3895 2332 3948; x_wconf 74' lang='grc' dir='ltr'>οὕτω</span> <span class='ocrx_word' id='word_1_615' title='bbox 2379 3896 2746 3964; x_wconf 84' lang='grc' dir='ltr'>θεωρήσωμεν</span> <span class='ocrx_word' id='word_1_616' title='bbox 2800 3891 2897 3944; x_wconf 71' lang='grc' dir='ltr'><strong>καὶ</strong></span> <span class='ocrx_word' id='word_1_617' title='bbox 2951 3891 3019 3943; x_wconf 79' lang='grc' dir='ltr'>τὰ</span> <span class='ocrx_word' id='word_1_618' title='bbox 3063 3890 3212 3942; x_wconf 84' lang='grc' dir='ltr'>κάτω</span> <span class='ocrx_word' id='word_1_619' title='bbox 3241 3887 3563 3957; x_wconf 88' lang='grc' dir='ltr'>τελούμενα·</span> <span class='ocrx_word' id='word_1_620' title='bbox 3607 3886 3770 3957; x_wconf 80' lang='grc' dir='ltr'>διττὴ</span> 
     </span>
    </p>
   </div>
   <div class='ocr_carea' id='block_1_83' title="bbox 2190 3977 3770 4057">
    <p class='ocr_par' dir='ltr' id='par_1_83' title="bbox 2190 3977 3770 4057">
     <span class='ocr_line' id='line_1_83' title="bbox 2190 3977 3770 4057; baseline -0.006 -19"><span class='ocrx_word' id='word_1_621' title='bbox 2190 3987 2297 4057; x_wconf 69' lang='grc' dir='ltr'>γὰρ</span> <span class='ocrx_word' id='word_1_622' title='bbox 2331 3988 2364 4053; x_wconf 81' lang='grc' dir='ltr'><strong>ἡ</strong></span> <span class='ocrx_word' id='word_1_623' title='bbox 2402 3985 2511 4038; x_wconf 84' lang='grc' dir='ltr'><strong>τῶν</strong></span> <span class='ocrx_word' id='word_1_624' title='bbox 2555 3983 2896 4053; x_wconf 84' lang='grc' dir='ltr'>τελουμένων</span> <span class='ocrx_word' id='word_1_625' title='bbox 2953 3981 3175 4050; x_wconf 77' lang='grc' dir='ltr'>θεωρία.</span> <span class='ocrx_word' id='word_1_626' title='bbox 3214 3979 3409 4032; x_wconf 82' lang='grc' dir='ltr'>Δίδωσι</span> <span class='ocrx_word' id='word_1_627' title='bbox 3437 3979 3534 4050; x_wconf 82' lang='grc' dir='ltr'><strong>μὲν</strong></span> <span class='ocrx_word' id='word_1_628' title='bbox 3561 3977 3667 4046; x_wconf 77' lang='grc' dir='ltr'>γὰρ</span> <span class='ocrx_word' id='word_1_629' title='bbox 3693 3978 3770 4029; x_wconf 71' lang='grc' dir='ltr'>τὰ</span> 
     </span>
    </p>
   </div>
   <div class='ocr_carea' id='block_1_84' title="bbox 2189 4069 3772 4144">
    <p class='ocr_par' dir='ltr' id='par_1_84' title="bbox 2189 4069 3772 4144">
     <span class='ocr_line' id='line_1_84' title="bbox 2189 4069 3772 4144; baseline -0.008 -11"><span class='ocrx_word' id='word_1_630' title='bbox 2189 4083 2333 4134; x_wconf 72' lang='grc' dir='ltr'>ἄνω·</span> <span class='ocrx_word' id='word_1_631' title='bbox 2371 4077 2582 4130; x_wconf 80' lang='grc' dir='ltr'>ἐκεῖθεν</span> <span class='ocrx_word' id='word_1_632' title='bbox 2629 4077 2738 4144; x_wconf 80' lang='grc' dir='ltr'><strong>γὰρ</strong></span> <span class='ocrx_word' id='word_1_633' title='bbox 2790 4074 2882 4126; x_wconf 78' lang='grc' dir='ltr'><strong>καὶ</strong></span> <span class='ocrx_word' id='word_1_634' title='bbox 2933 4075 3067 4143; x_wconf 79' lang='grc' dir='ltr'>πρὸς</span> <span class='ocrx_word' id='word_1_635' title='bbox 3115 4072 3252 4125; x_wconf 77' lang='grc' dir='ltr'>αὐτὰ</span> <span class='ocrx_word' id='word_1_636' title='bbox 3313 4072 3564 4140; x_wconf 85' lang='grc' dir='ltr'>μετάγων</span> <span class='ocrx_word' id='word_1_637' title='bbox 3597 4069 3772 4140; x_wconf 81' lang='grc' dir='ltr'>ἡμᾶς,</span> 
     </span>
    </p>
   </div>
   <div class='ocr_carea' id='block_1_85' title="bbox 2191 4161 3778 4242">
    <p class='ocr_par' dir='ltr' id='par_1_85' title="bbox 2191 4161 3778 4242">
     <span class='ocr_line' id='line_1_85' title="bbox 2191 4161 3778 4242; baseline -0.01 -17"><span class='ocrx_word' id='word_1_638' title='bbox 2191 4174 2528 4242; x_wconf 72' lang='grc' dir='ltr'>παρεγένετο</span> <span class='ocrx_word' id='word_1_639' title='bbox 2548 4187 2559 4198; x_wconf 90' lang='grc'>·</span> <span class='ocrx_word' id='word_1_640' title='bbox 2595 4166 2800 4239; x_wconf 76' lang='grc' dir='ltr'>βαδίζει</span> <span class='ocrx_word' id='word_1_641' title='bbox 2836 4167 2892 4218; x_wconf 83' lang='grc' dir='ltr'>δὲ</span> <span class='ocrx_word' id='word_1_642' title='bbox 2922 4167 3016 4217; x_wconf 76' lang='grc' dir='ltr'><strong>καὶ</strong></span> <span class='ocrx_word' id='word_1_643' title='bbox 3044 4163 3134 4216; x_wconf 75' lang='grc' dir='ltr'><strong>διὰ</strong></span> <span class='ocrx_word' id='word_1_644' title='bbox 3175 4163 3282 4216; x_wconf 87' lang='grc' dir='ltr'><strong>τῶν</strong></span> <span class='ocrx_word' id='word_1_645' title='bbox 3314 4161 3636 4224; x_wconf 82' lang='grc' dir='ltr'>κατωτάτω,</span> <span class='ocrx_word' id='word_1_646' title='bbox 3667 4174 3778 4230; x_wconf 80' lang='grc' dir='ltr'><strong>μη-</strong></span> 
     </span>
    </p>
   </div>
   <div class='ocr_carea' id='block_1_86' title="bbox 2187 4253 3779 4329">
    <p class='ocr_par' dir='ltr' id='par_1_86' title="bbox 2187 4253 3779 4329">
     <span class='ocr_line' id='line_1_86' title="bbox 2187 4253 3779 4329; baseline -0.008 -11"><span class='ocrx_word' id='word_1_647' title='bbox 2187 4266 2274 4318; x_wconf 76' lang='grc' dir='ltr'>δὲν</span> <span class='ocrx_word' id='word_1_648' title='bbox 2314 4263 2570 4318; x_wconf 76' lang='grc' dir='ltr'>ταπεινὸν</span> <span class='ocrx_word' id='word_1_649' title='bbox 2609 4262 2817 4315; x_wconf 79' lang='grc' dir='ltr'>ἐκεῖθεν</span> <span class='ocrx_word' id='word_1_650' title='bbox 2873 4258 3320 4329; x_wconf 83' lang='grc' dir='ltr'>προσκτώμενος,</span> <span class='ocrx_word' id='word_1_651' title='bbox 3380 4256 3468 4308; x_wconf 82' lang='grc' dir='ltr'>ἵνα</span> <span class='ocrx_word' id='word_1_652' title='bbox 3515 4253 3779 4306; x_wconf 85' lang='grc' dir='ltr'>κακεῖοεν</span> 
     </span>
    </p>
   </div>
   <div class='ocr_carea' id='block_1_87' title="bbox 2185 4345 3773 4427">
    <p class='ocr_par' dir='ltr' id='par_1_87' title="bbox 2185 4345 3773 4427">
     <span class='ocr_line' id='line_1_87' title="bbox 2185 4345 3773 4427; baseline -0.008 -16"><span class='ocrx_word' id='word_1_653' title='bbox 2185 4359 2326 4427; x_wconf 77' lang='grc' dir='ltr'>ὀφθῇ</span> <span class='ocrx_word' id='word_1_654' title='bbox 2355 4357 2415 4409; x_wconf 84' lang='grc' dir='ltr'><strong>τὸ</strong></span> <span class='ocrx_word' id='word_1_655' title='bbox 2444 4357 2710 4423; x_wconf 88' lang='grc' dir='ltr'>σωτήριον</span> <span class='ocrx_word' id='word_1_656' title='bbox 2731 4351 2824 4404; x_wconf 78' lang='grc' dir='ltr'>τοῦ</span> <span class='ocrx_word' id='word_1_657' title='bbox 2858 4349 3015 4403; x_wconf 80' lang='grc' dir='ltr'>Θεοῦ.</span> <span class='ocrx_word' id='word_1_658' title='bbox 3057 4350 3225 4401; x_wconf 84' lang='grc' dir='ltr'>Ὅταν</span> <span class='ocrx_word' id='word_1_659' title='bbox 3254 4346 3493 4415; x_wconf 78' lang='grc' dir='ltr'>ἀκούσῃς</span> <span class='ocrx_word' id='word_1_660' title='bbox 3526 4345 3773 4414; x_wconf 79' lang='grc' dir='ltr'>βοῶντα·</span> 
     </span>
    </p>
   </div>
   <div class='ocr_carea' id='block_1_88' title="bbox 2188 4434 3779 4518">
    <p class='ocr_par' dir='ltr' id='par_1_88' title="bbox 2188 4434 3779 4518">
     <span class='ocr_line' id='line_1_88' title="bbox 2188 4434 3779 4518; baseline -0.012 -14"><span class='ocrx_word' id='word_1_661' title='bbox 2188 4453 2294 4504; x_wconf 83' lang='grc' dir='ltr'><strong>Θεέ</strong></span> <span class='ocrx_word' id='word_1_662' title='bbox 2342 4467 2482 4518; x_wconf 85' lang='grc' dir='ltr'>μου,</span> <span class='ocrx_word' id='word_1_663' title='bbox 2534 4446 2642 4500; x_wconf 82' lang='grc' dir='ltr'>Θεέ</span> <span class='ocrx_word' id='word_1_664' title='bbox 2691 4463 2832 4513; x_wconf 80' lang='grc' dir='ltr'>μου,</span> <span class='ocrx_word' id='word_1_665' title='bbox 2893 4443 3048 4495; x_wconf 75' lang='grc' dir='ltr'>Ινατί</span> <span class='ocrx_word' id='word_1_666' title='bbox 3095 4458 3172 4509; x_wconf 85' lang='grc' dir='ltr'><strong>με</strong></span> <span class='ocrx_word' id='word_1_667' title='bbox 3213 4437 3638 4508; x_wconf 74' lang='grc' dir='ltr'>ἑγκατέλιπες;</span> <span class='ocrx_word' id='word_1_668' title='bbox 3696 4434 3779 4507; x_wconf 72' lang='grc' dir='ltr'>μὴ</span> 
     </span>
    </p>
   </div>
   <div class='ocr_carea' id='block_1_89' title="bbox 2187 4529 3781 4612">
    <p class='ocr_par' dir='ltr' id='par_1_89' title="bbox 2187 4529 3781 4612">
     <span class='ocr_line' id='line_1_89' title="bbox 2187 4529 3781 4612; baseline -0.009 -16"><span class='ocrx_word' id='word_1_669' title='bbox 2187 4541 2597 4612; x_wconf 82' lang='grc' dir='ltr'>συναρπασθῇς.</span> <span class='ocrx_word' id='word_1_670' title='bbox 2644 4538 2772 4607; x_wconf 80' lang='grc' dir='ltr'>Βοᾷ,</span> <span class='ocrx_word' id='word_1_671' title='bbox 2831 4533 2937 4590; x_wconf 80' lang='grc' dir='ltr'>Θεέ</span> <span class='ocrx_word' id='word_1_672' title='bbox 2990 4551 3132 4604; x_wconf 82' lang='grc' dir='ltr'>μου,</span> <span class='ocrx_word' id='word_1_673' title='bbox 3171 4533 3327 4587; x_wconf 68' lang='lat' dir='ltr'><strong>(rati</strong></span> <span class='ocrx_word' id='word_1_674' title='bbox 3361 4547 3436 4600; x_wconf 79' lang='grc' dir='ltr'><strong>με</strong></span> <span class='ocrx_word' id='word_1_675' title='bbox 3468 4529 3781 4599; x_wconf 72' lang='grc' dir='ltr'>ἐγκατέλι-</span> 
     </span>
    </p>
   </div>
   <div class='ocr_carea' id='block_1_90' title="bbox 1841 4691 2526 4748">
    <p class='ocr_par' dir='ltr' id='par_1_90' title="bbox 1841 4691 2526 4748">
     <span class='ocr_line' id='line_1_90' title="bbox 1841 4691 2526 4748; baseline 0.003 -2"><span class='ocrx_word' id='word_1_676' title='bbox 1841 4691 2076 4748; x_wconf 66' lang='grc' dir='ltr'>νΑιιιΑῑ</span> <span class='ocrx_word' id='word_1_677' title='bbox 2119 4692 2526 4748; x_wconf 79' lang='lat' dir='ltr'><strong>LECTIONES.</strong></span> 
     </span>
    </p>
   </div>
   <div class='ocr_carea' id='block_1_91' title="bbox 605 4777 1716 4855">
    <p class='ocr_par' dir='ltr' id='par_1_91' title="bbox 605 4777 1716 4855">
     <span class='ocr_line' id='line_1_91' title="bbox 605 4777 1716 4855; baseline -0.001 -17"><span class='ocrx_word' id='word_1_678' title='bbox 605 4790 628 4819; x_wconf 68' lang='grc' dir='ltr'><em>κ</em></span> <span class='ocrx_word' id='word_1_679' title='bbox 652 4785 739 4838; x_wconf 86' lang='lat' dir='ltr'><strong>ed.</strong></span> <span class='ocrx_word' id='word_1_680' title='bbox 764 4777 959 4855; x_wconf 72' lang='grc' dir='ltr'>οὗπερ,</span> <span class='ocrx_word' id='word_1_681' title='bbox 1037 4785 1064 4814; x_wconf 78' lang='grc'><strong><em>⁸</em></strong></span> <span class='ocrx_word' id='word_1_682' title='bbox 1098 4784 1186 4841; x_wconf 73' lang='lat' dir='ltr'><strong>ed.</strong></span> <span class='ocrx_word' id='word_1_683' title='bbox 1210 4784 1410 4840; x_wconf 76' lang='grc' dir='ltr'>λαϐὼν.</span> <span class='ocrx_word' id='word_1_684' title='bbox 1489 4784 1517 4824; x_wconf 79' lang='grc'><strong>¹³</strong></span> <span class='ocrx_word' id='word_1_685' title='bbox 1540 4783 1628 4839; x_wconf 80' lang='lat' dir='ltr'><strong>et].</strong></span> 
     </span>
    </p>
   </div>
   <div class='ocr_carea' id='block_1_92' title="bbox 1797 4787 2107 4840">
    <p class='ocr_par' dir='ltr' id='par_1_92' title="bbox 1797 4787 2107 4840">
     <span class='ocr_line' id='line_1_92' title="bbox 1797 4787 2107 4840; baseline -0.003 0"><span class='ocrx_word' id='word_1_686' title='bbox 1797 4798 1818 4824; x_wconf 75' lang='grc' dir='ltr'><strong>ε</strong></span> <span class='ocrx_word' id='word_1_687' title='bbox 1844 4787 1931 4840; x_wconf 91' lang='lat' dir='ltr'><strong>cd.</strong></span> <span class='ocrx_word' id='word_1_688' title='bbox 1958 4787 2107 4839; x_wconf 77' lang='grc' dir='ltr'>αὑτό.</span> 
     </span>
    </p>
   </div>
   <div class='ocr_carea' id='block_1_93' title="bbox 2007 4878 2234 4935">
    <p class='ocr_par' dir='ltr' id='par_1_93' title="bbox 2007 4878 2234 4935">
     <span class='ocr_line' id='line_1_93' title="bbox 2007 4878 2234 4935; baseline 0.013 -3"><span class='ocrx_word' id='word_1_689' title='bbox 2007 4878 2234 4935; x_wconf 63' lang='lat' dir='ltr'><strong>NOTAE.</strong></span> 
     </span>
    </p>
   </div>
   <div class='ocr_carea' id='block_1_94' title="bbox 501 4966 2071 5043">
    <p class='ocr_par' dir='ltr' id='par_1_94' title="bbox 501 4966 2071 5043">
     <span class='ocr_line' id='line_1_94' title="bbox 501 4966 2071 5043; baseline -0.002 -15"><span class='ocrx_word' id='word_1_690' title='bbox 501 4968 763 5028; x_wconf 73' lang='lat' dir='ltr'><strong>Israelita:</strong></span> <span class='ocrx_word' id='word_1_691' title='bbox 790 4969 997 5043; x_wconf 77' lang='lat' dir='ltr'><strong>dimissi</strong></span> <span class='ocrx_word' id='word_1_692' title='bbox 1031 4968 1285 5025; x_wconf 77' lang='lat' dir='ltr'><strong>inissent.</strong></span> <span class='ocrx_word' id='word_1_693' title='bbox 1329 4966 1448 5027; x_wconf 85' lang='lat' dir='ltr'><strong>Non</strong></span> <span class='ocrx_word' id='word_1_694' title='bbox 1481 4987 1610 5043; x_wconf 84' lang='lat' dir='ltr'><strong>ergo</strong></span> <span class='ocrx_word' id='word_1_695' title='bbox 1637 4982 1772 5043; x_wconf 84' lang='lat' dir='ltr'><strong>apte</strong></span> <span class='ocrx_word' id='word_1_696' title='bbox 1798 4975 2071 5043; x_wconf 80' lang='lat' dir='ltr'><strong>interpres</strong></span> 
     </span>
    </p>
   </div>
   <div class='ocr_carea' id='block_1_95' title="bbox 498 5040 2072 5112">
    <p class='ocr_par' dir='ltr' id='par_1_95' title="bbox 498 5040 2072 5112">
     <span class='ocr_line' id='line_1_95' title="bbox 498 5040 2072 5112; baseline -0.003 -15"><span class='ocrx_word' id='word_1_697' title='bbox 498 5053 774 5098; x_wconf 86' lang='lat' dir='ltr'><strong>auctorem</strong></span> <span class='ocrx_word' id='word_1_698' title='bbox 817 5040 1070 5112; x_wconf 70' lang='lat' dir='ltr'><strong>_in_t_rieat,</strong></span> <span class='ocrx_word' id='word_1_699' title='bbox 1139 5057 1262 5094; x_wconf 91' lang='lat' dir='ltr'><strong>cum</strong></span> <span class='ocrx_word' id='word_1_700' title='bbox 1321 5040 1565 5112; x_wconf 63' lang='lat' dir='ltr'><strong>corrigit</strong></span> <span class='ocrx_word' id='word_1_701' title='bbox 1610 5043 1696 5095; x_wconf 78' lang='grc' dir='ltr'>ἐπ’</span> <span class='ocrx_word' id='word_1_702' title='bbox 1729 5041 2004 5110; x_wconf 73' lang='grc' dir='ltr'>ἀλλήλοις,</span> <span class='ocrx_word' id='word_1_703' title='bbox 2040 5040 2072 5111; x_wconf 82' lang='grc' dir='ltr'><strong>ἥ</strong></span> 
     </span>
    </p>
   </div>
   <div class='ocr_carea' id='block_1_96' title="bbox 495 5108 2070 5178">
    <p class='ocr_par' dir='ltr' id='par_1_96' title="bbox 495 5108 2070 5178">
     <span class='ocr_line' id='line_1_96' title="bbox 495 5108 2070 5178; baseline -0.003 -8"><span class='ocrx_word' id='word_1_704' title='bbox 495 5115 687 5174; x_wconf 82' lang='grc' dir='ltr'>ἄλλαις</span> <span class='ocrx_word' id='word_1_705' title='bbox 744 5110 831 5162; x_wconf 81' lang='grc' dir='ltr'>ἐπ’</span> <span class='ocrx_word' id='word_1_706' title='bbox 863 5108 1082 5170; x_wconf 78' lang='grc' dir='ltr'>ἄλλαις·</span> <span class='ocrx_word' id='word_1_707' title='bbox 1144 5113 1288 5178; x_wconf 86' lang='lat' dir='ltr'><strong>quod</strong></span> <span class='ocrx_word' id='word_1_708' title='bbox 1330 5108 1497 5166; x_wconf 68' lang='lat' dir='ltr'><strong>suuni</strong></span> <span class='ocrx_word' id='word_1_709' title='bbox 1529 5114 1710 5166; x_wconf 91' lang='lat' dir='ltr'><strong>minus</strong></span> <span class='ocrx_word' id='word_1_710' title='bbox 1767 5108 2070 5173; x_wconf 68' lang='lat' dir='ltr'><strong>conterens,</strong></span> 
     </span>
    </p>
   </div>
   <div class='ocr_carea' id='block_1_97' title="bbox 502 5181 2071 5257">
    <p class='ocr_par' dir='ltr' id='par_1_97' title="bbox 502 5181 2071 5257">
     <span class='ocr_line' id='line_1_97' title="bbox 502 5181 2071 5257; baseline -0.001 -21"><span class='ocrx_word' id='word_1_711' title='bbox 502 5203 598 5257; x_wconf 86' lang='lat' dir='ltr'><strong>pro</strong></span> <span class='ocrx_word' id='word_1_712' title='bbox 631 5181 880 5257; x_wconf 80' lang='lat' dir='ltr'><strong>auctoris</strong></span> <span class='ocrx_word' id='word_1_713' title='bbox 920 5181 1331 5257; x_wconf 62' lang='lat' dir='ltr'><strong>coha’rentibns</strong></span> <span class='ocrx_word' id='word_1_714' title='bbox 1360 5182 1670 5257; x_wconf 70' lang='lat' dir='ltr'><strong>reddit._&#39;l‘_o</strong></span> <span class='ocrx_word' id='word_1_715' title='bbox 1695 5183 2071 5257; x_wconf 72' lang='grc' dir='ltr'>καλουμένοις,</span> 
     </span>
    </p>
   </div>
   <div class='ocr_carea' id='block_1_98' title="bbox 499 5250 2071 5326">
    <p class='ocr_par' dir='ltr' id='par_1_98' title="bbox 499 5250 2071 5326">
     <span class='ocr_line' id='line_1_98' title="bbox 499 5250 2071 5326; baseline -0.004 -15"><span class='ocrx_word' id='word_1_716' title='bbox 499 5250 651 5326; x_wconf 80' lang='lat' dir='ltr'><strong>quod</strong></span> <span class='ocrx_word' id='word_1_717' title='bbox 676 5252 878 5306; x_wconf 90' lang='lat' dir='ltr'><strong>habent</strong></span> <span class='ocrx_word' id='word_1_718' title='bbox 901 5250 1062 5309; x_wconf 76' lang='lat' dir='ltr'><strong>edita,</strong></span> <span class='ocrx_word' id='word_1_719' title='bbox 1088 5268 1152 5326; x_wconf 75' lang='lat' dir='ltr'><strong>ac</strong></span> <span class='ocrx_word' id='word_1_720' title='bbox 1178 5253 1470 5326; x_wconf 12' lang='lat' dir='ltr'><strong>Gt-etiserns</strong></span> <span class='ocrx_word' id='word_1_721' title='bbox 1496 5253 1694 5326; x_wconf 83' lang='lat' dir='ltr'><strong>reddit,</strong></span> <span class='ocrx_word' id='word_1_722' title='bbox 1725 5250 2071 5320; x_wconf 32' lang='lat' dir='ltr'><strong>nihil’aptnm</strong></span> 
     </span>
    </p>
   </div>
   <div class='ocr_carea' id='block_1_99' title="bbox 497 5323 2076 5393">
    <p class='ocr_par' dir='ltr' id='par_1_99' title="bbox 497 5323 2076 5393">
     <span class='ocr_line' id='line_1_99' title="bbox 497 5323 2076 5393; baseline -0.004 -12"><span class='ocrx_word' id='word_1_723' title='bbox 497 5323 580 5382; x_wconf 77' lang='lat' dir='ltr'><strong>est</strong></span> <span class='ocrx_word' id='word_1_724' title='bbox 600 5369 614 5389; x_wconf 96' lang='lat'><strong>,</strong></span> <span class='ocrx_word' id='word_1_725' title='bbox 644 5325 781 5377; x_wconf 91' lang='lat' dir='ltr'><strong>bene</strong></span> <span class='ocrx_word' id='word_1_726' title='bbox 807 5328 986 5374; x_wconf 88' lang='lat' dir='ltr'><strong>autem</strong></span> <span class='ocrx_word' id='word_1_727' title='bbox 1011 5325 1155 5388; x_wconf 89' lang='lat' dir='ltr'><strong>quod</strong></span> <span class='ocrx_word' id='word_1_728' title='bbox 1182 5340 1246 5376; x_wconf 83' lang='lat' dir='ltr'><strong>ex</strong></span> <span class='ocrx_word' id='word_1_729' title='bbox 1285 5323 1452 5393; x_wconf 78' lang='lat' dir='ltr'><strong>ltegio</strong></span> <span class='ocrx_word' id='word_1_730' title='bbox 1474 5325 1844 5386; x_wconf 89' lang='lat' dir='ltr'><strong>restituimus,</strong></span> <span class='ocrx_word' id='word_1_731' title='bbox 1874 5339 2076 5375; x_wconf 83' lang='grc' dir='ltr'>κακου-</span> 
     </span>
    </p>
   </div>
   <div class='ocr_carea' id='block_1_100' title="bbox 503 5394 2075 5463">
    <p class='ocr_par' dir='ltr' id='par_1_100' title="bbox 503 5394 2075 5463">
     <span class='ocr_line' id='line_1_100' title="bbox 503 5394 2075 5463; baseline -0.001 -16"><span class='ocrx_word' id='word_1_732' title='bbox 503 5409 713 5463; x_wconf 78' lang='grc' dir='ltr'>μενοις·</span> <span class='ocrx_word' id='word_1_733' title='bbox 738 5407 846 5461; x_wconf 87' lang='lat' dir='ltr'><strong>qua</strong></span> <span class='ocrx_word' id='word_1_734' title='bbox 888 5405 1020 5463; x_wconf 66' lang='lat' dir='ltr'><strong>Voce</strong></span> <span class='ocrx_word' id='word_1_735' title='bbox 1056 5394 1262 5457; x_wconf 71' lang='lat' dir='ltr'><strong>passim</strong></span> <span class='ocrx_word' id='word_1_736' title='bbox 1297 5403 1654 5452; x_wconf 87' lang='lat' dir='ltr'><strong>tractatores,</strong></span> <span class='ocrx_word' id='word_1_737' title='bbox 1677 5394 1901 5463; x_wconf 78' lang='lat' dir='ltr'><strong>ipseque</strong></span> <span class='ocrx_word' id='word_1_738' title='bbox 1943 5409 2075 5462; x_wconf 93' lang='lat' dir='ltr'><strong>pro-</strong></span> 
     </span>
    </p>
   </div>
   <div class='ocr_carea' id='block_1_101' title="bbox 501 5460 2076 5534">
    <p class='ocr_par' dir='ltr' id='par_1_101' title="bbox 501 5460 2076 5534">
     <span class='ocr_line' id='line_1_101' title="bbox 501 5460 2076 5534; baseline -0.001 -16"><span class='ocrx_word' id='word_1_739' title='bbox 501 5460 646 5518; x_wconf 72' lang='lat' dir='ltr'><strong>itime</strong></span> <span class='ocrx_word' id='word_1_740' title='bbox 672 5460 798 5525; x_wconf 79' lang='lat' dir='ltr'><strong>Leo,</strong></span> <span class='ocrx_word' id='word_1_741' title='bbox 825 5460 965 5514; x_wconf 83' lang='lat' dir='ltr'><strong>mala</strong></span> <span class='ocrx_word' id='word_1_742' title='bbox 999 5465 1340 5528; x_wconf 80' lang='lat' dir='ltr'><strong>captivitatis</strong></span> <span class='ocrx_word' id='word_1_743' title='bbox 1374 5463 1729 5520; x_wconf 62' lang='lat' dir='ltr'><strong>Hebraeorum</strong></span> <span class='ocrx_word' id='word_1_744' title='bbox 1756 5465 1810 5516; x_wconf 90' lang='lat' dir='ltr'><strong>in</strong></span> <span class='ocrx_word' id='word_1_745' title='bbox 1843 5460 2076 5534; x_wconf 60' lang='lat' dir='ltr'><strong>Aigypto</strong></span> 
     </span>
    </p>
   </div>
   <div class='ocr_carea' id='block_1_102' title="bbox 501 5536 831 5589">
    <p class='ocr_par' dir='ltr' id='par_1_102' title="bbox 501 5536 831 5589">
     <span class='ocr_line' id='line_1_102' title="bbox 501 5536 831 5589; baseline -0.006 0"><span class='ocrx_word' id='word_1_746' title='bbox 501 5536 831 5589; x_wconf 79' lang='lat' dir='ltr'><strong>emrimnnt.</strong></span> 
     </span>
    </p>
   </div>
   <div class='ocr_carea' id='block_1_103' title="bbox 573 5549 2068 5676">
    <p class='ocr_par' dir='ltr' id='par_1_103' title="bbox 573 5549 2068 5676">
     <span class='ocr_line' id='line_1_103' title="bbox 573 5549 2068 5676; baseline -0.005 -10"><span class='ocrx_word' id='word_1_747' title='bbox 573 5549 936 5676; x_wconf 43' lang='grc' dir='ltr'><strong>Γὲὶςηὶᾨῗὲοηε</strong></span> <span class='ocrx_word' id='word_1_748' title='bbox 983 5605 1194 5676; x_wconf 75' lang='lat' dir='ltr'><strong>fixionis</strong></span> <span class='ocrx_word' id='word_1_749' title='bbox 1226 5605 1279 5676; x_wconf 77' lang='lat' dir='ltr'><strong>in</strong></span> <span class='ocrx_word' id='word_1_750' title='bbox 1307 5606 1436 5659; x_wconf 73' lang='lat' dir='ltr'><strong>imo.</strong></span> <span class='ocrx_word' id='word_1_751' title='bbox 1472 5600 1572 5657; x_wconf 81' lang='grc' dir='ltr'><strong>Διὰ</strong></span> <span class='ocrx_word' id='word_1_752' title='bbox 1594 5600 1692 5674; x_wconf 79' lang='grc' dir='ltr'><strong>τὴν</strong></span> <span class='ocrx_word' id='word_1_753' title='bbox 1717 5603 1865 5658; x_wconf 84' lang='grc' dir='ltr'>κάτω</span> <span class='ocrx_word' id='word_1_754' title='bbox 1887 5603 2068 5674; x_wconf 79' lang='grc' dir='ltr'>πῆξιν.</span> 
     </span>
    </p>
   </div>
   <div class='ocr_carea' id='block_1_104' title="bbox 508 5670 2070 5744">
    <p class='ocr_par' dir='ltr' id='par_1_104' title="bbox 508 5670 2070 5744">
     <span class='ocr_line' id='line_1_104' title="bbox 508 5670 2070 5744; baseline -0.003 -12"><span class='ocrx_word' id='word_1_755' title='bbox 508 5670 799 5744; x_wconf 69' lang='lat' dir='ltr'><strong>Distillgllit</strong></span> <span class='ocrx_word' id='word_1_756' title='bbox 831 5670 1103 5732; x_wconf 69' lang='lat' dir='ltr'><strong>subtiliter</strong></span> <span class='ocrx_word' id='word_1_757' title='bbox 1137 5674 1280 5744; x_wconf 80' lang='lat' dir='ltr'><strong>quod</strong></span> <span class='ocrx_word' id='word_1_758' title='bbox 1325 5676 1498 5730; x_wconf 84' lang='lat' dir='ltr'><strong>nostri</strong></span> <span class='ocrx_word' id='word_1_759' title='bbox 1529 5670 1765 5743; x_wconf 77' lang='lat' dir='ltr'><strong>theologi</strong></span> <span class='ocrx_word' id='word_1_760' title='bbox 1805 5670 2070 5728; x_wconf 80' lang='lat' dir='ltr'><strong>rationem</strong></span> 
     </span>
    </p>
   </div>
   <div class='ocr_carea' id='block_1_105' title="bbox 506 5740 2068 5813">
    <p class='ocr_par' dir='ltr' id='par_1_105' title="bbox 506 5740 2068 5813">
     <span class='ocr_line' id='line_1_105' title="bbox 506 5740 2068 5813; baseline 0 -15"><span class='ocrx_word' id='word_1_761' title='bbox 506 5740 867 5813; x_wconf 66' lang='lat' dir='ltr'><strong>fundamenti,</strong></span> <span class='ocrx_word' id='word_1_762' title='bbox 911 5756 967 5801; x_wconf 87' lang='lat' dir='ltr'><strong>et</strong></span> <span class='ocrx_word' id='word_1_763' title='bbox 993 5740 1246 5801; x_wconf 78' lang='lat' dir='ltr'><strong>virtutem</strong></span> <span class='ocrx_word' id='word_1_764' title='bbox 1303 5745 1588 5807; x_wconf 83' lang='lat' dir='ltr'><strong>fundantli,</strong></span> <span class='ocrx_word' id='word_1_765' title='bbox 1627 5740 1789 5800; x_wconf 81' lang='lat' dir='ltr'><strong>habet</strong></span> <span class='ocrx_word' id='word_1_766' title='bbox 1834 5748 2068 5813; x_wconf 87' lang='lat' dir='ltr'><strong>primtnn</strong></span> 
     </span>
    </p>
   </div>
   <div class='ocr_carea' id='block_1_106' title="bbox 506 5809 2069 5883">
    <p class='ocr_par' dir='ltr' id='par_1_106' title="bbox 506 5809 2069 5883">
     <span class='ocr_line' id='line_1_106' title="bbox 506 5809 2069 5883; baseline -0.001 -17"><span class='ocrx_word' id='word_1_767' title='bbox 506 5809 756 5883; x_wconf 69' lang='lat' dir='ltr'><strong>(lin-istim</strong></span> <span class='ocrx_word' id='word_1_768' title='bbox 798 5809 1004 5883; x_wconf 64' lang='lat' dir='ltr'><strong>ratione</strong></span> <span class='ocrx_word' id='word_1_769' title='bbox 1045 5813 1421 5877; x_wconf 79' lang='lat' dir='ltr'><strong>humanitatis,</strong></span> <span class='ocrx_word' id='word_1_770' title='bbox 1483 5829 1604 5883; x_wconf 70' lang='lat' dir='ltr'><strong>quae</strong></span> <span class='ocrx_word' id='word_1_771' title='bbox 1645 5823 1729 5869; x_wconf 85' lang='lat' dir='ltr'><strong>est</strong></span> <span class='ocrx_word' id='word_1_772' title='bbox 1785 5809 1876 5868; x_wconf 77' lang='lat' dir='ltr'><strong>illa</strong></span> <span class='ocrx_word' id='word_1_773' title='bbox 1919 5815 2069 5866; x_wconf 69' lang='grc' dir='ltr'>κάτω</span> 
     </span>
    </p>
   </div>
   <div class='ocr_carea' id='block_1_107' title="bbox 511 5875 2065 5956">
    <p class='ocr_par' dir='ltr' id='par_1_107' title="bbox 511 5875 2065 5956">
     <span class='ocr_line' id='line_1_107' title="bbox 511 5875 2065 5956; baseline -0.002 -13"><span class='ocrx_word' id='word_1_774' title='bbox 511 5881 698 5953; x_wconf 71' lang='grc' dir='ltr'><strong>πῆξις·</strong></span> <span class='ocrx_word' id='word_1_775' title='bbox 737 5875 883 5940; x_wconf 66' lang='lat' dir='ltr'><strong>Velut</strong></span> <span class='ocrx_word' id='word_1_776' title='bbox 908 5887 1033 5949; x_wconf 77' lang='grc' dir='ltr'>ίιιια,</span> <span class='ocrx_word' id='word_1_777' title='bbox 1071 5903 1128 5940; x_wconf 82' lang='lat' dir='ltr'><strong>uc</strong></span> <span class='ocrx_word' id='word_1_778' title='bbox 1163 5889 1212 5938; x_wconf 83' lang='lat' dir='ltr'><strong>in</strong></span> <span class='ocrx_word' id='word_1_779' title='bbox 1251 5875 1416 5940; x_wconf 63' lang='lat' dir='ltr'><strong>terris</strong></span> <span class='ocrx_word' id='word_1_780' title='bbox 1450 5875 1576 5954; x_wconf 69' lang='grc' dir='ltr'><strong>[ἑνί-ἑο</strong></span> <span class='ocrx_word' id='word_1_781' title='bbox 1625 5888 1905 5956; x_wconf 77' lang='lat' dir='ltr'><strong>fictioqttc;</strong></span> <span class='ocrx_word' id='word_1_782' title='bbox 1935 5887 2065 5940; x_wconf 85' lang='lat' dir='ltr'><strong>alte-</strong></span> 
     </span>
    </p>
   </div>
   <div class='ocr_carea' id='block_1_108' title="bbox 2185 4968 3781 5042">
    <p class='ocr_par' dir='ltr' id='par_1_108' title="bbox 2185 4968 3781 5042">
     <span class='ocr_line' id='line_1_108' title="bbox 2185 4968 3781 5042; baseline -0.003 -16"><span class='ocrx_word' id='word_1_783' title='bbox 2185 4989 2306 5026; x_wconf 89' lang='lat' dir='ltr'><strong>rum</strong></span> <span class='ocrx_word' id='word_1_784' title='bbox 2337 4972 2499 5028; x_wconf 82' lang='lat' dir='ltr'><strong>habet</strong></span> <span class='ocrx_word' id='word_1_785' title='bbox 2543 4989 2784 5042; x_wconf 84' lang='lat' dir='ltr'><strong>superna</strong></span> <span class='ocrx_word' id='word_1_786' title='bbox 2834 4990 2896 5026; x_wconf 88' lang='lat' dir='ltr'><strong>ac</strong></span> <span class='ocrx_word' id='word_1_787' title='bbox 2931 4973 3153 5026; x_wconf 90' lang='lat' dir='ltr'><strong>deitatis</strong></span> <span class='ocrx_word' id='word_1_788' title='bbox 3177 4971 3418 5024; x_wconf 91' lang='lat' dir='ltr'><strong>virtute:</strong></span> <span class='ocrx_word' id='word_1_789' title='bbox 3459 4969 3605 5042; x_wconf 75' lang='lat' dir='ltr'><strong>quod</strong></span> <span class='ocrx_word' id='word_1_790' title='bbox 3641 4968 3781 5022; x_wconf 89' lang='lat' dir='ltr'><strong>ulti-</strong></span> 
     </span>
    </p>
   </div>
   <div class='ocr_carea' id='block_1_109' title="bbox 2183 5040 3776 5120">
    <p class='ocr_par' dir='ltr' id='par_1_109' title="bbox 2183 5040 3776 5120">
     <span class='ocr_line' id='line_1_109' title="bbox 2183 5040 3776 5120; baseline -0.003 -24"><span class='ocrx_word' id='word_1_791' title='bbox 2183 5061 2330 5096; x_wconf 89' lang='lat' dir='ltr'><strong>mum</strong></span> <span class='ocrx_word' id='word_1_792' title='bbox 2376 5044 2587 5114; x_wconf 89' lang='lat' dir='ltr'><strong>integre</strong></span> <span class='ocrx_word' id='word_1_793' title='bbox 2607 5040 2905 5120; x_wconf 41' lang='lat' dir='ltr'><strong>:omissnm</strong></span> <span class='ocrx_word' id='word_1_794' title='bbox 2962 5044 3030 5120; x_wconf 85' lang='lat' dir='ltr'><strong>ab</strong></span> <span class='ocrx_word' id='word_1_795' title='bbox 3057 5046 3377 5120; x_wconf 61' lang='lat' dir='ltr'><strong>interprete,</strong></span> <span class='ocrx_word' id='word_1_796' title='bbox 3419 5040 3568 5120; x_wconf 72' lang='lat' dir='ltr'><strong>nullo</strong></span> <span class='ocrx_word' id='word_1_797' title='bbox 3603 5054 3776 5120; x_wconf 73' lang='lat' dir='ltr'><strong>sensu</strong></span> 
     </span>
    </p>
   </div>
   <div class='ocr_carea' id='block_1_110' title="bbox 2181 5111 3776 5178">
    <p class='ocr_par' dir='ltr' id='par_1_110' title="bbox 2181 5111 3776 5178">
     <span class='ocr_line' id='line_1_110' title="bbox 2181 5111 3776 5178; baseline -0.003 -12"><span class='ocrx_word' id='word_1_798' title='bbox 2181 5116 2349 5167; x_wconf 89' lang='lat' dir='ltr'><strong>altum</strong></span> <span class='ocrx_word' id='word_1_799' title='bbox 2409 5111 2652 5168; x_wconf 77' lang='lat' dir='ltr'><strong>auctoris</strong></span> <span class='ocrx_word' id='word_1_800' title='bbox 2726 5130 2944 5168; x_wconf 72' lang='lat' dir='ltr'><strong>sensum</strong></span> <span class='ocrx_word' id='word_1_801' title='bbox 3007 5113 3207 5166; x_wconf 89' lang='lat' dir='ltr'><strong>habere</strong></span> <span class='ocrx_word' id='word_1_802' title='bbox 3263 5111 3410 5165; x_wconf 78' lang='lat' dir='ltr'><strong>facit.</strong></span> <span class='ocrx_word' id='word_1_803' title='bbox 3474 5111 3776 5178; x_wconf 79' lang='lat' dir='ltr'><strong>Sequentia</strong></span> 
     </span>
    </p>
   </div>
   <div class='ocr_carea' id='block_1_111' title="bbox 2180 5181 3774 5253">
    <p class='ocr_par' dir='ltr' id='par_1_111' title="bbox 2180 5181 3774 5253">
     <span class='ocr_line' id='line_1_111' title="bbox 2180 5181 3774 5253; baseline -0.002 -17"><span class='ocrx_word' id='word_1_804' title='bbox 2180 5199 2398 5253; x_wconf 87' lang='lat' dir='ltr'><strong>quoque</strong></span> <span class='ocrx_word' id='word_1_805' title='bbox 2425 5184 2582 5237; x_wconf 86' lang='lat' dir='ltr'><strong>valde</strong></span> <span class='ocrx_word' id='word_1_806' title='bbox 2605 5187 2838 5245; x_wconf 87' lang='lat' dir='ltr'><strong>erudita,</strong></span> <span class='ocrx_word' id='word_1_807' title='bbox 2867 5194 2924 5236; x_wconf 89' lang='lat' dir='ltr'><strong>ut.</strong></span> <span class='ocrx_word' id='word_1_808' title='bbox 2971 5183 3177 5236; x_wconf 75' lang='lat' dir='ltr'><strong>Christi</strong></span> <span class='ocrx_word' id='word_1_809' title='bbox 3204 5183 3517 5253; x_wconf 12' lang='lat' dir='ltr'><strong>vulneraiac</strong></span> <span class='ocrx_word' id='word_1_810' title='bbox 3532 5181 3774 5253; x_wconf 73' lang='lat' dir='ltr'><strong>sanguis</strong></span> 
     </span>
    </p>
   </div>
   <div class='ocr_carea' id='block_1_112' title="bbox 2183 5250 3774 5318">
    <p class='ocr_par' dir='ltr' id='par_1_112' title="bbox 2183 5250 3774 5318">
     <span class='ocr_line' id='line_1_112' title="bbox 2183 5250 3774 5318; baseline -0.002 -11"><span class='ocrx_word' id='word_1_811' title='bbox 2183 5250 2502 5308; x_wconf 10' lang='lat' dir='ltr'><strong>silitioblata</strong></span> <span class='ocrx_word' id='word_1_812' title='bbox 2528 5255 2699 5318; x_wconf 86' lang='lat' dir='ltr'><strong>Patri,</strong></span> <span class='ocrx_word' id='word_1_813' title='bbox 2738 5271 2845 5307; x_wconf 88' lang='lat' dir='ltr'><strong>non</strong></span> <span class='ocrx_word' id='word_1_814' title='bbox 2887 5254 3126 5314; x_wconf 86' lang='lat' dir='ltr'><strong>diabolo,</strong></span> <span class='ocrx_word' id='word_1_815' title='bbox 3162 5253 3380 5306; x_wconf 83' lang='lat' dir='ltr'><strong>tametsi</strong></span> <span class='ocrx_word' id='word_1_816' title='bbox 3412 5252 3668 5305; x_wconf 71' lang='lat' dir='ltr'><strong>Christus</strong></span> <span class='ocrx_word' id='word_1_817' title='bbox 3701 5250 3774 5304; x_wconf 84' lang='lat' dir='ltr'><strong>ab</strong></span> 
     </span>
    </p>
   </div>
   <div class='ocr_carea' id='block_1_113' title="bbox 2184 5321 3740 5394">
    <p class='ocr_par' dir='ltr' id='par_1_113' title="bbox 2184 5321 3740 5394">
     <span class='ocr_line' id='line_1_113' title="bbox 2184 5321 3740 5394; baseline -0.004 -17"><span class='ocrx_word' id='word_1_818' title='bbox 2184 5325 2302 5393; x_wconf 85' lang='lat' dir='ltr'><strong>ejus</strong></span> <span class='ocrx_word' id='word_1_819' title='bbox 2335 5325 2567 5379; x_wconf 90' lang='lat' dir='ltr'><strong>redemit</strong></span> <span class='ocrx_word' id='word_1_820' title='bbox 2604 5334 2909 5394; x_wconf 86' lang='lat' dir='ltr'><strong>potestate;</strong></span> <span class='ocrx_word' id='word_1_821' title='bbox 2965 5325 3162 5392; x_wconf 90' lang='lat' dir='ltr'><strong>partim</strong></span> <span class='ocrx_word' id='word_1_822' title='bbox 3197 5331 3344 5375; x_wconf 79' lang='lat' dir='ltr'><strong>textu</strong></span> <span class='ocrx_word' id='word_1_823' title='bbox 3403 5323 3585 5374; x_wconf 82' lang='lat' dir='ltr'><strong>minus</strong></span> <span class='ocrx_word' id='word_1_824' title='bbox 3621 5321 3740 5372; x_wconf 84' lang='lat' dir='ltr'><strong>inte</strong></span> 
     </span>
    </p>
   </div>
   <div class='ocr_carea' id='block_1_114' title="bbox 2183 5393 3774 5465">
    <p class='ocr_par' dir='ltr' id='par_1_114' title="bbox 2183 5393 3774 5465">
     <span class='ocr_line' id='line_1_114' title="bbox 2183 5393 3774 5465; baseline -0.004 -17"><span class='ocrx_word' id='word_1_825' title='bbox 2183 5413 2302 5465; x_wconf 76' lang='lat' dir='ltr'><strong>gro,</strong></span> <span class='ocrx_word' id='word_1_826' title='bbox 2333 5396 2528 5464; x_wconf 90' lang='lat' dir='ltr'><strong>partim</strong></span> <span class='ocrx_word' id='word_1_827' title='bbox 2572 5393 2756 5449; x_wconf 85' lang='lat' dir='ltr'><strong>minus</strong></span> <span class='ocrx_word' id='word_1_828' title='bbox 2791 5397 2946 5465; x_wconf 87' lang='lat' dir='ltr'><strong>plene</strong></span> <span class='ocrx_word' id='word_1_829' title='bbox 2983 5393 3219 5465; x_wconf 65' lang='lat' dir='ltr'><strong>reddito,</strong></span> <span class='ocrx_word' id='word_1_830' title='bbox 3274 5393 3509 5465; x_wconf 75' lang='lat' dir='ltr'><strong>obseura</strong></span> <span class='ocrx_word' id='word_1_831' title='bbox 3548 5407 3610 5465; x_wconf 81' lang='lat' dir='ltr'><strong>a_(-</strong></span> <span class='ocrx_word' id='word_1_832' title='bbox 3644 5405 3774 5459; x_wconf 80' lang='lat' dir='ltr'><strong>per-</strong></span> 
     </span>
    </p>
   </div>
   <div class='ocr_carea' id='block_1_115' title="bbox 2186 5457 3771 5534">
    <p class='ocr_par' dir='ltr' id='par_1_115' title="bbox 2186 5457 3771 5534">
     <span class='ocr_line' id='line_1_115' title="bbox 2186 5457 3771 5534; baseline -0.004 -18"><span class='ocrx_word' id='word_1_833' title='bbox 2186 5457 2350 5534; x_wconf 53' lang='lat' dir='ltr'><strong>plrxa&#39;</strong></span> <span class='ocrx_word' id='word_1_834' title='bbox 2381 5475 2585 5534; x_wconf 56' lang='lat' dir='ltr'><strong>erant}</strong></span> <span class='ocrx_word' id='word_1_835' title='bbox 2617 5481 2678 5519; x_wconf 87' lang='lat' dir='ltr'><strong>ac</strong></span> <span class='ocrx_word' id='word_1_836' title='bbox 2738 5457 2888 5518; x_wconf 52' lang='lat' dir='ltr'><strong>in&#39;iis</strong></span> <span class='ocrx_word' id='word_1_837' title='bbox 2923 5466 3075 5530; x_wconf 87' lang='lat' dir='ltr'><strong>illud,</strong></span> <span class='ocrx_word' id='word_1_838' title='bbox 3117 5457 3186 5533; x_wconf 83' lang='grc' dir='ltr'><strong>ᾮ</strong></span> <span class='ocrx_word' id='word_1_839' title='bbox 3215 5464 3306 5515; x_wconf 74' lang='grc' dir='ltr'>καὶ</span> <span class='ocrx_word' id='word_1_840' title='bbox 3331 5463 3427 5530; x_wconf 82' lang='grc' dir='ltr'><strong>τὴν</strong></span> <span class='ocrx_word' id='word_1_841' title='bbox 3455 5457 3771 5531; x_wconf 63' lang='grc' dir='ltr'>ψυχήνπα-</span> 
     </span>
    </p>
   </div>
   <div class='ocr_carea' id='block_1_116' title="bbox 2187 5532 3770 5611">
    <p class='ocr_par' dir='ltr' id='par_1_116' title="bbox 2187 5532 3770 5611">
     <span class='ocr_line' id='line_1_116' title="bbox 2187 5532 3770 5611; baseline -0.004 -23"><span class='ocrx_word' id='word_1_842' title='bbox 2187 5532 2497 5604; x_wconf 67' lang='grc' dir='ltr'>ρατίθεταν</span> <span class='ocrx_word' id='word_1_843' title='bbox 2531 5532 2633 5587; x_wconf 80' lang='lat' dir='ltr'><strong>Cui</strong></span> <span class='ocrx_word' id='word_1_844' title='bbox 2669 5539 2828 5589; x_wconf 76' lang='lat' dir='ltr'><strong>etiam</strong></span> <span class='ocrx_word' id='word_1_845' title='bbox 2887 5532 3219 5611; x_wconf 74' lang='lat' dir='ltr'><strong>commendat</strong></span> <span class='ocrx_word' id='word_1_846' title='bbox 3278 5534 3555 5611; x_wconf 65' lang='lat' dir='ltr'><strong>animum,</strong></span> <span class='ocrx_word' id='word_1_847' title='bbox 3599 5545 3770 5611; x_wconf 73' lang='lat' dir='ltr'><strong>quam</strong></span> 
     </span>
    </p>
   </div>
   <div class='ocr_carea' id='block_1_117' title="bbox 2181 5603 3770 5681">
    <p class='ocr_par' dir='ltr' id='par_1_117' title="bbox 2181 5603 3770 5681">
     <span class='ocr_line' id='line_1_117' title="bbox 2181 5603 3770 5681; baseline -0.004 -23"><span class='ocrx_word' id='word_1_848' title='bbox 2181 5603 2444 5674; x_wconf 85' lang='lat' dir='ltr'><strong>optimam</strong></span> <span class='ocrx_word' id='word_1_849' title='bbox 2486 5616 2677 5681; x_wconf 78' lang='lat' dir='ltr'><strong>auctor</strong></span> <span class='ocrx_word' id='word_1_850' title='bbox 2708 5607 3395 5681; x_wconf 44' lang='lat' dir='ltr'><strong>probationemassuming</strong></span> <span class='ocrx_word' id='word_1_851' title='bbox 3439 5603 3628 5681; x_wconf 73' lang='lat' dir='ltr'><strong>jejuno</strong></span> <span class='ocrx_word' id='word_1_852' title='bbox 3681 5603 3770 5681; x_wconf 57' lang='lat' dir='ltr'><strong>in:</strong></span> 
     </span>
    </p>
   </div>
   <div class='ocr_carea' id='block_1_118' title="bbox 2181 5673 3765 5752">
    <p class='ocr_par' dir='ltr' id='par_1_118' title="bbox 2181 5673 3765 5752">
     <span class='ocr_line' id='line_1_118' title="bbox 2181 5673 3765 5752; baseline -0.004 -24"><span class='ocrx_word' id='word_1_853' title='bbox 2181 5673 2392 5752; x_wconf 73' lang='lat' dir='ltr'><strong>terpres</strong></span> <span class='ocrx_word' id='word_1_854' title='bbox 2426 5689 2440 5726; x_wconf 86' lang='lat'><strong>:</strong></span> <span class='ocrx_word' id='word_1_855' title='bbox 2485 5676 2585 5752; x_wconf 59' lang='lat' dir='ltr'><strong>(liti</strong></span> <span class='ocrx_word' id='word_1_856' title='bbox 2617 5673 2724 5752; x_wconf 34' lang='lat' dir='ltr'><strong>‘ef</strong></span> <span class='ocrx_word' id='word_1_857' title='bbox 2749 5678 2984 5752; x_wconf 64' lang='lat' dir='ltr'><strong>animum</strong></span> <span class='ocrx_word' id='word_1_858' title='bbox 3035 5675 3301 5752; x_wconf 62' lang='lat' dir='ltr'><strong>arljungit.</strong></span> <span class='ocrx_word' id='word_1_859' title='bbox 3333 5673 3479 5752; x_wconf 78' lang='lat' dir='ltr'><strong>_ant</strong></span> <span class='ocrx_word' id='word_1_860' title='bbox 3533 5673 3644 5752; x_wconf 67' lang='lat' dir='ltr'><strong>ille,</strong></span> <span class='ocrx_word' id='word_1_861' title='bbox 3681 5673 3765 5752; x_wconf 79' lang='lat' dir='ltr'><strong>uti</strong></span> 
     </span>
    </p>
   </div>
   <div class='ocr_carea' id='block_1_119' title="bbox 2177 5743 3770 5807">
    <p class='ocr_par' dir='ltr' id='par_1_119' title="bbox 2177 5743 3770 5807">
     <span class='ocr_line' id='line_1_119' title="bbox 2177 5743 3770 5807; baseline -0.004 -9"><span class='ocrx_word' id='word_1_862' title='bbox 2177 5743 2430 5802; x_wconf 78' lang='lat' dir='ltr'><strong>Christus</strong></span> <span class='ocrx_word' id='word_1_863' title='bbox 2473 5748 2573 5800; x_wconf 89' lang='lat' dir='ltr'><strong>soli</strong></span> <span class='ocrx_word' id='word_1_864' title='bbox 2616 5746 2762 5801; x_wconf 87' lang='lat' dir='ltr'><strong>Patri</strong></span> <span class='ocrx_word' id='word_1_865' title='bbox 2801 5743 3216 5801; x_wconf 78' lang='lat' dir='ltr'><strong>commendarit</strong></span> <span class='ocrx_word' id='word_1_866' title='bbox 3257 5743 3530 5807; x_wconf 84' lang='lat' dir='ltr'><strong>animam,</strong></span> <span class='ocrx_word' id='word_1_867' title='bbox 3567 5743 3648 5798; x_wconf 83' lang='lat' dir='ltr'><strong>sit:</strong></span> <span class='ocrx_word' id='word_1_868' title='bbox 3707 5749 3770 5793; x_wconf 87' lang='lat' dir='ltr'><strong>et</strong></span> 
     </span>
    </p>
   </div>
   <div class='ocr_carea' id='block_1_120' title="bbox 2179 5813 3082 5874">
    <p class='ocr_par' dir='ltr' id='par_1_120' title="bbox 2179 5813 3082 5874">
     <span class='ocr_line' id='line_1_120' title="bbox 2179 5813 3082 5874; baseline -0.003 -2"><span class='ocrx_word' id='word_1_869' title='bbox 2179 5821 2276 5872; x_wconf 74' lang='lat' dir='ltr'><strong>Sull</strong></span> <span class='ocrx_word' id='word_1_870' title='bbox 2311 5819 2580 5874; x_wconf 84' lang='lat' dir='ltr'><strong>obtulisse</strong></span> <span class='ocrx_word' id='word_1_871' title='bbox 2621 5832 2753 5874; x_wconf 77' lang='lat' dir='ltr'><strong>suos</strong></span> <span class='ocrx_word' id='word_1_872' title='bbox 2781 5813 3082 5872; x_wconf 74' lang='lat' dir='ltr'><strong>cruclatus.</strong></span> 
     </span>
    </p>
   </div>
  </div>
