4072 6450
312 339 414 401 113

1048 335 1330 396 ORATIO
1361 337 1467 397 XI.
1509 362 1578 373 —
1613 338 1698 402 IN
1738 339 2169 405 DOMINICAM
2205 345 2816 412 ASSUMPTIONEM.

3464 354 3564 418 114

305 449 506 522 φωνεῖν
534 448 928 504 ἀντικείσεται.
965 449 1088 510 Πῶς
1120 450 1212 504 οὖν
1243 453 1272 506 ό
1299 452 1451 521 φίλος
1481 454 1754 525 ἐγείρεται
1799 475 1883 510 τε-

1991 460 2147 517 ferno
2171 472 2344 519 morte
2375 466 2654 521 resolutus
2712 466 3027 533 mansisset,
3071 466 3382 527 libertatem
3433 489 3564 527 sau-

306 543 581 617 ωρταῖος,
615 543 778 614 εἰπερ
826 544 927 612 τῆς
970 543 1240 614 κοσμικῆς
1267 546 1765 616 ἁναστοιχειώσεως
1793 552 1889 603 καὶ

298 634 736 705 παλιγγενεσίας
764 633 938 697 τύπος
965 631 1033 707 ἦν
1080 633 1286 708 Ἰησοῦς
1311 641 1377 709 τῇ
1407 639 1528 694 κατ’
1557 640 1715 694 αὑτὸν
1753 641 1890 696 ἁνα-

297 729 530 791 6ιὼσεις
563 727 882 795 Διατρανοί,
930 725 1012 778 ὅτι
1065 726 1228 780 πάλιν
1270 730 1503 784 ἀνιστῶν
1551 731 1764 785 αὐτὲινό
1791 732 1886 802 δη-

307 818 654 890 μιουργήσας
685 817 781 871 καὶ
809 817 1063 887 φιλήσας,
1093 820 1172 882 είς
1201 820 1300 888 τὴν
1331 816 1594 892 ἐπίκηρον
1622 824 1886 891 ἐπανάγει

303 907 478 973 τάξιν.
508 909 574 977 ἢν
602 905 1000 976 στοιχειώδεσιν
1035 907 1343 978 ἰσαρίθμοις
1398 911 1593 979 ἀρχαῖς
1616 913 1778 975 αὐτὸς
1806 912 1886 966 δι...

303 999 551 1062 ετὰξατο.
580 997 832 1068 Προῆλθε
856 997 962 1050 τῶν
985 998 1245 1066 ἁφεγγῶν
1275 999 1490 1069 χωρίων
1512 1001 1572 1053 τὸ
1600 1002 1704 1070 πρὸ
1732 1003 1884 1072 ἡλίου

301 1092 418 1158 φῶς
450 1089 809 1153 ἐξανατεῖλαν
841 1089 1158 1158 τριήμερόν,
1209 1091 1305 1142 καὶ
1345 1091 1497 1144 λύσιν
1547 1093 1763 1146 αἰώνιον
1793 1094 1886 1147 καὶ

302 1181 520 1252 δῶρονιι
550 1179 862 1249 κατηφείας
905 1181 1230 1250 παρέσχετο.
1271 1181 1394 1240 Τοῖς
1425 1183 1524 1251 μὲν
1554 1185 1661 1253 γὰρ
1686 1185 1885 1238 ἔδωκεν

299 1271 468 1324 ἀΐδιον
493 1269 708 1323 πτῶσιν
739 1270 833 1322 καὶ
875 1270 1200 1339 κατήφειαν,
1228 1274 1346 1334 ταῖς
1372 1274 1766 1337 ἁποστατικαίς
1787 1275 1882 1327 δυ-

303 1362 518 1430 νάμεσι,
551 1363 647 1415 καὶ
677 1363 791 1423 τοῖς
825 1361 938 1413 ὅσοι
969 1361 1106 1432 πρὸς
1151 1363 1350 1426 αὐτοὺς
1393 1364 1766 1432 ἀπονεύοντες,
1792 1366 1884 1418 τὸν

302 1453 522 1508 ἐλθόντα
573 1453 753 1506 σῶσαι
799 1451 1080 1521 Δεσπότην
1110 1455 1403 1521 ἐπιγνῶναι
1446 1455 1548 1508 οὐκ
1590 1456 1884 1528 ἠϐουλήθη-

305 1561 436 1598 σανο
483 1545 614 1603 τοὺς
649 1543 708 1595 δὲ
751 1544 869 1596 ὅσοι
923 1544 1016 1596 τὸν
1048 1544 1344 1615 εὐεργέτην
1398 1546 1658 1614 συνῆκαν,
1706 1546 1883 1618 ἐαυτῷ

313 1639 598 1710 συνήγειρε
631 1655 692 1690 τε
724 1639 821 1691 καὶ
855 1637 1298 1708 κατελάμπρυνε.
1333 1641 1435 1701 Τὸν
1477 1641 1648 1708 Ἀδὰμ
1671 1642 1883 1694 ἀνεσώ-

307 1743 459 1784 σατο·
498 1732 562 1800 τῇ
598 1727 713 1800 Εὕα
740 1728 843 1799 τὴν
872 1727 1052 1799 λύπην
1089 1729 1323 1799 ἦμειῲεν
1343 1732 1424 1794 είς
1452 1733 1622 1801 χαράν
1646 1748 1661 1763 ο
1696 1734 1876 1786 πᾶσαν

306 1817 394 1890 τὴν
421 1818 610 1872 κτίσιν
655 1819 1070 1889 ὲκαινοποίησεν
1096 1837 1110 1851 ·
1141 1821 1291 1874 οὐδὲν
1325 1823 1417 1874 ἐπὶ
1441 1823 1534 1876 τοῦ
1570 1823 1736 1877 αὐτοῦ
1775 1827 1873 1892 μέ-
1907 1795 1950 1850 Β

268 1917 410 1967 ’νειν
462 1913 696 1984 ἀφείθη,
763 1913 908 1983 πλὴν
960 1914 996 1966 ὃ.
1053 1914 1150 1984 τὴν
1212 1915 1476 1968 Ἰουδαίων
1559 1916 1868 1986 στηλιτεύει

301 2002 506 2072 μανίαν
566 2003 896 2074 σφραγίδων.
938 2003 1036 2057 Διὰ
1096 2002 1254 2057 τοῦτο
1301 2007 1450 2058 πᾶσα
1500 2005 1536 2075 ἡ
1601 2007 1778 2070 κτίσις
1809 2007 1874 2062 τὸ

306 2095 575 2166 σωτήριον
596 2093 614 2135 ί
635 2094 964 2165 ἑορτάζουσα
983 2137 998 2158 ,
1033 2094 1156 2149 Ποῦ
1185 2110 1324 2160 σου,
1353 2096 1488 2163 ᾄδῃ,
1512 2096 1579 2150 τὸ
1600 2097 1874 2165 κέντροις

312 2183 560 2257 tum,
609 2184 724 2240 ποῦ
769 2181 838 2240 δὲ
877 2185 946 2240 τὸ
980 2184 1151 2251 νῖκός
1197 2201 1334 2248 σου.
1365 2185 1583 2241 θάνατε
1594 2203 1616 2252 ;
1656 2189 1880 2259 Κατήρ-

1994 553 2149 604 ciret.
2188 554 2285 608 Sin
2315 564 2495 610 autem
2539 559 2626 610 cui
2657 558 2890 627 placeat,
2922 567 2980 612 ut
3009 575 3129 614 eam
3173 563 3387 631 generis
3418 565 3564 620 velut

1988 658 2054 698 ex
2088 644 2394 710 elementis,
2430 661 2494 700 ac
2529 649 2761 717 primam
2811 649 3251 706 reformationem
3296 653 3351 706 in
3385 653 3564 708 Domi-

1987 735 2126 789 nicae
2173 751 2394 791 causam
2445 739 2868 795 resurrectionis
2917 743 3158 807 referat,
3211 752 3373 812 atque
3439 747 3562 803 ideo

1987 826 2137 887 velit,
2179 828 2341 880 trium
2367 829 2580 884 dierum
2609 833 2786 899 spatio
2825 833 2896 885 ab
2927 835 3302 890 universorum
3331 836 3561 893 Domino

1988 917 2366 971 labefactatam
2395 929 2646 984 mortem,
2677 921 2821 990 quod
2851 937 2993 987 eam,
3018 925 3394 979 universorum
3424 942 3561 982 con-

1985 1010 2304 1062 sunimatrix
2335 1010 2578 1065 Trinitas
2611 1011 2836 1080 peragit,
2892 1028 2961 1067 ne
2991 1029 3055 1068 ea
3101 1016 3342 1084 quidem,
3375 1032 3496 1086 quae
3528 1033 3559 1071 a

1987 1099 2146 1154 nobis
2181 1099 2326 1153 dicta
2382 1111 2532 1165 sunt,
2564 1100 2857 1158 adversari
2907 1106 3226 1174 comperiet.
3285 1104 3560 1171 Quorsum

1986 1206 2121 1261 ergo
2158 1193 2372 1247 amicus
2407 1194 2810 1262 quatriduanus
2843 1195 2911 1250 ad
2942 1197 3106 1250 vitam
3143 1205 3448 1261 revocatur,
3481 1199 3559 1252 si-

1984 1283 2202 1352 quidem
2233 1281 2392 1338 Jesus
2416 1301 2514 1339 sua
2563 1289 2991 1351 resurrectione,
3037 1289 3226 1342 mundi
3273 1291 3440 1344 totius
3473 1304 3559 1344 re-

1979 1372 2328 1430 formationis
2373 1390 2438 1429 ac
2470 1379 2896 1444 regenerationis
2921 1378 3088 1448 figura
3117 1379 3257 1432 fuit?
3287 1379 3556 1433 Nimirum

1982 1463 2246 1530 declarat,
2290 1482 2415 1520 cum
2459 1482 2582 1522 eum
2631 1483 2828 1523 rursus
2873 1469 3099 1524 Creator
3135 1483 3200 1523 ac
3242 1471 3452 1525 amicus
3491 1486 3555 1524 ex

1981 1554 2216 1608 mortuis
2263 1555 2517 1619 suscitat,
2569 1556 2636 1608 ad
2690 1556 2974 1610 mortalem
3028 1556 3194 1609 vitam
3254 1557 3554 1618 reducere,

1981 1658 2144 1711 quam
2171 1643 2288 1712 ipse
2319 1644 2540 1700 totidem
2571 1649 2858 1700 constituit
2891 1647 3317 1701 elementaribus
3347 1647 3552 1716 princi-

1984 1734 2108 1803 piis.
2129 1732 2406 1789 Processit
2441 1749 2474 1789 e
2529 1735 2664 1790 locis
2705 1737 2981 1801 obscuris,
3031 1737 3177 1806 quod
3227 1745 3354 1790 ante
3385 1737 3554 1791 solem

1979 1826 2161 1877 lumen
2219 1831 2468 1878 exortum
2507 1834 2592 1879 est
2621 1866 2635 1890 ,
2679 1829 3182 1895 sempiternamque
3226 1842 3352 1880 cum
3404 1829 3555 1882 solu-

1980 1915 2213 1978 tionem,
2244 1923 2358 1966 tum
2388 1916 2644 1970 maeroris
2674 1918 2953 1970 vinculum
2985 1917 3238 1971 contulit.
3265 1915 3402 1971 Nam
3430 1918 3555 1973 aliis

1979 2002 2200 2071 quidem
2234 2005 2626 2074 sempiternam
2680 2009 2896 2060 ruinam
2938 2023 3002 2061 ac
3031 2009 3314 2062 tristitiam
3347 2008 3552 2074 intulit,

1981 2110 2173 2164 nempe
2203 2095 2606 2153 desertricibus
2639 2100 2939 2155 virtutibus
2959 2140 2974 2164 ,
3001 2114 3066 2152 ac
3101 2100 3145 2154 si
3177 2100 3270 2168 qui
3309 2099 3377 2154 iis
3405 2113 3554 2153 acce-

1981 2186 2190 2245 dentes,
2224 2184 2560 2242 salvatorem
2582 2202 2879 2257 agnoscere
2906 2189 3199 2244 noluerunt
3226 2207 3241 2255 ;
3274 2191 3397 2244 illos
3426 2203 3554 2243 vero

322 2290 523 2343 γηταις
560 2273 930 2338 καταλέλυται,
979 2278 1095 2344 μετ’
1124 2277 1258 2348 ἤχου
1305 2277 1574 2340 ἀπώλετο,
1605 2281 1672 2348 τῇ
1721 2278 1872 2348 θεῖκῇ

1983 2272 2070 2342 qui
2100 2272 2426 2328 beneficium
2452 2283 2800 2344 receperunt,
2833 2291 2938 2330 una
2968 2291 3152 2332 secum
3182 2277 3551 2342 resuscitavit,

322 2360 546 2434 ἐξουσίᾳ
597 2358 690 2416 τοῦ
733 2363 883 2434 σαρκὶ
913 2364 1178 2429 παθόντος
1211 2367 1304 2419 καὶ
1330 2366 1592 2434 ταφέντος
1616 2367 1711 2421 καὶ
1743 2368 1876 2420 ἀνα·

1983 2380 2038 2420 ac
2087 2349 2376 2435 magniﬁce
2426 2368 2598 2436 gloria
2661 2370 2966 2423 exornavit.
3018 2368 3287 2423 Adamum
3341 2368 3552 2424 salvum

315 2453 539 2517 στάντος
563 2452 794 2523 Χριστοῦ
838 2454 934 2512 τοῦ
962 2455 1097 2510 Θεοῦ
1126 2457 1309 2528 ἡμῶν·
1336 2451 1380 2525 ᾧ
1413 2460 1446 2528 ἡ
1479 2456 1606 2522 δόξα
1643 2458 1724 2522 είς
1745 2457 1873 2522 τοὺς

1983 2457 2134 2524 fecit;
2172 2456 2296 2512 Eva:
2326 2459 2532 2512 luctum
2566 2460 2620 2513 in
2673 2459 2934 2528 gaudium
2969 2460 3367 2526 commutavit,
3397 2474 3553 2514 crea-

302 2540 529 2604 αἰῶνας.
580 2542 766 2614 ’Δμήν.

1983 2553 2126 2604 lut'as
2153 2564 2348 2605 omnes
2396 2551 2761 2621 instauravit;
2804 2552 2944 2606 nihil
2987 2553 3044 2606 in
3095 2553 3266 2608 veteri
3298 2567 3361 2607 ac
3389 2551 3553 2607 obso-

298 2634 406 2686 leto
431 2641 579 2688 statu
617 2633 858 2705 reliquit,
891 2635 1132 2705 exceptis
1176 2635 1266 2698 iis.
1311 2652 1432 2705 quac
1485 2634 1798 2694 Judtcorum
1868 2639 2106 2696 furorem
2170 2648 2226 2694 et
2285 2642 2560 2696 vesaniam
2623 2651 2885 2713 perpetua
2951 2644 3248 2714 ignominia
3335 2634 3553 2700 notant.

295 2725 643 2795 Quapropter
665 2726 846 2781 omnis
875 2736 1128 2781 creatura
1162 2728 1414 2783 collatam
1448 2729 1734 2785 celebrans
1775 2732 2009 2786 salutem
2044 2749 2056 2784 :
2091 2731 2215 2799 Ubi,
2264 2733 2492 2802 inferne,
2560 2734 2809 2790 stimulus
2868 2737 3040 2790 tuus?
3075 2734 3346 2788 exclamat
3389 2753 3406 2789 :
3441 2735 3552 2803 ubi,

294 2831 461 2879 mors,
492 2816 712 2870 victoria
745 2826 839 2869 tua
858 2815 948 2868 '7?
979 2815 1198 2871 Abolita
1225 2823 1332 2880 est,
1357 2816 1622 2887 dissipata
1646 2827 1754 2884 est,
1815 2836 1937 2874 cum
1978 2822 2158 2876 sonitu
2193 2823 2374 2892 periit,
2426 2822 2609 2878 divina
2654 2823 2775 2894 ejus
2819 2823 3042 2882 virtute.
3109 2825 3200 2892 qui
3251 2839 3417 2879 carne
3455 2839 3552 2892 pro

295 2910 451 2966 nobis
480 2926 678 2981 passus
708 2919 816 2977 est,
855 2911 1232 2983 sepultusque,
1260 2927 1326 2968 ac
1356 2926 1388 2966 a
1433 2914 1668 2968 mortuis
1699 2915 2020 2982 suscitatus,
2049 2915 2306 2974 Christus
2347 2918 2488 2973 Deus
2556 2927 2766 2979 noster,
2827 2917 2915 2970 cui
2984 2915 3156 2986 gloria
3229 2916 3285 2970 in
3334 2915 3551 2972 saecula.

298 3005 486 3060 Amen.

893 3143 1111 3198 ΛΟΓΟΣ
1169 3143 1268 3201 IA'.
1753 3120 1756 3123 ’

2561 3142 2821 3202 ORATIO
2857 3143 2929 3199 XI

299 3251 382 3322 Τῇ
418 3253 665 3346 πέμπτῃ
699 3253 814 3325 τῆς
849 3255 1030 3324 ἕκτης
1052 3257 1400 3350 ἑϐδομάδος.
1429 3265 1612 3344 ,λόγος
1649 3264 1737 3330 είς
1762 3263 1880 3331 τὴν

367 3325 550 3380 ἁτίαν
604 3326 951 3380 Archith
974 3329 1071 3380 ὅτε
1107 3328 1302 3380 ωέοων
1326 3349 1441 3380 τἠν
1468 3351 1574 3380 του
1600 3333 1878 3380 mirionu-

1990 3263 2176 3320 Oratio
2217 3261 2356 3332 feria
2406 3261 2594 3330 quinta
2641 3270 2801 3314 sexta:
2841 3254 3182 3312 hebdomadis
3215 3254 3273 3308 in
3315 3261 3551 3333 sanctam

2061 3333 2484 3380 Assumntimtem
2516 3346 2536 3380 :
2574 3328 2784 3380 auando
2823 3327 2993 3380 Filius
3024 3324 3368 3380 reconciliata
3405 3323 3551 3376 Patri

367 3325 550 3392 ἁγίαν
589 3326 951 3395 ’Λνάληψιονο
974 3329 1071 3382 ὅτε
1104 3325 1302 3396 φέρων
1326 3325 1441 3398 τὴν
1468 3325 1574 3387 τοῦ
1589 3325 1878 3398 ’πλάσμασι
2058 3325 2484 3400 Λδειιήιρῑὶοηέιη
2516 3346 2536 3384 :
2574 3328 2784 3400 quando
2823 3327 2993 3382 Filius
3024 3325 3368 3406 reconciliata
3405 3325 3552 3376 Patri

370 3397 890 3483 {squatatuaf'nv
920 3400 954 3451 ὁ
988 3399 1121 3463 Υἱὸς
1151 3397 1246 3478 ,τῷ
1267 3401 1466 3469 "arpi,
1500 3403 1653 3483 μετὰ
1681 3403 1786 3483 (of;
1810 3403 1881 3483 ἐξ
2055 3405 2432 3483 ίιοηιὶηε,,εαιιι
2471 3417 2630 3483 carne
2649 3415 2713 3454 ea:
2740 3399 2889 3454 nobis
2918 3405 3216 3465 assumpta,
3247 3409 3304 3447 ιη
3336 3401 3552 3463 paterna

373 3462 543 3531 ἡμῶν
585 3462 1058 3538 προσλήμματος
1081 3462 1224 3534 τοῖς(
1247 3462 1552 3540 πατρικοῖς
1582 3462 1881 3544 ἐνεθρονίιῖ

373 3536 488 3589 σθη
522 3535 801 3589 κόλποιο.

2055 3475 2178 3529 sinu
2205 3462 2497 3528 collocatus
2521 3482 2623 3526 est.

453 3551 488 3601 η
522 3551 801 3604 κολποις.

1487 3699 1799 3772 (Constans.
1843 3699 2069 3755 Auctor.
2102 3711 2157 3768 p.
2191 3693 2378 3764 17H).

371 3859 457 3932 Τῇ
491 3859 599 3932 μὲν
635 3859 933 3916 ἀναστάσει
970 3859 1031 3916 τδ
1069 3861 1264 3932 θνητὸν
1305 3863 1614 3935 κατεπόθη·
1656 3866 1751 3918 καὶ
1778 3865 1878 3935 τῆς

2055 3859 2270 3916 Domini
2303 3855 2714 3913 resurrectione
2769 3851 3091 3922 absorptum
3117 3856 3204 3907 est
3235 3849 3376 3920 quod
3413 3864 3559 3904 mor-

305 3950 623 4022 ἁσθαρσίας
655 3951 840 4006 ὠδῖσιν
860 3952 1190 4024 ἀνεγεννήθη
1200 3971 1297 4024 μεν
1316 3972 1331 3988 ·
1355 3955 1449 4008 καὶ⁹
1472 3956 1533 4008 τὸ
1552 3955 1675 4009 κατ’
1699 3956 1879 4010 εἰκόνα

1984 3952 2096 4007 tale
2145 3958 2287 4013 erat,
2333 3963 2398 4002 ac
2444 3944 2874 4002 immortalitatis
2904 3953 3061 4013 partu
3095 3941 3270 3995 renati
3323 3953 3556 3994 sumus:

308 4042 698 4106 ἀπολαϐόντες,
747 4045 873 4107 τοὺς
923 4044 1278 4115 δερματίνους
1331 4047 1568 4117 χιτῶνας
1610 4049 1881 4104 ἀπεδυσόι-

1986 4043 2304 4111 divinaque,
2334 4039 2399 4094 ad
2427 4052 2590 4108 quam
2619 4035 2900 4090 fueramus
2939 4032 3168 4096 conditi,
3204 4031 3441 4100 imagine
3473 4044 3559 4083 re-

319 4135 500 4204 μεθαο-
533 4137 658 4190 νυνὶ
705 4134 750 4189 δ’
794 4137 889 4190 ἐπὶ
939 4137 1126 4208 θείοις,
1158 4138 1404 4211 θειότερα
1447 4139 1654 4212 Ἰησοῦς
1681 4144 1710 4195 ὁ
1750 4142 1882 4212 ἐμὸς

1987 4143 2165 4205 cepta,
2191 4132 2449 4203 pellieeas
2483 4128 2699 4182 tunicas
2729 4126 2983 4180 exuimus
3017 4141 3032 4178 :
3063 4131 3118 4177 at
3148 4136 3297 4176 nunc
3341 4119 3557 4175 abunde

313 4227 608 4294 χαρίζεται.
645 4227 807 4294 Μέγα
843 4229 944 4294 μὲν
979 4226 1094 4292 οὖν,
1122 4229 1215 4282 καὶ
1248 4230 1407 4284 θείων
1438 4231 1653 4301 ἀληθῶς
1675 4234 1882 4304 οίκτιρ-

1983 4227 2181 4282 divinis
2245 4224 2514 4278 diviniora
2573 4219 2803 4289 largitur
2859 4221 3016 4272 meus
3066 4214 3246 4270 Jesus.
3301 4213 3556 4283 Magnum

308 4317 427 4384 μῶν
481 4318 790 4387 ἀναστῆσαι
828 4319 955 4382 τοὺς
999 4321 1288 4386 πεσόντας,
1345 4321 1436 4374 καὶ
1488 4322 1883 4394 διαφθαρέντας

1983 4318 2227 4390 quidem,
2262 4331 2324 4370 ac
2371 4314 2612 4368 divinam
2644 4312 2850 4365 decens
2893 4306 3348 4369 misericordiam,
3375 4305 3556 4373 lapsos

300 4408 640 4471 ἀναπλάσαι,
704 4409 800 4462 καὶ
851 4409 950 4480 τὴν
1006 4411 1234 4482 πρώτην
1292 4414 1584 4468 ἀποδοῦναι
1645 4416 1881 4487 μορφὴν,

1983 4412 2265 4475 erexisse,
2324 4414 2724 4476 corruptosque
2779 4400 3147 4464 reformasse,
3200 4413 3264 4451 ac
3322 4398 3557 4464 priorem

296 4497 457 4551 οὐδὲν
507 4498 643 4568 παρ’
680 4497 840 4567 ἡμῶν
876 4498 1144 4556 λαϐόντα’
1177 4501 1298 4554 οὐδὲ
1347 4503 1456 4574 γὰρ
1485 4486 1883 4575 είσηνέγκαμέν

1983 4501 2290 4556 reddidisse
2319 4497 2574 4558 formam,
2601 4510 2724 4550 cum
2760 4493 2894 4548 nihil
2920 4493 3038 4562 ipse
3063 4507 3093 4544 a
3121 4489 3282 4544 nobis
3310 4486 3558 4556 accepis-

296 4607 378 4655 τι,
422 4589 542 4646 ἀλλ’
589 4590 758 4643 ἔδωκε
789 4591 859 4644 τὰ
895 4591 1039 4645 οὕτω
1088 4593 1301 4662 μεγάλα
1327 4594 1389 4648 οὐ
1437 4595 1598 4664 μόνον
1654 4599 1879 4666 προῖκα,

1986 4601 2091 4654 set,
2122 4605 2297 4660 neque
2329 4591 2474 4643 enim
2510 4587 2805 4656 quidquam
2838 4583 3248 4637 contuleramus
3282 4597 3294 4632 :
3325 4578 3419 4632 sed
3459 4575 3555 4630 do.

300 4681 444 4735 ἀλλὰ
467 4681 568 4736 καὶ
587 4682 785 4746 πόνους
808 4683 991 4746 αὐτὸς,
1018 4684 1105 4738 ίνα
1131 4683 1228 4756 δῷ,
1273 4687 1591 4754 ὑπομείνας.
1630 4687 1876 4759 Ἔπρεπε

1983 4684 2132 4739 navit
2157 4683 2292 4738 adeo
2322 4681 2610 4744 innnensa,
2632 4693 2744 4732 non
2775 4677 2936 4730 modo
2959 4673 3151 4746 gratis,
3171 4685 3358 4726 verum
3391 4670 3550 4723 etiam

297 4775 414 4844 γὰρ
456 4773 536 4842 τῷ
579 4774 652 4828 δι’
690 4771 872 4828 οἶκτον
902 4775 1269 4847 ὐποστήσαντι
1299 4779 1467 4848 ἡμᾶς,
1506 4781 1565 4832 οὐ
1600 4781 1760 4850 μόνον
1785 4782 1879 4849 δη-

300 4866 646 4937 μιουργῆσαι
698 4867 981 4936 παλάμαις
1035 4869 1286 4934 οίκείαις,
1321 4869 1456 4922 ἀλλά
1502 4869 1597 4922 καὶ
1654 4872 1879 4925 παθόντι

295 4955 498 5019 κακῶς
529 4955 607 5025 τῷ
650 4956 1116 5028 δημιουργήματι,
1163 4960 1386 5023 οἰκείοις
1434 4959 1637 5028 ἀμῦναι
1680 4962 1874 5029 ἀγῶσι.

297 5047 426 5100 Τίνι
462 5047 572 5120 γὰρ
597 5047 664 5102 ἄν
688 5048 925 5120 τοσαύτη
960 5050 1192 5120 πάρεστι
1232 5050 1550 5122 κηδεμονία,
1594 5052 1693 5122 ὅση
1737 5052 1877 5122 ὑπὲρ

296 5136 398 5189 τοῦ
429 5135 564 5190 ἰδίου
592 5136 904 5208 πλάσματος
931 5137 1010 5209 τῷ
1042 5139 1405 5211 Δημιουργῷς
1440 5142 1502 5194 τὸ
1527 5141 1573 5196 δ’
1608 5146 1670 5196 οὐ
1720 5143 1880 5213 μόνον

296 5226 524 5299 ἐγεῖραι
551 5229 806 5291 πεσόντα,
830 5229 968 5284 ἀλλὰ
996 5231 1090 5285 καὶ⁵
1118 5231 1404 5305 σύνθρονον
1431 5235 1609 5304 ἑαυτῷ
1632 5235 1876 5303 ποιῆσαι,

302 5319 486 5373 ποίων
523 5319 870 5391 σπλάγχνων,
916 5320 950 5393 ἢ
982 5322 1142 5385 ποίας
1190 5324 1552 5394 κηδεμονίας;
1591 5329 1656 5379 Ὃ
1693 5325 1756 5397 δὴ
1788 5329 1884 5397 σή-

1980 4792 2103 4831 cum
2132 4775 2330 4830 multos
2352 4774 2472 4842 ipse
2499 4773 2737 4835 labores,
2771 4769 3028 4832 daturus,
3052 4764 3408 4823 exantlasset.
3453 4760 3550 4815 Par

1979 4870 2128 4924 enim
2156 4874 2274 4922 erat
2308 4876 2370 4920 ut
2404 4867 2497 4936 qui
2533 4862 2911 4918 misericordia
2960 4866 3142 4912 motus
3181 4854 3550 4917 condidisset,

1981 4976 2092 5015 non
2139 4959 2303 5014 modo
2343 4959 2579 5029 propriis
2616 4955 2869 5010 manibus
2913 4965 3014 5006 nos
3060 4956 3313 5014 crearet,
3374 4945 3469 5002 sed
3502 4953 3550 5000 el

1981 5052 2298 5122 figmentum
2352 5047 2494 5103 male
2545 5045 2798 5100 allectum
2847 5042 2966 5097 suis
3009 5040 3128 5109 ipse
3161 5035 3549 5094 certaminibus

1981 5141 2258 5196 liberaret.
2293 5137 2555 5204 Quisnam
2579 5136 2723 5190 enim
2754 5140 2960 5187 tantam
2983 5144 3172 5184 curam
3203 5137 3352 5198 agat,
3381 5138 3548 5195 quan-

1983 5247 2094 5292 tam
2131 5234 2371 5308 ﬁgmenti
2407 5233 2518 5303 agit
2545 5228 2854 5287 Conditor?
2903 5225 3147 5297 Lapsum
3210 5231 3392 5276 autem
3441 5233 3548 5308 non

1986 5329 2151 5384 modo
2181 5328 2410 5398 erigere,
2437 5323 2534 5380 sed
2564 5331 2618 5377 et
2648 5321 2705 5375 in
2736 5318 2928 5375 eodem
2972 5330 3160 5372 secum
3201 5313 3400 5366 throno
3433 5307 3548 5361 col-

303 5424 483 5480 μερον
525 5410 558 5462 ό
606 5412 904 5483 μονογενὴς
937 5412 1066 5478 Υίὸς
1109 5415 1420 5488 ἐκπληρῶν,
1458 5416 1634 5471 λείπει
1663 5418 1761 5489 μὲν
1787 5419 1883 5490 τὴν

1988 5419 2192 5484 locare,
2217 5432 2454 5489 quorum
2482 5416 2609 5487 quis
2635 5412 2910 5467 viscerum
2951 5422 3018 5462 ac
3047 5400 3434 5463 sollicitudinis
3460 5398 3544 5454 dio

381 5585 434 5616 "
468 5581 488 5637 ι
524 5581 655 5642 Cor.
702 5602 795 5654 xv,
832 5583 924 5643 55.

373 5777 409 5829 ιι
439 5781 568 5862 Leg.
599 5787 816 5849 δεσαόν.
900 5799 916 5831 ι
954 5787 1046 5846 Id.
1073 5790 1282 5862 πάσχα.

1649 5698 1884 5762 VARUS
1912 5697 2312 5761 LECTIONES.
