4072 6462
530 306 632 373 115

1789 326 2065 388 LEONIS
2103 327 2568 395 PHILOSOPHI

3683 341 3789 406 116

529 421 656 474 cat?
686 420 740 475 ld
774 420 935 477 hodie
977 425 1294 494 unigenitus
1334 425 1428 482 Dei
1463 428 1636 486 Filius
1684 433 1918 504 implens
1941 475 1958 501 ,
1995 444 2104 491 ter-

2213 445 2352 511 μετά
2391 445 2499 498 τῶν
2522 445 2676 499 κάτω
2715 445 2790 509 ὡς
2828 446 3114 518 ἄνθρωπος
3142 450 3590 519 συναναστροφὴν
3615 466 3628 480 ·
3657 452 3796 523 πρὸς

529 519 761 566 restrem
796 513 1038 580 quidem,
1065 531 1163 585 pro
1195 517 1434 574 humana
1468 522 1696 588 ratione,
1731 529 2106 582 conversatio-

530 620 654 658 nem
709 607 1009 674 relinquit;
1073 611 1326 664 ascendit
1374 628 1505 666 vero
1563 615 1628 668 ad
1688 615 1903 672 Patrem
1943 657 1959 677 ς
2009 621 2104 689 qui

529 695 808 762 misisset,
849 697 1013 764 eique
1049 701 1360 768 primitias,
1406 719 1473 758 ac
1522 721 1631 774 quo
1681 711 2105 778 reconcilietur,

527 804 688 857 quam
714 805 778 843 ex
815 793 976 847 nobis
1001 807 1221 848 carnem
1254 796 1526 862 induerat,
1551 800 1726 858 oiiert.
1759 803 1930 859 llodie
1957 821 2109 860 nam-

530 895 636 947 que
667 881 847 949 pulvis
884 895 1074 938 noster
1109 901 1272 954 supra
1318 885 1756 946 Cherubinorum
1805 895 2107 964 suscipitur

527 970 811 1036 humeros,
859 973 1114 1045 intraque
1153 977 1344 1032 intima
1397 991 1655 1052 receptus
1700 985 1885 1057 adyta,
1938 990 2107 1058 regali

526 1061 666 1117 solio
695 1064 1019 1121 collocatur.
1067 1067 1241 1124 Hodie
1289 1086 1540 1142 supernae
1564 1075 1831 1144 Virtutes,
1874 1079 2105 1135 formam

525 1155 772 1210 videntes
817 1161 1059 1212 materia:
1095 1177 1432 1230 concretam,
1482 1169 1640 1234 quasi
1678 1168 1847 1224 dorso
1885 1171 2105 1239 spirita-

531 1248 662 1300 lium
688 1263 752 1302 ac
782 1253 1089 1318 expertium
1109 1267 1341 1323 corpore
1359 1256 1650 1319 invectam,
1676 1258 1884 1314 Domini
1913 1273 2104 1315 aucto-

527 1340 691 1393 ritate
747 1339 800 1393 in
864 1343 1119 1398 caelestes
1172 1345 1558 1401 ascendentem
1611 1366 1742 1404 axes
1773 1391 1787 1413 ,
1838 1354 2105 1421 ancipites

528 1431 718 1496 animi,
753 1433 1014 1500 quidnam
1048 1434 1150 1489 hoc
1176 1446 1343 1501 esset,
1389 1439 1734 1495 haesitarunt.
1771 1441 1946 1498 Hodie
1984 1443 2105 1499 Sal-

528 1529 722 1584 vator,
773 1531 1063 1592 postquam
1124 1527 1413 1597 discipulis
1467 1533 1520 1585 in
1576 1542 1761 1588 monte
1826 1536 2103 1592 Olivarum

529 1611 694 1663 verba
728 1627 987 1680 suprema
1021 1615 1261 1670 humano
1299 1635 1451 1674 more
1483 1621 1740 1688 fecisset,
1785 1625 1965 1681 divina
2005 1643 2104 1696 po-

530 1711 726 1758 testate
758 1709 827 1758 ah
859 1708 938 1761 eis
980 1709 1032 1761 in
1077 1711 1277 1763 caelum
1309 1716 1560 1770 evolavit.
1584 1716 1909 1784 Enimvero,
1945 1737 2105 1777 assu-

529 1809 682 1847 mens
716 1793 964 1849 Salvator
996 1798 1318 1867 discipulos,
1354 1820 1457 1855 una
1487 1821 1612 1859 cunt
1650 1809 1727 1862 eis
1770 1813 2014 1866 ascendit
2048 1815 2101 1869 in
2137 1799 2177 1853 Β

529 1894 766 1937 montem
801 1885 1080 1942 Olivarum
1119 1909 1132 1943 :
1163 1892 1307 1960 quod
1339 1894 1593 1949 nimirum
1623 1914 1780 1954 mnns
1809 1900 1898 1956 ille
1923 1919 2101 1967 sacer,

526 1972 676 2028 locus
724 1991 848 2030 esse
885 1983 1265 2036 consuevisset
1289 2025 1302 2048 ,
1348 1986 1438 2038 ubi
1469 1985 1630 2042 Jesus
1671 2005 1836 2058 opera
1873 2008 2103 2066 quaeque

523 2068 863 2124 abstrusiora
911 2073 1242 2142 designaret.
1281 2080 1347 2130 At
1383 2082 1598 2135 videtur
1637 2085 1766 2138 tnihi
1831 2087 1932 2141 hoc
1967 2105 2103 2158 pra:-

523 2165 668 2212 terea
706 2175 805 2214 suo
840 2162 985 2215 facto
1016 2165 1257 2220 voluisse
1279 2207 1292 2226 .
1328 2169 1665 2226 sublimioris
1700 2175 1988 2243 cujusdam
2019 2179 2102 2231 vi-

519 2251 679 2305 vendi
715 2254 948 2309 rationis
993 2256 1377 2327 disciplinam,
1417 2265 1730 2318 mortalium
1782 2269 1980 2324 animis
2013 2270 2100 2324 in-

519 2344 784 2398 scribere.
813 2345 969 2400 Nulla
1002 2349 1145 2401 enim
1169 2357 1254 2404 est
1277 2351 1481 2405 Christi
1521 2353 1827 2411 Salvatoris
1849 2359 2015 2422 actio,
2047 2361 2098 2415 in

520 2451 626 2503 qua
657 2451 764 2489 non
805 2438 1109 2506 spiritalior
1141 2441 1497 2511 intelligentia
1561 2459 1626 2498 ac
1677 2462 1873 2503 sensus
1916 2451 2099 2507 lateat.

520 2525 661 2591 Quid
693 2527 859 2596 igitur
889 2529 1154 2584 doctrinae
1184 2530 1274 2584 hic
1298 2533 1454 2587 nobis
1475 2537 1892 2600 przescribitur?
1920 2538 2086 2594 Vide-

526 2619 654 2672 licet
686 2633 782 2673 eos
819 2620 910 2687 qui
956 2635 1120 2691 regna
1152 2623 1398 2678 coelestia
1435 2629 1698 2682 scandere
1737 2632 2094 2699 desiderant,

520 2708 716 2764 debere
754 2711 960 2764 caduca
990 2713 1102 2766 haec
1127 2721 1182 2767 et
1224 2714 1448 2769 humilia
1494 2719 1883 2774 transcendere
1907 2766 1920 2786 ,
1956 2736 2008 2777 et
2041 2725 2094 2779 in

521 2801 687 2854 altum
725 2801 945 2856 virtutis
977 2803 1094 2857 sine
1131 2805 1540 2862 intermissione
1571 2809 1704 2862 eniti
1755 2820 1807 2866 et
1852 2814 2146 2873 subvolare

2210 533 2267 586 δὲ
2319 535 2408 588 τὸν
2463 537 2860 592 ἀποστείλαντα
2911 539 3196 592 ἀναϐαίνει
3244 541 3483 610 Πατέρα,
3535 543 3796 613 ἀπαρχὴν

2211 624 2359 696 αύτῷ
2410 627 2504 679 καὶ
2550 627 3006 699 διαλλακτήριον,
3055 631 3121 700 ἣν
3180 630 3240 696 ἐξ
3287 632 3444 701 ἡμῶν
3500 633 3797 704 ὲξεφόρεσε

2211 718 2409 785 σάρκα,
2446 721 2648 790 φέρων.
2695 722 2942 792 Σήμερον
2993 722 3103 795 γὰρ
3157 723 3480 794 ὁήμέτερος
3527 725 3653 795 χοῦς
3701 729 3800 781 ἐπ’

2210 807 2376 879 ὤμων
2425 813 2870 882 ἁναλαμϐἀνεται
2913 814 3215 884 Χερουϐὶμ,
3259 817 3351 869 καὶ
3384 816 3494 869 τῶν
3524 818 3803 872 ἐνδοτάτω

2211 903 2736 973 παραπετασμάτων
2800 905 3090 975 γενόμενος
3143 907 3219 978 τῷ
3276 908 3539 978 βασιλικῷ
3581 910 3804 981 ἐνιδρῦ-

2208 1009 2357 1046 νεται
2410 994 2605 1064 θρόνῳ.
2655 995 2903 1069 Σήμερον
2963 999 3019 1052 αἱ
3081 998 3194 1052 ἄνω
3255 1001 3522 1070 Δυνάμεις
3583 1002 3801 1071 ὁρῶσαι

2213 1083 2428 1152 μορφὴν
2465 1083 2650 1138 ἐνυλον
2694 1088 2787 1140 ἐπὶ
2825 1088 3012 1143 νώτων
3047 1091 3417 1160 ἐποχουμένην
3440 1091 3642 1156 ἀΰλων,
3696 1095 3803 1146 καὶ

2208 1175 2547 1237 δεσποτικῶς
2595 1180 2732 1250 πρὸς
2791 1182 2890 1245 τὰς
2919 1183 3327 1253 ὑπερκοσμίους
3370 1185 3630 1236 ἀνιοῦσαν
3661 1187 3802 1255 ἀψῖ-

2207 1266 2323 1331 δας,
2358 1266 2438 1329 εἰς
2462 1267 2668 1337 ἄπορον
2703 1271 3073 1340 περιίσταντο.
3116 1273 3364 1342 Σήμερον
3395 1277 3423 1325 ὀ
3450 1274 3639 1345 Σωτὴρ
3675 1278 3804 1339 τοῖς

2211 1355 2475 1425 μαθηταῖς,
2522 1361 2577 1410 ὲν
2607 1359 2723 1431 ὂρει
2764 1361 2870 1413 τῶν
2907 1363 3172 1427 Ἐλαιῶν,
3197 1363 3266 1417 τὰ
3325 1365 3530 1418 ὕστατα
3579 1368 3654 1429 ὡς
3701 1368 3802 1420 ἆν-

2208 1447 2423 1516 θρωπος
2452 1451 2684 1519 ὁμιλῶν,
2733 1454 2939 1524 ἀνέπτη
2972 1453 2984 1504 i
3031 1456 3126 1508 ἀπ’
3161 1456 3363 1520 αὐτῶν,
3407 1457 3482 1520 ὡς
3512 1459 3663 1523 θεὸς,
3711 1465 3801 1523 εἰς

2206 1541 2460 1608 οὐρανόν.
2507 1543 2668 1597 Ἀλλὰ
2701 1548 2810 1614 γὰρ
2846 1548 3264 1617 παραλαμϐάνει
3297 1551 3421 1611 τοὺς
3467 1551 3715 1620 μαθητὰς
3767 1555 3798 1605 ὁ

2207 1631 2418 1702 Σωτὴρ,
2457 1635 2551 1687 καὶ
2576 1635 2781 1689 ἄνεισιν
2821 1639 2900 1700 εἰς
2928 1639 2986 1690 τὸ
3025 1639 3150 1708 ὅρος
3177 1639 3286 1691 τῶν
3328 1641 3558 1693 Ἐλαιῶν
3585 1659 3599 1673 ’
3634 1644 3799 1697 τοῦτο

2210 1722 2329 1790 μὲν,
2369 1725 2450 1776 ὄτι
2486 1727 2661 1779 ἐκεῖνο
2689 1728 2748 1780 τὸ
2781 1730 2924 1797 ἱερὸν
2964 1728 3090 1799 ὅρος
3112 1730 3219 1782 τῶν
3246 1734 3670 1803 μυστικωτέρων
3698 1735 3798 1807 ἕρ-

2207 1832 2317 1881 γων
2360 1818 2529 1887 Ἰησοῦ
2554 1820 2750 1888 χωρίον
2793 1823 2994 1874 εἴθιστο
3036 1823 3280 1889 γίνεσθαι
3311 1840 3324 1853 ’
3371 1825 3494 1891 ἐμοὶ
3519 1825 3574 1877 δὲ
3619 1827 3792 1890 δοκεῖ,

2205 1905 2416 1975 ὑψηλῆς
2470 1909 2747 1974 πολιτείας
2785 1914 2877 1966 καὶ
2915 1914 3002 1966 διὰ
3039 1914 3231 1967 τούτου
3259 1915 3505 1984 δόγματα
3534 1920 3652 1980 ταῖς
3680 1919 3798 1971 τῶν

2206 1998 2513 2068 ἀνθρώπων
2536 2003 2830 2072 ἐγγράφων
2861 2005 3080 2075 ψυχαῖς.
3115 2009 3355 2077 Οὑδεμῖα
3384 2010 3492 2080 γὰρ
3523 2011 3796 2080 σωτήριος

2205 2092 2426 2160 πρᾶξις,
2459 2096 2515 2146 ὲν
2591 2097 2712 2165 ούχὶ
2743 2097 2943 2169 θεωρία
2978 2104 3360 2172 μυστικωτέρα
3392 2103 3784 2173 ἐγκέκρυπται.

2205 2185 2269 2237 Τί
2320 2182 2413 2240 οὖν
2445 2188 2694 2241 ἐντεῦθεν
2743 2191 3024 2255 παιδεύει;
3075 2195 3284 2264 Χρῆναι
3333 2198 3459 2260 τοὺς
3509 2198 3617 2249 ὅσοι
3674 2197 3790 2250 τῶν

2207 2278 2472 2345 οὐρανίων
2522 2280 2726 2349 ἀψίδων
2780 2283 3084 2336 ἐπιϐαίνειν
3146 2286 3327 2356 ἔρωτα
3383 2287 3600 2358 ἔχουσι,
3677 2289 3795 2341 τῶν

2207 2369 2502 2437 περιγείων
2549 2373 2642 2424 καὶ
2694 2374 3052 2444 χαμαιζήλων
3091 2377 3347 2448 ὑπεράνω
3386 2379 3659 2446 γενέσθαι,
3697 2381 3797 2434 καὶ

2209 2459 2314 2528 ὕψη
2352 2459 2646 2530 βεσηκέναι
2670 2464 2768 2531 τῆς
2793 2466 2994 2536 ἀρετῆς
3026 2485 3036 2495 ·
3069 2469 3303 2538 μάλιστα
3333 2471 3430 2540 μὲν
3454 2473 3541 2524 διὰ
3565 2472 3788 2536 παντὸς,

2204 2552 2251 2602 εἰ
2273 2550 2328 2603 δὲ
2359 2552 2430 2620 μή
2453 2569 2538 2620 γε,
2594 2553 2709 2606 ἀλλ’
2739 2551 2832 2608 οὖν
2862 2575 2924 2625 γε
2953 2560 3080 2622 τοὺς
3110 2562 3216 2614 ἀπὸ
3246 2562 3337 2615 τοῦ
3370 2563 3604 2630 γεώδους
3641 2563 3785 2630 οἰκη-

2204 2641 2394 2711 τηρίου
2431 2644 2744 2715 ἀποδημίαν
2797 2651 3174 2720 ποιουμένους,
3220 2653 3379 2725 εἴπερ
3429 2654 3613 2724 μέλλοι
3658 2656 3786 2724 ἡμῖν

2208 2733 2582 2802 ἀποδημοῦσιν
2605 2737 2784 2801 καλῶς
2815 2738 2980 2810 ἔχειν.

2189 2838 2203 2874 :
2260 2823 2340 2876 sin
2374 2826 2577 2890 minus,
2624 2838 2680 2882 at
2744 2840 2893 2886 certe
2968 2848 3062 2887 eos
3105 2834 3198 2902 qui
3281 2849 3310 2888 a
3360 2836 3606 2889 terrestri
3683 2835 3793 2891 isto

521 2896 840 2965 emigraturi
883 2908 1010 2952 sunt
1039 2899 1436 2965 tabernaculo;
1475 2901 1743 2971 siquidem
1770 2919 1918 2960 curae
1941 2909 2102 2965 nobis
2145 2913 2252 2977 sit,
2287 2931 2412 2969 cum
2445 2919 2574 2973 hinc
2617 2923 2996 2991 emigrandum
3033 2926 3139 2979 erit
3163 2967 3176 2988 ,
3207 2927 3344 2981 bene
3412 2927 3571 2982 nobis
3641 2943 3792 2983 esse.

594 2987 769 3043 Vultis
788 2999 848 3044 ut
873 2999 926 3044 et
955 3006 1245 3044 numerum
1276 2990 1491 3046 dierum
1513 2994 1934 3063 expendamus?
1959 2997 2100 3054 Puto

522 3081 668 3135 enim
696 3095 803 3134 n0n
830 3083 1100 3150 ingratam
1135 3083 1441 3152 spiritalem
1477 3100 1670 3138 eorum
1695 3090 2101 3145 consideratio-

525 3186 648 3224 nem
685 3171 753 3226 iis
792 3170 926 3232 fore,
967 3171 1058 3240 qui
1103 3173 1342 3241 penitius
1379 3175 1510 3228 talia
1562 3176 1924 3246 introspicere
1969 3195 2103 3235 con-
2133 3168 2175 3227 C

527 3271 846 3316 sueverunt.
873 3261 1061 3332 Neque
1083 3264 1228 3316 enim
1264 3264 1338 3317 ita
1367 3272 1594 3329 temere,
1625 3282 1687 3320 ac
1715 3270 1865 3322 nulla
1898 3272 2110 3328 ratione

532 3355 741 3419 habita,
771 3372 896 3410 eum
933 3372 1225 3411 numerum
1255 3358 1498 3411 arbitrdr
1542 3359 1826 3415 Dominum
1871 3365 2110 3433 comple-

525 3449 694 3513 visse,
733 3463 834 3502 nec
854 3449 960 3504 nisi
999 3464 1205 3503 arcano
1236 3464 1301 3503 ac
1328 3450 1615 3505 secretiori
1646 3455 1899 3518 consilio,
1924 3459 2108 3510 statim

527 3549 808 3595 transacto
837 3541 929 3593 illo
953 3541 1165 3596 dierum
1203 3557 1458 3606 numero,
1479 3545 1651 3598 caelos
1683 3547 1928 3614 petiisse.
1967 3546 2107 3614 Quid

525 3645 657 3699 ergo
696 3630 968 3684 dicimus?
991 3629 1288 3696 Nimirum,
1321 3631 1567 3688 videmus
1598 3633 1768 3704 legem
1799 3635 2106 3691 futurorum

525 3724 729 3778 habere
749 3727 1058 3794 imaginem,
1083 3739 1145 3778 ac
1168 3741 1288 3794 quae
1304 3733 1449 3780 statu
1483 3741 1583 3781 suo
1605 3765 1620 3791 ,
1642 3736 1844 3782 statum
1868 3730 1945 3783 illi
1982 3746 2109 3786 suc—

525 3814 825 3870 cedaneum
869 3817 936 3870 iis
988 3825 1343 3886 reprzesentet
1408 3827 1572 3888 atque
1607 3819 1968 3887 demonstret,
2014 3825 2106 3892 qui

525 3915 760 3962 mentem
783 3908 942 3976 plane
957 3917 1288 3962 excaecatam
1315 3925 1422 3963 non
1445 3911 1665 3966 habent.
1689 3910 1826 3966 Cum
1849 3928 1978 3983 ergo
2023 3914 2108 3969 lex

524 4001 654 4064 illis,
676 4003 769 4070 qui
789 4017 853 4055 cx
875 4003 1358 4071 corruptionenati
1383 4003 1618 4068 fuerant,
1637 4020 1734 4074 per
1755 4005 1899 4060 hunc
1918 4022 2109 4062 nume-

524 4109 646 4147 rum
673 4103 931 4163 tanquam
967 4109 1063 4163 per
1093 4110 1314 4150 sacrum
1346 4095 1637 4165 quemdam
1672 4098 2106 4154 introductoretn

523 4200 590 4240 ac
613 4186 870 4249 indignum
895 4227 912 4250 ,
945 4186 1152 4239 aditum
1177 4183 1245 4240 ad
1279 4195 1469 4241 sancta
1493 4189 1821 4244 concederet
1849 4205 1912 4244 ac
1953 4202 2108 4259 pate-

524 4275 727 4331 faceret
763 4297 775 4331 :
809 4275 938 4331 hinc
961 4277 1126 4331 etiam
1154 4277 1258 4331 hoc
1284 4292 1515 4332 numero
1573 4279 1788 4334 dierum
1822 4282 2105 4346 absoluto,

521 4367 775 4425 Christus
827 4368 1232 4438 primogenitus
1287 4385 1351 4422 ex
1405 4371 1638 4424 mortuis
1686 4370 1902 4440 factus,
1943 4387 2007 4428 ac
2047 4373 2109 4426 ii-

521 4467 741 4531 gmento
777 4460 1247 4515 immortalitatem
1299 4460 1562 4526 initians,
1609 4463 1662 4517 in
1710 4467 2105 4533 supercmleste

522 4566 685 4607 suum
713 4551 977 4621 templum
1017 4553 1389 4621 ingressurus,
1421 4555 1745 4608 assumitur.
1792 4554 1989 4610 Verum
2029 4556 2105 4610 ita

521 4647 792 4716 spiritalis
823 4647 1096 4718 ejusmodi
1125 4647 1480 4716 intelligentia
1513 4649 1714 4706 habeat
1741 4669 1755 4718 ;
1791 4666 1954 4719 quam
1987 4651 2104 4706 ior-

522 4739 687 4794 tassis
735 4739 1186 4809 contemplationi
1229 4740 1467 4796 deditior
1515 4744 1732 4797 animus
1780 4742 1927 4797 haud
1979 4758 2103 4813 gra-

520 4837 645 4884 vate
687 4832 902 4901 assequi
937 4841 1122 4902 queat.
1153 4832 1264 4889 Nos
1302 4843 1485 4888 autem
1550 4833 1615 4888 ad
1663 4834 2102 4889 sacratissimum

519 4919 674 4973 illum
709 4931 946 4976 montem
983 4926 1266 4989 abeamus,
1296 4926 1386 4980 ubi
1415 4924 1665 4980 Salvator
1688 4940 1883 4978 manus
1914 4935 2104 4979 exten-

524 5011 660 5067 dens
695 5011 1136 5069 benedictionem
1173 5016 1465 5087 discipulis
1499 5016 1761 5084 impertit.
1803 5015 1973 5070 Sacro
2005 5032 2101 5086 pa-

519 5106 658 5160 riter
687 5105 860 5160 choro
893 5121 1254 5178 aggregemur
1277 5151 1292 5173 ,
1326 5123 1390 5163 ac
1430 5125 1490 5163 ea
1527 5123 1650 5178 quae
1681 5108 1736 5162 in
1773 5118 1955 5162 monte
1980 5124 2103 5178 per-

518 5205 777 5267 aguntur,
813 5199 1082 5254 secretius
1111 5199 1519 5254 condiscamus.
1550 5199 1666 5254 Sub
1696 5199 1818 5255 illas
1847 5213 1948 5254 nos
1985 5214 2099 5252 ma-

519 5305 624 5344 nus
677 5289 1031 5360 ingeramus,
1079 5306 1200 5359 quae
1237 5307 1493 5361 expansae
1524 5291 1847 5362 discipulis,
1898 5307 1962 5346 ac
2007 5308 2104 5362 per

520 5396 614 5435 eos
648 5383 908 5436 universo
963 5383 1169 5436 tnundo
1197 5421 1211 5447 ,
1260 5383 1698 5438 benedictionem
1753 5385 1904 5439 velut
1950 5393 2102 5441 sorte

523 5471 884 5530 distribuunt.
938 5473 1198 5530 Extendit
1241 5475 1386 5530 enim
1449 5492 1602 5533 meus
1646 5475 1809 5532 Jesus
1860 5493 2098 5544 manus,

525 5576 630 5618 non
666 5565 774 5634 jam
803 5566 1097 5625 transiian
1160 5582 1336 5626 nettue
1371 5575 1428 5624 ut
1467 5569 1818 5627 maledictum
1854 5569 1974 5639 ipse
2007 5583 2099 5621 vo-

2280 3006 2544 3062 Βούλεσθε
2583 3011 2677 3064 καὶ
2710 3014 2837 3084 περὶ
2875 3014 2969 3066 τοῦ
3015 3015 3124 3067 τῶν
3153 3016 3372 3086 ἡμερῶν
3399 3016 3631 3086 ἀριθμοῦ
3658 3019 3800 3072 θεω-

2210 3100 2466 3169 ρήσωμεν
2492 3097 2691 3170 ;Οἷμαι
2714 3104 2822 3174 γὰρ
2843 3106 2942 3158 οὐκ
2961 3107 3126 3177 ἄχαρι
3152 3110 3262 3171 τοῖς
3285 3107 3795 3179 θεωρητικωτέροις

2208 3188 2356 3252 δόξαι
2404 3190 2474 3242 τὰ
2518 3192 2924 3264 τεθεωρημένα.
2971 3196 3110 3263 Ἐγὼ
3140 3198 3246 3269 γὰρ
3280 3201 3376 3269 οὐχ
3418 3201 3602 3263 ἁπλῶς
3646 3201 3796 3256 οὕτω

2212 3281 2348 3349 μετά
2407 3281 2506 3352 τὴν
2562 3285 2779 3354 ἔγερσιν
2871 3291 3324 3358 συμπεράνασθαι
3398 3292 3582 3345 τοῦτόν
3649 3312 3797 3362 φημι

2207 3371 2298 3422 τὸν
2339 3372 2573 3444 ἀριθμὸν
2619 3374 2712 3426 τὸν
2753 3377 3052 3448 Δεσπότην,
3084 3381 3206 3432 οὐδὲ
3243 3382 3413 3451 χωρὶς
3451 3384 3610 3451 λόγου
3649 3387 3797 3450 τινὸς

2212 3467 2648 3536 μυστικωτέρου,
2677 3467 2876 3520 αὐτίκα
2924 3472 3060 3538 μετά
3095 3471 3195 3538 τὴν
3242 3473 3637 3543 συμπλήρωσιν
3683 3476 3797 3529 τῶν

2207 3556 2430 3626 ἡμερῶν
2458 3559 2537 3620 εἰς
2564 3559 2829 3628 οὐρανοὺς
2873 3561 3182 3630 ἀναπτῆναι
3229 3565 3318 3615 τὸν
3365 3564 3563 3633 Λόγον.
3628 3566 3794 3622 Ἀλλὰ

2207 3645 2260 3697 τί
2283 3663 2463 3714 φημι;
2520 3647 2770 3718 Ὁρῶμεν
2795 3648 2886 3702 τὸν
2922 3650 3105 3720 νόμον,
3132 3651 3300 3705 τύπον
3343 3653 3452 3705 τῶν
3489 3654 3794 3724 μελλόντων

2209 3737 2520 3807 ἐπέχοντα,
2576 3739 2671 3790 καὶ
2722 3739 2818 3810 τὴν
2881 3741 3090 3793 ἐκεῖθεν
3141 3740 3500 3807 κατάστασιν,
3554 3749 3668 3809 τοῖς
3719 3749 3788 3818 μὴ

2209 3827 2491 3891 παντελῶς
2522 3827 2616 3882 τὸν
2655 3827 2780 3882 νοῦν
2824 3830 3154 3901 ἀναπήροις,
3177 3836 3243 3902 τῇ
3278 3834 3402 3887 καθ’
3443 3837 3634 3889 ἑαυτὸν
3668 3837 3796 3891 Orto-

2210 3921 2470 3990 φαίνοντα
2521 3922 2873 3975 καταστάσει.
2923 3923 3076 3976 Ἐπεὶ
3115 3921 3207 3978 οὖν
3241 3919 3396 3990 οὗτος
3424 3931 3533 3991 τοῖς
3561 3932 3623 3980 ὲκ
3655 3929 3796 3994 φθο-

2212 4011 2312 4081 ρᾶς
2351 4010 2801 4082 ἀποτικτομένοις
2840 4013 2928 4067 διὰ
2954 4014 3050 4068 τοῦ
3081 4015 3317 4086 ἀριθμοῦ
3352 4018 3564 4080 τούτου,
3599 4017 3794 4090 ὥσπερ

2208 4102 2354 4164 τινὸς
2377 4102 2525 4171 ἱεροῦ
2554 4104 2927 4172 είσαγωγέως,
2962 4107 3062 4176 τὴν
3086 4107 3222 4177 πρὸς
3242 4107 3303 4160 τὸ
3327 4108 3483 4177 ἅγιον
3509 4109 3798 4181 ἐχαρίζετο

2209 4194 2433 4258 εἴσοδον,
2487 4194 2574 4247 διὰ
2623 4195 2781 4248 τοῦτο
2824 4198 2917 4249 καὶ
2948 4198 3042 4251 νῦν
3071 4200 3416 4269 πρωτότοκος
3471 4204 3537 4256 ὲκ
3584 4203 3799 4275 νεκρῶν

2209 4285 2442 4353 Χριστὸς
2491 4285 2751 4354 γεγονὼς,
2808 4287 2902 4340 καὶ
2956 4289 3056 4359 τὴν
3106 4289 3416 4361 ἀφθαρσίαν
3474 4295 3799 4362 ἑγκαινίσας

2207 4376 2287 4447 τῷ
2316 4377 2617 4447 πλάσματι,
2653 4379 2788 4448 πρὸς
2823 4380 2882 4432 τὸ
2926 4380 3322 4452 ὑπερουράνιον
3371 4383 3537 4438 αὑτοῦ
3582 4385 3799 4441 είσελὰ-

2212 4486 2321 4522 σων
2357 4469 2801 4540 ἀναλαμϐἁνεται
2859 4472 2938 4524 Τά
2975 4471 3074 4542 μὲν
3108 4473 3201 4528 οὖν
3240 4475 3338 4545 τῆς
3389 4475 3622 4547 θεωρίας
3662 4479 3798 4542 ἴσως

2208 4558 2309 4610 οὐκ
2353 4558 2418 4611 ἂν
2445 4561 2511 4629 τῇ
2557 4558 2871 4630 φιλοθεώρῳ
2907 4560 3115 4632 διανοίᾳ
3145 4561 3512 4618 δυσέντευκτα
3556 4567 3799 4637 ἐσόμενα

2203 4643 2454 4697 τοσοῦτον
2507 4646 2697 4716 ἐχέτω.
2757 4646 2949 4717 Ἡμεῖς
2997 4648 3054 4701 δὲ
3114 4651 3249 4721 πρὸς
3317 4653 3494 4707 ἐκεῖνο
3537 4655 3600 4708 τὸ
3646 4657 3798 4726 ἱερὸν

2203 4739 2330 4809 ὅρος
2388 4736 2661 4807 ἀπίωμεν,
2703 4731 2765 4792 οὗ
2794 4739 2981 4792 ἁπλῶν
3029 4739 3128 4804 τὰς
3184 4745 3373 4814 χεῖρας
3412 4745 3504 4798 τὸν
3549 4745 3653 4814 τῆς
3703 4751 3799 4800 εὖ..

2203 4830 2391 4899 λογίας
2437 4830 2639 4902 κλῆρον
2691 4830 2936 4902 διανέμει
2995 4835 3110 4895 τοῖς
3163 4835 3432 4905 μαθηταῖς
3485 4841 3514 4891 ό
3571 4840 3793 4909 Σωτήρ.

2203 4920 2707 4992 Συναριθμηθῶμεν
2736 4921 2813 4992 τῷ
2845 4922 2974 4992 θείῳ
3018 4923 3184 4994 χορῷ,
3219 4928 3311 4978 καὶ
3340 4927 3410 4980 τὰ
3457 4930 3512 4980 ὲν
3553 4928 3632 5000 τῷ
3673 4930 3797 5001 ὄρει

2209 5014 2848 5084 συμμυσταγωγηθῶμεν
2871 5014 3188 5084 τελούμενα.
3232 5018 3553 5091 ’Υποϐῶμεν
3599 5027 3796 5095 χεῖρας

2205 5107 2441 5170 ὲκείνας,
2495 5106 2552 5158 αἳ
2608 5105 3000 5176 διαπλούμεναι
3027 5107 3126 5179 τὴν
3163 5109 3412 5178 εὐλογίαν
3443 5117 3556 5176 τοῖς
3590 5115 3790 5182 φίλοις,

2208 5198 2303 5250 καὶ
2373 5197 2440 5250 δι’
2499 5197 2679 5250 αὐτῶν
2737 5199 2898 5251 παντὶ
2953 5200 3030 5269 τῷ
3091 5201 3282 5272 κόσμῳ
3345 5204 3788 5275 κληροδοτοῖωιν.

2223 5289 2413 5341 ’Δπλοῖ
2441 5289 2549 5359 γὰρ
2577 5293 2766 5358 χεῖρας
2814 5291 2842 5344 ὁ
2907 5290 3114 5360 Ἰησοῦς
3154 5295 3182 5346 ὁ
3221 5295 3375 5364 ἐμὸς,
3413 5299 3514 5350 οὐκ
3561 5296 3642 5350 ἔτι
3678 5298 3793 5350 δια-

2209 5379 2540 5449 πειρομένας
2572 5396 2586 5410 ⁸
2617 5379 2729 5433 οὐδ’
2781 5379 2868 5435 ἴνα
2911 5383 3073 5437 τοῦτο
3125 5388 3338 5456 κατάρα
3387 5387 3637 5458 κληθείη,
3687 5393 3791 5460 τῆς

2209 5474 2454 5542 κατάρας
2498 5473 2704 5527 ἐκλύων
2753 5475 2853 5544 ἐμέ
2880 5491 2894 5505 '
2949 5477 3064 5530 ἀλλ’
3118 5477 3204 5532 ἵνα
3249 5479 3348 5551 τὴν
3402 5480 3654 5550 εὐλογίαν
3698 5482 3788 5536 διὰ

2209 5567 2318 5620 τῶν
2367 5566 2679 5642 μαθητῶνή
2721 5570 3010 5643 οἰκουμένη
3036 5572 3295 5645 πλουτίσῃ
3321 5590 3337 5606 ο
3367 5573 3456 5628 ἵνα
3485 5573 3584 5645 τὴν
3617 5577 3787 5630 ἁπαν-

1847 5681 2083 5738 νΑΒιΑΞ
2115 5680 2416 5738 LECTlON
2423 5680 2527 5737 ES.

637 5782 646 5815 ι
687 5772 772 5826 ed.
803 5773 1018 5842 ἀνέστη.
