4072 6418
331 355 451 422 117

1132 369 1414 430 ORATIO
1450 372 1554 430 XI.
1583 397 1649 405 -
1691 372 1772 431 1N
1815 373 2252 439 DOMINICAM
2288 378 2908 440 ASSUMPTIONEM.

3545 374 3645 438 118

323 476 529 550 ταχοῦ
625 479 734 551 γῆς
808 479 1221 543 ἐξαπλωθεῖσαν
1303 485 1464 554 χεῖρα
1543 487 1628 539 τοί
1719 487 1965 540 διαϐόλου

2072 501 2246 558 cetur,
2277 496 2371 564 qui
2419 510 2504 548 me
2535 511 2563 548 a
2606 495 2902 548 maledicto
2933 494 3178 550 exsolvat
3212 493 3280 560 ⁸⁵⁸,
3321 493 3415 548 sed
3450 507 3510 549 ut
3551 513 3645 564 per

325 573 739 644 ἁνενέργητον
783 572 937 645 δείξῃ
964 592 979 606 ο
1040 575 1203 628 ἁπλοῖ
1232 581 1441 648 χεῖρας,
1488 579 1803 644 τελευταίας
1830 597 1970 651 παρ-

340 663 625 727 αινέσεις
683 668 808 727 ταῖς
866 665 1117 735 καρδίαις
1165 668 1345 722 αὐτῶν
1379 670 1827 740 ἐπισφραγίζων,
1875 673 1968 726 καὶ

328 756 750 828 παρακροτῶν
778 757 1005 828 εὐλογίᾳ
1038 759 1174 829 πρὸς
1213 760 1274 813 τὸ
1306 762 1449 830 μέγα
1487 761 1578 815 τοῦ
1628 764 1963 834 Εὑαγγελίου

331 848 518 918 ἔργον
549 865 571 881 ’
615 850 698 912 ὡς
748 851 803 903 εἰ
847 867 933 913 τις
987 852 1168 922 πατὴρ
1216 854 1310 905 ἐπὶ
1357 855 1515 907 παισὶ
1561 855 1811 924 φλέγοιτο
1866 859 1964 926 μὲν

330 940 443 1008 τὴν
489 941 695 1012 ψυχὴν
729 941 811 1012 τῷ
851 942 1059 1013 φίλτρῳ
1084 984 1100 1008 ,
1137 945 1286 1012 ὅμως
1326 945 1412 1012 ἐφ’
1454 945 1618 1018 ἔτερα
1660 948 1962 1019 πράγματα

335 1031 589 1100 ἀμείνω
614 1034 975 1102 μεταχωριῖω,
1008 1033 1297 1087 καταλίποι
1350 1036 1579 1103 τούτοις,
1635 1038 1671 1092 ἆ
1718 1040 1856 1102 τέως
1890 1041 1966 1092 δι-

337 1125 592 1190 ῳκεῖτο.
660 1122 804 1177 Ἀλλ’
835 1123 987 1176 οὐδὲν
1024 1119 1135 1176 οἷον
1170 1125 1614 1183 αὐτῶνάκοῦσαι
1647 1131 1754 1183 τῶν
1805 1131 1966 1202 ἱερῶν

342 1215 596 1284 λογίων.
625 1217 692 1269 Τί
718 1215 816 1270 οὖν
839 1216 1024 1269 ἐκεῖνά
1051 1233 1184 1286 φησι
1209 1233 1225 1281 ;

351 1310 478 1377 ipse
539 1310 821 1364 hactenus
869 1309 1260 1366 administrare
1343 1313 1560 1369 soleret.

360 1403 510 1470 Quid
555 1405 724 1473 igitur
755 1403 886 1457 illa?

449 1495 733 1565 Ἐγένετο
754 1495 824 1548 ἐν
849 1493 931 1560 τῷ
957 1496 1233 1564 εὐλογεῖν
1269 1499 1457 1552 αὐτὸν
1476 1501 1720 1568 αὐτοὺς,
1751 1502 1959 1574 διέστη

376 1586 475 1639 ἀπ’
529 1587 746 1640 -αὺτῶν
767 1624 783 1650 ,
853 1586 952 1639 καί
1011 1587 1330 1656 ἀνεφέρετο
1381 1593 1467 1657 εὶς
1523 1593 1629 1645 τὸν
1681 1595 1958 1662 οὐρανόν.

383 1685 448 1736 Ὠ
493 1684 762 1753 θεάματος
815 1684 1032 1753 ἡδίστου
1075 1685 1172 1754 μὲν
1212 1685 1301 1740 διὰ
1330 1686 1429 1756 τὴν
1475 1688 1569 1740 τοῦ
1607 1691 1960 1761 Παρακλήτου

385 1775 716 1842 ἐπαγγελίαν
743 1815 760 1838 ,
818 1776 1077 1845 φέροντος
1129 1776 1186 1829 δέ
1216 1795 1269 1831 τι
1305 1781 1399 1832 καὶ
1438 1782 1682 1848 στυγνὸν,
1730 1783 1805 1846 ὡς
1850 1786 1962 1850 ἐγὼ

385 1863 562 1938 οἶμαι,
601 1871 712 1931 τοῖς
750 1870 1043 1938 μαθηταῖς,
1094 1870 1180 1923 διὰ
1244 1871 1341 1938 τὴν
1395 1873 1576 1926 οὐκέτι
1625 1875 1743 1944 μετ’
1784 1876 1963 1929 αὐτῶν

391 1959 653 2030 ἐσομένην
699 1961 859 2029 σαρκὶ
887 1961 1145 2028 γλυκεῖαν
1171 1961 1263 2014 τοῦ
1287 1963 1622 2018 Διδασκάλου
1653 1968 1963 2036 παρουσίαν

398 2049 491 2101 καὶ
519 2049 875 2119 ἀναστροφήν.
935 2049 996 2100 Et
1047 2050 1154 2118 γὰρ
1201 2049 1296 2103 καὶ
1348 2052 1565 2104 πάντων
1615 2052 1968 2122 ἀνθρωπίνων

409 2141 674 2193 ἀπωτάτω
697 2141 1056 2208 διεστήκεσαν,
1087 2141 1222 2194 ἀλλὰ
1253 2141 1411 2195 τοῦτό
1439 2160 1502 2210 γε
1542 2143 1642 2195 οὐκ
1685 2143 1751 2197 ἂν
1799 2145 1966 2215 φαίην

420 2231 610 2293 αὐτοὺς
652 2232 725 2300 μὴ
772 2231 966 2291 παθεῖν,
1016 2233 1079 2284 τὸ
1117 2231 1190 2302 μὴ
1229 2232 1480 2302 δριμεῖαν
1509 2234 1701 2304 ὀδύνην
1734 2235 1824 2288 διὰ
1859 2237 1967 2288 τῶν

428 2320 667 2387 ἐγκάτων
692 2321 862 2372 ἐλάσαι
909 2321 1110 2384 αὐτῶν,
1147 2318 1228 2385 οἷς
1266 2321 1452 2392 ἐώρων
1495 2324 1588 2378 τὸν
1635 2324 1720 2394 ἐφ’
1765 2325 1824 2379 ὃν
1871 2328 1968 2379 ἀν·-

420 2410 608 2463 έθεσαν
629 2411 773 2472 ὅλους
793 2412 1033 2475 ἑαυτοὺς,
1059 2412 1246 2465 τοῦτον
1269 2415 1364 2466 ἀπ’
1401 2414 1582 2467 αὐτῶν
1602 2415 1964 2486 διιστάμενον.

410 2501 469 2554 Εἰ
496 2503 623 2572 γὰρ,
651 2503 767 2554 ἐπεὶ
793 2503 896 2572 πρὸ
923 2503 1018 2556 τοῦ
1043 2503 1246 2566 πάθους
1271 2507 1300 2558 ό
1333 2506 1524 2575 Σωτὴρ
1553 2506 1759 2574 ἔλεγεν,
1785 2508 1858 2570 ὡς
1883 2509 1966 2579 εἰη

405 2593 590 2664 καιρὸς
613 2595 845 2657 ἐκείνους
881 2595 980 2647 αέν
1014 2595 1192 2648 λιπεῖν
1223 2637 1237 2656 ,
1282 2595 1540 2648 ἀπελθεῖν
1573 2597 1628 2649 δὲ
1670 2598 1804 2669 πρὸς
1829 2601 1967 2651 ἀπο-

398 2685 680 2738 στείλαντα
711 2686 801 2738 τὸν
836 2687 1054 2755 Πατέρα
1082 2727 1098 2750 ,
1144 2687 1349 2739 τούτων
1388 2687 1677 2752 ἀκούοντες
1709 2691 1801 2741 ὑπ’
1835 2689 1969 2742 ἀθυ-

391 2779 528 2848 μίας
559 2780 894 2847 κεκάρωντο,
940 2779 1117 2831 καίτοι
1143 2779 1230 2831 ἐπ’
1261 2778 1450 2838 ὄψεσιν
1470 2781 1652 2833 αὐτῶν
1680 2782 1970 2851 ὁμιλοῦντα

381 2870 623 2942 ὁρῶντες
649 2887 664 2899 ·
699 2872 844 2934 τίνες
883 2871 949 2924 ἂν
991 2871 1339 2938 ἐγεγόνεισαν
1385 2873 1504 2925 τότε
1549 2874 1742 2944 μόνους
1773 2877 1969 2937 αὐτοὺς

382 2962 622 3034 δρῶντες
661 2963 1168 3030 καταλιπομένους;
1214 2963 1520 3017 Ἐνεννόουν
1582 2965 1679 3032 μὲν
1733 2966 1862 3036 γὰρ,
1895 2968 1970 3030 ὡς

377 3055 556 3117 εἰκὸς.
613 3053 690 3123 τῷ
737 3055 867 3124 θείῳ
922 3055 1020 3124 τῆς
1049 3054 1237 3106 ἀνόδου
1269 3054 1366 3124 τὴν
1447 3056 1743 3125 κυριότητα
1793 3057 1972 3126 πάσης

375 3148 621 3210 κτίσεως
674 3146 766 3199 τοῦ
827 3145 1144 3199 διδασκάλου
1173 3164 1187 3176 ⁸
1249 3147 1350 3200 οὐκ
1417 3147 1689 3200 ἀπέϐαλον
1749 3148 1806 3226 δέ
1869 3149 1972 3218 τῆς

2072 585 2378 654 discipulos
2434 588 2724 640 universus
2779 585 3141 654 locupletetur
3191 585 3342 655 orbis
3403 602 3418 639 :
3478 595 3646 655 utque

2072 675 2275 731 diaboli
2293 689 2510 741 manus,
2538 683 2651 730 toto
2669 682 2938 728 terrarum
2962 675 3092 729 orbe
3115 683 3460 744 exporrecta,
3486 675 3642 730 irrita

2072 767 2333 821 reddatur
2366 783 2431 822 ac
2454 767 2721 821 ineillcax.
2755 765 3008 836 Explicat
3045 781 3262 829 manus,
3300 776 3360 822 ut
3389 781 3644 836 suprema

2069 862 2274 914 monita
2324 859 2378 912 in
2423 860 2683 914 cordibus
2728 874 2915 914 cormn
2948 859 3258 928 consignet,
3312 874 3376 914 ac
3421 858 3645 913 benedi—

2067 953 2249 1006 ctione
2282 951 2349 1004 ad
2378 952 2641 1006 eximium
2694 950 2976 1020 Evangelii
3019 950 3351 1020 praedicandi
3394 950 3643 1004 ministe-

2067 1043 2209 1098 rium
2257 1043 2470 1106 incitet,
2509 1057 2664 1096 more
2701 1043 2872 1110 patris
2907 1040 3044 1095 ﬁlios
3076 1056 3209 1096 suos
3252 1041 3549 1095 tenerrime
3575 1053 3640 1093 ac

2073 1135 2459 1190 ardentissime
2493 1136 2732 1188 amantis
2765 1153 2776 1187 :
2808 1135 2902 1204 qui
2927 1135 3231 1203 potioribus
3255 1133 3376 1188 aliis
3405 1147 3640 1187 evocan-

2059 1231 2206 1283 tibus
2236 1229 2325 1282 vix
2360 1228 2566 1282 invitus
2607 1226 2908 1290 recedens,
2949 1226 3020 1281 iis
3060 1226 3148 1279 illa
3190 1226 3495 1279 committat
3523 1238 3642 1294 qua:

1644 1317 1842 1372 Verum
1895 1321 2032 1376 nihil
2071 1325 2246 1378 satius
2293 1337 2456 1394 quam
2517 1331 2576 1376 ut
2622 1323 2808 1378 divina
2874 1321 2991 1388 ipsa
3051 1321 3275 1374 oracula
3327 1320 3638 1374 audiamus-

2140 1509 2206 1563 Et
2243 1510 2445 1577 factum
2478 1513 2556 1558 est
2582 1543 2596 1563 ,
2638 1503 2764 1554 dum
2795 1499 3115 1553 benediceret
3146 1497 3257 1550 illis
3284 1535 3300 1560 ,
3334 1497 3547 1550 recessit
3575 1495 3641 1547 ab

2063 1601 2160 1663 eis,
2202 1607 2250 1652 et
2292 1597 2560 1666 ferebatur
2591 1595 2645 1646 in
2689 1591 2876 1646 cazlum
2920 1591 2988 1643 '9.
3027 1588 3071 1644 Ο
3113 1587 3508 1658 spectaculum,
3550 1586 3641 1655 ju-

2065 1692 2468 1748 cundissimum
2499 1689 2718 1758 quidem
2757 1693 2979 1756 propter
3023 1684 3350 1752 prOmissum
3389 1680 3644 1734 Par-acle-

2068 1795 2205 1846 tmn,
2238 1793 2298 1836 ut
2326 1789 2508 1834 tamen
2545 1787 2678 1850 puto
2706 1779 2872 1832 etiam
2909 1777 3142 1830 tristitiae
3176 1773 3379 1843 aliquid
3409 1773 3644 1840 discipu-

2066 1874 2133 1927 lis
2156 1871 2373 1927 afferret
2401 1888 2414 1934 ;
2469 1885 2536 1923 eo
2567 1869 2711 1937 quod
2755 1868 2808 1920 in
2851 1874 3128 1934 posterum
3162 1879 3269 1916 non
3312 1871 3496 1919 essent
3525 1879 3644 1916 am-

2070 1966 2216 2036 plius
2242 1962 2463 2017 fruituri
2499 1961 2645 2015 dulci
2705 1961 2796 2013 illa
2826 1957 3068 2026 Magistri
3116 1955 3404 2024 praesentia
3448 1969 3642 2008 secun‘

2069 2057 2199 2110 dum
2239 2069 2458 2107 carnem
2515 2062 2677 2119 atque
2724 2049 3005 2103 convictu.
3077 2045 3213 2099 Nam
3255 2045 3359 2100 etsi
3393 2045 3462 2099 ab
3492 2045 3642 2099 omni

2072 2148 2311 2200 humano
2333 2143 2530 2196 affectu
2562 2157 2725 2212 quam
2752 2140 3071 2207 longissime
3106 2145 3466 2199 recesserant,
3496 2134 3641 2188 haud

2073 2249 2247 2290 tamen
2279 2235 2402 2304 jure
2446 2233 2763 2286 alﬁrmarim
2809 2231 2947 2284 nihil
2978 2244 3072 2283 eos
3101 2227 3325 2282 affectus
3361 2241 3504 2287 esse,
3543 2242 3643 2280 ne-

2069 2345 2175 2400 que
2198 2328 2408 2383 intimis
2432 2325 2739 2380 visceribus
2771 2325 2884 2378 acri
2920 2323 3111 2376 dolore
3133 2321 3304 2375 fuisse
3335 2320 3640 2390 perculsos,

2071 2434 2193 2473 cum
2229 2433 2354 2473 eum
2387 2418 2440 2470 in
2468 2430 2576 2484 quo
2613 2429 2806 2468 omnes
2839 2429 2964 2482 spes
3001 2429 3130 2467 suas
3170 2411 3302 2466 sitas
3331 2410 3641 2472 habebant,

2071 2525 2134 2563 ac
2163 2509 2251 2563 cui
2288 2524 2347 2563 se
2381 2519 2527 2561 totos
2570 2505 2918 2568 addixeram,
2944 2504 3012 2558 ab
3053 2505 3185 2573 ipsis
3222 2503 3337 2568 jam
3372 2501 3643 2572 segregari

2071 2603 2318 2658 viderent
2345 2603 2413 2655 '°.
2470 2600 2525 2654 Si
2577 2601 2724 2653 enim
2767 2607 2893 2652 ante
2941 2599 3248 2657 passionem
3294 2610 3470 2661 suam,
3519 2609 3644 2649 cum

2073 2694 2336 2748 Dominus
2367 2692 2599 2769 dixisset
2641 2689 2937 2744 adventare
2966 2699 3177 2758 tempus
3219 2697 3278 2742 ut
3313 2688 3462 2757 ipsos
3487 2686 3645 2741 dese-

2073 2795 2237 2847 reret,
2262 2790 2318 2838 et
2355 2784 2420 2836 ad
2443 2798 2568 2837 eum
2595 2796 2626 2834 a
2655 2796 2765 2850 quo
2790 2781 2998 2835 missus
3026 2779 3224 2843 fuerat,
3257 2787 3643 2840 reverteretur,

2071 2893 2183 2948 pra:
2230 2877 2492 2946 languore
2524 2874 2725 2929 mentis
2769 2874 2821 2926 in
2854 2887 3071 2943 gravem
3116 2885 3403 2924 maerorem
3445 2869 3658 2924 incides

2072 2980 2236 3034 runt,
2271 2982 2586 3036 quanquam
2631 2965 2810 3034 ipsum
2843 2979 3028 3018 coram
3075 2963 3438 3026 intuerentur,
3473 2976 3536 3015 ac
3565 2961 3645 3015 lo-
3675 2995 3686 3002 ν

2073 3069 2332 3130 quenlem
2371 3059 2627 3112 audirent
2657 3072 2671 3110 :
2709 3057 2837 3131 quid
2881 3055 2986 3110 illis
3023 3055 3274 3109 evenisse
3308 3054 3642 3108 censendum

2075 3161 2184 3216 est,
2227 3159 2516 3220 postquam
2562 3163 2621 3203 se
2669 3149 2819 3202 solos
2862 3148 3082 3201 relictos
3131 3145 3435 3215 conspicati
3470 3143 3647 3198 sunt?

376 3239 634 3308 μνήμης.
686 3238 716 3291 ὃ
763 3239 1061 3302 ἐπέσταζεν
1109 3240 1206 3310 ἡδὺ
1256 3241 1377 3302 ταῖς
1427 3239 1628 3309 ψυχαῖς
1686 3241 1887 3307 αὐτῶν,
1935 3243 1968 3312 ἡ

2072 3241 2206 3296 Nam
2240 3241 2425 3294 animo
2445 3240 2663 3310 quidem
2690 3253 2876 3294 secum
2901 3238 3190 3292 volvebant
3242 3251 3305 3289 ac
3331 3235 3646 3304 cogitabant

377 3332 598 3384 ἐκείνου
652 3330 794 3400 μετὰ
839 3331 1043 3398 σαρκὸς
1080 3332 1368 3402 παρουσία.
1421 3335 1631 3387 Ἀνεισι
1679 3336 1966 3406 τοιγαροῦν

383 3423 478 3474 ἐπὶ
530 3422 642 3476 τῶν
689 3422 926 3491 νεφελῶν
972 3425 1001 3476 ὀ
1051 3423 1263 3494 Σωτὴρ,
1304 3425 1398 3477 καὶ
1451 3427 1578 3487 τοὺς
1633 3425 1966 3494 ὀφθαλμοὺς,

381 3511 581 3578 ὥσπερ
615 3512 712 3564 σὺν
744 3513 935 3584 ἐκείνῳ
967 3515 1239 3581 ἀφιέντες,
1289 3515 1382 3567 τοῦ
1434 3516 1705 3586 μακαρίου
1759 3517 1968 3572 ἐκείνου

378 3601 667 3672 θεάματος
695 3602 1081 3673 ἑξεκρέμαντο,
1127 3605 1189 3657 οὐ
1235 3605 1548 3675 βουλόμενοι
1603 3607 1813 3661 ἐκεῖθεν
1844 3609 1973 3662 καθ-

377 3693 572 3746 έλκειν
618 3695 717 3757 τὰς
764 3696 933 3766 κόρας
963 3711 977 3724 '
1031 3697 1228 3765 ἤκουον
1299 3697 1356 3750 δὲ
1405 3697 1610 3751 ἄνωθεν
1670 3699 1922 3768 βοώντων
1954 3719 1966 3734 ’

384 3789 454 3842 Τί
509 3787 701 3852 οὕτως
767 3787 1060 3854 ἑστήκατε
1108 3789 1486 3855 ,βλέποντες
1543 3792 1636 3845 καὶ
1683 3791 1760 3855 ὡς
1815 3794 1972 3847 ἴδοιεν

379 3879 554 3932 πάλιν
581 3877 800 3948 ἥξοντα,
843 3878 1027 3939 καθὼς
1073 3880 1272 3950 ὁρῶσιν
1315 3881 1831 3953 ἀναλαμϐανόμενον
1877 3885 1977 3955 ’1η-

388 3972 538 4024 σοῦν.
596 3970 663 4022 Τί
720 3970 917 4038 τοῦτος
967 3972 1130 4039 Μέγα
1176 3975 1270 4025 καὶ
1309 3973 1469 4026 τοῦτο
1510 3975 1590 4036 εἰς
1625 3975 1973 4045 παραμύθιον

391 4062 498 4123 τοῖς
517 4059 808 4129 μαθηταῖς.
836 4061 1132 4129 Μονονουχὶ
1156 4063 1264 4131 γὰρ
1285 4063 1318 4130 ἡ
1344 4065 1493 4134 φωνὴ
1518 4065 1699 4118 ἐλάλει
1723 4067 1974 4134 ’Ἄνδρες

399 4149 690 4216 Γαλιλαῖοι,
724 4152 822 4203 οὐκ
877 4154 960 4214 εἰς
1004 4153 1152 4218 ἆπαξ
1206 4153 1360 4222 ὑμῶν
1407 4155 1436 4206 ὁ
1484 4157 1818 4220 Διδάσκαλος
1869 4175 1974 4228 χω-

396 4243 603 4316 ρίζεται
636 4261 652 4276 ο
688 4245 796 4297 οὐδ’
847 4245 985 4315 ὅπερ
1021 4239 1089 4314 ἦν
1137 4245 1310 4299 συνὼν
1358 4248 1484 4316 ὑμῖν
1521 4249 1976 4320 ἀποσκευασάμε-

386 4354 500 4400 νος,
532 4337 652 4398 δέος
695 4337 1011 4406 ἐμποιήσει,
1041 4335 1139 4406 τὴν
1163 4337 1300 4406 πρὸς
1329 4339 1490 4391 αὑτὸν
1519 4340 1672 4410 ὑμῶν
1719 4340 1978 4410 διακοπῆ-

384 4448 476 4484 ναι
535 4429 847 4500 οἱκειότητα
874 4445 889 4460 ο
943 4428 1060 4481 ἀλλ’
1109 4429 1162 4480 εἴ
1205 4447 1269 4497 γε
1301 4431 1551 4499 ἀκριϐεῖς
1582 4433 1690 4486 τῶν
1746 4435 1978 4488 ἐντολῶν

387 4521 761 4590 κατασταίητε
787 4521 1048 4590 φύλακες,
1069 4520 1264 4590 ὄψεσθε
1284 4523 1444 4575 πάλιν
1474 4525 1659 4588 αὑτὸν,
1693 4525 1768 4586 ὡς
1788 4528 1974 4595 ὁρᾶτε,

2074 3351 2143 3388 ex
2181 3334 2366 3388 divino
2401 3333 2493 3386 illo
2527 3346 2761 3387 ascensu
2787 3370 2802 3393 ,
2848 3331 3141 3399 pollentem
3184 3327 3500 3398 Magistrum
3544 3326 3646 3379 do-

2073 3425 2243 3479 minio
2275 3425 2328 3478 in
2366 3439 2557 3478 omnes
2605 3431 2929 3477 creaturas:
2969 3421 3112 3474 haud
3166 3427 3404 3472 attamen
3448 3431 3649 3471 memor-

2074 3522 2154 3575 ria
2186 3519 2475 3576 excidebat
2506 3519 2737 3574 dulcedo
2764 3518 2856 3571 illa
2898 3531 3062 3586 quam
3103 3514 3183 3570 eis
3231 3514 3389 3584 quasi
3419 3511 3649 3566 instilla-

2074 3613 2206 3675 bat,
2266 3612 2414 3668 illius
2468 3611 2522 3664 in
2584 3625 2748 3664 carne
2811 3608 3099 3678 praesentia
3163 3621 3227 3660 ac
3284 3602 3646 3660 consuetudo.

2073 3703 2333 3758 Ascendit
2367 3717 2499 3771 ergo
2544 3700 2797 3755 Salvator
2839 3715 3004 3769 super
3053 3699 3268 3756 nubes:
3301 3712 3537 3766 eumque
3570 3695 3648 3749 illi

2075 3791 2253 3845 oculis
2271 3791 2550 3854 comitati,
2582 3791 2740 3844 beato
2769 3790 2864 3843 illo
2881 3791 3196 3858 spectaculo
3227 3789 3382 3857 quasi
3398 3787 3648 3856 suspensi

2075 3884 2434 3942 tenebantur,
2473 3897 2648 3950 neque
2685 3881 2810 3936 inde
2866 3881 3154 3950 palpebras
3206 3890 3452 3934 avertere
3502 3879 3648 3934 fere-

2077 3974 2225 4028 bant.
2258 3973 2564 4027 Audierunt
2593 3989 2723 4027 vero
2751 3974 2842 4042 qui
2873 3973 2940 4027 de
2971 3974 3124 4027 cmlis
3146 3975 3198 4026 in
3235 3974 3331 4028 has
3356 3987 3514 4026 voces
3537 3972 3650 4025 cla-

2077 4077 2286 4121 marent
2320 4085 2333 4120 :
2368 4066 2509 4132 Quid
2538 4068 2616 4120 sic
2644 4067 2803 4120 statis
2837 4068 3144 4136 aspicientes
3176 4068 3262 4120 "‘2
3296 4068 3498 4137 quique
3531 4067 3648 4122 fore

2076 4161 2410 4222 nuntiarent,
2448 4165 2504 4211 ut
2535 4156 2786 4212 cm'ndem
2809 4156 2994 4212 .lesutn
3023 4159 3216 4212 iterum
3244 4157 3411 4210 visuri
3436 4163 3645 4220 essent,

2074 4266 2182 4320 qua
2226 4267 2350 4305 eum
2381 4251 2601 4304 ratione
2639 4252 2844 4304 assumi
2876 4250 3153 4304 videbant.
3192 4249 3335 4314 Quid
3378 4250 3482 4303 hoc
3529 4248 3651 4302 rei?

2075 4340 2364 4412 Egregium
2405 4339 2660 4411 quiddam
2715 4350 2770 4394 et
2825 4340 2892 4394 ad
2940 4340 3307 4395 consolandos
3348 4338 3648 4407 discipulos

2077 4447 2340 4501 perquam
2392 4431 2887 4485 accommodatum.
2929 4429 3163 4484 Tantum
3191 4430 3334 4483 enim
3363 4445 3468 4484 non
3502 4430 3652 4482 dicc-

2079 4523 2169 4576 bat
2199 4523 2290 4576 illa
2319 4537 2420 4574 vox
2459 4541 2471 4576 :
2509 4521 2624 4575 Viri
2653 4521 2893 4586 Galilmi,
2925 4519 3180 4590 Magister
3227 4534 3333 4574 non
3363 4519 3588 4574 omnino
3618 4534 3649 4572 a

392 4613 569 4683 μηδὲν
615 4630 669 4664 τι
711 4612 813 4681 τῆς
857 4612 954 4665 νῦν
1008 4613 1348 4676 διαστάσεως
1384 4615 1594 4668 ἀλλοῖον
1635 4616 1969 4686 διατεθείσης

2079 4615 2232 4668 vobis
2261 4625 2567 4681 separatur,
2612 4627 2790 4683 neque
2831 4619 2916 4666 est
2944 4611 3089 4680 quod
3122 4609 3415 4664 vereamini
3450 4607 3568 4662 fore
3589 4615 3650 4660 ut

383 4705 579 4760 αὐτόν.
601 4705 691 4773 Μή
715 4721 798 4768 τις
827 4700 921 4758 οὖν
952 4705 1100 4775 ὑμᾶς
1131 4709 1466 4760 κατασειέτω
1505 4707 1784 4777 λογισμός.
1825 4711 1978 4779 Μνη-

389 4795 659 4867 μονεύετε
689 4788 764 4848 ὧν
796 4793 950 4849 εἶπεν
982 4796 1062 4849 ἐτι
1095 4796 1270 4850 συνὼν
1318 4799 1467 4868 ὑμῖν,
1514 4798 1590 4862 ῶς
1640 4801 1736 4852 σὺν
1784 4800 1979 4869 ἐκείνῳ

384 4888 488 4941 ἐπὶ
551 4887 742 4957 θρόνου
799 4887 1100 4957 καθήμενοι
1163 4892 1401 4958 κρινεῖτε
1453 4889 1546 4944 τὸν
1621 4891 1862 4962 Ἰσραήλ.
1917 4892 1980 4944 Εἰ

383 4979 437 5032 δ’
471 4978 828 5042 ἐπελάθεσθε,
865 4978 1003 5030 ἀλλὰ
1041 4978 1136 5030 νῦν
1167 4974 1247 5040 οἷς
1277 4979 1528 5042 ἀκούετε,
1576 4980 1800 5034 ἐκείνων
1847 4982 1978 5034 ἀνα-

385 5069 700 5139 ζωπυρεῑτε
742 5072 842 5138 τὴν
892 5071 1134 5141 μνήμηνο
1169 5067 1357 5136 Οὗτος
1387 5073 1419 5124 ό
1470 5071 1710 5139 Ἰησοῦς
1746 5073 1973 5139 ἀναλη-

385 5161 565 5231 φθεὶς
609 5162 709 5230 ἀφ’
737 5161 901 5231 ὑμῶν
923 5165 1012 5228 εὶς
1038 5161 1146 5215 τὸν
1181 5162 1461 5230 οὐρανὸν,
1501 5162 1688 5228 οὕτως
1733 5163 1979 5216 ἐλεύσε-

386 5271 510 5316 ται.
568 5254 642 5306 ὃν
687 5257 907 5321 τρόπον
960 5251 1296 5308 ἐθεάσασθε
1344 5252 1531 5306 αὑτὸν
1575 5255 1981 5323 πορευόμενον

386 5349 480 5410 εὶς
507 5345 914 5412 τόνούραγόν.
947 5345 1134 5398 Ταῦτα
1162 5345 1211 5398 οί
1240 5345 1340 5414 μὲν
1364 5347 1701 5414 ἐπεφώνουν.

2075 4717 2103 4755 a
2136 4702 2295 4757 vobis
2340 4701 2626 4773 digressus
2655 4743 2670 4768 ,
2722 4702 3157 4756 benevolentiam
3192 4699 3338 4752 illam
3375 4713 3502 4766 erga
3529 4711 3648 4762 vos,

2072 4810 2236 4864 quam
2283 4809 2520 4864 praesens
2550 4810 2660 4864 prae
2696 4810 2755 4849 se
2787 4792 3025 4855 ferebat,
3063 4791 3356 4845 intercidat
3398 4807 3414 4843 ι
3459 4789 3562 4845 sed
3601 4791 3647 4842 si

2072 4889 2329 4941 mandata
2385 4887 2509 4957 ejus
2569 4896 2826 4940 accurate
2886 4882 3340 4944 observaveritis,
3389 4879 3648 4935 videbitis

2075 4995 2270 5035 rursus
2300 4995 2448 5043 eum,
2476 4987 2537 5033 ut
2568 4977 2681 5048 jam
2725 4978 2952 5041 videtis,
3009 4991 3184 5045 neque
3239 4973 3509 5040 seiunctio
3536 4973 3649 5027 ulla

2078 5070 2292 5124 ratione
2316 5086 2345 5123 a
2373 5069 2529 5126 vobis
2549 5070 2784 5123 alienum
2817 5066 3026 5121 reddet.
3060 5065 3138 5121 Ne
3167 5067 3336 5137 igitur
3356 5063 3652 5135 cogitatio-

2083 5179 2180 5219 nes
2213 5172 2412 5219 vestraa
2440 5179 2535 5218 vos
2565 5160 2912 5216 conturbent.
2945 5159 3218 5212 [{evncate
3247 5158 3302 5211 in
3329 5156 3648 5210 memoriam

2083 5271 2146 5311 ea
2191 5273 2312 5326 quae
2359 5270 2597 5326 praesens
2647 5250 2804 5308 vobis
2841 5250 2981 5305 dixit
3012 5249 3096 5304 “z
3130 5249 3250 5303 fore
3287 5248 3545 5301 nimirum
3593 5256 3652 5301 ut

2084 5363 2207 5401 cum
2241 5365 2308 5403 eo
2333 5349 2566 5404 sedcatis
2589 5362 2752 5416 super
2771 5345 3026 5400 thronum
3045 5341 3343 5412 judicaturi
3372 5339 3646 5395 lsraelem.

388 5439 556 5508 Quod
587 5441 632 5494 si
669 5441 784 5495 bazc
814 5439 1076 5495 oblivioni
1124 5440 1468 5502 tradidistis,
1509 5449 1564 5492 at
1607 5438 1718 5506 jam
1750 5453 1812 5492 ex
1847 5438 1932 5492 his
1960 5477 1976 5500 ,
2017 5455 2138 5508 quae
2168 5441 2369 5494 auditis
2393 5480 2407 5505 ,
2441 5441 2760 5494 memoriam
2795 5443 3050 5492 revocate
3082 5451 3097 5488 :
3133 5435 3231 5488 llic
3297 5431 3489 5496 Iesus,
3558 5434 3650 5502 qui

387 5541 695 5600 assumptus
724 5541 803 5587 est
831 5549 865 5586 a
901 5531 1041 5586 vobis
1069 5533 1122 5586 in
1154 5534 1368 5596 cretum,
1393 5532 1469 5586 sic
1499 5533 1684 5597 veniet,
1710 5532 2150 5587 auemadmodum
2186 5534 2388 5588 vidistis
2449 5550 2566 5588 eum
2632 5542 2836 5588 euntem
2876 5531 2930 5582 in
2995 5528 3180 5581 catlum
3206 5526 3272 5580 ⁹³.
3343 5524 3470 5579 Haec
3516 5524 3646 5582 oui-

386 5629 516 5680 dctn
548 5624 636 5678 isti
664 5625 1063 5680 inclamabant.

464 5805 511 5838 "
550 5804 722 5861 Galat.
758 5822 809 5871 γ,
862 5805 951 5859 13.
1029 5803 1075 5837 ⁶⁹
1112 5802 1245 5859 Luc.
1279 5818 1424 5868 xstv,
1459 5803 1510 5858 5.

1591 5802 1634 5834 °°
1696 5799 1850 5858 Joan.
1896 5817 2005 5870 xw,
2038 5803 2089 5858 6.

2170 5801 2209 5832 ⁹¹
2255 5800 2372 5856 Act.
2410 5815 2446 5865 l,
2492 5798 2575 5854 lO.
2652 5797 2695 5828 θ’
2727 5795 2917 5852 Matth.
2954 5811 3064 5862 xu,
3092 5792 3182 5850 ‘28.
3258 5795 3303 5829 "
3329 5794 3450 5850 Act.
3488 5794 3643 5860 1,10.
