4072 6492
424 393 528 453 119

1689 390 1965 452 LEONlS
1995 386 2447 449 PHILOSOPHI

3571 379 3681 443 1‘20

495 504 601 557 Alii
635 519 788 567 vero,
822 510 881 556 ut
915 511 1081 570 portae
1113 500 1496 554 attollerentur
1529 500 1842 561 nionebant,
1865 515 2006 552 nun-

2178 496 2243 547 Οἱ
2289 494 2346 546 δὲ
2387 492 2496 545 τῶν
2529 490 2714 544 πυλῶν
2740 489 3043 559 ὲκέκραγον
3088 502 3339 557 επαρσιν,
3378 493 3499 553 ταῖς
3541 492 3679 544 ἀνω·

423 595 623 649 tiames
676 591 1060 661 superioribus
1116 588 1421 643 Virtutibus
1469 588 1631 658 Regis
1681 588 1867 657 gloria:
1909 590 2004 640 ad-

429 697 672 743 ventum.
704 689 772 737 At
797 684 904 737 illae
933 722 948 747 ,
993 697 1136 735 nevo
1180 685 1373 736 nuntio
1399 682 1815 751 obstupefacta,
1849 696 2004 751 roga-

2106 589 2294 657 τέραις
2342 584 2660 652 Δυνάμεσι,
2714 584 2813 651 τῆς
2870 582 3029 649 δόξης
3084 582 3240 651 ήκειν
3300 582 3388 634 τὸν
3446 583 3682 637 Βασιλέα

2112 676 2427 748 μηνύοντες.
2476 676 2542 727 Αἱ
2577 675 2655 736 δὲ,
2688 673 2765 742 τῷ
2794 672 2928 743 ξένῳ
2960 672 3054 725 τοῦ
3088 675 3411 743 πράγματος
3443 673 3683 745 ἐκπλητ-

430 781 561 834 bant
592 797 605 831 :
633 778 764 841 Quis
792 785 871 830 est
924 776 1026 829 iste
1076 773 1188 828 Rea:
1233 775 1417 844 gloria:
1449 774 1533 826 9"?
1563 772 1868 837 Nimirum,
1912 773 2002 842 qui

2123 771 2328 840 :6p.svatt
2352 783 2364 795 '
2400 768 2496 831 Τίς
2519 769 2550 818 ό
2568 765 2684 831 τῆς
2706 766 2909 832 δόξης,
2937 766 3322 827 ἐπυνθάνοντο,
3345 766 3682 831 βίισιλεύςς

430 875 753 925 descensum
836 883 944 922 non
1018 869 1430 935 intellexerant,
1537 867 1889 922 subdubitant
1941 866 2006 919 de

432 978 681 1016 ascensu.
737 960 1106 1015 Nihilominus
1168 971 1349 1013 tamen
1405 968 1594 1029 portas
1651 960 1917 1029 pandunt,
1944 972 2006 1011 ac

426 1052 561 1121 ’Κειςί
588 1053 811 1103 obviam
851 1050 1191 1120 procedunt;
1225 1051 1541 1118 stipantque
1587 1059 1642 1103 et
1678 1052 2008 1102 comitantur

426 1159 557 1196 eum
577 1144 667 1211 qui
694 1152 885 1196 nostro
910 1144 1129 1197 nomine
1153 1142 1521 1196 obedientiam
1547 1140 1692 1195 Patri
1721 1140 2004 1195 oﬂ‘erebat:

435 1249 598 1304 atque
623 1236 675 1288 in
707 1236 877 1304 gloria
913 1235 1217 1303 majestatis
1248 1234 1462 1289 sedenti
1484 1235 1725 1288 astitere.
1756 1234 1871 1287 Hoc
1902 1233 2010 1286 dis-

436 1326 774 1393 pensationis
800 1326 947 1379 circa
988 1341 1087 1378 nos
1120 1335 1353 1393 peraclze
1382 1326 1863 1392 complementum.
1893 1323 2009 1377 Hoc

438 1414 558 1481 ejus
601 1416 692 1483 qui
720 1416 1041 1468 incarnatus
1080 1414 1293 1478 fuerat,
1340 1414 1580 1468 studium
1623 1429 1687 1466 ac
1747 1412 1898 1467 labor
1931 1415 2012 1467 in-

441 1505 733 1561 defessus:
771 1514 829 1561 ut
861 1508 1117 1559 nimirum
1170 1508 1446 1560 hominem
1489 1521 1585 1574 per
1628 1505 1885 1559 invidiam
1926 1508 2012 1560 tle-

438 1597 665 1664 jcctum,
690 1611 851 1665 atque
875 1597 939 1649 ad
969 1606 1237 1650 terrenam
1260 1606 1460 1649 sortem
1482 1595 1783 1662 delapsum,
1814 1595 2009 1648 nedum

444 1690 511 1743 ad
559 1690 916 1743 immortalem
962 1699 1161 1741 statum
1214 1690 1499 1743 reduceret
1528 1727 1543 1750 ,
1587 1688 1681 1740 sed
1731 1696 1787 1741 et
1832 1702 2013 1755 regem

444 1790 711 1842 creatum.
748 1782 957 1834 caelesti
991 1782 1155 1839 solio.
1200 1796 1265 1833 ex
1302 1796 1415 1848 quo
1438 1779 1659 1833 invidus
1690 1780 1777 1831 ille
1798 1778 2015 1832 excide-

445 1882 528 1928 rat
558 1914 574 1938 ,
624 1873 961 1942 dignaretur.
988 1873 1075 1935 At,
1112 1888 1143 1925 ο
1170 1871 1261 1925 Dei
1295 1869 1556 1934 Verbum,
1582 1871 1672 1938 qui
1710 1872 1777 1924 ad
1808 1878 2012 1923 tantam

444 1964 672 2034 gloriam
721 1972 970 2016 nostrum
1030 1962 1303 2031 pulverem
1363 1962 1589 2015 evexisti
1627 2000 1642 2024 ,
1695 1961 1787 2031 qui
1828 1960 2011 2013 divina

444 2055 627 2107 omnia
662 2054 949 2121 majestate
1002 2055 1178 2123 reples
1207 2092 1222 2117 ,
1263 2053 1357 2123 qui
1408 2054 1474 2109 iis
1520 2053 1690 2120 quite
1742 2055 2014 2107 sustinent

444 2162 661 2213 semper
684 2155 735 2197 te
766 2144 1067 2198 aﬂuturu-m
1100 2146 1424 2212 promisisti,
1454 2146 1709 2213 populum
1742 2160 1903 2211 quem
1926 2159 2011 2197 me

447 2253 632 2303 regere
662 2236 905 2300 voluisti,
936 2236 1052 2304 ipse
1095 2250 1335 2304 praesens
1362 2237 1516 2290 nobis
1541 2244 1631 2289 tua
1658 2238 1878 2289 dextera
1907 2252 2009 2304 gu-

444 2331 634 2387 berna.
664 2328 875 2382 ducens
900 2329 955 2381 in
987 2328 1127 2382 viam
1156 2330 1349 2383 salutis
1378 2370 1392 2389 ,
1432 2331 1724 2397 omniaque
1757 2329 2009 2389 adversa,

447 2421 682 2474 maxime
726 2435 856 2473 vero
882 2436 947 2474 ea
986 2436 1107 2490 qua:
1152 2421 1439 2474 animabus
1468 2419 1852 2473 detrimentum
1887 2416 2015 2471 affe-

446 2519 610 2574 runt,
656 2512 1006 2580 propulsans.
1067 2512 1145 2565 Da
1187 2512 1374 2579 utqui
1420 2512 1577 2565 nobis
1618 2510 1692 2563 tui
1725 2513 2016 2565 occasione

450 2602 689 2657 nominis
722 2602 1084 2657 adversantur
1111 2642 1127 2667 ,
1159 2610 1250 2655 tua
1286 2603 1524 2670 potentia
1570 2603 1749 2671 agnita
1785 2618 1889 2654 una
1925 2616 2018 2655 no-

450 2693 661 2746 biscum
703 2701 754 2746 te
796 2693 1123 2757 concinant,
1166 2693 1311 2762 quod
1343 2693 1584 2746 omnium
1623 2693 1816 2746 salutis
1850 2706 2016 2746 causa

452 2782 777 2838 ineffabilem
814 2783 960 2836 illam
996 2781 1194 2837 feceris
1230 2781 1692 2850 dispensationem
1716 2800 1729 2835 :
1752 2782 2015 2850 decetque

451 2883 511 2927 ut
538 2885 586 2929 te
609 2875 790 2929 omnis
816 2875 1001 2945 lingua
1028 2876 1284 2936 celebret.
1337 2876 1464 2942 quia
1494 2884 1640 2925 tuum
1663 2883 1746 2928 est
1767 2888 2014 2944 regnum,

448 2979 502 3019 et
560 2966 846 3036 potentia,
901 2976 956 3022 et
1014 2968 1227 3037 gloria,
1288 2968 1341 3019 in
1410 2966 1607 3021 saecula
1671 2966 2015 3021 saeculorum.

450 3061 625 3113 Amen

1041 3227 1299 3284 ORATIO
1330 3229 1424 3282 XII

462 3343 527 3399 In
566 3345 922 3427 Pentecosten,
971 3360 1089 3397 cum
1133 3343 1364 3425 Spiritus
1396 3344 1804 3427 sanctiﬂratin,
1848 3346 2025 3427 ignea-

536 3433 650 3497 ruin
690 3416 995 3485 linguarum
1025 3415 1213 3483 specie,
1240 3415 1295 3467 in
1318 3414 1712 3468 aacratissimoa
1738 3414 2028 3471 discinulos

530 3496 664 3541 venit
672 3523 686 3538 .

532 3621 761 3688 Quando
775 3636 923 3677 nunc
943 3623 1105 3677 etiam
1128 3623 1312 3679 divina
1335 3624 1627 3681 celebritas
1660 3625 1837 3691 adest,
1853 3643 2028 3697 quan-

466 3724 582 3769 tum
619 3716 762 3770 Deus
794 3715 908 3786 ipse
928 3715 1142 3771 dederit
1178 3716 1245 3770 ad
1271 3717 1515 3788 ejusdem
1556 3718 1818 3773 honorem
1846 3717 2031 3775 confe-

468 3820 654 3861 remus
694 3824 710 3861 :
738 3823 837 3862 nec
864 3817 1150 3877 propterea
1188 3811 1576 3865 cunctabimur
1607 3811 1749 3880 quod
1793 3811 1914 3880 ejus
1944 3826 2032 3865 ccc

472 3899 750 3954 lebrandis
795 3901 1087 3969 praeconiis
1138 3916 1245 3956 non
1277 3903 1450 3958 simus
1495 3902 1663 3970 satis;
1705 3908 1829 3972 quis
1887 3904 2030 3957 enim

468 3992 587 4056 ejus
615 4006 713 4059 pro
741 3990 1005 4059 dignitate
1036 3991 1222 4047 laudes
1254 3992 1702 4061 depraedicaverit
1729 3993 1750 4047 ?
1773 3992 1867 4048 sed
1888 3993 2033 4063 quod

474 4082 707 4136 facultas
737 4088 927 4135 nostra
972 4080 1363 4150 suppeditabit,
1408 4083 1643 4138 libenter
1678 4083 1743 4136 ad
1777 4083 1896 4137 festi
1934 4084 2034 4136 bu-

465 4172 559 4240 jus
608 4171 1003 4226 solemnitatem
1058 4170 1421 4226 decorandam
1486 4188 1819 4241 promemus.
1878 4174 2033 4239 Quod

2106 862 2202 915 ἅτε
2257 859 2331 929 μὴ
2364 857 2465 927 τὴν
2505 857 2809 910 κατάϐασιν
2844 859 3127 922 συνιεῖσαι,
3165 855 3500 925 ὲπαποροῦσι
3546 859 3686 927 πρὸς

2106 954 2203 1023 τὴν
2245 952 2527 1005 ἀνάϐασιν.
2563 950 2748 1019 Ὅμως
2795 949 2838 1001 δ’
2875 950 3160 1019 ἐπαίρουσι
3208 948 3401 1011 πύλας,
3456 948 3551 999 καὶ
3606 949 3686 1017 τῷ

2110 1045 2326 1098 Βασιλεῖ
2374 1042 2814 1114 προσυπαντῶσι,
2866 1043 2960 1093 καὶ
2991 1040 3349 1111 δορυφοροῦσι
3388 1042 3485 1109 τὴν
3523 1041 3686 1109 ήμῶν

2110 1138 2438 1204 προσάγοντι
2490 1135 2772 1204 ὑποταγὴν
2822 1133 2898 1202 τῷ
2952 1134 3145 1201 lla-cpi,
3183 1134 3275 1184 καὶ
3318 1134 3375 1184 ὲν
3427 1132 3554 1204 δόξῃ
3585 1133 3687 1201 τῆς

2114 1227 2507 1298 μεγαλωσύνης
2563 1226 2941 1295 παρεστήκασι
2995 1224 3308 1293 καθημένῳ.
3376 1223 3523 1292 Λῦτη
3587 1223 3688 1292 τῆς

2113 1321 2242 1389 περὶ
2275 1321 2422 1388 ἡμᾶς
2474 1318 2787 1386 οἰκονομίας
2824 1316 3237 1386 συμπλήρωσις.
3275 1316 3446 1367 Τοῦτο
3482 1310 3550 1385 ἦν
3580 1316 3690 1383 ἄρα

2111 1411 2205 1463 τοῦ
2253 1410 2627 1481 σαρκωθέντος
2670 1412 2696 1461 6
2750 1409 2936 1471 πολὺς,
2996 1409 3065 1460 ἵν’
3098 1408 3270 1471 οὓτως
3320 1408 3477 1471 εἴπω,
3515 1406 3689 1474 ἁγὼν,

2111 1505 2203 1556 τὸν
2233 1503 2587 1573 φθονηθέντα,
2634 1501 2896 1570 καὶπρὸς
2950 1501 3050 1563 τὰς
3096 1500 3320 1567 γεώδεις
3366 1499 3541 1568 κῆρας
3591 1514 3691 1551 κα-

2111 1598 2443 1657 ταπεσόντα,
2483 1595 2559 1664 μὴ
2591 1595 2750 1664 μόνον
2778 1593 2914 1663 πρὸς
2962 1593 3064 1661 τὴν
3097 1592 3371 1661 ἀκήρατον
3415 1594 3691 1657 ἐπαναγα-

2112 1691 2226 1755 γεῖν
2275 1687 2571 1750 πολιτείαν,
2624 1686 2758 1738 ἀλλὰ
2796 1685 2892 1737 καὶ
2939 1684 3163 1753 βασιλέα
3203 1683 3405 1749 δεῖξαι,
3466 1684 3558 1735 καὶ
3596 1684 3689 1735 οὐ·

2119 1782 2299 1850 ρανοῖς
2326 1779 2653 1848 ὲνθρονίσαι,
2678 1771 2751 1829 ὧν
2780 1779 2808 1830 6
2834 1775 3107 1845 φθονήσας
3137 1776 3459 1829 κατέπεσεν.
3501 1774 3685 1837 Ἀλλὰ,

2115 1865 2159 1924 ὧ
2191 1871 2329 1937 Λόγε
2363 1869 2522 1931 Θεοῦ,
2551 1869 2580 1919 6
2629 1870 2762 1937 πρὸς
2795 1869 3049 1921 τοσοῦτον
3085 1866 3240 1938 δόξης
3286 1867 3378 1918 τὸν
3421 1867 3691 1936 ἡμέτερον

2113 1964 2242 2033 χοῦν
2275 1962 2563 2032 άνυιξιώσας
2594 1981 2608 1993 ·
2640 1962 2668 2013 6
2713 1963 2889 2015 πάντα
2918 1960 3140 2029 πληρῶν
3165 1959 3240 2021 ὼς
3286 1958 3417 2020 Θεός
3450 1975 3462 1988 ·
3508 1960 3536 2010 6
3574 1960 3691 2021 τοῖς

2114 2056 2395 2125 ἀνέχουσιν
2438 2056 2518 2118 είς
2572 2055 2631 2107 σὲ
2672 2056 3040 2123 συμπαρεῖναι
3073 2051 3141 2103 δι’
3191 2051 3384 2113 αἰῶνος
3430 2052 3689 2117 ἐπαγγει-

2113 2147 2366 2215 λάμενος,
2417 2146 2600 2209 αὐτὸς,
2645 2144 2704 2197 ὃν
2748 2145 2941 2209 ἔταξας
2992 2142 3121 2196 λαόν
3177 2159 3271 2194 σου
3311 2141 3679 2210 διακυϐερνᾷν,

2115 2238 2423 2308 συμπαρὼν
2460 2240 2590 2307 ἡμῖν
2637 2240 2701 2306 τῇ
2761 2239 2826 2306 σῇ
2876 2233 3282 2303 διακυϐερνῴης
3323 2233 3489 2302 δεξιᾷ,
3538 2233 3687 2299 ἄγων

2113 2331 2172 2383 ὲν
2218 2330 2427 2401 τρίὸοις
2469 2329 2569 2398 τῆς
2623 2328 2994 2397 δικαιοσύνης,
3049 2327 3144 2379 καὶ
3195 2325 3373 2378 πάντα
3425 2324 3691 2387 κίνδυνον,

2115 2424 2238 2485 ὅσος
2271 2423 2507 2492 μάλιστα
2531 2420 2727 2489 ψυχαῖς
2765 2419 2925 2489 φέρει
2960 2418 3060 2488 τὴν
3090 2417 3352 2478 κάκωσιν,
3375 2414 3690 2485 ὲπαμύνων.

2118 2518 2217 2575 Δὸς
2262 2515 2389 2576 τοὺς
2429 2512 2798 2581 πολεμοῦντας
2828 2511 2978 2579 ἡμᾶς
3023 2509 3111 2561 διὰ
3144 2509 3235 2561 σὸν
3265 2508 3456 2577 ὄνομα,
3502 2506 3565 2558 τὸ
3602 2506 3688 2557 σὸν

2122 2605 2440 2671 ὲπιγνόντας
2493 2604 2716 2672 κράτος,
2777 2601 2896 2672 ἅμα
2946 2604 3137 2672 ὑμνεῖν
3182 2619 3272 2666 σε,
3313 2604 3395 2655 ὅτι
3452 2600 3542 2653 διὰ
3596 2603 3687 2667 τὴν

2123 2695 2376 2746 ἁπάντων
2408 2693 2680 2762 σωτηρίαν
2729 2692 2829 2761 τὴν
2857 2694 3063 2761 ἄφατον
3091 2692 3342 2751 ἐτέλεσας
3364 2690 3692 2758 οἰκονομίαν·

2121 2786 2217 2837 καὶ
2242 2784 2325 2836 σοὶ
2373 2784 2573 2853 πρέπει
2610 2785 2789 2836 πᾶσαν
2814 2784 3064 2851 γλῶσσαν
3098 2784 3283 2851 φέρειν
3323 2783 3418 2854 τὴν
3457 2782 3695 2837 αἴνεσιν·

2122 2877 2203 2929 ὅτι
2260 2876 2351 2927 σοῦ
2398 2879 2545 2927 ἐστιν
2596 2877 2629 2938 ἡ
2689 2874 2955 2945 βασιλεία,
3011 2876 3104 2928 καὶ
3144 2877 3176 2945 ή
3224 2876 3472 2945 δύναμις,
3523 2877 3617 2927 καὶ
3663 2876 3699 2945 ή

2121 2965 2271 3030 δόξα,
2305 2965 2387 3027 είς
2419 2965 2545 3027 τοὺς
2577 2964 2783 3027 αἰῶνας
2813 2964 2922 3017 τῶν
2952 2964 3184 3019 αἰώνων.
3218 2963 3414 3033 Ἀμήν.

2727 3233 2949 3290 ΛΟΓΟΣ
2986 3232 3086 3290 1Β’.

2126 3350 2321 3417 Λόγος
2348 3350 2435 3414 εἰς
2462 3347 2577 3416 τὴν
2608 3347 3057 3415 Πεντηκοστὴν,
3101 3346 3199 3401 ὅτε
3238 3346 3309 3399 ἐν
3336 3344 3484 3399 εῖδει
3509 3347 3704 3414 γλωσ-

2202 3417 2331 3472 σῶν·
2374 3420 2660 3486 πυρίνων,
2716 3420 2754 3486 ἡ
2785 3418 2890 3471 τοῦ
2930 3418 3091 3471 θείου
3139 3417 3481 3485 Πνεύματος
3530 3417 3705 3483 χάρις

2205 3488 2301 3541 ἐπὶ
2335 3488 2476 3554 τοὺς
2496 3488 2690 3556 ἱεροὺς
2714 3487 2981 3557 μαθητὰς
3005 3487 3455 3556 κατεφοίτησεν.

2213 3630 2471 3699 Ἐπείπερ
2516 3630 2610 3683 καὶ
2655 3629 2749 3682 νῦν
2791 3628 2909 3681 θεία
2945 3627 3148 3698 ἐπέστη
3183 3626 3509 3695 πανήγυρις,
3559 3625 3705 3677 κατὰ

2130 3721 2227 3791 τήν
2256 3721 2405 3775 θείαν
2433 3722 2713 3791 χορηγίαν,
2744 3721 2811 3775 τά
2840 3723 2919 3784 είς
2946 3720 3109 3790 τιμὴν
3142 3721 3208 3791 τῇ
3240 3717 3545 3788 πανηγύρει
3579 3734 3709 3770 συν-

2132 3816 2377 3886 οίσομεν·
2408 3815 2506 3883 οὐχ
2533 3816 2615 3869 ὅτι
2662 3814 2734 3885 μὴ
2763 3813 3127 3883 ἀποχρώντως
3159 3812 3290 3881 ήμῖν
3320 3810 3431 3879 ἔχει
3464 3810 3532 3861 τά
3567 3804 3710 3876 πρὸς

2133 3902 2232 3975 τήν
2263 3905 2590 3967 συντέλειαν,
2640 3905 2727 3957 διὰ
2773 3903 2929 3957 τοῦτο
2968 3902 3103 3972 πρὸς
3141 3902 3200 3953 τὸ
3242 3900 3548 3969 ἐγχείρημα
3595 3898 3708 3949 ἅπ-

2134 3995 2442 4057 οκνοῦντες⁶
2463 3996 2635 4066 ταύτῃ
2657 3998 2766 4064 γὰρ
2781 3994 2954 4056 οὐδεὶς
2982 3992 3117 4062 πρὸς
3141 3990 3293 4044 θείαν
3317 3990 3592 4058 αὐτάρκης
3614 4004 3700 4038 τι·

2139 4088 2279 4158 μήν’
2314 4088 2429 4141 ἀλλ’
2462 4088 2654 4157 ἐφόσον
2701 4085 2930 4154 εὔπορον
2966 4086 3023 4137 ὲν
3057 4083 3134 4151 τῷ
3176 4081 3387 4135 ἑλέσθαι
3420 4081 3603 4149 τιμᾷν,
3635 4077 3705 4130 τὰ

2137 4182 2309 4233 οίκετα
2332 4182 2397 4250 τῇ
2436 4182 2594 4251 ἑορτῇ
2629 4178 3090 4247 συνεισφέροντες.
3124 4176 3219 4238 Τίς
3245 4175 3301 4227 δὲ
3331 4174 3462 4241 ἄλλη
3496 4187 3712 4224 συνεισε-

469 4277 601 4315 vero
657 4276 873 4325 munus,
917 4261 1165 4316 oratione
1204 4264 1600 4332 congruentius
1632 4266 1881 4333 praastari
1907 4280 2020 4334 pos-

2138 4272 2279 4339 φορὰ
2324 4270 2484 4338 λόγου
2528 4271 2862 4338 οἱκειοτέρα;
2889 4270 2964 4322 Οὐ
3000 4268 3159 4338 μόνον
3191 4267 3271 4319 ὅτι
3315 4266 3532 4319 πάντων
3563 4264 3709 4315 ὲντι-

472 4351 595 4405 sit?
626 4366 736 4403 non
771 4366 834 4404 ea
863 4350 1037 4405 solum
1088 4351 1303 4405 ratione
1331 4352 1477 4420 quod
1512 4353 1646 4405 nihil
1671 4369 1924 4407 sermone
1968 4369 2034 4409 ae

472 4441 720 4496 oratione
776 4442 854 4494 sit
885 4441 1282 4503 honorabilius,
1307 4442 1401 4496 sed
1437 4443 1564 4512 quia
1594 4445 1846 4511 praesenti
1896 4460 2035 4511 quo-

474 4548 580 4600 que
633 4533 863 4600 tempori
923 4531 1062 4585 nihil
1092 4533 1265 4602 magis
1295 4534 1553 4602 competit
1576 4550 1737 4603 quam
1768 4536 2036 4590 orationis

472 4640 694 4679 munus.
718 4622 853 4678 Nam
886 4625 1084 4693 quibus
1111 4626 1372 4681 hodierna
1387 4626 1472 4679 die
1495 4626 1697 4680 donum
1730 4627 2036 4696 linguarum

478 4719 706 4771 missum
740 4716 865 4781 fuit,
894 4717 979 4772 his
1011 4718 1175 4772 hodie
1202 4733 1463 4787 perquam
1492 4726 1615 4787 apte
1653 4733 1716 4771 ac
1746 4727 2037 4773 consenta-

2140 4363 2371 4432 μότατον
2394 4362 2481 4429 λόγ
2493 4378 2553 4425 ος
2572 4405 2586 4428 ,
2624 4360 2737 4414 ἀλλ’
2766 4361 2847 4413 ὅτι
2870 4360 2964 4413 καὶ
2989 4359 3068 4429 τῷ
3098 4357 3324 4427 παρόντι
3352 4353 3527 4424 καιρῷ
3552 4355 3719 4423 ἀκρι-

2140 4452 2249 4516 ϐῶς
2293 4452 2326 4525 ἡ
2373 4452 2467 4505 τοῦ
2500 4452 2658 4520 λόγου
2708 4451 2939 4521 ἁρμόσει
2970 4448 3306 4519 προσένεξις.
3339 4442 3434 4508 Οἷς
3461 4446 3570 4515 γὰρ
3594 4444 3713 4497 τῶν

2136 4542 2395 4611 γλωσσῶν
2436 4543 2497 4595 τὸ
2543 4542 2714 4612 δῶρον
2757 4543 2997 4611 σήμερον
3029 4536 3422 4606 κατεπέμφθη,
3460 4536 3712 4605 σήμερον

2141 4634 2386 4704 ἀκριϐῶς
2415 4634 2706 4701 εὐλόγωςή
2765 4631 2857 4683 τοῦ
2883 4630 3044 4697 λόγου
3076 4626 3565 4699 προσενεχθήσεται
3605 4625 3718 4677 δω-

2146 4726 2261 4795 ρεά.
2288 4718 2455 4787 Οὗτος
2483 4725 2581 4793 μὲν
2597 4718 2690 4777 οὖν
2712 4725 2738 4776 6
2758 4723 2859 4791 τῆς
2884 4719 3253 4789 προαιρέσεως
3277 4720 3432 4785 λόγος
3448 4735 3463 4748 ο
3492 4714 3721 4786 ᾑτήσθω

477 4822 582 4861 nee
613 4808 881 4863 orationis
910 4824 1110 4863 munus
1138 4807 1500 4870 dedicandum
1540 4817 1645 4864 est.
1675 4809 1799 4863 llaec
1838 4824 2020 4879 propo-

2137 4819 2182 4873 δ’
2227 4820 2360 4888 ήμῖν
2388 4818 2486 4888 τὴν
2516 4818 2752 4887 τεχνῖτιν
2788 4814 3217 4885 συνεργάζεσθαι
3248 4812 3497 4881 δύναμιν,
3533 4811 3566 4879 ἢ
3612 4811 3717 4880 σή-

479 4898 572 4950 siti
646 4911 708 4951 ac
748 4899 983 4953 instituti
1028 4899 1204 4955 nostri
1242 4901 1382 4952 ratio
1408 4907 1513 4953 est.
1550 4899 1842 4954 Preceinur
1887 4915 2039 4960 vero,

2144 4926 2306 4979 μερον
2328 4910 2394 4961 τὰ
2420 4908 2604 4978 ἁμαθῆ
2628 4909 2733 4961 τῶν
2763 4908 2956 4961 ἀλιέων
2995 4906 3305 4971 διανοίξασα
3330 4904 3590 4973 στόματα,
3619 4902 3719 4954 καὶ

478 4997 537 5041 ιιι
566 4987 759 5040 artifex
807 4989 898 5041 illa
955 4990 1132 5044 virtus
1171 4991 1329 5045 nobis
1357 4991 1675 5044 auxiliatrix
1726 4991 1893 5055 adsit,
1920 5006 2020 5059 qua

2143 5000 2285 5053 κατὰ
2338 4998 2446 5052 τῶν
2493 4999 2795 5069 ἀμαχήτων
2828 5000 2884 5051 ὲν
2914 4997 2992 5067 τῷ
3036 4996 3212 5065 λέγειν
3253 4996 3541 5058 ὁπλίσασα,
3577 4992 3715 5063 ὁμοῦ

479 5079 644 5135 hodie
676 5079 833 5133 rudia
869 5081 1203 5150 piscatorum
1251 5098 1347 5137 ora
1377 5083 1612 5145 aperuit,
1647 5094 1814 5153 atque
1852 5082 2020 5137 adver

2143 5093 2189 5145 τ’
2221 5092 2467 5154 ἐκείνων,
2491 5090 2585 5144 καὶ
2624 5092 2722 5161 τῆς
2750 5086 2816 5162 ἦς
2847 5090 3067 5143 ἐλάλουν
3096 5089 3306 5157 σοφίας,
3341 5089 3718 5158 ύπερήκοντας

481 5190 578 5230 sus
611 5188 708 5229 eos
728 5173 824 5244 qui
857 5173 1077 5227 dicendi
1108 5175 1159 5228 vi
1193 5176 1647 5247 inexpugnabiles
1674 5174 2003 5229 videbantur
2026 5215 2042 5242 ,

2146 5182 2337 5247 ἔδειξε.
2365 5182 2580 5252 Ταύτης
2620 5182 2730 5251 γὰρ
2770 5181 2867 5233 καὶ
2894 5180 2987 5233 νῦν
3018 5180 3200 5251 ἔργον,
3249 5180 3434 5249 ἀμαθῆ
3467 5176 3722 5247 γλῶσσαν

480 5267 752 5321 armavit:
779 5267 1054 5337 simulque
1101 5277 1156 5321 et
1184 5267 1316 5333 illis,
1354 5278 1407 5323 et
1437 5284 1497 5321 ea
1530 5284 1635 5337 qua
1683 5267 2013 5336 loquebantu

2148 5275 2587 5347 παρακροτῆσαι,
2634 5275 2727 5326 καὶ
2762 5273 2945 5326 δοῦναι
2976 5274 3171 5337 εἰπεῖν,
3206 5273 3281 5341 μὴ
3308 5270 3488 5338 πολλῷ
3522 5267 3721 5336 φαυλό-

481 5358 767 5427 sapientia,
824 5359 1136 5428 superiores
1175 5358 1373 5414 effecit.
1420 5360 1552 5427 Ejus
1602 5372 1839 5426 namque
1882 5358 2020 5412 etian

2146 5383 2304 5434 τερον
2340 5366 2439 5434 τῆς
2483 5363 2815 5426 ὑποθέσεως.
2853 5361 3004 5416 Ἐλθὲ
3033 5362 3097 5431 δὴ
3141 5361 3256 5424 οὖν,
3284 5363 3318 5431 ἡ
3346 5361 3446 5429 τῆς
3483 5357 3722 5427 ἀληθοῦς

484 5450 643 5505 modo
665 5452 906 5507 muneris
930 5451 1003 5505 sit
1044 5462 1104 5505 ut
1128 5452 1407 5505 indoctam
1447 5450 1692 5519 linguam
1716 5448 1939 5513 excitet,
1984 5464 2020 5502 at

2149 5456 2403 5525 γνώσεως
2423 5454 2742 5516 διδάσκαλος
2769 5453 2962 5523 Σοφία,
2988 5452 3048 5506 τὸ
3072 5451 3299 5519 Πνεῦμα
3324 5452 3422 5520 τῆς
3442 5446 3719 5515 ἀληθείας,

484 5542 753 5596 sermonis
770 5543 982 5612 capiam
1007 5543 1152 5597 baud
1181 5558 1406 5612 prorsus
1430 5551 1748 5611 argumento
1778 5542 2043 5613 imparem

489 5633 766 5687 concedat.
799 5634 927 5689 Veni
955 5636 1140 5705 igitur,
1176 5650 1314 5690 verae
1344 5634 1675 5705 cognitionis
1701 5635 1912 5691 doctrix
1946 5635 2045 5690 Sa-

570 5826 614 5859 ”
653 5827 802 5882 Psal.
832 5844 988 5893 mu,
1026 5830 1072 5881 7.

2154 5548 2247 5601 καὶ
2282 5547 2343 5598 σὲ
2372 5546 2604 5609 θειάζειν
2631 5546 3013 5617 προελομένοις
3053 5545 3279 5612 φθέγξαι
3319 5542 3445 5611 περὶ
3468 5536 3719 5599 σεαυτοῦ,

2152 5637 2210 5690 ὲν
2239 5637 2315 5706 τῷ
2345 5635 2629 5706 πληρῶσαι
2669 5637 2729 5691 τὸ
2761 5637 2933 5707 στόμα
2967 5635 3146 5706 ἡμῶν.
3194 5633 3441 5701 Ἐξουσίᾳ
3476 5631 3583 5698 γὰρ
3616 5643 3723 5678 πα·
