4072 6446
275 321 374 385 121

1303 317 1584 378 ORATIO
1608 318 1741 377 Xll.
1775 342 1845 351 --
1880 316 1959 376 1N
1997 314 2543 379 PENTECOS’I‘EN.

3449 317 3548 380 122

269 435 476 506 ραγίνῃ
523 431 830 500 Δεσποτιιιῇ
885 432 976 481 καὶ
1006 429 1103 499 τὴν
1139 431 1257 500 σὴν,
1305 432 1430 482 ὅποι
1468 428 1665 499 βούλει,
1703 426 1860 488 δίδως

1978 425 2188 490 ιξθιιιίιι,
2227 425 2466 494 Spiritus
2501 425 2765 492 veritatis,
2809 441 2872 480 ac
2912 435 2965 480 te
2988 426 3268 481 celebrare
3313 428 3544 482 vol-mti-

269 527 596 580 ἐπίπνοιαν·
634 523 683 575 ει
727 524 822 574 καὶ
865 521 1016 590 παρὰ
1057 521 1149 574 τοῦ
1200 522 1322 575 καθ’
1356 525 1505 592 ἡμᾶς
1534 521 1622 574 διὰ
1669 520 1858 588 φιλαν-

271 616 529 688 θρωπίαν
559 613 852 684 γεγονότος
903 615 1100 680 Λόγου,
1153 612 1288 683 πρὶς
1319 613 1410 665 τὸν
1445 613 1697 678 σύνεδρον
1730 612 1860 663 ἀνα-

271 710 516 772 πτάντος
553 709 776 777 Πατέρα
795 745 809 769 ,
862 706 1220 777 καταπέμπῃ.
1253 707 1329 758 Οὐ
1357 706 1488 775 γὰρ,
1539 704 1613 765 ὡς
1643 703 1826 756 δοῦλον
1848 743 1863 766 ,

273 800 398 853 ἀλλ’
423 799 502 860 ὡς
545 797 842 867 ὁῴτιμον,
876 794 990 847 ἀλλ’
1017 795 1090 858 ὼς
1117 797 1374 863 συγγενὲς
1419 794 1669 864 Πνεῦμα,
1699 790 1864 845 αὑτοῦ

273 889 337 954 ἐξ
383 887 544 958 ’ἡμῶν
579 887 952 950 ἀναπτάντος,
987 886 1049 936 σὺ
1097 885 1393 956 παραγίνῃ.
1446 886 1581 955 πρὸς
1633 883 1723 936 ob:
1773 883 1869 934 σὺν

275 983 475 1050 ἐκείνῳ
518 978 985 1049 ἐδημιούργησας.
1020 970 1160 1028 7llic:
1194 977 1258 1045 δὴ
1281 975 1373 1028 οὖν
1400 977 1530 1045 ἡμῖν
1575 975 1672 1043 τὴν
1702 977 1864 1042 ἐργα-

276 1075 400 1125 σίαν
444 1072 542 1124 τοῦ
591 1072 777 1137 λόγου,
809 1069 902 1120 καὶ
946 1069 1217 1138 χορηγῶν,
1259 1070 1351 1120 καὶ
1392 1066 1722 1134 διακοσμῶν.
1759 1064 1866 1114 Καὶ

275 1165 445 1233 πάρει
475 1181 538 1230 γε
564 1164 814 1223 πάντως,
851 1164 878 1212 ὁ
901 1161 1075 1214 πάντα
1101 1160 1433 1227 διακοσμῶν.
1471 1159 1579 1211 Καὶ
1600 1156 1729 1225 γοῦν
1760 1156 1866 1208 ὑπὸ

277 1258 360 1309 σοὶ
387 1256 705 1326 κυϐερνήτῃ
730 1254 823 1306 τὸν
849 1251 1015 1306 πλοῦν
1040 1252 1393 1321 ἐπιτρεπτέον
1422 1251 1499 1320 τῷ
1521 1250 1683 1318 λόγῳ.

1963 518 2067 571 bus
2122 519 2189 570 de
2247 526 2300 570 te
2347 519 2462 586 ipse
2494 519 2738 586 loquere,
2775 533 2838 572 os
2883 530 3131 573 nostrum
3173 520 3543 588 adimplendo.

1967 607 2182 661 Domini
2220 609 2364 662 enim
2393 617 2663 677 potestate
2692 609 2842 669 ades,
2881 619 3144 679 tuutnque
3178 612 3267 664 ubi
3303 611 3436 664 velis
3454 611 3543 664 dl-

1964 699 2151 752 vinum
2213 699 2452 751 alliatum
2518 707 2750 768 praestas
2801 709 2962 767 atque
3019 700 3335 767 impendis:
3371 715 3548 771 quan-

1966 804 2130 857 quam
2161 803 2188 840 a
2222 787 2424 854 Verbo,
2451 790 2598 858 quod
2645 791 2979 858 benignitate
3025 793 3181 844 nobis
3205 792 3382 844 simile
3424 791 3542 846 fac-

1978 892 2117 942 ttun,
2143 880 2209 933 ad
2234 880 2474 950 Patrem,
2508 883 2593 936 oui
2651 884 2879 946 assidet,
2914 899 3194 938 reversum
3221 892 3326 948 est,
3353 885 3542 939 mitta-

1977 971 2075 1035 ris.
2100 969 2288 1039 Neque
2317 973 2461 1025 enim
2525 985 2583 1025 ut
2616 989 2829 1035 servus,
2886 975 2977 1028 sed
3010 985 3065 1026 ιιι
3109 974 3296 1028 divino
3334 977 3545 1030 honore

1975 1061 2204 1130 aequalis
2254 1071 2420 1130 utque
2454 1071 2720 1131 cognatus
2765 1063 3022 1132 Spiritus,
3071 1066 3190 1133 ipso
3245 1067 3297 1119 in
3349 1069 3546 1120 coelum

1975 1153 2246 1224 profecto,
2280 1155 2346 1208 ad
2373 1156 2496 1209 illos
2522 1157 2748 1210 advenis
2780 1174 2919 1226 quos
2956 1174 3062 1211 una
3094 1174 3216 1212 cum
3259 1161 3377 1228 ipso
3407 1174 3546 1213 con-

1972 1247 2185 1301 didisti.
2224 1246 2353 1300 Veni
2385 1247 2570 1314 igitur,
2594 1251 2863 1304 orationis
2889 1253 3046 1304 nobis
3081 1265 3402 1320 apparatum
3433 1253 3548 1304 lar-

275 1354 432 1419 giens
463 1349 698 1417 pariter.
721 1355 887 1414 atque
921 1359 1236 1398 exornans:
1265 1343 1453 1396 adesto
1485 1342 1630 1394 onmi
1671 1340 1850 1404 modo,
1891 1338 1984 1407 qui
2049 1337 2387 1393 condecoras
2425 1339 2630 1392 omnia.
2678 1339 2755 1395 Te
2798 1341 2942 1395 enim
2982 1342 3382 1412 gubernatore,
3417 1357 3548 1398 ora-

277 1444 413 1498 tioni
445 1444 514 1497 ad
554 1441 962 1512 navigationem
987 1439 1103 1493 vela
1132 1435 1452 1507 pandemus.

361 1630 517 1695 ’Δρτι
561 1625 661 1695 μὲν
701 1624 730 1674 ὁ
775 1619 1100 1684 Mount/avt;
1151 1617 1287 1688 πρὸς
1325 1616 1419 1681 οὒς
1450 1617 1550 1670 οὐκ
1582 1615 1732 1668 ἔλιπε
1762 1611 1854 1664 τοῦ

2030 1604 2148 1659 Νοιι
2181 1603 2392 1674 pridem
2425 1603 2750 1674 Unigenitus
2796 1605 3000 1670 Patris,
3049 1624 3190 1678 quos
3244 1626 3353 1664 non
3398 1612 3554 1668 dese-

289 1719 499 1788 Πατρὸς
529 1717 683 1787 ἀνῄει
711 1716 946 1774 κόλπους
965 1729 979 1742 ο
1004 1713 1064 1762 τὸ
1092 1712 1234 1779 μέγα
1259 1711 1442 1780 ἔργον,
1464 1710 1563 1780 τὴν
1585 1705 1861 1778 ἡμετέραν

283 1813 440 1883 αὒτῷ
487 1807 873 1878 προσκομίσων
930 1803 1297 1872 καταλλαγὴν,
1357 1802 1452 1853 καὶ
1506 1799 1671 1852 τόπον
1729 1798 1864 1865 ἡμῖν

285 1901 754 1971 ὲτοιμὰσωνεκεῖ.
787 1895 938 1948 Ἔδει
968 1893 1023 1946 δὲ
1059 1891 1186 1960 ἄρχ,
1224 1893 1433 1944 ἐκείνου
1463 1891 1524 1954 ἐξ
1549 1888 1707 1959 ἡμῶν
1733 1888 1864 1939 ἀνα-

289 1992 553 2052 πτάντος,
595 1987 747 2042 ἄλλον
789 1979 907 2037 ἴσον
950 1983 1143 2050 ἐκείνῳ
1188 1983 1285 2034 καὶ
1333 1981 1492 2049 δόξης
1543 1981 1637 2032 καὶ¹
1698 1978 1867 2048 τιμῆς

295 2080 519 2149 εχοντα,
546 2079 624 2138 εἰς
651 2075 749 2144 τὴν
783 2073 880 2141 τῆς
914 2071 1232 2142 εὐεργεσίας
1263 2068 1724 2136 ἁντικαταστῆναι
1763 2064 1871 2135 χώ-

306 2185 436 2240 ραν,
491 2169 568 2228 ὣς
619 2165 698 2236 μὴ
732 2163 1003 2232 λάθοιμεν,
1061 2160 1222 2214 πάλιν
1271 2159 1370 2230 τὴν
1405 2155 1750 2226 καταλλαγὴν
1795 2156 1875 2218 εἰς

1972 1699 2194 1759 ruisset,
2242 1697 2397 1751 sinus
2447 1699 2764 1766 repetierat;
2819 1700 3010 1769 ingens
3039 1702 3174 1756 illttd
3225 1718 3386 1772 opus,
3450 1720 3554 1758 no-

1980 1799 2150 1845 stram
2181 1789 2256 1842 illi
2284 1790 2550 1862 allaturos
2575 1806 2638 1844 ac
2664 1792 2954 1848 oblaturus
2987 1795 3440 1864 redemptionem,
3465 1809 3546 1852 at-

1977 1898 2084 1951 que
2126 1881 2305 1934 locum
2337 1882 2450 1936 illic
2480 1883 2642 1938 nobis
2671 1893 2984 1953 paraturus.
3008 1885 3306 1956 Oportebat
3347 1899 3552 1956 autem,

1976 1974 2070 2027 illo
2119 1987 2148 2024 a
2190 1971 2348 2025 nobis
2385 1973 2591 2036 ablato,
2641 1977 2810 2028 alium
2867 1976 2944 2029 illi
2977 1984 3036 2031 et
3059 1979 3231 2046 gloria
3258 1990 3312 2034 et
3341 1982 3554 2036 honore

1987 2078 2198 2133 parem,
2232 2062 2321 2117 ubi
2364 2064 2554 2118 luisset
2592 2067 2915 2122 beneﬁcium
2951 2070 3237 2133 collatmn,
3286 2072 3340 2126 in
3375 2075 3548 2128 vicem

1985 2160 2276 2227 constitui,
2335 2173 2404 2213 ne
2433 2158 2637 2213 incauti
2673 2173 2738 2214 ac
2766 2159 3044 2215 oblivione
3086 2163 3554 2222 reconciliationis

1799 2384 2032 2442 NOTE.

381 2553 500 2619 (57)
537 2549 718 2613 Docte,
741 2561 791 2604 et
814 2561 872 2604 ut
897 2549 1211 2620 theologum
1251 2548 1461 2613 deceat,
1496 2548 1734 2620 Spiritus
1763 2551 1880 2604 dei-

298 2633 476 2680 tatem
517 2621 752 2674 vindicat
814 2636 874 2673 ac
911 2619 1067 2675 ﬁdem
1092 2619 1406 2673 ’Trinitatis
1439 2622 1698 2688 explicat.
1756 2637 1866 2674 uno

295 2695 569 2747 duntaxat
595 2700 837 2758 excepto.
871 2692 927 2744 itt
958 2706 1066 2759 quo
1097 2690 1234 2742 forte
1255 2688 1566 2742 Graicortnn
1593 2690 1865 2743 schisma-

295 2767 538 2818 ticorum
567 2763 741 2816 errori
767 2761 1044 2815 adhaerere
1075 2759 1241 2812 videri
1280 2759 1470 2828 possit,
1513 2768 1573 2811 ut
1607 2761 1864 2813 nimirum

291 2834 532 2888 omnino
579 2831 834 2884 excludat
881 2848 911 2883 a
960 2829 1098 2883 Filio
1143 2844 1322 2882 causa:
1377 2831 1663 2893 rationem,
1703 2844 1864 2894 quam

294 2911 520 2963 vocant,
556 2902 672 2956 sive
719 2912 779 2955 ιιι
809 2901 918 2953 ulla
968 2900 1180 2952 ratione
1211 2898 1478 2966 producat
1523 2915 1646 2951 cum
1709 2899 1868 2956 Patre

301 2973 566 3040 Spiritum
621 2985 897 3024 sanetum.
952 2969 1212 3034 Quamvis
1246 2970 1388 3040 enim
1434 2984 1538 3021 non
1590 2968 1662 3021 ita
1717 2970 1866 3023 clare

301 3039 576 3112 loquatur,
611 3041 693 3112 sic
727 3051 908 3093 tamen
943 3041 1156 3112 sentire
1175 3039 1757 3112 velut_qnodammodo
1785 3040 1868 3091 in-

297 3107 440 3165 dicat
467 3128 480 3162 :
514 3127 636 3163 cum
659 3109 874 3164 Patrem
925 3111 1000 3160 ait
1029 3107 1160 3160 1⁸ἱοῦ
1202 3111 1299 3178 και
1326 3107 1641 3177 Πνεῦμα-,τος
1663 3111 1762 3178 τὴν
1783 3111 1869 3162 αξ-

1987 2551 2211 2618 quando
2238 2553 2401 2606 etiam
2436 2550 2573 2605 Galli
2612 2551 2664 2603 in
2695 2549 2913 2605 Graecos
2946 2550 3275 2619 peculiarius
3310 2567 3551 2608 noscun-

1976 2631 2064 2675 tur
2095 2624 2442 2685 inclainassc,
2482 2633 2541 2674 nt
2576 2621 2743 2688 liquet
2774 2636 2836 2674 ex
2867 2636 3025 2674 conc.
3063 2619 3257 2674 Rheni.
3283 2623 3386 2676 sub
3414 2622 3553 2681 Ebe-

1976 2707 2139 2746 rone.
2182 2691 2349 2745 Multo
2397 2693 2710 2757 adiumento
2753 2701 2917 2753 esset,
2942 2699 3001 2744 ut
3038 2690 3110 2743 ita
3141 2691 3225 2753 pie
3246 2707 3550 2759 exponere-

1984 2777 2128 2822 mus.
2169 2762 2396 2830 epistola
2434 2777 2553 2829 qua:
2581 2771 2759 2815 exstat
2810 2772 2919 2813 tom
2947 2760 3010 2814 111
3051 2759 3308 2814 Biblioth.
3341 2760 3445 2816 PP.
3482 2765 3550 2818 ad

1973 2830 2233 2884 Omarum
2269 2831 2667 2885 Saracenorum
2733 2847 2909 2898 regem
2947 2832 3012 2882 de
3067 2830 3186 2884 lidei
3219 2830 3551 2888 Christiana:

1974 2902 2220 2961 veritate.
2252 2902 2410 2961 cuius
2437 2901 2722 2962 Barunius,
2753 2918 2841 2953 an.
2883 2899 3008 2958 911,
3045 2915 3105 2952 ea
3135 2901 3294 2952 verba
3331 2904 3493 2954 refert
3528 2921 3541 2956 :

1976 2973 2084 3038 Ego
2112 2989 2227 3024 sum
2281 2971 2536 3024 Dominus
2591 2970 2727 3022 Deus
2767 2979 2906 3024 tuus.
2941 2967 3162 3023 Creator
3200 2979 3339 3031 tuus,
3370 2971 3550 3026 lunten

1973 3042 2036 3093 de
2065 3041 2278 3103 lumme,
2319 3039 2536 3093 Verbum
2565 3042 2628 3094 de
2655 3040 2836 3100 Patre,
2862 3055 2926 3091 ex
2951 3039 3136 3108 quibus
3165 3039 3394 3106 Spiritus
3421 3060 3444 3093 s
3469 3060 3549 3095 nt-

1974 3120 2087 3164 ctus
2119 3111 2349 3173 procedit
2381 3126 2401 3164 :
2437 3121 2495 3164 ut
2534 3113 2623 3164 illa
2655 3111 2879 3164 omnino
2921 3119 3239 3173 constaret;
3297 3125 3360 3162 ac
3418 3128 3550 3166 eon-

293 3181 795 3254 ιρανάνῃρῃειὲνον
818 3195 830 3208 -
883 3179 1173 3254 ΡιξειιιὶιινρΔ
1210 3176 1431 3254 habere.
1477 3176 1591 3231 rssc
1624 3176 1865 3254 futuant
1896 3179 1937 3235 C
1973 3190 2145 3254 staret
2195 3182 2327 3254 nihil
2380 3181 2488 3254 sibi
2513 3183 2857 3254 interpretem
2899 3181 2952 3234 in
2988 3197 3050 3234 ea
3080 3181 3392 3245 indulsisse,
3434 3183 3550 3254 sive

295 3251 432 3306 Filii
468 3248 813 3318 aHSpirilm
849 3250 1040 3310 sancti,
1085 3248 1177 3301 ubi
1201 3249 1550 3316 praemisisset
1605 3249 1866 3317 distingui

297 3338 564 3392 personas
590 3336 701 3373 uno
730 3321 852 3383 hoc,
876 3319 954 3387 τῷ
982 3318 1157 3392 αἰτίῳ,
1184 3320 1366 3392 καὶ-τῇ
1389 3320 1661 3392 γεννήσει,
1687 3322 1780 3372 καὶ
1801 3323 1868 3389 τῇ

304 3389 515 3462 inpr/Au)
539 3407 552 3419 °
582 3406 762 3444 causw
811 3406 872 3462 ac
903 3389 1780 3462 principiiratiane,generatione,
1806 3407 1867 3442 ac

306 3457 652 3530 processione,
699 3475 820 3511 cum
862 3461 1011 3513 item.
1056 3457 1280 3530 Latinos
1324 3457 1511 3530 proeul
1559 3458 1725 3530 dubio
1776 3476 1873 3511 no-

307 3526 446 3592 tans,
473 3533 547 3583 ita
578 3533 644 3584 ad
681 3533 838 3582 liuent
898 3532 992 3591 ait,
1038 3526 1159 3596 μηδ’
1203 3529 1280 3588 εἰς
1306 3528 1484 3580 αἰτίαν
1511 3528 1641 3580 αὐτὸ
1677 3529 1871 3596 διπλῆν

301 3602 701 3671 ἀναφέροντες
731 3615 890 3671 neque
907 3599 965 3651 in
989 3598 1122 3650 duas
1149 3597 1320 3667 ipsum
1342 3615 1545 3671 causas
1559 3597 1836 3671 referentes
1852 3614 1871 3652 :

298 3673 447 3733 quod
480 3669 578 3730 ait,
610 3669 942 3737 πολυαρχίαν
975 3671 1032 3719 ὲν
1069 3671 1134 3738 τῇ
1171 3671 1469 3737 μοναρχικῇ
1505 3669 1694 3736 Τριάδι
1740 3687 1872 3737 περι

296 3740 669 3808 εισαγόντων·
717 3754 896 3791 eorum
952 3739 1251 3808 quimulta
1284 3738 1575 3808 principia
1618 3740 1673 3791 in
1715 3741 1870 3794 unius

294 3806 554 3879 principii
581 3808 893 3862 Trinitatem
933 3806 1210 3879 inducunt.
1267 3806 1527 3873 Quamvis
1578 3809 1722 3862 enim
1754 3811 1870 3878 ipsa

299 3884 414 3936 tuec
485 3881 837 3952 ιρειιὶιιιιιιιιιιΔ
873 3893 945 3952 ac
1005 3878 1262 3952 Ecclesia;
1311 3879 1602 3952 sententia
1657 3879 1872 3952 habeat,

304 3955 681 4019 uniusqueft
742 3948 840 4018 ipsi
871 3947 1140 4017 principii
1175 3947 1496 4019 Trinitatem
1559 3947 1869 4012 credamus,

310 4021 462 4074 Patre
490 4017 559 4073 ac
589 4017 878 4083 Filio,nno
910 4034 970 4071 ac
1002 4019 1191 4086 eodem
1217 4018 1452 4083 Spiritus
1469 4019 1640 4072 sancti
1668 4019 1872 4086 princi-

318 4094 425 4158 pio,
455 4105 562 4157 qua
606 4092 815 4142 ratione
843 4087 993 4142 Mens
1020 4097 1071 4141 et
1096 4085 1332 4141 Verbum
1370 4103 1474 4140 una
1510 4098 1634 4141 sunt
1668 4085 1874 4158 amori.-

317 4157 497 4223 i-ausa,
559 4175 662 4214 nec
695 4159 798 4211 alia
847 4174 1007 4226 quam
1042 4173 1196 4211 mens
1233 4159 1370 4225 ipsa,
1401 4173 1522 4226 qua:
1543 4166 1596 4212 et
1637 4157 1875 4210 Verbivt

316 4232 511 4283 amoris
537 4244 706 4284 causa
737 4229 972 4293 exsistit,
1010 4229 1103 4281 sed
1144 4226 1305 4281 Verbi
1339 4229 1476 4294 sola,
1508 4229 1730 4287 amoris.
1751 4244 1873 4281 cmn

321 4300 507 4364 Verbo,
568 4315 631 4352 at:
680 4314 776 4366 per
811 4297 1076 4360 Verbum;
1141 4313 1301 4366 quem
1358 4297 1617 4358 Turasins
1677 4298 1876 4365 aliique

306 4370 475 4423 Cra-ci
519 4369 811 4421 orthodoxi
851 4366 1368 4438 inodunrloquendi
1407 4369 1639 4422 subinde
1675 4371 1878 4438 proha-

305 4448 456 4494 runt.
494 4439 612 4493 l.eo.
661 4446 839 4491 tamen
889 4440 1038 4492 velut
1085 4435 1331 4490 insinuat
1379 4439 1451 4490 ita
1497 4435 1719 4502 sentire,
1769 4454 1875 4490 non

1973 3249 2250 3314 Latinum,
2282 3253 2398 3304 sive
2421 3252 2583 3306 etiam
2616 3251 3013 3312 Chaldaicum,
3066 3266 3132 3303 ex
3187 3267 3297 3320 quo
3329 3253 3545 3306 tandem

1973 3321 2162 3374 Latina
2192 3322 2411 3390 prodiit.
2472 3320 2571 3374 Vix
2598 3321 2740 3372 enim
2775 3323 3006 3387 primum
3039 3330 3220 3386 putem
3253 3320 3548 3376 (Ihaldaice

1974 3390 2256 3458 soriptatn,
2279 3392 2544 3459 siquidem
2577 3407 2703 3443 vere
2734 3391 2928 3444 Leonis
2959 3391 3188 3457 cpistola
3222 3400 3326 3443 est.
3364 3390 3546 3446 Facile

1973 3454 2104 3515 vero
2128 3459 2312 3514 Graeca
2337 3454 2397 3515 οὗ
2426 3471 2480 3516 et
2507 3454 2581 3514 ὧν
2613 3454 3022 3530 ινιῖιιιιιιιιιιιιιιίς
3051 3459 3193 3529 quod
3222 3461 3273 3512 in
3301 3461 3550 3514 oratione

1975 3531 2149 3602 sancti
2187 3531 2395 3602 Eulogii
2430 3532 2484 3586 in
2522 3530 3063 3602 [tantosl’almarum
3097 3530 3302 3602 factum
3349 3532 3548 3599 depre-

1975 3601 2157 3664 hendi,
2193 3616 2256 3654 ac
2286 3600 2603 3655 dévoratum
2636 3616 2663 3652 a
2704 3600 2891 3670 Cyrilli
2940 3617 3081 3653 novo
3125 3601 3420 3670 interprete
3449 3615 3549 3655 no-

1973 3671 2104 3726 tavi.
2148 3670 2300 3724 Haud
2341 3683 2488 3726 certe
2535 3671 2694 3725 facile
2743 3669 2931 3740 putem
2972 3671 3204 3725 Leonem
3240 3669 3549 3740 dogmatica

1976 3742 2064 3795 illa
2121 3743 2369 3810 epistola.
2419 3743 2578 3796 aliam
2634 3741 2874 3795 edidisse
2907 3739 3090 3804 fidem,
3126 3755 3290 3804 quam
3326 3739 3554 3795 haberet

1975 3827 2112 3866 usus
2139 3827 2251 3866 sum
2291 3811 2568 3869 Ecclesiae.
2613 3828 2673 3864 ac
2707 3827 2869 3878 quam
2901 3811 3173 3876 exiiriniat
3210 3810 3310 3863 ista
3344 3815 3552 3864 oratio-

1979 3899 2066 3943 ne,
2095 3881 2252 3944 cnjus
2285 3889 2396 3934 tota
2427 3883 2588 3935 verba
2621 3881 2783 3934 etiam
2834 3881 3172 3934 orthodoxus
3193 3894 3329 3932 sane
3370 3881 3550 3946 proie-

1980 3959 2082 4004 rat.
2118 3953 2296 4015 Quare
2341 3968 2445 4002 non
2477 3952 2646 4018 probo
2680 3950 2905 4018 omnino
2954 3948 3192 4002 Gretseri
3235 3965 3549 4014 Censuram,

1979 4021 2042 4073 ad
2091 4022 2258 4073 relata
2308 4017 2496 4081 verba,
2527 4019 2728 4086 quibus
2757 4017 2867 4074 Leo
2915 4019 3166 4086 reprobat
3215 4029 3270 4068 ιιι
3312 4017 3550 4086 Spiritus

1978 4089 2249 4144 referatur
2272 4090 2325 4142 in
2359 4090 2466 4142 duo
2501 4090 2791 4157 principia,
2826 4104 2951 4144 cum
3008 4090 3080 4142 ita
3107 4088 3334 4155 margini
3379 4089 3550 4141 ascri-

1977 4159 2102 4214 bit:
2148 4159 2316 4213 Error
2355 4159 2811 4213 schismaticorum
2867 4159 3170 4211 ercmunt
3227 4158 3288 4210 de
3347 4173 3554 4225 proces-

1978 4230 2122 4283 sione
2152 4230 2381 4297 Spiritus
2412 4231 2580 4282 sancti
2613 4246 2675 4281 ex
2703 4229 2815 4281 solo
2846 4229 3024 4283 Patre.
3059 4227 3204 4281 Nihil
3235 4243 3365 4280 sane
3403 4227 3553 4294 ejus-

1979 4301 2122 4354 modi
2157 4302 2362 4354 erroris
2400 4301 2599 4353 habent
2630 4300 2719 4352 illa
2751 4301 2935 4362 verba,
2961 4301 3055 4354 sed
3091 4297 3335 4352 indicare
3368 4299 3554 4350 viden-

1978 4377 2088 4434 tur,
2113 4386 2218 4438 qua
2253 4381 2444 4425 notant
2473 4369 2718 4427 Latinos.
2753 4381 2811 4422 ut
2837 4387 2903 4425 eo
2929 4377 3133 4437 ponant
3153 4370 3261 4420 duo
3288 4367 3552 4435 principia

1981 4440 2217 4509 Spiritus
2271 4443 2468 4504 sancti,
2511 4442 2654 4508 quod
2699 4440 2894 4494 Filium
2947 4440 3016 4509 ab
3049 4440 3169 4506 ejus
3197 4438 3554 4509 productione

305 4525 467 4579 posse
514 4507 779 4579 Spiritum
845 4516 1096 4562 sanctum
1150 4506 1427 4579 rel'erriin
1461 4506 1680 4568 Filium,
1737 4509 1873 4577 quin
1913 4506 2087 4572 [)non
2145 4511 2492 4566 excludant:
2530 4506 2709 4578 atque
2772 4524 2957 4564 revera
2998 4508 3101 4563 Leo
3162 4512 3215 4560 in
3274 4508 3485 4575 aliquos
3524 4524 3555 4561 e

303 4575 508 4647 duplex
532 4577 653 4645 ejus
679 4593 839 4631 causa
866 4585 1099 4646 ponatur
1129 4593 1140 4628 :
1171 4593 1292 4646 qna-
1318 4575 1630 4632 Graecorum
1665 4575 1880 4647 semper

304 4643 538 4704 otii-usit)
562 4643 690 4705 luit.
738 4643 952 4700 tametsi
983 4647 1113 4716 olim
1143 4643 1366 4700 sanctus
1416 4647 1686 4703 Maximus
1715 4643 1880 4716 probe

303 4720 702 4787 explicaverat,
735 4724 793 4769 ut
824 4731 987 4770 unam
1020 4715 1198 4770 Latini
1229 4718 1467 4785 Spiritus
1498 4715 1743 4781 causam,
1764 4720 1880 4772 sive

303 4786 644 4860 principium
677 4786 888 4860 Patrem
923 4796 1309 4860 agnoscerent,
1333 4803 1440 4860 nec
1465 4788 1584 4860 ejus
1611 4787 1747 4840 duas
1784 4803 1881 4856 po-

305 4855 506 4913 nerent
547 4873 763 4919 causas,
818 4855 1167 4910 lit'ct’etiam
1225 4871 1286 4908 ex
1329 4855 1468 4909 Filio
1512 4855 1880 4920 dicerent,’ut

305 4930 483 4997 liquet
505 4943 571 4979 ex
593 4928 820 4997 epistola
852 4925 919 4979 ad
950 4924 1214 4997 Dlarintnn
1243 4927 1413 4997 altero
1443 4937 1590 4979 tomo
1622 4928 1787 4997 edita,
1817 4941 1881 4980 ac

304 5013 337 5051 a
365 4993 671 5050 'Lletochite
703 4996 983 5064 explicata.
1019 4993 1110 5047 Illa
1152 4996 1324 5050 Patris
1367 4997 1536 5062 notio,
1566 4997 1627 5048 τὸ
1672 4996 1843 5049 αἴτιον
1864 5038 1877 5060 ,

305 5080 391 5122 est
421 5069 587 5122 etiam
616 5063 862 5136 Gregorii
891 5063 1220 5136 Nazianzeni
1255 5074 1396 5120 orat.
1433 5068 1526 5132 24,
1560 5067 1650 5120 ubi
1679 5069 1757 5120 ait
1794 5066 1883 5120 Fi-

305 5138 444 5190 lium
484 5136 682 5188 habere
737 5135 948 5199 Omnia,
1001 5150 1120 5202 quae
1152 5135 1319 5207 habet
1360 5136 1537 5200 Pater,
1597 5137 1735 5207 πλὴν
1783 5137 1882 5204 τῆς

306 5209 494 5265 αἰτίας
519 5222 532 5234 ·
557 5217 766 5272 excepta
796 5220 974 5258 cauam
997 5219 1059 5256 ac
1077 5205 1326 5271 principii
1376 5208 1615 5259 ratione:
1640 5205 1880 5260 sitamen

308 5293 439 5329 \‘rl'u
478 5277 633 5330 lectio
669 5285 775 5339 est,
832 5291 995 5341 quam
1035 5275 1289 5342 praelatus
1338 5275 1654 5330 Metochites
1693 5276 1881 5328 falsam

311 5349 518 5415 arguit,
548 5361 613 5399 ex
646 5362 711 5400 eo
734 5345 882 5414 quod
905 5345 1244 5412 probatiores
1272 5347 1430 5415 codd.
1465 5346 1700 5400 habeant
1746 5346 1883 5414 πλὴν

311 5414 410 5485 τῆς
434 5415 759 5486 ἀγεννησίας
780 5434 792 5445 ·
822 5414 1506 5486 exceptainuascibilita:e:
1531 5432 1692 5484 quam
1719 5422 1880 5470 etiam

315 5484 482 5540 unam
517 5484 634 5541 aliis
664 5487 798 5541 locis
832 5484 1131 5555 Gregorius
1182 5486 1422 5553 exeipit;
1457 5501 1726 5555 nusquam
1756 5502 1882 5539 vero

312 5559 516 5617 αἰτίαν,
554 5566 911 5626 praeterquam
957 5554 1228 5620 Suspecto
1279 5555 1368 5608 illo
1419 5556 1555 5610 loco.
1621 5554 1686 5608 Ut
1725 5557 1882 5608 aliter

311 5626 546 5680 Leonem
581 5629 944 5696 explicemus,
1003 5638 1066 5676 ac
1118 5640 1305 5676 sanato
1345 5626 1572 5678 velimus
1623 5628 1881 5696 habuisse

311 5709 566 5758 meuhun.
594 5695 764 5767 pietas
792 5699 920 5767 erit,
952 5696 1248 5767 praesertim
1279 5696 1590 5767 quaestione
1605 5695 1875 5763 ejusmodi

311 5767 526 5822 tinet-os
557 5762 697 5823 inter
726 5783 792 5822 ac
815 5762 1040 5822 Latinos
1069 5765 1188 5834 ejus
1211 5775 1452 5832 tempore
1479 5762 1874 5828 valdecetcbri,

1984 4579 2194 4636 Latinis
2251 4581 2322 4634 ita
2386 4581 2578 4634 rodios
2642 4589 2977 4648 exponentes
3037 4579 3438 4647 processionem
3487 4592 3554 4630 ex

1987 4650 2143 4706 Patre
2199 4667 2262 4705 ac
2323 4649 2483 4713 Filio,
2546 4652 2759 4704 loeutus
2795 4653 2886 4712 sit,
2923 4661 2980 4702 ut
3011 4659 3094 4702 est
3123 4648 3402 4715 probabile
3436 4663 3547 4699 non

1985 4722 2226 4776 defuisse
2255 4723 2438 4790 plures
2462 4722 2552 4788 qui
2581 4722 2660 4773 sic
2690 4722 3166 4790 intelligere-otiae
3191 4720 3327 4790 duas
3357 4731 3553 4787 causas

1985 4792 2101 4846 sive
2135 4786 2400 4862 prin—ripia
2435 4786 2693 4859 spiritus,
2719 4786 2932 4843 Patre—tn
2967 4804 3031 4842 ac
3054 4787 3248 4862 Filium
3276 4786 3551 4862 dicerent:

1987 4877 2091 4915 ηοτι
2135 4856 2323 4915 ἰιιοιιοί
2354 4856 2490 4914 ιιίιιι’
2517 4863 2742 4930 protulit
2775 4873 3034 4930 errorem,
3069 4858 3163 4910 sed
3196 4865 3249 4910 et
3295 4857 3349 4930 id
3374 4856 3554 4930 ipsum

1984 4932 2127 5000 quod
2178 4940 2364 5002 postea
2403 4927 2696 4985 universali
2747 4929 2982 5002 concilio
3026 4937 3257 5002 utraque
3317 4927 3554 5002 Ecclesia

1987 4996 2215 5056 sanxit-2
2249 5002 2491 5066 nihilque
2521 5009 2664 5056 vetat
2701 5007 2757 5052 ut
2786 5016 2849 5051 ne
2886 4998 2966 5050 vir
3013 4999 3301 5065 theologus
3330 5011 3392 5049 ac
3422 4996 3556 5048 insi-

1986 5074 2166 5139 guiter
2215 5073 2486 5131 eruditus,
2541 5070 2612 5123 ita
2655 5069 2930 5122 subtiliter
2981 5068 3330 5128 intellexerit,
3366 5069 3558 5139 sicque

1986 5137 2254 5195 affectarit
2283 5144 2428 5208 loqui
2460 5151 2518 5192 ut
2541 5150 2594 5193 et
2616 5139 2747 5192 nihil
2771 5154 3007 5191 errorem
3029 5139 3235 5191 habens
3256 5137 3556 5208 proferret,

1990 5213 2232 5280 nihilque
2255 5205 2406 5282 suos,
2432 5227 2505 5282 ac
2526 5208 2746 5282 Cra-cos
2769 5209 3100 5282 contentioni
3120 5205 3450 5282 studentes,
3491 5218 3558 5258 ex

1989 5277 2241 5335 sermone
2263 5279 2562 5335 oﬂ‘enderct
2594 5293 2607 5329 :
2651 5277 2850 5346 alioqui
2881 5279 3024 5332 enim
3068 5277 3342 5330 addictum
3375 5277 3554 5346 ipsum

1986 5349 2249 5405 Romana:
2301 5351 2439 5405 sedi.
2469 5365 2496 5399 a
2530 5364 2638 5418 qua
2687 5345 2850 5403 etiam
2905 5349 3204 5418 reluctante
3247 5345 3556 5418 patriarcha

1987 5411 2594 5488 Constantinopolitano
2666 5418 2976 5488 nuptiarum
3055 5411 3365 5488 Greccorum
3434 5411 3558 5488 jure

1989 5482 2390 5559 prohibiturum
2415 5482 3219 5559 remissionemAitnpetraverit,
3250 5485 3367 5552 ipso
3393 5482 3558 5537 etiam

1987 5555 2299 5630 patriarcha
2337 5559 2652 5612 Latinorum
2698 5572 2762 5610 ac
2791 5555 3222 5630 Occidentalium
3265 5561 3558 5630 sententia,

1990 5624 2050 5685 ca
2083 5630 2374 5686 occasione
2402 5639 2776 5694 exauctorato,
2813 5627 3004 5696 liquet.
3037 5628 3150 5690 Qua
3187 5625 3253 5679 de
3282 5639 3338 5679 re
3360 5624 3560 5680 Daren.

1989 5709 2043 5755 et
2083 5701 2195 5756 alii.
