2036 3230
158 183 213 215 125

673 183 814 213 ORATIO
825 184 893 213 XII.
909 195 942 201 -
955 183 997 215 ΙΝ
1016 182 1295 213 PENTECOSTEN.

1733 181 1783 213 126

155 237 222 275 ’Ἀρι
237 236 284 265 οὖν
301 238 358 274 ἔχει
380 237 426 264 καὶ
438 237 472 264 τὰ
491 238 612 273 παρόντα
629 236 677 271 τῆς
698 237 786 272 Ἰησοῦ
801 237 944 272 κρυφιότη·

1001 238 1116 272 gesimo.
1138 236 1196 264 Hoc
1209 223 1274 264 vero
1296 243 1414 271 quanam
1440 243 1473 263 ex
1494 235 1600 263 causa?
1624 236 1703 263 Anne
1724 236 1782 263 haec

156 294 206 317 τος
223 284 336 316 ἐπάξιον
352 284 512 319 μυστήριον,
526 283 542 318 ἢ
558 282 649 314 ἁπλῶς
660 282 731 309 οὕτω
749 282 949 317 παραδέχεσθαι

155 332 210 366 χρή
222 340 230 364 ;
244 331 281 357 Οὐ
296 330 345 365 μὲν
356 329 401 355 οὖν
412 337 419 343 ·
434 329 510 355 οὐδὲν
524 328 595 363 εικῆ,
608 329 661 354 οὐδ’
673 328 828 362 ἀθεώρητον
840 329 853 354 ὁ
864 327 950 361 Λόγος

155 377 291 411 ἐπλήρου.
315 376 369 402 Καὶ
397 374 473 407 γοῦν,
489 375 512 399 εἰ
538 373 676 408 βούλεσθε,
703 373 894 407 συγχωρητέον
911 372 949 406 τῷ

156 423 250 458 Λόγῳ,
266 422 306 453 εἰς
317 421 346 447 τὸ
362 421 442 455 βάθος
459 421 511 446 τῶν
526 420 694 454 τελουμένων
710 420 860 453 ἐγκύψαντι
876 420 948 444 ἐλαῖ-

155 469 214 500 θεν,
230 469 315 499 εἰπως
328 467 452 498 δύναιτο,
468 466 649 501 πειράσασῡαι
667 466 822 497 ἀνελκύσαι,
841 466 903 495 ἴσως
917 466 946 490 οὐ

155 515 261 550 φαῦλον
280 514 393 548 θεωροῖς
412 513 561 547 ὀφθαλμοῖς
581 512 678 546 θέαμα.
701 512 825 546 Εὑρίσκω
849 512 879 546 δὴ
902 511 947 537 οὖν

153 561 317 595 τιμωμένην
326 560 374 594 τὴν
385 559 583 593 Πεντηκοστήν·
597 558 626 583 οὐ
637 558 717 592 μόνον
730 559 769 583 ὅτι
781 557 874 591 ὥςπερ
888 558 947 592 ἱερὰ

156 608 185 639 ἐξ
201 607 279 642 ἱερᾶς
292 606 351 640 ἔχει
365 606 442 640 ῥίζης
460 605 508 640 τὴν
524 605 639 637 γένεσιν,
655 604 761 638 ἐκείνης
780 605 828 638 τῆς
842 603 947 638 ἡμέρας

156 654 184 679 ἐν
196 653 236 687 τῷ
246 673 254 685 ,
265 652 333 687 πρὸς
345 651 429 685 αὐτὴν
441 649 669 680 tivam-410830.12,
682 649 784 683 ταύτην
798 649 945 682 γεννώσης,

155 695 189 733 ἦς
202 697 256 724 ἀπὸ
274 696 382 722 πάντων
399 694 569 721 ἀνεπαύσατο
583 695 596 719 ο
616 694 796 727 Δημιουργὸς,
811 693 946 726 ὁποτέρων

159 742 266 777 βούλει,
285 740 341 767 τῶν
364 740 413 773 τῆς
433 739 620 773 ἐπιδημίας,ἦ
637 738 690 763 τῶν
703 739 750 772 τῆς
767 737 946 772 δημιουργίας

161 788 261 823 ἑργων·
283 787 341 813 ἀλλ’
368 786 409 811 ὅτι
434 785 480 810 καὶ
502 784 585 810 τύπον
610 784 726 818 ἐπλήρου
747 783 794 818 τῆς
810 783 944 817 ἀφεσίμου

164 835 208 860 καὶ
229 834 376 867 ἁνεσπέρου
401 831 510 866 ἡμέρας
523 838 529 845 ⁸
555 830 599 855 διὰ
621 830 698 855 τοῦτο
713 830 758 855 καὶ
775 831 838 863 παρ’
852 827 892 860 οἷς
916 830 945 854 τὸ

162 879 269 906 παλαιὸν
289 877 462 904 ἐπολιτεύετο
477 877 604 911 γράμμα,
622 876 715 910 ὥσπερ
730 877 756 901 ἐν
771 877 833 910 σκιᾷ
853 884 944 910 φαινο-

157 925 224 959 μένη
240 924 325 950 ἐδίδου
343 923 453 949 πάντων
474 922 641 956 ἐλευυερίαν,
665 921 802 947 ἐπὶτοῦτο
824 921 942 955 ἀριθμοῦ
962 917 980 942 Β

154 970 200 996 τοῦ
220 969 274 996 τῶν
290 968 420 995 ἐνιαυτῶν
440 967 540 994 κύκλου
557 966 943 1001 καθισταμένου·ὂηλούντων,

152 1012 244 1050 οἶμαι,
270 1014 325 1040 τῶν
347 1013 528 1047 τελουμένων,
551 1012 587 1043 ὡς
603 1013 671 1046 μετὰ
693 1013 741 1046 τὴν
767 1012 945 1046 ὲϐδοματικὴν

152 1061 259 1095 ταύτην
271 1060 406 1095 περίοδον,
420 1059 470 1093 τῆς
490 1058 635 1093 ἐπικαίρου
657 1059 703 1083 καὶ
722 1058 846 1092 δουλικῆς
866 1058 944 1092 ἡμῶν

155 1106 244 1140 ζωῆς,
264 1106 439 1140 ἐπιστήσεται
459 1105 550 1139 ἐκείνη
568 1105 584 1138 ἡ
602 1104 704 1138 ἡμέρα,
719 1104 777 1129 καθ’
792 1104 824 1138 ἣν
843 1104 892 1138 τὴν
904 1105 945 1134 εὶς

159 1151 191 1176 τὸ
214 1151 330 1185 ἀρχαῖον
351 1151 565 1177 ἀποκατάστασιν
588 1150 680 1175 λαϐεῖν
707 1150 810 1184 δεήσει,
827 1150 873 1175 καὶ
892 1149 941 1184 τὴν

161 1194 266 1221 ἄνωθεν
278 1195 323 1221 καὶ
338 1194 427 1229 πρώην
441 1194 594 1229 ἐλευθερίαν

1000 284 1068 318 ipsa,
1082 283 1189 310 occulta
1200 282 1265 310 Jesu
1281 283 1498 317 dispensatione,
1518 282 1630 317 dignum
1643 281 1707 316 quid
1728 290 1787 318 my-

1000 329 1195 361 steriihabent,
1211 333 1259 356 aut
1271 329 1310 356 sic
1320 333 1423 356 temere
1437 329 1568 362 nulloque
1582 329 1697 355 consilio
1707 333 1783 363 gesta

999 379 1109 410 oportet
1126 375 1271 410 accipere?
1284 375 1361 402 Absit
1375 375 1382 401 !
1394 374 1468 401 Nihil
1485 379 1587 402 temere
1615 381 1646 401 ac
1663 374 1785 407 frustra;

1000 422 1067 448 nihil
1083 421 1202 448 Verbum
1223 421 1353 456 implebat
1374 421 1452 456 quod.
1475 428 1528 446 non
1542 421 1673 455 spiritalis
1683 421 1785 455 aliquid

999 466 1185 501 intelligentize
1199 466 1321 492 haberet.
1336 465 1440 500 Itaque.
1458 466 1481 493 si
1497 465 1573 497 libet,
1587 465 1709 492 habenas
1723 473 1786 492 ora-

998 511 1066 538 tioni
1089 512 1255 543 laxabimus,
1282 515 1311 538 ut
1330 511 1356 537 in
1385 511 1584 546 mysteriorum
1613 511 1784 538 altitudinem

998 556 1119 587 intuens,
1145 555 1219 588 inde,
1234 555 1324 590 quoad
1349 555 1406 581 ﬁeri
1424 559 1525 589 potest,
1544 555 1688 582 extrahere
1706 556 1786 590 quid-

998 601 1070 636 piam
1084 604 1209 633 conetur,
1229 601 1300 628 haud
1314 601 1383 628 l'orte
1402 601 1479 634 illud,
1497 601 1663 636 spiritalium
1688 609 1785 629 senso-

997 653 1057 672 rum
1079 646 1311 680 contemplatione
1333 647 1452 673 eruditis
1470 647 1561 674 oculis
1600 647 1783 681 spernendum

998 691 1029 718 ad
1050 693 1248 726 spectaculum.
1274 691 1393 727 Reperio
1428 692 1520 726 itaque
1543 693 1640 720 honori
1663 693 1783 720 habitam

998 736 1272 772 Quinquagesimam,
1289 737 1391 765 nedum
1406 745 1439 765 eo
1455 738 1547 769 titulo,
1562 738 1635 772 quod
1649 739 1723 765 velut
1738 746 1784 765 sa-

997 791 1054 815 cra,
1069 790 1147 811 sacra
1164 791 1198 810 ex
1218 784 1310 811 radice
1337 783 1471 818 originem
1496 783 1596 811 habeat
1611 792 1617 810 :
1632 792 1665 811 ex
1681 784 1726 811 illa
1741 784 1784 811 ni-

998 827 1095 853 mirum
1110 827 1166 859 die,
1181 836 1242 862 qua:
1256 828 1283 854 in
1299 828 1419 863 seipsam
1437 835 1585 857 recurrens
1602 837 1634 857 ae
1644 829 1784 864 aliquanto

997 874 1110 908 repetita
1133 874 1202 900 hanc
1219 879 1342 909 generat,
1372 882 1426 909 qua
1451 882 1549 909 nempe
1568 883 1659 902 rerum
1687 876 1784 911 Opifex

996 920 1031 946 ab
1056 919 1129 946 omni
1150 920 1285 954 requievit
1307 928 1401 955 opere.
1426 929 1596 956 quaecunque
1623 922 1731 949 tandem
1753 922 1785 948 li-

997 965 1087 992 buerit
1101 973 1195 999 opera,
1215 966 1273 993 sive
1286 967 1420 994 adventus
1441 975 1473 995 ac
1499 967 1710 999 incarnationis,
1726 968 1784 994 sive

997 1011 1144 1038 creationis
1160 1020 1167 1039 :
1181 1019 1275 1039 verum
1289 1013 1371 1039 etiam
1396 1012 1469 1047 quod
1487 1013 1540 1040 diei
1560 1013 1734 1041 remissionis
1751 1021 1783 1040 ac

996 1064 1137 1092 vesperam
1170 1065 1225 1085 non
1252 1058 1379 1085 habentis
1404 1058 1518 1093 ﬁguram
1543 1063 1660 1093 gereret.
1677 1058 1783 1086 ldcirco

996 1104 1077 1130 etiam
1091 1103 1162 1138 apud
1177 1111 1224 1131 eos
1243 1112 1359 1139 quorum
1383 1112 1426 1131 res
1450 1111 1483 1131 ex
1497 1104 1607 1139 scriptae
1622 1104 1689 1139 legis
1711 1112 1782 1139 prae-

994 1149 1095 1183 scripto
1105 1149 1377 1181 administrabantur,
1386 1150 1459 1177 velut
1470 1150 1495 1176 iu
1508 1150 1604 1177 umbra
1611 1148 1782 1185 obscuraque

995 1195 1178 1222 delineatione
1198 1203 1337 1230 apparens
1352 1196 1387 1223 ab
1402 1196 1540 1224 universis
1555 1196 1657 1224 liberos
1668 1202 1782 1232 praesta-

160 1242 215 1272 bat,
231 1242 275 1268 ubi
293 1249 423 1268 armorum
446 1242 565 1269 circulus
585 1250 617 1268 au
632 1249 693 1268 eum
712 1249 854 1268 numerum
869 1242 1007 1269 revolutus
1024 1246 1107 1270 esset.
1125 1242 1244 1275 Quibus,
1280 1243 1389 1277 opinor,
1427 1243 1636 1277 signiﬁcabatur
1660 1243 1719 1270 fore
1753 1248 1782 1270 ut

155 1292 218 1321 post
235 1288 415 1322 septenariam
431 1288 500 1315 hanc
514 1289 574 1314 vitm
592 1293 693 1314 nostra:
706 1288 859 1322 periodum,
875 1292 1077 1322 lemporaneam
1098 1288 1172 1314 illam
1198 1295 1229 1315 ac
1264 1289 1391 1315 servituti
1414 1289 1572 1322 obnoxiam,

1618 1290 1664 1317 ille
1699 1289 1780 1317 adve-

153 1336 212 1362 niat
227 1336 286 1363 dies
305 1344 360 1371 quo
375 1337 402 1363 in
414 1337 550 1371 integrum
566 1337 727 1363 restituendi
743 1337 840 1366 simus,
859 1338 1057 1371 pristinamque
1071 1344 1101 1364 ac
1117 1337 1256 1372 antiquam
1271 1337 1423 1365 libertatem
1439 1337 1586 1372 recepturi.

196 1393 274 1421 Ἐπεὶ
285 1393 331 1420 οὖν
345 1395 391 1421 καὶ
405 1394 451 1421 νῦν
462 1396 478 1430 ἡ
491 1396 536 1421 τοῦ
556 1396 710 1430 Πυεύματος
726 1397 858 1431 ἐπιῐημὶα
876 1397 939 1422 νέαν

153 1441 219 1475 ἡμῖν
240 1437 308 1475 ἦλθε
334 1440 392 1474 βίου
416 1441 581 1467 κατάστασιν
601 1442 780 1476 διαθήσουσα,
804 1442 851 1467 καὶ
872 1442 938 1475 πρὸς

1029 1397 1163 1430 Quoniam
1187 1398 1271 1432 igitur
1292 1399 1445 1425 etiamnum
1472 1398 1583 1425 divinus
1607 1397 1727 1433 Spiritus
1747 1407 1780 1426 eo

993 1444 1076 1475 venit,
1107 1449 1137 1470 ut
1166 1451 1262 1470 novam
1288 1444 1367 1470 nobis
1392 1443 1455 1470 vita:
1479 1443 1611 1470 rationem
1635 1444 1782 1472 constituat

157 1486 261 1520 ὶιιεὶνην
274 1485 324 1521 τὴν
343 1486 449 1521 ἡμέραν
463 1487 517 1513 ἀπὸ
529 1487 574 1513 τοῦ
586 1488 698 1518 ῖκὸτους
714 1487 761 1521 τῆς
777 1489 805 1513 ὲν
820 1487 857 1521 τῷ
871 1496 940 1520 παρ-

996 1496 1099 1523 nosque
1113 1488 1147 1515 ad
1165 1489 1236 1514 illam
1251 1489 1321 1515 diem
1337 1489 1371 1515 ab
1386 1489 1468 1523 hujus
1486 1489 1580 1517 szeculi
1597 1490 1687 1516 noctis
1705 1493 1780 1516 tune-

159 1532 215 1558 ὁντι
233 1531 281 1567 βίῳ
305 1533 403 1562 νυκτὸς
437 1533 624 1567 διεγείρουσα,
644 1534 687 1559 διὰ
705 1534 783 1559 τοῦτο
808 1534 836 1558 ἐν
858 1533 943 1568 ταύτῃ

159 1579 337 1613 παραγίνεται
357 1581 390 1615 τῇ
414 1580 517 1615 ἡμέρᾳ.
536 1581 571 1606 Τὸ
594 1581 621 1606 δέ
642 1589 672 1614 γε
691 1581 759 1613 μετὰ
781 1580 828 1615 τὴν
853 1580 944 1606 ἄνοδον

156 1624 225 1652 εἶναι
237 1627 365 1662 δεκάτην,
377 1628 418 1653 ὅτι
430 1627 524 1663 ὥσπερ
537 1629 552 1662 ή
566 1628 677 1662 ἑϐδόμη,
694 1628 765 1654 οὓτω
778 1629 825 1653 καὶ
866 1627 942 1661 τρίτη

157 1672 199 1706 ἐφ’
218 1673 316 1708 ἑαυτὴν
336 1674 569 1709 ἀνακυκλουμένη,
592 1674 693 1709 ταύτην
712 1676 777 1709 ἡμῖν
795 1674 844 1708 τὴν
870 1675 944 1708 ἱερὰν

157 1718 263 1752 ἡμέραν
279 1719 437 1745 ἀνέστελλεν
451 1719 471 1746 ι.
496 1718 549 1746 Ἶῐν
564 1721 586 1746 δ’
602 1721 655 1757 ἄρα
671 1721 716 1747 καὶ
739 1720 816 1746 τοῦτο
833 1720 944 1746 dixiin»-

159 1764 213 1796 00v,
227 1765 256 1790 οὐ
275 1765 355 1799 μόνον
367 1765 410 1791 διὰ
423 1766 470 1799 τὴν
485 1767 534 1801 τῆς
549 1766 677 1801 Θεαρχίας
693 1767 813 1800 τριττῆνν
832 1767 887 1792 ἀλλ’
903 1768 942 1792 ὅτι

156 1810 202 1835 καὶ
225 1810 256 1835 τὸ
275 1810 345 1844 μέγα
359 1810 439 1845 ἔργον
461 1812 508 1846 τῆς
526 1812 569 1837 τοῦ
593 1813 695 1845 κόσμου
718 1813 863 1846 ἑγέρσεως,
888 1821 944 1847 τρι-

153 1855 230 1885 ταῖος
254 1855 269 1880 ὁ
290 1855 375 1888 Λόγος
403 1855 685 1890 διεπραγματεύσατο.
717 1857 795 1882 Ἀλλὰ
822 1857 868 1882 τοῦ
895 1857 944 1890 μὲν

153 1899 257 1926 κείσθω
271 1901 300 1926 οὔ
321 1901 458 1936 πάρεργον
476 1902 540 1933 ἴσως
554 1904 610 1933 τοῖς
631 1903 846 1936 φιλακροάμοςιν
862 1903 944 1929 ἄκου-

156 1955 220 1982 σμα·
239 1947 465 1981 ὲπαναχωρητέον
479 1948 500 1973 δ’
513 1948 573 1974 ὅθεν
589 1948 799 1982 ἐξεληλύῡαμεν,
816 1948 943 1982 Ἔρχεται

158 1992 188 2027 δὴ
202 1993 314 2028 πληρῶν
326 1994 374 2028 τὴν
390 1993 556 2027 ἐπαγγελίαν
570 1994 615 2019 τοῦ
629 1993 705 2025 Υῐοῦ,
726 1995 739 2020 ὁ
755 1994 942 2028 Παράκλητος,

156 2039 185 2064 τὸ
199 2038 311 2072 Πνεῦμα
327 2038 356 2063 τὺ
372 2038 484 2071 ἀγαῡὸν,
498 2039 544 2064 ἐπὶ
565 2040 627 2070 τοὺς
641 2039 730 2073 ἱεροὺς
750 2039 883 2073 μαθητὰς,
899 2039 945 2064 καὶ

151 2086 186 2112 δι’
201 2085 313 2112 ἐκείνων
330 2085 451 2118 ἁγιάσων
473 2085 522 2119 τὴν
537 2085 635 2117 κτίσιν,
655 2085 703 2118 τὴν
721 2085 772 2110 ὑπὸ
791 2085 845 2109 τῶν
860 2093 943 2119 πονη-

155 2131 212 2166 ρῶν
227 2131 480 2165 διαλελυμασμένην
492 2132 666 2165 πνευμάτων.
685 2131 742 2156 υὺκ
758 2130 798 2156 ἔτι
815 2130 875 2156 καθ’
886 2130 942 2160 ἕνα,

153 2178 203 2203 καὶ
221 2176 293 2203 κατὰ
316 2177 398 2211 μέρος
414 2176 522 2210 ἁγιάζει
535 2184 541 2190 ·
561 2176 615 2202 οὐδ’
631 2176 670 2201 ἐνὶ
685 2178 756 2209 γένει
772 2176 819 2206 τὰς
835 2177 943 2210 εὐεργε-

154 2223 217 2255 σίας
242 2223 478 2257 ἐπιδαψιλεύεται·
504 2223 560 2248 ἀλλ’
584 2222 650 2256 ὁμοῦ
667 2222 755 2248 πάντα
773 2222 872 2256 πληροῖ
892 2222 943 2247 κό-

155 2277 225 2304 σμον
242 2268 392 2303 ἁγιασμοῦ.
414 2268 474 2294 Οὐδ’
488 2269 527 2295 ἔτι
542 2268 620 2302 μόνος
637 2268 651 2293 ὁ
667 2268 801 2302 ἀγνώμων
821 2268 945 2299 Ἰουδαῖος

153 2314 201 2340 τοῦ
216 2314 288 2340 θείου
305 2313 420 2340 πλούτου
438 2314 611 2349 κατατρυᾳᾷ,
627 2314 731 2344 πάντας
745 2315 784 2344 εἰς
801 2314 847 2339 τὸν
863 2313 944 2339 αυτιῦ

154 2359 257 2395 κλῆρον
269 2359 470 2393 εἰσαγαγόντος,
483 2358 530 2385 τοῦ
541 2359 631 2386 κακῶς
644 2359 689 2385 ὑπ’
700 2360 804 2385 ἐκείνου
814 2359 943 2390 παθόντος

154 2406 337 2441 κληρονόμου·
368 2406 428 2432 οὐδὲ
457 2406 536 2441 μόνος
574 2406 655 2440 εἰδείη
676 2406 724 2441 τὴν
754 2407 827 2432 Θείαν
855 2406 941 2439 δόξαν,

153 2452 247 2487 πάσης
267 2451 454 2486 μανῦανούσης
477 2452 576 2487 σαρκὸς
600 2452 629 2478 τὸ
653 2453 784 2487 σωτήριον
801 2452 846 2478 τοῦ
864 2452 941 2478 Θεοῦ.

151 2497 221 2522 Οὐδὲ
236 2496 358 2522 κείσεται
370 2496 435 2531 παρ’
448 2496 521 2532 αὐτῷ
532 2497 579 2531 τῆς
593 2498 758 2531 προφητείας
770 2497 799 2523 τὸ
808 2497 940 2531 χάρισμα,

150 2543 198 2567 ἐπὶ
217 2542 308 2568 πᾶσαν
322 2542 409 2577 σάρκα
424 2543 552 2577 χεομένου
569 2543 616 2568 τοῦ
630 2543 797 2578 Πνεῦματος,
814 2544 860 2570 καὶ
879 2552 942 2578 προ-

150 2589 327 2623 φητευόντων
367 2588 449 2624 υἱῶν,
487 2589 533 2614 καὶ
565 2589 723 2624 θυγατέρων
755 2590 940 2624 eameam

150 2634 298 2669 ἀκράντοις
313 2633 400 2660 ὠδῖσι.

182 2787 211 2805 ⁹¹
224 2787 323 2815 Matth.
340 2795 401 2816 xxi.
417 2788 464 2815 39.

996 1534 1052 1561 bris
1078 1534 1190 1566 excitet,
1217 1534 1319 1560 idcirco
1336 1534 1387 1560 hor.
1402 1534 1462 1569 ipso
1485 1533 1528 1561 die
1553 1534 1673 1561 advenit.
1702 1534 1778 1567 Quml

995 1584 1084 1607 autern
1099 1579 1205 1607 decima
1216 1581 1249 1606 ab
1264 1580 1323 1614 ejus
1339 1581 1365 1606 in
1379 1581 1477 1608 cazlum
1494 1581 1665 1607 Ascensiotte
1683 1581 1738 1612 liat,
1748 1588 1779 1608 ea

995 1626 1065 1652 ratio
1087 1626 1133 1658 sit,
1146 1625 1220 1660 quod
1232 1626 1301 1653 sicut
1315 1626 1440 1661 septima,
1460 1627 1500 1654 sic
1521 1631 1548 1653 et
1570 1627 1649 1654 tertia
1666 1627 1781 1662 repetita

996 1680 1027 1699 ac
1041 1672 1180 1706 revoluta,
1212 1680 1319 1700 sacram
1347 1673 1418 1700 hanc
1438 1673 1518 1700 nobis
1542 1672 1668 1700 conﬁciat
1697 1673 1781 1701 dietn.

995 1718 1060 1745 Erat
1085 1726 1150 1745 vero
1170 1719 1221 1745 hoc
1238 1719 1337 1746 rationi
1363 1723 1590 1752 consentaneum,
1610 1727 1664 1745 non
1690 1719 1779 1747 solum

995 1769 1106 1801 propter
1121 1765 1241 1792 divinam
1257 1765 1435 1798 Trinitatem,
1453 1766 1500 1793 sed
1524 1766 1588 1801 quia
1609 1766 1693 1792 etiam
1714 1765 1779 1793 Vero

996 1813 1059 1839 bum
1077 1819 1204 1846 magnum
1222 1812 1289 1838 illud
1310 1812 1423 1839 excitati
1447 1819 1480 1838 ac
1507 1812 1665 1839 resuscitati
1686 1812 1781 1839 mundi

995 1865 1064 1894 opus
1089 1858 1173 1885 tridui
1192 1859 1280 1894 spatio
1303 1858 1479 1886 absolvisset.
1492 1857 1594 1885 Verum
1608 1858 1666 1884 haec
1680 1857 1782 1884 fortas-

996 1904 1035 1930 sis
1048 1910 1102 1931 non
1117 1904 1165 1930 abs
1180 1911 1209 1931 re
1220 1904 1292 1930 dicta
1308 1903 1379 1938 apud
1393 1910 1441 1930 eos
1456 1902 1559 1930 fuerint
1571 1903 1617 1937 qui
1644 1903 1779 1937 ejusmodi

996 1949 1086 1977 scnsis
1110 1948 1299 1981 delectantur,
1327 1948 1374 1976 sed
1404 1949 1484 1976 nobis
1513 1949 1720 1984 regrediendum
1748 1957 1781 1977 eo

997 1996 1067 2022 unde
1080 2002 1174 2022 sumus
1189 1995 1304 2029 egressi.
1319 1994 1401 2021 Venit
1415 2002 1480 2029 ergo
1491 1994 1551 2022 Filii
1570 1995 1779 2029 promissionem

997 2041 1158 2076 impleturus
1175 2040 1346 2071 l’aracletus,
1379 2040 1478 2072 bonus,
1494 2040 1618 2075 inquam,
1633 2040 1679 2068 ille
1692 2040 1780 2076 Spiri-

996 2092 1051 2117 tus,
1076 2087 1102 2113 in
1117 2091 1243 2113 sacratos
1258 2085 1424 2120 discipulos,
1435 2090 1519 2120 utque
1533 2094 1580 2121 per
1595 2086 1656 2114 illos
1671 2089 1779 2113 creatu-

996 2141 1053 2159 ram
1070 2133 1264 2165 sanctilicaret,
1277 2140 1292 2158 a
1308 2132 1388 2159 malis
1403 2133 1473 2159 male
1484 2132 1603 2159 habitam
1616 2132 1780 2166 damnisque

958 2170 982 2198 D
997 2178 1120 2206 aﬂ'ectam
1144 2178 1299 2213 spiritibus.
1319 2177 1396 2205 Haud
1421 2178 1493 2205 ultra
1519 2178 1564 2205 ille
1590 2178 1730 2213 sigillatim
1747 2186 1779 2205 ac

996 2216 1120 2259 exparte
1139 2224 1302 2256 sanctiﬁcat.
1323 2231 1374 2251 nec
1396 2224 1443 2251 uni
1462 2227 1567 2251 tantum
1597 2224 1701 2251 nationi
1730 2231 1779 2251 sua

996 2271 1067 2297 dona
1082 2270 1195 2305 copiose
1211 2270 1336 2303 eﬁ‘nndit,
1354 2270 1402 2297 sed
1421 2270 1503 2297 simul
1520 2270 1677 2298 universum
1696 2277 1779 2296 mun-

997 2316 1061 2343 dum
1076 2316 1258 2342 sanctimonia
1271 2315 1379 2350 plenum
1392 2315 1482 2342 efﬁcit.
1499 2314 1554 2342 Nec
1566 2322 1648 2350 porro
1661 2315 1778 2349 amplius

998 2360 1122 2393 ingratus
1134 2359 1330 2393 improbiusque
1341 2358 1454 2386 Iudaeus
1470 2359 1627 2386 divinarum
1643 2359 1718 2386 solus
1737 2359 1779 2386 di.

994 2407 1121 2433 vitiarum
1140 2406 1253 2433 delicias
1268 2407 1395 2440 percipit,
1413 2414 1475 2433 cum
1492 2406 1621 2433 nimirum
1635 2413 1715 2440 quem
1733 2405 1778 2433 ille

992 2452 1126 2480 haeredem
1139 2453 1210 2479 male
1227 2457 1315 2479 morte
1331 2451 1432 2484 alTecit,
1448 2451 1474 2477 in
1492 2458 1569 2478 suam
1583 2458 1678 2478 omnes
1691 2451 1778 2478 intro-

991 2499 1075 2526 ducat
1099 2498 1291 2525 hereditatem
1308 2497 1401 2525 :bautl
1425 2497 1487 2523 item
1505 2497 1581 2523 solus
1608 2496 1715 2523 noverit
1732 2495 1778 2523 Dei

990 2543 1117 2577 gloriam,
1132 2550 1194 2568 cum
1208 2542 1300 2569 omnis
1315 2549 1381 2569 caro
1409 2541 1455 2568 Dei
1472 2541 1593 2568 salutare
1607 2540 1777 2569 doceatur".

990 2588 1045 2615 Nec
1069 2587 1179 2615 demum
1209 2587 1358 2623 prophetiae
1381 2586 1462 2621 apnd'
1478 2594 1541 2614 eum
1554 2587 1655 2614 donum
1670 2586 1779 2620 deposi-

988 2638 1047 2660 tum
1064 2633 1126 2665 erit,
1146 2641 1208 2660 cum
1228 2632 1349 2668 Spiritus
1371 2632 1527 2659 eﬂ‘undatur
1545 2633 1572 2659 in
1591 2639 1699 2659 omnem
1713 2639 1777 2658 car-

998 2687 1081 2711 nem,
1105 2679 1319 2713 propheteutque
1344 2677 1390 2705 ﬁlii
1411 2682 1493 2713 atque
1516 2677 1579 2705 ﬁlia
1613 2677 1776 2705 intemerato

993 2726 1058 2753 editi
1077 2730 1170 2761 partu.

789 2851 908 2881 VARIE
929 2852 1131 2883 LECTIONES.

210 2896 217 2915 ι
237 2893 307 2930 Leg.
323 2893 474 2923 ἀνέτελλεν.
