4072 6482
457 340 556 403 1:27

1697 329 1976 394 LEONIS
1994 329 2473 390 ,PHILOSOPHI

3600 316 3708 391 I28

523 449 681 505 Nunc
709 447 880 503 ell'usa
913 453 998 502 est
1032 445 1320 501 allluenter
1350 445 1528 500 sancti
1557 441 1798 512 Spiritus
1821 441 2021 513 gratia;

2197 436 2312 490 Νῦν
2360 438 2591 510 ἐξεχύθη
2641 437 2913 501 πλουσίως
2965 435 3059 491 τοῦ
3093 437 3710 511 Πνεῦματοςηή-ςιάρις.

453 542 598 615 quod
629 543 851 611 quidam
881 540 1268 608 prophetarum
1296 537 1432 590 olim
1466 537 1520 589 in
1559 535 1759 603 spiritu
1813 531 2027 595 videns,

453 635 788 687 vaticinatus
813 639 896 686 est
933 632 1000 684 ".
1053 627 1281 697 Propter
1305 628 1407 681 hoc
1441 642 1471 682 e
1507 626 1676 681 labris
1707 624 1938 678 rudibus
1975 632 2032 677 et

453 725 688 779 indoctis
755 722 1036 790 sapientia:
1112 718 1388 788 proﬂuunt
1436 717 1661 778 ﬂuenta,
1744 716 2031 780 tribusque

455 826 511 871 et
553 816 750 884 linguae
779 814 1023 868 enarrari
1068 813 1297 866 audiunt
1341 810 1431 864 Dei
1479 807 1749 879 magnalia
1771 809 1840 860 ’7.
1874 806 2030 861 Nunc

454 899 816 978 probi-coloni
855 905 1059 958 virtute
1097 919 1162 957 ex
1197 904 1307 955 alto
1345 901 1583 954 roborati
1641 908 1805 969 atque
1851 901 2032 952 ﬁrma-

454 1000 516 1062 ti,
553 1015 619 1053 ex
649 1013 780 1068 agro
833 995 1119 1050 Dominico
1162 995 1422 1064 nequitiae
1477 993 1690 1047 zizania
1745 991 2028 1054 auferunt,

458 1090 811 1158 cmlestisque
868 1104 1007 1142 area:
1063 1087 1304 1141 fructum
1364 1086 1431 1139 ad
1491 1090 1793 1139 ubertatem
1856 1097 2030 1152 usque

453 1183 821 1252 adaugebunt.
846 1180 1003 1234 Nunc
1030 1181 1228 1249 linguae
1253 1179 1397 1248 ignis
1421 1178 1725 1247 dispertita:
1745 1175 2033 1230 divisionis

452 1276 582 1329 olim
612 1273 768 1327 factm
798 1273 915 1344 ('59)
943 1273 1210 1326 unitatem
1242 1271 1502 1325 cilicium.
1531 1271 1671 1322 Nam
1706 1277 1762 1322 et
1784 1267 1916 1322 mihi
1951 1268 2032 1321 id-

452 1368 604 1420 circo
636 1366 852 1420 videtur
885 1364 1058 1419 forma
1085 1365 1186 1416 hac
1218 1364 1435 1439 linguas
1462 1361 1823 1431 apparuisse;
1859 1374 2034 1429 quau-

453 1475 619 1529 quam
668 1458 904 1512 liberum
945 1465 1050 1519 est,
1086 1465 1145 1508 ut
1175 1456 1302 1524 quis
1336 1455 1457 1524 ejus
1504 1455 1578 1507 rei
1617 1454 1754 1508 alias
1790 1453 2033 1508 rationes

454 1552 588 1606 velit
638 1552 944 1620 assignare.
1003 1550 1080 1601 Ac
1133 1564 1265 1602 vero
1319 1547 1486 1616 hujus
1531 1554 1718 1616 specta
1771 1546 2035 1599 doctrina:

457 1642 804 1711 mysterium.
845 1639 989 1693 Olim
1034 1639 1256 1708 quidem
1303 1639 1574 1701 dividens,
1607 1652 1670 1689 ac
1698 1636 1768 1690 ab
1803 1638 2033 1692 invicem

457 1747 720 1801 separatis
751 1733 1045 1785 humanam
1074 1732 1322 1800 stirpem,
1349 1729 1478 1799 quid
1502 1731 1613 1800 agit
1637 1731 1660 1783 ?
1693 1729 1896 1795 Venite,
1945 1728 2033 1782 iu-

457 1825 599 1900 qttit,
633 1823 1032 1888 descendamus,
1053 1831 1101 1876 et
1123 1821 1508 1890 confundamus
1528 1821 1732 1890 linguas
1755 1836 1937 1873 eorum
1955 1820 2030 1874 ἐς

456 1914 842 1968 descendentis
883 1928 1016 1967 voce
1080 1913 1135 1966 in
1169 1911 1579 1965 multitudinem
1612 1910 1863 1964 dividens
1917 1924 2034 1976 eos,

457 2009 548 2076 qui
569 2023 678 2060 non
709 2007 808 2060 rite
831 2006 1054 2060 adunati
1088 2005 1342 2060 fuissent.
1370 2003 1528 2058 Nunc
1559 2017 1712 2064 vero,
1746 2002 2034 2073 ignearum

455 2092 766 2164 linguarum
798 2093 1090 2158 divisione,
1123 2094 1456 2148 divisionem
1506 2094 1560 2148 in
1600 2109 1770 2149 unum
1802 2093 2032 2158 colligit.

457 2181 704 2239 Observa
764 2199 893 2239 vero
940 2186 1154 2239 unitum
1194 2183 1394 2254 ignem,
1429 2184 1483 2238 in
1519 2194 1653 2255 quot
1702 2198 1767 2238 ac
1802 2195 2038 2253 quantas

457 2287 644 2349 partes
671 2278 1052 2348 dispertiatur.
1087 2277 1155 2332 Et
1179 2281 1282 2333 hoc
1298 2278 1520 2348 quidem
1560 2280 1708 2333 hunc
1730 2280 1785 2332 in
1815 2277 2035 2332 modum

457 2386 489 2424 a
514 2371 674 2425 nobis
713 2371 1070 2425 observatum
1133 2379 1242 2426 est.
1291 2371 1633 2425 Audiebatur
1675 2379 1858 2424 autem
1895 2371 2040 2424 inter

460 2470 650 2529 gentes
673 2461 945 2514 variarum
978 2461 1287 2530 linguarum
1346 2462 1550 2530 cuique
1577 2463 2040 2531 proprialoquens

461 2569 653 2608 eorum
701 2553 909 2621 lingua,
950 2567 1090 2622 quos
1129 2552 1494 2608 nescivissent
1537 2555 1758 2622 quidem
1818 2555 2038 2608 ubinam

463 2646 708 2714 gentium
767 2644 1119 2707 habitarent,
1170 2645 1492 2713 priusquam
1537 2645 1615 2699 illi
1669 2643 1801 2701 Jesu
1848 2646 2039 2700 sociati

461 2744 668 2792 essent.
695 2735 934 2806 Eratque
963 2751 1052 2790 res
1071 2738 1220 2790 omni
1237 2738 1598 2792 admiratione
1620 2739 1777 2807 plena
1803 2757 1816 2792 :
1839 2739 2042 2808 quippe

461 2841 583 2884 erat
637 2828 793 2897 plane
852 2829 1139 2894 inusitata,
1195 2838 1360 2898 atque
1409 2845 1439 2882 a
1472 2829 1809 2898 loquentium
1847 2837 2042 2882 natura

465 2935 533 2975 ac
569 2920 817 2973 moribus
849 2919 1012 2988 longe
1037 2919 1238 2974 aliena.
1285 2919 1556 2985 Quocirca
1587 2920 1655 2974 ab
1700 2919 2040 2975 absurdissi-

464 3012 569 3066 mis
600 3013 911 3065 mortalium
934 3013 990 3063 in
1020 3011 1278 3066 absurdis
1292 3011 1686 3066 numerabatur
1733 3026 1796 3064 ac
1827 3019 2038 3065 tantum

2128 533 2264 603 ὅπερ
2305 549 2390 594 τις
2424 532 2592 586 πάλαι
2624 531 2837 601 βλέπων
2868 534 2925 583 ὲν
2972 531 3248 600 πνεύματι
3281 530 3573 600 προύλεγε.
3609 533 3716 587 Διά

2129 629 2287 682 τοῦτο
2338 629 2404 680 ἐκ
2448 626 2672 697 χειλέων
2708 626 3010 679 ἁδιδάκτων
3063 624 3255 693 σοφίας
3296 624 3588 694 προχέεται
3620 625 3717 680 νά-

2137 737 2286 788 ματα
2313 758 2328 783 ,
2378 718 2473 771 καὶ
2530 718 2696 786 φυλαὶ
2745 719 2840 770 καὶ
2889 717 3132 786 γλῶσσαι
3194 717 3264 770 τά
3309 717 3567 786 μεγαλεῖα
3615 715 3715 770 τοῦ

2129 812 2265 865 Θεοῦ
2309 810 2566 865 ἀκούουσι
2594 809 2955 880 διηγούμενα.
2989 810 3102 862 Νῦν
3131 812 3196 879 τῇ
3233 809 3292 876 ἐξ
3330 808 3496 878 ὕψους
3527 809 3578 861 οἱ
3609 827 3718 862 κα-

2130 905 2212 959 λοὶ
2270 905 2498 976 ἐργάται
2556 903 2781 972 δυνάμει
2841 902 3173 974 ῥωσθέντες,
3223 899 3316 954 τοῦ
3377 901 3718 955 Δεσποτικοῦ

2131 995 2430 1066 γεωργίου,
2466 993 2527 1045 τὸ
2551 994 2650 1063 τῆς
2679 993 2944 1063 πονηρίας
2973 992 3412 1060 ἀποκαθαίρουσι
3447 991 3715 1058 ζιζάνιον,

2132 1091 2228 1142 καὶ
2271 1091 2338 1159 τῇ
2385 1087 2622 1157 οὐρανίῳ
2657 1087 2769 1156 ἆλῳ
2795 1087 2888 1138 τὸν
2917 1085 3129 1154 καρπὸν
3165 1086 3243 1146 εἰς
3292 1083 3493 1150 πλῆθος
3543 1083 3718 1153 αὐξή-

2135 1196 2305 1233 σουσι.
2342 1179 2456 1231 Νῦν
2485 1179 2729 1246 γλῶσσαι
2771 1180 2942 1248 πυρὸς
2983 1175 3431 1246 διαμεριζόμεναι
3476 1174 3570 1228 τοῦ
3611 1175 3724 1228 πάο

2132 1273 2220 1326 λαι
2283 1271 2554 1343 μερισμοῦ
2605 1271 2705 1342 τὴν
2771 1270 2997 1340 ἑνότητα
3039 1267 3544 1339 πραγματεύονται.
3615 1268 3726 1320 Διὰ

2134 1364 2294 1418 τοῦτο
2328 1363 2516 1434 ἔμοιγε
2575 1365 2670 1416 καὶ
2695 1364 2921 1433 τοιούτῳ
2950 1362 3081 1414 εῖδει
3129 1360 3230 1424 τὰς
3258 1359 3508 1428 γλώσσας
3545 1358 3728 1426 ὀφθῆ-

2134 1472 2222 1507 ναι
2255 1455 2433 1506 δοκεῖ·
2485 1454 2534 1505 εί
2583 1454 2676 1506 καὶ
2732 1453 2849 1506 κατ’
2906 1451 3071 1513 ἄλλας
3103 1450 3282 1512 αἰτίας
3315 1448 3596 1502 ἀκώλυτον
3636 1445 3726 1513 τῷ

2138 1544 2446 1614 βουλομένῳ
2493 1543 2737 1612 θεωρεῖν.
2790 1542 2900 1596 Καὶ
2950 1543 3142 1617 σκόπει
3183 1557 3274 1610 μοι
3312 1537 3407 1592 τοῦ
3440 1539 3720 1609 δόγματος

2135 1635 2200 1689 τὸ
2233 1636 2548 1706 μυστήριον.
2603 1635 2779 1687 Πάλαι
2817 1634 2914 1703 μὲν
2959 1631 3178 1685 διιστῶν
3207 1629 3267 1699 ἐξ
3310 1629 3556 1700 ἀλλήλων
3587 1627 3724 1690 Θεὸς

2135 1725 2245 1778 τῶν
2283 1726 2584 1797 ἀνθρώπων
2630 1724 2728 1795 τὴν
2757 1723 2970 1793 γενεὰν,
3009 1725 3064 1775 τί
3115 1724 3286 1784 ποιεῖς
3316 1720 3516 1784 Δεῦτε,
3545 1720 3680 1788 φησι
3700 1759 3728 1785 ,.

2137 1817 2501 1884 καταϐάντες
2546 1816 2898 1886 συγχέωμεν
2923 1812 3121 1869 αὐτῶν
3165 1815 3269 1879 τὰς
3298 1813 3583 1882 γλώσσας
3602 1827 3618 1841 ο
3649 1813 3714 1884 τῇ

2136 1912 2389 1984 προφορᾷ
2430 1911 2525 1964 τοῦ
2565 1910 2902 1971 καταϐάντος
2961 1907 3198 1978 μερίζων
3243 1907 3323 1969 εἰς
3356 1905 3560 1976 πλῆθος
3592 1905 3728 1966 τοὺς.

2133 2006 2194 2057 οὐ
2227 2004 2406 2066 καλῶς
2433 2003 2770 2074 ἡνωμένους.
2818 2000 2934 2053 Νῦν
2965 2000 3022 2052 δὲ
3048 1999 3160 2052 τῶν
3188 1999 3430 2069 πυρίνων
3458 1995 3722 2065 γλωσσῶν

2132 2103 2200 2171 τῇ
2233 2098 2460 2168 διανομῇ
2526 2097 2604 2160 είς
2636 2094 2694 2150 ἓν
2740 2095 2964 2162 συνάγει
2994 2091 3088 2146 τὸν
3131 2087 3515 2161 διαμερισμόν.
3570 2087 3724 2139 Ἐπισ-

2134 2193 2291 2262 τήρει
2342 2189 2401 2242 δέ
2453 2205 2554 2258 μοι
2591 2187 2654 2239 τὸ
2706 2185 2815 2258 πῦρ
2847 2185 3157 2256 ἡνωμένον,
3194 2184 3274 2245 είς
3302 2180 3474 2234 ὁπόσα
3505 2177 3570 2232 ἂν
3615 2179 3721 2230 καὶ

2140 2281 2453 2356 μερίζηται.
2503 2279 2641 2334 Ἀλλ’
2667 2280 2799 2350 ἡμῖν
2828 2279 2926 2348 μὲν
2955 2270 3058 2331 ὧδε
3088 2275 3183 2329 καὶ
3210 2272 3369 2327 τοῦτο
3398 2271 3720 2342 τετήρηται,

2150 2376 2407 2428 Ἠκοὺετο
2447 2373 2504 2425 δὲ
2544 2371 2765 2440 γλῶσσα
2815 2369 3166 2440 φθεγγομένη
3218 2369 3275 2423 ὲν
3310 2364 3723 2433 πολυγλώσσοις

2139 2469 2352 2522 ἔθνεσιν
2401 2466 2617 2535 ἑκάστῳ
2665 2463 2839 2517 οἰκεία
2883 2462 3113 2532 ἀνδρῶν,
3149 2458 3272 2531 μηδ’
3326 2461 3432 2528 ὅπη
3479 2457 3580 2528 τῆς
3639 2459 3726 2510 ὲνν

2141 2559 2453 2630 εγκαμένης
2495 2557 2693 2628 ᾤκουν,
2719 2555 2848 2626 πρὶν
2881 2557 2978 2608 σὺν
3007 2554 3085 2624 τῷ
3125 2551 3299 2622 Ἰησοῦ
3327 2547 3606 2619 γενέσθαι,
3638 2564 3722 2616 γι·

2142 2651 2521 2720 νωσκομένων.
2568 2648 2678 2702 Καὶ
2721 2647 2784 2700 τὸ
2833 2646 3065 2717 πρᾶγμα
3101 2641 3402 2716 παράδοξον
3425 2655 3438 2669 ’
3464 2640 3587 2694 οὐδὲ
3612 2639 3718 2710 γὰρ

2141 2739 2210 2814 ἦν
2238 2743 2346 2796 τῶν
2381 2741 2649 2810 συνήθων,
2698 2738 2812 2794 οὔτ’
2852 2735 3000 2808 εἶχεν
3033 2737 3248 2798 οἰκείως
3290 2734 3428 2806 πρὸς
3473 2733 3575 2804 τὴν
3611 2731 3724 2784 τῶν

2141 2832 2450 2890 λαλούντων
2480 2830 2661 2900 φύσιν.
2687 2830 2786 2886 Διά
2811 2829 2971 2881 τοῦτο
2999 2831 3111 2890 τοῖς
3143 2828 3319 2880 πάντα
3347 2824 3570 2887 ἀτόποις
3601 2823 3721 2876 ἐδόο

2143 2944 2230 2982 κει
2262 2927 2483 2990 ἄτοπον,
2519 2924 2600 2986 είς
2648 2923 2933 2994 τερατείαν
2972 2920 3034 2972 τὸ
3068 2918 3252 2989 θαῦμα
3298 2916 3722 2980 διαὸαλλόντων,

2144 3019 2241 3071 καὶ
2270 3016 2441 3087 μέθην
2467 3013 2842 3082 ἐγκαλούντων
2863 3008 2972 3063 τῶν
3001 3007 3354 3078 ἀθεράπευτα
3388 3003 3722 3075 μεθυόντων.

467 3103 815 3162 miraculum,
839 3113 1097 3171 tanquam
1129 3102 1622 3166 incantamentum,
1652 3119 1714 3156 ac
1733 3105 2038 3173 praestigia-

2155 3111 2406 3180 Ἀρχαίος
2439 3099 2595 3169 οὗτος
2617 3105 2695 3175 τῷ
2721 3103 2839 3173 Θεῷ
2865 3101 3187 3173 μαχομένων
3212 3099 3432 3162 σκοπὸς,
3459 3097 3532 3168 μὴ
3561 3097 3726 3167 μόνον

465 3206 587 3245 rum
621 3191 918 3244 ludibrium
949 3191 1339 3246 traducebatur
1365 3233 1378 3256 ,
1411 3194 1847 3262 temulentizeque
1871 3194 2036 3248 ascri-

465 3281 701 3336 bebatur
731 3283 798 3333 ab
828 3283 934 3347 his,
971 3282 1062 3350 qui
1103 3282 1495 3336 immedicabili
1530 3284 1854 3337 temulentia
1885 3284 2042 3337 labo-

465 3374 680 3425 rabant.
725 3372 890 3426 Vetus
926 3373 1014 3426 hic
1051 3388 1265 3437 eorum,
1316 3374 1566 3443 quicum
1615 3373 1726 3430 Deo
1773 3383 2040 3446 pugnant,

465 3479 586 3517 mos
615 3471 734 3528 est,
773 3472 833 3516 ut
863 3480 972 3518 non
1001 3464 1177 3519 solum
1207 3465 1411 3521 divinis
1440 3465 1700 3536 operibus
1728 3468 1933 3521 nullam
1984 3468 2044 3520 [l-

467 3555 591 3611 dem
625 3557 938 3621 adhibeant,
971 3573 1159 3612 verum
1193 3557 1361 3610 etiam
1392 3567 1686 3624 conentur,
1718 3568 1780 3614 ut
1812 3561 1878 3613 de
1912 3574 2044 3628 pro-

473 3651 591 3720 pria
623 3651 977 3720 improbitate
1035 3651 1298 3720 improba:
1322 3651 1526 3716 aliquid
1564 3651 1917 3720 suspicionis,
1965 3652 2048 3705 in-

474 3743 710 3812 culpatis
764 3756 828 3796 ac
860 3743 914 3796 in
958 3742 1160 3812 quibus
1195 3742 1332 3797 nihil
1359 3744 1699 3808 crirnineris,
1729 3753 2043 3814 aspergant.

470 3831 730 3886 Patrabat
757 3830 995 3886 Verbum
1032 3834 1281 3887 indutum
1314 3849 1538 3887 carnem
1573 3834 1628 3887 in
1659 3835 1864 3904 Spiritu
1916 3849 2047 3889 san-

468 3931 562 3976 cto
602 3921 840 3975 humana
889 3923 1094 3991 majora
1128 3923 1327 3977 virtute
1352 3924 1653 3990 miracula;
1699 3925 1863 3993 inque
1892 3924 2045 3980 Beel-

468 4012 645 4066 zebub
725 4013 1122 4067 daemoniorum
1209 4014 1508 4084 principem
1586 4023 1794 4068 tantam
1873 4018 2046 4070 virtu-

468 4115 578 4158 tem
605 4103 914 4159 referebaut
945 4105 990 4136 θ’
1026 4123 1039 4157 :
1080 4103 1194 4173 agit
1214 4120 1358 4158 nunc
1381 4105 1683 4160 secundum
1715 4108 2048 4161 convenien-

470 4204 582 4249 tem
652 4195 758 4249 sibi
817 4204 1140 4264 potestatem
1200 4195 1439 4265 Spiritus
1500 4209 1760 4264 sanctus,
1822 4215 2064 4270 remque

474 4285 641 4338 musti
667 4300 805 4354 opus
836 4301 960 4341 esse
1001 4295 1320 4355 nugantur:
1366 4288 1420 4341 in
1453 4290 1598 4343 hunc
1630 4291 1854 4345 modum
1893 4291 2043 4345 arbi-

475 4386 692 4430 trantes
733 4391 792 4432 se
845 4378 1112 4430 miraculo
1157 4378 1409 4433 illaturos
1441 4381 1771 4435 calumniam
1806 4398 1820 4434 :
1856 4398 2044 4436 verum

2147 3202 2396 3255 ἁπιστεῖν
2440 3198 2622 3269 ἔργοις
2669 3199 2780 3259 τοῖς
2822 3195 3042 3261 θεῖκοῖς,
3094 3192 3230 3247 ἀλλά
3279 3193 3372 3244 καὶ
3425 3188 3726 3262 πειρᾶσθαι

2149 3290 2257 3344 ἀπὸ
2299 3289 2395 3358 τῆς
2441 3288 2643 3351 οἰκείας
2687 3285 3022 3355 φαυλότητος
3071 3281 3281 3352 φαύλην
3337 3280 3573 3348 ὑποψίαν
3616 3278 3728 3331 τῶν

2148 3383 2465 3453 ἁμωμήτων
2505 3378 2951 3442 κατασκεδάζεινε
2998 3374 3205 3430 Ἐποίει
3230 3373 3300 3426 τὰ
3338 3374 3479 3443 ὑπὲρ
3505 3370 3724 3440 ἄνθρω-

2149 3491 2248 3526 πον
2294 3475 2351 3526 ὲν
2400 3473 2539 3543 ἁγίῳ
2583 3469 2860 3541 Πνεύματι
2902 3468 2931 3520 ό
2969 3467 3141 3535 Λόγος
3178 3464 3357 3536 σάρκα
3406 3461 3608 3531 φορῶν·
3639 3463 3729 3524 είς

2149 3565 2476 3630 Βεελζεεοὺλ
2509 3565 2746 3634 ἀνῆπτον
2772 3561 2869 3629 τὴν
2899 3561 3148 3630 δύναμιν.
3178 3556 3419 3627 Ἐνεργεί
3451 3552 3544 3606 νῦν
3575 3551 3724 3605 κατὰ

2149 3660 2248 3729 τὴν
2276 3655 2424 3728 αὐτῷ
2458 3655 2776 3724 πρέπουσαν
2821 3652 3066 3717 ἐξουσίαν
3099 3650 3160 3703 τὸ
3206 3649 3412 3718 θαῦμα,
3444 3646 3538 3700 καὶ
3559 3643 3728 3713 γλεύ-

2150 3769 2280 3814 κους
2315 3747 2454 3804 εἶναι
2499 3750 2560 3802 τὸ
2601 3747 2762 3818 ἔργον
2811 3745 3067 3816 ληροῦσιν
3092 3781 3109 3808 ,
3140 3742 3283 3799 οῦτω
3312 3742 3374 3795 τδ
3397 3741 3582 3812 θαῦμα
3609 3738 3732 3792 δια.-

2152 3841 2335 3912 σύρειν
2362 3838 2673 3909 νομίζοντες
2691 3853 2705 3867 ο
2732 3835 2868 3888 ἀλλά
2893 3835 3020 3904 νικᾷ
3041 3834 3140 3903 τὴν
3165 3831 3454 3904 παροινίαν
3478 3832 3510 3900 ἡ
3537 3828 3724 3897 σοφία,

2151 3937 2244 3989 καὶ
2304 3935 2547 4004 στόματα
2610 3929 2872 3983 λαλοῦντα
2898 3994 2908 4005 _
2937 3927 3113 3996 φθόνῳ
3175 3925 3348 3995 στόμα
3398 3921 3730 3991 λαλούμενον

2152 4027 2451 4098 Πνεύματι.
2487 4025 2547 4078 '0
2585 4023 2694 4092 γὰρ
2733 4021 2825 4074 τὸν
2856 4020 3104 4087 κάλαμον
3151 4017 3276 4090 ἄρτι
3305 4015 3498 4080 λιπὼν,
3527 4013 3622 4068 καὶ
3657 4012 3732 4069 τὰ

2150 4117 2338 4170 δίκτυα
2385 4115 2590 4177 ἁλιεὺς,
2620 4109 2824 4167 ἁπλοῦν
2869 4111 2966 4162 καὶ
3016 4108 3241 4178 ἄτεχνον
3267 4105 3485 4170 ἀνοίξας
3522 4103 3728 4172 στόμα,

2152 4209 2240 4261 τὸν
2270 4209 2432 4278 λῆρον
2472 4209 2571 4275 τῆς
2621 4202 2955 4272 πανουργίας
2989 4201 3227 4271 σώφρονι
3277 4199 3420 4269 λόγῳ
3461 4195 3729 4249 διέλυσεν.

2164 4299 2325 4352 Ἀλλά
2342 4298 2505 4351 πόθεν
2528 4296 2756 4364 γλεῦκος
2776 4294 2872 4357 τάς
2895 4294 3088 4356 καινὰς
3111 4290 3361 4359 γλώσ-σας
3382 4286 3728 4358 δημιουργεῖ,

2153 4392 2180 4443 ὁ
2209 4393 2274 4460 τῇ
2311 4389 2478 4459 μανίᾳ
2505 4387 2670 4452 θύων;
2696 4385 3095 4452 Καταμάνθανέ
3126 4401 3216 4453 μοι
3247 4383 3335 4436 τὸν
3371 4382 3526 4452 δῆλον
3552 4381 3734 4450 δημη-

475 4472 947 4541 vincitsapientia
999 4474 1380 4541 petulantiam,
1431 4477 1686 4544 quodque
1734 4475 1945 4545 Spiritu
1983 4490 2040 4529 os

2151 4449 2416 4550 vop'ot'i'v'ra
2435 4449 2665 4547 Ιίέτρον,
2698 4478 2794 4530 καὶ
2828 4449 3056 4546 μετάθες
3083 4449 3161 4537 εἰς
3183 4475 3407 4544 φρικτὸν
3424 4449 3611 4542 θαῦμα
3628 4472 3733 4541 τὴν

475 4565 825 4635 loquebatur,
869 4581 1059 4619 eorum
1117 4582 1211 4620 ora
1270 4583 1391 4636 quae
1429 4567 1493 4620 ad
1545 4568 1879 4636 loquendum
1915 4568 2052 4621 livor

474 4657 854 4725 compellebat.
887 4656 980 4712 Ille
1019 4659 1164 4711 cnim
1196 4659 1287 4728 qui
1323 4675 1430 4713 non
1461 4660 1665 4729 pridem
1697 4660 1903 4730 virgam
1941 4659 2052 4728 pis-

475 4750 742 4804 catoriam
771 4765 834 4802 ac
864 4751 998 4804 retia
1025 4751 1265 4820 piscator
1297 4751 1612 4819 reliquerat,
1637 4768 1700 4806 os
1735 4753 1966 4821 simplex
1989 4767 2052 4806 ac

478 4839 615 4894 rude
638 4841 914 4909 aperiens,
938 4843 1296 4911 malignitatis
1324 4858 1498 4914 nugas
1526 4844 1711 4898 sobria
1743 4859 1806 4897 ac
1829 4844 2053 4913 sapien-

476 4937 533 4983 te
575 4929 822 4983 oratione
873 4931 1148 4985 dissolvit.
1200 4929 1355 4986 Unde
1411 4947 1542 4986 vero
1589 4941 1827 4986 mustum
1881 4948 2051 4990 novus

480 5020 696 5088 linguas
739 5017 941 5089 elﬁngit
983 5037 1047 5075 ac
1095 5030 1280 5085 creat,
1335 5030 1392 5076 tu
1435 5023 1528 5091 qui
1583 5023 1814 5075 insania:
1883 5024 2050 5078 litas?

478 5109 657 5167 Nosce
715 5109 936 5164 Petrum
986 5111 1136 5165 illum
1186 5113 1459 5177 timidum,
1517 5113 1730 5180 publica
1785 5117 2050 5170 concione

479 5213 749 5265 orantem,
779 5216 842 5254 ac
866 5201 1194 5273 calumniam
1219 5205 1271 5256 in
1297 5205 1513 5272 plenum
1533 5212 1758 5272 stupore
1789 5216 2048 5260 converte

553 5317 720 5373 96lsa.
752 5333 841 5383 XL,
873 5318 1095 5385 5;.Luc.
1144 5334 1204 5372 ιιι
1253 5320 1307 5373 (i.
1383 5321 1427 5352 ’7
1465 5319 1584 5375 Joel
1614 5337 1649 5375 ιι
1697 5321 1788 5375 2i:
1859 5323 1904 5355 ³³
1932 5325 2067 5379 Gen.
2105 5343 2179 5390 XI,
2222 5327 2276 5380 7.

2149 4570 2512 4640 συκοφαντίαν
2555 4571 2649 4622 καὶ
2689 4567 2842 4632 δόξαν
2870 4565 2964 4619 τοῦ
2992 4568 3047 4618 ὲν
3074 4565 3220 4634 αὐτῷ
3251 4563 3532 4625 λαλοῦντος
3563 4563 3734 4614 Ilvati-

2151 4682 2339 4735 ματος.
2366 4663 2479 4716 υύκ
2498 4661 2613 4715 ἐστι
2638 4661 2901 4730 γλεύκους
2923 4662 2957 4730 ἡ
2985 4658 3288 4731 παρρησία,
3315 4655 3452 4709 ἀλλὰ
3476 4656 3573 4724 τῆς
3603 4654 3734 4723 ἄρτι

2148 4756 2514 4824 κατελθούσης
2565 4755 2846 4827 δυνάμεως
2911 4753 3153 4818 ἄνωθεν,
3227 4751 3262 4822 ἢ
3313 4753 3407 4803 καὶ
3459 4748 3584 4802 νοῦν
3633 4749 3734 4800 καὶ

2149 4849 2400 4920 γλῶσσαν
2449 4847 2597 4917 αὑτῴ
2631 4847 2970 4918 διανέστησε.
3024 4845 3194 4901 Πόθεν
3221 4842 3363 4896 οὕτω
3388 4842 3576 4910 γέγονε
3603 4839 3728 4892 τολ-

2159 4936 2642 5008 μηρὸς,ὲνθυμοῦ,
2691 4938 2718 4989 ὁ
2751 4938 2825 5006 μὴ
2873 4935 2972 5004 τῆς
3004 4934 3292 5004 παιδίσκης
3336 4931 3636 5001 ὑπομείνας
3663 4931 3736 4984 τὰ

2160 5031 2403 5101 ῥήματα.
2455 5029 2616 5082 Ἀλλά
2658 5027 2767 5098 γάρ
2811 5027 2955 5088 ὅσοις
3002 5023 3246 5095 ἀργοῦσα
3295 5024 3386 5077 καὶ
3439 5022 3596 5091 ἀκοὴ,
3638 5019 3738 5076 καὶ

2157 5123 2388 5186 διάνοια,
2419 5121 2562 5174 οὕτω
2582 5121 2675 5173 τοῦ
2709 5119 2903 5188 φθόνου
2933 5116 3355 5188 ἐξειργασμένου
3383 5116 3598 5177 αὐτοὺς,
3622 5111 3737 5168 τῶν

2160 5208 2255 5261 τοῦ
2297 5209 2612 5278 Πνεύματος
2641 5208 2699 5260 ού
2737 5210 3003 5277 συνῄεσαν
3033 5207 3330 5276 ῥημάτωνδ
3371 5199 3452 5268 οἷς
3477 5203 3521 5257 δ’
3560 5204 3752 5275 ἀνεμφ-

2348 5329 2394 5359 ⁹⁹
2425 5324 2619 5380 Matth.
2649 5342 2747 5390 xu,
2774 5325 2860 5380 27.

1981 5435 2213 5496 NOTAE.

559 5525 664 5599 l59)
694 5525 975 5599 Divisionis
1005 5526 1133 5581 olim
1155 5525 1588 5599 factw._Videtur
1608 5544 1726 5581 eam
1757 5528 1898 5599 ignis
1929 5547 2048 5599 pro-

482 5597 765 5660 prietatem
792 5597 1112 5666 Arespicere,
1165 5613 1270 5666 qua
1307 5597 1550 5666 ejusdem
1583 5613 1670 5653 res
1725 5597 1954 5654 raiiouis
1992 5604 2046 5655 in

486 5677 652 5713 unum
676 5664 958 5719 conﬂatac
991 5664 1224 5721 invicem
1248 5664 1366 5723 uui't
1403 5687 1414 5722 :
1456 5669 1532 5721 uti
1571 5678 1814 5723 econtra
1843 5669 2052 5725 disere-

483 5739 577 5803 ειη
620 5745 683 5783 ac
731 5744 950 5802 separat
991 5751 1112 5805 quae
1164 5747 1294 5792 sunt
1355 5738 1583 5794 diversa:
1615 5741 1861 5797 rationis.
1900 5738 2057 5796 Venit

2155 5547 2288 5600 ergo
2313 5530 2456 5601 ignis
2507 5544 2697 5603 speete
2729 5531 2966 5601 Spiritus
2995 5538 3243 5603 sanctus,
3275 5540 3333 5587 ut
3366 5531 3422 5587 in
3471 5530 3740 5603 symbolis

2153 5603 2383 5665 divisus,
2410 5617 2473 5656 ac
2503 5602 2734 5672 singulis
2766 5603 3000 5656 seorsim
3027 5601 3295 5670 insidens,
3316 5615 3487 5662 unum
3504 5601 3735 5672 omnes,

2153 5687 2218 5728 ac
2254 5673 2428 5728 unius.
2449 5671 2648 5743 linguae
2675 5671 2932 5729 eﬂiceret.
