4072 6458
296 404 405 468 129

1317 398 1600 459 ORATIO
1638 398 1775 459 XII.
1815 423 1869 433 -
1897 400 1981 461 IN
2009 400 2563 463 PENTECOSTEN.

3473 404 3570 468 130

289 520 559 578 πόδιστος
602 511 860 582 αἴσθησις
904 506 994 584 ῆν,
1026 503 1171 565 οὗτοι
1204 511 1301 566 καὶ
1333 513 1597 584 συνῆκαν,
1635 516 1732 568 καὶ
1780 514 1888 568 τῶν

1994 516 2340 581 miraculum,
2373 530 2536 589 atque
2564 520 2842 591 loquentls
2860 520 2915 576 in
2947 535 3014 576 eo
3044 518 3285 591 Spiritus
3310 520 3571 591 gloriam.

278 612 503 667 ἀλιέων
552 607 666 661 τῶν
706 604 954 677 χειλέων,
1008 606 1228 660 καὶτοῦ
1266 606 1585 677 Πνεύματος
1615 602 1757 677 ἦσαν
1799 608 1895 678 θή-

288 724 480 777 ραμα.
522 704 588 755 Ὢ
621 699 915 773 μακαρίως
948 698 1407 771 σαγηνευθέντεςι
1438 700 1502 752 ’Ὤ
1525 700 1626 771 τῆς
1653 700 1894 771 σαγήνης

285 796 558 869 ὀλεθρίας
608 791 1065 861 ἀπολειφθέντεςί
1104 792 1170 844 Ὠ
1202 792 1341 863 πρὸς
1381 792 1526 864 ζωὴν
1556 792 1895 863 ἀπαχθέντες

284 892 351 944 ὲν
383 889 464 959 τῷ
494 885 736 942 ἁλῶναιι
770 885 840 938 Ὠ
869 883 1007 956 πρὸς
1037 882 1272 938 Θάνατον
1296 884 1701 956 ζωγρηθέντες,
1732 885 1790 937 ὲν
1817 884 1896 955 τῷ

283 981 399 1054 τὴν
431 981 610 1053 θήραν
643 977 961 1047 διαφυγεῖνί
998 975 1141 1029 Ἀλλ’
1180 977 1417 1048 ἐκάθητο
1442 976 1646 1050 πυρίνῃ
1672 975 1896 1049 γλώσσῃ

282 1075 352 1128 τὸ
408 1071 639 1142 Πνεῦμα
688 1069 776 1140 ἐφ’
822 1069 921 1123 ἕνα
971 1069 1205 1122 ἕκαστον
1246 1067 1357 1121 τῶν
1395 1068 1689 1139 μαθητῶν,
1739 1068 1897 1121 συνὸν

291 1165 403 1238 μὲν
435 1164 535 1219 καὶ
569 1160 765 1234 πρώην
791 1161 977 1223 αὐτοῖς
999 1200 1015 1226 ,
1078 1159 1174 1214 νῦν
1205 1159 1263 1213 δὲ
1314 1160 1515 1231 μᾶλλον
1548 1163 1648 1231 τὴν
1688 1177 1896 1231 παρου-

293 1257 424 1311 σίαν
450 1253 800 1324 ποιούμενον,
822 1252 922 1306 καὶ
946 1254 1076 1317 πᾶν,
1102 1252 1157 1306 εἰ
1178 1270 1232 1305 τι
1252 1252 1363 1305 τῶν
1394 1252 1547 1307 κάτω
1567 1253 1659 1307 καὶ
1695 1252 1895 1324 χοῖκῶν

296 1348 488 1418 παρῆν
534 1347 745 1413 αὐτοῖς,
796 1342 1090 1411 καταλύον,
1139 1344 1237 1398 καὶ
1279 1345 1419 1416 πρὸς
1471 1345 1659 1416 Θεῖκὴν
1695 1346 1895 1409 αὐτοὺς

301 1437 829 1509 ἁναλαμῦανόμενον
874 1438 1223 1507 συγγένειαν.
1275 1440 1416 1503 Τοὺς
1454 1438 1564 1510 γάρ
1589 1455 1672 1492 τοι
1711 1455 1895 1491 καινο-

306 1532 554 1602 ποιήσειν
585 1530 681 1584 τὸν
735 1530 943 1599 κόσμον
989 1530 1456 1600 ἀπεσταλμένους,
1494 1529 1641 1593 είκὸς
1674 1525 1764 1601 ἦν,
1795 1529 1898 1598 τῆς

317 1622 650 1694 Δημιουργοῦ
689 1620 1018 1692 μεταλαϐεῖν
1044 1621 1317 1693 θεότητος.
1348 1624 1466 1676 Οὐκ
1495 1621 1589 1675 οὖν
1615 1621 1695 1675 ἔτι
1729 1622 1895 1691 ζητή-

319 1732 463 1771 σουσι
506 1715 703 1787 μαθεῖν
746 1714 842 1768 τὸν
888 1713 1145 1786 Πατέρα,
1172 1716 1294 1769 οὐδὲ
1319 1716 1388 1787 ἢν
1428 1715 1489 1783 ἐξ
1519 1714 1702 1769 αὐτῶν
1740 1716 1769 1768 ὁ
1808 1717 1896 1765 Δι-

310 1807 574 1872 δάσκαλος
603 1807 724 1862 ὁδὸν
755 1807 1115 1878 ἐπορεύσατο.
1155 1808 1343 1862 Οίδασι
1390 1808 1501 1880 γὰρ
1534 1809 1629 1862 καὶ
1657 1809 1750 1862 τὸν
1782 1810 1893 1861 Πα-

1996 606 2115 663 Non
2147 619 2232 664 est
2260 612 2427 664 musti
2465 626 2530 666 ac
2585 613 2867 667 temulenti
2900 613 3015 668 haec
3044 613 3299 683 loquendi
3325 614 3572 677 libertas,

1996 700 2091 754 sed
2130 700 2375 766 virtutis,
2420 718 2543 772 qua:
2593 718 2790 762 recens
2836 705 3123 761 descendit
3158 707 3226 762 de
3266 707 3428 767 coelo,
3465 724 3572 777 qua

1994 793 2119 863 ejus
2145 802 2260 847 tum
2299 810 2477 859 mens,
2509 804 2623 850 tum
2660 797 2844 868 lingua
2892 799 3131 853 excitata
3182 808 3332 854 sunt.
3385 800 3572 869 Cogita

1998 897 2057 941 ut
2088 885 2264 941 factus
2298 888 2368 941 sit
2400 896 2511 942 tam
2544 890 2820 946 animatus
2851 906 2916 945 ac
2945 892 3178 951 audens.
3225 893 3322 961 qui
3353 905 3422 945 ne
3475 906 3571 944 an-

1996 978 2137 1033 cillas
2165 979 2383 1047 quidem
2418 981 2580 1035 verba
2612 982 2757 1037 ferre
2789 983 3099 1053 potuisset?
3139 981 3248 1037 Sed
3278 983 3423 1037 enim
3453 982 3568 1051 qui-

1995 1072 2324 1144 huscunqne
2352 1074 2596 1138 auditus,
2629 1090 2896 1146 mensque
2939 1076 3089 1146 pigra
3143 1082 3320 1141 erant,
3358 1088 3423 1128 ac
3457 1086 3569 1127 toro

1994 1165 2143 1235 pida,
2170 1166 2238 1220 ab
2278 1152 2481 1220 invidia
2518 1167 2655 1221 tales
2686 1166 2911 1233 redditi,
2940 1167 3183 1237 Spiritus
3210 1166 3384 1221 sancti
3410 1166 3570 1220 verba

1996 1272 2104 1311 non
2148 1258 2540 1311 intellexerunt
2580 1274 2594 1311 :
2633 1259 2836 1327 quibus
2870 1270 3053 1314 autem
3087 1275 3285 1316 sensus
3318 1275 3427 1315 non
3457 1268 3569 1315 erat

1995 1347 2310 1418 impeditus,
2363 1350 2416 1402 hi
2465 1358 2519 1402 et
2570 1350 2984 1413 intellexerunt,
3019 1362 3072 1406 et
3102 1351 3299 1422 linguae
3337 1354 3570 1422 piscato-

1996 1456 2117 1495 rum
2153 1456 2218 1495 ac
2256 1442 2500 1512 Spiritus
2533 1442 2715 1513 praeda
2762 1445 3098 1499 exstiterunt
3123 1444 3168 1498 Ο
3204 1460 3370 1514 quam
3417 1445 3572 1500 beate

1994 1533 2335 1606 feliciterque
2365 1552 2565 1606 sagena
2600 1538 2926 1607 intercepti!
2956 1536 3000 1592 Ο
3028 1553 3059 1593 e
3092 1552 3295 1609 sageua
3341 1539 3572 1593 exitiosa

1995 1626 2261 1680 extracti!
2293 1626 2339 1682 Ο
2362 1628 2489 1680 dum
2516 1631 2812 1697 capiuntur
2842 1629 2908 1684 ad
2940 1629 3107 1681 vitam
3141 1628 3389 1683 reducti!
3431 1626 3476 1682 Ο
3506 1628 3573 1679 ad

1995 1727 2229 1771 mortem
2280 1720 2423 1787 capti
2471 1729 2689 1782 venatu,
2734 1718 2862 1773 dum
2913 1720 2963 1773 id
3009 1728 3226 1785 carent,
3278 1734 3346 1774 ne
3378 1730 3571 1773 venatu

1994 1808 2327 1879 capiantur!
2378 1808 2581 1864 Verum
2618 1810 2857 1880 Spiritus
2889 1824 3119 1866 sanctus
3173 1813 3374 1883 linguae
3402 1812 3575 1882 ignea:

303 1899 475 1971 τέρα,
520 1899 620 1954 καὶ
660 1899 755 1953 τὸν
792 1900 881 1953 ἀεὶ
928 1899 1027 1969 μὲν
1057 1901 1380 1972 ἀχωρίστως
1425 1901 1621 1972 ἐκείνῳ
1668 1900 1892 1955 συνόντα

1999 1900 2201 1968 specie,
2248 1900 2448 1970 cuique
2491 1902 2892 1971 discipulorum
2946 1904 3187 1969 insedit;
3248 1919 3375 1958 cum
3419 1905 3573 1975 prius

302 1989 454 2057 Υίὸν,
502 1990 629 2062 ἄρτι
676 1990 734 2043 δὲ
759 1990 860 2061 τὴν
896 1992 961 2044 ὲκ
992 1991 1102 2044 τῶν
1145 1994 1297 2046 κάτω
1337 1992 1475 2064 πρὸς
1507 1993 1671 2046 αὐτὸν
1714 1993 1897 2063 διηνυ-

300 2084 438 2138 κότα
468 2084 610 2148 ὁδὸν,
640 2085 749 2154 ὅπη
791 2084 986 2153 διάγει.
1022 2085 1097 2138 Τὸ
1151 2084 1261 2157 γὰρ
1307 2087 1381 2139 τὰ
1412 2086 1573 2155 βάθη
1608 2085 1714 2139 τοῦ
1747 2084 1895 2138 Θεοῦ

303 2173 539 2242 Πνεῦμα
567 2173 861 2244 ἐρευνῶν,
890 2177 1068 2229 έκεῖνο
1100 2177 1280 2232 πάντα
1309 2177 1660 2248 ἐπιδημῆσαν
1688 2178 1899 2229 ὑπανα-

318 2268 651 2337 μιμνήσκει,
680 2267 783 2321 ὅσα
808 2284 869 2321 τε
909 2267 1103 2339 παρὼν
1134 2270 1162 2321 ό
1200 2269 1533 2334 Διδάσκαλος
1567 2266 1895 2339 ὲμυσταγώ-

315 2374 486 2426 γησε,
515 2358 611 2410 καὶ
640 2358 739 2411 ὅσα
760 2359 831 2429 μὴ
855 2360 1121 2431 χωροῦσιν
1152 2360 1372 2428 αὐτοῖς,
1402 2361 1484 2424 είς
1507 2359 1607 2432 τὴν
1639 2360 1735 2415 νῦν
1761 2362 1890 2414 ἐτα-

317 2448 516 2521 μιεύθη
548 2450 908 2507 διδασκαλίαν.

1994 1990 2214 2060 quidem
2249 1992 2493 2062 olimque
2524 1993 2606 2048 eis
2643 1994 2882 2061 adesset,
2922 2009 3069 2049 nunc
3115 2010 3246 2050 vero
3295 2011 3409 2050 sum
3437 2010 3573 2065 przc-

1995 2086 2184 2137 sentiae
2214 2084 2392 2153 majus
2421 2099 2485 2138 ac
2510 2086 2850 2154 peculiarius
2890 2088 3171 2155 specimen
3197 2086 3407 2152 ederet,
3458 2087 3573 2141 dis-

1993 2175 2359 2248 solveretque,
2380 2178 2426 2232 si
2456 2180 2587 2249 quid
2608 2179 2663 2233 in
2687 2180 2769 2235 eis
2795 2189 3031 2235 terrenae
3070 2180 3210 2236 labis
3255 2195 3319 2234 ac
3348 2195 3574 2235 concre-

1995 2269 2162 2325 tionis
2216 2270 2543 2335 adhaereret,
2578 2280 2746 2343 atque
2795 2273 2862 2327 ad
2897 2273 3140 2328 divinam
3168 2274 3318 2341 ipsos
3359 2287 3567 2344 cogna-

1996 2360 2201 2414 tionem
2227 2370 2557 2416 assumeret.
2586 2361 2798 2416 Etenim
2822 2361 3021 2416 rationi
3055 2371 3482 2418 consentaneum
3509 2377 3574 2416 ac

1996 2463 2096 2516 par
2125 2459 2267 2515 erat,
2317 2458 2378 2505 ut
2410 2452 2503 2521 qui
2542 2451 2695 2507 missi
2747 2459 2934 2507 essent
2965 2454 3031 2507 ad
3063 2454 3328 2507 mundum
3359 2452 3573 2508 instan-

306 2544 562 2608 randmn,
596 2543 793 2597 summi
838 2558 1018 2600 rerum
1058 2542 1284 2615 Opiﬁcis
1315 2543 1540 2599 deitatis
1579 2543 1878 2614 participes
1920 2541 2135 2597 tierent.
2176 2541 2331 2598 Haud
2359 2558 2492 2615 ergo
2534 2544 2680 2599 ultro
2702 2544 2985 2615 quaesituri
3036 2556 3201 2609 sunt,
3258 2555 3318 2600 ut
3374 2562 3571 2618 cogno-

298 2643 460 2693 scant
489 2634 707 2692 Patrem
724 2638 792 2702 ⁹⁸,
823 2646 882 2692 ut
897 2652 1076 2710 neque
1118 2638 1262 2692 viam
1295 2651 1401 2707 qua
1438 2635 1696 2705 Magister
1737 2636 1806 2691 ab
1878 2634 1960 2690 eis
1997 2634 2278 2707 digressus
2313 2644 2420 2692 est.
2448 2634 2567 2690 Jam
2595 2638 2741 2691 enim
2772 2646 2826 2692 et
2848 2635 3067 2693 Patrem
3092 2652 3488 2709 cognoverunt,
3520 2651 3575 2696 et

294 2734 345 2787 ei
380 2732 665 2789 individue
704 2749 922 2804 seniper
950 2734 1306 2804 conjunctum
1341 2732 1542 2787 Filium
1577 2732 1729 2802 :jam
1756 2733 1885 2786 item
1927 2742 2202 2787 noverunt
2258 2733 2403 2787 viam
2437 2733 2750 2789 confecisse
2779 2743 2981 2789 eterra
3063 2734 3130 2789 ad
3180 2735 3385 2804 ipsum,
3465 2753 3576 2808 quo

294 2841 445 2883 nunc
484 2826 610 2882 loco
662 2829 798 2898 agit.
830 2827 964 2883 Nam
1015 2829 1278 2900 Spiritus,
1306 2828 1399 2899 qui
1450 2829 1719 2900 profunda
1765 2827 1863 2882 Dei
1906 2837 2181 2881 scrutatur
2203 2827 2270 2894 ",
2322 2842 2424 2883 suo
2462 2828 2552 2883 ille
2598 2830 2835 2884 adventu
2866 2829 3110 2899 suggerit
3177 2831 3387 2897 omnia,
3457 2840 3573 2886 tum

296 2935 418 2992 qua
448 2918 715 2991 Hagister
740 2935 986 2991 praesens
1009 2921 1218 2989 docuit,
1266 2929 1381 2977 tum
1407 2936 1529 2992 qua:
1545 2922 1614 2976 ad
1684 2919 1926 2992 Spiritus
1966 2934 2207 2991 praesens
2232 2920 2609 2990 magisterium
2634 2930 2912 2977 reservata
2932 2921 3124 2988 voluit,
3144 2937 3268 2977 cum
3338 2924 3573 2980 necdum

301 3014 383 3070 illi
409 3028 596 3069 eorum
639 3028 879 3086 capaces
900 3022 1105 3069 essent.

372 3106 510 3161 Ἀλλ’
536 3108 587 3160 οἱ
626 3109 725 3179 μὲν
760 3106 1045 3179 ίερώτατοι
1080 3108 1324 3180 μαθηταὶ
1353 3108 1611 3178 τοιαύτης
1647 3108 1890 3162 ἀπέλαυ-

2063 3105 2134 3158 At
2172 3104 2535 3160 sacratissimi
2570 3104 2789 3174 quidem
2818 3105 3101 3176 discipuli,
3136 3107 3403 3175 ejusmodi
3449 3124 3573 3178 gra-

300 3216 402 3255 σαν
432 3202 493 3255 ὲν
515 3199 598 3273 τῷ
626 3198 759 3271 ἱερῷ
784 3199 1028 3270 χάριτος,
1058 3203 1118 3255 ὲν
1144 3203 1211 3272 τῇ
1238 3201 1360 3273 ίερᾷ
1386 3202 1486 3273 τῆς
1509 3200 1893 3271 Πεντηκοστῆς

293 3291 516 3364 ἡμέρᾳο
541 3292 764 3355 πάντως
788 3292 847 3345 δὲ
874 3294 965 3347 καὶ
994 3292 1112 3359 νῦν,
1144 3294 1195 3346 εί
1222 3292 1318 3346 καὶ
1349 3293 1426 3365 μὴ
1456 3291 1733 3363 τοιαύτης,
1755 3291 1895 3346 ἀλλά

295 3400 367 3455 γε
398 3384 555 3451 ἀξίας
598 3384 698 3439 τοῦ
744 3384 1083 3455 Πνεύματος,
1128 3386 1243 3439 ὅσοι
1270 3387 1437 3456 τιμᾷν
1465 3384 1765 3454 ἐγνώκασι.
1797 3386 1895 3438 Τι-

302 3475 456 3546 μῷεν
478 3477 521 3529 δ’
540 3476 607 3529 ἂν
634 3477 683 3529 οί
714 3475 848 3529 Θεὸν
895 3478 1103 3541 εἰδότες
1128 3477 1379 3548 ὁμοτίμῳ
1418 3477 1547 3551 δόξῃ
1585 3477 1681 3531 καὶ
1708 3476 1893 3546 κυριό..

294 3588 445 3640 τητι,
498 3570 673 3638 nam
720 3569 1314 3640 συμπροσκυνούμενον
1362 3570 1460 3625 καὶ
1490 3569 1638 3642 Υίῷ,
1674 3570 1891 3624 πάντων

293 3662 581 3728 κοινωνὸν,
609 3662 749 3733 πλὴν
775 3655 855 3725 οἷς
882 3661 950 3715 τὰ
984 3661 1255 3733 πρόσωπα
1279 3660 1684 3716 διαστέλλεται·
1713 3661 1892 3714 πάντα

291 3756 443 3825 ἔχον,
475 3754 578 3807 ὅσα
606 3754 762 3807 θείαν
810 3753 973 3823 φύσιν
1015 3754 1182 3821 εἰκὸς,
1212 3754 1579 3827 Δημιουργὸν,
1611 3755 1889 3819 ἄκτιστον,

293 3845 530 3915 συνέχον
557 3844 656 3916 τὴν
690 3844 891 3909 κτίσιν,
923 3844 1171 3913 ἁγιάζον,
1208 3846 1389 3899 πάντα
1418 3843 1663 3917 πληροῦν
1697 3846 1892 3916 ἀπερι-

297 3936 518 4007 λὴπτως
537 3953 553 3968 ·
601 3936 696 3989 καὶ
748 3936 824 4007 μὴ
874 3937 1037 4009 μόνον
1063 3937 1193 4011 περὶ
1219 3938 1320 4010 τὴν
1346 3937 1510 4008 φύσιν
1540 3938 1601 3992 οὐ
1643 3954 1892 3992 καινοτο-

304 4028 552 4099 μοῦντες,
577 4028 714 4082 ἀλλὰ
738 4029 862 4101 μηδ’
884 4032 964 4093 είς
996 4030 1176 4084 αἰτίαν
1207 4030 1339 4085 αὐτὸ
1364 4031 1559 4102 διπλῆν
1592 4029 1892 4100 ἀναφέρον-

294 4138 408 4184 τες.
424 4122 723 4192 Ἑκάτερον
754 4123 864 4192 γὰρ
893 4122 1057 4193 ἀπείη
1086 4120 1312 4193 γνώμης
1340 4123 1528 4195 ὀρθῆς.
1551 4123 1625 4177 Τὸ
1659 4121 1759 4191 μὲν
1781 4122 1891 4191 γάρ

290 4213 448 4265 ἐστιν
478 4214 563 4275 εἰς
596 4212 806 4283 κτίσμα
836 4213 937 4282 τὴν
966 4212 1367 4284 δημιουργικὴν
1411 4213 1764 4282 καταγόντων
1795 4212 1887 4265 οὐ·

292 4304 456 4358 αἶαν’
502 4304 567 4357 τὸ
611 4304 691 4368 δὲ,
727 4302 1067 4376 πολυαρχίαν
1113 4305 1175 4360 ἑν
1222 4307 1287 4376 τῇ
1341 4308 1645 4377 μοναρχικῇ
1695 4304 1887 4375 Τριάδι

290 4397 769 4467 παρεισαγόντων.
815 4397 860 4450 Τ
867 4398 1089 4468 ιμητέον
1135 4393 1229 4451 οὖν
1280 4397 1478 4461 θεῖκῶς
1526 4396 1588 4450 τὸ
1636 4396 1883 4467 Πνεῦμα.

1998 3200 2129 3253 tiam
2176 3196 2231 3250 in
2289 3211 2446 3252 sacra
2491 3196 2607 3251 aede
2659 3210 2724 3252 ac
2779 3198 3069 3253 ccenaculo
3105 3200 3386 3255 consecuti
3423 3212 3571 3263 sunt,

1997 3305 2157 3346 sacro
2201 3288 2554 3345 Pentecostes
2593 3288 2720 3355 die;
2755 3290 2983 3345 omnino
3010 3306 3141 3346 vero
3181 3293 3344 3346 etiam
3404 3309 3571 3351 nunc.

1995 3383 2099 3437 etsi
2137 3396 2247 3436 non
2314 3388 2488 3446 tanta,
2531 3389 2906 3436 verumtamen
2962 3382 3129 3452 digno
3173 3380 3410 3452 Spiritus
3447 3399 3576 3437 san-

1996 3476 2069 3528 cti
2104 3490 2330 3530 munere
2363 3476 2664 3542 donantur,
2699 3484 2969 3545 quotquot
3005 3474 3269 3545 Spiritum
3319 3486 3573 3532 sanctum

1996 3567 2289 3623 honorant.
2353 3566 2638 3623 llonorare
2692 3577 2876 3623 autem
2948 3578 3249 3623 censentur
3306 3569 3409 3635 illi,
3478 3572 3575 3640 qui

1994 3660 2166 3717 Deum
2227 3677 2354 3717 esse
2400 3663 2756 3729 conlitentur,
2822 3662 3053 3732 aequalis
3111 3678 3235 3718 cum
3302 3664 3465 3719 Patro
3514 3674 3576 3719 et

1995 3752 2134 3810 Filio
2192 3756 2422 3825 gloriae,
2487 3757 2771 3825 potentiae,
2838 3757 3024 3811 cultus
3070 3771 3135 3811 ac
3194 3758 3575 3827 a-dorationis;

1995 3846 2262 3917 quidquid
2303 3850 2589 3903 amborum
2630 3858 2737 3913 est,
2785 3864 3077 3905 commune
3112 3850 3427 3915 habentem,
3480 3868 3579 3907 ex-

1993 3940 2165 4008 ceptis
2197 3938 2266 3995 iis
2294 3954 2390 4008 per
2408 3954 2528 4008 qua:
2575 3954 2825 4010 persona:
2864 3941 3314 4010 distinguuntur;
3350 3943 3562 4005 omnia,

1996 4029 2243 4097 inquam,
2288 4029 2602 4096 habentem,
2641 4045 2764 4100 quas
2824 4045 2925 4099 par
2971 4039 3055 4085 est
3095 4030 3265 4085 Deum
3327 4032 3569 4087 habere:

1997 4132 2056 4175 ut
2090 4122 2164 4176 sit
2214 4121 2467 4184 Creator,
2532 4122 2605 4177 sit
2637 4123 2951 4188 increatus;
3000 4123 3304 4190 contineat,
3350 4139 3414 4177 ac
3442 4139 3575 4179 con-

1993 4223 2172 4271 servet
2188 4226 2392 4280 creata,
2428 4216 2878 4285 incomprehensa
2904 4216 3116 4271 ratione
3139 4216 3324 4270 omnia
3349 4216 3569 4287 replen-

1994 4315 2141 4363 tem:
2191 4308 2284 4378 qui
2333 4324 2442 4362 non
2482 4315 2695 4362 tantum
2757 4309 2906 4363 circa
2962 4315 3216 4362 naturam
3270 4308 3391 4377 ejus
3438 4309 3576 4364 nihil

1994 4401 2282 4467 innovant,
2338 4401 2434 4457 sed
2487 4417 2668 4471 neque
2700 4402 2969 4473 originem
3012 4402 3134 4471 ejus
3165 4401 3234 4455 ad
3266 4402 3407 4459 duas
3449 4418 3577 4459 cau-

292 4489 433 4555 Θεὸς
459 4490 571 4560 γὰρ
590 4530 605 4555 ,
640 4490 739 4561 οὐχ
770 4483 882 4553 οἷος
912 4491 946 4561 ή
976 4490 1105 4559 πρὶν
1139 4489 1483 4544 διαπλάσασα
1518 4488 1693 4560 πλάνη
1737 4490 1891 4560 νομί-

1997 4509 2109 4559 sas,
2145 4510 2242 4549 seu
2281 4496 2550 4565 principia
2580 4493 2848 4549 referunt.
2902 4494 3214 4565 Utrumque
3254 4496 3402 4550 enim
3463 4496 3579 4551 ahit

293 4584 415 4649 ζειν
441 4583 718 4655 ἠπάτησε,
754 4582 937 4654 μικρῷ
972 4584 1067 4637 καὶ
1099 4583 1321 4654 μεγάλῳ
1348 4584 1506 4655 μέρει
1533 4584 1593 4638 τὸ
1623 4584 1777 4638 Θεῖον
1809 4584 1889 4637 δι-

291 4676 571 4748 αιροῦσα⁹
618 4675 733 4731 ἀλλ’
762 4670 875 4730 οἷον
916 4677 950 4748 ἡ
993 4678 1059 4731 δι’
1104 4672 1176 4750 ἧς’
1218 4676 1508 4750 ὴνώθημεν
1538 4677 1658 4749 Θεῷ
1694 4678 1895 4747 γνῶσις

295 4769 529 4835 ἐδίδαξε,
560 4770 661 4840 τὴν
687 4770 965 4839 ἀγνωσίαν
990 4770 1089 4842 τῆς
1123 4771 1333 4841 πλάνης
1361 4770 1779 4843 ἀποκαθάρασα.
1798 4772 1889 4841 Μὴ

294 4864 461 4919 πάλιν
491 4864 589 4915 ἐπὶ
620 4862 688 4916 τὰ
727 4863 1006 4935 κτίσματα
1032 4863 1474 4935 καταδαίνωμεν,
1502 4862 1638 4935 πρὸς
1673 4864 1762 4915 τὸν
1793 4862 1890 4917 ἕνα

290 4957 432 5011 Θεὸν
477 4955 891 5028 ἀνεληλυθότες.
936 4956 1247 5027 Κτίσμασίν
1294 4957 1443 5010 ἐστιν
1492 4953 1799 5027 λατρεύειν,
1830 4954 1892 5008 τὸ

289 5050 506 5119 κτίσμα
550 5048 791 5114 νομίζειν
824 5049 887 5103 τὸ
930 5048 1183 5118 Πνεῦμα,
1228 5048 1363 5120 μηδὲ
1407 5049 1507 5120 τὴν
1555 5048 1763 5117 ἄφατον
1794 5044 1890 5100 τοῦ

288 5140 547 5196 θεοποιοῦ
582 5141 905 5211 Πνεύματος
938 5140 1261 5213 εὐεργεσίαν
1298 5139 1610 5211 ὲλαττώσῃς
1647 5138 1892 5210 λυμηνά-

292 5252 461 5305 μενος
490 5233 691 5306 ἐαυτῷ.
717 5236 792 5287 Οὐ
822 5235 931 5304 γὰρ
955 5234 1107 5287 ἔστιν
1127 5235 1276 5298 ὅπως
1302 5233 1519 5303 φύσεως
1547 5233 1771 5301 κτιστῆς
1790 5231 1891 5303 τὴν

292 5325 603 5380 ἀνάπλασιν
634 5324 939 5394 ἁπολάὅῃς,
957 5324 1065 5377 οὐδ’
1087 5323 1283 5378 ἕνωσιν
1305 5324 1403 5396 τὴν
1429 5322 1565 5395 πρὸς
1595 5322 1747 5388 Θεὸν,
1772 5320 1889 5375 ἀλλ’

290 5423 324 5491 ἡ
359 5420 582 5489 ἐκείνῳ,
616 5419 749 5491 παρ’
776 5412 862 5476 οῦ.
892 5420 988 5471 καὶ
1015 5418 1115 5470 οὐκ
1145 5415 1222 5470 ὣν
1249 5416 1561 5489 δημιουργῇ
1581 5431 1594 5445 ’
1635 5415 1732 5468 καὶ
1773 5413 1890 5467 δια-

289 5514 549 5584 φθαρεὶς,
586 5511 716 5581 θείῳ
745 5510 939 5581 κράτει
966 5512 1275 5581 καινοποιῇ.
1296 5508 1436 5563 Ἀλλ’
1464 5501 1546 5574 οἷς
1581 5506 1678 5579 μὲν
1714 5506 1774 5561 εὖ
1807 5506 1887 5559 εί·-

285 5607 407 5661 δόσι
450 5608 486 5677 ή
523 5605 613 5676 σὴ,
650 5604 1004 5675 Παράκλητε,
1032 5602 1264 5666 σώζεται
1291 5602 1448 5673 τιμὴ,
1473 5602 1570 5656 καὶ
1612 5600 1711 5668 τῆς
1738 5599 1889 5672 παρὰ

288 5700 388 5757 σοῦ
418 5698 589 5773 τιμῆς
619 5697 851 5770 ὑπάρξει
883 5696 1223 5751 ἀντιλαϐεῖν·
1254 5696 1368 5751 ὅσοι
1397 5696 1442 5749 δ’
1470 5694 1727 5761 ἐναντίως
1753 5696 1888 5750 ὑπο-

356 5864 406 5895 "
446 5861 606 5919 Joan.
638 5877 751 5918 xw.
776 5859 833 5920 4,
869 5858 922 5913 9.
997 5860 1045 5891 ’ν
1080 5859 1093 5911 l
1127 5858 1253 5913 Cor.
1280 5875 1339 5923 ιι,
1380 5858 1463 5913 l0.

673 5957 948 6016 ι’Δτιιυι..
991 5953 1111 6013 Gtt.
1157 5953 1341 6015 CVII.

1995 4603 2024 4642 a
2061 4598 2208 4643 recta
2254 4588 2548 4644 sententia.
2614 4587 2863 4642 Alterum
2904 4596 2990 4643 est
3037 4603 3227 4643 eorum
3280 4588 3374 4659 qui
3424 4604 3577 4643 crea-

1997 4677 2189 4733 tricem
2257 4686 2509 4732 naturam
2556 4677 2611 4732 in
2643 4688 2957 4733 creatorum
3013 4678 3284 4749 dejiciunt
3333 4686 3573 4745 sortem;

1994 4770 2226 4823 alterum
2254 4783 2443 4823 eorum
2473 4768 2565 4840 qui
2621 4770 2791 4823 multa
2835 4770 3109 4839 principia
3141 4760 3197 4823 in
3226 4768 3389 4823 unius
3414 4769 3575 4839 prin-

1994 4864 2145 4934 cipii,
2179 4878 2244 4918 ac
2282 4862 2626 4933 principatus
2670 4861 3002 4916 Trinitatem
3042 4861 3338 4916 inducunt.
3378 4859 3577 4917 Divino

1992 4955 2160 5027 igitur
2208 4956 2416 5011 honore
2450 4953 2868 5026 prosequendus
2900 4960 2989 5009 est
3031 4953 3273 5023 Spiritus
3313 4964 3575 5027 sanctus:

1992 5049 2194 5119 quippe
2220 5063 2345 5103 cum
2376 5045 2518 5102 Deus
2561 5048 2654 5111 sit,
2707 5062 2818 5101 non
2860 5045 3083 5115 quidem
3117 5044 3309 5116 quales
3357 5047 3578 5117 priscus

1994 5156 2152 5196 error
2181 5141 2314 5196 deos
2364 5139 2542 5204 tinxit,
2590 5154 2655 5193 ac
2681 5138 2935 5209 ﬁngendo
2960 5138 3016 5193 in
3050 5153 3298 5193 errorem
3332 5138 3577 5203 induxit,

1992 5233 2189 5304 majori
2240 5247 2305 5287 ac
2362 5231 2563 5287 minori
2622 5242 2777 5301 parte
2822 5230 3081 5287 deitatem
3144 5229 3419 5295 dividens,
3479 5230 3578 5285 sed

1992 5326 2207 5396 qualem
2260 5321 2515 5387 scientia,
2560 5337 2669 5391 qua
2715 5320 2827 5377 Deo
2880 5320 3017 5375 uniti
3056 5334 3268 5383 sumus,
3328 5317 3575 5388 ﬁdesque

1993 5417 2201 5482 docuit,
2252 5416 2403 5470 omni
2438 5416 2647 5469 erroris
2701 5412 3015 5484 ignorantia
3047 5418 3374 5481 perpurgata
3406 5420 3573 5479 atque

1992 5510 2229 5567 sublata.
2257 5507 2367 5563 Nec
2386 5521 2602 5561 rursum
2628 5506 2695 5562 ad
2717 5513 2902 5562 creata
2917 5502 3438 5572 descendamus,qui
3457 5502 3572 5571 jam

1994 5602 2059 5654 ad
2090 5600 2257 5655 Deum
2287 5599 2494 5653 unitate
2517 5607 2863 5654 constantem
2891 5594 3267 5652 ascendimus.
3293 5593 3398 5660 Qui
3429 5596 3575 5648 enim

1999 5693 2264 5765 Spiritum
2318 5700 2573 5750 sanctum
2618 5699 2931 5748 creaturam
2977 5703 3102 5753 esse
3145 5688 3448 5755 existimat,
3483 5684 3577 5742 ille

3177 5944 3211 6004 5
