4072 6454
460 388 554 456 131
1698 385 1971 445 LEONIS
2009 378 2470 445 PHILOSOPHI
3049 438 3052 441 .
3604 375 3706 442 132

457 499 730 559 creaturis
764 497 980 552 divinos
1023 493 1264 549 honores
1314 492 1601 562 impendit.
1648 490 1727 546 Ne
1762 491 2065 569 ineﬁabile‘

2137 491 2525 561 λαμϐάνοντες,
2578 488 2635 540 ἐν
2682 485 2760 556 τῷ
2807 485 3105 556 πειρᾶσθαι
3163 484 3323 556 δόξης
3371 485 3719 555 ἀποστερεῖν,

460 596 640 651 deiﬁci
690 591 929 661 Spiritus
983 586 1332 650 beneﬁcium,
1386 600 1697 654 munusque
1745 595 2029 648 extenues,

2139 583 2360 646 ἑαυτοὺς
2397 579 2756 650 ἀφαιροῦνται
2785 579 2886 648 τὴν
2917 579 3082 648 ζωήν.
3101 576 3259 631 Ἀλλὰ
3281 576 3345 630 σύ
3378 594 3441 645 γε
3473 579 3568 630 καὶ
3595 577 3724 630 τού-

462 705 572 743 non
625 686 744 741 sine
786 693 880 736 tuo
925 681 1286 746 detrimento;
1339 694 1515 748 neque
1580 679 1726 732 enim
1780 677 1898 732 ﬁeri
1937 692 2031 746 po-

2138 692 2286 738 τους,
2324 671 2668 743 μακρόθυμε,
2699 669 2847 740 δοίης
2873 673 2974 739 τῆς
3026 667 3206 738 λώϐης
3249 670 3595 738 ἁνενεγκεϊν’
3633 670 3724 722 ἵνα

461 789 571 836 test
620 786 680 832 ut
726 792 756 829 a
803 782 988 829 creata
1042 787 1239 826 natura
1296 771 1706 826 renovationem
1765 769 2031 837 accipias,

2139 767 2340 827 πάντες
2369 764 2501 834 ὀρθῇ
2541 765 2776 825 πίστεως
2806 761 3115 831 συμφωνίᾳ,
3148 761 3241 824 οὒς
3273 762 3358 829 ἐφ’
3398 754 3442 828 ᾧ
3471 762 3727 831 οὐρανοῖς

462 881 558 930 aut
618 886 684 926 ea
748 875 1045 940 praestante
1093 865 1204 919 Deo
1262 864 1621 933 coniungat-is
1686 864 1770 917 vel
1820 863 1924 916 nisi
1982 861 2032 915 is

2141 858 2363 923 συνάνᾲει
2392 857 2420 907 ὁ
2449 856 2640 922 Λόγος,
2679 853 2743 906 σύ
2787 870 2847 904 τε
2881 854 3224 915 ἁναπτάντος
3256 853 3494 919 ἐκείνου,
3523 855 3726 922 ἐπεδή-

458 971 704 1037 praestet,
730 963 823 1032 qui
859 971 933 1026 te,
965 973 1088 1012 cum
1121 972 1230 1010 non
1265 970 1440 1018 esses,
1469 953 1753 1016 condidit;
1807 967 1870 1004 ac
1907 965 2032 1003 cum

2140 961 2340 1014 μησας,
2369 942 2561 1011 εἴημεν
2591 941 2860 1011 ἡνωμένοι
2884 981 2898 1004 ,
2932 944 3024 994 καὶ
3055 943 3254 1004 πάντες
3282 942 3391 994 τῶν
3422 944 3531 996 σῶν
3565 943 3724 997 θείων

457 1033 614 1113 esses
665 1049 980 1124 corruptus,
1028 1049 1272 1120 potentia
1327 1049 1491 1118 digna
1541 1045 1890 1099 instauravit.
1919 1042 2035 1096 Cae-

2141 1033 2580 1106 μεταληψώμεθα
2608 1033 2858 1104 δωρεῶν,
2894 1037 2958 1104 τῇ
2995 1037 3093 1106 μιᾷ
3138 1035 3382 1106 βασιλείᾳ
3412 1039 3507 1089 καὶ
3537 1037 3728 1106 κυριό-

460 1159 661 1212 terum,
706 1145 802 1215 qui
864 1152 1041 1205 tuum,
1095 1141 1399 1206 Paraclete,
1443 1139 1710 1192 honorem
1761 1136 2034 1204 integrum

2135 1143 2258 1195 τητι
2307 1125 2400 1177 τοῦ
2451 1125 2569 1186 ἑνὸς
2620 1125 2678 1176 ἐν
2731 1124 2925 1194 Πατρὶ,
2955 1127 3049 1177 καὶ
3081 1125 3216 1195 Υίῴ,
3269 1127 3364 1179 καὶ
3419 1127 3727 1195 Πνεύματι,

459 1245 815 1304 conservant,
869 1236 959 1290 his
1013 1234 1178 1288 etiam
1208 1248 1239 1287 a
1299 1241 1352 1287 te
1391 1232 1568 1286 honos
1599 1228 1844 1296 obtinget
1887 1243 1902 1280 :
1940 1222 2035 1293 qui

2139 1216 2272 1270 Θεοῦ
2297 1233 2311 1246 ⁸
2363 1216 2491 1286 μίαν
2527 1216 2621 1267 xal.
2647 1215 2744 1285 τὴν
2773 1215 3052 1285 λατρείαν,
3085 1218 3179 1268 καὶ
3221 1220 3321 1288 τὴν
3355 1217 3730 1288 προσκύνησιν

456 1348 588 1388 vero
637 1331 796 1385 aliter
824 1327 1053 1391 .aﬁecti,
1103 1333 1158 1380 te
1185 1324 1372 1380 debito
1397 1322 1612 1377 honore
1643 1320 1862 1390 privare
1901 1332 2038 1371 con-

1810 1333 1862 1372 re
1901 1332 2038 1371 con-
2141 1312 2422 1381 φέροντες,
2458 1308 2554 1362 νῦν
2584 1309 2679 1361 καὶ
2713 1309 2792 1372 είς
2821 1309 2949 1369 τοὺς
2979 1309 3418 1381 αἰῶνας.Ἀμήν.

459 1425 715 1488 tendunt,
771 1421 828 1474 1ιὶ
858 1421 1069 1490 seipsos
1127 1417 1240 1471 vita
1299 1415 1538 1485 privant.
1590 1412 1696 1468 Sed
1750 1420 1832 1474 tu,
1877 1424 1911 1464 0
1971 1407 2186 1479 patiens
2245 1418 2308 1457 ac
2368 1402 2732 1471 longanimis!
2792 1401 2894 1455 bos
2965 1417 3184 1472 quoque
3272 1422 3302 1458 ιι
3388 1404 3734 1474 blasphemia

460 1534 527 1574 ac
613 1531 805 1572 errore
825 1515 1045 1570 liberari
1098 1510 1360 1576 concede,
1404 1519 1464 1564 ut
1499 1524 1692 1566 omnes
1751 1516 1898 1560 recta
1958 1502 2084 1558 ﬁdei
2155 1499 2474 1563 concordia,
2520 1514 2658 1565 quos
2714 1506 2776 1551 ut
2833 1499 3064 1552 verbum
3137 1500 3192 1553 in
3245 1500 3400 1555 caelis
3439 1511 3735 1556 connectat

459 1615 579 1684 ipse
607 1629 848 1684 quoque,
881 1625 1005 1667 cum
1037 1611 1126 1665 ille
1156 1606 1521 1670 ascendisset,
1555 1603 1845 1668 advenisti,
1907 1601 2109 1655 unione
2157 1598 2331 1652 simus
2392 1595 2655 1660 conserti,
2734 1609 3038 1664 omnesque
3109 1593 3422 1650 divinorum
3505 1608 3732 1654 tuorum

464 1719 758 1760 munerum
838 1704 1140 1774 participes
1213 1700 1536 1765 eﬁiciamur,
1606 1697 1701 1751 uni
1737 1709 1906 1765 regno
1950 1708 2013 1746 ac
2047 1689 2444 1752 dominatione,
2506 1686 2668 1740 unius
2717 1686 2772 1740 in
2829 1685 3014 1755 Patre,
3083 1696 3138 1742 et
3187 1688 3348 1751 Filio,
3417 1701 3472 1747 et
3522 1691 3734 1765 Spiritu

462 1805 676 1864 sancto,
737 1795 855 1861 Dei,
889 1809 1204 1864 supremum
1241 1806 1410 1846 unum
1457 1791 1661 1845 cultum
1692 1802 1756 1840 ac
1799 1786 2174 1840 adorationem
2208 1779 2550 1843 exhibentes,
2581 1795 2732 1834 nunc
2757 1781 2890 1836 etin
2937 1781 3158 1836 saecula.
3201 1783 3402 1838 Amen.
3491 1863 3497 1868 ξ

954 2120 1330 2180 SCIPIONIS
1358 2115 1636 2174 MAFFEI
1699 2116 2096 2178 PRAEFATIO
2155 2115 2236 2174 IN
2294 2114 2747 2186 SEQUENTE.“
2781 2114 3190 2178 HOMILIAM.

534 2461 749 2517 Accidit
784 2480 980 2535 nuper,
1025 2476 1083 2522 ut
1115 2469 1400 2530 Ruthenus
1425 2475 1672 2544 quidam,
1700 2494 1809 2532 non
1840 2479 2041 2533 inﬁma:
2071 2481 2238 2535 sortis
2272 2480 2459 2545 homo,
2499 2495 2600 2534 nec
2625 2478 2906 2539 indoctus,
2934 2476 3028 2546 qui
3063 2475 3249 2546 plures
3283 2469 3508 2525 Grzrcrae
3544 2466 3733 2538 regio-

467 2565 566 2603 ηθδ
590 2555 921 2623 Peragravit,
958 2572 1041 2611 me
1078 2558 1362 2616 inviseret.
1392 2563 1519 2620 Post
1553 2582 1728 2637 pauca
1760 2570 1825 2623 de
1847 2568 2113 2624 Photiano
2147 2571 2294 2623 circa
2333 2567 2571 2638 Spiritus
2598 2568 2774 2622 sancti
2802 2566 3213 2635 processionetn
3246 2575 3454 2623 errore,
3487 2559 3574 2611 cui
3606 2559 3732 2626 qui-

466 2637 589 2691 dem
620 2640 1031 2702 addictissimus
1063 2659 1167 2714 est,
1205 2665 1536 2717 sermonem,
1595 2673 1688 2710 seu
1727 2659 1909 2726 potius
1955 2637 2389 2727 disputationem
2441 2654 2647 2708 intulit.
2709 2652 2867 2719 Quod
2898 2651 3149 2722 urgebat,
3184 2658 3237 2702 et
3268 2650 3322 2700 in
3358 2661 3466 2716 quo
3497 2645 3738 2698 maxime

469 2727 766 2817 nitebatur,
795 2730 846 2783 id
868 2743 984 2787 erat
1020 2754 1032 2788 :
1067 2736 1353 2793 Ostensam
1379 2743 1482 2796 sibi
1508 2744 1678 2800 fuisse
1710 2745 1952 2817 Smyrnae
1982 2747 2034 2798 in
2069 2747 2234 2800 veteri
2260 2745 2577 2799 membrana
2619 2744 2979 2815 perseriptam
3012 2741 3213 2797 Leonis
3245 2736 3523 2807 Sapientis
3553 2735 3738 2789 homi-

467 2814 616 2880 Ῐίθιη,
647 2818 807 2888 cujus
837 2821 938 2876 hac
965 2823 1029 2877 de
1067 2840 1127 2880 re
1158 2839 1479 2896 argumenta
1507 2848 1650 2902 {egre
1681 2850 1710 2888 a
1736 2814 1896 2889 nobis
1923 2833 2094 2890 refelli
2121 2836 2353 2905 possint,
2383 2834 2547 2902 idque
2592 2814 2647 2887 in
2683 2848 2849 2888 causa
2887 2846 3032 2896 esse,
3085 2845 3207 2893 cur,
3264 2825 3481 2881 etiamsi
3516 2825 3570 2877 in
3605 2824 3740 2893 qui-

466 2907 700 2962 husdam
733 2908 900 2966 Italia:
929 2914 1274 2974 bibli0thccis
1307 2921 1594 2990 habeatur,
1635 2941 1916 2995 nunquam
1948 2925 2094 2980 edita
2143 2925 2233 2978 sit.
2268 2924 2510 2977 Primum
2553 2939 2681 2993 ergo
2712 2930 2921 2992 quanto
2969 2921 3025 2975 in
3055 2933 3245 2973 errore
3281 2922 3597 2977 versentur,
3634 2913 3734 2982 qui

467 2997 737 3064 snpprimi
767 3014 795 3051 a
831 3002 1012 3066 nobis,
1045 3015 1210 3075 atque
1248 3008 1410 3062 etiam
1447 3011 1652 3066 aboleri
1691 3012 2128 3068 adversariorum
2164 3021 2478 3067 nostrorum
2531 3023 2712 3066 vetera
2747 3011 2953 3080 scripta
2981 3009 3300 3078 epinantur,
3330 3003 3547 3059 ostendi
3583 3000 3748 3055 facil-

468 3083 636 3138 lime:
671 3101 796 3139 nam
832 3087 1036 3144 latebat
1066 3095 1297 3163 exempli
1336 3097 1532 3165 gratia,
1563 3105 1619 3152 et
1645 3101 1994 3168 paucissimis
2028 3109 2146 3155 erat
2172 3110 2322 3164 nota,
2386 3098 2569 3154 Photii
2599 3100 2665 3152 ad
2692 3099 3104 3168 Aquileiensem
3129 3094 3451 3164 episcopum
3485 3090 3744 3168 epistola,

470 3183 596 3222 cum
637 3186 756 3224 eam
797 3189 863 3227 ex
900 3181 1292 3249 manuscriptis
1326 3184 1490 3248 eruit,
1522 3187 1767 3254 atquein
1799 3188 2071 3256 publicam
2101 3189 2278 3240 lucem
2313 3187 2541 3255 protulit
2570 3186 2874 3240 cardinalis
2909 3185 3214 3248 Baronius;
3249 3197 3313 3236 ea
3350 3180 3540 3250 procul
3573 3179 3749 3232 dubio

469 3260 684 3312 ratione
716 3261 995 3328 inductus,
1026 3268 1286 3333 quoniam
1320 3285 1599 3341 nunquam
1625 3273 1850 3337 clarius,
1883 3289 2045 3344 quam
2080 3289 2202 3328 cum
2234 3284 2607 3343 oppugnatur,
2639 3274 2845 3327 veritas
2877 3272 3100 3326 emicat.
3143 3270 3209 3323 At
3260 3283 3444 3323 nonne
3467 3275 3746 3336 prmstan-

469 3347 580 3399 tior
617 3349 875 3405 omnibus
909 3352 1169 3408 Alcorani
1194 3357 1364 3412 editio
1389 3362 1646 3424 Arahice,
1675 3370 1728 3416 et
1753 3361 1945 3418 Latine
1971 3361 2182 3417 Patavii
2218 3364 2501 3417 elaborata
2529 3360 2773 3432 prodiit?
2801 3359 2998 3414 Nonne
3031 3357 3276 3413 Venetiis
3313 3358 3585 3411 virulenta
3614 3356 3748 3425 plu-

470 3434 613 3487 rium
649 3434 1023 3495 liabbinorum
1046 3458 1215 3512 opera
1247 3462 1420 3516 nuper
1449 3450 1673 3518 vulgata
1698 3451 1720 3501 ?
3291 3450 3294 3464 ἶ

541 3546 746 3603 Verum
771 3553 917 3619 quod
945 3555 1012 3608 ad
1042 3557 1242 3613 Leonis
1271 3561 1578 3615 orationem
1635 3564 1853 3628 attinet,
1904 3563 2051 3620 unde
2077 3564 2296 3620 erudito
2345 3561 2526 3618 Russo
2576 3560 2897 3631 plenissime
2948 3559 3355 3622 satisfacerem,
3389 3557 3443 3612 in
3475 3564 3743 3626 promptu

469 3634 605 3688 mihi
635 3635 755 3690 fuit.
790 3638 1046 3696 Codicem
1081 3646 1298 3699 ostendi
1326 3649 1662 3712 inauratum,
1689 3659 1750 3703 ut
1777 3651 2123 3718 imperatoris
2151 3652 2563 3706 lucubrationes
2589 3659 2895 3704 servantem
2925 3649 3105 3714 decet,
3134 3650 3186 3701 in
3213 3647 3420 3702 Graecia
3451 3647 3747 3714 seriptum,

470 3721 862 3794 eleganterque
896 3741 1265 3800 compactum,
1309 3732 1506 3788 Leonis
1533 3734 1594 3788 Vl
1632 3737 1793 3804 vulgo
1833 3735 2110 3806 Sapientis
2152 3739 2406 3791 homilias
2443 3739 2817 3791 continentem
2860 3737 2928 3789 5'5
2982 3750 3046 3789 ea
3095 3735 3288 3788 morali
3321 3735 3573 3802 epistola,
3629 3733 3752 3786 sive

471 3813 761 3880 paramesi,
800 3815 943 3869 inter
969 3817 1069 3873 has
1093 3829 1429 3888 computata,
1465 3838 1628 3892 quam
1662 3823 1853 3878 Latine
1884 3825 1948 3877 ad
1990 3839 2188 3878 annum
2241 3826 2337 3880 9H
2371 3825 2638 3879 Baronius
2667 3825 2862 3878 edidit.
2900 3824 3070 3888 Ordo,
3108 3837 3219 3893 quo
3268 3829 3654 3882 recensentur,
3695 3823 3739 3873 is

470 3899 592 3966 ipse
617 3909 721 3964 est,
758 3902 847 3955 cui
877 3901 1173 3961 Vaticanus
1211 3909 1349 3963 liber
1396 3911 1721 3977 inhaerebat,
1773 3928 1802 3965 a
1834 3928 1946 3981 quo
1981 3913 2246 3968 Baronius
2293 3929 2480 3968 earum
2523 3921 2851 3983 argumenta
2907 3912 3272 3981 deprompsit.
3304 3910 3383 3964 Ex
3408 3911 3495 3964 his
3519 3909 3588 3964 ‘15
3619 3919 3748 3963 tan-

470 3989 763 4043 tummodo
789 3991 840 4043 in
871 3992 1144 4061 publicam
1180 3997 1358 4051 lucem
1395 4000 1620 4068 prolata:
1649 4009 1798 4067 sunt,
1829 4000 1896 4053 48
1923 4001 2112 4067 latent,
2145 4009 2198 4054 et
2226 4001 2294 4054 ab
2320 4000 2557 4054 eruditis
2587 4001 2908 4068 cupiuntur.
2941 3998 3299 4069 Vulgatarum
3334 4013 3362 4050 a
3387 3997 3745 4057 Combeﬁsio,

468 4088 592 4144 quae
625 4078 797 4132 beata:
829 4077 1072 4153 Virginis
1107 4084 1638 4154 Anuuntiationem,
1689 4087 2015 4158 Dominique
2073 4091 2555 4142 ltesurrectionem
2611 4088 2916 4153 celebrant,
2982 4103 3084 4142 nec.
3123 4086 3369 4140 Vaticani
3423 4103 3452 4139 a
3504 4085 3747 4140 Baronio

471 4165 708 4233 inspecti
743 4165 900 4223 ﬁdem
937 4175 1371 4240 comprobarunt
1404 4176 1648 4238 codices,
1677 4192 1782 4231 nec
1812 4187 2002 4233 noster
2032 4176 2376 4246 comprobat,
2409 4175 2503 4244 qui
2544 4190 2640 4230 eas
2694 4191 2804 4228 non
2855 4175 3079 4229 habent.
3140 4173 3259 4236 llla,
3298 4174 3366 4228 de
3427 4190 3534 4244 qua
3561 4189 3748 4228 sermo

470 4260 612 4318 erat,
638 4255 858 4309 tertium
898 4257 953 4312 in
981 4276 1113 4315 mss.
1147 4263 1357 4317 obtinet
1389 4265 1590 4318 locum.
1629 4263 1687 4318 ln
1719 4281 1779 4318 ea
1810 4266 2076 4335 quidquid
2107 4280 2206 4334 pro
2235 4262 2549 4318 Graecorum
2589 4278 2778 4316 errore
2811 4263 2878 4316 de
2909 4264 3086 4316 sancti
3116 4262 3356 4330 Spiritus
3387 4264 3750 4332 processione

473 4342 846 4410 excogitatum
882 4344 1006 4410 fuit,
1051 4348 1258 4420 colligit
1309 4349 1442 4414 Leo,
1475 4361 1638 4420 atque
1669 4364 1919 4422 apparat.
1956 4353 2304 4422 Quapropter
2335 4348 2529 4404 nullibi
2571 4349 2746 4418 magis
2777 4350 2980 4416 elucet,
3007 4366 3173 4420 quam
3207 4351 3429 4406 miseris
3473 4350 3750 4420 captioni-

478 4429 604 4493 bus,
639 4445 802 4499 quam
836 4432 1070 4489 inﬁrmis
1101 4438 1420 4494 schismatis
1450 4449 1890 4510 prepugnatores
1920 4441 2228 4493 innitantur
2259 4437 2643 4508 SOphismatis.

546 4515 685 4570 Cum
723 4527 903 4573 autem
935 4522 1003 4576 ad
1035 4523 1319 4581 chartulas
1352 4543 1502 4582 meas
1537 4528 1926 4593 accessissem,
1955 4527 2198 4581 libellmn
2225 4524 2459 4589 extraxi,
2493 4525 2546 4577 in
2575 4539 2684 4593 quo
2717 4531 2843 4578 ante
2869 4523 2971 4578 hos
2995 4524 3066 4578 20
3096 4531 3192 4577 aut
3233 4524 3443 4593 plures,
3470 4524 3525 4578 ni
3559 4522 3745 4590 fallor,

475 4616 674 4669 annos,
698 4607 977 4677 exscripta
1020 4625 1116 4678 per
1148 4627 1234 4666 me
1265 4629 1296 4667 e
1317 4614 1506 4670 codice
1539 4616 1718 4669 oratio
1742 4616 1950 4682 fuerat,
1988 4613 2180 4667 Latine
2210 4613 2446 4677 reddita,
2476 4621 2529 4667 et
2565 4613 2636 4666 ob
2669 4627 2892 4667 causam
2919 4613 3063 4666 hanc
3103 4613 3322 4667 abunde
3347 4613 3656 4681 confutata,
3691 4624 3748 4669 et

477 4690 703 4759 reiecta.
739 4691 856 4748 Hoc
894 4705 1074 4750 autem
1097 4701 1482 4766 praestiteram,
1517 4719 1643 4756 cum
1677 4703 2067 4758 anecdotorum
2123 4701 2176 4755 iu
2215 4716 2350 4756 mss.
2405 4699 2822 4756 Veronensibus
2873 4701 3160 4755 latentiqu
3202 4702 3584 4756 collectionem
3618 4714 3755 4759 tunc

483 4781 746 4847 temporis
787 4782 1134 4851 adornarem,
1159 4803 1390 4855 quorum
1428 4793 1703 4860 quaedam,
1733 4791 2025 4845 occasione
2050 4789 2252 4853 oblata,
2297 4789 2526 4844 seorsim
2557 4798 2746 4859 postea
2780 4790 3057 4860 prodiere,
3094 4790 3200 4844 alia
3232 4805 3344 4844 non
3377 4806 3550 4861 pauca
3577 4792 3754 4846 latent

474 4864 680 4930 adhuc,
708 4878 762 4922 et
796 4871 1236 4938 obdormiscunt.
1271 4877 1418 4932 Inter
1441 4880 1628 4935 Graeca
1655 4881 1916 4949 opuscula
1941 4879 2082 4934 hanc
2110 4878 2384 4948 praecipue
2408 4877 2687 4932 homiliam
2717 4879 3039 4946 selegeram,
3070 4877 3197 4945 quia
3219 4879 3752 4947 opportunissimtmt

474 4963 740 5024 praestare
765 4958 968 5012 aditum
1002 4961 1293 5019 videbatur
1330 4968 1459 5021 mibi
1501 4966 1568 5021 ad
1603 4968 1930 5022 catholicam
1961 4967 2014 5021 in
2050 4967 2153 5019 hoc
2178 4974 2503 5034 argumento
2534 4964 2843 5019 doctrinam
2886 4978 2916 5015 a
2945 4960 3265 5032 sophisticis
3286 4967 3550 5018 onmibus
3591 4967 3749 5020 tricis

476 5055 707 5111 prorsus
737 5043 1145 5103 vindicandam.
1175 5050 1301 5108 Hmc
1335 5055 1464 5108 item
1503 5056 1670 5119 ratio,
1715 5063 1773 5109 ut
1823 5054 1984 5110 modo
2012 5054 2280 5119 emittam,
2329 5054 2581 5123 impellit,
2617 5067 2792 5121 eoque
2850 5052 3049 5120 magis,
3104 5051 3274 5121 quod,
3320 5067 3447 5107 cum
3488 5053 3752 5108 adnatata

475 5129 702 5186 advenae
735 5146 856 5186 meo
893 5135 1252 5207 perlegerem,
1293 5143 1424 5210 quid
1464 5153 1774 5213 reponeret,
1820 5158 1930 5199 non
1984 5141 2240 5196 habebat.
2285 5140 2548 5198 erciam
2585 5141 2940 5196 orthodoxam
2967 5140 3060 5211 .illi
3090 5141 3236 5196 dono
3261 5142 3412 5209 dedi,
3445 5154 3633 5213 atque,
3669 5157 3752 5211 ut,

474 5216 544 5271 de
571 5233 684 5287 quo
710 5219 911 5289 agitur,
949 5219 1214 5292 Spiritum
1242 5239 1494 5282 sanctum
1520 5237 1636 5284 toto
1670 5230 1836 5284 corde
1864 5231 2168 5292 invocaret,
2202 5229 2459 5286 hortatus
2494 5245 2640 5286 sum.

518 5303 825 5376 ...Sapientis
858 5309 1100 5377 titulum,
1133 5329 1298 5383 quem
1331 5306 1575 5371 stu’dium
1612 5318 1920 5387 multiplex,
1948 5321 2249 5390 variaeque,
2281 5338 2423 5391 quas
2447 5323 2697 5392 impense
2729 5321 2924 5388 coluit,
2952 5322 3220 5377 doctrina:
3251 5319 3423 5376 Leoni
3462 5335 3752 5391 peperere,

473 5406 634 5480 error
669 5395 884 5462 adimit,
915 5414 1028 5467 quo
1067 5415 1096 5454 a
1122 5413 1273 5457 recto
1305 5404 1432 5459 fidei
1496 5409 1718 5462 tramite
1767 5408 2079 5474 deflexisse,
2136 5419 2338 5480 praeter
2390 5414 2690 5463 multorum
2732 5410 3076 5479 Opinionem,
3139 5412 3257 5464 haec
3313 5410 3541 5464 homilia
3566 5411 3750 5464 docet.

475 5475 644 5533 Miror
667 5491 847 5539 tamen
875 5495 931 5540 et
966 5487 1087 5543 sine
1117 5488 1221 5545 hac
1245 5493 1397 5547 viros
1426 5492 1621 5549 doctos
1654 5509 1814 5552 secus
1849 5497 2104 5567 opinatos
2134 5475 2283 5552 esse.
2318 5495 2456 5551 Nam
2506 5499 2743 5566 primum
2772 5475 2937 5568 _quid
2973 5499 3118 5553 aliud
3159 5513 3188 5551 a
3237 5496 3421 5552 Photii
3475 5499 3756 5568 discipulo

477 5573 928 5632 exspectaretur?
961 5575 1158 5632 deinde
1187 5595 1352 5648 quam
1387 5584 1680 5652 perspicue
1709 5585 1930 5655 vulgata
1964 5585 2022 5638 in
2064 5586 2424 5640 Pentecosten
2462 5586 2687 5639 homilia
2723 5585 3044 5640 Photianam
3089 5602 3154 5641 eo
3185 5586 3308 5640 loco
3331 5586 3513 5656 prodit
3542 5586 3758 5642 doctri-

478 5668 627 5720 ιιίιων
654 5671 760 5724 (tuo
789 5661 1055 5732 Spiritum
1097 5680 1347 5725 sanctum
1381 5673 1450 5726 ab
1483 5673 1552 5729 iis
1581 5681 1732 5729 recte
1757 5676 1862 5729 coli
1905 5675 2202 5738 asseritur,
2224 5676 2315 5745 qui
2352 5690 2516 5744 neque
2543 5675 2689 5729 circa
2719 5677 2834 5743 ejus
2860 5685 3114 5729 naturam
3145 5675 3439 5745 quidquam
3471 5677 3756 5741 innovant,

479 5756 641 5836 neque
679 5746 791 5814 ejus
830 5753 1085 5821 originem
1115 5759 1184 5810 ad
1221 5760 1359 5813 duas
1391 5777 1582 5816 causas
1623 5764 1900 5831 referunt?
1931 5763 2024 5832 Μὴ
2067 5781 2087 5833 ιι

2148 5779 2227 5815 νον
2259 5764 2388 5833 περὶ
2418 5765 2516 5833 τὴν
2561 5765 2724 5833 φύσιν
2750 5766 2809 5816 οὺ
2845 5764 3320 5834 καινοτομοῦντες,
3354 5765 3493 5818 ἀλλὰ
3517 5765 3642 5836 μηδ’
3670 5768 3756 5829 είς

478 5829 656 5885 αἰτίαν
693 5836 822 5888 αὐτὸ
859 5838 1052 5906 διπλῆν
1075 5843 1471 5913 ἀναφέροντες·
1499 5829 1701 5915 quibus
1729 5852 1911 5908 verbis
1945 5829 2084 5909 Catb

2149 5853 2262 5910 icos
2291 5829 2588 5923 perstringi
2644 5863 2815 5923 patet,
2873 5829 3354 5925 orthodoxamque
3414 5829 3757 5912 sententiam
