4072 6504
535 480 638 545 135

1767 482 2047 545 LEONIS
2084 484 2547 547 PIIILOSOPIII

3696 489 3791 553 136

528 596 618 646 die
650 593 755 647 ista
794 605 894 645 nos
928 587 1184 643 adventui
1227 587 1348 657 ejus
1380 588 1594 643 debitos
1628 588 1864 645 honores
1892 590 2102 659 persol-

2208 595 2358 664 ἠμᾶς
2388 597 2551 665 ἐτίμα
2585 597 2651 666 τῇ
2706 595 3002 667 παρουσίᾳ,
3037 598 3280 666 σήμερον
3309 598 3473 666 ἡμεῖς
3499 595 3597 666 τὴν
3626 599 3788 651 αὐτοῦ

529 684 731 738 vimus.
768 680 896 736 lleri
943 680 1269 735 benelicium
1324 694 1355 733 a
1405 679 1568 735 nobis
1614 691 1920 750 acceptum,
1955 680 2116 735 hodie

531 785 761 832 sanctus
795 774 1036 845 Spiritus
1059 772 1230 842 gloria
1252 780 1634 840 argumentum
1658 773 1974 843 suppeditat
1997 773 2114 825 lau-

528 869 709 923 dibus.
737 866 1000 933 Quaenam
1032 879 1166 919 vero
1191 864 1342 917 illum
1374 864 1546 933 magis
1576 865 1769 918 deceat
1794 864 1956 917 laus?
1980 864 2114 917 Pro-

526 965 615 1019 cnl
654 964 825 1020 dubio
856 963 1027 1019 Deum
1058 962 1331 1018 confiteri.
1362 960 1660 1033 Propterea
1690 962 1903 1018 scilicet
1926 978 1955 1016 a
1976 961 2113 1018 Filio

528 1056 787 1119 mittitur,
812 1055 915 1109 hoc
944 1053 1047 1124 ipsi
1074 1064 1362 1122 przestans,
1395 1067 1523 1108 cum
1553 1054 1618 1107 ad
1650 1068 1773 1108 eum
1801 1053 2114 1125 gloriﬁcan-

526 1149 656 1201 dum
687 1147 1029 1202 advenerit‘.
1063 1144 1227 1201 Venit
1256 1162 1387 1215 ergo
1425 1146 1701 1216 propriam
1746 1162 1963 1217 quoque
1994 1146 2113 1216 glo-

526 1240 663 1294 riam
696 1239 1013 1294 hominibus
1045 1237 1445 1308 patefacturus.
1482 1238 1783 1307 Oportebat
1811 1240 1978 1302 enim,
2019 1254 2112 1294 co-

526 1332 741 1387 lendam
773 1340 901 1388 ante
932 1333 1121 1388 orbem
1168 1331 1450 1387 conditum
1505 1331 1826 1386 Trinitatem
1860 1333 1926 1387 ab
1960 1332 2113 1387 orbis

528 1422 726 1478 incolis
755 1424 1124 1479 communiter
1163 1422 1463 1492 aliquando
1493 1423 1635 1489 coli;
1684 1423 1828 1491 quod
1862 1431 1920 1477 ut
1951 1423 2111 1480 hodie

525 1511 782 1567 alacriter
809 1512 1067 1567 ostendat
1094 1513 1296 1579 oratio,
1325 1512 1541 1567 initium
1574 1513 1657 1569 sic
1691 1522 1895 1569 statuo.

596 1787 748 1842 Unus
792 1787 937 1841 Deus
982 1786 1035 1839 in
1073 1785 1256 1850 Patre,
1284 1794 1338 1842 et
1365 1785 1529 1849 Filio,
1561 1798 1614 1841 et
1644 1786 1852 1856 Spiritu
1888 1795 2106 1852 sancto,

523 1876 763 1933 Trinitas
800 1892 1158 1946 personarum
1201 1879 1409 1932 unitate
1446 1887 1657 1932 natura:
1691 1879 1745 1932 i-n
1779 1895 1947 1933 unum
1977 1894 2108 1934 coa-

522 1969 758 2033 lescens,
785 1982 850 2021 ex
895 1982 954 2021 se
1003 1967 1286 2037 perlecta,
1354 1970 1663 2036 completa,
1700 1985 1915 2040 semper
1961 1972 2111 2026 exsi-

519 2073 701 2128 stens,
730 2071 785 2117 et
819 2064 908 2126 iis,
944 2077 1064 2132 qua:
1114 2071 1263 2126 sunt,
1298 2076 1419 2117 esse
1468 2064 1716 2130 praebens
1747 2082 1759 2118 :
1797 2078 1898 2118 nec
1951 2065 2113 2120 Patre

519 2153 853 2223 sempiterna
899 2153 1072 2224 gloria
1102 2168 1345 2223 unquam
1405 2154 1637 2209 multato
1658 2195 1672 2219 ,
1706 2157 1919 2210 etiamsi
1951 2154 2109 2223 Filio,

517 2247 609 2316 qui
664 2245 846 2299 Patris
894 2252 978 2300 est
1013 2244 1208 2314 gloria,
1244 2247 1483 2300 nomium
1519 2255 1812 2316 apparente
1842 2246 1917 2319 (5)
1972 2247 2107 2302 latc-

517 2346 635 2405 rct;
671 2354 770 2393 nec
800 2337 962 2404 Filio,
997 2337 1224 2393 etiamsi
1257 2338 1469 2393 tardius
1502 2339 1765 2406 illuxerit,
1792 2341 1976 2396 minus
2006 2341 2108 2394 ha-

516 2432 697 2496 bente,
731 2446 894 2501 quam
928 2430 1126 2497 Pater;
1159 2446 1262 2486 nec
1298 2430 1532 2501 Spiritu.
1563 2433 1781 2487 etiamsi
1815 2434 1867 2487 in
1898 2434 2109 2489 theolo-

516 2526 606 2595 gia
654 2524 873 2578 tertium
923 2522 1172 2578 obtineat
1220 2522 1426 2589 locum,
1462 2524 1741 2593 posterius
1790 2540 1913 2580 esse
1962 2526 2106 2579 acci-

519 2617 703 2685 piente
733 2633 746 2670 :
791 2613 887 2670 sed
919 2614 1388 2671 cocxsistcntihns
1425 2615 1621 2682 simul,
1654 2631 1720 2671 ac
1746 2630 1903 2686 aeque
1937 2618 2106 2687 glori-

518 2705 768 2768 ticandis,
796 2704 1048 2775 quamvis
1075 2701 1243 2758 Pater
1270 2699 1417 2759 velut
1451 2706 1780 2776 principium
1813 2706 1904 2769 sit,
1936 2716 1990 2761 et
2010 2722 2103 2762 ra-

515 2800 605 2852 dix
630 2839 643 2863 ,
680 2797 854 2853 Filius
887 2812 1036 2864 vero,
1066 2811 1132 2851 ac
1167 2795 1409 2865 Spiritus
1431 2795 1581 2851 velut
1605 2798 1741 2851 rami
1779 2796 2001 2869 quidam
2035 2802 2103 2854 ab

513 2900 719 2946 :uterno
754 2889 1162 2960 pullulaverint.
1193 2887 1310 2944 Hoc
1340 2889 1408 2943 de
1437 2888 1547 2943 Deo
1575 2888 1772 2961 dogma
1798 2889 2102 2962 antiquitus

513 2982 736 3051 quidem
770 2981 949 3037 edocti
975 2980 1148 3050 aliqui
1181 2989 1332 3043 sunt,
1366 2980 1553 3035 divina
1580 2980 1825 3036 bonitate
1843 2996 1903 3037 se
1925 2982 2100 3053 ipsam

514 3074 827 3144 benigniter
876 3072 1161 3142 prodente,
1195 3072 1431 3126 obscure
1479 3078 1683 3136 tamen,
1718 3070 1949 3142 ejusque
1980 3074 2101 3143 pul-

512 3166 825 3219 claritudine
873 3164 1046 3218 fuscis
1105 3171 1319 3217 tantum
1375 3161 1656 3217 coloribus
1724 3161 1991 3233 depicta,
2044 3172 2100 3220 et

513 3257 710 3326 aptiori
760 3270 878 3311 a-vo
935 3263 1235 3311 reservata.
1272 3253 1411 3310 Hinc
1443 3255 1727 3311 colebatur
1775 3256 1906 3313 olim
1956 3257 2099 3313 Deus

511 3348 673 3403 Pater
703 3364 731 3403 a
762 3348 985 3419 populo,
1010 3348 1189 3418 ipsum
1222 3357 1429 3402 tantum
1459 3362 1761 3419 agnoscere
1788 3350 2095 3419 proliteute,

511 3456 614 3496 nec
639 3440 839 3496 Filium
864 3480 879 3503 ,
913 3440 1009 3510 qui
1054 3439 1241 3494 omnia
1281 3438 1549 3509 possidet,
1587 3455 1711 3510 quae
1741 3440 1920 3503 Pater,
1953 3441 2101 3511 ejus-

511 3534 636 3588 dem
691 3533 875 3589 cultus
921 3530 1245 3601 participem
1299 3529 1557 3595 faciente,
1583 3532 1801 3587 etiamsi
1848 3533 2098 3603 pluribus

515 3621 694 3677 modis
722 3636 782 3676 se
806 3619 1137 3691 prodidisset
1157 3620 1203 3673 ³.
1231 3618 1370 3673 Cum
1395 3635 1522 3674 vero
1552 3621 1796 3675 nondum
1833 3623 1971 3691 apud
2001 3636 2099 3677 nos

512 3715 608 3767 lux
637 3712 978 3776 emicuisset,
1001 3726 1125 3781 qua:
1145 3710 1310 3765 simul
1343 3725 1469 3765 cum
1493 3710 1750 3768 Genitore
1774 3720 1901 3769 ante
1924 3728 2097 3767 aevum

509 3804 762 3869 emicuit,
799 3804 1163 3859 collucentem
1221 3818 1346 3858 cum
1405 3818 1472 3859 eo
1525 3801 1795 3874 Spiritum
1854 3806 2098 3860 nondum

510 3899 765 3953 homines
816 3896 1001 3953 debito
1049 3896 1261 3951 honore
1308 3897 1783 3966 prosequebantur
1819 3913 1833 3953 :
1867 3907 1954 3953 ast
2002 3896 2098 3953 ubi

508 3990 688 4045 Putris
717 3990 887 4061 gloria
924 4004 1022 4060 per
1065 3988 1421 4059 Unigenitum
1479 4004 1641 4043 suum
1696 3990 1900 4046 clarior
1934 4004 2101 4061 appa-

510 4086 643 4147 ruit,
671 4084 856 4139 statim
915 4082 1091 4154 ipsius
1145 4081 1407 4137 divinitas
1459 4081 1702 4137 innotuit
1730 4082 2007 4148 omnibus,
2039 4098 2100 4140 sc

507 4178 661 4245 ipsos
706 4176 763 4229 in
811 4189 966 4231 suam
1002 4172 1305 4245 perniciem
1344 4187 1455 4228 non
1487 4174 1917 4230 excascantibus.
1945 4174 2099 4231 Tunc

509 4280 643 4335 ergo
677 4266 844 4320 simul
878 4279 1118 4334 regnans
1150 4262 1391 4334 Spiritus
1422 4263 1660 4333 ellulsit;
1692 4267 1846 4335 prius
1874 4267 2095 4338 quidem

511 4371 637 4409 cum
669 4353 909 4410 Verbum
962 4355 1017 4409 in
1060 4346 1209 4410 terra
1239 4356 1460 4424 degeret
1488 4356 1667 4425 ipsum
1699 4356 1972 4413 comitans
1993 4397 2008 4422 ,
2044 4367 2100 4414 et

511 4461 638 4500 cum
674 4448 814 4518 ipso,
841 4460 961 4517 qua:
996 4445 1167 4500 Deum
1200 4445 1484 4511 decerent,
1515 4461 1802 4517 peragens,
1837 4448 2099 4503 testiﬁca-

510 4539 832 4608 tionemque
867 4548 1157 4608 prmstans,
1187 4546 1242 4592 et
1275 4538 1527 4593 vicissim
1560 4539 1831 4608 recipiens
1863 4557 1876 4593 :
1904 4541 2100 4597 deinde

2214 685 2467 755 τιμῶμεν
2502 686 2829 756 ἐπιδημίαν·
2875 686 3003 755 χθὲς
3048 687 3184 756 ἡμῖν
3219 686 3477 749 ὑπόθεσις
3511 686 3613 755 τῆς
3657 703 3791 740 παν-

2214 778 2468 850 ηγύρεως
2494 780 2527 850 ἡ
2559 780 2801 850 ὑμετέρα
2831 778 3141 849 εὐεργεσία,
3172 780 3411 849 σήμερον
3442 779 3666 849 ἀφορμὴ
3694 780 3788 832 τοῦ

2214 869 2607 941 πανηγυρίζειν
2648 872 2682 941 ἡ
2726 869 2819 922 τοῦ
2867 869 3184 939 Πνεύματος
3233 869 3533 938 δοξολογία.
3573 852 3667 933 Τίς
3698 869 3792 925 οῦν

2214 961 2410 1031 ἐκείνῳ
2440 961 2726 1031 πρέπουσα
2767 961 2965 1029 γένοιτ’
2993 961 3059 1014 ἂν
3094 959 3407 1027 δοξολογία;
3453 960 3518 1014 Ἦ
3543 963 3643 1032 τῆς
3673 960 3793 1015 Osco

2214 1050 2461 1123 πρεποῦς
2497 1050 2655 1121 δόξης
2712 1050 2989 1120 ὁμολογία.
3022 1049 3100 1101 Δι’
3154 1049 3223 1121 ἢν
3274 1050 3665 1105 ἀποστέλλεται
3696 1054 3793 1122 μὲν

2214 1142 2365 1209 παρὰ
2416 1141 2508 1195 τοῦ
2572 1140 2744 1204 Υίοῦ,
2799 1141 3359 1213 πραγματευσάμενος
3411 1142 3568 1195 τοῦτο
3620 1142 3789 1212 αὐτῷ.

2227 1234 2432 1287 Ἐκεῖνο
2465 1233 2575 1304 γὰρ
2622 1232 2860 1297 δοξάσων
2890 1234 3167 1304 ἐλήλυθεν.
3196 1227 3341 1287 *Ηδιε
3380 1234 3437 1287 δὲ
3465 1235 3558 1286 καὶ
3586 1236 3685 1304 τὴν
3709 1236 3792 1287 οί-

2212 1326 2365 1379 κείαν
2394 1325 2560 1397 τιμὴν
2595 1326 2912 1397 ὲμφανίσων
2937 1326 3016 1396 τῷ
3051 1326 3357 1397 πλάσματι.
3395 1326 3660 1397 Ἐπείπερ
3686 1328 3794 1381 ἔδει

2210 1418 2309 1490 τὴν
2341 1419 2447 1489 πρὸ
2480 1418 2575 1472 τοῦ
2639 1418 2733 1472 τὸν
2783 1418 2990 1489 κόσμον
3025 1414 3165 1471 εἶναι
3219 1419 3536 1490 τιμωμένην
3562 1420 3790 1490 Τριόιδα,

2211 1511 2305 1564 καὶ
2360 1511 2466 1565 ὑπὸ
2510 1510 2620 1566 τῶν
2642 1513 2698 1565 ὲν
2724 1511 2913 1580 κόσμῳ
2971 1512 3087 1581 ἅμα
3119 1512 3404 1582 τιμᾶσθαι.
3441 1514 3505 1566 Ὃ
3553 1514 3794 1584 σήμερον

2212 1602 2665 1674 προθυμούμενος
2727 1603 2757 1655 ὁ
2809 1604 2966 1669 λόγος
3036 1605 3235 1669 ποιεῖν,
3293 1603 3438 1657 οὓτω
3485 1604 3580 1657 τοῦ
3630 1605 3791 1673 λόγου

2211 1695 2538 1766 ἀπάρχεται.

2283 1782 2377 1851 Εἷς
2409 1788 2542 1850 Θεὸς
2571 1789 2628 1840 ἐν
2662 1788 2838 1857 ιιατρὶ
2874 1788 2968 1841 καὶ
3025 1787 3141 1859 Υίῷ
3184 1788 3278 1840 καὶ
3317 1786 3457 1857 ἀγίῳ
3489 1785 3789 1855 Πνεύματι,

2213 1875 2565 1929 ὑποστάσεων
2592 1877 2763 1945 Τριάς
2810 1879 2892 1941 είς
2933 1877 2990 1930 ἓν
3023 1876 3297 1943 συνιοῦσα,
3334 1878 3521 1948 μονάδι
3551 1877 3784 1946 φύσεως,

2216 1966 2534 2036 αὐτοτελὴς,
2568 1967 2950 2038 ὑπερπλήρης,
2987 1970 3074 2021 ἀεὶ
3112 1968 3269 2033 οῦσα,
3310 1969 3404 2022 καὶ
3442 1971 3557 2031 τοῖς
3580 1964 3701 2023 οὖσι
3732 1968 3790 2020 τὸ

2216 2055 2355 2111 εἶναι
2404 2059 2785 2129 παρασχοῦσα,
2849 2061 2973 2113 οὔτε
3001 2060 3096 2114 τοῦ
3131 2061 3347 2132 Πατρδς
3379 2060 3796 2131 ἀκρωτηριαζο-

2216 2151 2378 2220 μένου
2438 2150 2541 2219 τῆς
2596 2150 2769 2203 ἀϊδίου
2819 2150 2997 2219 δόξης,
3056 2151 3134 2222 τῷ
3178 2151 3401 2223 ὓστερον
3436 2151 3534 2222 τὴν
3579 2152 3789 2205 ἐκείνου

2209 2240 2367 2306 δόξαν
2396 2243 2488 2294 τὸν
2518 2242 2644 2294 Υἱὸν
2679 2243 3044 2311 ἐκπεφάνθαι,
3072 2244 3202 2315 πρὶν
3232 2243 3289 2296 δὲ
3320 2242 3626 2314 ἀνυπαρξίᾳ
3650 2261 3791 2315 κρυ-

2209 2333 2483 2403 πτομένου
2515 2349 2527 2363 ο
2564 2333 2687 2386 οὔτε
2722 2334 2816 2387 τοῦ
2852 2335 2983 2388 Υίοῦ
3037 2336 3096 2388 ἐν
3130 2336 3207 2406 τῷ
3244 2336 3564 2403 ἀπαυγάσαι
3612 2335 3793 2404 ὀψιαί-

2207 2445 2385 2499 τερον,
2422 2429 2573 2497 μεῖον
2595 2428 2855 2497 φέροντος
2882 2428 2977 2480 τοῦ
3011 2428 3244 2499 Πατρός,
3276 2425 3400 2480 οὔτε
3425 2426 3517 2479 τοῦ
3544 2426 3798 2496 Πνεύμα-

2206 2538 2297 2585 τος
2314 2520 2416 2591 ,τοῦ
2444 2521 2602 2588 ἁγίου
2627 2538 2642 2553 °
2672 2522 2721 2574 εί
2786 2521 2881 2573 καὶ
2919 2521 3111 2590 τρίτην
3143 2522 3200 2573 ἐν
3245 2522 3311 2591 τῇ
3360 2518 3611 2591 θεολογίᾳ
3640 2519 3791 2585 τάξιν

2206 2590 2343 2681 ἔχει,
2388 2609 2854 2682 μεταγενεστέραν
2884 2610 3142 2679 λαχόντος
3348 2590 3605 2682 ὕπαρξιν.
3652 2610 3786 2663 Ἀλλ’

2205 2704 2341 2774 ὁμοῦ
2375 2704 2484 2758 τῶν
2506 2704 2676 2776 τριῶν
2712 2704 2979 2759 συνόντων
3033 2704 3129 2758 καὶ
3167 2705 3446 2775 όμοτίμως
3501 2704 3788 2775 δοξαζομέ-

2205 2814 2349 2851 νωνο
2404 2798 2505 2852 κᾶν
2553 2800 2583 2852 ό
2648 2799 2746 2869 μὲν
2794 2798 2870 2861 ὡς
2920 2798 3064 2869 ἁρχὴ
3105 2800 3197 2851 καὶ
3252 2798 3414 2868 ῥίζα,
3447 2798 3576 2861 Υίδς
3605 2799 3662 2852 δὲ
3697 2800 3793 2853 καὶ

2206 2891 2433 2960 Πνεῦμα
2487 2885 2599 2944 οἷον
2647 2890 2868 2961 βλαστοί
2904 2907 3048 2953 τινες
3093 2890 3279 2953 ἀϊδίως
3341 2890 3790 2961 συνεκτεθήλασι.

2202 2984 2381 3039 Τοῦτο
2410 2984 2474 3057 δὴ
2503 2984 2565 3038 τὸ
2597 2984 2724 3054 περὶ
2753 2982 2889 3036 Θεοῦ
2926 2983 3103 3054 δόγμα
3131 2984 3298 3037 πάλαι
3327 2983 3427 3054 μέν
3455 3001 3598 3048 τινες
3618 2985 3795 3055 ἐμυή-

2204 3077 2398 3150 θησαν,
2439 3075 2858 3145 ⁶φιλανθρώπως
2907 3076 3111 3145 ἑαυτὴν
3182 3075 3634 3146 ἐκκαλυπτούσης
3688 3076 3794 3145 τῆς

2201 3170 2499 3241 θεαρχικῆς
2531 3169 2893 3239 ἀγαθότητος,
2939 3167 3081 3238 πλὴν
3137 3167 3419 3239 ἀμυδρῶς,
3462 3168 3652 3240 ὥσπερ
3679 3170 3796 3222 τισὶ

2124 3293 2173 3357 c
2202 3262 2457 3332 χρώμασι
2508 3260 2889 3329 στυγνοτέροις
2913 3258 3261 3329 γραφομένου
3305 3256 3399 3311 τοῦ
3430 3259 3659 3319 κάλλους
3691 3260 3795 3328 τῆς

2201 3352 2508 3416 εὐσεϐείας,
2539 3352 2636 3404 καὶ
2662 3352 3065 3421 ταμιευομένης
3098 3351 3177 3413 είς
3210 3350 3300 3403 τὸν
3330 3350 3637 3421 καθήκοντα
3663 3367 3797 3404 και-

2202 3444 2294 3515 ρὸν
2322 3442 2421 3513 τῆς
2455 3442 2785 3519 τρανοτέρας
2835 3441 3242 3512 λαμπρότητος.
3266 3439 3419 3495 Οῦτω
3441 3439 3503 3510 δὴ
3521 3440 3799 3511 πρότερον

2199 3535 2229 3587 ό
2263 3534 2396 3597 Θεὸς
2424 3535 2521 3586 καὶ
2543 3535 2733 3602 Πατὴρ
2755 3532 2862 3585 ὑπὸ
2893 3531 2986 3585 τοῦ
3032 3534 3192 3603 μόνον
3224 3534 3430 3585 ἐκεῖνον
3456 3529 3661 3582 ειδέναι
3694 3529 3796 3581 λέ-

2200 3642 2388 3695 γοντος
2423 3626 2651 3695 ἐτιμᾶτο
2679 3623 2833 3687 λαοῦ,
2870 3624 2946 3694 μὴ
2969 3624 3311 3694 ποιουμένων
3337 3620 3482 3692 αὐτῷ
3510 3620 3795 3692 συμμερί-

2198 3735 2299 3788 την
2330 3716 2430 3787 τῆς
2457 3718 2623 3788 τιμῆς
2642 3715 2733 3772 τὸν
2761 3717 2963 3781 πάντα,
3009 3716 3111 3770 ὅσα
3142 3717 3255 3786 ἕχει
3294 3715 3323 3767 ό
3354 3715 3563 3787 Πατὴρ,
3589 3730 3798 3780 κεκτη-

2204 3807 2365 3878 μένον
2381 3807 2531 3872 Υίὸν,
2562 3808 2610 3860 εἰ
2641 3806 2735 3859 καὶ
2763 3806 3047 3869 πλείσταις
3075 3807 3229 3870 ὅσαις
3261 3807 3568 3875 ἐμφάσεσιν
3596 3804 3789 3858 ἑαυτὸν

2200 3900 2551 3953 διεδείκνυεν.
2583 3896 2750 3952 Οὔπω
2778 3898 2837 3951 δὲ
2866 3898 2959 3951 τοῦ
2990 3899 3234 3969 ἀχρόνως
3266 3899 3364 3951 σὺν
3388 3896 3467 3969 τῷ
3495 3896 3789 3966 Γεννήτορι

2200 3993 2513 4063 ἀνίσχοντος
2547 3990 2727 4061 φωτὸς
2748 3991 2805 4043 ἐν
2839 3989 3017 4061 χρόνῳ
3050 3990 3128 4059 τῷ
3152 3987 3277 4043 καθ’
3297 3989 3446 4059 ἡμᾶς
3476 3987 3792 4058 όραθέντος,

2200 4090 2263 4143 τὸ
2321 4089 2736 4160 συναστράπτον
2805 4087 2953 4158 αὐτῷ
2997 4086 3222 4157 Πνεῦμα
3264 4084 3419 4138 οὔπω
3471 4085 3570 4154 τῆς
3617 4099 3795 4154 προσ-

2200 4181 2443 4252 ηκούσης
2493 4182 2646 4254 παρά
2690 4181 2800 4235 τῶν
2847 4178 3152 4251 ἀνθρώπων
3203 4175 3561 4248 ἐκληρονόμει
3594 4173 3795 4244 τιμῆς.

2213 4276 2368 4329 Ἐπεὶ
2385 4275 2442 4328 δὲ
2476 4274 2592 4343 ἅμα
2620 4275 2720 4343 μὲν
2745 4276 2779 4345 ἡ
2815 4272 2909 4327 τοῦ
2944 4272 3158 4341 Πατρδς
3185 4270 3313 4333 δόξα
3360 4269 3448 4323 διά
3479 4266 3575 4321 τοῦ
3609 4267 3796 4322 Μονο-

2201 4361 2393 4430 γενοῦς
2427 4362 2781 4432 φανερωτέρα
2809 4361 3096 4431 γεγένητο,
3155 4359 3270 4430 ἀμα
3305 4358 3362 4411 δὲ
3409 4358 3504 4411 καὶ
3554 4356 3587 4427 ἡ
3618 4354 3797 4410 αὐτοῦ

2201 4450 2562 4522 πεφανέρωτο
2585 4451 2697 4513 τοῖς
2732 4451 2867 4521 πρὸς
2895 4451 2993 4521 τὴν
3026 4450 3175 4520 σφῶν
3205 4449 3265 4501 οὐ
3290 4448 3494 4520 μύσασι
3512 4448 3800 4517 σωτηρίαν

2202 4542 2432 4613 Θεότης,
2461 4542 2563 4612 ἥδη
2593 4539 2780 4595 λοιπὸν
2808 4542 2900 4595 καὶ
2914 4543 2974 4594 τὸ
3003 4538 3405 4610 συμϐασιλεῦον
3426 4537 3798 4608 ἐμφανίζεται

510 4631 673 4685 etiam
710 4630 1082 4695 manifestius,
1108 4641 1164 4685 et
1206 4630 1261 4684 in
1311 4629 1541 4686 ﬂammas
1570 4634 1808 4701 speciem
1855 4633 2082 4691 descen-

2204 4635 2558 4706 Ινεῦμα.Καὶ
2591 4637 2722 4706 πρὶν
2758 4635 2855 4707 μὲν
2887 4634 3175 4704 ἐνσώματι
3209 4629 3799 4701 συναναστρεφομένου

510 4724 666 4791 dens,
702 4740 829 4780 cum
864 4725 952 4778 ille
979 4724 1046 4777 ad
1086 4721 1256 4778 ca-los
1286 4721 1402 4791 jam
1436 4723 1734 4780 evolasset.

2200 4728 2295 4782 τοῦ
2324 4729 2500 4797 Λόγου
2532 4728 2821 4800 συμπαρὸν
2882 4724 3032 4797 αὐτῷ
3083 4725 3179 4778 καὶ
3228 4721 3697 4795 συνεργαζόμενον
3721 4720 3804 4773 τὰ

510 4820 810 4891 θεοπρεπῆ,
843 4820 936 4874 καὶ
968 4816 1425 4891 προσμαρτυροῦν
1468 4816 1566 4889 τὴν
1597 4819 1842 4891 υίότητα,
1874 4822 1971 4877 καὶ
1996 4823 2095 4894 τὴν
2134 4824 2265 4894 παρ’
2285 4822 2456 4878 αὐτοῦ
2496 4823 2803 4895 μαρτυρίαν
2837 4819 3235 4891 ἁντιλαμϐόινον
3257 4835 3273 4850 ’
3323 4818 3549 4890 ὕστερον
3604 4817 3684 4908 δὲ.
3732 4818 3805 4881 ἑξ

507 4913 667 4985 ὴμῶν
693 4913 1030 4976 ἀναπτάντος
1047 4913 1278 4980 ἐκείνου,
1302 4912 1648 4983 αὑτοκαθόδῳ
1668 4915 1871 4985 πυρίνῃ
1892 4916 2088 4985 όραθὲν
2127 4916 2553 4988 ἐμφανέστερον.

579 5004 736 5059 Nunc
759 5005 902 5058 enim
941 5007 1231 5074 perspicue
1256 5006 1410 5061 visus
1439 5014 1525 5060 est
1554 5005 1900 5061 descendens
1935 5004 2097 5060 Para-

507 5100 691 5163 clitus,
716 5097 992 5170 Paraclito
1022 5099 1198 5154 altero
1227 5098 1281 5153 in
1304 5097 1486 5154 Patris
1520 5098 1644 5154 sinu
1676 5106 1933 5169 recepto;
1971 5114 2101 5169 pro-

580 5254 592 5283 ’
635 5251 797 5307 Joan.
838 5267 953 5314 xvr,
985 5251 1074 5305 Η.
1150 5253 1172 5282 ¹
1210 5249 1371 5307 Joan.
1406 5266 1517 5315 xvt,
1553 5251 1643 5305 15.

2281 5007 2397 5062 Νῦν
2451 5008 2561 5080 γὰρ
2621 5006 2879 5076 ἐμφανῶς
2936 5005 3091 5077 ὤφθη
3142 5004 3432 5066 καταπτὰς
3472 5004 3501 5055 ό
3538 5001 3660 5055 ἀντὶ
3690 5001 3801 5053 τοῦ

2208 5100 2346 5173 πρὸς
2401 5100 2493 5156 τὸν
2544 5100 2765 5171 Πατέρα
2830 5098 3194 5170 Παρακλήτου
3252 5095 3595 5158 ἀναπτάντος
3630 5092 3808 5158 ἄλλος

2049 5339 2280 5397 NOTAE.

579 5439 655 5505 (‘5)
699 5436 953 5491 Nondum
987 5444 1292 5506 apparente.
1332 5433 1591 5499 Quasdam
1624 5433 1714 5489 hic
1742 5432 1967 5488 adhibet
1993 5447 2092 5506 au-

510 5518 627 5561 ctor
649 5507 914 5563 vocabula
935 5523 998 5563 ex
1027 5507 1308 5577 Dionysio,
1343 5515 1399 5557 ut
1422 5506 1718 5577 appellant,
1764 5505 2092 5577 Areopagita

509 5586 759 5631 tnutuata
793 5598 806 5633 :
843 5572 1214 5647 Ἀνυπαρξίοί,
1267 5572 1523 5647 βλαστολξ,
1578 5574 1866 5647 θεαρχική.
1912 5572 2093 5647 Paulo

510 5654 634 5711 post
673 5647 879 5701 radicis
924 5658 979 5703 et
1030 5644 1306 5702 ramorum
1350 5644 1764 5700 similitudinem
1796 5660 1901 5698 non
1932 5644 2091 5697 alIert

512 5716 632 5767 sine
657 5717 784 5768 dolo
813 5735 827 5769 :
864 5732 1054 5771 verum
1071 5715 1199 5785 hinc
1227 5715 1361 5770 satis
1386 5715 1499 5785 jam
1531 5717 1799 5783 explicata
1843 5714 2091 5785 et_diluta

511 5790 664 5855 Slllll,
704 5785 976 5855 prtecipue
1011 5800 1040 5838 a
1070 5782 1731 5854 Nicephoro'Blentmida,
1762 5792 1816 5838 et
1839 5798 1869 5837 a
1893 5782 2091 5855 Bessa-

511 5853 687 5913 rione,
723 5868 846 5926 cum
876 5853 1040 5926 'locis
1069 5869 1134 5907 ex
1178 5855 1528 5924 supposititio
1558 5856 1824 5926 Dionysio
1856 5853 2089 5923 objectis

513 5921 929 5993 responderent.
960 5922 1146 5991 Neque
1169 5921 1372 5979 mirum
1402 5933 1509 5991 est,
1537 5940 1568 5981 c
1598 5921 1936 5997 quacunque
1965 5937 2093 5980 san-

2195 5435 2460 5491 ctissimae
2490 5432 2785 5490 Trinitatis
2827 5436 3189 5495 similitudine
3233 5439 3394 5493 allata
3442 5437 3810 5495 diliicultates

2196 5505 2460 5569 suboriri,
2493 5521 2619 5561 cum
2644 5514 2793 5576 rapta
2843 5508 2900 5561 in
2950 5509 3093 5564 hanc
3122 5525 3236 5565 rem
3270 5510 3577 5565 similitudo
3602 5509 3809 5564 alIerr-i

2195 5576 2370 5650 possit
2399 5575 2549 5650 nulla
2592 5592 2607 5630 :
2641 5575 2715 5629 ita
2745 5583 2809 5650 ut
2838 5579 2959 5633 illas
2991 5580 3386 5650 perpendenti,
3419 5595 3541 5650 qum
3575 5579 3807 5647 pueris,

2195 5659 2337 5719 cum
2357 5644 2750 5719 instituuntur,
2787 5648 2932 5704 bona
2970 5644 3194 5714 mente,
3243 5659 3303 5703 ut
3350 5649 3403 5704 id
3436 5644 3809 5719 intelligant,

2196 5716 2345 5785 quod
2372 5717 2600 5787 intelligi
2632 5719 2843 5786 nequit,
2870 5720 3090 5774 recitari
3120 5720 3319 5784 solent,
3353 5734 3450 5775 eos
3478 5716 3665 5773 minus
3697 5733 3809 5773 re-

2195 5788 2299 5914 cti:
2348 5787 2752 5914 quodammodo
2802 5790 3208 5861 phantasmatis
3258 5790 3536 5847 interdum
3589 5788 3812 5856 imbui,

2198 5874 2251 5913 vt
2295 5873 2373 5914 cn
2407 5873 2553 5914 DOSSI
2587 5896 2603 5913 .

2198 5867 2373 5915 videri
2407 5867 2603 5929 possit.
