2036 3230
153 168 167 198 Σ
177 168 216 198 37

644 166 784 198 ORATIO
803 168 891 199 XIII.
909 181 943 186 —-
960 169 1009 199 DE
1023 169 1180 200 SPlRlTU
1197 169 1349 200 SANCTO.

1741 167 1792 200 138

152 222 353 258 Παρακλητος,
382 220 495 257 πληρῶν
522 222 573 257 μὲν
604 222 708 249 ἐκείνου
723 223 780 259 ὶτὴν
795 223 948 259 ὖπόσχεσιν,

1006 225 1166 253 missionem
1194 225 1269 252 illius
1286 224 1337 261 (ιι),
1353 228 1381 252 ct
1398 224 1466 260 [quat
1480 224 1514 252 de
1527 232 1557 253 se
1570 225 1730 260 prophetica
1753 226 1793 252 la-

151 269 275 305 πληρῶν
287 268 318 295 δὲ
337 267 385 294 καὶ
398 267 416 294 ἃ
427 267 492 302 περὶ
507 267 591 294 αὐτοῦ
613 268 837 304 θεοφορουμένων
854 270 954 306 ὑπήχει

151 314 276 349 χείλεσι,
289 312 340 349 τὴν
353 312 403 339 ἐπὶ
418 313 512 339 πᾶσαν
526 312 616 348 σάρκα
633 313 766 349 διάχυσιν.
781 314 840 342 Νῦν
855 315 954 351 ἀμερί-

151 370 233 392 στως
246 361 274 387 ὲν
287 361 345 392 τοῖς
355 359 491 395 μαθηταῖς
506 360 695 395 μεριζόμενον,
711 362 740 387 τὸ
751 362 851 389 οἰκεῖον
864 363 954 397 ὲμῳα-

151 406 230 437 νίζει
244 405 365 440 ἀξίωμα,
386 404 449 439 οὐχὶ
463 405 609 439 συνεργοῦν
627 406 721 441 ὥσπερ
738 408 880 443 πρότερον,
896 408 954 435 ἀλλ’

151 453 227 480 αὐτὸ
241 452 427 488 ἐργαζόμενον
453 452 487 478 τὰ
513 451 663 485 θαυμάσια,
686 454 733 480 καὶ
756 455 788 488 τῇ
809 455 951 490 συγγενείᾳ

151 498 214 524 τῶν
229 498 320 532 ἔργων
331 498 382 532 τῆς
396 496 506 532 φύσεως
520 497 699 531 πιστούμενον
713 498 762 532 τὴν
777 499 947 532 συγγένειαν·

153 543 259 579 πρώην
278 544 311 569 ὲκ
327 543 440 577 χειλέων
468 543 657 577 ἀγραμμάτων
672 542 718 568 τοῦ
733 543 892 570 διδασκάλου
909 553 951 570 σο-

154 590 224 624 φίας
235 589 352 624 ἠκούετο
372 589 493 624 ῥήματα,
518 588 581 623 ἄρτι
606 588 731 623 γλώσσης
751 589 805 615 τῶν
823 590 951 624 μαοητῶν

155 636 284 671 ἀμαθοῦς
300 635 439 670 γνωστικὴ
451 635 585 670 διηχεῖται
599 635 798 670 φθογγή.,Ἴσον
815 636 846 662 τὸ
862 636 951 663 θεῖκῦν

158 680 280 715 ἀξίωμα,
294 681 340 707 διὰ
354 681 433 708 τοῦτο
447 680 532 707 πάλαι
547 680 594 706 καὶ
609 681 657 707 νῦν
673 681 752 715 ὅμοια
762 681 796 708 τὰ
807 682 948 716 γινόμενα.

159 726 258 761 ῘΙρώην
285 726 325 761 τῷ
350 725 557 757 σννδεσπόζοντι
574 726 654 762 Λόγῳ
677 727 726 761 τὴν
742 727 889 762 θεραπείαν
903 727 950 754 soli

164 772 321 807 πλάσματος
349 772 543 807 συνεργάζετο,
574 773 621 799 νῦν
642 774 698 804 τοῖς
712 773 862 808 ὑπηρέταις
877 774 952 809 ἐνδη-

169 817 231 851 μοῦν
240 819 345 851 ἐνεργεῖ
360 818 395 844 τὰ
410 818 560 853 μυστήρια.
573 818 705 853 Τιμάσοω
724 819 870 855 τοιγαροῦν
886 819 953 855 ὁμο-

170 863 247 897 τιμως
261 864 292 891 τὸ
307 865 364 891 ἴσον
385 865 418 899 τῇ
435 864 572 899 ἐνεργείᾳ.
593 865 639 891 καὶ
660 865 704 891 διὰ
731 865 810 892 τοῦτο
822 863 887 900 ⁴ἴσον
907 866 954 892 καὶ

163 908 192 942 τῇ
208 908 289 944 οὐσίᾳ
312 909 448 942 πανάγιον
476 909 589 944 Πνεῦμα
608 909 661 936 ὑπὸ
686 910 740 936 τῶν
770 910 952 945 εὐγνωμονεῖν

159 953 280 986 εἰδότων,
293 954 342 981 καὶ
354 955 520 989 δεσποτικῆς
533 956 742 991 μεγαλειότητος
761 957 951 990 φυλαττόντων
965 975 989 1005 Β

157 1000 321 1035 ἀνύϐριστον
337 1001 367 1028 τὸ
392 1001 511 1036 ἀξίωμα.

191 1047 355 1079 Δοξαζέσθω
377 1047 475 1079 ϐεῖκῶς
505 1046 557 1073 ὑπὸ
574 1046 629 1073 τῶν
656 1047 775 1074 συνιέναι
790 1048 950 1083 ἠξιωμένων

158 1094 210 1127 τῆς
225 1092 308 1127 δόξης
323 1092 406 1119 αὐτοῦ
418 1092 464 1128 τὴν
483 1092 611 1127 Θεότητα.
631 1093 756 1125 Ἰουδαῖος
778 1094 826 1128 μὲν
844 1095 896 1129 γὰρ
912 1095 949 1129 τῷ

161 1137 329 1172 ’τοῦξφθόνου
358 1138 430 1173 ζόφῳ
446 1139 701 1174 περιλυγαζόμενος,
720 1140 766 1165 καὶ
786 1140 859 1171 ὅστις
878 1140 950 1175 ἄλλῳ

165 1183 259 1218 σκότῳ
275 1183 399 1215 ἀπιστίας
414 1184 441 1210 τὸ
451 1184 558 1218 βλέπειν
567 1185 720 1219 ἀφῄρηται,
733 1186 794 1211 ἀντὶ
813 1186 860 1212 τοῦ
875 1186 949 1212 Osti-

165 1229 224 1260 ζειν
237 1227 359 1262 διασύρει
374 1228 407 1255 τὰ
417 1229 567 1264 τελούμενα
580 1238 585 1245 ι
601 1231 647 1255 καὶ
660 1230 888 1264 κατειρωνεύεται
903 1230 948 1257 τοῦ

161 1273 326 1308 μυστηρίου,
341 1273 371 1300 οὐ
392 1274 493 1306 συνιεὶς
510 1274 539 1306 ἐξ
557 1275 687 1306 ἀπονοίας
710 1275 898 1310 ἁθεραπεύτου
920 1277 949 1302 τὸ

158 1318 313 1354 παράδοξον
327 1319 380 1345 τῶν
388 1319 557 1354 τελουμένων
567 1329 574 1335 ·
586 1321 647 1347 οὐδὲ
663 1321 692 1347 τὸ
708 1321 815 1352 ἀναιδὲς
826 1322 949 1356 ἐμφράτ-

156 1374 212 1390 των
230 1364 328 1399 στόμα,
342 1364 376 1391 δι’
394 1362 431 1392 ὧν
462 1366 561 1400 ἄνδρας
579 1366 630 1401 ὁρᾷ
651 1367 713 1402 μηδ’
728 1367 796 1401 αὐτῇ
817 1367 948 1402 πρότερον

155 1411 265 1442 εἰδότας
280 1413 313 1446 τῇ
329 1412 420 1447 οἰκεία
433 1412 542 1448 γλώσσῃ
568 1413 696 1448 χρῆσθαι,
712 1413 808 1447 ἁθρόον
822 1415 850 1440 ὲν
861 1414 947 1450 ταύτῃ

156 1456 186 1482 τδ
213 1457 349 1492 πρωτεῖον
374 1457 550 1492 κατέχοντας,
583 1459 630 1484 καὶ
652 1460 712 1490 ταῖς
736 1459 889 1493 ἀλλοτρίαις
910 1460 947 1491 ὡς

160 1503 236 1530 ἐθάσι
260 1503 480 1538 διαλεγομένους.
516 1504 586 1530 Ἀλλ’
612 1505 672 1531 ἀντὶ
697 1505 744 1531 τοῦ
763 1506 830 1540 πρὸς
857 1506 947 1532 πίστιν

160 1550 313 1584 ὁδηγεῖσθαι
344 1549 384 1585 τῷ
410 1550 539 1585 θαύματι,
565 1551 634 1586 πρὸς
653 1551 751 1586 χλεύην
773 1552 946 1578 ἀνασοϐεῖται

157 1595 212 1622 τῶν
224 1592 263 1627 οἷς
276 1595 406 1630 ἐμπνέων
418 1596 526 1631 ἐνεργεῖ
537 1596 571 1623 τὰ
589 1598 738 1632 παράδοξα.

1005 271 1050 300 hia
1066 271 1104 307 (5)
1119 274 1315 304 resonuerunt,
1330 278 1427 306 nempe
1440 271 1554 305 spiritus
1567 271 1728 299 cti‘usionem
1745 279 1794 299 su-

1005 325 1055 353 per
1070 323 1179 346 omnem
1193 324 1305 344 carnem
1321 316 1484 353 adimplens.
1498 316 1577 344 Nunc
1591 324 1657 344 vero
1673 317 1794 352 dignita-

1005 369 1060 392 tem
1075 364 1166 399 prodit
1183 371 1273 395 suam.
1287 363 1404 391 indivise
1418 363 1492 390 inter
1507 362 1659 398 discipulos
1674 363 1793 397 divisus,

1005 416 1057 437 nec
1072 409 1126 443 jam
1141 416 1294 444 cooperans
1310 413 1341 436 ut
1357 408 1446 443 prius,
1462 407 1510 436 sed
1537 408 1595 443 ipse
1620 408 1794 436 admirabilia

1005 462 1150 491 peragens,
1163 459 1190 482 et
1205 462 1297 482 rerum
1307 458 1431 482 actarum
1446 453 1628 482 similitudine
1639 454 1794 482 similitudi-

1005 508 1067 528 nem
1091 500 1274 536 comprobans
1296 504 1412 528 natura.
1428 499 1520 535 Nuper
1533 507 1566 528 ex
1581 500 1712 534 magistro
1726 500 1792 527 illit-

1005 550 1093 575 terato
1103 547 1141 583 (6)
1157 547 1240 575 verba
1251 547 1394 583 sapientia:
1408 546 1601 579 audiebantur,
1614 554 1688 574 nunc
1702 554 1736 574 ex
1752 547 1794 573 in-

1004 593 1086 622 docta
1098 593 1294 630 discipulorum
1309 594 1401 629 lingua
1416 593 1497 621 docta
1517 597 1628 620 resonat
1645 600 1708 620 vox.
1723 593 1791 620 Cum

1004 641 1078 669 enim
1099 640 1195 668 eadem
1215 640 1252 668 sit
1274 647 1382 675 semper
1406 639 1498 667 divina
1512 640 1611 671 virtus,
1626 645 1792 673 quocunque

1002 692 1127 722 tempore
1139 687 1241 715 similia
1256 686 1471 722 praastat.Antea
1482 692 1538 713 una
1550 692 1614 712 cum
1625 685 1791 714 condomino

1003 732 1094 761 Verbo
1115 737 1304 760 creaturarum
1325 732 1406 761 saluti
1421 739 1532 768 operam
1545 731 1640 764 dabat,
1657 731 1741 758 modo
1757 731 1790 758 ad

1002 786 1098 807 servos
1112 778 1227 807 veniens
1240 779 1299 814 ipse
1311 778 1441 814 mysteria
1454 777 1575 805 coniicit.
1587 776 1676 812 Eque
1685 775 1792 803 colatur

1001 825 1097 861 igitur,
1112 826 1159 861 qui
1177 826 1291 861 mqualis
1306 829 1348 853 est
1361 825 1462 852 virtute
1479 832 1512 852 ac
1524 823 1692 856 substantia,
1707 822 1742 850 ab
1757 822 1791 850 iis

1001 872 1141 904 omnibus.
1160 871 1261 907 quibus
1277 875 1352 899 recte
1364 871 1477 904 sentire,
1493 870 1655 905 divinosque
1671 868 1791 897 honores

1000 922 1074 946 recte
1091 924 1221 953 peragere
1236 917 1314 945 cordi
1328 921 1382 945 est.

1037 1049 1136 1079 Divino
1151 1057 1213 1078 cum
1227 1049 1303 1077 cultu
1319 1053 1530 1085 prosequantur,
1546 1050 1592 1085 qui
1607 1049 1669 1084 ejus
1689 1050 1791 1077 divini-

1002 1101 1084 1125 tatem
1093 1104 1260 1132 cognoscere
1269 1100 1439 1124 meruerunt.
1448 1095 1560 1124 Judaeus
1570 1096 1681 1131 quidem
1696 1097 1731 1124 ab
1745 1096 1788 1124 in-

1001 1142 1080 1170 vidiae
1093 1141 1211 1178 caligine
1224 1142 1352 1172 obrutus.
1362 1145 1390 1169 et
1400 1141 1560 1176 quicunque
1573 1142 1646 1169 alius
1658 1142 1788 1169 incredu-

1000 1189 1086 1217 litatis
1101 1187 1221 1216 tenebris
1236 1192 1399 1220 excacatur,
1415 1187 1523 1215 colendi
1538 1188 1610 1221 loco,
1623 1188 1742 1216 oblatrat
1757 1189 1790 1215 iis

999 1243 1061 1271 qua:
1072 1234 1151 1267 ﬁunt,
1170 1238 1199 1262 et
1209 1234 1369 1270 mysterium
1384 1233 1491 1266 irridet,
1504 1234 1541 1261 ob
1554 1234 1701 1261 amentiam
1716 1234 1789 1262 insa-

1000 1281 1118 1310 nabilem
1133 1281 1269 1309 mirabilia
1286 1287 1339 1307 non
1352 1279 1520 1315 intelligens,
1535 1287 1596 1315 quae
1611 1284 1788 1314 praestantur.

999 1335 1050 1355 nec
1060 1334 1091 1356 os
1104 1326 1248 1362 impudens
1260 1326 1411 1359 cohibens;
1423 1325 1532 1353 etiamsi
1549 1325 1675 1353 homines
1687 1327 1788 1357 videat.

1000 1381 1087 1409 nuper
1099 1373 1144 1400 vix
1159 1372 1271 1408 proprio
1284 1379 1411 1400 sermone
1424 1371 1547 1399 valentes
1570 1371 1664 1406 loqui,
1678 1378 1790 1407 repente

999 1426 1054 1446 non
1081 1417 1109 1445 in
1133 1424 1166 1445 eo
1188 1420 1295 1444 tantum
1319 1417 1407 1451 prima
1424 1416 1555 1448 ferentes,
1570 1417 1618 1445 sed
1642 1417 1669 1444 in
1691 1417 1790 1445 alienis

997 1465 1091 1497 etiam,
1105 1463 1284 1499 tanquamdiu
1301 1462 1473 1495 assueverin,
1486 1463 1658 1497 disputantes
1672 1471 1679 1490 :
1691 1470 1742 1490 nec
1754 1464 1788 1489 ad

998 1510 1077 1538 ﬁdem
1091 1517 1106 1536 a
1121 1508 1254 1537 miraculo
1268 1508 1425 1544 impellitur,
1440 1508 1488 1536 sed
1512 1509 1602 1543 potius
1626 1508 1661 1536 ad
1676 1515 1724 1536 eos
1748 1508 1789 1536 ri-

997 1555 1114 1588 dendas,
1130 1556 1157 1583 in
1173 1555 1275 1591 quibus
1294 1554 1465 1583 incredibilia
1481 1554 1699 1590 conspiciuntur,

190 1641 223 1667 Τί
235 1640 339 1683 λέγεις,
350 1639 372 1668 ὦ
386 1643 419 1677 τῇ
439 1643 522 1678 μανίᾳ
537 1643 654 1677 μεθύων,
667 1644 710 1678 ὑφ’
722 1642 755 1679 ἧς
769 1644 841 1677 ἅπαξ
851 1645 864 1671 ὁ
875 1645 945 1679 λογι-

1033 1643 1102 1677 Quid
1130 1642 1264 1678 loqueris,
1286 1642 1380 1673 miser,
1400 1648 1433 1669 eo
1457 1640 1551 1670 furore
1574 1641 1708 1676 percitus,
1733 1649 1788 1677 quo

159 1686 227 1720 σμὸς
245 1687 445 1723 σχοτοδινήσας,
458 1688 488 1714 οὐ
504 1688 616 1715 δύναται
641 1690 759 1723 γεγονὼς
787 1691 883 1717 ἑαυτοῦ
901 1691 946 1717 ἁν-

159 1731 272 1767 ανῆψαι,
298 1734 356 1760 ἀλλ’
380 1733 427 1760 ἐπὶ
458 1735 625 1770 προλαϐοῦσι
651 1736 820 1771 πταίσμασιν
836 1737 946 1763 ἐπισυν-

156 1777 238 1804 άπτει
253 1778 373 1814 νεώτερα
386 1779 559 1814 πταίσματα;
589 1781 705 1812 Γλεῦκος
720 1781 790 1808 οὕτω
801 1782 834 1808 τὰ
852 1783 945 1818 ἀμαθῆ

154 1823 320 1858 δπτρὰνωσε
340 1825 472 1860 στόματα,
491 1826 539 1852 καὶ
555 1827 677 1861 ποταμὸν
694 1828 790 1861 σοφίας
808 1828 877 1864 μέθῃ
894 1838 947 1863 πη-

154 1869 287 1903 γάζουσις
313 1870 345 1896 Ὢ
368 1870 417 1904 τῆς
434 1871 581 1903 δυσσεϐοῦς
601 1872 807 1907 ἀναισχυντίας,
836 1874 946 1900 Ἰουδαῖε

152 1915 271 1950 ἀνόητε·
300 1916 394 1950 ἐπειδὴ
419 1918 475 1948 τοῖς
494 1917 577 1944 πάλαι
599 1918 771 1953 προσομιλῶν
799 1919 944 1953 θεολόγοις,

158 1961 195 1996 μὴ
209 1959 267 1993 οἶός
295 1970 325 1988 τε
350 1963 466 1996 γέγονας
493 1963 596 1990 ἐκεῖθεν
620 1965 858 1999 χειραγωγηοῆναι
879 1966 946 2000 πρὸς

160 2006 325 2042 κατανόησιν
335 2007 390 2034 τῶν
410 2008 530 2042 σήμερον
547 2009 707 2044 γινομένων,
723 2010 812 2045 φθόνῳ
828 2011 944 2036 ἀποστε-

156 2051 290 2087 ρούμενος
306 2053 378 2079 ἑκὼν
388 2053 437 2088 τῆς
464 2054 660 2089 χειραγωγίας,
675 2056 793 2090 πρόσχες
814 2057 870 2087 τοῖς
885 2057 946 2091 ἄρτι

154 2097 315 2131 θεολοτοῦσι
331 2099 451 2133 χείλεσιν
466 2101 669 2136 ἀγραμμάτοις,
686 2101 735 2128 καὶ
750 2102 868 2137 μάνθανε
880 2103 945 2138 παρ’

153 2143 259 2174 αὐτῶν.
274 2145 316 2171 ὅτι
337 2145 375 2180 μὴ
388 2146 511 2180 γλεῦκος,
526 2147 563 2179 ὡς
580 2148 612 2174 σὺ
626 2148 731 2183 ληρεῖς,
745 2148 802 2175 ἀλλ’
812 2150 828 2183 ἡ
842 2148 946 2175 ἄνωθεν

152 2190 287 2217 ἐπίπνοια
301 2191 332 2217 τὸ
345 2191 456 2219 εὑλαλον
467 2193 666 2229 ἀπειργάσατο.
685 2193 819 2221 Παιδεύου
838 2193 885 2221 νῦν
900 2194 946 2220 καὶ

153 2235 231 2262 ἄκων
246 2234 266 2261 ἃ.
282 2236 402 2270 μελετῶν
411 2237 460 2263 οὐκ
473 2238 600 2265 αἰσθάνου
623 2238 744 2273 ῥήματα,
760 2239 809 2273 τὴν
826 2239 946 2273 σήμερον

153 2279 204 2307 τοῦ
218 2279 293 2306 Θείου
307 2281 464 2316 Πνεῦματος
475 2282 586 2318 ἔκχυσιν
602 2283 685 2309 πάλαι
702 2284 944 2318 προμεμηνυκότα,

154 2326 202 2353 τοῦ
215 2327 315 2359 ἁλιέως
330 2337 371 2354 σοι
388 2327 437 2363 τὴν
451 2329 597 2364 ἑρμηνείαν
623 2330 815 2364 ἐξηγουμένου.
842 2331 877 2356 Σὺ
896 2330 945 2365 μὲν

155 2370 202 2400 οὖν
219 2374 302 2408 τυχδν
324 2373 415 2405 καθὼς
431 2375 461 2400 τὸ
481 2375 615 2410 πρότερον
640 2376 808 2410 ἐκακούργου
826 2376 946 2410 τυφλώτ-

154 2428 210 2446 των
224 2420 334 2456 γνώμῃ,
349 2419 421 2447 οὕτω
430 2420 461 2454 δὴ
473 2421 520 2447 καὶ
532 2421 579 2447 νῦν
596 2422 665 2455 βύων
679 2422 713 2448 τὰ
726 2419 794 2454 ὦτα,
811 2422 842 2448 οὐ
857 2422 946 2457 βούλει

152 2464 211 2490 τῶν
230 2464 388 2500 λεγομένων
409 2466 526 2497 ἐπαΐειν,
555 2467 617 2493 οὐδὲ
646 2467 714 2502 πρὸς
732 2468 781 2502 τὴν
798 2468 847 2502 σὴν
865 2468 945 2494 σπέν-

151 2508 248 2535 δεσθαι
262 2509 401 2544 σωτηρίαν
413 2517 420 2525 ·
435 2510 492 2537 ἀλλ’
511 2511 541 2537 ὃν
559 2512 606 2538 ἐπὶ
620 2512 659 2547 τῷ
674 2512 714 2547 σῷ
727 2512 803 2547 κακῷ
828 2513 945 2547 πόλεμον

150 2554 224 2589 ῇρω,
239 2554 335 2583 τοῦτον
347 2556 396 2583 καὶ
414 2556 456 2584 ἔτι
467 2558 703 2593 παρακροτήσεις,
719 2558 767 2586 καὶ
779 2558 943 2594 πολεμήσεις

187 2633 200 2650 ⁸
220 2632 284 2662 Act.
297 2641 329 2668 II,
347 2634 391 2662 13.
429 2635 441 2651 ⁸
459 2635 527 2663 ibid.
545 2636 589 2663 l7.

997 1697 1061 1717 cum
1076 1689 1159 1717 semel
1181 1688 1359 1716 ohtenebrata
1379 1694 1456 1715 meus
1477 1692 1537 1721 est,
1551 1687 1661 1716 restitui
1676 1687 1721 1715 vix
1737 1696 1788 1723 po-

998 1739 1061 1768 test,
1080 1734 1129 1763 sed
1150 1734 1292 1763 erroribus
1309 1741 1396 1761 novos
1418 1733 1445 1761 in
1460 1733 1520 1761 dies
1534 1733 1695 1769 superaddit
1709 1741 1788 1762 erro-

996 1781 1058 1810 res?
1073 1781 1112 1808 lta
1126 1789 1159 1808 ne
1169 1788 1220 1808 ora
1235 1779 1345 1808 indocta
1358 1780 1453 1807 vinum
1470 1779 1590 1812 edocuit,
1605 1784 1633 1808 et
1647 1780 1788 1815 sapientia:

997 1826 1108 1854 ﬂumina
1120 1824 1263 1862 profundit
1278 1825 1435 1853 ebrietas'l
1450 1833 1533 1861 quam
1549 1825 1665 1854 scelesta
1680 1830 1723 1854 est
1736 1826 1788 1854 im-

998 1872 1147 1908 prudentia
1169 1875 1226 1902 tua,
1244 1870 1318 1898 fatue
1340 1870 1451 1898 Judzcel
1465 1876 1644 1907 posteaquam
1662 1872 1698 1899 ab
1717 1872 1787 1899 anti-

997 1918 1059 1953 quis
1081 1918 1216 1952 theologis
1239 1917 1447 1952 intelligentiam
1463 1917 1587 1945 hodierni
1605 1917 1669 1945 facti
1686 1918 1786 1945 invidia

996 1964 1152 1991 ohcazcante
1159 1963 1269 1990 haurire
1278 1970 1331 1990 non
1341 1962 1461 1993 valuisti.
1470 1963 1605 1998 theologis
1613 1963 1787 1998 hisquamvis

997 2008 1144 2037 illitteratis
1160 2013 1186 2035 te
1195 2011 1328 2035 attentum
1337 2007 1471 2042 pnebe,et
1479 2008 1514 2035 ab
1524 2008 1579 2036 illis
1589 2008 1676 2040 disce,
1690 2008 1772 2036 facun

996 2055 1069 2082 diam
1079 2053 1149 2081 hanc
1160 2061 1213 2081 non
1224 2060 1239 2080 a
1253 2054 1327 2086 vino,
1340 2058 1370 2081 ut
1381 2053 1493 2088 deliras,
1505 2053 1553 2082 sed
1565 2054 1598 2081 ab
1607 2054 1786 2089 inspiratione.

996 2099 1101 2128 caelesti
1108 2099 1254 2127 excitatam
1263 2106 1335 2127 esse.
1344 2099 1464 2134 lntcllige
1471 2107 1545 2127 nunc
1551 2099 1593 2127 vel
1602 2087 1714 2132 invitus,
1726 2087 1786 2135 (fuas.

996 2146 1132 2174 meditans
1161 2144 1273 2172 minime
1301 2144 1473 2180 intelligebas
1498 2145 1594 2178 verba,
1622 2145 1784 2173 hodiernam

996 2192 1101 2220 scilicet
1114 2191 1199 2219 divini
1218 2190 1339 2225 Spiritus
1356 2190 1518 2219 eﬂusionem
1536 2191 1600 2220 olim
1615 2192 1785 2226 pranuntia-

996 2241 1063 2270 tam,
1076 2237 1211 2273 piscatore
1226 2237 1276 2264 tibi
1290 2237 1543 2272 interpretationem
1557 2237 1706 2265 cxbibente
1713 2237 1733 2264 ⁵.
1745 2236 1785 2264 Tu

996 2290 1062 2319 ergo
1086 2284 1159 2311 sicut
1186 2287 1265 2311 antea
1296 2288 1387 2310 mente
1409 2283 1564 2310 obcascatns
1576 2282 1785 2315 aberrabas,itu

997 2337 1070 2357 nunc
1083 2337 1166 2357 aures
1177 2329 1337 2361 obstruens,
1351 2337 1412 2363 quae
1423 2328 1561 2361 dicuntur,
1575 2328 1667 2356 renuis
1678 2328 1785 2359 audirc,

994 2379 1103 2411 tuaeque
1116 2375 1197 2403 saluti
1213 2374 1366 2403 consulere.
1377 2374 1448 2407 Quin
1466 2374 1578 2405 bellum,
1590 2374 1663 2409 quod
1678 2374 1705 2400 in
1722 2381 1783 2408 pcr-

993 2422 1093 2449 niciem
1108 2425 1182 2448 tuam
1196 2420 1354 2456 suscepisti,
1372 2428 1453 2455 urges
1475 2420 1559 2447 etiam
1581 2424 1664 2454 atque
1686 2420 1782 2450 etiam.

994 2472 1022 2495 et
1047 2467 1122 2496 sicut
1146 2467 1280 2495 adversus
1296 2466 1392 2495 Jesum
1407 2466 1492 2493 Deum
1508 2474 1611 2499 meum,
1628 2467 1665 2494 ita
1686 2471 1715 2495 et
1734 2466 1784 2494 ad-

994 2520 1093 2540 versus
1105 2513 1229 2547 ejusdem
1244 2516 1349 2539 natura:
1366 2511 1499 2547 Spiritum
1514 2519 1582 2539 voce
1595 2520 1740 2548 personas.
1751 2512 1783 2539 l'lt

996 2566 1058 2586 cum
1087 2559 1150 2594 ipsi,
1164 2559 1198 2587 ad
1222 2558 1364 2587 hominum
1387 2558 1504 2586 salutem
1521 2558 1715 2593 perﬁciendam
1737 2558 1785 2585 de-

918 2694 1034 2732 Now.

188 2746 238 2787 (ι).
253 2746 462 2787 Promisiionem
479 2750 562 2777 illius.
575 2749 659 2787 loan.
674 2759 731 2783 xw,
749 2752 794 2779 16.
818 2753 873 2779 Καὶ
888 2753 943 2787 ἐγὼ

149 2780 287 2851 ἑεὲἷήσω
300 2784 346 2810 τὸν
360 2784 482 2820 Πατέρα,
505 2787 552 2812 καὶ
571 2785 650 2813 ἄλλον
670 2780 848 2823 Παράκλητον
862 2780 943 2815 δώσει

252 2853 410 2887 Prop/leuca
428 2854 512 2882 labia.
530 2855 587 2882 Jocl
604 2865 638 2889 ll,
660 2857 707 2884 28.
723 2857 867 2892 Effundam
882 2858 944 2891 Spi-

151 2892 236 2915 ritum
256 2897 339 2917 meant
356 2897 434 2917 autver
450 2899 551 2918 omnem
568 2900 689 2925 carnem,
714 2898 738 2920 et
753 2894 944 2926 m-ophelcbunt

997 2754 1049 2789 ﬁlii
1063 2754 1153 2789 vestri,
1167 2757 1191 2780 et
1206 2751 1386 2789 [iligseuraa

1033 2789 1071 2823 (6)
1091 2785 1222 2822 Magistro
1246 2787 1393 2814 illitterata.
1419 2785 1563 2823 Joanavu,
1577 2785 1622 2813 15.
1648 2785 1682 2813 Et
1696 2785 1780 2812 mira-

997 2821 1093 2851 bantur
1102 2821 1190 2850 Judwi
1205 2823 1329 2857 dicentes,
1341 2822 1471 2857 quomodo
1479 2821 1522 2849 hic
1538 2821 1641 2849 litteras
1652 2823 1713 2855 scit,
1722 2829 1782 2849 cum

997 2868 1048 2887 non
1062 2858 1209 2887 didicerit?
