4072 6454
490 306 596 369 139

1698 309 1975 370 LEONIS
2002 309 2465 371 PHILOSOPHI

3650 304 3759 370 140

426 404 452 446 ’⁸
488 422 800 490 scendenti,
835 440 1030 481 manus
1077 424 1302 495 injicere
1349 440 1458 479 non
1493 424 1657 479 liceat
1683 424 1891 493 (semel
1917 423 2067 479 enim

2172 423 2368 493 ὥσπερ
2396 420 2474 493 τῷ
2539 420 2716 492 Ἰησοῦ
2767 422 2864 476 καὶ
2916 421 3036 492 Θεῷ
3088 437 3212 491 μου,
3261 420 3496 492 οὖτωδὴ
3531 420 3628 476 καὶ
3675 421 3760 493 τῷ

487 517 731 587 oportuit
780 533 881 587 pro
927 525 1182 572 creatura
1233 516 1405 573 Deum
1437 518 1491 571 in
1531 530 1699 571 carne
1733 515 1871 585 pati,
1900 530 2066 585 quam

488 609 751 680 injurlam
787 608 1112 680 Unigenitus
1148 606 1442 679 pertulit“)
1495 616 1689 663 contra
1741 606 2068 677 discipulos,

485 702 690 772 quibus
717 717 777 756 se
808 701 1063 771 inspirat,
1100 714 1252 757 arma
1287 715 1494 760 sumes.
1526 709 1581 754 et
1606 713 1775 754 acues
1805 699 2068 752 malitiam

486 801 685 848 tuam:
728 794 893 864 idque
945 794 1165 850 tandem
1218 793 1531 864 praestabis,
1574 802 1634 846 ut
1683 808 1807 847 cum
1856 807 2068 855 eorum,

489 890 603 936 tum
654 882 873 939 deicidii
910 885 1025 949 tui,
1053 893 1109 938 et
1151 883 1524 938 calamitatum
1582 881 1710 937 inde
1754 889 2071 936 exortarum

486 975 631 1028 fama
664 990 762 1044 per
799 972 1122 1031 universum
1157 976 1344 1030 orbem
1382 975 1682 1030 discurrat.

2183 516 2421 585 συμφυεῖ
2446 515 2614 569 αὐτοῦ
2648 515 2953 586 Πνεύματι.
2990 516 3103 570 Καὶ
3141 514 3267 568 ἐπεὶ
3296 515 3370 585 μὴ
3393 514 3514 568 κατ’
3542 514 3758 568 ἐκείνου

2179 612 2367 680 χεῖρας
2401 608 2682 662 ἐπιϐαλεῖν
2708 606 2819 671 οἷός
2847 626 2905 662 τε
2940 604 3011 671 εἷ,
3044 607 3142 679 τὴν
3170 607 3279 661 τῶν
3314 606 3619 677 ἀνθρώπων
3647 625 3762 662 σω-

2176 700 2376 770 τηρίαν
2421 701 2800 763 καταπτάντος
2877 700 3217 771 ἐργάσασθαι
3273 698 3446 770 (ἅπαξ
3496 698 3606 769 γὰρ
3649 698 3762 751 ἔδει

2180 790 2374 843 παθεῖν
2401 792 2458 843 ἐν
2486 791 2653 859 σαρκὶ
2697 790 2833 843 Θεὸν
2880 792 3021 861 ὑπὲρ
3047 790 3147 861 τῆς
3177 788 3271 843 τοῦ
3301 790 3622 859 πλάσματος
3651 806 3762 843 σω-

2162 884 2398 951 τηρίας,
2425 885 2522 936 καὶ
2548 883 2649 952 τὴν
2687 883 2977 954 παροινίαν
3026 884 3332 955 ὑπήνεγκεν
3367 886 3396 936 ὁ
3422 882 3764 953 Μονογενὴς)

2182 974 2327 1028 κατὰ
2357 974 2466 1027 τῶν
2494 969 2576 1037 οἷς
2596 975 3097 1047 ὲπιπνεῖὶμαθητῶν
3122 974 3497 1045 όπλιζόμενος,
3529 974 3629 1044 τὴν
3658 975 3765 1044 σὴν

485 1067 682 1135 δείξεις
706 1070 1050 1141 ὴκονημένην
1072 1070 1360 1141 πονηρίαν.
1404 1068 1649 1132 Ἀνύσεις
1697 1068 1755 1121 δὲ
1784 1068 2058 1133 τοσοῦτον,
2097 1068 2222 1121 ὅσον
2278 1069 2373 1122 σοῦ
2407 1070 2504 1139 μὲν
2561 1068 2660 1137 τὴν
2703 1068 3023 1138 θεομαχίαν,
3069 1068 3162 1122 καὶ
3187 1070 3284 1132 τὰς
3309 1069 3375 1122 ἐκ
3431 1067 3640 1137 ταύτης
3691 1081 3767 1119 σα

486 1161 962 1232 περιστησομένας
1013 1161 1320 1232 συμφορὰς,
1373 1159 1484 1213 τῶν
1516 1160 1574 1213 δὲ
1610 1161 1690 1223 εἰς
1742 1162 1924 1213 πᾶσαν
1972 1162 2071 1231 τὴν
2106 1161 2208 1232 γῆν
2242 1161 2571 1226 ἐξάκουστον
2598 1162 2857 1231 γενέσθαι
2883 1164 2974 1216 τὸν
3002 1164 3265 1233 φθόγγον.

555 1254 601 1309 0
635 1256 860 1325 perﬁdia
895 1255 1240 1319 insanabilis,
1285 1256 1358 1311 ob
1408 1270 1572 1326 quam
1634 1264 1819 1310 tamen
1871 1255 1937 1309 ad
1995 1270 2074 1309 sa-

2264 1258 2329 1311 Ὢ
2360 1258 2459 1329 τῆς
2520 1258 2621 1328 σῆς
2675 1258 3053 1328 ἀθεραπεύτου
3096 1257 3315 1321 κακίας,
3351 1255 3532 1318 καλῶς
3564 1252 3770 1315 αυτούς

485 1347 702 1402 nandas
751 1355 942 1417 gentes
992 1348 1071 1401 illi
1118 1356 1427 1417 Opportune
1480 1349 1847 1419 sparguntur!
1890 1358 2074 1418 gentes

2184 1351 2278 1404 ἐπὶ
2294 1349 2393 1421 τὴν
2424 1349 2534 1404 τῶν
2556 1350 2725 1403 ὲθνῶν
2742 1350 3087 1419 συνάθροισιν
3114 1347 3537 1421 διασπειρούσης
3553 1361 3568 1375 ⁸
3590 1346 3629 1401 ἆ
3653 1346 3771 1399 τῶν

486 1440 704 1495 scilicet
729 1453 1039 1495 sermonem
1065 1453 1256 1494 eorum
1291 1440 1617 1509 sapientiam
1649 1440 1991 1509 intelligent,
2025 1450 2074 1496 et

2184 1442 2609 1511 σωφρονούντων
2638 1440 2856 1510 ἀληθῶς
2879 1442 3164 1512 στομάτων
3189 1442 3395 1495 είσεται
3414 1440 3514 1510 τὴν
3546 1438 3771 1506 σοφίαν,

488 1532 687 1587 dulces
714 1529 840 1586 ﬁdei
868 1529 1066 1586 latices
1105 1530 1233 1585 inde
1267 1531 1491 1585 ebibent
1512 1569 1528 1593 ,
1560 1530 1902 1587 inﬁdelitatis
1926 1545 2074 1584 amao

2179 1534 2275 1586 καὶ
2329 1532 2391 1585 τὸ
2452 1533 2661 1585 ἐκεῖθεν
2704 1532 2801 1603 ἡδὺ
2849 1535 2949 1603 τῆς
2991 1532 3226 1594 πίστεως
3262 1530 3448 1583 πίεται
3502 1531 3673 1599 νᾶμα,
3705 1530 3769 1581 τδ

489 1622 787 1679 ritudinem
819 1622 1174 1693 depellentes.
1199 1623 1282 1677 Ab
1310 1623 1420 1677 illis
1452 1622 1597 1678 Deus
1622 1631 1677 1676 et
1708 1622 1873 1678 Pater
1903 1624 2074 1679 hono-

2179 1623 2379 1694 πικρὺν
2418 1625 2518 1695 τῆς
2548 1624 2805 1694 ἁλμυρᾶς
2832 1623 3093 1688 ἀπιστίας
3147 1622 3597 1691 ἀποκλυσάμενα.
3640 1621 3770 1690 Ὑφ’

488 1715 599 1769 rari
632 1714 892 1787 gaudebit
945 1723 1003 1770 et
1041 1714 1171 1779 coli,
1202 1714 1332 1785 quia
1364 1712 1564 1768 Filium
1597 1729 1758 1769 suum
1791 1714 2074 1780 dilectum,

2175 1710 2251 1768 ὧν
2284 1716 2312 1767 ὁ
2337 1713 2470 1777 Θεὸς
2496 1714 2595 1767 καὶ
2624 1714 2819 1784 Πατὴρ
2877 1715 2936 1767 ὲν
2965 1713 3045 1782 τῷ
3070 1711 3337 1784 τιμᾶσθαι
3371 1715 3468 1783 μὲν
3496 1713 3589 1766 τὸν
3622 1713 3766 1780 ἁγα-

488 1815 545 1861 et
572 1806 839 1876 Spiritum
873 1821 1034 1863 suum
1063 1807 1266 1862 bonum
1302 1821 1411 1861 una
1440 1806 1709 1870 recolent,
1733 1806 2074 1877 gloriamque

2177 1808 2348 1878 πητὸν
2374 1806 2539 1861 αὐτοῦ
2567 1792 2715 1871 Υίδν,
2746 1806 3011 1875 τιμᾶσθαι
3039 1804 3096 1858 δὲ
3143 1805 3240 1860 καὶ
3268 1805 3331 1858 τὸ
3360 1803 3566 1873 ἀγαθὸν
3596 1802 3766 1857 αὐτοῦ

488 1873 793 1966 retribuet;
845 1905 897 1954 te
930 1897 1175 1969 quidem,
1213 1887 1500 1969 avitasque
1552 1873 1757 1953 cultus‘
1784 1873 2074 1969 abjiciens,

2182 1873 2428 1969 Πνεῦμα,
2459 1898 2761 1968 ἡσθήσεται
2784 1873 3095 1966 τιμώμενος
3119 1914 3179 1950 τε
3227 1897 3324 1950 καὶ
3344 1896 3763 1967 λατρευόμενος,

488 1991 709 2046 illorum
744 2006 874 2047 vero
903 1991 1211 2061 suscipiens
1232 2032 1246 2058 ,
1272 1991 1366 2062 qui
1401 1991 1633 2061 Spiritui
1668 2001 1862 2047 sancto
1896 1991 2076 2049 famu-

492 2086 673 2140 lentur
699 2083 756 2139 in
786 2085 963 2155 igneis
995 2085 1199 2157 linguis
1237 2086 1401 2141 hodie
1432 2083 2079 2157 descendenti.‘0portet

490 2177 635 2231 enim
686 2186 803 2231 tum
851 2176 1049 2249 lingua:
1095 2186 1202 2232 tuae
1233 2178 1570 2249 pruriginem
1591 2219 1606 2245 ,
1640 2187 1755 2233 tum
1784 2193 2076 2234 accensum

490 2268 1030 2325 aliorum'scelerum
1065 2268 1282 2324 flamma
1315 2270 1583 2327 mundum
1609 2312 1624 2337 ,
1667 2271 1737 2325 ab
1764 2271 1915 2339 ignea
1946 2286 2080 2328 voce

489 2360 734 2417 cohiberi
760 2400 777 2425 ,
809 2376 933 2431 qua;
961 2362 1030 2417 ab
1060 2361 1236 2433 igneis
1263 2363 1465 2432 linguis
1502 2362 1766 2433 prodibit.
1803 2366 1872 2417 At
1902 2361 2075 2420 Judaei

489 2451 741 2522 profecto
769 2453 1024 2515 deiirent,
1061 2453 1342 2523 simulque
1368 2455 1686 2524 quicunque
1716 2456 1783 2510 ad
1815 2456 1965 2526 ἤρεθε
1987 2472 2080 2512 ac-

496 2545 758 2600 cedentes
788 2536 1137 2601 manifestam
1178 2544 1422 2616 Spiritus
1472 2548 1650 2602 sancti
1701 2549 1934 2617 gratiam
1969 2563 2077 2602 non

490 2636 696 2691 vident.
737 2634 850 2692 Nos
881 2651 1011 2692 vero
1043 2637 1229 2693 divina
1260 2638 1383 2707 ejus
1414 2639 1537 2694 luce
1568 2639 1830 2695 illustrati
1851 2678 1867 2704 ,
1899 2648 1954 2696 et
1987 2656 2080 2695 eo-

490 2744 611 2783 rum
641 2731 762 2784 visu
787 2739 974 2800 aperte
999 2730 1265 2797 fruentes,
1286 2732 1591 2787 secundum
1621 2749 1744 2804 qua:
1766 2732 2078 2803 benigniter

490 2829 636 2875 mter
663 2836 765 2877 nos
795 2831 1193 2887 commoratur,
1228 2834 1558 2878 veneremur
1585 2824 1750 2879 sicuti
1786 2824 1954 2879 Deum
1983 2827 2078 2880 de-

489 2921 596 2969 cet.
631 2916 714 2969 Ita
750 2915 1011 2980 colimus,
1046 2925 1105 2970 ut
1133 2916 1314 2972 edocti
1347 2932 1563 2980 sumus,
1596 2919 1672 2972 ita
1719 2918 2074 2985 honoramus,

491 3013 554 3060 ut
592 3006 733 3076 jussi
789 3021 1000 3061 sumus.
1037 3007 1174 3063 Cum
1222 3009 1400 3071 Patre,
1436 3019 1490 3066 et
1521 3010 1662 3066 Filio
1680 3012 2074 3067 'coordinatum

493 3093 777 3165 Spiritum,
807 3105 863 3152 et
916 3098 1324 3154 coadorandum
1377 3101 1549 3171 probe
1601 3104 1971 3173 agnoscimus,
2009 3103 2078 3157 ab

2182 1991 2275 2044 καὶ
2334 1991 2470 2061 πρὸς
2519 1989 2729 2043 ἑαυτῶν
2781 1988 2998 2042 οἰκειῶν
3028 1987 3384 2053 ἁντιδοξάσει,
3438 1988 3493 2040 σὲ
3529 1987 3631 2058 μὲν
3667 1987 3768 2040 καὶ

2179 2084 2281 2139 τὰς
2319 2082 2419 2143 σὰς
2443 2080 2835 2151 ἀπωθούμενος
2852 2081 3131 2149 λατρείας,
3155 2081 3336 2134 αὐτῶν
3361 2081 3417 2133 δὲ
3441 2081 3507 2150 τῇ
3541 2082 3599 2133 ἐν
3620 2080 3768 2150 ἁγίῳ

2182 2174 2463 2244 Πνεύματι
2501 2172 2941 2242 θεραπευόμενος
2998 2171 3248 2243 λατρεία,
3283 2171 3361 2242 τῷ
3406 2173 3648 2241 σήμερον
3700 2172 3766 2223 ὲν

2180 2268 2435 2340 πυρίναις
2464 2265 2735 2336 γλώσσαις
2767 2266 3251 2333 καταφοιτήσαντς.
3310 2268 3401 2318 Δεῖ
3455 2265 3564 2335 γὰρ
3621 2262 3765 2336 ὁμοῦ

2185 2361 2285 2431 μὲν
2313 2361 2414 2431 τὴν
2475 2360 2573 2430 σὴν
2634 2358 3038 2427 γλωσσαλγίαν,
3068 2360 3205 2429 ὁμοῦ
3238 2358 3297 2410 δὲ
3335 2357 3431 2410 καὶ
3456 2359 3556 2426 τὴν
3586 2356 3768 2426 φλόγα

2180 2456 2281 2525 τῆς
2332 2453 2503 2523 ἄλλης
2565 2451 2821 2516 ἁσεόείας
2879 2450 3333 2521 κατανεμομένην
3385 2448 3477 2503 τὸν
3531 2450 3763 2518 κόσμον,

2182 2547 2383 2618 πυρίνῃ
2405 2544 2737 2614 διακοπῆναι
2756 2547 2929 2616 φωνῇ,
2960 2546 2994 2615 ἢ
3024 2544 3133 2598 τῶν
3161 2544 3426 2613 γλωσσῶν
3470 2542 3761 2613 ἀπηχηθή-

2182 2657 2333 2694 σεται
2362 2640 2457 2693 τοῦ
2512 2639 2703 2709 πυρός.
2751 2639 2893 2692 Ἀλλ’
2939 2639 3197 2700 Ἰουδαῖος
3238 2637 3338 2708 μὲν
3375 2637 3639 2707 ληρείτω,
3668 2637 3761 2690 καὶ

2182 2733 2237 2785 εἴ
2271 2751 2357 2796 τις
2417 2732 2611 2803 ἐκείνῳ
2663 2730 3062 2802 παραπλησίως
3115 2732 3216 2801 οὐχ
3252 2731 3356 2802 ὁρᾷ
3386 2731 3484 2798 τὴν
3515 2730 3763 2799 ἐναργῶς

2180 2828 2466 2897 ὁρωμένην
2520 2827 2682 2896 χάριν
2730 2821 2823 2878 τοῦ
2894 2823 3235 2892 Πνεύματος.
3282 2822 3473 2891 Ἡμεῖς
3514 2822 3573 2876 δὲ
3601 2824 3649 2875 oi
3686 2821 3766 2892 τῷ

2180 2917 2309 2988 θείῳ
2364 2916 2529 2970 αὑτοῦ
2586 2915 3058 2987 περιλαμφθέντες
3107 2914 3266 2983 φωτὶ,
3312 2917 3410 2967 καὶ
3437 2914 3506 2966 δι’
3539 2906 3615 2967 ὧν
3639 2914 3769 2981 φιλ-

2180 3008 2484 3080 ανθρώπως
2505 3007 2603 3079 τὴν
2632 3009 2689 3059 ἐν
2716 3009 2849 3076 ἡμῖν
2872 3009 3107 3060 ποιεῖται
3143 3007 3436 3078 ἐνοίκησιν,
3464 3006 3561 3075 τῆς
3591 3008 3769 3076 ὲμφα·

2179 3102 2328 3165 νείας
2353 3098 2568 3171 τρανῶς
2604 3100 2991 3165 ἀπολαύοντες,
3020 3099 3343 3170 θεοπρεπῶς
3388 3099 3483 3154 καὶ
3518 3101 3768 3170 τιμήσω-

491 3195 700 3244 mterno
731 3189 1187 3257 coexsistentem,
1217 3207 1327 3247 non
1360 3192 1427 3249 de
1455 3208 1597 3248 novo
1632 3194 1709 3248 illi
1738 3195 1918 3249 ordini
1952 3211 2074 3250 suc-

2183 3212 2283 3265 μεν
2304 3208 2318 3223 ’
2353 3194 2496 3247 οῦτω
2520 3193 2836 3264 δοξάζομεν,
2871 3196 2946 3257 ὠς
2982 3192 3342 3263 ἐδιδάχθημεν
3362 3208 3375 3222 ⁸
3413 3193 3556 3247 οὕτω
3588 3192 3769 3263 τιμῶο

490 3283 797 3349 cedentem,
845 3297 950 3337 non
1006 3291 1273 3354 potestate
1325 3286 1641 3352 diversum,
1681 3304 1785 3341 non
1835 3289 2075 3343 alienum

492 3383 709 3439 natura,
737 3374 891 3428 nullo
920 3390 986 3429 ex
1025 3374 1093 3429 iis
1120 3382 1398 3431 carentem
1438 3377 1537 3448 (7),
1572 3392 1693 3447 quae
1729 3376 1875 3430 Patri
1910 3385 1963 3431 et
1991 3375 2081 3429 Fi-

491 3468 565 3522 lio
591 3468 900 3521 communia
932 3468 1161 3529 scimus,
1195 3467 1441 3538 ejusdem
1474 3470 1657 3535 sedis,
1691 3470 1936 3539 ejusdem
1964 3470 2079 3539 glo-

490 3558 607 3626 riae,
639 3559 889 3629 ejusdem
936 3560 1293 3629 operationis,
1325 3560 1818 3647 ejusdcm‘imperii
1854 3575 2078 3630 compo-

491 3657 623 3705 tem.

561 3926 719 3983 Nulla
746 3931 921 3985 audax
953 3930 1142 4002 lingua
1171 3929 1224 3985 in
1258 3945 1575 4001 supremum
1597 3971 1612 3996 ,
1644 3938 1699 3987 et
1731 3938 2075 4001 operatorem

493 4021 755 4092 Spiritum
791 4021 1017 4089 feratur,
1053 4038 1118 4079 ea
1172 4023 1240 4079 de
1296 4025 1390 4079 illo
1427 4024 1734 4094 proferens,
1771 4039 1893 4091 quae
1924 4023 2077 4080 nefas

490 4123 579 4171 est
608 4115 875 4185 proferre.
900 4116 941 4169 Δ
965 4117 1153 4171 divino
1179 4116 1400 4187 quidem
1429 4116 1611 4173 Verbo
1636 4119 1881 4172 omnium
1910 4116 2078 4172 Crea-

491 4217 612 4261 tore
642 4207 758 4261 creti
796 4206 1003 4277 ﬁrmati
1033 4209 1229 4273 sunt°,,
1253 4209 1345 4264 sed
1368 4248 1386 4275 ,
1416 4209 1681 4279 Spiritum
1717 4224 1935 4280 quoque
1966 4210 2078 4263 vir-

494 4300 629 4354 tutis
676 4313 866 4353 eorum
910 4306 1348 4358 constructorem
1395 4299 1590 4364 fuisse,
1638 4300 2071 4357 edocti’sumus.

497 4388 668 4444 Nemo
700 4390 838 4443 novit
871 4388 1111 4454 Patrem,
1144 4392 1252 4445 nisi
1289 4390 1501 4445 Filius'
1531 4411 1544 4447 :
1581 4407 1767 4447 verum
1800 4406 1862 4446 ea
1894 4392 2075 4448 scien-

492 4482 568 4537 tia
592 4481 829 4553 Spiritus
850 4497 959 4535 non
982 4482 1336 4548 destituitur;
1365 4491 1638 4536 scrutatur
1654 4485 1790 4538 enim
1805 4485 2075 4554 profunda

2187 3301 2307 3356 μεν,
2336 3284 2905 3356 ὠςπροστετὰγμεθα,
2937 3284 3113 3354 Πατρὶ
3139 3284 3235 3336 καὶ
3254 3283 3369 3352 Υίῷ
3397 3283 3767 3353 συντεταγμέ-

2183 3396 2270 3430 νον
2302 3377 2503 3440 είδότες
2517 3376 2612 3430 καὶ
2639 3375 3232 3447 συμπροσκυνούμενον
3254 3392 3269 3407 ο
3302 3375 3362 3440 ἐξ
3384 3375 3550 3429 ἀϊδίου
3576 3375 3764 3442 συνὸν,

2181 3472 2302 3539 οὐχὶ
2334 3468 2602 3537 νεώτερον
2638 3470 2716 3530 εἰς
2741 3470 2843 3536 τὴν
2877 3466 3131 3531 σύνταξιν
3162 3467 3547 3538 προελθόν.Ὁύ
3581 3484 3766 3537 κεχω-

2185 3560 2442 3631 ρισμένον
2465 3562 2565 3631 τῆς
2586 3560 2856 3627 ἐξουσίας,
2892 3562 2993 3612 οὐκ
3040 3559 3472 3629 ἠλλοτριωμένον
3487 3559 3584 3629 τῆς
3615 3576 3766 3629 συμ-

2181 3653 2365 3719 φυΐας,
2393 3651 2495 3705 οὐκ
2526 3651 2840 3722 ἀπόκληρον
2860 3652 2970 3703 τῶν
2997 3652 3094 3704 ὅσα
3125 3656 3276 3723 κοινῇ
3321 3652 3533 3724 Ila-cpe;
3554 3652 3767 3722 γνωρί-

2181 3744 2334 3808 ζεται
2364 3745 2459 3798 καὶ
2490 3744 2645 3808 Υίοῦ,
2669 3745 2986 3815 όμόθρονον,
3015 3745 3270 3815 ὁμόδοξον
3293 3746 3378 3811 ὃν,
3406 3746 3765 3816 συνδημιουρ-

2181 3835 2335 3904 γοῦν,
2373 3836 2795 3906 συμϐασιλεῦον.

2250 3932 2427 4002 Μήτις
2454 3932 2675 4000 γλῶσσα
2693 3932 2945 4005 τολμηρὰ
2971 3933 3113 3989 κατὰ
3136 3933 3230 3987 τοῦ
3262 3933 3639 4003 βασιλεύοντος
3669 3931 3765 3987 καὶ

2179 4020 2516 4094 δημιουργοῦ
2551 4022 2889 4093 Πνεύματος,
2921 4024 3057 4095 πρὸς
3088 4025 3123 4079 ἃ
3154 4024 3228 4095 μὴ
3260 4024 3416 4095 θέμις
3445 4024 3654 4078 ἐκείνου
3683 4022 3766 4075 λέ-

2179 4132 2297 4184 γειν
2319 4116 2797 4187 παρακεκινείσθω
2815 4134 2829 4148 ·
2858 4116 2937 4188 τῷ
2962 4117 3140 4171 πάντα
3170 4118 3417 4170 κτίσαντι
3448 4117 3577 4187 θείῳ
3602 4116 3765 4186 Λόγῳ

2178 4207 2635 4275 ἐστερεώθησαν
2674 4211 2727 4261 οἱ
2774 4207 3041 4277 οὐρανοὶ,
3100 4208 3237 4262 ἀλλὰ
3281 4209 3375 4261 καὶ
3419 4208 3479 4261 τὸ
3534 4206 3768 4278 Πνεῦμα

2180 4300 2442 4369 συνεργὸν
2474 4295 2616 4354 εἶναι
2648 4301 2747 4370 τῆς
2775 4300 3060 4371 δυνάμεως
3098 4301 3278 4355 αὐτῶν
3322 4299 3760 4370 πεπαιδεύμεθα.

2184 4392 2395 4459 Οὐδείς
2444 4392 2723 4461 γινώσκει
2760 4393 2869 4447 τὸν
2912 4393 3163 4462 Πατέρα,
3202 4396 3255 4447 εἰ
3283 4393 3369 4462 μὴ
3394 4397 3426 4447 ό
3468 4393 3620 4457 Υἱὸς,
3644 4390 3765 4445 ἀλλ’

2179 4485 2281 4538 οὐκ
2341 4483 2700 4537 ἀπολείπεται
2744 4484 2949 4555 ταύτης
2983 4487 3077 4538 καὶ
3123 4485 3183 4538 τὸ
3212 4486 3437 4557 Πνεῦμα
3479 4486 3580 4555 τῆς
3612 4485 3763 4554 γνὼ-

494 4575 593 4629 Dei
610 4576 652 4628 ⁸.
686 4572 1087 4630 Remissionem
1140 4585 1487 4643 peccatorum
1536 4574 1708 4632 Filius
1744 4576 2072 4644 impertitur,

2184 4594 2322 4639 σεως
2350 4594 2364 4608 ·
2416 4575 2632 4646 ἐρευνᾷ
2679 4577 2791 4647 γὰρ
2838 4577 2910 4631 τὰ
2947 4577 3108 4644 ,ϐάθη
3159 4578 3265 4632 τοῦ
3303 4578 3473 4633 Θεοῦ.
3528 4578 3764 4631 Δίδωσιν

494 4677 549 4720 at
577 4668 764 4721 eadem
796 4675 1069 4737 potestate
1101 4665 1340 4735 Spiritus
1372 4669 1539 4737 pollet
1567 4684 1581 4721 :
1610 4684 1800 4725 servos
1820 4669 2075 4724 nobilitat

494 4759 758 4829 dignitate
783 4760 1096 4830 adoptionis
1116 4763 1136 4792 ⁹
1162 4777 1175 4823 ;
1205 4759 1621 4826 confumlantur
1643 4764 1737 4833 qui
1762 4763 1815 4816 in
1842 4763 2074 4817 servitu-

566 4935 591 4969 ⁵
628 4933 765 4990 Luc.
797 4950 949 4999 xxiv,
977 4935 1064 4991 46.
1147 4938 1169 4967 ⁸
1210 4933 1357 4991 Psal.
1400 4951 1575 5002 xxx",
1610 4935 1661 4990 6.

2176 4670 2370 4737 ἄφεσιν
2393 4670 2805 4742 ἁμαρτημάτων
2831 4674 2859 4724 ὀ
2888 4672 3036 4735 Υἱὸς,
3071 4672 3170 4741 τῆς
3214 4673 3383 4740 αὐτῆς
3414 4670 3660 4737 ἐξουσίας
3702 4671 3765 4724 τὸ

2184 4763 2427 4834 Πνεῦμα.
2465 4765 2823 4835 Ἐξευγενίζει
2850 4768 2976 4829 τοὺς
3014 4766 3233 4830 δούλους
3264 4764 3339 4836 τῷ
3355 4766 3453 4835 τῆς
3484 4766 3765 4830 υἱοθεσίας

1775 4938 1797 4966 "
1837 4935 2032 4992 Matth.
2065 4953 2146 5002 ιι,
2173 4938 2263 4991 ‘27.
2339 4940 2362 4972 ⁸
2405 4939 2577 4996 lCor.
2614 4959 2673 5003 ιι,
2706 4942 2792 4995 it).
2870 4943 2891 4973 ’
2930 4937 3094 4995 Rom.
3125 4956 3242 5007 vm,
3275 4941 3363 4997 l5.

2020 5072 2259 5131 NOTAE.

566 5188 644 5262 (7)
675 5186 811 5262 _Non
844 5188 909 5240 iis
940 5185 1181 5239 omnibus
1202 5203 1409 5243 carens.
1442 5186 1581 5262 Ecce
1607 5188 1939 5262 principium
1965 5191 2073 5262 mi-

490 5259 634 5320 sere
655 5259 955 5323 detortum,
989 5266 1044 5311 et
1081 5273 1365 5327 perperam
1395 5273 1423 5311 a
1461 5259 1834 5314 schismaticis
1862 5260 2073 5315 intelle—

490 5342 664 5388 ctum.
698 5328 900 5384 Dicunt
963 5328 1108 5398 enim
1149 5328 1574 5398 :Quodcunque
1624 5329 1771 5384 Patri
1835 5340 1889 5385 et
1936 5328 2074 5385 Filio

488 5415 786 5457 commune
831 5410 953 5464 est,
982 5406 1037 5453 et
1073 5397 1300 5468 Spiritui
1356 5397 1551 5453 sancto
1598 5408 1684 5455 est
1735 5415 2073 5456 commune:

495 5481 785 5541 propterea
832 5471 925 5525 ubi
961 5485 1069 5524 non
1100 5468 1262 5523 Pater
1298 5478 1531 5533 tantum,
1568 5470 1661 5525 sed
1702 5473 1866 5525 etiam
1899 5469 2074 5527 Filius

494 5542 673 5594 activa
718 5542 1073 5609 processione
1117 5541 1370 5610 polleret,
1404 5555 1504 5594 nec
1563 5542 1801 5610 Spiritus
1846 5551 2074 5596 sanctus

495 5618 739 5678 careret;
779 5620 889 5665 tum
920 5626 1050 5666 vero
1081 5611 1225 5665 sicut
1249 5625 1279 5664 a
1305 5609 1490 5676 Patre,
1520 5620 1575 5664 et
1603 5609 1633 5665 a
1665 5611 1821 5674 Filio,
1854 5612 1929 5665 ita
1955 5626 1984 5664 a
2014 5627 2074 5666 se

500 5680 619 5750 ipso
650 5695 865 5748 quoque
899 5681 1238 5749 procederet,
1277 5682 1394 5735 sive
1422 5682 1685 5750 originem
1714 5690 1977 5738 sumeret.
2000 5683 2071 5734 At

500 5749 627 5804 uuis
658 5753 866 5805 nesciat
891 5790 906 5815 ,
942 5750 1273 5821 principium
1308 5752 1444 5806 illud
1477 5749 1586 5807 non
1617 5768 1739 5810 esse
1767 5753 2066 5824 generatim

2182 5195 2583 5267 accipiendum,
2618 5196 2724 5250 nisi
2756 5195 2823 5250 de
2852 5197 3264 5267 operationibus
3292 5200 3357 5255 ad
3393 5208 3572 5265 extra,
3610 5204 3765 5262 velut

2181 5268 2497 5320 creatione?
2527 5266 2663 5320 Nam
2695 5281 2819 5320 cum
2861 5268 2930 5323 de
2970 5268 3206 5326 internis
3237 5272 3439 5337 agitur,
3469 5272 3646 5327 solum
3690 5276 3765 5334 de

2181 5338 2567 5410 Communihus
2598 5338 2879 5410 attributis
2912 5340 3061 5410 velut
3091 5344 3334 5410 potentia
3356 5383 3371 5407 ,
3406 5351 3462 5397 et
3492 5343 3616 5398 aliis
3642 5354 3761 5399 sta-

2181 5407 2377 5479 tuitur,
2415 5407 2592 5475 deque
2652 5407 2738 5462 his
2794 5407 3129 5479 intelligendi
3192 5423 3324 5467 sunt
3378 5413 3589 5471 Patres.
3638 5418 3760 5472 Hoc

2180 5476 2397 5554 quidem
2435 5480 2517 5554 vel
2562 5493 2628 5532 ex
2669 5481 2930 5554 pensatis
2960 5476 3128 5549 patet,
3157 5484 3303 5552 quod
3335 5482 3621 5554 Scriptura
3651 5487 3759 5541 do-

2178 5553 2322 5604 ceat.
2350 5545 2551 5609 Patris,
2582 5558 2636 5602 et
2669 5547 2796 5602 Filii
2831 5545 3096 5617 Spiritum
3128 5545 3285 5615 esse,
3313 5569 3423 5607 non
3454 5545 3636 5610 autem
3670 5558 3759 5612 sui

2176 5617 2389 5685 ipsius;
2434 5619 2621 5672 itidem
2677 5635 2706 5673 a
2758 5618 2922 5694 Patre
2955 5632 3010 5675 et
3038 5635 3069 5694 a
3104 5621 3241 5694 Filio
3271 5624 3538 5694 Spiritum
3587 5628 3756 5694 mitti,

2175 5702 2457 5756 nunquam
2488 5699 2673 5746 autem
2705 5706 2735 5745 a
2771 5707 2832 5748 se
2864 5693 3002 5763 ipso.
3037 5693 3178 5759 Quid
3211 5693 3598 5754 manifestius?
