4072 6462
329 317 436 383 Hl

1314 318 1593 378 ORATIO
1632 319 1802 378 XIII.
1829 344 1899 353 -
1928 320 2024 379 DE
2056 322 2370 388 SPIRITU
2397 329 2702 392 SANCTO.

3499 343 3601 407 142

320 431 634 503 ἀξιώματι.
662 431 1117 503 Αίσχυνέσθωσαν
1138 433 1189 487 οἱ
1210 433 1345 504 πρὸς
1371 434 1617 491 δουλείαν
1637 437 1698 490 τὸ
1733 437 1801 490 δι’
1855 429 1918 491 οὗ

2028 447 2128 496 tem
2177 454 2449 502 conantur
2494 446 2757 520 Spiritum
2814 449 3073 522 dejicere,
3102 467 3170 508 ex
3219 469 3328 524 quo
3377 459 3600 514 libertas

321 531 363 598 ἡ
448 523 738 596 ἐλευθερία
830 523 1332 590 καταϐιϐάζοντες·
1402 527 1453 580 οἳ
1497 527 1559 581 ού
1615 528 1921 599 πεφρίκασι

321 618 478 688 μετά
522 617 632 671 τῶν
688 616 1006 696 κτισμάτων
1067 618 1424 688 συναριθμεῖν
1445 619 1637 689 τὸτῆς
1685 621 1919 684 κτίσεως

316 710 526 764 αἴτιον.
565 710 630 762 Ὦ
683 712 784 780 τῆς
815 707 1270 780 φρενοϐλαϐείαςί
1302 711 1378 763 Οὐ
1403 710 1725 767 συνίασινοὶ
1751 717 1916 764 πνευ-

315 803 647 874 ματομάχοι
677 802 891 865 ἑαυτοῖς
920 802 1307 873 πολεμοῦντες.
1353 803 1492 858 Καθ’
1553 804 1767 858 ἑαυτῶν
1797 805 1922 858 ἀκο-

316 894 486 948 νοῦσι
515 896 616 958 τὰς
640 893 917 963 γλώσσας,
951 895 1045 947 καὶ
1075 895 1175 947 οὐκ
1208 894 1580 950 αἰσθάνονται.
1615 898 1680 950 El
1708 897 1920 968 κτίσμα

316 985 393 1039 τὸ
415 985 672 1056 Πνεῦμα,
699 980 746 1040 ὧ
788 986 977 1040 σκαιὸν
1013 989 1239 1055 κτίσμα,
1277 987 1396 1051 πῶς
1419 988 1732 1060 ἐλευθερίαν
1756 989 1918 1060 χαρί-

315 1078 519 1141 (erat;
543 1078 606 1130 El
643 1078 716 1148 μὴ
740 1077 892 1141 Θεὸς,
919 1075 1032 1139 πῶς
1064 1078 1250 1148 θεῖκῆς
1278 1077 1502 1148 χάριτος
1525 1079 1918 1150 μεταδίδωσιν;

321 1171 402 1225 El
426 1169 505 1240 μὴ
534 1167 833 1240 βασιλεύει,
863 1167 977 1231 πῶς
1006 1167 1072 1220 ἂν
1112 1167 1483 1238 κληρονόμους
1509 1170 1788 1236 βασιλείας
1823 1173 1917 1241 ἐρ-

321 1262 603 1332 γάσαιτο;
641 1262 706 1316 Ei
733 1261 810 1331 μὴ
842 1260 1122 1330 ἱσυμφυὲς,
1164 1260 1282 1323 πῶς
1325 1261 1392 1313 δι’
1429 1261 1595 1315 αὐτοῦ
1645 1263 1920 1332 σύμφυτοι

327 1354 472 1409 Θεοῦ
500 1352 882 1422 καθιστάμεθα
907 1369 921 1416 ;
949 1353 1000 1404 τί
1055 1353 1218 1425 βιάζῃ
1256 1353 1351 1406 τοῦ
1382 1355 1482 1424 ἢδη
1520 1355 1922 1419 καταλυθέντος

331 1447 625 1520 τυράννου,
654 1447 749 1499 τοῦ
771 1446 1108 1514 ἀποστάτου,
1133 1449 1295 1516 φημὶ,
1314 1448 1590 1518 δαίμονος,
1615 1449 1918 1520 βιαιότερος

336 1539 718 1608 ἀναπεφάνθαι
779 1538 1040 1609 τύραννος
1065 1580 1079 1602 ,
1142 1540 1261 1609 μετ’
1286 1540 1599 1609 ἀφθαρσίαν
1634 1542 1798 1595 πάλιν
1828 1544 1920 1610 ἐγ-

346 1633 590 1705 χειρίζων
623 1634 802 1704 φθορᾷ
827 1634 887 1685 τὸ
922 1633 1170 1700 πλάσμα;
1203 1633 1277 1686 Οὐ
1310 1633 1420 1704 γάρ
1448 1633 1512 1706 δὴ
1545 1635 1614 1688 τά
1643 1634 1921 1705 κτίσματα

346 1726 446 1780 ὑπὸ
497 1726 797 1796 κτίσματος
853 1725 1267 1796 ἀφθαρτίζεται.
1313 1727 1484 1808 Εἴπερ
1526 1729 1618 1782 οὗν
1648 1729 1835 1782 δοῦλον
1860 1729 1920 1782 τὸ

338 1819 586 1890 Πνεῦμα,
613 1820 692 1872 ἔτι
723 1819 786 1872 τὸ
845 1818 1072 1887 πλάσμα
1108 1819 1432 1873 δεδούλωται
1453 1799 1527 1891 ’τῇ
1561 1821 1738 1893 φθορᾷ
1759 1864 1772 1886 ,
1812 1821 1916 1877 κᾶν
1950 1799 1991 1851 Β

333 1916 478 1987 ὑπὲρ
504 1916 662 1984 ἡμῶν
688 1914 946 1968 τοσοῦτον
989 1916 1145 1983 ἐδόθη
1196 1905 1534 1985 ἀντίλυτρον.
1578 1918 1634 1970 Ὁ
1665 1918 1762 1988 μὲν
1812 1918 1922 1988 γὰρ

336 2012 468 2075 Υἱὸς
498 2012 575 2074 ὡς
611 2011 950 2081 ὁμοδύναμον
969 2011 1062 2063 καὶ
1087 2012 1350 2081 συνεργὸν
1382 2013 1462 2074 είς
1491 2012 1590 2082 τὴν
1617 2013 1920 2066 ἀνάπλασιν

335 2087 784 2172 παραλαμϐάνει,
819 2103 915 2156 σὺν
938 2101 1086 2171 αὐτῷ
1115 2120 1174 2155 τε
1207 2103 1298 2156 καί
1325 2101 1403 2174 τῷ
1431 2104 1721 2174 Γεννήτορι
1751 2118 1924 2158 κατα-

340 2193 695 2262 πραξάμενον
747 2195 873 2262 ἡμῖν
934 2193 1032 2263 τὴν
1090 2195 1558 2265 ἀναστοιχείωσιν.
1595 2196 1656 2248 ΕΞ
1693 2197 1750 2249 δὲ
1783 2197 1922 2264 μετά

343 2285 464 2337 τῶν
503 2283 819 2354 κτισμάτων
859 2285 1176 2356 ἠρίθμηται,
1219 2287 1319 2339 οὐκ
1371 2285 1520 2339 ἐστιν
1572 2287 1719 2350 ὅπως
1747 2290 1923 2340 ἐκεῖνο

351 2376 631 2446 ἐνεργήσῃ
656 2376 713 2428 τὸ
727 2376 790 2429 δι’
810 2376 836 2429 ὃ
865 2379 1380 2447 παραλαμϐάνεται.
1412 2379 1486 2431 Οὐ
1507 2378 1615 2450 γὰρ
1637 2380 1700 2449 δὴ
1733 2381 1919 2449 φαίης,

346 2472 546 2537 ὅτιπερ
590 2469 739 2522 οὐδὲν
792 2470 986 2523 κωλύει
1038 2472 1131 2524 καὶ
1184 2471 1392 2539 κτίσμα
1428 2471 1838 2540 ὑπολαμϐάνειν
1863 2475 1924 2526 τὸ

342 2562 596 2631 Πνεῦμα,
625 2563 718 2615 καὶ
743 2563 874 2633 παρ’
903 2565 1070 2616 αὑτοῦ
1107 2567 1255 2635 ἡμᾶς
1303 2566 1736 2637 ἠλευθερῶσθαι.
1768 2569 1924 2637 Πρῶ-

335 2673 435 2708 τον
485 2655 588 2726 μὲν
627 2655 735 2726 γάρ
778 2658 922 2710 εἰτὸ
971 2657 1251 2726 διεφθορὸς
1300 2658 1784 2714 ἁνεπλάττετοιδιὰ
1810 2662 1926 2714 κτί-

337 2765 571 2816 σματος,
600 2748 746 2812 τίνος
771 2749 954 2801 ἕνεκεν
1003 2750 1030 2800 ὁ
1065 2751 1303 2819 Κτίστης
1342 2751 1485 2806 οὕτω
1513 2751 1809 2820 φιλοτίμως
1834 2755 1926 2806 ἐπὶ

335 2841 398 2892 τὸ
433 2842 674 2911 πρᾶγμα
736 2844 920 2911 χωρεῖ,
960 2843 1055 2895 καὶ
1099 2843 1368 2913 τοσαύτην
1411 2843 1780 2898 ἐπιδείκνυται
1829 2846 1926 2916 τὴν

339 2931 666 3002 προαίρεσιν
699 2934 780 2996 είς
829 2933 1010 3003 ἔργον,
1065 2934 1092 2986 ὃ
1133 2934 1356 2987 δυνατὸν
1405 2929 1473 3004 ἦν
1503 2935 1594 2988 καὶ
1665 2936 1926 3005 κτίσματι

345 3026 722 3097 ἀποχρωμένῳ
752 3028 985 3098 διακόνῳ
1039 3029 1252 3096 τελεῖν;
1287 3029 1352 3082 Τί
1405 3030 1461 3082 δὲ
1505 3032 1724 3100 μήτραν
1765 3033 1924 3098 οἰκεῖ,

2023 535 2191 590 est“.
2241 535 2361 593 Non
2409 540 2810 596 exhorrescunt
2873 543 2963 598 isti
3001 559 3403 601 connumerare
3459 547 3603 604 inter

2023 637 2304 685 creaturas
2343 633 2641 687 creationis
2691 641 2972 689 auctorem
3012 654 3025 690 :
3059 637 3198 706 proh
3231 638 3598 695 dementiam!

2022 718 2450 779 Pneumaticida:
2497 725 2552 779 in
2583 741 2641 781 se
2673 727 2825 796 ipsos
2860 728 3222 800 belligerant,
3272 745 3373 786 nec
3401 733 3604 788 intelli-

2022 821 2188 880 gunt;
2220 813 2273 867 in
2301 829 2359 870 se
2397 815 2547 884 ipsos
2589 816 2804 888 linguas
2852 828 3094 886 acuunt,
3137 837 3239 877 nec
3271 834 3599 890 agnoscunt.

2024 900 2083 968 Si
2113 903 2281 969 enim,
2312 920 2345 961 ο
2375 907 2630 970 sceleste,
2653 909 2894 978 Spiritus
2918 921 3171 965 creatura
3203 914 3604 982 est,quomodo

2022 993 2324 1051 libertatem
2359 998 2628 1068 largitur?
2670 1001 2714 1055 si
2746 1000 2889 1057 Deus
2921 1018 3029 1058 non
3066 1011 3172 1068 est,
3209 1004 3485 1074 quomodo
3515 1005 3602 1060 di-

2021 1086 2202 1140 vinam
2257 1087 2487 1158 gratiam
2538 1091 2823 1162 impertit?
2850 1093 2896 1148 si
2942 1109 3050 1149 non
3086 1105 3298 1166 regnat,
3327 1096 3604 1167 quomodo

2021 1177 2174 1246 regni
2221 1177 2467 1236 hieredes
2515 1196 2617 1237 nos
2668 1184 2993 1239 constituit?
3034 1186 3080 1240 si
3113 1187 3361 1257 ejusdem
3397 1196 3605 1242 naturae

2023 1285 2129 1324 non
2185 1283 2290 1334 est,
2323 1274 2599 1342 quomodo
2631 1290 2729 1345 per
2754 1275 2933 1346 ipsum
2970 1275 3064 1332 Dei
3098 1292 3436 1350 congeneres
3468 1295 3604 1335 con-

2023 1362 2303 1416 stituimur
2335 1365 2458 1434 (8)?
2506 1366 2637 1432 Quis
2686 1376 2736 1422 te
2787 1368 2975 1439 adigit,
3011 1376 3071 1424 ut
3101 1377 3395 1442 tyrannum
3425 1371 3601 1441 ipsum

2019 1453 2129 1525 jam
2163 1464 2523 1526 prostratum,
2555 1459 2835 1526 rebellem,
2855 1461 3159 1516 daemonem
3192 1462 3604 1525 dico,violentia

2021 1562 2086 1600 ac
2139 1549 2498 1616 perversitate
2557 1552 2894 1621 exsuperes?
2958 1557 3083 1621 post
3137 1553 3604 1624 incorruptionem

2023 1637 2237 1693 scilicet
2275 1639 2625 1711 acquisitam,
2655 1651 2969 1699 creaturam
3023 1628 3218 1701 rursus
3262 1646 3606 1716 corruptioni

2003 1732 2214 1798 ‘tradis,
2239 1749 2364 1789 cum
2395 1735 2464 1788 ab
2493 1751 2556 1790 ea
2584 1750 2682 1805 per
2713 1745 2954 1791 creatam
2980 1737 3239 1792 virtutem
3262 1738 3428 1794 eximi
3454 1736 3607 1792 nullo

2026 1823 2188 1878 modo
2232 1826 2428 1893 possit.
2464 1825 2522 1880 Si
2573 1841 2705 1896 ergo
2746 1827 2983 1897 Spiritus
3015 1844 3207 1884 servus
3257 1838 3363 1894 est,
3391 1829 3608 1884 factura

2024 1916 2225 1969 iterum
2283 1918 2628 1987 corruptioni
2679 1919 2938 1986 traditur,
2973 1920 3187 1974 etiamsi
3233 1928 3386 1975 tanto
3430 1921 3605 1992 pretio

2025 2006 2322 2075 redempta.
2359 2006 2531 2062 Filius
2557 2008 2701 2063 enim
2739 2017 2797 2063 ut
2831 2011 3088 2078 potentire
3119 2010 3368 2081 ejusdem
3408 2027 3607 2083 coope-

2025 2114 2176 2165 rans,
2210 2101 2263 2155 in
2310 2101 2589 2158 refusione
2624 2103 2949 2170 assumitur,
2981 2120 3104 2158 cum
3162 2104 3344 2168 Patre,
3376 2113 3430 2161 et
3479 2121 3605 2161 cum

2027 2194 2234 2263 Spiritu
2280 2197 2690 2251 renovationem
2731 2208 2974 2251 nostram
3010 2197 3329 2253 eﬂ‘ecturus.
3349 2198 3453 2264 Qui
3477 2213 3607 2255 vero

2025 2301 2146 2340 enm
2179 2288 2450 2343 creaturis
2487 2287 2858 2358 computatur,
2895 2288 2977 2351 id,
3013 2298 3235 2359 propter
3263 2289 3412 2360 quod
3439 2305 3606 2346 assu-

2026 2379 2213 2444 mitur,
2249 2389 2513 2449 praestare
2554 2395 2660 2435 non
2711 2388 2914 2451 potest.
2946 2382 3067 2436 Non
3103 2383 3248 2436 enim
3279 2382 3430 2438 dices
3466 2381 3608 2437 nihil

2028 2473 2354 2543 prohibere,
2418 2475 2551 2543 quin
2615 2475 2879 2544 Spiritum
2939 2483 3251 2529 creaturam
3305 2485 3604 2546 putemus,

2025 2567 2276 2634 quamvis
2313 2567 2383 2620 ab
2416 2568 2532 2636 ipso
2567 2567 2880 2625 liberemur.
2913 2566 3157 2622 Primum
3201 2569 3345 2623 enim
3393 2568 3440 2623 si
3486 2583 3610 2622 cor-

2029 2668 2246 2725 ruptum
2279 2673 2377 2726 per
2408 2664 2717 2711 creaturam
2751 2656 2828 2726 (9)
2863 2657 3012 2712 refici
3062 2665 3297 2727 poterat,
3331 2673 3429 2711 cur
3452 2656 3608 2714 Crea-

2027 2758 2114 2803 tor
2150 2757 2256 2803 tam
2297 2749 2455 2802 avide
2487 2765 2627 2818 opus
2665 2737 2918 2819 suscipit,
2956 2757 3216 2820 tantoque
3247 2749 3429 2806 studio
3460 2751 3515 2804 in
3555 2751 3609 2806 id

2027 2841 2508 2909 incumbit,-quod
2569 2856 2596 2894 a
2643 2850 2899 2895 creatura
2956 2841 3144 2911 peragi
3195 2842 3444 2912 poterat?
3499 2842 3610 2897 Cur

2029 2937 2242 2983 uterum
2280 2930 2448 2991 subit,
2494 2938 2549 2982 et
2594 2928 2783 2984 fasciis
2833 2931 3155 2995 involvitur,
3203 2941 3258 2986 et
3293 2933 3385 3002 qui
3423 2937 3608 2987 omnia

2029 3023 2262 3093 perﬁcit,
2298 3022 2688 3092 perfectionem
2719 3025 2974 3094 corporis
3021 3027 3196 3081 nostri
3224 3027 3486 3096 paulatim
3522 3041 3610 3080 as-

346 3116 441 3169 καὶ
465 3117 802 3188 σπαργάνοις
827 3118 1122 3181 ἑλίσσεται,
1161 3121 1252 3172 καὶ
1286 3120 1428 3174 κατά
1454 3120 1626 3192 βραχὺ
1654 3123 1681 3174 ὁ
1714 3123 1926 3195 πλήρης

2033 3114 2319 3184 sequitur?
2365 3129 2540 3184 quare
2589 3130 2724 3169 crux
2778 3116 3165 3186 compingitur,
3201 3123 3255 3170 et
3287 3115 3609 3170 carnificum

338 3207 610 3278 λαμϐάνει
654 3209 716 3262 τὸ
792 3210 998 3280 πλῆρες
1063 3211 1160 3278 τῆς
1235 3215 1375 3282 ἐμῆς
1430 3215 1821 3281 ἀναπλάσεως;
1881 3217 1932 3270 τί

332 3301 394 3353 δὲ
428 3303 660 3370 σταυρὸς
709 3302 1001 3371 πήγνυται,
1082 3303 1176 3356 καὶ
1227 3304 1512 3371 φονώντων
1569 3310 1752 3376 χεῖρες
1807 3308 1931 3360 τολ-

345 3392 522 3460 μῶσιν
567 3393 889 3464 ἀτόλμητα,
944 3397 1039 3448 καλ⁵
1097 3397 1124 3448 ὁ
1178 3397 1319 3466 ὑπὲρ
1365 3397 1476 3452 ἄνω
1517 3398 1624 3452 τῶν
1685 3400 1932 3471 οὐρανῶν

343 3482 646 3552 κρύπτεται
677 3488 771 3554 γῇ,
830 3488 888 3538 ὲν
945 3487 1131 3558 χωρίῳ
1183 3489 1391 3558 φθορᾶς
1438 3489 1811 3560 ξενιζόμενοςς
1845 3492 1929 3557 τί;

343 3575 422 3628 Οὐ
450 3574 558 3647 γάρ
610 3572 679 3648 ἦν
731 3578 933 3647 ἑτέρως
1012 3579 1276 3650 βοηθῆσαι
1321 3580 1398 3651 τῷ
1457 3581 1770 3652 πλάσματι,
1821 3583 1928 3637 οὐδ’

335 3663 410 3737 ἦν
459 3670 542 3732 εἰς
593 3670 863 3740 τοσαύτην
940 3672 1258 3740 εὐεργεσίαν
1303 3671 1489 3724 δοῦλον
1550 3673 1924 3744 παραστῆσαι,

336 3761 464 3815 οὐδὲ
497 3763 565 3815 δι’
586 3765 796 3816 ἐκείνου
826 3766 927 3835 τῆς
962 3765 1167 3836 φθορᾶς
1193 3766 1582 3831 ἀπαλλάττειν,
1618 3768 1739 3820 οὐδὲ
1775 3769 1930 3838 παρά

335 3855 644 3924 κτίσματος
671 3857 926 3911 τοσοῦτον
965 3859 1137 3929 δῶρον
1187 3859 1522 3928 λαμϐάνειν,
1574 3859 1711 3914 ἀλλά
1767 3863 1928 3931 μόνου

343 3947 505 4003 Θεοῦ.
549 3950 647 4012 ὐς
689 3950 879 4020 ἐπειδὴ
952 3952 1282 4020 σπλάγχνοις
1325 3953 1626 4024 οἰκτιρμῶν
1684 3954 1930 4024 παρακέ-

345 4041 534 4113 κλητο,
565 4045 662 4096 καὶ
690 4043 869 4097 πόνων
903 4045 1268 4098 ἀπαλλάττειν
1294 4046 1543 4117 κεκρίκει
1572 4048 1664 4099 τὸν
1716 4049 1929 4116 ἀπηγο-

343 4135 583 4204 ρευκότα
607 4138 676 4206 τῇ
705 4135 967 4201 κακώσει,
1011 4139 1133 4190 ἐπεὶ
1185 4137 1259 4208 μὴ
1285 4139 1511 4192 δυνατὸν
1539 4134 1610 4210 ἦν
1643 4139 1818 4203 ἄλλως
1847 4143 1930 4202 εἰς

339 4227 508 4298 ἔργον
535 4227 812 4281 ἐκϐαίνειν
841 4229 909 4281 τά
935 4229 1260 4300 κεκριμένα,
1312 4230 1448 4301 πρὸς
1476 4231 1825 4302 ἐκπλήρωσιν
1853 4225 1928 4286 ὧν

340 4316 726 4387 παρεκάλεσεν
749 4318 941 4371 ἑαυτὸν
983 4320 1315 4390 ἐχορήγησε.
1342 4321 1468 4384 Πῶς
1487 4317 1601 4384 οὖν,
1625 4321 1704 4384 ὃς,
1737 4323 1818 4375 ὅτι
1854 4322 1927 4393 μὴ

339 4408 576 4462 δυνατὸν
608 4403 678 4479 ἦν
701 4412 893 4480 κτιστῇ
925 4410 1087 4478 φύσει
1135 4411 1213 4481 τῷ
1259 4412 1358 4480 τῆς
1391 4412 1748 4476 ἀναπλάσεως
1781 4413 1928 4485 ἔργῳ

339 4499 637 4564 διακονεῖν,
671 4501 759 4554 διὰ
788 4501 949 4554 τοῦτο
987 4503 1147 4566 αὐτὸς
1172 4503 1523 4574 διακονήσας,
1555 4505 1604 4556 εί
1649 4507 1786 4574 μετά
1819 4505 1926 4559 τῶν

341 4592 666 4660 κτισμάτων
697 4594 758 4646 τὸ
817 4594 1046 4664 Πνεῦμα
1081 4597 1438 4648 συντέτακται
1463 4637 1479 4662 ,
1522 4597 1781 4665 συνεργὸν
1829 4599 1930 4650 αὐ-

339 4683 405 4736 τὸ
456 4686 540 4747 είς
613 4684 714 4753 τὴν
761 4685 855 4738 τοῦ
907 4686 1207 4756 φθαρέντος
1269 4687 1574 4741 ἀνάπλασιν
1632 4691 1928 4761 παραλαμ-

341 4774 531 4840 ϐάνει;
554 4773 745 4828 ἔπειτα
781 4777 836 4828 δὲ
857 4777 942 4840 τίς
968 4781 994 4830 ὁ
1023 4779 1225 4848 τρόπος
1251 4781 1424 4851 ἑτέρῳ
1452 4780 1549 4850 μὲν
1575 4782 1722 4851 ἡμᾶς
1752 4784 1931 4854 ἡμαρ-

344 4865 596 4931 τηκέναι,
631 4865 929 4936 λαμϐάνειν
977 4869 1032 4920 δὲ
1080 4870 1211 4939 παρ’
1243 4871 1454 4924 ἐκείνου
1487 4872 1588 4944 τὴν
1631 4873 1726 4926 τοῦ
1770 4877 1940 4929 πταί-

2036 3221 2230 3262 manus
2264 3207 2332 3262 ad
2366 3206 2590 3262 infanda
2621 3207 2934 3276 prosiliunt,
2966 3216 3219 3279 terraque
3256 3209 3527 3273 conditur,
3555 3211 3611 3263 in

2034 3300 2406 3370 corruptionis
2437 3302 2661 3372 regione
2711 3303 3018 3371 hospitans,
3051 3304 3144 3372 qui
3183 3302 3451 3356 caelorum
3485 3301 3612 3356 alti-

2035 3392 2209 3446 tudini
2246 3393 2533 3448 imminet?
2563 3409 2742 3463 quare
2759 3394 2872 3448 bzec
2903 3393 3130 3448 omnia?
3163 3392 3270 3448 nisi
3301 3393 3426 3464 quia
3456 3408 3612 3447 crea-

2036 3485 2176 3539 turis
2226 3485 2386 3539 aliter
2435 3486 2714 3540 subveniri
2762 3500 2870 3540 non
2912 3492 3150 3555 poterat,
3182 3500 3284 3540 nec
3314 3485 3367 3538 in
3399 3492 3610 3538 tantum

2033 3591 2171 3646 opus
2207 3592 2402 3633 servus
2448 3577 2655 3632 assumi
2684 3594 2698 3644 ;
2730 3593 2831 3631 nec
2862 3577 3004 3633 servi
3036 3585 3155 3632 erat
3197 3592 3226 3631 a
3259 3577 3616 3647 corruptimne

2032 3671 2292 3735 eximere,
2327 3678 2655 3742 tantumque
2705 3687 2908 3727 munus
2957 3679 3240 3740 praestare,
3293 3671 3388 3726 sed
3440 3670 3621 3726 solius

2032 3763 2151 3818 Dei.
2199 3762 2302 3828 Qui
2349 3773 2640 3834 postquam
2692 3763 3072 3819 misericordia
3125 3771 3304 3818 tactus
3354 3761 3614 3846 fatigatos

2031 3853 2289 3908 homines
2338 3855 2496 3909 malis
2545 3855 2762 3909 tandem
2795 3855 3009 3925 eripere
3052 3854 3268 3918 statuit,
3298 3868 3422 3908 cum
3456 3852 3619 3906 aliter

2031 3943 2280 4013 praestari
2330 3943 2384 3998 id
2436 3947 2714 4014 nequiret,
2749 3960 2809 3999 se
2837 3946 3014 4014 ipsum
3065 3945 3119 3998 in
3176 3958 3315 4014 opus
3364 3942 3615 3996 tradidit.

2031 4033 2318 4100 Quomodo
2367 4034 2551 4103 igitur,
2590 4037 2634 4089 si
2673 4034 2911 4106 Spiritus
2961 4034 3104 4090 inter
3141 4041 3426 4088 creaturas
3455 4034 3613 4103 poni-

2033 4135 2143 4190 tur,
2171 4125 2234 4177 ad
2271 4133 2483 4178 natura:
2518 4124 2858 4178 label‘actatae
2901 4123 3353 4176 instaurationem
3387 4120 3477 4174 ille
3507 4119 3616 4174 sibi

2035 4215 2301 4284 Spiritum
2341 4215 2662 4280 associavit,
2707 4216 2800 4284 qui
2833 4213 3288 4283 redemptionem,
3318 4227 3441 4267 cum
3479 4211 3613 4266 nihil

2033 4309 2098 4364 ad
2129 4325 2246 4363 eam
2287 4320 2481 4363 natura
2521 4319 2704 4364 creata
2735 4307 2988 4362 conferre
3040 4314 3246 4375 posset,
3279 4306 3398 4376 ipse
3430 4303 3614 4376 perfe-

2033 4401 2142 4457 cit?
2178 4401 2382 4456 Deinde
2413 4416 2662 4470 quaenam
2715 4401 2830 4455 haec
2876 4399 3226 4462 ratio'esset,
3262 4406 3323 4450 ut
3358 4399 3410 4450 in
3443 4413 3622 4450 unum

2037 4510 2445 4566 peccassemus,
2483 4503 2537 4549 et
2567 4496 2634 4548 ab
2667 4494 2776 4547 alio
2807 4491 3021 4564 injuriae
3050 4507 3156 4546 non
3194 4491 3458 4562 participe
3487 4504 3614 4560 pec-

2037 4591 2142 4645 cati
2180 4591 2561 4644 remissionem
2595 4587 3011 4643 obtineremus?
3051 4585 3174 4640 Non
3201 4585 3348 4637 enim
3381 4584 3432 4636 in
3461 4597 3616 4637 crea-

2039 4691 2217 4735 turam
2244 4681 2494 4750 peccavit
2518 4679 2809 4746 homo,sed
2841 4679 2893 4731 in
2925 4676 3253 4744 Deum,ejus
3286 4680 3616 4744 praeceptum

2039 4775 2364 4844 infringens.
2398 4772 2511 4828 Cur
2560 4786 2689 4842 ergo
2738 4785 2824 4825 me
2871 4785 2900 4823 a
2944 4769 3130 4824 debito
3178 4775 3374 4821 natura
3414 4766 3618 4821 eximat

2039 4883 2246 4934 creata,
2283 4870 2370 4925 cui
2402 4867 2619 4923 debitor
2649 4879 2926 4935 nunquam
2958 4862 3066 4915 fui?

341 4974 558 5026 σματος
587 4957 800 5027 ἄφεσιν.
828 4953 938 5028 ᾦγε
969 4963 1137 5033 μηδὲν
1166 4959 1311 5035 ἦμεν
1330 4942 1661 5035 ὑπεύθυνος
1701 4971 1760 5024 ού
1811 4973 2246 5044 γὰρκτίσματι,
2316 4966 2450 5020 ἀλλά
2497 4963 2614 5032 Θεῷ
2666 4962 2914 5030 ἥμαρτεν
2948 4954 3254 5044 ἅνθρωπος.
3316 4953 3413 5021 τὴν
3476 4942 3618 5012 παρ’

343 5047 516 5100 αὑτοῦ
551 5047 844 5122 δεδομένην
876 5053 935 5106 οὐ
968 5055 1288 5128 τετηρηκὼς
1329 5058 1568 5130 ἐντολήν.
1605 5060 1667 5114 Τί
1697 5059 1792 5118 οὖν
1820 5043 1920 5136 ἐμὲ
1958 5065 2053 5119 τοῦ
2077 5064 2270 5134 χρέους
2319 5058 2557 5114 ἀπολύει,
2585 5055 2745 5124 φύσις
2815 5051 3029 5119 κτιστὴ,
3074 5043 3140 5119 ἧς
3185 5049 3464 5118 ὑπόχρεως
3533 5046 3593 5097 οὐ

344 5139 656 5211 γεγένημαι
679 5159 694 5208 ;

419 5324 468 5355 ¹⁶
507 5321 548 5377 ll
570 5321 702 5379 Cor.
731 5324 927 5390 "1,17.

1862 5420 2095 5478 ΝΟΤᾸΕ.

422 5505 499 5578 (8)
540 5506 637 5562 Dei
665 5524 984 5583 congeneres
1012 5511 1426 5583 consumimur?
1469 5512 1769 5583 Σύμφυτοι.
1805 5515 1930 5571 Vul-

348 5590 475 5648 gata
502 5580 870 5647 complantati.
897 5580 1055 5634 Rom.
1088 5597 1160 5643 Vl,
1198 5582 1250 5635 5.

422 5650 497 5717 (9)
541 5649 602 5705 Si
636 5662 945 5718 corruptum
990 5666 1083 5718 per
1135 5662 1458 5724 creaturam.
1491 5651 1564 5707 Ut
1596 5656 1740 5724 quod
1771 5656 1930 5711 indu-

344 5718 522 5784 lmnm,
557 5731 612 5775 et
642 5724 995 5776 manifestum
1024 5729 1130 5785 est,
1152 5723 1512 5786 demonstret,
1540 5718 1796 5780 obscuris
1825 5731 1932 5781 uti-

349 5799 460 5854 tur,
519 5799 574 5845 ct
629 5791 856 5847 minimc
916 5792 1054 5847 ratis
1087 5810 1100 5846 :
1135 5803 1348 5863 poterat
1407 5796 1670 5862 siquidem
1728 5799 1930 5862 homo,

2038 5514 2289 5588 quamvis
2320 5509 3056 5588 imperfectensatisfacere,
3085 5509 3190 5588 nisi
3239 5507 3424 5588 altipri
3469 5520 3618 5588 com-

2039 5579 2363 5658 pensatione
2396 5579 2497 5658 sibi
2534 5581 2790 5636 satisfieri
2812 5581 2924 5658 Deo
2953 5581 3254 5649 placuisset
3283 5579 3463 5658 :Deus
3479 5580 3620 5632 enim

2039 5653 2130 5726 per
2160 5670 2312 5707 suam
2343 5654 2744 5726 omnipotentem
2796 5653 3045 5726 uirtutem
3086 5653 3619 5726 poteratmhmnunam

2042 5719 2288 5781 naturam
2322 5719 2504 5777 multis
2531 5723 2653 5777 aliis
2690 5721 2859 5778 modis
2882 5736 3148 5789 reparare.
3179 5719 3238 5772 D.
3271 5719 3510 5776 Thomas
3537 5735 3617 5785 tu,

2041 5805 2234 5863 quaast.
2270 5797 2320 5862 1,
2356 5804 2462 5849 art.
2499 5794 2553 5849 2.

3655 5843 3666 5888 ι
