4072 6494
403 336 504 400 143

1603 346 1882 408 LEONIS
1922 345 2400 408 PHILOSOPHI

3578 334 3679 396 1M

483 450 589 507 Vos
620 452 806 523 igitur,
834 453 929 523 qui
965 451 1035 508 de
1075 461 1266 508 sancta
1299 451 1500 510 Triade
1530 461 1639 509 tam
1666 456 1854 527 inique
1886 470 2021 518 (ιο-⁴

2158 455 2444 527 Μηδαμῶς
2470 454 2585 522 οῦν,
2615 448 2661 509 ὦ
2694 454 2897 519 ἀδίκως
2931 453 3032 524 μὲν
3062 451 3193 523 περὶ
3212 450 3442 523 Τριάδος
3472 448 3687 517 λογιζὸ-
3764 490 3771 495 .

407 544 617 613 gitatis.
650 552 704 598 et
752 544 904 599 vobis
954 544 1092 614 ipsis
1137 551 1248 598 tam
1303 546 1441 601 male
1472 547 1784 613 consulitis,
1817 550 1990 606 nolite

410 638 676 707 Spiritum
726 636 895 705 gloria
930 651 1030 691 sua
1063 637 1317 693 fraudare
1342 678 1358 705 ,
1393 639 1475 694 vel
1522 641 1834 711 aequalitate
1866 656 1990 697 cum

362 778 375 797 ,
408 728 591 797 Patre,
631 737 685 783 et
712 727 873 795 Filio,
907 744 1145 800 eumque
1167 730 1348 785 ordini
1380 740 1760 788 creaturarum
1792 749 1991 789 accen-

410 837 549 877 sere.
602 819 894 889 Dignitatis
951 836 1064 877 suae
1113 822 1543 892 magnitudinem
1592 826 1892 881 vereamini
1945 826 1992 880 si

412 928 519 966 non
546 923 766 981 propter
824 913 961 966 alias
1023 915 1185 969 vultis
1244 931 1442 972 causas
1481 918 1552 972 ob
1606 918 1740 972 illud
1775 920 1991 985 saltem,

411 1004 555 1071 quod
590 1003 826 1059 Verbum
858 1007 1035 1076 ipsum
1069 1009 1544 1065 consubstantiale
1564 1010 1632 1065 de
1661 1026 1727 1065 eo
1750 1010 1998 1066 testimo-

412 1097 564 1149 nium
618 1097 863 1166 protulit.
910 1097 1130 1164 Euntes,
1162 1101 1303 1155 dixit
1356 1102 1486 1167 illis,
1517 1101 1740 1173 quibus,
1774 1116 1899 1157 cum
1929 1101 1995 1156 ad

411 1185 629 1242 l’atrem
686 1189 1049 1254 ascenderet,
1102 1191 1470 1248 ministerium
1520 1194 1769 1258 tradidit,
1818 1203 1999 1248 euntes

414 1278 595 1335 docete
623 1298 801 1335 omnes
830 1293 1006 1352 gentes
1029 1324 1044 1348 ,
1083 1284 1413 1354 baptizantes
1446 1303 1536 1340 eas
1571 1287 1626 1340 in
1660 1287 1867 1343 nomine
1892 1284 2003 1339 Pa-

420 1371 537 1435 tris,
579 1380 631 1425 et
666 1370 796 1425 Filii
819 1413 835 1436 ,
870 1381 918 1425 et
956 1371 1188 1441 Spiritus
1223 1376 1483 1430 sancti”.
1525 1376 1629 1441 Qui
1668 1392 1861 1431 servus
1895 1386 1999 1444 est,

418 1464 789 1519 dominantem
844 1465 1073 1533 gradum
1124 1467 1457 1538 participare
1491 1485 1597 1523 non
1624 1477 1843 1538 potest;
1893 1484 2002 1524 non

419 1571 551 1624 ergo
586 1565 642 1609 ut
676 1572 889 1625 servus,
921 1559 1013 1612 sed
1047 1567 1107 1613 ut
1136 1560 1540 1617 condominans
1589 1561 1642 1615 in
1693 1578 1817 1617 eum
1852 1562 2004 1615 ordi-

424 1664 547 1701 nem
601 1647 837 1717 Spiritus
891 1651 1233 1706 assumitur:
1272 1661 1531 1722 tauquam
1584 1654 1789 1724 collega
1819 1654 1886 1708 ad
1920 1655 2004 1707 in-

2099 564 2271 617 μενοι,
2290 546 2607 616 ἐπισφαλῶς
2633 547 2687 600 δὲ
2702 547 2771 602 τὰ
2793 547 2972 600 οίκεϊα
2992 544 3346 607 διατιθέντες,
3361 542 3461 611 τῆς
3476 539 3688 602 οἰκείας

2094 639 2256 711 δόξης
2281 641 2632 711 ἀποστερεῖτε
2653 640 2714 692 τὸ
2738 639 2967 707 Πνεῦμα
2997 652 3011 666 '
3041 637 3178 708 μηδὲ
3210 638 3310 708 τῆς
3336 634 3526 704 θεῖκῆς
3565 634 3687 686 Πα-

2095 733 2223 803 τρὸς
2254 730 2350 786 καὶ
2371 731 2502 785 Υίοῦ
2541 732 2853 795 διιστῶντες
2879 730 3170 801 ἰσοτιμίας,
3196 731 3262 799 τῇ
3287 726 3397 781 τῶν
3445 722 3688 794 κτισμά-

2096 842 2206 879 των
2234 824 2387 890 τάξει
2416 824 2849 895 καταμιγνύητε.
2898 821 3270 892 Δυσωπήθητε
3300 818 3362 872 τὸ
3396 817 3690 890 μεγαλεῖον

2099 915 2579 987 τοῦῃάξιὼματος,
2634 917 2681 969 εἰ
2742 917 2885 987 μήγε
2932 915 2997 968 ὲκ
3032 915 3141 968 τῶν
3177 912 3359 967 ἄλλων
3396 908 3688 981 βούλησθε,

2101 1011 2218 1066 ἀλλ’
2267 1010 2324 1077 ἐξ
2349 1006 2418 1082 ἦς
2450 1010 2480 1062 ὁ
2512 1009 2786 1079 συγγενὴς
2812 1008 2985 1078 Λόγος
3016 1007 3103 1061 διὰ
3139 1004 3448 1077 μαρτυρίας
3480 1001 3693 1073 προφέ-

2105 1119 2277 1176 ρεται.
2310 1100 2731 1171 Πορευθέντες,
2775 1100 2963 1169 φησὶν,
3012 1094 3113 1163 οἷς,
3166 1095 3501 1167 ἀναληφθεὶς
3552 1092 3695 1162 πρὸς

2102 1195 2196 1248 τὸν
2221 1194 2463 1262 Πατέρα,
2488 1193 2589 1262 τὴν
2615 1192 2895 1246 διακονίαν
2944 1189 3239 1263 παρέθετο,
3271 1187 3696 1258 μαθητεύσατε

2105 1286 2304 1340 πάντα
2371 1287 2445 1339 τὰ
2493 1286 2674 1352 ἔθνη,
2725 1283 3122 1349 βαπτίζοντες
3182 1281 3407 1347 αὐτοὺς
3473 1282 3558 1344 είς
3623 1277 3698 1331 τὸ

2106 1376 2296 1443 ὄνομα
2337 1374 2445 1428 τοῦ
2489 1374 2723 1443 Πατρός
2754 1373 2852 1427 καὶ
2906 1373 3012 1427 τοῦ
3069 1372 3208 1426 Υίοῦ
3238 1371 3336 1423 καί
3368 1368 3476 1423 τοῦ
3516 1368 3699 1436 ἁγίου

2106 1467 2474 1534 Πνεύματος.
2551 1464 2629 1520 Οὐ
2697 1464 2922 1518 δύναται
2984 1463 3310 1533 δεσποτικῆς
3389 1461 3702 1527 συντάξεως

2106 1562 2168 1611 τὸ
2200 1558 2385 1611 δοῦλον
2418 1558 2872 1629 μεταλαγχάνειν.
2914 1557 3004 1622 Ὠς
3041 1557 3404 1610 συνδέσποτον
3434 1550 3549 1617 οὖν,
3579 1552 3698 1606 ἀλλ’

2108 1651 2206 1719 οὐχ
2238 1650 2313 1713 ὡς
2355 1649 2538 1702 δοῦλον
2588 1649 2667 1712 εἰς
2713 1649 2813 1719 τὴν
2862 1649 3114 1713 σύνταξιν
3164 1645 3699 1718 παραλαμϐάνεταιο

422 1739 821 1793 staurationem
857 1748 1124 1794 creaturae
1154 1740 1469 1806 adhibetur,
1504 1754 1762 1813 tanquam
1810 1744 2007 1799 divinae

2123 1743 2184 1806 bc
2215 1743 2646 1814 συνδημιουργὸν
2676 1743 2777 1815 τὴν
2807 1744 3111 1798 ἀνάπλασιν
3146 1742 3241 1795 τοῦ
3274 1741 3701 1812 δημιουργήμα-

425 1830 613 1898 gloria:
638 1846 771 1897 sum,
805 1847 910 1887 non
942 1832 1166 1887 alterius
1197 1832 1486 1904 cujusdam
1509 1875 1526 1901 ,
1557 1837 2001 1891 communionem

2123 1854 2196 1899 τος
2224 1837 2649 1908 συνεργάζεταιο
2702 1837 2779 1901 ὡς
2804 1836 2937 1900 Θεὸς
2968 1837 3069 1905 τῆς
3097 1835 3294 1889 ἑαυτοῦ
3328 1833 3488 1897 ,θείας
3516 1831 3703 1903 δόξης,

425 1920 675 1990 largitur.
704 1936 736 1976 a
783 1939 890 1992 qua
917 1964 932 1989 ,
964 1925 1007 1978 si
1042 1924 1239 1993 impios
1273 1926 1542 1996 quosdam
1586 1926 1780 1982 audias
1802 1968 1817 1988 .
1852 1928 2009 1982 abest

425 2014 562 2083 ipse.
599 2013 880 2086 Tanquam
928 2018 1168 2086 optimus
1212 2018 1511 2073 bonitatem
1546 2020 1849 2090 germinat,
1881 2029 2007 2074 tan-

425 2122 588 2177 quam
629 2108 1016 2164 sanctissimns
1053 2110 1403 2165 sanctitatem
1454 2109 1705 2175 ell'undit,
1744 2120 2005 2182 tanquam

425 2209 642 2255 creator
664 2211 844 2256 creata
869 2202 1201 2256 sanctiﬁcat.
1228 2200 1451 2256 Minime
1482 2217 1615 2272 ergo
1646 2218 1742 2273 per
1765 2204 2005 2257 creatio-

426 2308 549 2347 nem
584 2294 816 2349 exstitit.
847 2289 993 2348 Nihil
1035 2295 1202 2358 enim,
1244 2292 1391 2363 quod
1415 2302 1661 2350 creatum
1695 2296 1788 2363 sit,
1816 2295 2009 2351 simili-

427 2395 511 2440 ter
561 2388 765 2442 creatis
820 2386 1314 2443 sanctiﬁcationem
1368 2395 1549 2456 potest
1598 2386 1873 2453 tribuere;
1909 2387 2004 2457 qui

2106 1930 2391 1983 κοινωνίαν
2439 1931 2744 2001 χαρίζεται,
2789 1930 2905 1984 ἀλλ’
2948 1930 3044 1999 οὐχ
3076 1930 3267 2001 ἐτέρου
3316 1929 3479 1981 ποθὲν
3513 1927 3698 1996 δόξης,

2105 2016 2173 2092 ἧς
2190 2022 2329 2074 κατὰ
2351 2021 2442 2076 τὸν
2475 2022 2710 2093 δυσσεϐῆ
2754 2022 2913 2091 λόγον
2965 2022 3203 2092 ὑπάρχει
3261 2019 3565 2090 ἀλλότριον.
3610 2019 3704 2082 Ὠς

2106 2113 2454 2185 ὑπεράγαθον
2500 2113 2656 2184 βρύει
2709 2114 2811 2185 τὴν
2870 2113 3208 2184 ἀγαθὸτητα,
3266 2112 3344 2176 ὡς
3402 2109 3705 2181 ὑπεράγιον

2104 2206 2341 2276 πηγάζει
2404 2205 2503 2275 τὴν
2563 2205 2850 2277 ἁγιότητα,
2938 2204 3015 2268 ὡς
3093 2204 3288 2257 κτίσαν
3354 2201 3572 2270 ἁγιάζει
3634 2201 3706 2253 τὰ

2105 2299 2403 2367 κτίσματα.
2450 2298 2729 2368 Οὑμενοῦν
2777 2298 2852 2361 ὡς
2916 2297 3005 2350 διὰ
3054 2296 3286 2358 κτίσεως
3338 2295 3419 2357 εἰς
3467 2293 3706 2362 ὓπαρξιν

2102 2391 2321 2460 παριόν.
2362 2390 2531 2442 Οὐδὲν
2569 2391 2676 2460 γὰρ
2725 2388 2834 2440 τῶν
2900 2388 3217 2457 κτισμάτων
3265 2388 3379 2449 τοῖς
3442 2386 3709 2455 μετέχου-

428 2478 572 2533 enim
622 2480 796 2546 tieret,
824 2487 884 2533 ut
928 2483 1105 2543 daret,
1135 2479 1283 2549 quod
1332 2495 1444 2534 non
1485 2480 1754 2550 possidet,
1789 2489 1845 2535 et
1891 2496 2002 2551 quo

2123 2499 2184 2534 rw
2227 2482 2491 2552 ὁμοτίμου
2550 2481 2782 2543 κτίσεως
2825 2480 3104 2550 άγιασμοῦ
3153 2479 3541 2550 μεταδίδωσιν·
3585 2477 3709 2539 πῶς

430 2580 676 2625 creatum
706 2586 870 2626 omne
897 2574 1182 2643 aequaliter
1212 2573 1405 2629 caret?

2116 2574 2226 2647 γὰρ
2270 2576 2483 2629 ἐκείνου
2514 2579 2806 2647 ποιήσεται
2845 2575 2945 2646 τὴν
3007 2573 3315 2647 μετάδοσιν,
3358 2572 3387 2627 ὃ
3442 2572 3518 2644 μὴ
3573 2556 3706 2642 παρ’

429 2663 625 2718 ἑαυτοῦ
656 2668 940 2735 κέκτηται,
981 2666 1072 2718 καὶ
1095 2660 1155 2720 οὗ
1187 2666 1584 2738 παραπλησίως
1620 2667 1766 2721 ἆπαν
1795 2668 2013 2721 κτιστὺν
2042 2668 2346 2736 ὲπιδέεται;

502 2760 571 2814 At
602 2759 757 2824 dixit,
785 2761 847 2814 de
882 2777 993 2815 meo
1037 2763 1229 2830 accipit
1257 2777 1276 2817 :
1322 2762 1434 2833 (lO)
1466 2764 1693 2832 pariter,
1725 2779 1887 2833 quem
1918 2780 2012 2834 ego

2200 2766 2340 2820 Ἀλλ’
2369 2766 2437 2821 ἐκ
2474 2764 2604 2838 [τοῦ
2634 2763 2806 2837 ἐ]μοῦ
2846 2763 3160 2835 λαμϐάνει,
3201 2761 3358 2833 φησι,
3390 2762 3485 2816 καὶ
3520 2761 3579 2814 ὃν
3594 2760 3712 2830 ἐγὼ

433 2852 640 2906 mittant
669 2854 813 2907 vobis
839 2854 881 2884 "
906 2870 921 2918 ;
956 2863 1008 2908 et
1028 2854 1251 2918 similia,
1273 2870 1394 2924 quze
1414 2854 1616 2924 iniquae
1634 2864 1892 2910 resonant
1922 2872 2018 2909 vo-

2123 2859 2334 2928 πέμψω
2373 2858 2539 2928 ὑμῖν,
2582 2858 2675 2912 καὶ
2706 2856 2911 2911 τοιαῦθ’
2937 2856 3101 2927 ἔτερα
3127 2855 3193 2908 τὰ
3215 2854 3373 2909 ἄδικα
3403 2852 3711 2922 φθέγγεται

429 2960 543 3011 ces,
588 2945 662 3010 id,
716 2944 862 3015 quod
917 2945 1250 3016 impietatem
1292 2949 1495 3019 arguit,
1555 2948 1611 3002 in
1664 2949 2018 3013 blasphemiae

2123 2953 2288 3023 χείλη,
2312 2953 2608 3021 συνήγορον
2628 2951 2695 3021 τῇ
2711 2948 3031 3020 βλασφημίᾳ
3047 2946 3361 3015 ποιούμενοι
3378 2946 3475 3016 τῆς
3493 2944 3707 2997 ἑαυτῶν

431 3037 738 3093 subsidium
786 3038 1143 3095 advocantes.
1189 3038 1389 3095 Verum
1439 3055 1548 3094 non
1599 3040 1761 3106 dixit,
1791 3041 1870 3096 De
1903 3058 2017 3096 meo

2123 3043 2436 3107 δυσσεϐείας
2465 3042 2558 3096 τὸν
2583 3041 2828 3112 ἔλεγχον.
2885 3041 3001 3095 Οὐκ
3045 3035 3224 3102 εἶπεν,
3268 3039 3374 3092 Ἐκ
3416 3037 3527 3091 τοῦ
3557 3036 3713 3104 ἐμοῦ

432 3132 647 3199 accipit,
667 3139 728 3185 ut
750 3139 809 3185 tu
842 3140 1163 3201 praetextum
1199 3133 1416 3202 injuriae
1449 3149 1721 3198 sumeres,
1754 3150 1931 3205 neque
1957 3142 2019 3190 ut

2123 3129 2431 3201 λαμϐάνει,
2457 3129 2549 3184 ἵνα
2585 3131 2650 3183 σὺ
2682 3128 2937 3201 ἀφορμὴν
2986 3128 3197 3199 ὕϐρεως
3226 3125 3400 3198 λάϐῃς
3429 3143 3443 3157 ·
3484 3127 3594 3179 οὐδ’
3622 3126 3714 3180 ἵνα

432 3231 681 3292 putares,
718 3224 899 3294 ipsum
934 3232 1194 3294 tanquam
1225 3224 1514 3279 Dominum
1556 3239 1620 3279 ac
1649 3225 1872 3281 divitem
1908 3226 2021 3281 lar-

434 3315 574 3386 giri;
607 3315 872 3382 Spiritum
900 3331 1027 3369 vero
1054 3316 1204 3370 velut.
1229 3332 1471 3378 servum,
1504 3325 1665 3386 atque
1688 3316 2019 3387 indigentem

437 3406 689 3476 accipere
726 3424 740 3461 :
784 3406 852 3461 iis
900 3406 1052 3480 enim
1082 3407 1264 3464 verbis
1294 3408 1519 3462 exhibet
1545 3408 1693 3477 quod
1730 3423 2024 3466 commune

435 3507 523 3554 est
572 3514 635 3555 ac
657 3499 1026 3568 indivisibile;
1054 3501 1245 3556 eodem
1265 3500 1424 3558 modo
1445 3501 1514 3556 de
1538 3500 1746 3569 Spiritu
1768 3502 2023 3572 loquens,

439 3607 505 3645 ac
534 3593 599 3647 de
631 3607 692 3647 se
723 3603 777 3649 et
813 3591 972 3648 Patre
1015 3594 1236 3648 locutus
1277 3604 1360 3649 est
1393 3611 1406 3647 :
1448 3593 1559 3665 Ego
1590 3596 1704 3649 veni
1734 3594 1791 3651 in
1817 3596 2028 3650 nomine

440 3685 629 3739 Patris
656 3686 756 3739 mei
786 3701 804 3739 :
833 3686 1056 3755 pariter,
1076 3684 1189 3755 Ego
1222 3696 1271 3741 te
1299 3687 1594 3757 clariﬁcavi
1614 3704 1768 3757 super
1790 3700 1984 3743 terram
2008 3706 2027 3743 :

441 3777 659 3842 deinde,
686 3776 902 3842 Omnia,
922 3794 1037 3848 qua:
1061 3778 1259 3833 dedisti
1281 3780 1431 3845 mihi,
1460 3780 1551 3835 abs
1578 3790 1626 3836 te
1647 3791 1810 3836 sunt:
1839 3797 2031 3838 rursus

443 3870 511 3926 de
543 3869 832 3941 discipulis
861 3871 1167 3940 speciatim,
1207 3871 1303 3925 Tui
1325 3880 1497 3936 erant,
1522 3882 1573 3926 et
1593 3872 1724 3927 mihi
1755 3872 2028 3927 dedisti”.

443 3962 587 4028 Quid
620 3963 806 4035 ergo?
839 3978 971 4019 num
1014 3964 1143 4033 quia
1183 3965 1237 4019 in
1287 3964 1466 4022 Patris
1497 3966 1720 4021 nomine
1762 3967 1929 4031 venit,
1977 3971 2036 4021 et

444 4055 599 4110 illum
644 4055 939 4127 gloriticat,
985 4065 1040 4111 et
1087 4057 1268 4113 omnia
1302 4057 1505 4128 accipit
1534 4057 1605 4113 ab
1640 4058 1755 4123 illo,
1787 4073 1912 4113 eum
1962 4057 2043 4129 ab_

445 4146 635 4205 eadem
672 4156 870 4203 natura
916 4164 981 4204 ac
1029 4151 1290 4219 dignitate
1328 4151 1640 4207 excindes?
1684 4150 1757 4206 Ut.
1807 4152 2036 4207 insanas

448 4242 745 4314 aliquando
766 4244 1129 4314 cogitationes
1148 4245 1387 4315 rejicias,
1407 4246 1538 4300 huic
1560 4245 1724 4299 etiam
1750 4246 2038 4301 sententiae

450 4350 613 4391 aures
634 4336 922 4390 commoda
948 4353 961 4389 :
998 4335 1064 4389 Et
1089 4355 1202 4391 mea
1233 4340 1413 4391 omnia
1448 4349 1541 4392 tua
1561 4351 1703 4402 sunt,
1726 4346 1777 4391 et
1808 4347 1899 4392 tua
1921 4354 2038 4392 mea

451 4434 596 4491 sunt,
637 4433 687 4479 et
719 4424 1053 4494 ciariﬁcatus
1093 4444 1210 4481 sum
1248 4428 1300 4481 in
1318 4428 1393 4482 eis
1420 4427 1484 4482 η’.
1524 4426 1835 4483 Humilibus
1884 4444 2038 4483 men-

2124 3222 2286 3275 αὐτὸν
2317 3221 2416 3293 μὲν
2445 3221 2634 3292 οἰηθῇς
2662 3219 2999 3283 δεσποτικῶς
3032 3218 3366 3273 πλουτοῦντα
3405 3218 3623 3280 διδόναι,
3650 3218 3716 3272 τὸ

2127 3312 2352 3384 Πνεῦμα
2383 3312 2439 3366 δὲ
2466 3311 2668 3384 χρῇζον
2694 3311 2957 3375 δουλικῶς
2979 3310 3301 3382 λαμϐάνειν,
3337 3309 3474 3363 ἀλλὰ
3500 3309 3559 3361 τὸ
3590 3326 3714 3362 κοι-

2126 3409 2216 3463 νὸν
2236 3408 2345 3462 τῶν
2378 3408 2693 3479 προσόντων
2714 3408 2811 3461 καὶ
2836 3406 3135 3478 ἀμέριστον
3168 3403 3467 3474 παρίστησι
3490 3402 3579 3455 διὰ
3601 3401 3716 3456 τῶν

2127 3501 2468 3574 εἰρημένων·
2502 3501 2663 3569 ὃμοια
2692 3500 2865 3568 λέγων
2915 3500 3043 3569 περὶ
3094 3497 3188 3551 τοῦ
3244 3496 3559 3567 Πνεύματος
3596 3496 3718 3559 τοῖς

2129 3591 2441 3662 εἰρημένοις
2470 3589 2619 3659 αὐτῷ
2642 3589 2770 3659 περὶ
2803 3589 2904 3657 τῆς
2946 3589 3083 3659 πρὸς
3131 3588 3222 3642 τὸν
3266 3586 3456 3642 ἑαυτοῦ
3489 3584 3720 3655 Πατέρα

2129 3683 2465 3753 οἰκειότητος
2491 3698 2507 3713 υ
2568 3680 2717 3752 Ἐγὼ
2764 3679 3036 3746 ἐλήλυθα
3081 3681 3151 3735 ἐν
3205 3682 3287 3747 τῷ
3326 3680 3574 3749 ὀνόματι
3607 3677 3723 3732 τοῦ

2132 3776 2365 3843 Πατρός
2385 3789 2532 3843 μουο
2568 3775 2683 3841 καὶ,
2714 3773 2857 3843 Ἐγώ
2892 3788 2967 3828 σε
2992 3774 3261 3838 ἐδόξασα
3285 3774 3389 3829 ἐπὶ
3420 3773 3533 3843 τῆς
3579 3773 3715 3845 γῆς.

2133 3867 2267 3933 Καὶ,
2297 3864 2501 3921 Πάντα
2528 3865 2645 3920 ὅσα
2666 3865 2930 3933 δέδωκάς
2958 3884 3060 3935 μοι
3093 3866 3252 3934 παρὰ
3278 3865 3396 3920 σοῦ
3418 3867 3571 3920 ἐστι.
3610 3864 3721 3917 Καὶ

2138 3957 2282 4021 ἰδίως
2306 3957 2405 4027 μὲν
2431 3958 2558 4027 περί
2578 3956 2689 4009 τῶν
2746 3955 3026 4026 μαθητῶν,
3086 3957 3188 4010 Σοὶ
3232 3955 3421 4025 ἦσαν,
3460 3954 3562 4009 καί
3590 3954 3722 4024 ἐμοὶ

2135 4054 2360 4120 αὐτοὺς
2384 4053 2665 4120 δέδωκας.
2693 4054 2759 4107 Τί
2788 4048 2911 4119 οὖν;
2940 4049 3027 4124 ἆρ’
3064 4053 3255 4124 ἐπειδὴ
3300 4054 3359 4106 ὲν
3388 4051 3465 4123 τῷ
3492 4051 3587 4105 τοῦ
3614 4051 3725 4104 [Ια-

2136 4147 2264 4218 τρὸς
2292 4146 2550 4217 ἐλήλυθεν
2570 4146 2815 4216 ὀνόματι,
2843 4145 2941 4199 καὶ
2972 4144 3184 4210 δοξάζει
3214 4144 3402 4210 αὐτὸν,
3426 4144 3522 4197 καὶ
3544 4144 3726 4197 πάντα

2139 4244 2267 4313 παρ’
2299 4239 2464 4295 αὑτοῦ
2492 4240 2780 4311 λαμϐάνει,
2822 4238 3207 4310 ἁλλοτριώσεις
3259 4238 3422 4293 αὐτὸν
3460 4238 3554 4292 τοῦ
3605 4255 3727 4289 συν-

2139 4335 2421 4400 δεσπόζειν
2457 4333 2679 4402 καὶτῆς
2712 4332 3023 4402 συμφυΐαςς
3060 4332 3177 4385 ἀλλ’
3216 4332 3421 4396 ὑπόθες
3449 4330 3727 4394 κάκείνοις

2141 4430 2253 4491 τοῖς
2268 4428 2478 4499 ῥήμασι
2496 4425 2557 4478 τὸ
2571 4421 2686 4489 οὖς’
2702 4425 2809 4479 Καὶ
2825 4425 3022 4479 πάντα
3044 4426 3116 4479 τὰ
3130 4425 3243 4495 ἐμὰ
3266 4425 3349 4480 σά
3364 4424 3515 4490 ἐστι,
3536 4423 3634 4477 καί
3652 4423 3729 4476 τὰ

453 4525 561 4574 tem
590 4530 781 4571 amove
808 4516 1255 4586 cogitationibus.
1283 4516 1362 4574 Ne
1386 4534 1633 4583 censeas,
1660 4516 1877 4573 Patrem
1906 4518 2021 4574 dare

2143 4518 2226 4571 σὰ
2254 4516 2388 4587 ἐμὰ,
2408 4515 2508 4569 καὶ
2534 4515 2901 4585 δεδόξασμαι
2935 4518 3005 4571 ἐν
3043 4515 3268 4582 αὐτοῖς.
3301 4516 3413 4569 Καὶ
3436 4515 3543 4569 τῶν
3574 4530 3728 4567 πενις

456 4618 516 4665 ut
577 4607 861 4678 indigenti,
910 4609 1005 4665 sed
1047 4617 1107 4663 ut
1143 4610 1304 4666 simul
1351 4609 1654 4664 dominanti
1700 4610 2037 4677 concedere;

2146 4607 2295 4679 χρῶν
2340 4606 2611 4677 ἀπόστηθι
2654 4607 2951 4679 λογισμῶν.
3008 4608 3101 4678 Μὴ
3148 4608 3338 4678 νόμιζε
3375 4608 3468 4661 τὸν
3512 4605 3729 4676 Πατέρα

527 4767 569 4800 ³³
611 4765 805 4823 Matth.
833 4782 1029 4834 xxvut,
1054 4767 1140 4823 l9.
1221 4766 1265 4798 ¹¹
1304 4765 1462 4820 Joan.
1490 4781 1603 4832 xvr,
1636 4767 1743 4832 15;
1773 4758 1863 4831 xv,
1903 4765 1995 4820 26.

2158 4764 2321 4820 Joan.
2351 4782 2406 4834 v,
2438 4766 2543 4834 45;
2577 4783 2685 4822 xvn
2707 4809 2723 4833 ,
2753 4767 2806 4828 4,
2837 4766 2893 4834 6,
2931 4769 2985 4823 7.
3061 4766 3106 4798 “
3145 4764 3309 4822 Joan.
3334 4781 3448 4821 xvn
3479 4806 3494 4831 ,
3529 4764 3616 4819 10.

1277 4860 1279 4863 ’
1962 4855 2199 4912 NOTAE.

527 4951 642 5022 (10)
680 4951 758 5007 De
777 4970 892 5008 meo
917 4953 1124 5024 accipit.
1146 4952 1205 5007 In
1222 4952 1458 5024 vulgatis
1479 4954 1720 5009 textibus
1736 4952 1936 5022 legitur
1957 4952 2047 5024 λή-

455 5021 640 5093 ψεται,
672 5026 911 5095 accipiet.
946 5023 1104 5095 Joan.
1137 5040 1249 5088 xvr,
1286 5024 1374 5078 i5.
1406 5021 1562 5079 Unde
1590 5021 1885 5095 arguentes
1906 5021 2042 5095 c_on'-

460 5095 585 5164 tigit
641 5094 776 5148 mihi
832 5094 1100 5165 quosdam
1162 5111 1230 5148 ex
1273 5095 1480 5165 Graaeis
1526 5093 1737 5159 audire,
1769 5109 1895 5148 cum
1928 5093 2045 5149 haec

459 5163 715 5220 Christus
780 5163 1073 5236 protulit,
1113 5165 1351 5219 nondmn
1410 5163 1675 5236 Spiritum
1740 5165 2039 5236 accepisse.

454 5235 807 5306 Quapropter
832 5235 980 5306 quod
1029 5235 1192 5306 abeo
1224 5235 1586 5305 accipit,’non
1618 5235 1908 5306 Originem,
1942 5251 2039 5289 seu

460 5305 803 5362 divinitatem
850 5305 994 5371 esse,
1026 5305 1122 5361 sed
1157 5307 1387 5376 gratiam
1410 5347 1425 5368 ,
1456 5322 1620 5376 quam
1673 5305 2038 5376 deinde,pum

459 5376 815 5433 Pentecostes
857 5377 947 5433 die
980 5374 1358 5437 descenderet.
1388 5384 1449 5430 ut
1474 5374 1548 5430 'in
1586 5376 1834 5431 homines
1860 5374 2038 5429 eliun-

463 5448 637 5519 deret,
674 5450 913 5519 accepit.
958 5446 1070 5502 lloc
1111 5455 1496 5519 argumentum
1512 5448 1681 5519 plane
1707 5444 2043 5519 concidit,_si

463 5516 707 5584 legamus
770 5516 1061 5589 λαμϐάνει,
1123 5518 1338 5584 accipit,
1390 5525 1450 5571 ut
1507 5516 1597 5574 hic
1648 5525 1841 5572 auctor
1892 5517 2045 5589 legit,

464 5590 714 5659 quamvis
744 5588 951 5645 erroris
982 5604 1173 5645 eorum
1204 5598 1578 5659 propugnator
1599 5589 1926 5643 acerrimus.
1951 5588 2042 5651 At,

466 5658 959 5729 quomodocunque
989 5660 1223 5729 legatur,
1276 5658 1458 5729 inepta
1492 5661 1715 5713 omnino
1741 5669 1826 5714 est
1867 5673 1930 5713 ea
1956 5672 2042 5711 ra-

470 5722 773 5801 tiocinatio,
794 5722 919 5801 cuin
946 5730 1001 5783 in
1028 5722 1229 5801 divinis
1263 5722 1411 5801 nulla
1444 5730 1746 5801 intercedat
1780 5730 2047 5801 temporis

470 5794 785 5861 distinctio;
830 5796 925 5853 καὶ
955 5801 1093 5871 ὅπερ
1124 5800 1232 5871 ἄρα
1266 5800 1533 5872 λήψεσθαι
1564 5800 1658 5857 νῦν
1690 5801 1754 5857 ἐκ
1780 5801 1874 5855 τοῦ
1895 5794 2043 5854 ’Υίοῦ

2144 4951 2362 5019 λέγεται
2399 4952 2427 5004 ὁ
2457 4951 2874 5023 Παράκλητοςζ
2906 4949 3143 5023 αἰωνίως
3188 4949 3250 5016 ἐξ
3300 4949 3468 5004 αὐτοῦ
3518 4948 3731 5023 λαμϐά-

2143 5039 2245 5077 νει.
2281 5023 2458 5088 Quare
2526 5019 2628 5076 tiod
2665 5019 2802 5076 nunc
2835 5019 3146 5075 Paraclitus
3178 5031 3490 5088 accepturus
3523 5038 3554 5073 a
3590 5019 3732 5075 Filio

2145 5096 2423 5145 asseritur.
2461 5040 2526 5145 οἳ
2555 5095 2667 5145 inse
2700 5093 2995 5145 reternitate
3026 5092 3090 5145 ab
3114 5109 3174 5145 eo
3198 5093 3400 5145 ’accinit
3424 5134 3437 5145 .
3471 5102 3528 5144 ut
3560 5090 3732 5145 Geor-

2145 5096 2423 5155 asseritur,
2461 5090 2526 5145 ab
2555 5095 2667 5160 ipsa
2700 5093 2995 5147 teter-nitate
3026 5092 3090 5145 ab
3114 5109 3174 5147 eo
3198 5093 3400 5161 ’accipit
3424 5134 3438 5157 ,
3471 5102 3528 5144 ut
3560 5090 3733 5145 Geor-

2142 5166 2266 5233 gius
2293 5163 2696 5232 Trapezuntius
2745 5162 2814 5217 ad
2863 5162 3158 5219 Cretenses
3192 5164 3436 5232 scripsit.
3469 5163 3570 5227 Qui
3604 5179 3732 5217 cum

2142 5232 2173 5289 ε
2198 5232 2335 5288 Filio
2366 5235 2595 5303 gratiam
2625 5249 2846 5288 sumere
2871 5233 3135 5302 Spiritum
3159 5234 3452 5297 allirmant,
3474 5242 3733 5288 naturam

2148 5306 2358 5374 pariter
2407 5319 2625 5359 sumere
2684 5303 2960 5370 fatentur;
2994 5305 3109 5359 tieri
3140 5307 3287 5359 enim
3330 5306 3541 5374 nequit,
3573 5314 3631 5357 ut
3680 5306 3735 5358 in

2149 5377 2260 5429 Deo
2287 5375 2499 5446 seiungi
2545 5374 2761 5442 possint
2788 5384 2984 5428 natura
3005 5416 3020 5441 ,
3042 5383 3107 5446 et
3140 5379 3370 5446 gratiam
3407 5377 3733 5446 conferendi

2148 5446 2347 5516 virtus.
2398 5444 2665 5499 Caeterum
2717 5446 2863 5515 quod
2916 5461 2983 5501 eo
3035 5444 3334 5516 Scriptura:
3402 5445 3737 5516 documento

2150 5514 2448 5571 l’hotianos
2493 5514 2834 5585 jugulemus,
2864 5517 3063 5586 impios
3121 5514 3185 5571 ac
3242 5516 3594 5586 blasphemos
3626 5515 3737 5569 Leo

2149 5602 2252 5640 nos
2275 5586 2508 5656 appellat
2528 5604 2543 5659 ς
2570 5600 2881 5659 quanquam
2903 5589 3050 5643 enim
3074 5601 3198 5642 cum
3226 5586 3737 5659 pneumatomachis

2152 5674 2238 5712 res
2281 5659 2460 5711 adhuc
2494 5658 2589 5723 sit,
2634 5656 2701 5712 iis
2737 5667 2917 5711 tamen
2948 5666 3003 5714 et
3037 5674 3136 5716 nos
3172 5656 3242 5716 ab
3272 5659 3394 5729 ipso
3427 5660 3733 5723 accenseri,

2150 5744 2273 5801 qlia:
2302 5740 2631 5800 sequuntur,
2665 5729 2985 5786 ostendunt.
