4072 6474
375 358 492 422 145

1369 360 1656 420 ORATIO
1682 362 1855 422 XIII.
1883 386 1951 397 -·
1985 361 2080 421 DE
2112 358 2428 421 SPIRITU
2465 359 2771 420 SANCTO.

3560 355 3664 421 146

366 464 587 520 διδόναι
619 462 1001 535 ὡςχρῄζοντι,
1053 462 1170 517 ἀλλ’
1215 462 1291 528 ὡς
1347 467 1501 536 κοινῇ
1552 465 1965 530 συνδεσπόζοντι

2079 466 2284 522 etiamsi
2318 465 2619 537 equitatis,
2678 474 2732 522 et
2779 465 3177 521 moderationis
3219 466 3557 538 exemplum,
3608 474 3667 521 nt

366 555 812 627 συνεπιτρέπειν
836 569 852 584 ⁸
886 557 937 609 εἰ
965 555 1062 609 καὶ
1104 555 1187 609 σοὶ
1217 555 1386 610 τύπον
1423 557 1848 629 εὐγνωμοσύνης
1876 559 1974 613 καὶ

366 648 764 720 μετριότητος,
822 644 1014 719 ὥσπερ
1069 648 1129 703 ὲν
1184 650 1299 712 τοῖς
1341 648 1542 713 ἄλλοις,
1602 648 1745 704 οὕτω
1778 651 1843 723 δὴ
1877 651 1970 704 καὶ

361 741 622 796 ἐνταῦθα
650 740 728 812 τῷ
756 742 964 814 μετρίῳ
986 742 1387 814 καταλιμπάνει
1412 746 1514 816 τῆς
1553 744 1866 810 διαλέξεως.
1892 746 1968 799 Οὐ

360 833 565 887 τοίνυν
603 833 726 887 οὐδὲ
753 834 885 906 περλ⁵
909 833 1006 888 τοῦ
1046 835 1362 907 Πνεύματος
1393 836 1576 891 δίδωσι
1602 837 1673 891 τὰ
1700 836 1968 910 εἰρημένα

360 928 496 991 τοῖς
529 926 605 999 μὴ
640 926 708 981 τὰ
742 927 880 998 ὀρθὰ
921 927 1271 999 διαστρέφειν
1310 929 1571 995 ἐπίδειξιν
1622 930 1967 1000 ποιουμένοις

360 1021 643 1093 ἀφορμήν
673 1039 796 1075 τινα
831 1021 969 1093 πρὸς
1000 1020 1098 1093 τὴν
1147 1022 1433 1089 ὑπόϐασιν,
1462 1023 1598 1079 ἀλλὰ
1632 1024 1694 1078 τὸ
1733 1023 1978 1095 συμφυὲς

2080 556 2233 621 alibi,
2278 555 2353 610 ita
2383 563 2439 611 et
2472 556 2562 612 hic
2607 557 2890 611 humiliter
2934 557 3207 627 loquendo
3251 558 3523 614 exhibuit.
3566 558 3664 613 Illa

2078 648 2246 719 igitur
2262 647 2440 703 verba
2468 649 2698 713 nullam,
2728 658 2788 703 ut
2818 649 3058 720 Spiritus
3092 651 3320 705 inferior
3344 658 3667 715 censeatur,

2077 743 2426 799 occasionem
2450 742 2719 813 praebent,
2747 741 2853 798 nisi
2880 742 2948 798 iis
2979 741 3141 806 forte,
3172 744 3266 813 qui
3297 754 3447 797 recta
3481 742 3667 797 omnia

2079 835 2401 905 perturbare
2444 836 2665 892 student
2704 853 2720 903 ;
2777 835 2873 892 sed
2914 836 3561 900 consubstantialitatem,
3609 842 3667 890 et

2077 928 2267 998 gloriae
2325 928 2813 993 communionem,
2861 943 3027 999 quam
3084 927 3261 984 Filius
3307 927 3473 984 habet
3538 940 3667 982 cum

2086 1020 2263 1084 Patre,
2307 1023 2552 1078 eamdem
2584 1030 2639 1078 et
2669 1022 2933 1093 Spiritum
2962 1021 3166 1077 habere
3192 1020 3500 1076 declarant.

362 1116 478 1169 καὶ
502 1115 609 1185 τῆς
628 1114 789 1185 δόξης
814 1116 915 1185 τὴν
933 1116 1427 1187 συγκληρονομίαν,
1457 1116 1526 1187 ἢν
1549 1116 1572 1170 ἐ
1579 1134 1662 1188 χει
1694 1117 1833 1188 πρὸς
1855 1115 1946 1169 τὸν
1971 1113 2214 1187 Πατέρα,
2254 1115 2459 1186 ταύτην
2474 1118 2755 1187 προσεῖναι
2777 1116 2871 1170 καὶ
2896 1115 2975 1187 τῷ
2996 1113 3277 1188 Πνεύματι
3313 1114 3610 1187 διατρανοϊ.

458 1208 571 1263 Ἐκ
610 1207 718 1263 τοῦ
766 1206 918 1277 ἐμοῦ
955 1208 1266 1277 λαμϐάνει.
1321 1208 1447 1273 Πῶς
1487 1208 1553 1262 ὲκ
1602 1209 1714 1262 τῶν
1761 1208 1975 1263 ἐκείνου

368 1297 654 1370 λαμϐάνει
678 1315 695 1363 ;
723 1297 847 1352 Ὅτι
878 1298 916 1352 ἃ
949 1299 1095 1350 ποιεῖ
1117 1298 1145 1350 ό
1166 1297 1317 1363 Υἱὸς,
1345 1298 1519 1353 ταῦτα
1543 1297 1639 1352 καὶ
1666 1297 1726 1351 τὸ
1753 1296 1978 1366 Πνεῦμα

373 1391 552 1444 ποιεῖ.
592 1390 805 1461 Ὠσπερ
863 1390 1072 1455 ἐκεῖνος
1105 1389 1375 1458 λαμϐάνει
1417 1390 1572 1460 παρὰ
1616 1389 1709 1444 τοῦ
1739 1391 1975 1461 Πατρὸς,

378 1480 517 1537 δτιᾶ
543 1480 733 1551 βλέπει
757 1479 951 1534 τοῦτον
981 1479 1118 1551 ἔργα
1141 1481 1421 1549 ποιοῦντα,
1450 1481 1616 1538 τελεῖ.

468 1574 573 1628 Ἐκ
591 1572 698 1627 τοῦ
714 1572 863 1643 ἐμοῦ
880 1571 1195 1641 λαμϐάνει,
1227 1573 1346 1643 οὐχὶ
1363 1573 1648 1643 μετάδοσιν
1667 1590 1788 1627 τινα
1808 1573 1975 1643 δηλοῖ,

394 1661 460 1738 ἧς
490 1666 637 1719 ἐστιν
662 1663 900 1729 ὲπιδεὲς,
932 1663 1048 1718 ἀλλ’
1107 1663 1463 1717 αὐτοϐουλίαν
1505 1664 1601 1717 καὶ
1648 1662 1975 1734 σύμπνοιαν,

394 1754 461 1831 ἧς
488 1757 700 1813 οὐδέπω
723 1757 1086 1830 κεχώρισται.

2151 1207 2229 1262 De
2278 1224 2393 1262 meo
2436 1208 2629 1277 accipit
2672 1206 2785 1279 (ll)
2828 1227 2841 1263 :
2877 1207 3153 1277 quomodo
3195 1222 3263 1263 ex
3306 1206 3396 1271 iis,
3424 1222 3546 1277 quae
3578 1207 3670 1261 ille

2082 1299 2267 1365 habet,
2290 1300 2489 1369 accipit
2514 1300 2538 1353 ?
2567 1299 2699 1369 quia
2723 1314 2845 1370 qua:
2872 1298 3048 1355 Filius
3080 1299 3232 1365 facit,
3257 1314 3321 1355 ea
3346 1307 3401 1353 et
3429 1298 3670 1370 Spiritus

2080 1390 2213 1446 facit
2247 1409 2261 1445 :
2316 1392 2481 1446 sicuti
2514 1392 2688 1449 Filius
2718 1393 2922 1461 accipit
2967 1408 2998 1446 a
3031 1391 3215 1457 Patre,
3247 1392 3401 1461 quia,
3437 1408 3560 1462 quae
3587 1392 3672 1446 vi-

2080 1483 2174 1539 det
2199 1483 2489 1539 facientem
2526 1483 2766 1549 Patrem,
2808 1483 2960 1538 facit.

2156 1575 2230 1631 De
2251 1577 2581 1646 meo'accipit
2607 1576 2744 1646 (12).
2779 1575 2880 1632 Per
2906 1574 3027 1631 hiec'
3056 1575 3223 1631 verba
3252 1590 3362 1629 non
3389 1574 3671 1645 significa-

2080 1679 2171 1725 tur
2198 1671 2629 1725 communicatio
2660 1669 2933 1740 quzedam,
2975 1668 3135 1737 cujus
3162 1666 3415 1734 indigens
3447 1668 3542 1731 sit,
3575 1667 3670 1721 sed

2080 1763 2397 1829 concordia,
2427 1777 2493 1817 ac
2521 1776 2830 1818 consensus
2860 1760 3267 1829 inseparabilis.

457 1852 672 1906 Οὔκουν
690 1852 803 1905 οὐδ’
826 1852 967 1921 ὅπερ
997 1852 1030 1920 ή
1083 1849 1179 1904 νῦν
1214 1851 1608 1923 νεωτεροποιία
1640 1851 1751 1906 τῶν
1780 1851 1975 1922 καινὴν

2146 1852 2338 1924 Neque
2365 1868 2520 1919 vero,
2564 1853 2711 1923 quod
2742 1869 2891 1907 nunc
2920 1867 3111 1907 eorum
3154 1853 3320 1907 audet
3363 1851 3669 1914 inuovatio,

384 1945 723 2012 εἰσαγόντων
750 1942 987 2014 ὕπαρξιν
1015 1943 1109 1997 τοῦ
1173 1944 1493 2015 Πνεῦματος
1532 1944 1803 2015 βούλεται,
1825 1945 1886 1997 τὸ
1915 1947 1980 1997 ὲκ

382 2036 482 2089 τοῦ
506 2034 641 2089 Υἱοῦ
667 2034 968 2103 λαμϐάνειν
987 2034 1048 2087 τὸ
1072 2033 1295 2105 Πνεῦμα
1327 2034 1425 2106 τὴν
1466 2034 1739 2106 προϐολὴν
1772 2035 1977 2105 σημαί-

385 2145 473 2181 νει
500 2130 571 2181 τὰ
605 2128 840 2199 ῥήματα.
868 2120 943 2181 Ob
974 2125 1074 2197 τὴν
1131 2127 1262 2196 μίαν
1316 2126 1492 2197 ἀρχὴν
1540 2126 1727 2188 κακῶς
1761 2128 1840 2190 εἰς
1883 2144 1979 2179 πο-

386 2218 661 2288 λυαρχίαν
698 2219 1042 2289 μετατάττειν
1076 2215 1445 2288 ἐπιχειροῦσιν
1468 2233 1484 2249 ο
1509 2217 1609 2270 οὐκ
1654 2213 1771 2271 οἶδα
1814 2217 1979 2271 πόθεν

394 2312 499 2363 ἐπὶ
549 2308 752 2380 ταύτην
792 2309 1025 2374 ἐλθόντες
1065 2309 1165 2382 τὴν
1198 2310 1469 2382 ὑπόληψιν
1491 2326 1507 2344 ·
1554 2310 1786 2380 πότερον
1815 2310 1872 2362 ὲν
1896 2310 1976 2379 τῷ

398 2401 727 2456 καθιστάναι
754 2401 839 2454 τὸν
868 2402 992 2455 Υἱὸν
1020 2402 1098 2465 εἰς
1124 2400 1223 2473 τὴν
1251 2401 1348 2455 τοῦ
1385 2400 1700 2471 Πνεύματος
1727 2401 1972 2471 πρόοδον,

395 2484 673 2549 συναίτιον
707 2495 969 2565 ποιήσωσι
995 2493 1075 2566 τῷ
1143 2493 1323 2566 Πατρὶ
1358 2495 1460 2564 τῆς
1515 2492 1610 2547 τοῦ
1654 2492 1972 2562 Πνεῦματος

2079 1946 2191 2017 (15)
2244 1947 2337 2016 qui
2377 1945 2620 2016 Spiritus
2668 1959 2869 2000 novum
2900 1958 3024 1999 esse
3066 1944 3357 2007 inducunt,
3409 1960 3476 1999 ex
3529 1941 3670 1998 Filio

2080 2038 2295 2093 scilicet
2336 2036 2753 2108 processionem
2787 2035 3058 2107 Spiritum
3093 2037 3366 2107 accipere,
3400 2053 3463 2092 ea
3502 2041 3670 2092 verba

2078 2126 2318 2181 docent:
2368 2127 2469 2182 hoc
2498 2126 2643 2182 enim
2680 2126 2845 2181 modo
2878 2142 3048 2180 unum
3094 2128 3214 2195 ejus
3245 2128 3577 2198 principium
3611 2129 3668 2182 in

2079 2218 2349 2289 principia
2396 2218 2553 2288 plura
2585 2218 2699 2289 (l4)
2729 2233 3018 2289 perperam
3055 2219 3278 2275 student
3320 2231 3666 2274 convertere.
3725 2238 3731 2253 ’

2085 2308 2201 2363 Νοη
2220 2308 2475 2378 equidem
2502 2309 2656 2370 novi,
2683 2308 2947 2378 quidnam
2972 2323 3068 2364 eos
3094 2310 3149 2363 in
3178 2310 3320 2364 hanc
3342 2311 3670 2365 sententiam

2082 2399 2451 2469 perduxerit:
2501 2414 2569 2453 an
2616 2396 2815 2453 Filium
2864 2400 2919 2454 in
2972 2398 3212 2469 Spiritus
3261 2401 3670 2469 processionem

2081 2490 2388 2557 intrudant,
2420 2498 2481 2546 ut
2505 2506 2629 2547 eum
2657 2491 2820 2548 simul
2849 2506 2974 2547 cum
2994 2491 3157 2549 Patre
3186 2507 3518 2549 concausam
3542 2492 3657 2564 (l5)

1889 2626 2099 2682 NOT/E

463 2724 579 2796 (ll)
620 2721 698 2778 De
728 2738 841 2796 mea
874 2722 1088 2796 accipit.
1133 2720 1234 2796 llic
1274 2737 1362 2796 ex
1389 2721 1642 2796 professo
1691 2719 1974 2796 disputare

381 2791 737 2867 aggreditur.
760 2794 899 2848 Cum
933 2794 1017 2867 his
1052 2792 1509 2867 verbisSpiritus
1563 2791 1972 2867 processionem

381 2861 588 2925 a‘Filio
620 2864 927 2934 Scriptura
958 2865 1178 2934 doceat,
1200 2863 1267 2917 ad
1309 2878 1500 2934 eorum
1533 2862 1641 2914 vim
1685 2861 1860 2934 aliena
1892 2862 1975 2915 in-

383 2932 783 3011 trepretatione
806 2933 1135 3011 eludendam
1168 2933 1450 3011 ingenium
1481 2940 1687 3011 acuunt
1709 2932 1971 3011 adversa-

388 3002 489 3066 rii.’
513 3007 764 3073 Quorum
817 3007 1214 3074 antesignanus
1236 3002 1249 3003 ί
1268 3002 1497 3058 Photius
1527 3002 1600 3056 ita
1629 3002 1867 3074 explicat
1915 3002 1972 3074 in

390 3072 621 3151 epistola
670 3076 753 3151 ad
771 3072 1092 3145 episcopum
1127 3074 1556 3151 Aquileiensem,
1589 3088 1653 3151 ac
1688 3072 1835 3151 εἰέκ
1880 3073 1977 3151 τοῦ

392 3138 526 3219 ἐμοῦ
573 3138 914 3214 significaret
938 3138 1030 3219 jx
1064 3138 1204 3219 Μεθ’
1228 3144 1393 3219 Patre
1416 3143 1523 3219 :96
1555 3144 1664 3219 γέρ
1709 3138 1884 3219 εἶπεν,
1920 3144 1979 3211 ὲξ
2025 3200 2031 3206 ,

388 3215 545 3291 ἐμοῦ,
593 3219 732 3282 ἀλλ’,
758 3218 823 3270 ὲκ
867 3216 964 3270 τοῦ
1013 3216 1147 3291 ἐμοῦ
1174 3232 1191 3250 ο
1226 3215 1530 3291 δῆλονηῇτι
1584 3215 1839 3291 [Iw-796;:
1875 3231 1978 3268 non

382 3284 528 3347 enim
565 3290 703 3342 dixit
733 3305 798 3343 ea;
823 3303 922 3353 me,
956 3284 1139 3341 sed'ea:
1172 3284 1304 3352 meo,
1351 3286 1552 3339 scilicet
1585 3284 1764 3339 Patre.
1802 3284 1976 3350 Quam

393 3361 814 3430 eXplicationem
866 3373 1086 3422 sensus,
1115 3368 1169 3413 et
1200 3359 1496 3430 Scriptura:
1540 3364 1831 3430 contextus
1867 3371 1976 3409 non

2083 2734 2195 2772 meo
2247 2719 2561 2787 significare
2604 2718 2910 2777 concordes.
2951 2730 3001 2774 et
3042 2723 3422 2778 consentientes
3462 2741 3668 2789 sumus,

2081 2805 2203 2857 qum
2252 2790 2462 2843 futilior
2498 2799 2606 2852 est,
2637 2806 2799 2859 quam
2850 2790 3021 2846 refelli
3078 2805 3370 2847 mereatur.
3399 2794 3669 2849 Caeterum

2082 2859 2437 2929 indigentiam
2484 2861 2537 2913 iu
2578 2870 2774 2914 sancto
2825 2861 3033 2931 Spiritu
3072 2877 3253 2928 neque
3287 2877 3388 2917 nos
3422 2865 3671 2931 profecto

2080 2932 2432 3001 agnoscimus
2474 2931 2659 3004 ullam,
2697 2932 2841 3004 sicut
2869 2930 3043 2986 Graeci
3078 2933 3130 3004 in
3164 2930 3303 2986 Filio
3344 2930 3452 2986 non
3500 2950 3671 3004 agno-

2078 2999 2278 3064 scunt,
2326 3001 2579 3070 quamvis
2621 3014 2649 3053 a
2693 2999 2854 3054 Patre
2884 3016 3010 3059 esse
3038 3003 3260 3058 sciant:
3290 3018 3417 3058 cum
3453 2999 3569 3060 hzec
3614 3008 3670 3061 in

2079 3071 2283 3127 divinis
2315 3072 2563 3144 ordinem
2595 3081 2828 3136 tantum,
2863 3088 2928 3127 ac
2969 3072 3293 3144 relationem
3342 3074 3666 3144 importent,

2081 3157 2181 3195 nec
2210 3142 2539 3213 prohibeant
2569 3157 2731 3195 unam
2756 3150 2811 3196 ct
2832 3143 3083 3199 eamdem
3112 3146 3277 3198 trium
3305 3142 3667 3215 personarum

2082 3220 2333 3266 naturam
2369 3228 2513 3268 esse.

2153 3283 2265 3351 (15)
2310 3281 2510 3336 Eorum
2556 3283 2847 3339 innovatio.
2888 3284 3328 3354 Νεοιτεροποιίαν
3371 3286 3531 3343 nohis
3580 3303 3670 3342 ex-

2086 3355 2348 3427 probrare
2386 3355 2564 3427 solent
2591 3369 2607 3406 :
2636 3370 2699 3407 ac
2744 3356 2790 3409 si
2836 3355 3094 3427 Basilius,
3127 3357 3364 3427 Cyrillus
3388 3398 3402 3422 ,
3434 3360 3668 3412 Athana-

398 3423 710 3491 adinittunt,
742 3430 987 3497 satisque
1030 3430 1142 3500 jam
1194 3423 1430 3482 refutata
1462 3426 1793 3500 _est.AAliam
1847 3442 1978 3479 vero
2006 3443 2049 3500 ρ
2084 3425 2220 3487 sius,
2253 3423 2449 3500 Gﬂregg.
2485 3424 2789 3500 Nyssenns.
2818 3436 2872 3479 et
2907 3423 3306 3500 Nazianzenus,
3340 3427 3670 3500 Chrysosto—

397 3504 631 3557 Leonem
662 3495 912 3553 molitum
934 3514 1058 3557 esse
1086 3499 1353 3553 discimus
1374 3514 1439 3552 ex
1462 3497 1568 3551 hoc
1592 3495 1735 3557 loco.
1782 3512 1977 3566 nempe

394 3575 625 3640 accipere
650 3570 715 3623 de
746 3586 858 3624 meo
879 3609 894 3634 ,
924 3569 1064 3640 idem
1095 3584 1228 3640 esse,
1248 3585 1309 3622 ac
1337 3568 1524 3640 eadem
1547 3578 1805 3636 prwstare
1830 3567 1975 3640 :_qui

397 3637 566 3713 probe
588 3641 917 3713 quidque):
958 3638 1232 3713 τοῦσὲμοῦ
1266 3655 1371 3713 non
1401 3639 1468 3692 ad
1500 3637 1736 3701 Patrem,
1777 3637 1873 3692 sed
1896 3638 1977 3713 ad

394 3708 706 3783 loquentem
744 3709 948 3783 Filium
971 3708 1312 3783 referendum
1345 3712 1583 3783 fatetur;
1617 3716 1674 3761 at
1706 3722 1868 3778 quam
1895 3710 1980 3761 in-

392 3780 540 3857 epte,
568 3798 734 3853 quam
763 3780 952 3850 procul
973 3780 1049 3857 ab
1080 3780 1233 3857 omni
1267 3780 1522 3849 loquendi
1549 3794 1673 3842 usu,
1706 3788 1760 3857 et
1789 3794 1817 3832 a
1845 3793 1980 3857 qua-

392 3848 615 3926 cunque
635 3848 953 3926 sanctorum
969 3848 1193 3926 Patrum
1220 3848 1689 3926 interpretumque
1700 3848 1976 3912 doctrina,

392 3919 635 3997 explicat
658 3924 892 3997 accipere
921 3936 1019 3990 pro
1044 3921 1272 3997 imitari,
1300 3919 1396 3997 seu
1424 3919 1626 3987 facere!
1654 3921 1726 3997 ita
1753 3927 1834 3984 ut,
1852 3934 1975 3997 cum

398 3988 627 4070 legimus
659 3988 1030 4070 accipit,_r_io_n,
1048 3991 1460 4070 _quid‘acc_ipiat
1477 4030 1493 4055 ,
1547 3990 1837 4070 exquirere
1859 3988 1978 4070 .,de-

394 4059 649 4130 beamus,
680 4059 779 4118 sed
801 4062 929 4130 quid
959 4059 1143 4115 faciat.
1174 4060 1332 4125 Quod
1378 4062 1425 4116 si
1472 4061 1706 4130 accipere
1734 4067 1820 4115 est
1852 4059 1978 4113 imi-

390 4140 526 4201 tari,
555 4139 672 4191 sive
701 4132 998 4199 exemplum
1040 4132 1295 4199 accipere,
1349 4146 1497 4195 cum,
1527 4132 1623 4201 qui
1668 4131 1975 4200 exemplqu

390 4214 462 4264 ab
511 4208 619 4262 alio
665 4205 884 4272 accipit.
917 4202 1285 4273 cognitionem
1327 4202 1492 4257 simul
1539 4202 1796 4273 accipiat,
1832 4217 1978 4273 cum-

387 4296 503 4349 que
531 4278 585 4332 in
619 4274 820 4349 divinis
853 4272 1134 4349 idenl’sim
1156 4273 1430 4349 cognitio.
1464 4286 1528 4325 ac
1549 4272 1829 4349 ,εξείτηιίίξν
1856 4272 1977 4349 .Ῑ³¹“

388 4341 437 4407 ἐι
469 4348 841 4419 cognitionem
891 4360 920 4396 ει
968 4341 1105 4397 Filio
1161 4343 1399 4419 Spiritus
1447 4342 1667 4411 accipit,
1697 4343 1902 4419 accipit
1922 4349 1978 4396 et

384 4412 713 4475 essentiam.
749 4416 1016 4469 Praeterea
1051 4429 1175 4467 cum
1218 4414 1491 4477 dicimus,
1521 4428 1606 4477 ea,
1639 4428 1761 4483 quae
1804 4412 1977 4467 Filius

391 4490 549 4549 facit,
585 4498 638 4543 et
690 4485 989 4555 Spiritum_
1009 4483 1209 4543 facere,
1258 4485 1326 4537 de
1373 4485 1618 4539 externis
1666 4484 1978 4555 actionibus

387 4561 490 4615 toti
528 4551 916 4613 communibus
947 4551 1207 4608 Trinitati
1243 4555 1601 4623 intelligimus
1638 4573 1651 4609 :
1682 4553 1819 4608 nihil
1846 4568 1977 4623 ergo

391 4632 501 4684 hoc
533 4630 601 4683 ad
650 4626 857 4681 Christi
901 4625 1067 4679 verba
1111 4624 1174 4678 de
1220 4642 1333 4679 meo
1366 4625 1557 4692 accipit
1586 4623 1739 4689 facit,
1774 4626 1975 4692 quibus

386 4715 518 4754 cum
546 4698 915 4770 personaliter
956 4695 1171 4770 locuntus
1194 4698 1304 4770 _sit,
1338 4695 1533 4749 falsum
1567 4709 1632 4770 e_o
1656 4711 1840 4770 sensu
1866 4706 1968 4770 est,

384 4785 515 4840 quia!
552 4763 744 4824 'Filius
790 4768 1016 4840 agit,_et
1060 4764 1540 4840 Spiritumage‘re.
1574 4763 1735 4840 Falsa
1785 4764 1973 4819 itidem

386 4835 535 4909 ratio
560 4850 662 4903 est,
695 4835 858 4909 quam
906 4835 1062 4909 affert
1083 4852 1140 4909 Aa
1183 4835 1541 4909 similitudine
1571 4836 1973 4909 depromptam,

384 4920 442 4966 et
489 4906 730 4963 Joannis
763 4908 943 4976 quinti
978 4907 1174 4974 capitis
1209 4908 1539 4962 versiculum
1575 4906 1846 4976 decimum
1878 4922 1978 4959 no-

384 4996 524 5036 num
561 4974 962 5049 respicientem.
989 4977 1126 5049 Cum
1157 4979 1302 5031 enim
1333 4978 1537 5031 dicitur
1566 4974 1971 5049 Filiusfacere,

386 5067 517 5121 qua:
558 5047 710 5106 videt
755 5049 1048 5121 facientem
1076 5047 1315 5121 Patrem,
1343 5049 1410 5121 de
1442 5048 1857 5121 operationibus
1889 5047 1978 5101 in-

384 5116 744 5192 telligendum
781 5127 865 5175 est
894 5134 932 5192 a_
957 5116 1228 5192 Trinitate
1267 5116 1553 5192 profectis,
1587 5118 1813 5172 minime
1846 5134 1975 5173 vero

383 5210 416 5246 a
449 5189 705 5262 personis
735 5189 990 5261 singulis.
1020 5190 1373 5262 Quiditutem
1424 5190 1528 5262 hoc
1572 5204 1696 5243 cum
1742 5204 1972 5258 genera-

390 5257 544 5317 tione
576 5262 798 5317 Patris?
824 5257 905 5315 Ᾰιι
936 5260 1136 5314 exinde
1170 5257 1343 5316 Filius
1366 5276 1395 5315 a
1424 5258 1584 5314 Patre
1614 5273 1718 5314 non
1745 5274 1976 5329 genera-

385 5335 519 5387 tur?
543 5332 778 5388 Joannis
810 5332 989 5387 locum
1027 5332 1180 5384 illum
1212 5332 1411 5386 sulIicit
1452 5329 1747 5399 inspicere,
1782 5338 1841 5383 ut
1867 5341 1975 5385 sta-

388 5406 487 5459 tim
512 5412 892 5474 pateat,qnam
912 5401 1292 5471 intempestiva
1306 5401 1508 5474 Leonis
1528 5401 1705 5474 illa_tio
1721 5401 1824 5466 sit;
1847 5410 1975 5474 ante

386 5488 453 5529 ea
492 5469 764 5545 siquidem
784 5474 949 5529 verba
985 5469 1345 5545 dictttui_non
1374 5469 1797 5545 fuerat,_Filium
1827 5473 1974 5545 acci-

385 5562 510 5615 pere
533 5540 573 5599 α’
590 5544 771 5609 Patre,
794 5545 889 5600 sed
920 5560 952 5596 a
973 5558 1028 5596 se
1048 5543 1163 5612 ipso
1184 5540 1386 5597 Filium
1407 5544 1538 5599 nihil
1560 5542 1735 5610 facere
1758 5556 1780 5597 :
1801 5544 1974 5598 ποιεῖν

385 5615 483 5685 ἀφ’
510 5616 704 5669 ἑαυτοῦ
732 5616 907 5670 οἰδὲν.

460 5687 574 5757 112)
615 5687 691 5742 De
716 5704 830 5741 meo
855 5686 1066 5755 accipit.
1110 5684 1212 5740 Per
1237 5686 1374 5752 haec,
1410 5701 1519 5739 non
1542 5682 1761 5738 videtur
1781 5689 1974 5737 auctor

384 5758 640 5813 discussa
675 5772 848 5827 nuper
879 5757 1333 5827 interpretatione
1361 5757 1466 5812 sibi
1514 5768 1843 5827 magnopere
1878 5769 1968 5827 sag-

385 5830 670 5887 tist'ecisse
699 5846 714 5886 :
744 5824 911 5884 aliam
959 5824 1107 5884 enim
1164 5828 1387 5894 subdit;
1425 5824 1624 5897 nempe
1671 5824 1862 5894 accipit
1910 5824 1973 5880 de

2083 3511 2239 3559 lllllS,
2276 3493 2646 3563 Epiphanius.
2677 3504 2731 3548 et
2770 3504 3041 3565 quotquot
3067 3497 3119 3550 in
3148 3499 3434 3565 opusculis
3455 3493 3533 3553 'ab
3572 3502 3669 3551 Ar-

2081 3565 2266 3626 cudio,
2292 3577 2346 3638 et
2376 3566 2578 3638 Allatio
2609 3566 2857 3638 collectis
2904 3568 3218 3629 laudantur,
3265 3578 3320 3623 et
3363 3584 3669 3638 congerun-

2081 3642 2191 3707 tur,
2218 3645 2273 3688 ut
2302 3636 2689 3703 Augustinum,
2714 3634 3048 3707 Latinosque
3078 3648 3311 3693 cancros
3346 3634 3546 3694 missos
3583 3638 3669 3693 fa—

2079 3706 2316 3770 ciamus,
2345 3708 2489 3759 inter
2518 3717 2730 3760 veteres
2760 3705 3240 3763 Patres—censendi
3272 3726 3379 3765 non
3412 3710 3546 3764 sint.

2151 3774 2264 3847 (M)
2306 3774 2585 3845 Principia
2638 3777 2819 3844 plura.
2886 3777 3202 3833 Graecorum
3271 3781 3529 3845 sceptilus
3580 3782 3667 3835 hic

2079 3860 2238 3920 error
2271 3856 2391 3920 es_t_,
2430 3848 2735 3920 put_ant_ium
2763 3848 2975 3920 scilicet
3015 3850 3067 3903 in
3097 3850 3431 3920 πολυαρχίαν
3460 3867 3559 3906 nos
3591 3854 3668 3905 in-

2080 3915 2286 3971 cidere.
2323 3916 2464 3970 Hinc
2512 3917 2565 3969 in
2606 3915 2833 3971 Joannis
2863 3918 3091 3973 Zonarar
3135 3915 3347 3974 canone
3379 3922 3493 3975 [nec
3529 3922 3669 3977 inter

2080 3986 2313 4059 haereses
2336 3995 2678 4059 numeratur.
2694 3988 3030 4049 Σκεπάσαις,
3061 3983 3106 4042 ὦ
3135 3989 3396 4056 Παρθένε,
3432 3991 3669 4059 ποίμνην

2078 4056 2179 4139 τῂν
2206 4056 2323 4139 σὴν,
2350 4056 2445 4139 καὶ
2495 4055 2675 4139 ξεινῇς
2700 4058 3061 4139 ’ἀποστήσας
3096 4055 3372 4139 αἱρέσεωξ.
3389 4061 3498 4139 τῶν
3527 4055 3668 4139 ἱ[τοι.-

2078 4126 2208 4191 λῶν,
2242 4126 2335 4200 διλο
2367 4127 2464 4200 μὲν
2498 4126 2671 4200 ἁρχόις
2698 4127 2790 4200 ἐπὶ
2818 4126 2929 4200 τῆς
2954 4130 3081 4200 μιᾶς
3107 4126 3544 4198 δογματιζόντων
3568 4126 3669 4200 φύε-

2081 4214 2240 4263 σεως,
2274 4195 2593 4269 Πνεύματος
2624 4196 2804 4269 διττὰς
2830 4198 2887 4250 δὲ
2907 4195 3001 4251 τοῦ
3028 4195 3370 4269 πακθτοὺργοῦ
3396 4195 3667 4267 λεγόντων

2081 4268 2459 4341 ὲκπορεύσεις,
2494 4266 2662 4330 ξένως
2689 4268 2783 4320 καὶ
2816 4269 3120 4341 ἀσυνήθως.
3158 4266 3437 4341 Protegas,
3472 4266 3668 4341 Virgo,

2080 4338 2213 4394 ovile
2244 4348 2414 4399 tuum,
2449 4347 2606 4408 atque
2654 4354 2687 4389 a
2724 4342 2872 4408 gravi
2906 4338 3171 4394 Italorum
3215 4338 3405 4395 haeresi
3437 4338 3665 4400 avertas.

2116 4411 2177 4484 ui
2210 4410 2266 4484 in
2312 4418 2510 4461 natura
2558 4424 2666 4461 una
2707 4408 2812 4484 duo
2842 4419 3086 4484 statuunt
3110 4412 3397 4484 principia,
3430 4414 3669 4484 duasque

2106 4479 2315 4547 ipirilus
2348 4489 2657 4550 cunctorum
2688 4480 2891 4550 opiﬁcis
2914 4479 3539 4549 processionesponunt,
3571 4479 3667 4537 ἀὺ-

2077 4549 2257 4614 surde,
2287 4566 2348 4602 ac
2371 4566 2515 4603 nove.
2546 4547 2747 4603 Verum
2777 4547 3127 4621 perpendam.
3172 4547 3539 4619 schismatici,
3572 4555 3671 4607 de-

2081 4635 2277 4688 precor
2307 4639 2321 4675 :
2354 4621 2401 4673 si
2435 4636 2529 4674 eos
2557 4621 2926 4690 interpellem,
2958 4638 3025 4676 an
3055 4624 3263 4677 creatio
3294 4640 3322 4677 a
3357 4624 3515 4678 Patre
3546 4634 3670 4677 tan-

2007 4680 2051 4735 υ
2082 4680 2197 4765 tum
2218 4698 2444 4765 peracta
2471 4694 2577 4754 sit,
2607 4680 2848 4765 abin-nent
2878 4680 3097 4765 statim,
3125 4701 3178 4765 et
3206 4709 3236 4746 a
3266 4695 3442 4748 tribus
3475 4708 3667 4765 perso-

2080 4762 2167 4816 nis
2199 4761 2474 4817 docebunt
2501 4764 2798 4829 prmstitam
2837 4780 2849 4817 :
2884 4772 2940 4817 at
2967 4764 3012 4820 si
3042 4781 3105 4818 ex
3142 4764 3244 4817 hoc
3275 4761 3527 4831 inferam,
3556 4781 3664 4818 non

2082 4848 2245 4904 unam
2272 4847 2425 4904 ergo,
2457 4831 2551 4886 sed
2582 4832 2766 4901 plures
2790 4834 3088 4888 creationis
3123 4849 3319 4889 causas
3346 4851 3470 4891 esse
3494 4877 3509 4898 ,
3540 4836 3667 4889 irri-

2080 4903 2322 4969 debunt;
2348 4903 2502 4972 cum
2527 4917 2793 4972 personas
2829 4912 2940 4958 tres
2971 4911 3189 4959 constet
3224 4905 3278 4959 in
3307 4905 3509 4961 divinis
3543 4922 3666 4961 catt-

2079 4988 2195 5028 sam
2233 4988 2395 5027 unam
2426 4971 2663 5044 efficere.
2699 4972 2810 5028 Cur
2840 4974 3005 5044 igitur
3036 4973 3218 5039 Pater,
3252 4986 3305 5031 et
3346 4976 3516 5031 Filius
3554 4994 3663 5032 non

2079 5043 2515 5117 unum,sed_duo
2545 5044 2720 5098 sancti
2741 5043 2977 5117 Spiritus
2999 5046 3264 5117 principia
3286 5049 3667 5105 constituent?

2077 5124 2132 5188 et
2156 5115 2250 5184 qui
2271 5114 2398 5188 fieri
2432 5122 2635 5184 potest,
2668 5123 2728 5168 ut
2762 5114 2830 5188 de
2858 5114 3217 5188 exstrinseci's
3247 5119 3663 5188 operationibus

2078 5185 2154 5239 ita
2179 5183 2594 5251 ratiocinantes,
2623 5198 2731 5240 tam
2757 5183 2976 5242 diverse
3005 5187 3074 5243 de
3109 5183 3665 5255 iutrin§ecis,quibus

2077 5270 2141 5309 ea
2171 5256 2423 5311 doctrina
2454 5256 2651 5310 fortius
2673 5264 2914 5324 aptatur,
2938 5259 3655 5314 ratiocinentur?C:eterum

2076 5325 2202 5380 ideo
2232 5328 2284 5380 in
2315 5340 2537 5399 causam
2575 5340 2737 5380 unam
2762 5336 2871 5383 tres
2896 5330 3218 5384 coalescunt
3249 5334 3660 5399 person-.e,qtiia

2077 5406 2211 5452 sunt
2243 5413 2389 5452 unus
2423 5396 2586 5468 Deus,
2623 5404 2677 5468 et
2711 5399 2840 5468 quia
2867 5414 2990 5453 cum
3025 5396 3287 5464 secunda,
3318 5408 3372 5455 et
3417 5396 3576 5454 tertia
3631 5418 3664 5455 a

2078 5469 2255 5537 prima
2286 5468 2420 5532 sint,
2451 5475 2506 5520 et
2534 5467 2864 5535 ipsissimam
2895 5484 3018 5523 cum
3045 5485 3109 5525 ea
3137 5472 3358 5525 creandi
3387 5473 3663 5525 actionem

2076 5547 2130 5593 et
2164 5538 2551 5611 perfectionem
2580 5539 2838 5601 habeant,
2864 5540 3016 5593 nullo
3045 5540 3205 5594 modo
3234 5551 3467 5611 possunt
3498 5544 3662 5596 aliam

2076 5624 2301 5681 causam
2332 5608 2739 5681 ellicerezqua:
2792 5612 3037 5681 rationes
3090 5618 3144 5665 et
3200 5608 3254 5665 in
3306 5613 3665 5681 processione

2076 5680 2254 5732 activa
2289 5678 2495 5747 pariter
2523 5680 2763 5733 militant
2791 5677 2930 5734 Filio
2951 5677 3374 5737 communicata.

2147 5749 2261 5816 (15)
2302 5747 2659 5805 Concausam.
2700 5749 2906 5805 Nomen
2956 5768 3132 5806 causa:
3165 5754 3218 5808 in
3251 5754 3454 5810 divinis
3483 5752 3662 5808 Latini

2078 5820 2404 5893 refugimus,
2433 5829 2716 5892 paventes,
2746 5837 2812 5880 ne
2840 5823 3203 5893 dcpcudcntia
3226 5866 3240 5891 ,
3278 5837 3337 5882 ut
3364 5829 3663 5892 loquimur.
