4072 6488
410 308 510 372 147
1645 313 1924 376 LEONIS
1962 314 2018 373 Pl

2069 311 2429 373 [LOSOPHI
3570 309 3672 369 148

409 425 640 493 faciant,
677 425 763 482 vel
807 426 915 482 hoc
961 426 1114 482 Patri
1143 426 1425 496 eripiant?
1460 428 1516 484 Si
1547 430 1692 484 enim
1747 429 1991 498 Spiritus

2097 424 2387 495 προϐολῆς,
2415 424 2447 494 ἦ
2488 423 2573 476 ἵνα
2605 419 2813 476 καὶτὸν
2847 418 3071 490 Πατέρα
3119 416 3279 472 τοῦτο
3323 418 3681 488 ἀφαιρήσων-

409 517 563 589 (16)
599 532 668 572 ex
700 517 839 573 Filio
872 528 1039 584 esset,
1102 533 1202 573 cur
1232 535 1343 574 non
1391 528 1445 576 et
1485 535 1551 575 ex
1583 536 1642 575 se
1673 520 1794 590 ipso
1827 529 1996 589 esset,

2099 535 2226 583 ται;
2255 517 2318 569 Ei
2349 515 2458 586 γὰρ
2482 516 2546 567 ἐκ
2570 513 2663 566 τοῦ
2689 511 2819 565 Υἰοῦ
2846 511 2905 564 τὸ
2932 510 3178 579 Πνεῦμα,
3215 509 3332 571 πῶς
3365 509 3464 562 οὐκ
3494 509 3561 562 ἂν
3593 510 3680 580 εἴη

409 622 536 661 cum
573 623 756 670 omne,
793 608 939 677 quod
971 607 1153 664 Patris
1181 616 1234 664 et
1261 609 1386 664 Filii
1421 617 1526 676 est,
1561 610 1802 682 Spiritus
1833 613 1996 665 ctiam

2102 607 2196 661 καὶ
2249 607 2308 672 ἐξ
2353 604 2547 658 ἑαυτοῦ
2572 647 2588 665 ,
2644 602 2832 674 ἐπειδὴ
2865 603 2973 656 πᾶν
3013 601 3151 671 ὅπερ
3185 601 3304 652 ἐστὶ
3344 599 3559 669 Πατρὺς
3585 600 3681 652 καὶ

409 700 518 754 sit?
552 701 659 756 Sed
699 702 931 756 ulterius
959 703 1011 757 id
1047 704 1213 757 etiam
1247 705 1628 775 consequitur,
1660 720 1770 760 non
1817 705 1993 760 solum

2102 700 2256 765 Υἰοῦ,
2288 700 2448 753 τοῦτο
2471 697 2913 765 καὶᾙνεύματος
2939 713 2954 761 ;
2990 689 3123 748 Εἶτα
3150 693 3238 762 τίς
3271 693 3568 762 Συμϐαίνει
3604 692 3680 762 μὴ

411 808 522 846 non
555 808 678 848 esse
723 810 792 848 ex
831 793 994 860 Filio,
1047 811 1238 850 verum
1279 797 1444 851 etiam
1481 814 1660 868 neque
1709 814 1774 853 ex
1809 797 1993 853 Patre.

2105 795 2265 866 μόνον
2295 792 2370 862 μὴ
2403 788 2544 844 εἶναι.
2571 792 2635 844 ὲκ
2666 790 2762 844 τοῦ
2802 789 2959 852 Υἱοῦ,
3003 787 3150 862 ἀλλὰ
3185 786 3319 856 μηδὲ
3347 787 3413 838 ἐκ
3441 783 3532 836 τοῦ
3566 785 3683 837 Πα-

411 883 516 950 Qui
542 885 686 940 enim
716 901 781 941 ex
811 887 1014 958 sejpso
1041 889 1204 943 habet
1230 904 1374 955 esse,
1404 906 1640 959 quanam
1660 892 1763 945 alia
1789 891 1997 960 indiget

2102 882 2250 952 τρός.
2280 878 2351 952 ’ᾯ
2385 881 2495 952 γὰρ
2539 880 2599 945 ἐξ
2637 878 2830 935 ἑαυτοῦ
2861 878 2922 932 τὸ
2977 873 3139 944 εἶναι,
3171 878 3344 947 τούτῳ
3366 876 3418 929 τί
3437 876 3543 928 δέοι
3568 874 3687 928 ὲτέ-

411 975 629 1030 causa?
684 975 900 1034 Rursus
953 981 1000 1034 si
1053 981 1398 1051 aequipotens
1448 983 1558 1053 (17)
1605 982 1844 1052 Spiritus
1890 991 1995 1045 est,

2108 973 2279 1045 ρωθεν
2305 973 2520 1037 αἰτίας;
2555 971 2677 1024 Ἔτι
2725 972 2773 1024 εἰ
2825 970 3164 1041 ὁμοδύναμον
3193 969 3253 1022 τὸ
3284 967 3530 1036 Πνεῦμα,
3562 967 3682 1029 πῶς

410 1069 690 1136 quomodo
719 1077 775 1123 et
824 1069 997 1127 Filius
1043 1087 1110 1126 ex
1146 1088 1210 1127 eo
1250 1089 1360 1128 non
1395 1082 1504 1138 est,
1547 1075 1691 1128 sicut
1727 1075 1774 1129 is
1809 1082 1895 1129 est
1933 1091 1999 1130 ex

2101 1065 2223 1134 οὐχὶ
2267 1066 2359 1119 καὶ
2409 1067 2436 1118 ὁ
2498 1063 2623 1127 Υἱὸς
2653 1065 2717 1115 ἐκ
2765 1062 2860 1115 τοῦ
2890 1061 3229 1130 Πνεύματος,
3260 1059 3446 1129 ὥσπερ
3483 1061 3548 1111 ὲκ
3585 1059 3682 1111 τοῦ

412 1159 599 1215 Filio?
631 1168 726 1215 aut
777 1163 922 1217 enim
976 1180 1083 1218 non
1120 1165 1369 1234 ejusdem
1402 1167 1626 1221 virtutis
1659 1175 1766 1226 est,
1810 1175 2000 1235 utpote

2103 1158 2233 1212 Υἱοῦ
2260 1159 2320 1212 τὺ
2343 1157 2569 1228 Πνεῦμα
2589 1176 2602 1224 ;
2634 1155 2702 1210 Ἢ
2723 1156 2832 1227 γὰρ
2861 1155 2960 1226 οὐχ
2979 1153 3322 1224 ὀμοδύναμον
3344 1151 3512 1222 αὐτῷ,
3537 1150 3683 1220 λαμ-

413 1253 714 1321 accipiens,
745 1263 800 1309 et
827 1261 942 1310 non"
967 1257 1128 1322 dans,
1162 1265 1256 1311 aut
1285 1259 1328 1313 si
1363 1275 1487 1314 vere
1510 1267 1614 1323 est,
1639 1274 1865 1315 necesse
1894 1270 1997 1324 est,

2101 1253 2280 1318 ϐἀνον,
2311 1253 2371 1306 οὐ
2398 1251 2596 1315 διδοῦν,
2635 1250 2669 1320 ἢ
2701 1249 2860 1319 εἴπερ
2894 1248 3256 1317 ὀμοδύναμον,
3291 1245 3403 1310 ἕξοι
3436 1264 3488 1298 τι
3519 1244 3616 1298 καὶ
3654 1245 3683 1296 6

413 1351 474 1396 ut
523 1341 696 1398 Filius
735 1346 900 1399 etiam
954 1347 1158 1417 aliquid
1211 1349 1410 1404 habeat
1453 1366 1518 1405 ex
1557 1351 1788 1420 Spiritu,
1836 1353 1997 1407 sicuti

2102 1347 2232 1409 Υἱὸς
2277 1347 2370 1398 τοῦ
2407 1345 2744 1414 Πνεύματος,
2785 1342 2974 1410 ὥσπερ
3024 1340 3101 1411 τῷ
3143 1340 3424 1409 Πνεῦματι
3467 1338 3685 1390 δίδωσιν

415 1433 643 1505 Spiritui
673 1437 878 1507 aliquid
900 1440 1015 1509 ipse
1042 1441 1155 1494 dat.
1178 1441 1289 1496 Cur
1307 1453 1486 1496 autem
1521 1443 1755 1515 ltoc(18)
1787 1451 1996 1499 tantum

2102 1439 2282 1500 αὑτός.
2318 1436 2442 1498 Πῶς
2474 1435 2532 1487 δὲ
2557 1435 2651 1487 καὶ
2686 1433 2875 1486 τούτου
2908 1431 3069 1501 μόνου
3105 1431 3346 1498 στερεῖτε
3377 1427 3439 1480 τὸ
3457 1427 3687 1497 Πνεῦμα

411 1527 642 1596 Spiritui
689 1532 942 1597 aul‘ertis,
981 1550 1174 1602 nempe
1208 1537 1352 1604 quod
1387 1552 1451 1590 ex
1486 1551 1545 1591 se
1581 1537 1701 1604 ipso
1747 1538 1840 1598 sit,
1890 1553 1997 1591 non

2101 1530 2194 1582 τοῦ
2230 1528 2367 1582 εἶναι
2423 1527 2483 1592 ἐξ
2534 1525 2755 1589 ἑαυτοῦ,
2801 1524 2968 1595 μηδὲν
3001 1521 3108 1574 τῶν
3139 1520 3316 1574 ἄλλων
3341 1518 3688 1588 ἀφαιρούμε-

415 1617 728 1687 auferentes
779 1622 906 1688 alia,
939 1639 1058 1692 quae
1095 1623 1234 1679 Filio
1268 1627 1477 1689 insunt,
1513 1635 1567 1680 et
1605 1625 1754 1680 Patri
1793 1629 1816 1680 ?
1861 1628 1996 1682 Nam

2101 1640 2201 1688 νοι,
2227 1622 2262 1675 ἃ
2307 1621 2481 1689 Πατρ“ι
2508 1623 2768 1690 πρόσεστι
2794 1616 2889 1670 καὶ
2927 1614 3076 1683 Titii);
3109 1613 3182 1665 Ἦ
3221 1612 3329 1682 γὰρ
3359 1611 3453 1663 καὶ
3480 1610 3687 1678 ἑτέρων

414 1709 499 1763 vel
531 1711 635 1764 alia
673 1727 893 1782 quoque
924 1715 1026 1784 ipsi
1059 1715 1347 1770 adimenda
1380 1727 1527 1782 sunt,
1561 1729 1619 1772 ut
1656 1721 1997 1789 blasphemia

2105 1715 2331 1782 στεροῖτ“
2370 1712 2456 1777 ἂν,
2491 1712 2578 1764 ἵνα
2693 1706 3134 1780 περιφανεστέρα
3177 1706 3212 1774 ἡ
3244 1704 3422 1774 ὓϐρις,
3458 1703 3491 1772 ἣ
3529 1704 3577 1754 εἰ
3610 1701 3687 1772 μὴ

416 1802 591 1869 magis
625 1812 828 1870 pateat,
864 1807 945 1859 vel
972 1822 1147 1876 neque
1175 1808 1226 1862 id
1261 1809 1629 1873 adimendum,
1664 1811 1810 1878 quod
1853 1826 1914 1863 ex
1940 1827 1999 1865 se

2104 1807 2296 1866 ἄλλων,
2324 1806 2457 1876 μηδὲ
2483 1803 2576 1857 τοῦ
2609 1801 2747 1856 εἶναι
2776 1803 2832 1868 ἐξ
2873 1799 3090 1855 ἑαυτοῦ.
3129 1798 3222 1861 Τίς
3253 1798 3360 1865 γὰρ
3389 1794 3483 1847 ἐπὶ
3520 1793 3685 1864 μόνου

416 1895 536 1958 ipso
566 1894 658 1948 sit.
690 1895 950 1961 Quaenam
986 1899 1132 1952 enim
1169 1899 1284 1953 hazc
1317 1899 1383 1953 de
1415 1916 1522 1954 uno
1566 1909 1776 1954 tantum
1814 1903 2000 1972 priva-

2104 1899 2292 1952 τούτου
2327 1901 2360 1969 ἡ
2399 1898 2813 1968 ἀποκλήρωσις
2847 1891 2980 1946 Εἶτα
3039 1891 3252 1962 Πατρὸς
3305 1889 3398 1942 καὶ
3451 1887 3580 1941 Υἱοῦ
3625 1885 3690 1939 τὸ

417 1986 540 2038 tio?
568 1985 774 2043 Deinde
805 1988 1041 2059 Spiritus
1081 1991 1188 2061 (l9)
1225 2009 1290 2047 ex
1327 1993 1485 2048 Patre
1515 2003 1568 2048 ct
1613 1993 1754 2048 Filio
1786 2010 1982 2065 proce-

2104 1993 2331 2061 Πνεῦμα
2360 1992 2567 2061 προϊὸν,
2613 1991 2706 2042 καὶ
2738 1987 3026 2059 προσθήκῃ
3059 1985 3317 2053 ἰδιότητος
3352 1984 3450 2052 τῆς
3479 1983 3687 2052 Πατρι-

413 2074 571 2141 deus,
628 2085 682 2131 ct
735 2092 763 2131 a
797 2095 1029 2149 persona
1061 2080 1239 2136 Patris
1278 2097 1371 2150 per
1409 2085 1799 2152 proprietatem
1834 2100 1989 2140 suam

2105 2086 2206 2155 κῆς
2258 2085 2612 2144 ὑποστάσεως
2667 2079 3101 2150 διακρινόμενον,
3147 2077 3266 2138 πῶς
3317 2075 3419 2129 οὐκ
3463 2073 3687 2126 ἔλαττον

416 2167 739 2235 distinctus,
769 2171 1046 2240 quomodo
1076 2173 1260 2227 minor
1287 2190 1395 2228 non
1425 2176 1529 2229 erit
1563 2175 1726 2240 Filio,
1757 2192 1882 2232 cum
1911 2177 2000 2230 hic

2106 2177 2382 2246 συμφυΐας
2441 2177 2538 2227 καὶ
2590 2173 2922 2241 οἰκειότητος
2949 2171 3043 2223 τοῦ
3084 2168 3217 2221 Υἱοῦ
3276 2167 3389 2232 ἕξει
3431 2166 3568 2237 πρὸς
3595 2166 3687 2218 τὸν

411 2276 536 2314 esse
573 2261 770 2315 habeat
794 2277 824 2314 a
855 2261 1040 2327 Patre,
1080 2265 1169 2320 ille
1195 2282 1344 2328 vero,
1380 2268 1484 2320 alia
1520 2283 1688 2322 causa
1718 2251 1994 2338 superad-

2107 2267 2356 2336 Πατέρα,
2390 2265 2547 2335 εἴπερ
2576 2267 2604 2318 6
2642 2264 2740 2334 μὲν
2778 2263 2904 2324 Υἱὸς
2938 2265 3001 2315 ὲκ
3037 2258 3247 2330 Πατρὸς
3283 2257 3395 2328 ἔχει
3435 2258 3496 2309 τὸ
3519 2252 3686 2320 εἶναι,

414 2351 549 2412 dita,
605 2353 769 2406 etiam
804 2369 832 2405 a
887 2353 1077 2409 Filio?
1127 2357 1280 2421 Quod
1333 2358 1376 2412 si
1427 2374 1770 2429 quaacunque
1822 2359 2000 2415 Filius

2105 2361 2180 2430 τῷ
2208 2360 2263 2413 δὲ
2295 2360 2386 2412 καὶ
2415 2357 2510 2412 τοῦ
2561 2357 2690 2410 Υἱοῦ
2757 2355 2929 2408 αἰτίου
2983 2352 3369 2424 προστίθεται;
3404 2351 3461 2402 Ei
3505 2350 3560 2402 δὲ
3593 2348 3689 2401 καὶ

418 2443 606 2506 habet,
638 2460 666 2497 a
700 2442 861 2499 Patre
885 2447 1105 2516 accipit,
1144 2448 1214 2502 ab
1244 2463 1308 2502 eo
1348 2451 1512 2504 etiam
1560 2453 1812 2521 accipiet,
1855 2455 1998 2525 quod

2105 2453 2281 2506 πάντα
2318 2453 2417 2504 ὅσα
2464 2451 2576 2520 ἔχει
2603 2452 2631 2503 6
2674 2450 2821 2513 Υἱὸς,
2864 2450 2928 2501 ἐκ
2985 2446 3079 2499 τοῦ
3139 2445 3351 2514 Πατρδς
3390 2441 3684 2509 λαμϐάνει,

413 2547 480 2586 ex
531 2536 651 2603 ipso
691 2537 956 2605 procedat
1005 2537 1269 2608 Spiritus.
1305 2539 1416 2594 Cur
1463 2558 1593 2612 ergo
1624 2544 1866 2597 dandum
1913 2554 1999 2599 est

2105 2546 2311 2599 ἐκεῖθεν
2345 2544 2410 2598 ἂν
2442 2545 2527 2614 εἴη
2555 2543 2648 2596 καὶ
2671 2542 2732 2595 τὸ
2758 2540 2816 2608 ἐξ
2838 2538 3004 2594 αὑτοῦ
3041 2539 3102 2592 τὺ
3129 2537 3355 2606 Πνεῦμα
3387 2533 3686 2604 ἐκπορεύε-

414 2625 578 2693 Filio,
613 2628 757 2697 quod
787 2644 854 2683 ex
888 2630 1006 2698 ipso
1036 2631 1296 2700 procedat
1323 2632 1584 2701 Spiritus,
1619 2634 1845 2704 Spiritui
1870 2653 2001 2692 vero

2107 2638 2250 2691 σθαι.
2277 2637 2374 2699 Τίς
2408 2633 2500 2689 οὖν
2529 2637 2561 2703 ἡ
2599 2632 2900 2704 φιλοτιμία,
2949 2630 3131 2684 δοῦναι
3186 2629 3283 2699 μὲν
3307 2628 3422 2697 Υἱῷ
3475 2626 3685 2680 ἐκείνου

415 2733 597 2784 neque
623 2717 755 2772 illud
785 2719 1046 2784 dandum,
1079 2729 1139 2774 ut
1171 2737 1237 2775 ex
1270 2737 1330 2776 se
1360 2723 1479 2792 ipso
1508 2725 1793 2794 procedat,
1827 2741 2001 2796 neque

2106 2730 2356 2799 προϊέναι
2375 2729 2433 2780 τὸ
2450 2722 2698 2796 Πνεῦμα,
2725 2726 2803 2797 τῷ
2821 2724 3100 2795 Πνεῦματι
3126 2723 3182 2775 δὲ
3210 2722 3283 2792 μὴ
3311 2719 3520 2785 δοῦναι,
3549 2719 3688 2808 μήτε

415 2809 576 2870 illud,
610 2817 668 2863 ut
703 2812 1076 2875 generationis
1103 2812 1228 2867 Filii
1260 2816 1538 2886 particeps
1558 2817 1672 2871 sit?
1707 2816 1922 2875 Rursus
1954 2821 1999 2876 si

2103 2824 2201 2893 τὴν
2233 2821 2427 2874 ἑαυτοῦ
2459 2820 2808 2890 ἐκπὸρευσιν,
2845 2819 2981 2889 μήτε
3019 2816 3124 2887 μὴν
3149 2816 3247 2884 τῆς
3271 2813 3366 2867 τοῦ
3397 2812 3530 2866 Υἱοῦ
3563 2828 3693 2881 μετ-

418 2901 597 2969 major
651 2903 761 2974 (20)
822 2912 907 2960 est
933 2905 1108 2972 Pater,
1139 2907 1265 2978 quia
1311 2907 1434 2962 Filii
1470 2925 1636 2964 causa
1686 2919 1791 2976 est,
1827 2913 2001 2982 major

2106 2915 2247 2985 ἐχειν
2293 2914 2633 2982 γεννήσεως;
2692 2911 2802 2964 Καὶ
2857 2913 2906 2962 εἰ
2956 2908 3153 2980 μείζων
3177 2909 3204 2959 ὁ
3235 2907 3424 2975 Πατὴρ
3449 2903 3527 2972 τῷ
3549 2898 3693 2958 εἶναι

415 2995 522 3048 erit
564 3004 619 3048 et
653 2995 849 3062 Filius,
881 3011 1005 3051 cum
1040 3013 1205 3053 causa
1248 2997 1488 3069 Spiritus
1525 3002 1617 3057 sit.
1652 3001 1813 3059 Patet
1845 3021 1995 3076 ergo,

2106 3007 2277 3068 αἴτιος
2313 3003 2407 3057 τοῦ
2440 3001 2596 3067 Υἱοῦ,
2661 3003 2862 3072 μείζων
2890 3001 2955 3054 ἂν
2989 3002 3072 3069 εἴη
3102 2999 3193 3051 καὶ
3215 3000 3242 3050 6
3276 2997 3403 3060 Υἱὸς
3429 2997 3506 3068 τῷ
3551 2992 3692 3049 εἶναι

420 3085 660 3153 Spiritus
689 3102 981 3156 personam
1019 3089 1290 3155 imminui,
1319 3089 1458 3146 Filio
1491 3094 1710 3163 quidem
1740 3097 1794 3150 in
1828 3114 1990 3152 uuam

2113 3077 2288 3159 ἀἴτιος
2317 3095 2411 3148 τοῦ
2442 3095 2780 3163 ῐΙνεύματος.
2807 3093 2919 3146 Καὶ
2968 3091 3083 3153 πῶς
3114 3091 3212 3142 οὐκ
3243 3088 3309 3142 ἂν
3348 3088 3500 3142 λάϐοι
3535 3088 3566 3155 ἡ
3596 3085 3693 3140 τοῦ

418 3191 645 3232 causam
700 3181 894 3245 relato,
938 3179 1145 3248 Spiritu
1184 3198 1315 3237 vero
1344 3184 1396 3236 in
1445 3183 1604 3240 duas.
1639 3187 1791 3252 Quod
1837 3191 1880 3242 si
1935 3205 1999 3244 ex

2105 3187 2430 3257 Πνεῦματος
2478 3185 2888 3257 σμικρυνομένη
2942 3182 3262 3244 ὑπόστασις,
3297 3179 3392 3233 τοῦ
3428 3179 3526 3249 μὲν
3558 3178 3692 3232 Υἰοῦ

420 3269 526 3322 hoc
555 3268 730 3336 major
760 3269 969 3340 Spiritu
1017 3271 1278 3326 statuitur
1307 3271 1502 3339 Filius,
1538 3277 1715 3345 major
1747 3280 1912 3332 etiam
1951 3280 2004 3332 in

2108 3280 2244 3349 πρὸς
2295 3280 2351 3330 ἓν
2401 3280 2572 3332 αἴτιον
2638 3276 3070 3349 ἀναφερομένου,
3128 3274 3220 3326 τοῦ
3290 3273 3607 3343 Πνεύματος
3635 3272 3693 3325 δὲ

421 3370 674 3415 sanctum
729 3361 1015 3432 Spiritum,
1063 3378 1227 3432 quam
1271 3365 1324 3418 in
1371 3363 1608 3434 Filium,
1664 3369 2006 3439 blasphemia

2108 3372 2244 3440 πρὸς
2277 3371 2369 3423 δύο
2398 3370 2496 3439 τὴν
2522 3369 2800 3438 ἀναφορὰν
2862 3368 3112 3436 ἕχοντος;
3157 3365 3266 3417 Καὶ
3301 3367 3348 3416 εἰ
3379 3366 3441 3416 ἐκ
3486 3363 3691 3432 ταύτης

421 3452 698 3506 censenda
739 3459 843 3507 est.
895 3451 1012 3508 Hoc
1070 3454 1214 3508 enim
1268 3455 1447 3526 ipsum
1499 3457 1762 3513 Servatur
1821 3470 2008 3516 noster

2103 3463 2200 3529 τῆς
2232 3460 2554 3523 ἁκολουϋίας
2588 3460 2789 3529 μείζων
2837 3459 2929 3512 τοῦ
2965 3461 3285 3528 Ιῖνεύματος
3325 3458 3352 3508 ὁ
3375 3455 3520 3517 Υἱὸς,
3569 3453 3689 3516 πῶς

421 3541 631 3609 docuit,
671 3558 866 3612 nempe
901 3543 1297 3615 blasphemiam
1336 3548 1388 3602 in
1444 3547 1709 3618 Spiritum
1751 3562 2002 3608 sanctum

2105 3556 2242 3624 ἠείς
2271 3554 2330 3605 τὺ
2373 3551 2530 3619 ἆγιον
2595 3549 2818 3620 Πνεῦμα
2871 3550 3190 3619 βλασφημία
3232 3550 3305 3619 μὴ
3357 3547 3553 3618 μείζων
3588 3545 3690 3614 τῆς

422 3650 600 3703 neque
631 3635 686 3688 in
723 3635 828 3690 hoc
863 3637 1062 3692 saeculo
1094 3639 1320 3703 remitti,
1353 3656 1531 3708 neque
1562 3643 1616 3695 in
1653 3644 1839 3698 futuro
1866 3647 1930 3699 ³⁸.

2103 3648 2183 3708 εἰς
2237 3645 2328 3697 τὸν
2383 3645 2514 3698 Υἱὸν
2587 3643 2965 3714 βλασφημίας;
3018 3643 3190 3696 Τοῦτο
3260 3641 3370 3714 γὰρ
3447 3639 3694 3704 ἐδίδαξεν

421 3728 451 3780 6
484 3727 676 3798 Σωτὴρ
705 3728 804 3799 τὴν
850 3731 930 3793 εἰς
984 3731 1045 3784 τὸ
1096 3733 1322 3802 Πνεῦμα
1351 3735 1412 3787 τὸ
1461 3736 1617 3804 ἆγιον
1658 3739 2006 3811 βλασφημίαν
2044 3743 2137 3794 καὶ
2169 3745 2226 3797 ἐν
2255 3741 2333 3813 τῷ
2368 3740 2463 3794 νῦν
2496 3738 2653 3793 αἰῶνι
2738 3740 2831 3792 καὶ
2881 3741 2939 3792 ἐν
2993 3737 3070 3809 τῷ
3120 3738 3366 3809 μέλλοντι
3454 3737 3698 3804 ἄφυκτον

422 3815 564 3882 εἶναι
587 3817 742 3889 δίκης
771 3820 964 3876 εἰπών.

497 3959 540 3990 ¹⁸
579 3958 774 4014 Matth.
805 3976 881 4014 λιι
912 4001 928 4028 ,
961 3961 1049 4016 32.

1940 4057 2174 4114 NOTAE.

423 4150 709 4221 arguatur.
733 4143 910 4199 αι·ωοί
954 4143 1146 4221 Patres
1195 4145 1461 4202 adhibent
1499 4149 2008 4221 pa_ssim,persona-
2113 4160 2203 4206 tus
2257 4152 2459 4221 virtute
2503 4151 2860 4221 potentiaque
2909 4150 3077 4220 pollet
3133 4165 3198 4205 ac
3235 4148 3277 4221 ξ’
3285 4147 3434 4210 ilius,
3467 4163 3595 4218 ergo
3645 4146 3694 4207 si

423 4232 544 4290 rum
594 4215 840 4290 ordinem
879 4215 1266 4290 respicientes;
1307 4233 1406 4290 nec
1443 4215 1514 4290 de
1554 4219 1716 4272 Patre
1753 4215 2001 4284 tantum,
2117 4221 2382 4290 Spiritum
2417 4215 2590 4276 Filius
2619 4215 2841 4284 emittit,
2871 4215 2925 4276 et
2961 4221 3201 4290 Spiritus
3231 4218 3426 4273 Filium
3454 4215 3694 4277 emittet.

427 4285 518 4342 sed
551 4292 605 4338 et
623 4285 705 4363 Ide
720 4282 879 4363 Filio.
913 4284 1715 4363 llineinFloreutiniConcilii
1765 4282 2005 4363 de_creto,
2114 4282 2183 4345 At
2205 4307 2313 4363 ego
2343 4293 2599 4347 similiter
2627 4282 2850 4363 arguam
2894 4282 3357 4363 :gEquiputentes
3379 4298 3507 4344 sunt
3522 4291 3697 4363 Pater

425 4369 589 4432 quem
617 4353 796 4432 Graeci
819 4354 1018 4417 αἰτίαν,
1041 4353 1216 4409 Latini
1240 4357 1554 4432 principium
1586 4359 1794 4432 dicunt.
1813 4353 2007 4414 Filium
2117 4371 2171 4413 et
2203 4353 2410 4432 Filius;
2447 4377 2577 4432 ergo
2601 4431 2608 4432 ί
2630 4353 2888 4416 δὶνΡιιιοιι
2917 4353 3124 4416 Ἑὶῑὶἱιιιὶ
3151 4369 3398 4432 generat,
3435 4367 3488 4415 et
3522 4360 3698 4417 Filius

427 4420 591 4478 etiam
655 4420 870 4500 Spiritu
919 4432 1112 4500 saneto
1134 4420 1436 4500 _maj_orem
1495 4428 1745 4500 (ratione
1799 4433 2012 4486 scilicet
2050 4494 2081 4500 _
2115 4432 2359 4487 Patrem.
2395 4420 2662 4486 Ridiculae
2708 4420 3209 4486 ratiocinationes":
3240 4420 3437 4498 nempe
3468 4447 3702 4500 genera-

427 4508 630 4573 causae.
665 4509 760 4546 seu
794 4494 1090 4573 principii)
1125 4493 1548 4573 Grmdiypcant.
1586 4497 1722 4573 Vide
1750 4501 2011 4573 Graeciam
2049 4494 2090 4547 D
2119 4505 2215 4567 tio,
2244 4505 2496 4573 spiratio.
2532 4503 2840 4571 productio.
2877 4520 2982 4556 non
3042 4503 3296 4572 potentiae
3329 4493 3696 4572 sunt‘opera,

428 4563 779 4642 orthodoxam
820 4575 951 4642 tom.
979 4562 1076 4642 ll,
1115 4581 1236 4635 pag.
1269 4567 1408 4642 748,
1440 4584 1545 4642 qua
1599 4571 1874 4642 locutione
1917 4577 2014 4626 mi-
2115 4562 2212 4628 sed
2242 4562 2607 4639 pcrsonalium
2640 4562 3057 4642 pmprictatum:

427 4635 577 4688 nime
616 4642 849 4688 utuntur
895 4635 1107 4713 Latini,
1133 4637 1282 4713 apud
1317 4635 1897 4713 quos—duriussmat.
1931 4643 2012 4696 Li-
2187 4635 2296 4713 (18)
2340 4643 2449 4697 Cur
2480 4635 2655 4696 auteui
2687 4635 2803 4696 hoc.
2849 4641 3350 4713 Erroreskcum‘nlat
3377 4648 3568 4696 auctor
3594 4641 3701 4696 hoc

427 4713 547 4783 ceat
595 4715 884 4783 propterea
929 4707 1387 4783 animadvertere,
1421 4724 1583 4778 quam
1638 4712 1834 4783 injuria
1885 4715 2014 4767 insi-
2114 4707 2258 4767 loco.
2281 4707 2403 4768 Nec
2433 4713 2676 4783 Spiritus
2718 4716 2898 4779 enim,
2933 4730 3036 4768 nec
3071 4711 3242 4768 Filius
3273 4721 3401 4766 sunt
3425 4729 3453 4766 a
3489 4727 3570 4776 se,
3602 4714 3698 4768 sed

429 4775 706 4851 mulemur
753 4792 782 4829 ιι
825 4776 1149 4851 Photianis,
1203 4775 1462 4848 tanquam
1513 4775 1707 4851 _sancti
1771 4782 2009 4851 Spiritus
2115 4798 2144 4836 ιι
2177 4783 2356 4838 Patre.

429 4843 680 4924 dignitati
710 4859 820 4924 non
851 4848 1227 4924 consulentes,
1259 4843 1381 4924 cum
1404 4865 1480 4924 ex
1513 4849 1596 4904 his
1626 4843 1828 4921 pateat,
1851 4855 1917 4908 de
1948 4871 2010 4909 ea
2191 4855 2303 4924 (l9)
2346 4853 2546 4908 Deinde
2576 4851 2832 4922 Spiritus.
2875 4854 2943 4908 At
2975 4854 3138 4908 Pater
3189 4851 3498 4924 Filiusque,
3524 4853 3571 4908 si
3601 4868 3699 4911 eos

430 4917 605 4995 multo
657 4918 831 4995 magis
878 4919 1071 4971 anxios
1125 4934 1188 4972 ac
1242 4921 1507 4995 sollicitos
1538 4917 1642 4976 nos
1668 4917 1823 4986 esse,
1848 4939 2010 4993 quam
2116 4917 2399 4980 ut‘sa'ncti
2453 4917 2691 4993 Spiritus
2743 4926 3070 4995 principium
3129 4917 3472 4995 consideres,
3525 4940 3696 4979 unum

429 4982 876 5063 GrazcoszAt'gui
913 5004 1131 5063 causam
1159 4991 1458 5063 recipiunt,
1482 4982 2008 5056 concausam'et'iam,
2117 5007 2276 5062 sunt;
2314 5011 2453 5050 unus
2482 4982 2760 5063 siquidem
2784 4982 3032 5063 spiritus,
3066 5003 3120 5049 et
3153 5009 3257 5047 una
3288 4982 3537 5060 spiratio.
3567 4996 3700 5060 Qua)

432 5065 492 5109 ιιι
530 5055 619 5108 hic
654 5055 764 5111 Leo
792 5057 1054 5136 loquitur,
1086 5055 1341 5136 videntur
1365 5077 1532 5136 posse
1573 5066 1838 5136 recipere.
1865 5055 2012 5118 Nun-
2117 5055 2441 5136 sequuntur.
2483 5055 2594 5134 jam
2645 5055 2828 5118 diluta'
2867 5055 3028 5136 sunt.
3069 5067 3124 5118 ln
3175 5055 3529 5135 generatione
3576 5055 3697 5120 Filii

432 5077 492 5109 ut
530 5077 619 5108 tm:
654 5077 764 5111 Leo
794 5077 1054 5124 toqtntttr,
1086 5077 1341 5116 Vtucmur
1409 5077 1532 5116 osse
1573 5078 1838 5132 reCIpet'e.
1865 5077 2012 5118 Νηι-

427 5141 593 5205 quam
625 5136 803 5205 tamen
830 5127 1015 5181 Patres
1045 5131 1316 5205 συναξτιον
1347 5077 1606 5185 ᾱιξχειιιιιι
1638 5132 1856 5198 Filium,
1895 5142 2009 5188 tum

2117 5077 2441 5136 sequuntur.
2483 5081 2594 5134 jam
2645 5077 2817 5118 diluta
2867 5077 3015 5119 sunt.
3069 5077 3124 5118 In
3175 5077 3529 5135 generatione
3576 5077 3697 5120 r’tlii

2117 5140 2304 5192 nullus
2356 5136 2586 5205 Spiritui
2628 5144 2822 5190 sancto
2867 5135 3058 5205 locus,
3091 5149 3214 5189 cum
3256 5143 3417 5205 egeat
3447 5150 3477 5188 a
3513 5150 3700 5204 perso-

428 5197 577 5277 quod
610 5202 791 5253 minus
826 5208 1113 5277 congruat,
1148 5201 1237 5254 ubi
1275 5217 1438 5277 causa
1464 5211 1549 5277 est
1579 5219 1708 5277 una,
1730 5197 2012 5277 tumquod
2119 5209 2227 5263 nali
2260 5197 2595 5277 proprietate
2620 5205 2824 5277 Patris,
2849 5206 2976 5275 quia
3006 5197 3249 5277 Spiritus
3277 5202 3476 5258 Filium
3493 5197 3702 5275 suppo-

430 5267 594 5322 Pater
623 5269 1400 5344 εθιιειιιβὶιπροκαταρκτικὴ,
1434 5275 1732 5339 primaria,
1768 5267 2015 5344 priniige-
2118 5280 2222 5338 uit,
2256 5267 2378 5331 cum
2432 5277 2502 5329 sit
2554 5267 2946 5344 Spiritus'n'on
3006 5267 3185 5330 Patris
3237 5284 3469 5339 tantum,
3499 5267 3621 5330 sed'
3648 5287 3703 5331 ct

432 5341 546 5416 nio:
579 5339 1059 5416 originalis._Qt_t_od
1090 5339 1222 5416 esse
1243 5339 1529 5416 accipiant
1570 5359 1606 5416 ιι
1631 5339 1788 5416 Patre
1819 5339 2008 5408 Filius,

2117 5349 2237 5402 Filii
2266 5366 2278 5400 :
2323 5339 2732 5416 Ἐξαπὲστὲιλεν
2761 5349 2788 5399 ὁ
2809 5346 2938 5410 Θεὸς
2966 5347 3026 5398 τὸ
3056 5345 3282 5416 Πνεῦμα
3315 5344 3409 5398 τοῦ
3439 5345 3571 5399 Υἱοῦ
3604 5348 3699 5398 αὑ-

432 5408 767 5487 θεδρίιςίῐιιε,
791 5411 1058 5487 Catholici
1082 5409 1256 5487 Grgcci
1283 5408 1495 5478 dicunt,
1516 5414 1611 5469 sed
1627 5413 1798 5470 Filius
1818 5433 2012 5487 γεννη-
2115 5419 2229 5472 τοῦ.
2265 5408 2440 5472 Galat.
2479 5432 2554 5479 tv,
2584 5415 2638 5487 6.
2681 5417 2819 5481 Quid
2850 5408 3094 5471 clarius?

432 5477 837 5557 ‘35);_.n_5pirittts
865 5482 1262 5557 EXEOPSUTLB;L
1301 5553 1334 5557 __
1483 5477 1509 5557 ⁷-
1829 5477 1841 5485 ⁷
1969 5477 1981 5487 ’

2189 5489 2300 5554 (20)
2329 5477 2846 5557 Πιινδιιδέίίτηὶιίον.
2881 5487 3071 5552 Quoad
3111 5485 3408 5544 essentiam
3437 5495 3492 5541 et
3532 5497 3700 5541 natu-

507 5549 617 5628 (lti)
645 5549 718 5628 Si
751 5553 891 5605 enim
925 5549 1178 5628 Spiritus.
1223 5551 1465 5609 Fallaces
1499 5554 1619 5608 ista:
1649 5555 1921 5611 illationes
1960 5557 2012 5611 in
2115 5549 2231 5614 ram
2275 5549 2519 5628 Spiritus
2561 5553 2698 5628 Filio
2735 5549 2827 5613 est
2857 5549 3104 5628 :rqualis,
3158 5558 3351 5611 ordine
3395 5566 3450 5611 et
3483 5558 3699 5625 origine

434 5619 684 5673 mendaci
740 5619 1024 5698 supposito
1076 5623 1371 5692 nituntur,
1439 5635 1567 5680 nota
1622 5630 1853 5698 septima
1897 5628 2012 5698 jam
2116 5619 2938 5698 minorEatsicutduashaheré
2964 5619 3162 5683 causas
3191 5619 3697 5696 nonconsequi'tur,

437 5699 629 5770 ονίξζὶτξ
657 5700 712 5770 ei
739 5691 992 5770 disiecto.
1101 5763 1111 5770 _
1356 5767 1365 5770 Α
1494 5768 1503 5770 Α
1612 5767 1651 5770 _
1685 5691 1720 5770 ’ί
1850 5768 1873 5770 ῃ
1899 5691 1930 5770 ’ν
1973 5769 1979 5770 γ
2118 5702 2190 5754 ita
2224 5714 2325 5754 nec
2364 5698 2499 5754 duos
2521 5697 2724 5756 habere
2766 5700 3020 5770 majores.
3063 5700 3269 5754 Caetera
3301 5699 3436 5753 satis
3463 5691 3699 5754 rélutata

519 5756 628 5824 (Π)
670 5756 871 5813 Rursus
900 5763 943 5814 si
977 5763 1313 5831 wquipotens.
1343 5767 1533 5840 Arguit
1565 5787 1578 5822 :
1612 5767 1812 5826 Eadem
1843 5768 2012 5842 Spirio
2118 5779 2265 5826 sunt.

3726 5601 3734 5649 l
