4072 6458
381 332 494 398 149

1299 315 1579 375 ORATIO
1607 317 1778 377 XIII.
1810 344 1880 353 —-
1920 321 2016 379 DE
2046 320 2358 382 SPIRITU
2401 324 2708 385 SANCTO.

3541 328 3643 393 150

475 427 618 483 Ἀλλ’
643 429 710 482 ὲκ
733 429 951 500 Πατρὸς
979 433 1074 486 καὶ
1099 435 1230 489 Υῐοῦ
1276 440 1336 493 τὸ
1371 443 1616 513 Πνεῦμα,
1657 447 1753 500 καὶ
1783 445 1887 500 ποῦ
1907 448 1963 500 τὸ

2145 448 2223 502 Ex
2280 448 2443 505 Patre
2492 450 2659 520 igitur
2701 458 2758 506 et
2796 464 2861 506 ex
2908 448 3049 504 Filio
3098 447 3385 518 Spiritus?
3420 449 3642 504 ubinam
3715 409 3734 437 γ’

374 521 490 591 τῆς
519 524 822 594 μοναρχίας
858 525 1119 594 εὑσεϐέςς
1149 531 1265 589 πῶς
1285 533 1344 586 δὲ
1384 537 1444 588 ού
1467 539 1772 610 πολυαρχία
1790 540 1972 612 χώραν

374 613 541 668 λάϐοι
569 631 586 678 ;
617 614 672 667 τί
725 616 836 687 γὰρ
877 620 1113 675 κωλύσοι
1144 625 1286 678 κατὰ
1330 627 1518 682 τοῦτον
1546 631 1638 684 τὸν
1663 631 1839 700 λόγον,
1877 634 1972 687 καὶ

371 706 442 758 τὸ
497 708 727 779 Πνεῦμα
785 709 975 782 ἑτέρου
1025 715 1200 770 αἴτιον
1255 715 1414 788 εἶναι,
1468 725 1563 777 καὶ
1607 727 1782 778 ἐκεῖνο
1809 727 1972 782 πάλιν

371 799 614 868 ἑτέρους
644 801 742 855 καὶ
765 801 912 856 οὕτω
932 804 1094 858 πάλιν
1131 809 1191 860 τὸ
1222 812 1528 886 πολύαρχον
1554 817 1838 888 ἀνακύψει.
1877 819 1971 873 Ἐκ

371 891 479 943 τοῦ
522 891 735 962 Πατρὸς
763 895 861 946 καὶ
898 895 994 949 τοῦ
1033 897 1166 951 Υἱοῦ
1219 902 1282 954 τὸ
1328 905 1966 979 Πνεῦμα⁶ὲκπορεύεται,

373 983 484 1034 καὶ
515 982 635 1045 πῶς
659 985 688 1036 ὁ
715 984 806 1038 τὸν
842 987 1059 1057 Πατέρα
1089 992 1406 1058 γινώσκων,
1437 996 1619 1060 καθὼς
1644 1000 1847 1062 ἐκεῖνος
1878 999 1970 1052 τὸν

373 1075 520 1128 Υιὸν
542 1077 821 1144 γινώσκει,
868 1080 939 1134 Τὸ
984 1084 1226 1152 Πνεῦμα
1269 1087 1379 1154 τῆς
1422 1089 1734 1157 ἀληθείας,
1779 1093 1965 1161 φησὶν,

374 1167 410 1220 ὃ
433 1167 602 1236 παρὰ
626 1169 733 1223 τοῦ
759 1171 989 1239 Πατρός
1011 1174 1437 1243 ἐκπορεύεταις
1473 1181 1613 1234 Ἀλλ’
1637 1185 1699 1238 ὲκ
1716 1183 1810 1236 τοῦ
1839 1184 1966 1236 Υἱοῦ

373 1261 444 1314 τὸ
478 1261 707 1330 Πνεῦμα
728 1279 742 1292 ⁸
798 1263 898 1334 τὴν
945 1265 1114 1336 αὐτὴν
1145 1271 1393 1338 πρόοδον,
1425 1272 1457 1342 ἢ
1487 1273 1581 1326 τοῦ
1616 1275 1826 1344 Πατρὸς
1849 1275 1968 1327 ἐτέ-

382 1371 522 1424 ρανς
567 1355 707 1407 Ἀλλ’
737 1357 787 1408 εἰ
827 1357 928 1426 μὲν
963 1357 1062 1428 τὴν
1095 1360 1288 1430 αὐτὴν,
1317 1363 1370 1413 τί
1409 1363 1490 1416 δεῖ
1517 1367 1615 1434 τῆς
1645 1365 1968 1434 ἀμφοτέρων

380 1445 682 1514 προϐολῆς,
747 1447 1100 1518 ὑπαρχούσης
1143 1452 1383 1520 ταύτηςς
1428 1456 1475 1505 ει
1529 1454 1588 1506 δὲ
1636 1455 1830 1525 ἑτέραν
1870 1458 1968 1525 μὲν

385 1537 623 1606 Ιιατρὸς,
652 1538 849 1606 ἑτέραν
890 1541 949 1594 δὲ
998 1542 1150 1606 Υὶοῦ,
1204 1545 1338 1598 ἀλλὰ
1367 1545 1430 1598 rb
1481 1547 1608 1616 ὲξῆς
1648 1550 1963 1604 σιωπάσθω.

393 1628 559 1690 Ti“;
586 1630 672 1692 τίς
711 1631 913 1698 μᾶλλον
937 1633 1132 1698 αἴτιος,
1150 1638 1178 1688 ὁ
1203 1637 1410 1706 Πατὴρ,
1437 1638 1468 1707 ἥ
1503 1641 1531 1692 ὁ
1559 1640 1713 1704 Υἱὸςς
1744 1642 1890 1694 Ἀλλ’
1917 1643 1966 1694 εξ

397 1719 494 1788 μὲν
554 1723 586 1775 ὀ
635 1722 852 1793 Πατὴρ,
902 1724 1020 1787 πῶς
1070 1728 1131 1778 τὸ
1178 1729 1376 1796 μᾶλλον
1401 1730 1560 1799 ἔχων,
1607 1732 1704 1784 τοῦ
1740 1734 1966 1803 ἥττονος

387 1811 704 1881 ἑνεδὲησεν;
760 1817 812 1868 et
857 1816 913 1868 δὲ
975 1819 1004 1870 ὁ
1061 1819 1212 1881 Υἱὸς,
1255 1820 1316 1872 οὐ
1370 1822 1528 1888 μόνον
1557 1824 1630 1887 ὡς
1659 1824 1835 1878 ἔοικεν
1867 1827 1965 1896 τῆς

383 1903 570 1966 αἰτίας
599 1904 694 1958 τοῦ
717 1906 1036 1977 Πνεύματος
1061 1915 1313 1963 κοινωνεῖ
1340 1913 1416 1981 τῷ
1447 1915 1645 1982 Πατρὶ,
1671 1916 1808 1970 ἀλλὰ
1869 1919 1966 1971 καὶ

390 1993 557 2061 priva;
584 1997 750 2060 αὐτὸς
783 1997 905 2050 ἀντὶ
923 1999 1019 2051 τοῦ
1054 2002 1267 2070 Πατρὸς
1303 2003 1396 2055 τοῦ
1426 2006 1740 2075 Πνεύματος
1773 2009 1964 2072 αἴτιος.

382 2079 526 2136 Εἶτα
546 2084 597 2136 εἰ
627 2085 986 2154 ἐκπορεύεται
1033 2089 1129 2141 τοῦ
1184 2091 1312 2144 Υἱοῦ
1355 2094 1416 2145 τὸ
1443 2095 1687 2165 Πνεῦμα,
1718 2098 1834 2159 πῶς
1867 2099 1967 2151 οὐκ

386 2174 454 2238 ἐξ
485 2175 682 2230 ἑαυτοῦ
700 2177 853 2232 τοῦτο
871 2178 1084 2233 δίδωσιν
1104 2182 1132 2232 ὁ
1152 2182 1312 2247 Υἱός;
1338 2186 1432 2238 καὶ⁹
1469 2187 1587 2250 πῶς
1623 2189 1796 2241 πάντα
1823 2189 1964 2258 λαμ-

395 2263 558 2318 ϐάνει.
589 2267 744 2336 παρὰ
763 2267 854 2320 τοῦ
881 2269 1090 2340 Πατρός
1115 2290 1131 2336 ;
1170 2276 1264 2327 καὶ
1300 2275 1420 2328 τίνα
1448 2278 1650 2347 τρόπον
1675 2280 1736 2333 ού
1781 2282 1963 2334 δίδωσι

481 2417 524 2449 ³⁸
557 2415 711 2474 Joan.
740 2437 772 2474 ι
796 2462 812 2488 ,
853 2422 952 2488 ίός
989 2439 1079 2490 xv,
1111 2424 1199 2478 26.

461 2580 573 2646 (9.!)
604 2581 912 2656 QuidAenim
945 2586 1201 2653 prohibet.
1233 2587 1359 2643 Haec
1410 2597 1495 2644 est
1542 2588 1740 2641 Leonis
1796 2603 1956 2656 argit-

385 2653 654 2728 ntentatio
688 2671 702 2706 :
758 2653 813 2707 Si
871 2665 1072 2728 praeter
1107 2655 1323 2728 Patrem
1347 2667 1458 2728 West
1486 2660 1577 2728 qui
1614 2668 1822 2728 causet,
1861 2653 1954 2712 seu

386 2722 680 2788 producat,
711 2739 817 2794 non
855 2722 1018 2780 modo
1040 2727 1307 2794 producet
1344 2722 1539 2790 Filius,
1577 2729 1671 2786 sed
1707 2736 1761 2781 et
1789 2727 1962 2792 Spiri-

382 2801 582 2868 nis_,_et
619 2793 886 2862 producet
917 2793 1268 2868 iterum,qui
1322 2813 1351 2851 a
1383 2798 1591 2867 Spiritu
1617 2799 1958 2868 producitur.

381 2863 523 2926 Quid
552 2861 1004 2938 hocante‘mﬁst,
1059 2867 1164 2919 nisi
1196 2861 1264 2921 'in
1311 2861 1706 2937 principiorum
1741 2870 1963 2938 plurali—

391 2941 560 3007 tatem
603 2933 826 3007 delabi?
870 2933 1325 3007 ltaioppugnanti
1363 2933 1757 3007 respondemus
1789 2955 1801 2988 :
1840 2939 1960 2992 ideo

389 3001 888 3076 Filium_emittere
950 3001 1236 3073 spiritum,
1293 3009 1419 3076 quia
1453 3001 1710 3062 virtutem
1740 3009 1964 3076 spirati-

391 3087 505 3146 vain
539 3087 566 3124 a
595 3071 760 3128 Patre
788 3075 972 3139 habet,
991 3071 1257 3145 Spiritum
1290 3071 1469 3131 autem
1498 3080 1661 3131 alium
1698 3071 1959 3146 Spiritum

2073 541 2237 595 unius
2262 541 2518 612 principii
2550 542 2740 612 religio
2767 542 2792 596 ?
2823 556 3006 596 nonne
3035 541 3322 611 pluralitas
3348 541 3644 611 principio—

2072 645 2192 684 rum
2219 632 2400 686 locum
2429 634 2672 688 inveniet
2691 633 2714 686 ?
2733 633 2861 703 qttid
2886 634 3030 688 enim
3049 633 3153 688 hoc
3174 631 3336 688 modo
3364 634 3642 704 prohibet,

2073 722 2185 792 (9.1)
2214 723 2482 794 Spiritum
2507 740 2725 794 quoque
2762 724 2990 780 alterius
3025 739 3246 780 causam
3279 740 3422 790 esse,
3451 725 3646 780 istum-

2069 829 2178 882 que
2223 815 2418 869 iterum
2467 817 2695 871 alterius
2721 816 2744 868 ?
2790 831 2856 870 ex
2881 831 2991 885 quo
3023 816 3310 886 pluralitas
3339 816 3642 886 principio-

2069 917 2192 957 rum
2221 895 2413 960 rursus
2440 907 2728 960 excitatur.
2755 904 2834 959 Ex
2863 905 3116 971 Patre,et
3143 921 3209 962 ex
3229 905 3369 960 Filio
3401 906 3639 972 Spiritus

2067 993 2315 1065 procedit
2334 996 2358 1048 ?
2376 996 2648 1064 quomodo
2670 1010 2797 1065 ergo
2823 999 2917 1066 qui
2947 995 3162 1052 Patrem
3195 997 3464 1067 agnoscit,
3494 997 3637 1053 sicut

2067 1093 2158 1148 ille
2207 1091 2403 1147 Filium
2447 1094 2619 1155 novit,
2652 1095 2900 1162 spiritum
2941 1093 3203 1149 veritatis.
3243 1091 3440 1160 inquit,
3486 1091 3635 1157 quia

2067 1183 2236 1240 Patre
2267 1185 2501 1255 procedit
2532 1185 2641 1256 (‘22)
2667 1185 2757 1238 “‘t
2787 1184 2862 1238 Ex
2897 1184 3034 1238 Filio
3066 1183 3312 1252 procedit
3345 1181 3586 1253 Spiritus
3616 1182 3642 1233 ?

2066 1286 2214 1344 peto,
2271 1293 2364 1345 per
2397 1277 2643 1332 eamdem
2681 1291 2750 1332 ne
2787 1277 2902 1346 (9.5)
2937 1275 3369 1344 processionem,
3424 1289 3491 1327 an
3540 1287 3640 1342 per

2067 1371 2226 1424 aliam
2262 1371 2285 1423 ?
2330 1371 2376 1424 si
2419 1385 2514 1438 per
2545 1369 2817 1428 eamdem,
2866 1368 2996 1436 quid
3032 1367 3238 1435 indiget
3283 1367 3638 1433 processione

2066 1462 2135 1516 ab
2184 1461 2450 1515 ambobus
2505 1461 2597 1514 illa
2651 1460 2882 1529 posita?
2917 1461 2960 1513 si
3014 1473 3146 1512 vero
3191 1457 3296 1512 alia
3349 1465 3430 1511 est
3457 1455 3637 1512 Patris

2065 1551 2364 1621 processio.
2390 1559 2444 1604 et
2479 1551 2584 1603 alia
2615 1548 2759 1612 Filii,
2809 1549 3053 1612 sileatur,
3088 1563 3296 1618 quceso,
3327 1547 3474 1616 quod
3512 1548 3639 1601 inde

2067 1643 2440 1711 consequitur.
2483 1641 2622 1706 Quid
2676 1642 2875 1696 enim?
2923 1648 3044 1694 uter
3099 1639 3274 1708 magis
3322 1654 3486 1694 causa
3527 1649 3634 1702 est,

2066 1732 2246 1792 Pater.
2281 1747 2348 1785 an
2381 1731 2594 1784 Filius?
2626 1731 2670 1786 si
2704 1730 2882 1794 Pater,
2905 1728 3184 1798 quomodo
3207 1729 3302 1796 qui
3333 1729 3505 1796 major
3531 1737 3637 1792 est,

2066 1825 2291 1878 minoris
2320 1823 2621 1892 indiget?si
2643 1820 2835 1879 Filius,
2857 1820 2968 1888 jam
2998 1820 3268 1888 sequitur,
3297 1835 3402 1874 non
3425 1827 3638 1873 tantum

2067 1930 2290 1969 causam
2342 1932 2464 1970 esse
2509 1915 2670 1967 simul
2713 1928 2835 1967 cum
2872 1911 3052 1976 Patre,
3091 1912 3185 1966 sed
3238 1912 3415 1981 ipsum
3461 1912 3637 1964 solum

2067 2006 2186 2060 loco
2217 2005 2394 2059 Patris
2426 2005 2666 2072 Spiritus
2695 2017 2918 2057 causam
2964 2018 3107 2058 esse.
3144 2001 3413 2056 Przeterea
3446 2002 3556 2070 (24)
3589 2003 3636 2056 si

2069 2113 2097 2150 a
2152 2096 2289 2150 Filio
2339 2097 2576 2165 Spiritus
2626 2095 2890 2164 procedit,
2925 2094 3200 2162 quomodo
3232 2096 3334 2146 hoc
3383 2109 3491 2147 non
3542 2094 3638 2146 dat

2068 2191 2239 2244 Filius
2254 2203 2318 2242 ex
2343 2203 2402 2241 se
2423 2187 2584 2255 ipso?
2614 2195 2667 2240 et
2682 2186 2952 2254 quomodo
2972 2185 3154 2239 omnia
3179 2183 3379 2252 accipit
3393 2198 3420 2235 a
3439 2183 3639 2237 Patre?

2070 2281 2248 2346 Dices,
2271 2279 2375 2333 hoc
2400 2295 2463 2332 ex
2496 2277 2657 2332 Patre
2681 2277 2866 2342 habet,
2899 2285 2954 2331 et
2983 2278 3140 2329 abeo
3161 2275 3360 2344 accipit
3382 2285 3636 2345 tanquam

1883 2496 2110 2551 ΝΟΤᾹΞ.

2062 2587 2571 2642 ratiocinationibus
2603 2588 2761 2656 primi
2797 2589 2870 2642 illi
2915 2589 3122 2643 erroris
3164 2590 3460 2659 coryphmt,
3511 2590 3638 2642 reli-

2065 2662 2245 2726 gionis
2273 2659 2411 2712 facie
2436 2673 2500 2711 ac
2523 2661 2766 2730 nomine,
2797 2661 3128 2728 cupiditates
3153 2669 3316 2728 atque
3345 2660 3468 2714 odia
3501 2675 3639 2730 pra,—

2078 2738 2343 2790 texentes,
2375 2742 2463 2798 reo
2524 2728 2780 2798 inclytam
2817 2741 3027 2797 gentem
3070 2730 3373 2798 adegerint,
3415 2737 3474 2782 ut
3503 2728 3636 2783 cum

2069 2799 2330 2867 religione
2364 2797 2594 2869 famam,
2621 2797 2936 2869 imperium,
2971 2797 3202 2869 aliisque
3249 2800 3377 2853 olim
3410 2800 3639 2854 traditas

2070 2869 2180 2938 jam
2214 2883 2349 2936 pene
2381 2868 2622 2920 amiserit
2650 2868 2880 2938 litteras.

2139 2938 2462 3006 Panagiotes
2488 2952 2641 2990 meus
2677 2937 3018 3005 Sinopensis,
3050 2939 3136 2991 vir
3188 2938 3408 3002 ingenio
3444 2946 3498 2991 et
3541 2939 3641 2992 do-

2070 3009 2251 3062 ctrina
2289 3017 2574 3076 praestans,
2597 3008 2976 3062 Schismaticis
3017 3009 3370 3076 Opinionihus
3397 3023 3640 3072 praeven-

2070 3087 2158 3132 tus
2186 3079 2452 3148 apprime,
2499 3086 2660 3148 atque
2691 3077 2882 3132 intime
2933 3087 3344 3148 prmoccnpatus
3380 3077 3638 3133 Venetias

391 3142 602 3218 spirare
663 3157 772 3195 non
827 3142 1194 3218 possm—quia
1252 3148 1428 3218 virtus
1463 3149 1723 3215 spirativa
1741 3142 1804 3200 in
1843 3151 1962 3218 ipso
1992 3151 2036 3210 C
2067 3142 2297 3216 appulit.
2352 3142 2726 3200 Grtccis'tnnc
2773 3142 3003 3215 prmerat
3035 3142 3296 3214 Tipaldus
3323 3149 3634 3218 episﬁc0pus,

385 3213 595 3278 Spiritu
631 3222 828 3268 sancto
873 3213 1162 3270 terminum
1193 3217 1384 3271 habuit
1412 3213 1569 3272 suum
1606 3235 1620 3271 :
1650 3218 1810 3271 sicuti
1866 3213 1960 3270 Fi-

385 3282 495 3336 lius
523 3283 695 3357 alium
727 3282 957 3357 Filintn_
989 3301 1095 3340 non
1131 3294 1310 3357 potest
1337 3289 1580 3357 gignere,
1619 3289 1749 3357 quia
1784 3288 1963 3344 virtus

386 3368 656 3472 gnteraqs
684 3353 738 3406 in
773 3354 892 3424 ipso
920 3353 1057 3410 Filio
1093 3353 1360 3412 eﬂectunf
1397 3353 1455 3414 et
1500 3353 1962 3428 complementum

389 3440 420 3470 υ
445 3440 455 3472 ι
486 3439 597 3472 Inlll
629 3462 644 3472 .

389 3431 644 3475 obtinuit.

461 3493 571 3562 (‘22)
609 3493 715 3558 Qui
786 3511 818 3546 α
847 3494 1008 3549 Patre
1064 3498 1320 3564 procedit.
1352 3497 1548 3553 Misere
1603 3499 1707 3552 hoc
1736 3497 1965 3552 Joannis

390 3561 510 3616 loco
563 3564 844 3638 exsultant
884 3561 1157 3632 Photiani,
1196 3583 1259 3622 ac
1301 3571 1345 3622 si
1389 3570 1529 3638 quod
1571 3569 1824 3623 Christus
1879 3572 1967 3624 hic

388 3649 497 3707 non
555 3635 832 3707 exprimit,
865 3647 1110 3705 negaret,
1167 3647 1220 3692 et
1270 3635 1419 3693 nulla
1453 3639 1578 3701 alia,
1633 3640 1833 3707 quibus
1864 3640 1966 3692 hoc

387 3703 585 3778 dogma
626 3703 1039 3778 explanaretur,
1082 3709 1133 3761 in
1168 3712 1342 3763 sacris
1377 3710 1587 3778 paginis
1643 3703 1966 3762 documenta

387 3771 908 3847 haberentu_r._Pro
937 3779 1223 3847 negatione
1269 3771 1547 3833 silentium
1591 3780 1965 3847 accipiendum

388 3858 653 3917 nou_esse
686 3844 733 3897 is
762 3842 1200 3917 Matthai'locus,
1229 3863 1391 3917 quem
1429 3848 1538 3902 Leo
1570 3842 1757 3903 noster
1787 3850 1969 3902 attulit

387 3913 554 3985 paulo
583 3921 733 3985 ante,
773 3915 908 3970 satis
929 3919 1172 3971 ostendit
1206 3934 1218 3969 :
1247 3913 1434 3982 Οὐδεὶς
1455 3919 1714 3985 γινώσκει
1742 3918 1832 3970 τὸν
1861 3921 1971 3971 Πα-

385 3984 542 4054 τέρα,
578 3985 626 4035 εἰ
659 3983 733 4054 μὴ
754 3986 781 4054 ο
803 3985 930 4048 Υἱός
964 4005 977 4039 :
1009 3985 1177 4041 Nemo
1206 3991 1345 4043 novit
1375 3983 1608 4051 Patrem,
1647 3986 1966 4043 nisiFilius.

385 4052 444 4104 ln
476 4067 543 4106 eo
572 4052 731 4108 enim
754 4053 993 4124 Spiritus
1017 4067 1244 4114 sanctus
1281 4074 1388 4112 non
1423 4061 1584 4113 modo
1617 4075 1723 4110 non
1757 4073 1970 4112 memo-

387 4131 570 4196 ratnr,
643 4125 754 4196 sed,
788 4125 959 4180 videri
1015 4129 1190 4196 possit
1243 4131 1443 4182 minus'
1471 4129 1911 4195 circumspectis,
1941 4145 1971 4182 a

385 4191 570 4248 Patris
593 4194 868 4268 agnitione
896 4191 1107 4251 excludi
1130 4215 1146 4249 :
1167 4200 1311 4267 quod
1349 4210 1524 4252 tamen
1551 4199 1653 4268 ipsi
1682 4191 1851 4252 Graeci
1875 4216 1973 4253 ne—

386 4277 662 4331 quaquam
683 4263 950 4338 in[erunt;
974 4267 1103 4335 quin
1127 4263 1199 4322 ex
1218 4271 1447 4323 adverso
1467 4263 1836 4322 hac-oratione
1857 4271 1972 4338 ipsa

386 4335 700 4408 νηλξςιηςιῑ
739 4335 976 4408 Spiritus
1013 4339 1233 4393 notione
1271 4349 1492 4393 strenue
1536 4350 1729 4393 auctor
1749 4335 1970 4408 puguat.

462 4403 575 4472 (9.5)
596 4403 723 4477 _Petj
749 4406 1073 4462 eamdemne.
1117 4408 1218 4462 Per
1249 4410 1494 4463 eamdem
1547 4403 1928 4477 procul-dubio
1959 4427 1972 4474 ;

2065 3219 2258 3272 doctus
2289 3218 2554 3287 profecto,
2598 3226 2651 3270 et
2706 3218 3095 3271 catholicorum
3143 3217 3382 3271 omnium
3418 3217 3642 3285 dogma-

2067 3296 2180 3341 tum
2205 3289 2461 3344 defensor
2483 3287 2746 3340 eximius.
2783 3287 2834 3342 ls
2864 3287 3202 3353 Panagioten
3233 3287 3438 3342 inllexit
3469 3296 3523 3340 et
3572 3289 3638 3340 ad

2065 3369 2264 3412 rectam
2290 3357 2613 3412 sententiam
2645 3357 2864 3420 eduxit;
2907 3360 3035 3426 quin
3070 3359 3390 3411 acerrimum
3411 3356 3636 3410 Latino-

2066 3444 2188 3480 rum
2250 3429 2559 3496 dogniatum
2607 3439 3064 3496 propugnatorem
3111 3427 3383 3492 reddidit;
3423 3427 3473 3480 id
3505 3443 3634 3480 vero

2067 3512 2410 3566 nequaquam
2437 3497 2783 3564 disputando,
2819 3505 2912 3548 aut
2933 3497 3203 3565 loquendo
3221 3505 3506 3566 assecutus
3533 3507 3638 3559 est,

2071 3569 2164 3621 sed
2194 3565 2352 3622 unice
2394 3566 2625 3620 GI‘EBCOS
2647 3568 2906 3628 antiquos
2935 3567 3123 3621 Patres
3145 3565 3434 3626 tradendo,
3476 3577 3642 3633 utque

2068 3653 2162 3692 eos
2195 3645 2398 3692 attente
2423 3636 2982 3704 perlegertctjnbens,
3011 3645 3085 3701 et,
3113 3637 3334 3706 quinam
3359 3636 3640 3706 prmeipue

2069 3725 2131 3761 ex
2157 3723 2342 3760 eorum
2372 3705 2524 3759 libris
2557 3707 2836 3760 evolvendi
2860 3717 3064 3767 essent,
3094 3705 3342 3760 indicans
3361 3716 3522 3774 atque
3552 3721 3643 3760 os-

2072 3777 2318 3832 tendens.
2369 3776 2675 3829 Dialecticis
2727 3775 2971 3844 profecto
3035 3777 3185 3829 tricis
3233 3777 3302 3829 ita
3346 3776 3546 3829 involvi
3586 3785 3641 3828 et

2071 3848 2195 3910 hoc,
2229 3855 2281 3900 et
2337 3847 2584 3916 qutedam
2619 3847 2721 3897 alia
2752 3851 3000 3916 dogmata
3030 3854 3282 3912 possunt,
3317 3855 3376 3916 ut
3423 3846 3642 3914 ingenio

2072 3919 2253 3970 minus
2284 3916 2582 3985 perspicaci
2626 3915 2866 3985 przeditts
2888 3920 2976 3968 vix
3004 3915 3476 3985 emergereliceat
3506 3930 3640 3968 :ve-

2077 4002 2196 4038 rnm
2225 3984 2544 4054 scriptum,
2581 3984 2636 4038 et
2677 3991 2916 4036 veterum
2952 3985 3174 4038 Patrum
3234 3984 3488 4054 dilucidis
3520 3999 3640 4054 vcr-

2073 4057 2157 4109 bis
2192 4051 2395 4108 emicat
2421 4056 2602 4106 statim
2642 4054 2719 4106 rei
2758 4055 2981 4118 veritas,
3045 4061 3205 4120 atque
3250 4051 3486 4120 effulget.
3540 4052 3644 4105 Do-

2074 4125 2276 4179 etiores
2333 4125 2495 4176 etiam
2543 4137 2907 4191 magnumque
2949 4138 3143 4178 nomen
3200 4123 3339 4176 inter
3399 4131 3644 4177 recentes

2074 4198 2292 4249 Crtecos
2345 4194 2647 4253 consecuti,
2693 4193 2967 4254 Bessario,
3033 4195 3286 4255 Allatius,
3346 4193 3639 4254 Arcadius,

2075 4265 2457 4334 Papadopulns
2495 4263 2877 4318 consulanlur.
2942 4262 3052 4316 Vox
3104 4261 3642 4334 Filioqueimmerito

2077 4333 2280 4389 additio
2332 4334 2555 4396 dicitur,
2591 4348 2712 4386 cum
2769 4348 2916 4386 mera
2969 4334 3260 4402 explicatio
3306 4333 3418 4386 sit:
3452 4334 3496 4386 si
3529 4349 3640 4388 rem

2079 4422 2272 4459 novatn
2304 4405 2608 4463 induceret,
2637 4415 2764 4456 tunc
2789 4419 2918 4457 vere
2962 4405 3174 4462 additio
3204 4402 3436 4456 dicenda
3471 4412 3638 4457 esset.

387 4471 516 4549 nam
543 4475 608 4549 ad
633 4475 996 4549 _spirationem
1027 4477 1364 4534 elliciendam
1399 4471 1560 4532 ambo
1585 4471 1967 4549 requiruntur.
2006 4491 2047 4544 ι)
2075 4478 2144 4527 At
2203 4492 2306 4530 non
2342 4476 2544 4549 desunt
2591 4475 2746 4549 inter
2783 4475 3191 4549 scltisnialiCOS.
3264 4474 3356 4542 qui
3410 4471 3644 4549 Latinos

389 4543 736 4618 Ineptissitna
769 4555 853 4598 est
913 4544 1168 4618 instantia
1221 4551 1587 4618 subsequens,
1632 4543 1751 4603 tt'ter
1774 4566 1966 4603 eorum

389 4614 566 4681 inagis
623 4616 696 4667 sit
731 4629 915 4678 causa,
976 4617 1065 4671 tibi
1111 4635 1179 4672 ex
1235 4614 1500 4673 ambobus
1541 4621 1600 4671 lit
1632 4635 1794 4673 causa
1837 4636 1964 4673 una.

389 4681 588 4760 hlirutn
629 4683 833 4760 est,-in
874 4701 1036 4760 quam
1073 4687 1266 4741 frivola
1317 4688 1495 4743 delabi
1537 4699 1824 4759 cngantur,
1866 4691 1960 4760 qui

389 4753 815 4827 liattc__lia2resitn
853 4757 1076 4809 student
1107 4769 1410 4827 protegere.

462 4821 574 4892 (‘24)
607 4824 894 4896 Prwterea.
925 4821 1246 4896 Iterat-jam
1267 4821 1443 4896 dicta,
1482 4837 1535 4882 et
1581 4829 1797 4883 abunde
1833 4845 1966 4883 con-

388 4890 586 4946 futata.
614 4892 781 4947 Filius
814 4897 1030 4949 nihilex
1058 4890 1244 4962 sedat,
1271 4913 1393 4952 cum
1415 4890 1548 4952 nihil
1573 4915 1635 4952 ex
1661 4916 1718 4953 sc
1745 4900 1961 4953 haheat.

388 4961 632 5037 Spiritus
655 5033 670 5037 _
691 4966 986 5019 essentiam
1027 4961 1297 5037 recipiens
1329 4972 1438 5021 vim
1473 4971 1636 5022 etiam
1669 4985 1847 5023 causa:
1876 4988 1961 5023 re-

388 5033 545 5099 cipit,
577 5033 670 5088 sed
724 5048 887 5104 quam
921 5033 1169 5104 personae
1227 5046 1282 5094 et
1324 5037 1612 5094 Trinitatis
1653 5039 1792 5094 ratio
1822 5042 1963 5109 pati-

387 5110 504 5173 tur,
544 5119 736 5173 nempe
771 5120 897 5173 erga
929 5114 1174 5162 externa.

460 5172 639 5250 Atque
668 5172 779 5228 “(PC
813 5172 1377 5250 tandcmargumenta
1420 5187 1568 5246 sunt,
1598 5197 1718 5250 quae
1742 5181 1794 5233 in
1823 5180 1960 5235 hanc

387 5245 747 5318 quaestionem
783 5246 1004 5311 sapiens
1040 5245 1242 5310 ille,uti
1274 5251 1481 5317 volunt,
1507 5245 1804 5318 imperator
1844 5268 1959 5303 uia-

387 5329 498 5387 gno
532 5315 732 5382 ingenii
772 5325 971 5387 conatu
1007 5319 1268 5387 collegit:
1315 5321 1365 5372 in
1400 5315 1503 5387 qua
1535 5315 1846 5374 si'nominis
1873 5322 1956 5374 Sui

387 5386 656 5458 rationein
711 5384 894 5458 minus
958 5384 1234 5440 videbitur
1301 5384 1631 5457 implevisse,
1685 5407 1791 5444 non
1855 5392 1956 5458 ipsi

385 5454 630 5522 quidem,
657 5456 748 5508 sed
776 5459 1073 5523 desperatae
1099 5454 1482 5525 deSIitutaeque
1546 5463 1691 5515 omni
1748 5454 1956 5514 ratione

388 5536 571 5596 atque
606 5526 931 5579 auctoritate
989 5543 1169 5581 causae
1226 5533 1574 5596 imputetnus.
1643 5531 1954 5586 Snbsistant

390 5596 506 5667 hic,
529 5594 574 5648 si
605 5605 787 5658 erunt,
814 5595 906 5663 qui
972 5599 1273 5667 perlegam,
1296 5594 1465 5653 Graeci
1491 5602 1751 5654 Graeciam
1802 5604 1954 5653 inco-

388 5664 590 5728 lentes,
612 5681 853 5740 seseque
887 5664 1228 5736 colligentes,
1254 5681 1582 5740 agnoscant
1635 5672 1948 5740 aliquando,

391 5751 557 5804 quam
611 5737 890 5798 inanibus.
930 5754 1092 5805 quam
1145 5739 1459 5800 sophisticis
1482 5737 1868 5802 cantiunculis,
1897 5752 1950 5796 et

2072 4551 2249 4614 quarti
2282 4553 2334 4598 et
2369 4543 2545 4613 quinti
2566 4543 2748 4596 steeuli
2789 4543 2975 4596 Patres
3009 4560 3111 4597 non
3139 4553 3196 4596 nt
3219 4543 3551 4614 posteriores
3577 4543 3645 4598 de

2072 4613 2129 4668 S.
2171 4616 2410 4685 Spiritus
2442 4614 2793 4685 proccssione
2827 4615 3036 4667 locutus
3088 4629 3230 4685 esse,
3280 4613 3637 4685 contendant.

2068 4681 2279 4739 Adeunt
2327 4687 2406 4748 hi,
2444 4681 2652 4752 qnzcso,
2715 4683 2914 4736 adeant
2954 4685 3144 4736 saltem
3199 4681 3256 4735 S.
3320 4683 3634 4752 Augustini,

2069 4772 2231 4820 quem
2273 4751 2626 4824 ipsiiqtioque
2657 4755 2892 4807 revereri
2925 4769 3031 4824 non
3059 4755 3322 4812 abnuunt,
3367 4751 3549 4824 librgsr
3576 4755 3644 4807 de

2068 4821 2358 4879 Trinitate.
2390 4821 2679 4891 Reperient
2725 4825 2776 4876 in
2811 4839 2897 4876 xv.
2947 4823 3008 4875 In
3045 4823 3140 4875 illa
3196 4838 3404 4874 summa
3457 4821 3642 4876 Triuio

2069 4908 2194 4959 tate,
2225 4913 2341 4966 qua:
2368 4894 2506 4947 Deus
2537 4904 2635 4956 est,
2673 4893 2955 4966 intervalla
2990 4905 3279 4966 temporum
3317 4891 3474 4966 nulla
3498 4905 3642 4959 sunt,

2063 4982 2155 5032 per
2202 4963 2319 5034 quae
2370 4966 2536 5032 possit
2582 4965 2938 5034 ostendi,_aut
2979 4963 3167 5015 saltent
3203 4964 3428 5032 requiri;
3463 4973 3642 5034 utrum

2063 5031 2222 5104 prius
2243 5037 2306 5088 de
2325 5031 2486 5088 Patre
2511 5044 2664 5086 natus
2689 5037 2755 5084 sit
2797 5031 2994 5095 Filius,
3020 5043 3067 5085 et
3093 5031 3279 5098 postea
3299 5033 3642 5104 deAambolms

2064 5101 2376 5174 processerit
2437 5106 2673 5170 Spiritus
2745 5116 2996 5174 sanctus;
3047 5105 3303 5174 quoniant
3353 5101 3641 5174 Scriptura

2063 5170 2246 5230 sancta
2287 5175 2544 5244 Spiritum
2593 5189 2709 5244 etttu
2764 5173 2889 5244 dicit
2938 5176 3236 5244 amborum.
3273 5171 3478 5244 Deinde
3511 5188 3522 5222 :
3563 5170 3640 5225 De

2062 5259 2280 5310 utroque
2302 5240 2477 5297 autem
2509 5243 2788 5309 procedere
2821 5243 2896 5293 sit
2913 5242 3149 5295 docetur.
3194 5244 3256 5294 Et
3288 5240 3448 5308 paulo
3476 5252 3596 5304 post
3622 5259 3636 5294 :

2063 5317 2168 5380 Qui
2213 5325 2383 5384 potest
2454 5313 2739 5378 intelligere
2795 5313 2905 5364 sine
2972 5323 3204 5379 tempore
3251 5311 3638 5384 generationem

2066 5380 2305 5440 Filii'de
2353 5385 2530 5438 Patre.
2561 5384 2820 5450 iuteHigat
2856 5384 2967 5434 sine
2995 5397 3222 5448 tempore
3250 5380 3635 5450 processionem

2061 5456 2291 5523 Spiritus
2353 5453 2526 5507 sancti
2571 5456 2632 5503 de
2687 5446 2922 5523 utroque.
2956 5452 3018 5503 Et
3050 5446 3634 5523 rursus;.Itttelligat,

2058 5517 2193 5578 sicut
2229 5524 2381 5578 habet
2419 5523 2580 5575 Pater
2606 5524 2659 5573 in
2700 5517 2993 5586 semetipso.
3030 5530 3085 5572 ut
3130 5521 3195 5573 de
3255 5517 3350 5571 illo
3388 5523 3637 5585 procedat

2056 5595 2285 5662 Spiritus
2315 5603 2555 5652 sanctus,
2585 5596 2661 5644 sic
2686 5592 2892 5642 dedisse
2922 5588 3094 5662 ‘Filio,
3137 5600 3194 5641 ut
3225 5589 3286 5662 de
3312 5587 3412 5641 illo
3452 5604 3634 5656 prace-

2054 5659 2146 5717 dttt
2207 5667 2341 5718 idem
2376 5665 2608 5731 Spiritus
2633 5669 2867 5712 sanctus.
2918 5659 3117 5731 Eadem
3151 5660 3494 5731 videbuntin
3519 5668 3634 5714 tra-

2055 5745 2203 5790 ctatu
2240 5751 2364 5790 mx
2406 5728 2472 5790 de
2499 5731 2790 5802 Evangelia
2814 5731 2871 5784 ὃ.
2910 5728 3156 5785 Joannis.
3415 5728 3427 5734 “
