  <div class='ocr_page' id='page_1' title='image "/cluster/home/n/w/nwhite01/storage/ocr_20150623/107/coo.31924054870112/121.png"; bbox 0 0 4072 6450; ppageno 0'>
   <div class='ocr_carea' id='block_1_1' title="bbox 401 294 495 363">
    <p class='ocr_par' dir='ltr' id='par_1_1' title="bbox 401 294 495 363">
     <span class='ocr_line' id='line_1_1' title="bbox 401 294 495 363; baseline 0 -1"><span class='ocrx_word' id='word_1_1' title='bbox 401 294 495 363; x_wconf 82' lang='grc'><strong>151</strong></span> 
     </span>
    </p>
   </div>
   <div class='ocr_carea' id='block_1_2' title="bbox 1649 286 2421 353">
    <p class='ocr_par' dir='ltr' id='par_1_2' title="bbox 1649 286 2421 353">
     <span class='ocr_line' id='line_1_2' title="bbox 1649 286 2421 353; baseline -0.006 -1"><span class='ocrx_word' id='word_1_2' title='bbox 1649 289 1845 352; x_wconf 90' lang='lat' dir='ltr'><strong>LEON</strong></span> <span class='ocrx_word' id='word_1_3' title='bbox 1856 290 1923 350; x_wconf 81' lang='lat' dir='ltr'><strong>IS</strong></span> <span class='ocrx_word' id='word_1_4' title='bbox 1952 286 2421 353; x_wconf 84' lang='lat' dir='ltr'><strong>PHILOSOPHI</strong></span> 
     </span>
    </p>
   </div>
   <div class='ocr_carea' id='block_1_3' title="bbox 3568 284 3668 348">
    <p class='ocr_par' dir='ltr' id='par_1_3' title="bbox 3568 284 3668 348">
     <span class='ocr_line' id='line_1_3' title="bbox 3568 284 3668 348; baseline 0 -1"><span class='ocrx_word' id='word_1_5' title='bbox 3568 284 3668 348; x_wconf 76' lang='lat'><strong>159.</strong></span> 
     </span>
    </p>
   </div>
   <div class='ocr_carea' id='block_1_4' title="bbox 399 398 1983 481">
    <p class='ocr_par' dir='ltr' id='par_1_4' title="bbox 399 404 1973 481">
     <span class='ocr_line' id='line_1_4' title="bbox 399 404 1973 481; baseline -0.011 -10"><span class='ocrx_word' id='word_1_6' title='bbox 399 432 430 472; x_wconf 71' lang='grc' dir='ltr'>ι</span> <span class='ocrx_word' id='word_1_7' title='bbox 458 428 628 470; x_wconf 85' lang='lat' dir='ltr'><strong>causa</strong></span> <span class='ocrx_word' id='word_1_8' title='bbox 658 428 673 467; x_wconf 92' lang='lat'><strong>:</strong></span> <span class='ocrx_word' id='word_1_9' title='bbox 707 420 761 465; x_wconf 91' lang='lat' dir='ltr'><strong>at</strong></span> <span class='ocrx_word' id='word_1_10' title='bbox 798 406 1074 481; x_wconf 89' lang='lat' dir='ltr'><strong>quomodo</strong></span> <span class='ocrx_word' id='word_1_11' title='bbox 1109 406 1226 476; x_wconf 89' lang='lat' dir='ltr'><strong>ipse</strong></span> <span class='ocrx_word' id='word_1_12' title='bbox 1252 421 1473 478; x_wconf 89' lang='lat' dir='ltr'><strong>quoque</strong></span> <span class='ocrx_word' id='word_1_13' title='bbox 1502 415 1727 461; x_wconf 87' lang='lat' dir='ltr'><strong>causato</strong></span> <span class='ocrx_word' id='word_1_14' title='bbox 1764 404 1973 474; x_wconf 88' lang='lat' dir='ltr'><strong>pariter</strong></span> 
     </span>
    </p>
   </div>
   <div class='ocr_carea' id='block_1_5' title="bbox 2087 398 3671 481">
    <p class='ocr_par' dir='ltr' id='par_1_5' title="bbox 2087 398 3671 473">
     <span class='ocr_line' id='line_1_5' title="bbox 2087 398 3671 473; baseline -0.002 -19"><span class='ocrx_word' id='word_1_15' title='bbox 2087 402 2172 454; x_wconf 74' lang='grc' dir='ltr'><strong>καὶ</strong></span> <span class='ocrx_word' id='word_1_16' title='bbox 2198 401 2361 465; x_wconf 80' lang='grc' dir='ltr'><strong>αὐτὸς</strong></span> <span class='ocrx_word' id='word_1_17' title='bbox 2389 400 2468 472; x_wconf 82' lang='grc' dir='ltr'><strong>τῷ</strong></span> <span class='ocrx_word' id='word_1_18' title='bbox 2497 399 2558 466; x_wconf 79' lang='grc' dir='ltr'>ἐξ</span> <span class='ocrx_word' id='word_1_19' title='bbox 2583 398 2752 455; x_wconf 83' lang='grc' dir='ltr'><strong>αὑτοῦ</strong></span> <span class='ocrx_word' id='word_1_20' title='bbox 2804 398 3033 471; x_wconf 88' lang='grc' dir='ltr'><strong>αἰτιατῷ</strong></span> <span class='ocrx_word' id='word_1_21' title='bbox 3085 398 3166 472; x_wconf 83' lang='grc' dir='ltr'><strong>τῷ</strong></span> <span class='ocrx_word' id='word_1_22' title='bbox 3205 401 3481 473; x_wconf 86' lang='grc' dir='ltr'><strong>Πνεύματι</strong></span> <span class='ocrx_word' id='word_1_23' title='bbox 3521 405 3671 471; x_wconf 87' lang='grc' dir='ltr'><strong>γίνε-</strong></span> 
     </span>
    </p>
   </div>
   <div class='ocr_carea' id='block_1_6' title="bbox 398 503 1978 581">
    <p class='ocr_par' dir='ltr' id='par_1_6' title="bbox 398 503 1978 581">
     <span class='ocr_line' id='line_1_6' title="bbox 398 503 1978 581; baseline -0.009 -13"><span class='ocrx_word' id='word_1_24' title='bbox 398 529 429 567; x_wconf 87' lang='lat' dir='ltr'><strong>a</strong></span> <span class='ocrx_word' id='word_1_25' title='bbox 476 527 537 567; x_wconf 88' lang='lat' dir='ltr'><strong>se</strong></span> <span class='ocrx_word' id='word_1_26' title='bbox 573 509 804 581; x_wconf 78' lang='lat' dir='ltr'><strong>Spiritui</strong></span> <span class='ocrx_word' id='word_1_27' title='bbox 840 509 941 563; x_wconf 84' lang='lat' dir='ltr'><strong>hoc</strong></span> <span class='ocrx_word' id='word_1_28' title='bbox 991 520 1099 561; x_wconf 91' lang='lat' dir='ltr'><strong>non</strong></span> <span class='ocrx_word' id='word_1_29' title='bbox 1135 507 1251 573; x_wconf 92' lang='lat' dir='ltr'><strong>dat,</strong></span> <span class='ocrx_word' id='word_1_30' title='bbox 1294 516 1353 561; x_wconf 90' lang='lat' dir='ltr'><strong>ut</strong></span> <span class='ocrx_word' id='word_1_31' title='bbox 1378 520 1544 560; x_wconf 89' lang='lat' dir='ltr'><strong>causa</strong></span> <span class='ocrx_word' id='word_1_32' title='bbox 1592 503 1709 557; x_wconf 88' lang='lat' dir='ltr'><strong>sit?</strong></span> <span class='ocrx_word' id='word_1_33' title='bbox 1750 504 1978 558; x_wconf 90' lang='lat' dir='ltr'><strong>utsicut</strong></span> 
     </span>
    </p>
   </div>
   <div class='ocr_carea' id='block_1_7' title="bbox 401 594 1979 671">
    <p class='ocr_par' dir='ltr' id='par_1_7' title="bbox 401 594 1979 671">
     <span class='ocr_line' id='line_1_7' title="bbox 401 594 1979 671; baseline -0.006 -15"><span class='ocrx_word' id='word_1_34' title='bbox 401 606 520 671; x_wconf 90' lang='lat' dir='ltr'><strong>ipse</strong></span> <span class='ocrx_word' id='word_1_35' title='bbox 563 601 828 658; x_wconf 87' lang='lat' dir='ltr'><strong>causandi</strong></span> <span class='ocrx_word' id='word_1_36' title='bbox 875 599 1164 671; x_wconf 84' lang='lat' dir='ltr'><strong>privilegio</strong></span> <span class='ocrx_word' id='word_1_37' title='bbox 1202 598 1427 669; x_wconf 79' lang='lat' dir='ltr'><strong>gaudet,</strong></span> <span class='ocrx_word' id='word_1_38' title='bbox 1462 596 1535 651; x_wconf 89' lang='lat' dir='ltr'><strong>ita</strong></span> <span class='ocrx_word' id='word_1_39' title='bbox 1583 595 1822 666; x_wconf 85' lang='lat' dir='ltr'><strong>Spiritus</strong></span> <span class='ocrx_word' id='word_1_40' title='bbox 1874 594 1979 647; x_wconf 89' lang='lat' dir='ltr'><strong>hoc</strong></span> 
     </span>
    </p>
   </div>
   <div class='ocr_carea' id='block_1_8' title="bbox 402 687 1975 759">
    <p class='ocr_par' dir='ltr' id='par_1_8' title="bbox 402 687 1975 759">
     <span class='ocr_line' id='line_1_8' title="bbox 402 687 1975 759; baseline -0.005 -11"><span class='ocrx_word' id='word_1_41' title='bbox 402 696 612 749; x_wconf 85' lang='lat' dir='ltr'><strong>honore</strong></span> <span class='ocrx_word' id='word_1_42' title='bbox 657 693 883 747; x_wconf 89' lang='lat' dir='ltr'><strong>minime</strong></span> <span class='ocrx_word' id='word_1_43' title='bbox 930 687 1525 759; x_wconf 76' lang='lat' dir='ltr'><strong>destituatur‘lNeque</strong></span> <span class='ocrx_word' id='word_1_44' title='bbox 1568 688 1718 744; x_wconf 89' lang='lat' dir='ltr'><strong>enim</strong></span> <span class='ocrx_word' id='word_1_45' title='bbox 1768 687 1975 750; x_wconf 87' lang='lat' dir='ltr'><strong>dicent,</strong></span> 
     </span>
    </p>
   </div>
   <div class='ocr_carea' id='block_1_9' title="bbox 402 777 1979 851">
    <p class='ocr_par' dir='ltr' id='par_1_9' title="bbox 402 777 1979 851">
     <span class='ocr_line' id='line_1_9' title="bbox 402 777 1979 851; baseline -0.003 -14"><span class='ocrx_word' id='word_1_46' title='bbox 402 786 506 840; x_wconf 78' lang='lat' dir='ltr'><strong>lioc</strong></span> <span class='ocrx_word' id='word_1_47' title='bbox 535 783 749 838; x_wconf 79' lang='lat' dir='ltr'><strong>Patrem</strong></span> <span class='ocrx_word' id='word_1_48' title='bbox 780 782 1092 851; x_wconf 85' lang='lat' dir='ltr'><strong>prohibere,</strong></span> <span class='ocrx_word' id='word_1_49' title='bbox 1123 798 1250 836; x_wconf 90' lang='lat' dir='ltr'><strong>cum</strong></span> <span class='ocrx_word' id='word_1_50' title='bbox 1281 797 1347 835; x_wconf 80' lang='lat' dir='ltr'><strong>ex</strong></span> <span class='ocrx_word' id='word_1_51' title='bbox 1381 796 1574 835; x_wconf 91' lang='lat' dir='ltr'><strong>eorum</strong></span> <span class='ocrx_word' id='word_1_52' title='bbox 1609 779 1879 834; x_wconf 87' lang='lat' dir='ltr'><strong>sententia</strong></span> <span class='ocrx_word' id='word_1_53' title='bbox 1924 777 1979 832; x_wconf 89' lang='lat' dir='ltr'><strong>id</strong></span> 
     </span>
    </p>
   </div>
   <div class='ocr_carea' id='block_1_10' title="bbox 400 870 1981 944">
    <p class='ocr_par' dir='ltr' id='par_1_10' title="bbox 400 870 1981 944">
     <span class='ocr_line' id='line_1_10' title="bbox 400 870 1981 944; baseline -0.003 -15"><span class='ocrx_word' id='word_1_54' title='bbox 400 887 621 944; x_wconf 90' lang='lat' dir='ltr'><strong>quoque</strong></span> <span class='ocrx_word' id='word_1_55' title='bbox 651 872 1022 927; x_wconf 86' lang='lat' dir='ltr'><strong>communicet</strong></span> <span class='ocrx_word' id='word_1_56' title='bbox 1047 870 1229 936; x_wconf 90' lang='lat' dir='ltr'><strong>Pater,</strong></span> <span class='ocrx_word' id='word_1_57' title='bbox 1261 870 1411 942; x_wconf 91' lang='lat' dir='ltr'><strong>quod</strong></span> <span class='ocrx_word' id='word_1_58' title='bbox 1437 870 1541 927; x_wconf 85' lang='lat' dir='ltr'><strong>sibi</strong></span> <span class='ocrx_word' id='word_1_59' title='bbox 1568 870 1669 927; x_wconf 86' lang='lat' dir='ltr'><strong>soli</strong></span> <span class='ocrx_word' id='word_1_60' title='bbox 1705 870 1981 942; x_wconf 87' lang='lat' dir='ltr'><strong>peculiare</strong></span> 
     </span>
    </p>
   </div>
   <div class='ocr_carea' id='block_1_11' title="bbox 399 974 504 1021">
    <p class='ocr_par' dir='ltr' id='par_1_11' title="bbox 399 974 504 1021">
     <span class='ocr_line' id='line_1_11' title="bbox 399 974 504 1021; baseline -0.019 0"><span class='ocrx_word' id='word_1_61' title='bbox 399 974 504 1021; x_wconf 87' lang='lat' dir='ltr'><strong>est.</strong></span> 
     </span>
    </p>
   </div>
   <div class='ocr_carea' id='block_1_12' title="bbox 469 1055 1979 1127">
    <p class='ocr_par' dir='ltr' id='par_1_12' title="bbox 469 1055 1979 1127">
     <span class='ocr_line' id='line_1_12' title="bbox 469 1055 1979 1127; baseline -0.001 -17"><span class='ocrx_word' id='word_1_62' title='bbox 469 1058 540 1111; x_wconf 80' lang='lat' dir='ltr'><strong>At</strong></span> <span class='ocrx_word' id='word_1_63' title='bbox 566 1056 683 1113; x_wconf 67' lang='lat' dir='ltr'><strong>haec</strong></span> <span class='ocrx_word' id='word_1_64' title='bbox 704 1056 924 1127; x_wconf 87' lang='lat' dir='ltr'><strong>quidem</strong></span> <span class='ocrx_word' id='word_1_65' title='bbox 948 1063 1103 1111; x_wconf 84' lang='lat' dir='ltr'><strong>extra</strong></span> <span class='ocrx_word' id='word_1_66' title='bbox 1132 1055 1298 1121; x_wconf 92' lang='lat' dir='ltr'><strong>viam,</strong></span> <span class='ocrx_word' id='word_1_67' title='bbox 1319 1064 1382 1112; x_wconf 91' lang='lat' dir='ltr'><strong>ut</strong></span> <span class='ocrx_word' id='word_1_68' title='bbox 1402 1056 1508 1112; x_wconf 90' lang='lat' dir='ltr'><strong>dici</strong></span> <span class='ocrx_word' id='word_1_69' title='bbox 1532 1055 1691 1122; x_wconf 90' lang='lat' dir='ltr'><strong>solet,</strong></span> <span class='ocrx_word' id='word_1_70' title='bbox 1720 1056 1788 1112; x_wconf 91' lang='lat' dir='ltr'><strong>ad</strong></span> <span class='ocrx_word' id='word_1_71' title='bbox 1819 1055 1979 1112; x_wconf 85' lang='lat' dir='ltr'><strong>novi-</strong></span> 
     </span>
    </p>
   </div>
   <div class='ocr_carea' id='block_1_13' title="bbox 399 1148 1981 1221">
    <p class='ocr_par' dir='ltr' id='par_1_13' title="bbox 399 1148 1981 1221">
     <span class='ocr_line' id='line_1_13' title="bbox 399 1148 1981 1221; baseline -0.002 -16"><span class='ocrx_word' id='word_1_72' title='bbox 399 1158 566 1207; x_wconf 87' lang='lat' dir='ltr'><strong>tatem</strong></span> <span class='ocrx_word' id='word_1_73' title='bbox 600 1150 959 1221; x_wconf 88' lang='lat' dir='ltr'><strong>arguendam.</strong></span> <span class='ocrx_word' id='word_1_74' title='bbox 992 1149 1104 1205; x_wconf 81' lang='lat' dir='ltr'><strong>Vos</strong></span> <span class='ocrx_word' id='word_1_75' title='bbox 1136 1157 1319 1205; x_wconf 88' lang='lat' dir='ltr'><strong>autem</strong></span> <span class='ocrx_word' id='word_1_76' title='bbox 1346 1150 1666 1205; x_wconf 86' lang='lat' dir='ltr'><strong>melioribus</strong></span> <span class='ocrx_word' id='word_1_77' title='bbox 1691 1148 1981 1220; x_wconf 89' lang='lat' dir='ltr'><strong>cogitatio-</strong></span> 
     </span>
    </p>
   </div>
   <div class='ocr_carea' id='block_1_14' title="bbox 400 1241 1983 1312">
    <p class='ocr_par' dir='ltr' id='par_1_14' title="bbox 400 1241 1983 1312">
     <span class='ocr_line' id='line_1_14' title="bbox 400 1241 1983 1312; baseline 0 -15"><span class='ocrx_word' id='word_1_78' title='bbox 400 1243 563 1298; x_wconf 87' lang='lat' dir='ltr'><strong>nibus</strong></span> <span class='ocrx_word' id='word_1_79' title='bbox 576 1241 809 1312; x_wconf 82' lang='lat' dir='ltr'><strong>praediti,</strong></span> <span class='ocrx_word' id='word_1_80' title='bbox 823 1242 1129 1296; x_wconf 86' lang='lat' dir='ltr'><strong>libertatem</strong></span> <span class='ocrx_word' id='word_1_81' title='bbox 1150 1258 1217 1296; x_wconf 92' lang='lat' dir='ltr'><strong>ne</strong></span> <span class='ocrx_word' id='word_1_82' title='bbox 1230 1241 1528 1311; x_wconf 87' lang='lat' dir='ltr'><strong>abjicialis,</strong></span> <span class='ocrx_word' id='word_1_83' title='bbox 1544 1250 1598 1297; x_wconf 91' lang='lat' dir='ltr'><strong>et</strong></span> <span class='ocrx_word' id='word_1_84' title='bbox 1613 1241 1983 1311; x_wconf 87' lang='lat' dir='ltr'><strong>corruptionis</strong></span> 
     </span>
    </p>
   </div>
   <div class='ocr_carea' id='block_1_15' title="bbox 401 1333 1981 1404">
    <p class='ocr_par' dir='ltr' id='par_1_15' title="bbox 401 1333 1981 1404">
     <span class='ocr_line' id='line_1_15' title="bbox 401 1333 1981 1404; baseline -0.002 -14"><span class='ocrx_word' id='word_1_85' title='bbox 401 1334 724 1390; x_wconf 82' lang='lat' dir='ltr'><strong>servitutem</strong></span> <span class='ocrx_word' id='word_1_86' title='bbox 761 1334 930 1389; x_wconf 88' lang='lat' dir='ltr'><strong>nolite</strong></span> <span class='ocrx_word' id='word_1_87' title='bbox 964 1333 1158 1388; x_wconf 88' lang='lat' dir='ltr'><strong>iterum</strong></span> <span class='ocrx_word' id='word_1_88' title='bbox 1210 1334 1419 1400; x_wconf 88' lang='lat' dir='ltr'><strong>subire,</strong></span> <span class='ocrx_word' id='word_1_89' title='bbox 1472 1335 1620 1390; x_wconf 90' lang='lat' dir='ltr'><strong>illius</strong></span> <span class='ocrx_word' id='word_1_90' title='bbox 1665 1334 1981 1404; x_wconf 88' lang='lat' dir='ltr'><strong>imperium,</strong></span> 
     </span>
    </p>
   </div>
   <div class='ocr_carea' id='block_1_16' title="bbox 402 1426 1985 1497">
    <p class='ocr_par' dir='ltr' id='par_1_16' title="bbox 402 1426 1985 1497">
     <span class='ocr_line' id='line_1_16' title="bbox 402 1426 1985 1497; baseline 0.001 -17"><span class='ocrx_word' id='word_1_91' title='bbox 402 1428 496 1497; x_wconf 90' lang='lat' dir='ltr'><strong>qui</strong></span> <span class='ocrx_word' id='word_1_92' title='bbox 540 1427 597 1481; x_wconf 88' lang='lat' dir='ltr'><strong>in</strong></span> <span class='ocrx_word' id='word_1_93' title='bbox 650 1426 961 1482; x_wconf 89' lang='lat' dir='ltr'><strong>libertatem</strong></span> <span class='ocrx_word' id='word_1_94' title='bbox 1019 1441 1119 1482; x_wconf 91' lang='lat' dir='ltr'><strong>vos</strong></span> <span class='ocrx_word' id='word_1_95' title='bbox 1164 1427 1402 1483; x_wconf 84' lang='lat' dir='ltr'><strong>asseruit</strong></span> <span class='ocrx_word' id='word_1_96' title='bbox 1462 1428 1859 1484; x_wconf 87' lang='lat' dir='ltr'><strong>detrectantes.</strong></span> <span class='ocrx_word' id='word_1_97' title='bbox 1912 1430 1985 1482; x_wconf 84' lang='lat' dir='ltr'><strong>At</strong></span> 
     </span>
    </p>
   </div>
   <div class='ocr_carea' id='block_1_17' title="bbox 402 1518 1985 1590">
    <p class='ocr_par' dir='ltr' id='par_1_17' title="bbox 402 1518 1985 1590">
     <span class='ocr_line' id='line_1_17' title="bbox 402 1518 1985 1590; baseline -0.001 -15"><span class='ocrx_word' id='word_1_98' title='bbox 402 1528 718 1589; x_wconf 83' lang='lat' dir='ltr'><strong>repugnant</strong></span> <span class='ocrx_word' id='word_1_99' title='bbox 745 1518 848 1572; x_wconf 84' lang='lat' dir='ltr'><strong>illi.</strong></span> <span class='ocrx_word' id='word_1_100' title='bbox 874 1518 1216 1589; x_wconf 82' lang='lat' dir='ltr'><strong>Aganlquod</strong></span> <span class='ocrx_word' id='word_1_101' title='bbox 1249 1520 1383 1590; x_wconf 88' lang='lat' dir='ltr'><strong>ipsis</strong></span> <span class='ocrx_word' id='word_1_102' title='bbox 1416 1520 1569 1575; x_wconf 89' lang='lat' dir='ltr'><strong>lubet</strong></span> <span class='ocrx_word' id='word_1_103' title='bbox 1600 1537 1615 1575; x_wconf 93' lang='lat'><strong>:</strong></span> <span class='ocrx_word' id='word_1_104' title='bbox 1655 1519 1985 1590; x_wconf 86' lang='lat' dir='ltr'><strong>perversita-</strong></span> 
     </span>
    </p>
   </div>
   <div class='ocr_carea' id='block_1_18' title="bbox 404 1611 1981 1679">
    <p class='ocr_par' dir='ltr' id='par_1_18' title="bbox 404 1611 1981 1679">
     <span class='ocr_line' id='line_1_18' title="bbox 404 1611 1981 1679; baseline 0 -14"><span class='ocrx_word' id='word_1_105' title='bbox 404 1620 513 1665; x_wconf 89' lang='lat' dir='ltr'><strong>tem</strong></span> <span class='ocrx_word' id='word_1_106' title='bbox 563 1611 788 1679; x_wconf 89' lang='lat' dir='ltr'><strong>quidem</strong></span> <span class='ocrx_word' id='word_1_107' title='bbox 826 1612 1111 1666; x_wconf 77' lang='lat' dir='ltr'><strong>sententiae</strong></span> <span class='ocrx_word' id='word_1_108' title='bbox 1154 1626 1267 1665; x_wconf 72' lang='lat' dir='ltr'><strong>sua:</strong></span> <span class='ocrx_word' id='word_1_109' title='bbox 1323 1620 1453 1666; x_wconf 91' lang='lat' dir='ltr'><strong>tunc</strong></span> <span class='ocrx_word' id='word_1_110' title='bbox 1499 1611 1823 1679; x_wconf 66' lang='lat' dir='ltr'><strong>intelligent,</strong></span> <span class='ocrx_word' id='word_1_111' title='bbox 1857 1626 1981 1665; x_wconf 90' lang='lat' dir='ltr'><strong>eum</strong></span> 
     </span>
    </p>
   </div>
   <div class='ocr_carea' id='block_1_19' title="bbox 2082 492 3668 563">
    <p class='ocr_par' dir='ltr' id='par_1_19' title="bbox 2082 492 3668 563">
     <span class='ocr_line' id='line_1_19' title="bbox 2082 492 3668 563; baseline 0.003 -18"><span class='ocrx_word' id='word_1_112' title='bbox 2082 492 2207 545; x_wconf 89' lang='grc' dir='ltr'><strong>σθαι</strong></span> <span class='ocrx_word' id='word_1_113' title='bbox 2237 492 2417 563; x_wconf 87' lang='grc' dir='ltr'><strong>αἰτίῳ,</strong></span> <span class='ocrx_word' id='word_1_114' title='bbox 2452 492 2539 547; x_wconf 82' lang='grc' dir='ltr'><strong>ἵνα</strong></span> <span class='ocrx_word' id='word_1_115' title='bbox 2587 492 2779 563; x_wconf 82' lang='grc' dir='ltr'><strong>ὥσπερ</strong></span> <span class='ocrx_word' id='word_1_116' title='bbox 2819 494 3027 555; x_wconf 78' lang='grc' dir='ltr'><strong>ἐκεῖνος</strong></span> <span class='ocrx_word' id='word_1_117' title='bbox 3074 493 3136 546; x_wconf 85' lang='grc' dir='ltr'><strong>τὸ</strong></span> <span class='ocrx_word' id='word_1_118' title='bbox 3176 494 3272 547; x_wconf 88' lang='grc' dir='ltr'><strong>τοῦ</strong></span> <span class='ocrx_word' id='word_1_119' title='bbox 3312 494 3442 547; x_wconf 86' lang='grc' dir='ltr'><strong>ἰδίου</strong></span> <span class='ocrx_word' id='word_1_120' title='bbox 3490 496 3668 549; x_wconf 78' lang='grc' dir='ltr'><strong>αἰτίου</strong></span> 
     </span>
    </p>
   </div>
   <div class='ocr_carea' id='block_1_20' title="bbox 2081 585 3666 663">
    <p class='ocr_par' dir='ltr' id='par_1_20' title="bbox 2081 585 3666 663">
     <span class='ocr_line' id='line_1_20' title="bbox 2081 585 3666 663; baseline 0.004 -25"><span class='ocrx_word' id='word_1_121' title='bbox 2081 585 2194 655; x_wconf 77' lang='grc' dir='ltr'><strong>ἔχει</strong></span> <span class='ocrx_word' id='word_1_122' title='bbox 2223 587 2541 656; x_wconf 84' lang='grc' dir='ltr'><strong>προνόμιον,</strong></span> <span class='ocrx_word' id='word_1_123' title='bbox 2591 585 2735 640; x_wconf 84' lang='grc' dir='ltr'><strong>οῦτω</strong></span> <span class='ocrx_word' id='word_1_124' title='bbox 2785 588 2880 640; x_wconf 74' lang='grc' dir='ltr'><strong>καὶ</strong></span> <span class='ocrx_word' id='word_1_125' title='bbox 2904 587 2968 640; x_wconf 88' lang='lat' dir='ltr'><strong>rb</strong></span> <span class='ocrx_word' id='word_1_126' title='bbox 2996 586 3222 657; x_wconf 80' lang='grc' dir='ltr'><strong>Πνεῦμα</strong></span> <span class='ocrx_word' id='word_1_127' title='bbox 3256 588 3335 659; x_wconf 85' lang='grc' dir='ltr'><strong>μὴ</strong></span> <span class='ocrx_word' id='word_1_128' title='bbox 3373 587 3602 660; x_wconf 74' lang='grc' dir='ltr'><strong>ἄμοιρον</strong></span> 
     </span>
    </p>
   </div>
   <div class='ocr_carea' id='block_1_21' title="bbox 2081 675 3666 752">
    <p class='ocr_par' dir='ltr' id='par_1_21' title="bbox 2081 675 3666 752">
     <span class='ocr_line' id='line_1_21' title="bbox 2081 675 3666 752; baseline 0.003 -23"><span class='ocrx_word' id='word_1_129' title='bbox 2081 677 2182 745; x_wconf 80' lang='grc' dir='ltr'><strong>τῆς</strong></span> <span class='ocrx_word' id='word_1_130' title='bbox 2208 676 2466 748; x_wconf 76' lang='grc' dir='ltr'><strong>τοιαύτης</strong></span> <span class='ocrx_word' id='word_1_131' title='bbox 2485 678 2653 749; x_wconf 88' lang='grc' dir='ltr'><strong>τιμῆς</strong></span> <span class='ocrx_word' id='word_1_132' title='bbox 2682 696 2697 745; x_wconf 89' lang='grc'><strong>;</strong></span> <span class='ocrx_word' id='word_1_133' title='bbox 2731 675 2808 734; x_wconf 85' lang='grc' dir='ltr'><strong>Ού</strong></span> <span class='ocrx_word' id='word_1_134' title='bbox 2845 678 2956 751; x_wconf 86' lang='grc' dir='ltr'><strong>γὰρ</strong></span> <span class='ocrx_word' id='word_1_135' title='bbox 2999 680 3062 751; x_wconf 85' lang='grc' dir='ltr'><strong>δή</strong></span> <span class='ocrx_word' id='word_1_136' title='bbox 3092 697 3155 748; x_wconf 91' lang='grc' dir='ltr'><strong>γε</strong></span> <span class='ocrx_word' id='word_1_137' title='bbox 3180 679 3274 733; x_wconf 74' lang='grc' dir='ltr'><strong>τὸν</strong></span> <span class='ocrx_word' id='word_1_138' title='bbox 3308 681 3527 752; x_wconf 84' lang='grc' dir='ltr'><strong>Πατέρα</strong></span> <span class='ocrx_word' id='word_1_139' title='bbox 3555 698 3666 733; x_wconf 87' lang='grc' dir='ltr'><strong>κω-</strong></span> 
     </span>
    </p>
   </div>
   <div class='ocr_carea' id='block_1_22' title="bbox 2080 768 3667 845">
    <p class='ocr_par' dir='ltr' id='par_1_22' title="bbox 2080 768 3667 845">
     <span class='ocr_line' id='line_1_22' title="bbox 2080 768 3667 845; baseline 0.003 -23"><span class='ocrx_word' id='word_1_140' title='bbox 2080 768 2229 822; x_wconf 81' lang='grc' dir='ltr'><strong>λύειν</strong></span> <span class='ocrx_word' id='word_1_141' title='bbox 2252 770 2317 824; x_wconf 83' lang='grc' dir='ltr'><strong>ἀν</strong></span> <span class='ocrx_word' id='word_1_142' title='bbox 2340 787 2424 834; x_wconf 90' lang='grc' dir='ltr'><strong>τις</strong></span> <span class='ocrx_word' id='word_1_143' title='bbox 2447 770 2598 841; x_wconf 70' lang='grc' dir='ltr'><strong>εἴπῃ.</strong></span> <span class='ocrx_word' id='word_1_144' title='bbox 2630 768 2755 834; x_wconf 89' lang='grc' dir='ltr'><strong>Πῶς</strong></span> <span class='ocrx_word' id='word_1_145' title='bbox 2780 771 2889 843; x_wconf 85' lang='grc' dir='ltr'><strong>γὰρ</strong></span> <span class='ocrx_word' id='word_1_146' title='bbox 2910 772 3005 840; x_wconf 84' lang='grc' dir='ltr'><strong>ὅγε</strong></span> <span class='ocrx_word' id='word_1_147' title='bbox 3031 772 3094 826; x_wconf 89' lang='lat' dir='ltr'><strong>rb</strong></span> <span class='ocrx_word' id='word_1_148' title='bbox 3132 773 3293 845; x_wconf 83' lang='grc' dir='ltr'><strong>μόνον</strong></span> <span class='ocrx_word' id='word_1_149' title='bbox 3321 775 3455 828; x_wconf 82' lang='grc' dir='ltr'><strong>ίδιον</strong></span> <span class='ocrx_word' id='word_1_150' title='bbox 3499 773 3667 828; x_wconf 80' lang='grc' dir='ltr'><strong>αὑτοῦ</strong></span> 
     </span>
    </p>
   </div>
   <div class='ocr_carea' id='block_1_23' title="bbox 2082 861 3427 937">
    <p class='ocr_par' dir='ltr' id='par_1_23' title="bbox 2082 861 3427 937">
     <span class='ocr_line' id='line_1_23' title="bbox 2082 861 3427 937; baseline -0.001 -22"><span class='ocrx_word' id='word_1_151' title='bbox 2082 861 2227 916; x_wconf 88' lang='grc' dir='ltr'><strong>κατά</strong></span> <span class='ocrx_word' id='word_1_152' title='bbox 2257 861 2349 915; x_wconf 81' lang='grc' dir='ltr'><strong>τὸν</strong></span> <span class='ocrx_word' id='word_1_153' title='bbox 2382 862 2649 934; x_wconf 87' lang='grc' dir='ltr'><strong>ὑμέτερον</strong></span> <span class='ocrx_word' id='word_1_154' title='bbox 2674 863 2832 934; x_wconf 90' lang='grc' dir='ltr'><strong>λόγον</strong></span> <span class='ocrx_word' id='word_1_155' title='bbox 2861 865 3381 937; x_wconf 82' lang='grc' dir='ltr'><strong>κοινοποιησάμενος</strong></span> <span class='ocrx_word' id='word_1_156' title='bbox 3409 886 3427 936; x_wconf 84' lang='grc'><strong>;</strong></span> 
     </span>
    </p>
   </div>
   <div class='ocr_carea' id='block_1_24' title="bbox 2154 1042 3671 1119">
    <p class='ocr_par' dir='ltr' id='par_1_24' title="bbox 2154 1042 3671 1119">
     <span class='ocr_line' id='line_1_24' title="bbox 2154 1042 3671 1119; baseline 0.005 -24"><span class='ocrx_word' id='word_1_157' title='bbox 2154 1042 2343 1096; x_wconf 83' lang='grc' dir='ltr'><strong>Ταῦτα</strong></span> <span class='ocrx_word' id='word_1_158' title='bbox 2395 1042 2493 1114; x_wconf 84' lang='grc' dir='ltr'><strong>μὲν</strong></span> <span class='ocrx_word' id='word_1_159' title='bbox 2538 1042 2684 1108; x_wconf 84' lang='grc' dir='ltr'><strong>ὁδοῦ,</strong></span> <span class='ocrx_word' id='word_1_160' title='bbox 2712 1044 2868 1114; x_wconf 73' lang='grc' dir='ltr'><strong>φασὶ,</strong></span> <span class='ocrx_word' id='word_1_161' title='bbox 2896 1044 3178 1116; x_wconf 75' lang='grc' dir='ltr'><strong>πάρεργον</strong></span> <span class='ocrx_word' id='word_1_162' title='bbox 3214 1048 3294 1110; x_wconf 90' lang='grc' dir='ltr'><strong>εἰς</strong></span> <span class='ocrx_word' id='word_1_163' title='bbox 3324 1046 3547 1119; x_wconf 75' lang='grc' dir='ltr'><strong>ἔλεγχον</strong></span> <span class='ocrx_word' id='word_1_164' title='bbox 3567 1049 3671 1119; x_wconf 83' lang='grc' dir='ltr'><strong>τῆς</strong></span> 
     </span>
    </p>
   </div>
   <div class='ocr_carea' id='block_1_25' title="bbox 2083 1136 3672 1214">
    <p class='ocr_par' dir='ltr' id='par_1_25' title="bbox 2083 1136 3672 1214">
     <span class='ocr_line' id='line_1_25' title="bbox 2083 1136 3672 1214; baseline 0.004 -25"><span class='ocrx_word' id='word_1_165' title='bbox 2083 1137 2521 1206; x_wconf 85' lang='grc' dir='ltr'><strong>νεωτεροποιίας.</strong></span> <span class='ocrx_word' id='word_1_166' title='bbox 2571 1136 2762 1208; x_wconf 80' lang='grc' dir='ltr'>Ὑμεῖς</span> <span class='ocrx_word' id='word_1_167' title='bbox 2793 1137 2850 1190; x_wconf 84' lang='grc' dir='ltr'><strong>δὲ</strong></span> <span class='ocrx_word' id='word_1_168' title='bbox 2895 1138 3025 1193; x_wconf 89' lang='grc' dir='ltr'><strong>τῶν</strong></span> <span class='ocrx_word' id='word_1_169' title='bbox 3052 1141 3355 1209; x_wconf 75' lang='grc' dir='ltr'><strong>ἀμεινόνων</strong></span> <span class='ocrx_word' id='word_1_170' title='bbox 3386 1143 3672 1214; x_wconf 87' lang='grc' dir='ltr'><strong>γενόμενοι</strong></span> 
     </span>
    </p>
   </div>
   <div class='ocr_carea' id='block_1_26' title="bbox 2083 1229 3672 1305">
    <p class='ocr_par' dir='ltr' id='par_1_26' title="bbox 2083 1229 3672 1305">
     <span class='ocr_line' id='line_1_26' title="bbox 2083 1229 3672 1305; baseline 0.002 -22"><span class='ocrx_word' id='word_1_171' title='bbox 2083 1229 2382 1300; x_wconf 80' lang='grc' dir='ltr'><strong>λογισμῶν,</strong></span> <span class='ocrx_word' id='word_1_172' title='bbox 2418 1229 2495 1301; x_wconf 82' lang='grc' dir='ltr'><strong>μὴ</strong></span> <span class='ocrx_word' id='word_1_173' title='bbox 2516 1229 2616 1302; x_wconf 85' lang='grc' dir='ltr'><strong>τὴν</strong></span> <span class='ocrx_word' id='word_1_174' title='bbox 2664 1231 2980 1303; x_wconf 81' lang='grc' dir='ltr'>ἐλευθερίαν</span> <span class='ocrx_word' id='word_1_175' title='bbox 3013 1232 3335 1299; x_wconf 80' lang='grc' dir='ltr'><strong>ἀποδύεσθε,</strong></span> <span class='ocrx_word' id='word_1_176' title='bbox 3365 1234 3500 1304; x_wconf 79' lang='grc' dir='ltr'><strong>μηδὲ</strong></span> <span class='ocrx_word' id='word_1_177' title='bbox 3529 1233 3672 1305; x_wconf 74' lang='grc' dir='ltr'><strong>πρὸς</strong></span> 
     </span>
    </p>
   </div>
   <div class='ocr_carea' id='block_1_27' title="bbox 2082 1318 3673 1395">
    <p class='ocr_par' dir='ltr' id='par_1_27' title="bbox 2082 1318 3673 1395">
     <span class='ocr_line' id='line_1_27' title="bbox 2082 1318 3673 1395; baseline 0.001 -20"><span class='ocrx_word' id='word_1_178' title='bbox 2082 1322 2183 1391; x_wconf 86' lang='grc' dir='ltr'><strong>τὴν</strong></span> <span class='ocrx_word' id='word_1_179' title='bbox 2205 1322 2450 1375; x_wconf 83' lang='grc' dir='ltr'><strong>δουλείαν</strong></span> <span class='ocrx_word' id='word_1_180' title='bbox 2471 1322 2571 1393; x_wconf 85' lang='grc' dir='ltr'><strong>τῆς</strong></span> <span class='ocrx_word' id='word_1_181' title='bbox 2618 1321 2829 1394; x_wconf 81' lang='grc' dir='ltr'><strong>φθορᾶς</strong></span> <span class='ocrx_word' id='word_1_182' title='bbox 2864 1323 3115 1387; x_wconf 75' lang='grc' dir='ltr'><strong>ἐλεεινῶς</strong></span> <span class='ocrx_word' id='word_1_183' title='bbox 3146 1325 3540 1395; x_wconf 81' lang='grc' dir='ltr'><strong>ὑποστρέφετε,</strong></span> <span class='ocrx_word' id='word_1_184' title='bbox 3583 1318 3673 1387; x_wconf 79' lang='grc' dir='ltr'><strong>οἷς</strong></span> 
     </span>
    </p>
   </div>
   <div class='ocr_carea' id='block_1_28' title="bbox 2085 1414 3672 1486">
    <p class='ocr_par' dir='ltr' id='par_1_28' title="bbox 2085 1414 3672 1486">
     <span class='ocr_line' id='line_1_28' title="bbox 2085 1414 3672 1486; baseline 0.001 -18"><span class='ocrx_word' id='word_1_185' title='bbox 2085 1415 2301 1485; x_wconf 77' lang='grc' dir='ltr'><strong>ἔξαρνοι</strong></span> <span class='ocrx_word' id='word_1_186' title='bbox 2353 1414 2573 1482; x_wconf 83' lang='grc' dir='ltr'><strong>γίνεσθε</strong></span> <span class='ocrx_word' id='word_1_187' title='bbox 2631 1416 2735 1486; x_wconf 87' lang='grc' dir='ltr'><strong>τῆς</strong></span> <span class='ocrx_word' id='word_1_188' title='bbox 2806 1415 3126 1479; x_wconf 84' lang='grc' dir='ltr'><strong>δεσποτείας</strong></span> <span class='ocrx_word' id='word_1_189' title='bbox 3192 1416 3286 1470; x_wconf 89' lang='grc' dir='ltr'><strong>τοῦ</strong></span> <span class='ocrx_word' id='word_1_190' title='bbox 3326 1416 3672 1480; x_wconf 85' lang='grc' dir='ltr'><strong>δεσποτικῶς</strong></span> 
     </span>
    </p>
   </div>
   <div class='ocr_carea' id='block_1_29' title="bbox 2086 1507 3673 1579">
    <p class='ocr_par' dir='ltr' id='par_1_29' title="bbox 2086 1507 3673 1579">
     <span class='ocr_line' id='line_1_29' title="bbox 2086 1507 3673 1579; baseline 0 -17"><span class='ocrx_word' id='word_1_191' title='bbox 2086 1507 2518 1578; x_wconf 83' lang='grc' dir='ltr'><strong>ἐλευθεροῦντος.</strong></span> <span class='ocrx_word' id='word_1_192' title='bbox 2578 1508 2718 1561; x_wconf 84' lang='grc' dir='ltr'><strong>Ἀλλ’</strong></span> <span class='ocrx_word' id='word_1_193' title='bbox 2769 1508 2832 1562; x_wconf 87' lang='grc' dir='ltr'><strong>ού</strong></span> <span class='ocrx_word' id='word_1_194' title='bbox 2893 1508 3177 1579; x_wconf 83' lang='grc' dir='ltr'><strong>βούλονται</strong></span> <span class='ocrx_word' id='word_1_195' title='bbox 3205 1524 3219 1539; x_wconf 74' lang='grc'><strong><em>⁸</em></strong></span> <span class='ocrx_word' id='word_1_196' title='bbox 3276 1510 3552 1579; x_wconf 80' lang='grc' dir='ltr'><strong>ἐχέτωσαν</strong></span> <span class='ocrx_word' id='word_1_197' title='bbox 3593 1508 3673 1572; x_wconf 85' lang='grc' dir='ltr'><strong>ὡς</strong></span> 
     </span>
    </p>
   </div>
   <div class='ocr_carea' id='block_1_30' title="bbox 2087 1600 3675 1671">
    <p class='ocr_par' dir='ltr' id='par_1_30' title="bbox 2087 1600 3675 1671">
     <span class='ocr_line' id='line_1_30' title="bbox 2087 1600 3675 1671; baseline -0.001 -17"><span class='ocrx_word' id='word_1_198' title='bbox 2087 1601 2426 1671; x_wconf 83' lang='grc' dir='ltr'><strong>προτιμῶσιν</strong></span> <span class='ocrx_word' id='word_1_199' title='bbox 2452 1618 2467 1632; x_wconf 77' lang='grc' dir='ltr'><strong>ο</strong></span> <span class='ocrx_word' id='word_1_200' title='bbox 2492 1603 2541 1653; x_wconf 88' lang='grc' dir='ltr'><strong>οἰ</strong></span> <span class='ocrx_word' id='word_1_201' title='bbox 2586 1600 2686 1670; x_wconf 83' lang='grc' dir='ltr'><strong>μὲν</strong></span> <span class='ocrx_word' id='word_1_202' title='bbox 2728 1600 2968 1654; x_wconf 75' lang='grc' dir='ltr'><strong>εἴσονται</strong></span> <span class='ocrx_word' id='word_1_203' title='bbox 2995 1600 3103 1654; x_wconf 90' lang='grc' dir='ltr'><strong>τῶν</strong></span> <span class='ocrx_word' id='word_1_204' title='bbox 3146 1602 3403 1655; x_wconf 78' lang='grc' dir='ltr'><strong>ἐπινοιῶν</strong></span> <span class='ocrx_word' id='word_1_205' title='bbox 3432 1602 3531 1671; x_wconf 85' lang='grc' dir='ltr'><strong>τὴν</strong></span> <span class='ocrx_word' id='word_1_206' title='bbox 3564 1602 3675 1655; x_wconf 87' lang='grc' dir='ltr'><strong>δει-</strong></span> 
     </span>
    </p>
   </div>
   <div class='ocr_carea' id='block_1_31' title="bbox 399 1693 1983 1771">
    <p class='ocr_par' dir='ltr' id='par_1_31' title="bbox 399 1700 1982 1771">
     <span class='ocr_line' id='line_1_31' title="bbox 399 1700 1982 1771; baseline 0.001 -16"><span class='ocrx_word' id='word_1_207' title='bbox 399 1700 485 1755; x_wconf 83' lang='lat' dir='ltr'><strong>inf</strong></span> <span class='ocrx_word' id='word_1_208' title='bbox 485 1702 637 1755; x_wconf 70' lang='lat' dir='ltr'><strong>andaa</strong></span> <span class='ocrx_word' id='word_1_209' title='bbox 658 1702 1011 1771; x_wconf 70' lang='lat' dir='ltr'><strong>blasphemia:</strong></span> <span class='ocrx_word' id='word_1_210' title='bbox 1027 1702 1293 1758; x_wconf 90' lang='lat' dir='ltr'><strong>rationem</strong></span> <span class='ocrx_word' id='word_1_211' title='bbox 1308 1703 1599 1758; x_wconf 88' lang='lat' dir='ltr'><strong>reddentes</strong></span> <span class='ocrx_word' id='word_1_212' title='bbox 1614 1702 1982 1758; x_wconf 87' lang='lat' dir='ltr'><strong>ineluctabilis</strong></span> 
     </span>
    </p>
   </div>
   <div class='ocr_carea' id='block_1_32' title="bbox 2087 1693 3675 1771">
    <p class='ocr_par' dir='ltr' id='par_1_32' title="bbox 2087 1693 3675 1765">
     <span class='ocr_line' id='line_1_32' title="bbox 2087 1693 3675 1765; baseline -0.001 -18"><span class='ocrx_word' id='word_1_213' title='bbox 2087 1694 2305 1765; x_wconf 87' lang='grc' dir='ltr'><strong>νότητα,</strong></span> <span class='ocrx_word' id='word_1_214' title='bbox 2343 1693 2563 1747; x_wconf 74' lang='grc' dir='ltr'><strong>ἐπειδὰν</strong></span> <span class='ocrx_word' id='word_1_215' title='bbox 2588 1693 2791 1758; x_wconf 81' lang='grc' dir='ltr'><strong>αὐτοὺς</strong></span> <span class='ocrx_word' id='word_1_216' title='bbox 2819 1694 2890 1748; x_wconf 82' lang='grc' dir='ltr'><strong>τὰ</strong></span> <span class='ocrx_word' id='word_1_217' title='bbox 2917 1693 3306 1764; x_wconf 85' lang='grc' dir='ltr'><strong>ἀναπόδραστα</strong></span> <span class='ocrx_word' id='word_1_218' title='bbox 3335 1694 3483 1747; x_wconf 85' lang='grc' dir='ltr'><strong>δεινά</strong></span> <span class='ocrx_word' id='word_1_219' title='bbox 3514 1710 3675 1763; x_wconf 82' lang='grc' dir='ltr'><strong>περι-</strong></span> 
     </span>
    </p>
   </div>
   <div class='ocr_carea' id='block_1_33' title="bbox 399 1762 1983 1862">
    <p class='ocr_par' dir='ltr' id='par_1_33' title="bbox 399 1792 1981 1862">
     <span class='ocr_line' id='line_1_33' title="bbox 399 1792 1981 1862; baseline 0.002 -17"><span class='ocrx_word' id='word_1_220' title='bbox 399 1793 769 1847; x_wconf 80' lang='lat' dir='ltr'><strong>circumsistet</strong></span> <span class='ocrx_word' id='word_1_221' title='bbox 788 1792 957 1848; x_wconf 86' lang='lat' dir='ltr'><strong>furor.</strong></span> <span class='ocrx_word' id='word_1_222' title='bbox 984 1794 1054 1846; x_wconf 83' lang='lat' dir='ltr'><strong>At</strong></span> <span class='ocrx_word' id='word_1_223' title='bbox 1076 1807 1175 1848; x_wconf 90' lang='lat' dir='ltr'><strong>nos</strong></span> <span class='ocrx_word' id='word_1_224' title='bbox 1198 1793 1491 1862; x_wconf 86' lang='lat' dir='ltr'><strong>adoptione</strong></span> <span class='ocrx_word' id='word_1_225' title='bbox 1519 1793 1783 1859; x_wconf 89' lang='lat' dir='ltr'><strong>illustres,</strong></span> <span class='ocrx_word' id='word_1_226' title='bbox 1806 1803 1862 1849; x_wconf 91' lang='lat' dir='ltr'><strong>et</strong></span> <span class='ocrx_word' id='word_1_227' title='bbox 1882 1794 1981 1848; x_wconf 89' lang='lat' dir='ltr'><strong>ad-</strong></span> 
     </span>
    </p>
   </div>
   <div class='ocr_carea' id='block_1_34' title="bbox 2087 1762 3676 1862">
    <p class='ocr_par' dir='ltr' id='par_1_34' title="bbox 2090 1762 3676 1857">
     <span class='ocr_line' id='line_1_34' title="bbox 2090 1762 3676 1857; baseline -0.001 -18"><span class='ocrx_word' id='word_1_228' title='bbox 2090 1762 2214 1857; x_wconf 80' lang='grc' dir='ltr'><strong>στῇ,</strong></span> <span class='ocrx_word' id='word_1_229' title='bbox 2267 1785 2424 1853; x_wconf 92' lang='grc' dir='ltr'><strong>λόγον</strong></span> <span class='ocrx_word' id='word_1_230' title='bbox 2479 1784 2782 1854; x_wconf 81' lang='grc' dir='ltr'><strong>ὑπέχοντας</strong></span> <span class='ocrx_word' id='word_1_231' title='bbox 2820 1784 2925 1854; x_wconf 82' lang='grc' dir='ltr'><strong>τῆς</strong></span> <span class='ocrx_word' id='word_1_232' title='bbox 2955 1786 3037 1848; x_wconf 82' lang='grc' dir='ltr'><strong>εἰς</strong></span> <span class='ocrx_word' id='word_1_233' title='bbox 3065 1762 3141 1837; x_wconf 27' lang='grc' dir='ltr'><strong>τὸ.</strong></span> <span class='ocrx_word' id='word_1_234' title='bbox 3164 1784 3392 1855; x_wconf 84' lang='grc' dir='ltr'><strong>Πνεῦμα</strong></span> <span class='ocrx_word' id='word_1_235' title='bbox 3420 1762 3676 1853; x_wconf 64' lang='grc' dir='ltr'><strong>ἀσυγγω-</strong></span> 
     </span>
    </p>
   </div>
   <div class='ocr_carea' id='block_1_35' title="bbox 401 1885 1980 1956">
    <p class='ocr_par' dir='ltr' id='par_1_35' title="bbox 401 1885 1980 1956">
     <span class='ocr_line' id='line_1_35' title="bbox 401 1885 1980 1956; baseline 0.002 -19"><span class='ocrx_word' id='word_1_236' title='bbox 401 1885 643 1954; x_wconf 86' lang='lat' dir='ltr'><strong>oplantis</strong></span> <span class='ocrx_word' id='word_1_237' title='bbox 670 1886 879 1939; x_wconf 86' lang='lat' dir='ltr'><strong>cultum</strong></span> <span class='ocrx_word' id='word_1_238' title='bbox 912 1886 1082 1956; x_wconf 86' lang='lat' dir='ltr'><strong>probe</strong></span> <span class='ocrx_word' id='word_1_239' title='bbox 1110 1885 1393 1950; x_wconf 88' lang='lat' dir='ltr'><strong>callentes,</strong></span> <span class='ocrx_word' id='word_1_240' title='bbox 1428 1894 1687 1955; x_wconf 83' lang='lat' dir='ltr'><strong>tanquam</strong></span> <span class='ocrx_word' id='word_1_241' title='bbox 1716 1886 1813 1940; x_wconf 86' lang='lat' dir='ltr'><strong>filii</strong></span> <span class='ocrx_word' id='word_1_242' title='bbox 1863 1886 1980 1948; x_wconf 82' lang='lat' dir='ltr'><strong>Dei,</strong></span> 
     </span>
    </p>
   </div>
   <div class='ocr_carea' id='block_1_36' title="bbox 401 1976 1981 2048">
    <p class='ocr_par' dir='ltr' id='par_1_36' title="bbox 401 1976 1981 2048">
     <span class='ocr_line' id='line_1_36' title="bbox 401 1976 1981 2048; baseline -0.001 -16"><span class='ocrx_word' id='word_1_243' title='bbox 401 1976 928 2034; x_wconf 86' lang='lat' dir='ltr'><strong>consubstantialem</strong></span> <span class='ocrx_word' id='word_1_244' title='bbox 954 1978 1075 2048; x_wconf 90' lang='lat' dir='ltr'><strong>ejus</strong></span> <span class='ocrx_word' id='word_1_245' title='bbox 1111 1977 1375 2048; x_wconf 90' lang='lat' dir='ltr'><strong>Spiritum</strong></span> <span class='ocrx_word' id='word_1_246' title='bbox 1403 1994 1765 2045; x_wconf 80' lang='lat' dir='ltr'><strong>veneremur;</strong></span> <span class='ocrx_word' id='word_1_247' title='bbox 1794 1979 1981 2034; x_wconf 90' lang='lat' dir='ltr'><strong>lumen</strong></span> 
     </span>
    </p>
   </div>
   <div class='ocr_carea' id='block_1_37' title="bbox 398 2070 1980 2139">
    <p class='ocr_par' dir='ltr' id='par_1_37' title="bbox 398 2070 1980 2139">
     <span class='ocr_line' id='line_1_37' title="bbox 398 2070 1980 2139; baseline 0.001 -17"><span class='ocrx_word' id='word_1_248' title='bbox 398 2084 586 2125; x_wconf 90' lang='lat' dir='ltr'><strong>verum</strong></span> <span class='ocrx_word' id='word_1_249' title='bbox 607 2070 791 2126; x_wconf 90' lang='lat' dir='ltr'><strong>orbem</strong></span> <span class='ocrx_word' id='word_1_250' title='bbox 822 2071 1165 2139; x_wconf 90' lang='lat' dir='ltr'><strong>illuminans,</strong></span> <span class='ocrx_word' id='word_1_251' title='bbox 1183 2082 1393 2126; x_wconf 90' lang='lat' dir='ltr'><strong>rectum</strong></span> <span class='ocrx_word' id='word_1_252' title='bbox 1426 2078 1481 2126; x_wconf 88' lang='lat' dir='ltr'><strong>et</strong></span> <span class='ocrx_word' id='word_1_253' title='bbox 1501 2071 1569 2125; x_wconf 89' lang='lat' dir='ltr'><strong>ad</strong></span> <span class='ocrx_word' id='word_1_254' title='bbox 1600 2071 1980 2126; x_wconf 90' lang='lat' dir='ltr'><strong>rectitudinem</strong></span> 
     </span>
    </p>
   </div>
   <div class='ocr_carea' id='block_1_38' title="bbox 400 2160 1975 2232">
    <p class='ocr_par' dir='ltr' id='par_1_38' title="bbox 400 2160 1975 2232">
     <span class='ocr_line' id='line_1_38' title="bbox 400 2160 1975 2232; baseline 0.001 -19"><span class='ocrx_word' id='word_1_255' title='bbox 400 2160 596 2215; x_wconf 83' lang='lat' dir='ltr'><strong>salutis</strong></span> <span class='ocrx_word' id='word_1_256' title='bbox 620 2161 675 2215; x_wconf 91' lang='lat' dir='ltr'><strong>in</strong></span> <span class='ocrx_word' id='word_1_257' title='bbox 706 2161 947 2231; x_wconf 89' lang='lat' dir='ltr'><strong>obliquis</strong></span> <span class='ocrx_word' id='word_1_258' title='bbox 976 2162 1300 2232; x_wconf 89' lang='lat' dir='ltr'><strong>perditionis</strong></span> <span class='ocrx_word' id='word_1_259' title='bbox 1322 2162 1425 2216; x_wconf 91' lang='lat' dir='ltr'><strong>viis</strong></span> <span class='ocrx_word' id='word_1_260' title='bbox 1469 2168 1721 2216; x_wconf 86' lang='lat' dir='ltr'><strong>errantes</strong></span> <span class='ocrx_word' id='word_1_261' title='bbox 1748 2160 1975 2225; x_wconf 88' lang='lat' dir='ltr'><strong>ducens,</strong></span> 
     </span>
    </p>
   </div>
   <div class='ocr_carea' id='block_1_39' title="bbox 395 2249 1975 2320">
    <p class='ocr_par' dir='ltr' id='par_1_39' title="bbox 395 2249 1975 2320">
     <span class='ocr_line' id='line_1_39' title="bbox 395 2249 1975 2320; baseline 0.002 -18"><span class='ocrx_word' id='word_1_262' title='bbox 395 2249 696 2306; x_wconf 88' lang='lat' dir='ltr'><strong>bonitatem</strong></span> <span class='ocrx_word' id='word_1_263' title='bbox 724 2250 990 2320; x_wconf 80' lang='lat' dir='ltr'><strong>largiens,</strong></span> <span class='ocrx_word' id='word_1_264' title='bbox 1019 2252 1278 2306; x_wconf 85' lang='lat' dir='ltr'><strong>beneficia</strong></span> <span class='ocrx_word' id='word_1_265' title='bbox 1318 2251 1624 2315; x_wconf 80' lang='lat' dir='ltr'><strong>effundens,</strong></span> <span class='ocrx_word' id='word_1_266' title='bbox 1658 2260 1713 2307; x_wconf 92' lang='lat' dir='ltr'><strong>et</strong></span> <span class='ocrx_word' id='word_1_267' title='bbox 1767 2251 1975 2307; x_wconf 86' lang='lat' dir='ltr'><strong>fontem</strong></span> 
     </span>
    </p>
   </div>
   <div class='ocr_carea' id='block_1_40' title="bbox 399 2337 1982 2413">
    <p class='ocr_par' dir='ltr' id='par_1_40' title="bbox 399 2337 1982 2413">
     <span class='ocr_line' id='line_1_40' title="bbox 399 2337 1982 2413; baseline 0.003 -18"><span class='ocrx_word' id='word_1_268' title='bbox 399 2341 710 2397; x_wconf 85' lang='lat' dir='ltr'><strong>sanctitatis</strong></span> <span class='ocrx_word' id='word_1_269' title='bbox 742 2337 1376 2411; x_wconf 89' lang='lat' dir='ltr'><strong>incomprehensibilem,</strong></span> <span class='ocrx_word' id='word_1_270' title='bbox 1408 2358 1568 2412; x_wconf 93' lang='lat' dir='ltr'><strong>quem</strong></span> <span class='ocrx_word' id='word_1_271' title='bbox 1592 2343 1982 2413; x_wconf 86' lang='lat' dir='ltr'><strong>partieipantes</strong></span> 
     </span>
    </p>
   </div>
   <div class='ocr_carea' id='block_1_41' title="bbox 400 2433 1985 2507">
    <p class='ocr_par' dir='ltr' id='par_1_41' title="bbox 400 2433 1985 2507">
     <span class='ocr_line' id='line_1_41' title="bbox 400 2433 1985 2507; baseline 0.001 -18"><span class='ocrx_word' id='word_1_272' title='bbox 400 2433 716 2503; x_wconf 84' lang='lat' dir='ltr'><strong>spiritualcs</strong></span> <span class='ocrx_word' id='word_1_273' title='bbox 733 2434 1102 2505; x_wconf 72' lang='lat' dir='ltr'><strong>intelligentia:</strong></span> <span class='ocrx_word' id='word_1_274' title='bbox 1117 2435 1303 2489; x_wconf 89' lang='lat' dir='ltr'><strong>statim</strong></span> <span class='ocrx_word' id='word_1_275' title='bbox 1319 2435 1732 2490; x_wconf 87' lang='lat' dir='ltr'><strong>sanctificantur</strong></span> <span class='ocrx_word' id='word_1_276' title='bbox 1759 2453 1773 2490; x_wconf 91' lang='lat'><strong>:</strong></span> <span class='ocrx_word' id='word_1_277' title='bbox 1797 2450 1985 2507; x_wconf 87' lang='lat' dir='ltr'><strong>quam-</strong></span> 
     </span>
    </p>
   </div>
   <div class='ocr_carea' id='block_1_42' title="bbox 400 2523 1979 2599">
    <p class='ocr_par' dir='ltr' id='par_1_42' title="bbox 400 2523 1979 2599">
     <span class='ocr_line' id='line_1_42' title="bbox 400 2523 1979 2599; baseline 0.005 -22"><span class='ocrx_word' id='word_1_278' title='bbox 400 2524 486 2579; x_wconf 92' lang='lat' dir='ltr'><strong>vis</strong></span> <span class='ocrx_word' id='word_1_279' title='bbox 516 2524 587 2577; x_wconf 92' lang='lat' dir='ltr'><strong>ob</strong></span> <span class='ocrx_word' id='word_1_280' title='bbox 616 2523 916 2579; x_wconf 86' lang='lat' dir='ltr'><strong>voluntatis</strong></span> <span class='ocrx_word' id='word_1_281' title='bbox 945 2524 1210 2578; x_wconf 83' lang='lat' dir='ltr'><strong>malitiam</strong></span> <span class='ocrx_word' id='word_1_282' title='bbox 1236 2526 1585 2591; x_wconf 88' lang='lat' dir='ltr'><strong>tenebrosus,</strong></span> <span class='ocrx_word' id='word_1_283' title='bbox 1621 2526 1979 2599; x_wconf 90' lang='lat' dir='ltr'><strong>impurusque</strong></span> 
     </span>
    </p>
   </div>
   <div class='ocr_carea' id='block_1_43' title="bbox 396 2613 1979 2685">
    <p class='ocr_par' dir='ltr' id='par_1_43' title="bbox 396 2613 1979 2685">
     <span class='ocr_line' id='line_1_43' title="bbox 396 2613 1979 2685; baseline 0.004 -16"><span class='ocrx_word' id='word_1_284' title='bbox 396 2616 655 2683; x_wconf 86' lang='lat' dir='ltr'><strong>evaserit,</strong></span> <span class='ocrx_word' id='word_1_285' title='bbox 710 2616 837 2685; x_wconf 89' lang='lat' dir='ltr'><strong>quia</strong></span> <span class='ocrx_word' id='word_1_286' title='bbox 869 2629 899 2670; x_wconf 90' lang='lat' dir='ltr'><strong>a</strong></span> <span class='ocrx_word' id='word_1_287' title='bbox 939 2613 1261 2672; x_wconf 83' lang='lat' dir='ltr'><strong>Hierarchia</strong></span> <span class='ocrx_word' id='word_1_288' title='bbox 1291 2615 1514 2673; x_wconf 78' lang='lat' dir='ltr'><strong>Caelesti</strong></span> <span class='ocrx_word' id='word_1_289' title='bbox 1561 2618 1847 2676; x_wconf 90' lang='lat' dir='ltr'><strong>abscissus</strong></span> <span class='ocrx_word' id='word_1_290' title='bbox 1875 2628 1979 2676; x_wconf 86' lang='lat' dir='ltr'><strong>est.</strong></span> 
     </span>
    </p>
   </div>
   <div class='ocr_carea' id='block_1_44' title="bbox 394 2708 1983 2783">
    <p class='ocr_par' dir='ltr' id='par_1_44' title="bbox 394 2708 1983 2783">
     <span class='ocr_line' id='line_1_44' title="bbox 394 2708 1983 2783; baseline 0.006 -23"><span class='ocrx_word' id='word_1_291' title='bbox 394 2708 664 2763; x_wconf 70' lang='lat' dir='ltr'><strong>Caeterum</strong></span> <span class='ocrx_word' id='word_1_292' title='bbox 690 2715 956 2764; x_wconf 69' lang='lat' dir='ltr'><strong>creaturae</strong></span> <span class='ocrx_word' id='word_1_293' title='bbox 993 2708 1219 2779; x_wconf 74' lang='lat' dir='ltr'><strong>reliqua:</strong></span> <span class='ocrx_word' id='word_1_294' title='bbox 1260 2709 1685 2780; x_wconf 86' lang='lat' dir='ltr'><strong>pulchritudinis</strong></span> <span class='ocrx_word' id='word_1_295' title='bbox 1736 2712 1879 2783; x_wconf 82' lang='lat' dir='ltr'><strong>eius,</strong></span> <span class='ocrx_word' id='word_1_296' title='bbox 1928 2724 1983 2770; x_wconf 90' lang='lat' dir='ltr'><strong>et</strong></span> 
     </span>
    </p>
   </div>
   <div class='ocr_carea' id='block_1_45' title="bbox 395 2801 1976 2860">
    <p class='ocr_par' dir='ltr' id='par_1_45' title="bbox 395 2801 1976 2860">
     <span class='ocr_line' id='line_1_45' title="bbox 395 2801 1976 2860; baseline 0.003 -5"><span class='ocrx_word' id='word_1_297' title='bbox 395 2801 709 2856; x_wconf 86' lang='lat' dir='ltr'><strong>sanctitatis</strong></span> <span class='ocrx_word' id='word_1_298' title='bbox 748 2801 1253 2857; x_wconf 86' lang='lat' dir='ltr'><strong>communicatione</strong></span> <span class='ocrx_word' id='word_1_299' title='bbox 1288 2801 1803 2860; x_wconf 89' lang='lat' dir='ltr'><strong>decorantur.llinc</strong></span> <span class='ocrx_word' id='word_1_300' title='bbox 1827 2805 1976 2860; x_wconf 89' lang='lat' dir='ltr'><strong>enim</strong></span> 
     </span>
    </p>
   </div>
   <div class='ocr_carea' id='block_1_46' title="bbox 394 2892 1981 2961">
    <p class='ocr_par' dir='ltr' id='par_1_46' title="bbox 394 2892 1981 2961">
     <span class='ocr_line' id='line_1_46' title="bbox 394 2892 1981 2961; baseline 0.005 -15"><span class='ocrx_word' id='word_1_301' title='bbox 394 2902 502 2956; x_wconf 90' lang='lat' dir='ltr'><strong>est,</strong></span> <span class='ocrx_word' id='word_1_302' title='bbox 534 2901 594 2949; x_wconf 90' lang='lat' dir='ltr'><strong>ut</strong></span> <span class='ocrx_word' id='word_1_303' title='bbox 621 2893 807 2948; x_wconf 87' lang='lat' dir='ltr'><strong>omnia</strong></span> <span class='ocrx_word' id='word_1_304' title='bbox 842 2894 1001 2949; x_wconf 83' lang='lat' dir='ltr'><strong>valde</strong></span> <span class='ocrx_word' id='word_1_305' title='bbox 1025 2892 1167 2948; x_wconf 90' lang='lat' dir='ltr'><strong>bona</strong></span> <span class='ocrx_word' id='word_1_306' title='bbox 1193 2893 1327 2957; x_wconf 87' lang='lat' dir='ltr'><strong>sint,</strong></span> <span class='ocrx_word' id='word_1_307' title='bbox 1355 2901 1410 2950; x_wconf 90' lang='lat' dir='ltr'><strong>et</strong></span> <span class='ocrx_word' id='word_1_308' title='bbox 1442 2902 1732 2961; x_wconf 85' lang='lat' dir='ltr'><strong>vocentur,</strong></span> <span class='ocrx_word' id='word_1_309' title='bbox 1762 2912 1793 2952; x_wconf 91' lang='lat' dir='ltr'><strong>a</strong></span> <span class='ocrx_word' id='word_1_310' title='bbox 1816 2896 1981 2954; x_wconf 88' lang='lat' dir='ltr'><strong>Patre</strong></span> 
     </span>
    </p>
   </div>
   <div class='ocr_carea' id='block_1_47' title="bbox 2089 1875 3676 1948">
    <p class='ocr_par' dir='ltr' id='par_1_47' title="bbox 2089 1875 3676 1948">
     <span class='ocr_line' id='line_1_47' title="bbox 2089 1875 3676 1948; baseline -0.003 -16"><span class='ocrx_word' id='word_1_311' title='bbox 2089 1881 2254 1948; x_wconf 81' lang='grc' dir='ltr'><strong>ρήτου</strong></span> <span class='ocrx_word' id='word_1_312' title='bbox 2319 1876 2703 1948; x_wconf 79' lang='grc' dir='ltr'><strong>βλασφημίας·</strong></span> <span class='ocrx_word' id='word_1_313' title='bbox 2756 1876 2809 1929; x_wconf 86' lang='grc' dir='ltr'><strong>οἰ</strong></span> <span class='ocrx_word' id='word_1_314' title='bbox 2868 1877 2929 1930; x_wconf 84' lang='grc' dir='ltr'><strong>δὲ</strong></span> <span class='ocrx_word' id='word_1_315' title='bbox 2972 1879 3037 1947; x_wconf 81' lang='grc' dir='ltr'><strong>τῇ</strong></span> <span class='ocrx_word' id='word_1_316' title='bbox 3065 1877 3310 1947; x_wconf 73' lang='grc' dir='ltr'><strong>υίοθεσίᾳ⁵</strong></span> <span class='ocrx_word' id='word_1_317' title='bbox 3351 1875 3529 1939; x_wconf 87' lang='grc' dir='ltr'><strong>καλῶς</strong></span> <span class='ocrx_word' id='word_1_318' title='bbox 3556 1876 3676 1928; x_wconf 89' lang='grc' dir='ltr'><strong>δια-</strong></span> 
     </span>
    </p>
   </div>
   <div class='ocr_carea' id='block_1_48' title="bbox 2086 1966 3673 2039">
    <p class='ocr_par' dir='ltr' id='par_1_48' title="bbox 2086 1966 3673 2039">
     <span class='ocr_line' id='line_1_48' title="bbox 2086 1966 3673 2039; baseline 0 -18"><span class='ocrx_word' id='word_1_319' title='bbox 2086 1969 2413 2039; x_wconf 84' lang='grc' dir='ltr'><strong>πρέποντες,</strong></span> <span class='ocrx_word' id='word_1_320' title='bbox 2443 1968 2501 2020; x_wconf 78' lang='grc' dir='ltr'><strong>ὲν</strong></span> <span class='ocrx_word' id='word_1_321' title='bbox 2527 1966 2607 2038; x_wconf 84' lang='grc' dir='ltr'><strong>τῷ</strong></span> <span class='ocrx_word' id='word_1_322' title='bbox 2630 1967 2813 2030; x_wconf 89' lang='grc' dir='ltr'><strong>καλῶς</strong></span> <span class='ocrx_word' id='word_1_323' title='bbox 2855 1967 2956 2039; x_wconf 79' lang='grc' dir='ltr'><strong>τὴν</strong></span> <span class='ocrx_word' id='word_1_324' title='bbox 2994 1966 3160 2036; x_wconf 81' lang='grc' dir='ltr'><strong>τιμὴν</strong></span> <span class='ocrx_word' id='word_1_325' title='bbox 3194 1968 3395 2021; x_wconf 87' lang='grc' dir='ltr'><strong>εἰδέναι</strong></span> <span class='ocrx_word' id='word_1_326' title='bbox 3416 1968 3513 2021; x_wconf 92' lang='grc' dir='ltr'><strong>τοῦ</strong></span> <span class='ocrx_word' id='word_1_327' title='bbox 3554 1969 3673 2021; x_wconf 84' lang='grc' dir='ltr'><strong>υἰο-</strong></span> 
     </span>
    </p>
   </div>
   <div class='ocr_carea' id='block_1_49' title="bbox 2086 2054 3672 2132">
    <p class='ocr_par' dir='ltr' id='par_1_49' title="bbox 2086 2054 3672 2132">
     <span class='ocr_line' id='line_1_49' title="bbox 2086 2054 3672 2132; baseline 0.001 -18"><span class='ocrx_word' id='word_1_328' title='bbox 2086 2061 2431 2132; x_wconf 84' lang='grc' dir='ltr'><strong>θετήσαντος,</strong></span> <span class='ocrx_word' id='word_1_329' title='bbox 2482 2054 2572 2114; x_wconf 72' lang='grc' dir='ltr'><strong>οἷα</strong></span> <span class='ocrx_word' id='word_1_330' title='bbox 2627 2059 2693 2130; x_wconf 79' lang='grc' dir='ltr'><strong>δὴ</strong></span> <span class='ocrx_word' id='word_1_331' title='bbox 2722 2059 2889 2113; x_wconf 87' lang='grc' dir='ltr'><strong>τέκνα</strong></span> <span class='ocrx_word' id='word_1_332' title='bbox 2937 2060 3099 2125; x_wconf 83' lang='grc' dir='ltr'><strong>Θεοῦ,</strong></span> <span class='ocrx_word' id='word_1_333' title='bbox 3137 2061 3198 2115; x_wconf 89' lang='lat' dir='ltr'><strong>rb</strong></span> <span class='ocrx_word' id='word_1_334' title='bbox 3224 2060 3473 2130; x_wconf 81' lang='grc' dir='ltr'><strong>συμφυὲς</strong></span> <span class='ocrx_word' id='word_1_335' title='bbox 3502 2061 3672 2116; x_wconf 80' lang='grc' dir='ltr'><strong>αὑτοῦ</strong></span> 
     </span>
    </p>
   </div>
   <div class='ocr_carea' id='block_1_50' title="bbox 2084 2150 3676 2222">
    <p class='ocr_par' dir='ltr' id='par_1_50' title="bbox 2084 2150 3676 2222">
     <span class='ocr_line' id='line_1_50' title="bbox 2084 2150 3676 2222; baseline 0.001 -16"><span class='ocrx_word' id='word_1_336' title='bbox 2084 2152 2310 2221; x_wconf 87' lang='grc' dir='ltr'><strong>Πνεῦμα</strong></span> <span class='ocrx_word' id='word_1_337' title='bbox 2342 2151 2673 2222; x_wconf 82' lang='grc' dir='ltr'><strong>θειάζωμεν,</strong></span> <span class='ocrx_word' id='word_1_338' title='bbox 2710 2150 2772 2203; x_wconf 84' lang='grc' dir='ltr'><strong>τὸ</strong></span> <span class='ocrx_word' id='word_1_339' title='bbox 2820 2150 3077 2222; x_wconf 74' lang='grc' dir='ltr'><strong>ἀληθινὸν</strong></span> <span class='ocrx_word' id='word_1_340' title='bbox 3111 2151 3253 2221; x_wconf 83' lang='grc' dir='ltr'><strong>φῶς,</strong></span> <span class='ocrx_word' id='word_1_341' title='bbox 3310 2152 3372 2206; x_wconf 84' lang='lat' dir='ltr'><strong>rb</strong></span> <span class='ocrx_word' id='word_1_342' title='bbox 3423 2154 3676 2222; x_wconf 86' lang='grc' dir='ltr'><strong>φωτίσαν</strong></span> 
     </span>
    </p>
   </div>
   <div class='ocr_carea' id='block_1_51' title="bbox 2084 2243 3673 2317">
    <p class='ocr_par' dir='ltr' id='par_1_51' title="bbox 2084 2243 3673 2317">
     <span class='ocr_line' id='line_1_51' title="bbox 2084 2243 3673 2317; baseline 0 -17"><span class='ocrx_word' id='word_1_343' title='bbox 2084 2247 2154 2301; x_wconf 80' lang='grc' dir='ltr'><strong>τὰ</strong></span> <span class='ocrx_word' id='word_1_344' title='bbox 2183 2246 2417 2316; x_wconf 89' lang='grc' dir='ltr'><strong>πέρατα,</strong></span> <span class='ocrx_word' id='word_1_345' title='bbox 2473 2244 2537 2298; x_wconf 85' lang='grc' dir='ltr'><strong>τὸ</strong></span> <span class='ocrx_word' id='word_1_346' title='bbox 2588 2243 2747 2308; x_wconf 85' lang='grc' dir='ltr'><strong>εὐθὲς</strong></span> <span class='ocrx_word' id='word_1_347' title='bbox 2788 2244 2884 2297; x_wconf 72' lang='grc' dir='ltr'><strong>καὶ</strong></span> <span class='ocrx_word' id='word_1_348' title='bbox 2917 2243 3055 2316; x_wconf 78' lang='grc' dir='ltr'><strong>πρὸς</strong></span> <span class='ocrx_word' id='word_1_349' title='bbox 3090 2245 3362 2317; x_wconf 81' lang='grc' dir='ltr'><strong>εὐθύτητα</strong></span> <span class='ocrx_word' id='word_1_350' title='bbox 3399 2246 3673 2317; x_wconf 83' lang='grc' dir='ltr'><strong>σωτηρίας</strong></span> 
     </span>
    </p>
   </div>
   <div class='ocr_carea' id='block_1_52' title="bbox 2084 2337 3675 2410">
    <p class='ocr_par' dir='ltr' id='par_1_52' title="bbox 2084 2337 3675 2410">
     <span class='ocr_line' id='line_1_52' title="bbox 2084 2337 3675 2410; baseline 0 -18"><span class='ocrx_word' id='word_1_351' title='bbox 2084 2338 2464 2409; x_wconf 82' lang='grc' dir='ltr'><strong>καθοδηγῆσαν</strong></span> <span class='ocrx_word' id='word_1_352' title='bbox 2488 2339 2615 2401; x_wconf 80' lang='grc' dir='ltr'><strong>τοὺς</strong></span> <span class='ocrx_word' id='word_1_353' title='bbox 2652 2337 3047 2408; x_wconf 83' lang='grc' dir='ltr'><strong>πλανωμένους</strong></span> <span class='ocrx_word' id='word_1_354' title='bbox 3079 2338 3139 2392; x_wconf 78' lang='grc' dir='ltr'><strong>ὲν</strong></span> <span class='ocrx_word' id='word_1_355' title='bbox 3170 2340 3380 2410; x_wconf 78' lang='grc' dir='ltr'><strong>τρίϐοις</strong></span> <span class='ocrx_word' id='word_1_356' title='bbox 3433 2340 3675 2404; x_wconf 82' lang='grc' dir='ltr'><strong>σκολιαῖς</strong></span> 
     </span>
    </p>
   </div>
   <div class='ocr_carea' id='block_1_53' title="bbox 2084 2426 3676 2502">
    <p class='ocr_par' dir='ltr' id='par_1_53' title="bbox 2084 2426 3676 2502">
     <span class='ocr_line' id='line_1_53' title="bbox 2084 2426 3676 2502; baseline 0 -17"><span class='ocrx_word' id='word_1_357' title='bbox 2084 2430 2385 2494; x_wconf 84' lang='grc' dir='ltr'><strong>ἀπωλείας,</strong></span> <span class='ocrx_word' id='word_1_358' title='bbox 2412 2430 2477 2483; x_wconf 88' lang='lat' dir='ltr'><strong>rb</strong></span> <span class='ocrx_word' id='word_1_359' title='bbox 2519 2430 2685 2500; x_wconf 85' lang='grc' dir='ltr'><strong>βρύον</strong></span> <span class='ocrx_word' id='word_1_360' title='bbox 2716 2429 2816 2501; x_wconf 86' lang='grc' dir='ltr'><strong>τὴν</strong></span> <span class='ocrx_word' id='word_1_361' title='bbox 2865 2430 3205 2501; x_wconf 86' lang='grc' dir='ltr'><strong>ἀγαθότητα,</strong></span> <span class='ocrx_word' id='word_1_362' title='bbox 3238 2426 3470 2496; x_wconf 76' lang='grc' dir='ltr'><strong>καὶτοῖς</strong></span> <span class='ocrx_word' id='word_1_363' title='bbox 3504 2449 3676 2502; x_wconf 89' lang='grc' dir='ltr'><strong>μετα-</strong></span> 
     </span>
    </p>
   </div>
   <div class='ocr_carea' id='block_1_54' title="bbox 2087 2521 3677 2596">
    <p class='ocr_par' dir='ltr' id='par_1_54' title="bbox 2087 2521 3677 2596">
     <span class='ocr_line' id='line_1_54' title="bbox 2087 2521 3677 2596; baseline 0.003 -20"><span class='ocrx_word' id='word_1_364' title='bbox 2087 2522 2275 2595; x_wconf 84' lang='grc' dir='ltr'><strong>σχοῦσι</strong></span> <span class='ocrx_word' id='word_1_365' title='bbox 2321 2523 2383 2577; x_wconf 86' lang='grc' dir='ltr'><strong>τὸ</strong></span> <span class='ocrx_word' id='word_1_366' title='bbox 2434 2521 2803 2591; x_wconf 86' lang='grc' dir='ltr'><strong>ἀγαθύνεσθαι</strong></span> <span class='ocrx_word' id='word_1_367' title='bbox 2860 2523 3243 2593; x_wconf 77' lang='grc' dir='ltr'><strong>χαριζόμενον,</strong></span> <span class='ocrx_word' id='word_1_368' title='bbox 3298 2525 3398 2596; x_wconf 83' lang='grc' dir='ltr'><strong>τὴν</strong></span> <span class='ocrx_word' id='word_1_369' title='bbox 3463 2527 3677 2581; x_wconf 81' lang='grc' dir='ltr'><strong>ἀκατά-</strong></span> 
     </span>
    </p>
   </div>
   <div class='ocr_carea' id='block_1_55' title="bbox 2083 2608 3673 2688">
    <p class='ocr_par' dir='ltr' id='par_1_55' title="bbox 2083 2608 3673 2688">
     <span class='ocr_line' id='line_1_55' title="bbox 2083 2608 3673 2688; baseline 0.003 -18"><span class='ocrx_word' id='word_1_370' title='bbox 2083 2619 2286 2687; x_wconf 90' lang='grc' dir='ltr'><strong>ληπτον</strong></span> <span class='ocrx_word' id='word_1_371' title='bbox 2318 2617 2505 2688; x_wconf 85' lang='grc' dir='ltr'><strong>πηγὴν</strong></span> <span class='ocrx_word' id='word_1_372' title='bbox 2541 2616 2644 2686; x_wconf 84' lang='grc' dir='ltr'><strong>τῆς</strong></span> <span class='ocrx_word' id='word_1_373' title='bbox 2694 2615 3009 2686; x_wconf 80' lang='grc' dir='ltr'><strong>ἁγιότητος,</strong></span> <span class='ocrx_word' id='word_1_374' title='bbox 3041 2608 3103 2671; x_wconf 76' lang='grc' dir='ltr'><strong>οὗ</strong></span> <span class='ocrx_word' id='word_1_375' title='bbox 3139 2618 3544 2687; x_wconf 78' lang='grc' dir='ltr'><strong>μεταλαϐοῦσαι</strong></span> <span class='ocrx_word' id='word_1_376' title='bbox 3573 2619 3673 2674; x_wconf 87' lang='grc' dir='ltr'><strong>τοῦ</strong></span> 
     </span>
    </p>
   </div>
   <div class='ocr_carea' id='block_1_56' title="bbox 2084 2707 3675 2783">
    <p class='ocr_par' dir='ltr' id='par_1_56' title="bbox 2084 2707 3675 2783">
     <span class='ocr_line' id='line_1_56' title="bbox 2084 2707 3675 2783; baseline 0.001 -19"><span class='ocrx_word' id='word_1_377' title='bbox 2084 2708 2358 2778; x_wconf 85' lang='grc' dir='ltr'><strong>ἀγιασμοῦ</strong></span> <span class='ocrx_word' id='word_1_378' title='bbox 2388 2708 2709 2775; x_wconf 79' lang='grc' dir='ltr'><strong>ἀγιάζονται</strong></span> <span class='ocrx_word' id='word_1_379' title='bbox 2767 2707 2867 2779; x_wconf 90' lang='grc' dir='ltr'><strong>μὲν</strong></span> <span class='ocrx_word' id='word_1_380' title='bbox 2920 2707 3047 2779; x_wconf 80' lang='grc' dir='ltr'><strong>ἄρτι</strong></span> <span class='ocrx_word' id='word_1_381' title='bbox 3078 2710 3375 2781; x_wconf 89' lang='grc' dir='ltr'><strong>παριοῦσαι</strong></span> <span class='ocrx_word' id='word_1_382' title='bbox 3414 2713 3548 2782; x_wconf 71' lang='grc' dir='ltr'><strong>πρὸς</strong></span> <span class='ocrx_word' id='word_1_383' title='bbox 3579 2715 3675 2783; x_wconf 87' lang='grc' dir='ltr'><strong>γέ-</strong></span> 
     </span>
    </p>
   </div>
   <div class='ocr_carea' id='block_1_57' title="bbox 2084 2800 3676 2875">
    <p class='ocr_par' dir='ltr' id='par_1_57' title="bbox 2084 2800 3676 2875">
     <span class='ocr_line' id='line_1_57' title="bbox 2084 2800 3676 2875; baseline 0.003 -20"><span class='ocrx_word' id='word_1_384' title='bbox 2084 2820 2237 2856; x_wconf 89' lang='grc' dir='ltr'><strong>νεσιν</strong></span> <span class='ocrx_word' id='word_1_385' title='bbox 2274 2803 2330 2854; x_wconf 90' lang='grc' dir='ltr'><strong>αί</strong></span> <span class='ocrx_word' id='word_1_386' title='bbox 2372 2801 2557 2873; x_wconf 73' lang='grc' dir='ltr'><strong>νοεραὶ</strong></span> <span class='ocrx_word' id='word_1_387' title='bbox 2593 2800 2855 2873; x_wconf 85' lang='grc' dir='ltr'><strong>δυνάμεις</strong></span> <span class='ocrx_word' id='word_1_388' title='bbox 2882 2818 2897 2836; x_wconf 89' lang='grc'><strong>·</strong></span> <span class='ocrx_word' id='word_1_389' title='bbox 2959 2803 3009 2855; x_wconf 94' lang='grc' dir='ltr'><strong>εί</strong></span> <span class='ocrx_word' id='word_1_390' title='bbox 3077 2803 3173 2857; x_wconf 73' lang='grc' dir='ltr'><strong>καὶ</strong></span> <span class='ocrx_word' id='word_1_391' title='bbox 3232 2803 3319 2857; x_wconf 76' lang='grc' dir='ltr'><strong>διὰ</strong></span> <span class='ocrx_word' id='word_1_392' title='bbox 3370 2804 3676 2875; x_wconf 79' lang='grc' dir='ltr'><strong>σκαιότητα</strong></span> 
     </span>
    </p>
   </div>
   <div class='ocr_carea' id='block_1_58' title="bbox 2083 2893 3675 2968">
    <p class='ocr_par' dir='ltr' id='par_1_58' title="bbox 2083 2893 3675 2968">
     <span class='ocr_line' id='line_1_58' title="bbox 2083 2893 3675 2968; baseline 0.001 -19"><span class='ocrx_word' id='word_1_393' title='bbox 2083 2894 2459 2967; x_wconf 83' lang='grc' dir='ltr'><strong>προαιρέσεως</strong></span> <span class='ocrx_word' id='word_1_394' title='bbox 2478 2896 2507 2947; x_wconf 87' lang='grc' dir='ltr'>ὁ</span> <span class='ocrx_word' id='word_1_395' title='bbox 2536 2894 2636 2965; x_wconf 84' lang='grc' dir='ltr'><strong>τῆς</strong></span> <span class='ocrx_word' id='word_1_396' title='bbox 2666 2893 2830 2962; x_wconf 82' lang='grc' dir='ltr'><strong>ἁγίας</strong></span> <span class='ocrx_word' id='word_1_397' title='bbox 2868 2895 2965 2948; x_wconf 75' lang='grc' dir='ltr'><strong>καὶ</strong></span> <span class='ocrx_word' id='word_1_398' title='bbox 2991 2896 3317 2965; x_wconf 83' lang='grc' dir='ltr'><strong>φωτοειδοῦς</strong></span> <span class='ocrx_word' id='word_1_399' title='bbox 3336 2897 3675 2968; x_wconf 78' lang='grc' dir='ltr'><strong>ἀπερραγὼς</strong></span> 
     </span>
    </p>
   </div>
   <div class='ocr_carea' id='block_1_59' title="bbox 394 2981 1983 3088">
    <p class='ocr_par' dir='ltr' id='par_1_59' title="bbox 394 2981 1978 3054">
     <span class='ocr_line' id='line_1_59' title="bbox 394 2981 1978 3054; baseline 0.003 -17"><span class='ocrx_word' id='word_1_400' title='bbox 394 2982 616 3053; x_wconf 89' lang='lat' dir='ltr'><strong>quidem</strong></span> <span class='ocrx_word' id='word_1_401' title='bbox 651 2999 749 3054; x_wconf 92' lang='lat' dir='ltr'><strong>per</strong></span> <span class='ocrx_word' id='word_1_402' title='bbox 782 2981 983 3037; x_wconf 87' lang='lat' dir='ltr'><strong>Filium</strong></span> <span class='ocrx_word' id='word_1_403' title='bbox 1026 2993 1236 3051; x_wconf 89' lang='lat' dir='ltr'><strong>creata,</strong></span> <span class='ocrx_word' id='word_1_404' title='bbox 1268 2985 1773 3044; x_wconf 90' lang='lat' dir='ltr'><strong>communicatione</strong></span> <span class='ocrx_word' id='word_1_405' title='bbox 1798 2999 1978 3044; x_wconf 81' lang='lat' dir='ltr'><strong>autem</strong></span> 
     </span>
    </p>
   </div>
   <div class='ocr_carea' id='block_1_60' title="bbox 2087 2981 3678 3088">
    <p class='ocr_par' dir='ltr' id='par_1_60' title="bbox 2087 2985 3678 3058">
     <span class='ocr_line' id='line_1_60' title="bbox 2087 2985 3678 3058; baseline -0.001 -16"><span class='ocrx_word' id='word_1_406' title='bbox 2087 2986 2311 3053; x_wconf 82' lang='grc' dir='ltr'><strong>τάξεως,</strong></span> <span class='ocrx_word' id='word_1_407' title='bbox 2349 2985 2576 3058; x_wconf 75' lang='grc' dir='ltr'><strong>βέϐηλός</strong></span> <span class='ocrx_word' id='word_1_408' title='bbox 2598 3002 2658 3038; x_wconf 92' lang='grc' dir='ltr'><strong>τε</strong></span> <span class='ocrx_word' id='word_1_409' title='bbox 2682 2986 2799 3056; x_wconf 74' lang='grc' dir='ltr'><strong>ἅμα</strong></span> <span class='ocrx_word' id='word_1_410' title='bbox 2822 2985 2915 3039; x_wconf 75' lang='grc' dir='ltr'><strong>καὶ</strong></span> <span class='ocrx_word' id='word_1_411' title='bbox 2955 2986 3151 3052; x_wconf 83' lang='grc' dir='ltr'><strong>σκότος</strong></span> <span class='ocrx_word' id='word_1_412' title='bbox 3182 2987 3397 3056; x_wconf 75' lang='grc' dir='ltr'><strong>ἐγένετο</strong></span> <span class='ocrx_word' id='word_1_413' title='bbox 3420 3004 3434 3019; x_wconf 73' lang='grc' dir='ltr'><strong><em>ο</em></strong></span> <span class='ocrx_word' id='word_1_414' title='bbox 3458 2988 3678 3042; x_wconf 79' lang='grc' dir='ltr'><strong>καλλωο</strong></span> 
     </span>
    </p>
   </div>
   <div class='ocr_carea' id='block_1_61' title="bbox 393 3072 1983 3149">
    <p class='ocr_par' dir='ltr' id='par_1_61' title="bbox 393 3072 1976 3145">
     <span class='ocr_line' id='line_1_61' title="bbox 393 3072 1976 3145; baseline 0.002 -15"><span class='ocrx_word' id='word_1_415' title='bbox 393 3074 572 3130; x_wconf 78' lang='lat' dir='ltr'><strong>sancti</strong></span> <span class='ocrx_word' id='word_1_416' title='bbox 591 3073 827 3145; x_wconf 87' lang='lat' dir='ltr'><strong>Spiritus</strong></span> <span class='ocrx_word' id='word_1_417' title='bbox 846 3074 913 3129; x_wconf 89' lang='lat' dir='ltr'><strong>ad</strong></span> <span class='ocrx_word' id='word_1_418' title='bbox 931 3072 1322 3145; x_wconf 82' lang='lat' dir='ltr'><strong>perfectionem</strong></span> <span class='ocrx_word' id='word_1_419' title='bbox 1350 3082 1536 3131; x_wconf 88' lang='lat' dir='ltr'><strong>erecta</strong></span> <span class='ocrx_word' id='word_1_420' title='bbox 1559 3075 1625 3129; x_wconf 84' lang='grc'><strong>¹.⁷.</strong></span> <span class='ocrx_word' id='word_1_421' title='bbox 1651 3077 1784 3144; x_wconf 69' lang='lat' dir='ltr'><strong>Quae</strong></span> <span class='ocrx_word' id='word_1_422' title='bbox 1810 3080 1976 3134; x_wconf 90' lang='lat' dir='ltr'><strong>etiam</strong></span> 
     </span>
    </p>
   </div>
   <div class='ocr_carea' id='block_1_62' title="bbox 2087 3072 3678 3149">
    <p class='ocr_par' dir='ltr' id='par_1_62' title="bbox 2087 3076 3678 3149">
     <span class='ocr_line' id='line_1_62' title="bbox 2087 3076 3678 3149; baseline 0.001 -17"><span class='ocrx_word' id='word_1_423' title='bbox 2087 3079 2306 3143; x_wconf 77' lang='grc' dir='ltr'><strong>πίζεται</strong></span> <span class='ocrx_word' id='word_1_424' title='bbox 2350 3079 2438 3149; x_wconf 48' lang='grc' dir='ltr'><strong>δὲ-</strong></span> <span class='ocrx_word' id='word_1_425' title='bbox 2462 3078 2535 3132; x_wconf 71' lang='grc' dir='ltr'><strong>τὰ</strong></span> <span class='ocrx_word' id='word_1_426' title='bbox 2597 3077 2900 3149; x_wconf 68' lang='grc' dir='ltr'><strong>μεταλήψει</strong></span> <span class='ocrx_word' id='word_1_427' title='bbox 2949 3078 3049 3149; x_wconf 80' lang='grc' dir='ltr'><strong>τῆς</strong></span> <span class='ocrx_word' id='word_1_428' title='bbox 3093 3076 3355 3149; x_wconf 83' lang='grc' dir='ltr'><strong>καλλονῆς</strong></span> <span class='ocrx_word' id='word_1_429' title='bbox 3385 3078 3481 3132; x_wconf 93' lang='grc' dir='ltr'><strong>τοῦ</strong></span> <span class='ocrx_word' id='word_1_430' title='bbox 3514 3081 3678 3149; x_wconf 84' lang='grc' dir='ltr'><strong>ἁγια-</strong></span> 
     </span>
    </p>
   </div>
   <div class='ocr_carea' id='block_1_63' title="bbox 394 3142 1983 3243">
    <p class='ocr_par' dir='ltr' id='par_1_63' title="bbox 394 3164 1975 3239">
     <span class='ocr_line' id='line_1_63' title="bbox 394 3164 1975 3239; baseline 0.003 -19"><span class='ocrx_word' id='word_1_431' title='bbox 394 3165 441 3220; x_wconf 88' lang='lat' dir='ltr'><strong>si</strong></span> <span class='ocrx_word' id='word_1_432' title='bbox 464 3165 859 3237; x_wconf 88' lang='lat' dir='ltr'><strong>superveniens</strong></span> <span class='ocrx_word' id='word_1_433' title='bbox 889 3172 1175 3235; x_wconf 89' lang='lat' dir='ltr'><strong>peccatum</strong></span> <span class='ocrx_word' id='word_1_434' title='bbox 1194 3164 1503 3234; x_wconf 72' lang='lat' dir='ltr'><strong>fmdaverit,</strong></span> <span class='ocrx_word' id='word_1_435' title='bbox 1524 3166 1705 3223; x_wconf 87' lang='lat' dir='ltr'><strong>denuo</strong></span> <span class='ocrx_word' id='word_1_436' title='bbox 1720 3185 1750 3223; x_wconf 92' lang='lat' dir='ltr'><strong>a</strong></span> <span class='ocrx_word' id='word_1_437' title='bbox 1766 3169 1975 3239; x_wconf 89' lang='lat' dir='ltr'><strong>Spiritu</strong></span> 
     </span>
    </p>
   </div>
   <div class='ocr_carea' id='block_1_64' title="bbox 2087 3142 3679 3243">
    <p class='ocr_par' dir='ltr' id='par_1_64' title="bbox 2087 3142 3679 3243">
     <span class='ocr_line' id='line_1_64' title="bbox 2087 3142 3679 3243; baseline 0.001 -17"><span class='ocrx_word' id='word_1_438' title='bbox 2087 3172 2225 3241; x_wconf 81' lang='grc' dir='ltr'><strong>σμοῦ</strong></span> <span class='ocrx_word' id='word_1_439' title='bbox 2282 3171 2351 3225; x_wconf 73' lang='grc' dir='ltr'><strong>τὰ</strong></span> <span class='ocrx_word' id='word_1_440' title='bbox 2409 3142 2575 3225; x_wconf 73' lang='grc' dir='ltr'><strong>λοιπά</strong></span> <span class='ocrx_word' id='word_1_441' title='bbox 2598 3142 2612 3149; x_wconf 30' lang='grc' dir='ltr'>ἰ</span> <span class='ocrx_word' id='word_1_442' title='bbox 2646 3142 2909 3224; x_wconf 79' lang='grc' dir='ltr'><strong>σύνδουλα</strong></span> <span class='ocrx_word' id='word_1_443' title='bbox 2976 3142 3254 3241; x_wconf 64' lang='grc' dir='ltr'><strong>κτίσματα</strong></span> <span class='ocrx_word' id='word_1_444' title='bbox 3276 3188 3291 3203; x_wconf 78' lang='grc' dir='ltr'><strong><em>ο</em></strong></span> <span class='ocrx_word' id='word_1_445' title='bbox 3313 3142 3325 3149; x_wconf 44' lang='grc'><em>’</em></span> <span class='ocrx_word' id='word_1_446' title='bbox 3348 3171 3495 3227; x_wconf 76' lang='grc' dir='ltr'><strong>οὕτω</strong></span> <span class='ocrx_word' id='word_1_447' title='bbox 3563 3142 3679 3243; x_wconf 72' lang='grc' dir='ltr'><strong>γὰρ</strong></span> 
     </span>
    </p>
   </div>
   <div class='ocr_carea' id='block_1_65' title="bbox 396 3260 1983 3337">
    <p class='ocr_par' dir='ltr' id='par_1_65' title="bbox 396 3260 1978 3331">
     <span class='ocr_line' id='line_1_65' title="bbox 396 3260 1978 3331; baseline 0.004 -16"><span class='ocrx_word' id='word_1_448' title='bbox 396 3273 592 3315; x_wconf 86' lang='lat' dir='ltr'><strong>saneto</strong></span> <span class='ocrx_word' id='word_1_449' title='bbox 622 3270 839 3326; x_wconf 82' lang='lat' dir='ltr'><strong>ornata,</strong></span> <span class='ocrx_word' id='word_1_450' title='bbox 860 3260 1075 3315; x_wconf 89' lang='lat' dir='ltr'><strong>meliori</strong></span> <span class='ocrx_word' id='word_1_451' title='bbox 1092 3276 1257 3331; x_wconf 88' lang='lat' dir='ltr'><strong>quam</strong></span> <span class='ocrx_word' id='word_1_452' title='bbox 1287 3270 1448 3316; x_wconf 88' lang='lat' dir='ltr'><strong>antea</strong></span> <span class='ocrx_word' id='word_1_453' title='bbox 1464 3263 1782 3320; x_wconf 89' lang='lat' dir='ltr'><strong>conditione</strong></span> <span class='ocrx_word' id='word_1_454' title='bbox 1811 3281 1978 3321; x_wconf 88' lang='lat' dir='ltr'><strong>reno-</strong></span> 
     </span>
    </p>
   </div>
   <div class='ocr_carea' id='block_1_66' title="bbox 2087 3260 3681 3337">
    <p class='ocr_par' dir='ltr' id='par_1_66' title="bbox 2088 3261 3681 3337">
     <span class='ocr_line' id='line_1_66' title="bbox 2088 3261 3681 3337; baseline -0.001 -18"><span class='ocrx_word' id='word_1_455' title='bbox 2088 3267 2303 3321; x_wconf 81' lang='grc' dir='ltr'><strong>ἆπαντα</strong></span> <span class='ocrx_word' id='word_1_456' title='bbox 2332 3264 2453 3317; x_wconf 89' lang='grc' dir='ltr'><strong>λίαν</strong></span> <span class='ocrx_word' id='word_1_457' title='bbox 2498 3261 2643 3316; x_wconf 75' lang='grc' dir='ltr'><strong>καλὰ</strong></span> <span class='ocrx_word' id='word_1_458' title='bbox 2688 3262 2804 3316; x_wconf 74' lang='grc' dir='ltr'><strong>ἔστι</strong></span> <span class='ocrx_word' id='word_1_459' title='bbox 2834 3280 2894 3316; x_wconf 86' lang='grc' dir='ltr'><strong>τε</strong></span> <span class='ocrx_word' id='word_1_460' title='bbox 2928 3266 3023 3317; x_wconf 75' lang='grc' dir='ltr'><strong>καὶ</strong></span> <span class='ocrx_word' id='word_1_461' title='bbox 3054 3265 3291 3335; x_wconf 77' lang='grc' dir='ltr'><strong>εἴρηται,</strong></span> <span class='ocrx_word' id='word_1_462' title='bbox 3333 3265 3681 3337; x_wconf 87' lang='grc' dir='ltr'><strong>δημιουργη-</strong></span> 
     </span>
    </p>
   </div>
   <div class='ocr_carea' id='block_1_67' title="bbox 394 3353 1983 3428">
    <p class='ocr_par' dir='ltr' id='par_1_67' title="bbox 394 3354 1976 3425">
     <span class='ocr_line' id='line_1_67' title="bbox 394 3354 1976 3425; baseline 0.005 -18"><span class='ocrx_word' id='word_1_463' title='bbox 394 3364 520 3408; x_wconf 84' lang='lat' dir='ltr'><strong>vala</strong></span> <span class='ocrx_word' id='word_1_464' title='bbox 565 3360 696 3410; x_wconf 89' lang='lat' dir='ltr'><strong>sunt</strong></span> <span class='ocrx_word' id='word_1_465' title='bbox 728 3370 744 3409; x_wconf 89' lang='lat'>:</span> <span class='ocrx_word' id='word_1_466' title='bbox 782 3354 938 3423; x_wconf 93' lang='lat' dir='ltr'><strong>prius</strong></span> <span class='ocrx_word' id='word_1_467' title='bbox 967 3355 1112 3410; x_wconf 89' lang='lat' dir='ltr'><strong>enim</strong></span> <span class='ocrx_word' id='word_1_468' title='bbox 1152 3355 1495 3425; x_wconf 84' lang='lat' dir='ltr'><strong>corruptioni</strong></span> <span class='ocrx_word' id='word_1_469' title='bbox 1528 3355 1754 3411; x_wconf 89' lang='lat' dir='ltr'><strong>fuerunt</strong></span> <span class='ocrx_word' id='word_1_470' title='bbox 1799 3358 1976 3416; x_wconf 91' lang='lat' dir='ltr'><strong>obno-</strong></span> 
     </span>
    </p>
   </div>
   <div class='ocr_carea' id='block_1_68' title="bbox 2087 3353 3675 3428">
    <p class='ocr_par' dir='ltr' id='par_1_68' title="bbox 2087 3353 3675 3428">
     <span class='ocr_line' id='line_1_68' title="bbox 2087 3353 3675 3428; baseline 0 -18"><span class='ocrx_word' id='word_1_471' title='bbox 2087 3357 2243 3410; x_wconf 79' lang='grc' dir='ltr'><strong>θέντα</strong></span> <span class='ocrx_word' id='word_1_472' title='bbox 2268 3356 2365 3427; x_wconf 85' lang='grc' dir='ltr'><strong>μὲν</strong></span> <span class='ocrx_word' id='word_1_473' title='bbox 2393 3353 2549 3423; x_wconf 76' lang='grc' dir='ltr'><strong>παρὰ</strong></span> <span class='ocrx_word' id='word_1_474' title='bbox 2568 3353 2784 3425; x_wconf 82' lang='grc' dir='ltr'><strong>Πατρδς</strong></span> <span class='ocrx_word' id='word_1_475' title='bbox 2808 3354 2877 3408; x_wconf 85' lang='grc' dir='ltr'><strong>δι’</strong></span> <span class='ocrx_word' id='word_1_476' title='bbox 2901 3354 3054 3418; x_wconf 89' lang='grc' dir='ltr'><strong>Υίοῦ,</strong></span> <span class='ocrx_word' id='word_1_477' title='bbox 3097 3355 3589 3428; x_wconf 83' lang='grc' dir='ltr'><strong>τελειουργηθέντα</strong></span> <span class='ocrx_word' id='word_1_478' title='bbox 3614 3356 3675 3410; x_wconf 80' lang='grc' dir='ltr'><strong>δὲ</strong></span> 
     </span>
    </p>
   </div>
   <div class='ocr_carea' id='block_1_69' title="bbox 396 3442 1983 3520">
    <p class='ocr_par' dir='ltr' id='par_1_69' title="bbox 396 3447 1832 3518">
     <span class='ocr_line' id='line_1_69' title="bbox 396 3447 1832 3518; baseline 0.003 -18"><span class='ocrx_word' id='word_1_479' title='bbox 396 3447 506 3514; x_wconf 78' lang='lat' dir='ltr'><strong>xia,</strong></span> <span class='ocrx_word' id='word_1_480' title='bbox 549 3462 698 3501; x_wconf 87' lang='lat' dir='ltr'><strong>nunc</strong></span> <span class='ocrx_word' id='word_1_481' title='bbox 728 3462 858 3503; x_wconf 87' lang='lat' dir='ltr'><strong>vero</strong></span> <span class='ocrx_word' id='word_1_482' title='bbox 908 3447 1181 3517; x_wconf 91' lang='lat' dir='ltr'><strong>superiori</strong></span> <span class='ocrx_word' id='word_1_483' title='bbox 1217 3449 1538 3503; x_wconf 88' lang='lat' dir='ltr'><strong>conditione</strong></span> <span class='ocrx_word' id='word_1_484' title='bbox 1570 3447 1832 3518; x_wconf 78' lang='lat' dir='ltr'><strong>gaudent.</strong></span> 
     </span>
    </p>
   </div>
   <div class='ocr_carea' id='block_1_70' title="bbox 2087 3442 3678 3520">
    <p class='ocr_par' dir='ltr' id='par_1_70' title="bbox 2087 3442 3678 3520">
     <span class='ocr_line' id='line_1_70' title="bbox 2087 3442 3678 3520; baseline -0.001 -19"><span class='ocrx_word' id='word_1_485' title='bbox 2087 3452 2149 3520; x_wconf 82' lang='grc' dir='ltr'><strong>τῇ</strong></span> <span class='ocrx_word' id='word_1_486' title='bbox 2176 3446 2310 3517; x_wconf 51' lang='lat' dir='ltr'><strong>dxi;</strong></span> <span class='ocrx_word' id='word_1_487' title='bbox 2360 3444 2456 3499; x_wconf 89' lang='grc' dir='ltr'><strong>τοῦ</strong></span> <span class='ocrx_word' id='word_1_488' title='bbox 2501 3442 2825 3515; x_wconf 86' lang='grc' dir='ltr'><strong>Πνεύματος</strong></span> <span class='ocrx_word' id='word_1_489' title='bbox 2861 3444 3167 3514; x_wconf 89' lang='grc' dir='ltr'><strong>μεταδόσει.</strong></span> <span class='ocrx_word' id='word_1_490' title='bbox 3211 3447 3281 3499; x_wconf 76' lang='grc' dir='ltr'><strong>Ἃ</strong></span> <span class='ocrx_word' id='word_1_491' title='bbox 3325 3447 3419 3502; x_wconf 76' lang='grc' dir='ltr'><strong>καὶ</strong></span> <span class='ocrx_word' id='word_1_492' title='bbox 3457 3447 3546 3500; x_wconf 81' lang='grc' dir='ltr'><strong>διὰ</strong></span> <span class='ocrx_word' id='word_1_493' title='bbox 3571 3446 3678 3517; x_wconf 83' lang='grc' dir='ltr'><strong>τὴν</strong></span> 
     </span>
    </p>
   </div>
   <div class='ocr_carea' id='block_1_71' title="bbox 393 3536 3672 3613">
    <p class='ocr_par' dir='ltr' id='par_1_71' title="bbox 393 3536 3672 3613">
     <span class='ocr_line' id='line_1_71' title="bbox 393 3536 3672 3613; baseline 0 -19"><span class='ocrx_word' id='word_1_494' title='bbox 393 3539 819 3594; x_wconf 78' lang='grc' dir='ltr'><strong>ἐπεισελθοῦσαν</strong></span> <span class='ocrx_word' id='word_1_495' title='bbox 841 3539 1121 3610; x_wconf 80' lang='grc' dir='ltr'><strong>ἁμαρτίαν</strong></span> <span class='ocrx_word' id='word_1_496' title='bbox 1150 3540 1470 3612; x_wconf 82' lang='grc' dir='ltr'><strong>ἀπρεπῆτῇ</strong></span> <span class='ocrx_word' id='word_1_497' title='bbox 1503 3541 1976 3613; x_wconf 83' lang='grc' dir='ltr'><strong>φθορᾷγεγθνότα,</strong></span> <span class='ocrx_word' id='word_1_498' title='bbox 2020 3545 2185 3600; x_wconf 83' lang='grc' dir='ltr'><strong>πάλιν</strong></span> <span class='ocrx_word' id='word_1_499' title='bbox 2251 3538 2356 3593; x_wconf 82' lang='grc' dir='ltr'><strong>ὑπὸ</strong></span> <span class='ocrx_word' id='word_1_500' title='bbox 2402 3537 2499 3590; x_wconf 91' lang='grc' dir='ltr'><strong>τοῦ</strong></span> <span class='ocrx_word' id='word_1_501' title='bbox 2549 3536 2760 3606; x_wconf 81' lang='grc' dir='ltr'><strong>ἀγαθοῦ</strong></span> <span class='ocrx_word' id='word_1_502' title='bbox 2808 3537 3125 3608; x_wconf 85' lang='grc' dir='ltr'><strong>Πνεύματος</strong></span> <span class='ocrx_word' id='word_1_503' title='bbox 3214 3542 3672 3610; x_wconf 72' lang='grc' dir='ltr'><strong>κατακοσμεῖταιν</strong></span> 
     </span>
    </p>
   </div>
   <div class='ocr_carea' id='block_1_72' title="bbox 394 3629 3680 3708">
    <p class='ocr_par' dir='ltr' id='par_1_72' title="bbox 394 3629 3680 3708">
     <span class='ocr_line' id='line_1_72' title="bbox 394 3629 3680 3708; baseline 0.001 -22"><span class='ocrx_word' id='word_1_504' title='bbox 394 3633 641 3702; x_wconf 85' lang='grc' dir='ltr'><strong>ἀμείνονι</strong></span> <span class='ocrx_word' id='word_1_505' title='bbox 665 3632 1003 3685; x_wconf 84' lang='grc' dir='ltr'><strong>καταστάσει</strong></span> <span class='ocrx_word' id='word_1_506' title='bbox 1036 3632 1137 3702; x_wconf 86' lang='grc' dir='ltr'><strong>τῆς</strong></span> <span class='ocrx_word' id='word_1_507' title='bbox 1171 3632 1447 3705; x_wconf 85' lang='grc' dir='ltr'><strong>προτέρας</strong></span> <span class='ocrx_word' id='word_1_508' title='bbox 1473 3635 1970 3707; x_wconf 73' lang='grc' dir='ltr'><strong>ὰνακαινιζόμενα⁶</strong></span> <span class='ocrx_word' id='word_1_509' title='bbox 2012 3640 2128 3707; x_wconf 81' lang='grc' dir='ltr'><strong>εῑγε</strong></span> <span class='ocrx_word' id='word_1_510' title='bbox 2183 3635 2300 3706; x_wconf 84' lang='grc' dir='ltr'><strong>μετ’</strong></span> <span class='ocrx_word' id='word_1_511' title='bbox 2363 3631 2582 3701; x_wconf 81' lang='grc' dir='ltr'><strong>ἐκείνην</strong></span> <span class='ocrx_word' id='word_1_512' title='bbox 2651 3629 2750 3702; x_wconf 75' lang='grc' dir='ltr'><strong>μὲν</strong></span> <span class='ocrx_word' id='word_1_513' title='bbox 2798 3629 3117 3702; x_wconf 75' lang='grc' dir='ltr'><strong>συνετρίῆη,</strong></span> <span class='ocrx_word' id='word_1_514' title='bbox 3168 3632 3310 3703; x_wconf 84' lang='grc' dir='ltr'><strong>μετά</strong></span> <span class='ocrx_word' id='word_1_515' title='bbox 3381 3632 3438 3687; x_wconf 83' lang='grc' dir='ltr'>δὲ</span> <span class='ocrx_word' id='word_1_516' title='bbox 3469 3634 3680 3708; x_wconf 85' lang='grc' dir='ltr'><strong>ταύτης</strong></span> 
     </span>
    </p>
   </div>
   <div class='ocr_carea' id='block_1_73' title="bbox 393 3723 1257 3798">
    <p class='ocr_par' dir='ltr' id='par_1_73' title="bbox 393 3723 1257 3798">
     <span class='ocr_line' id='line_1_73' title="bbox 393 3723 1257 3798; baseline 0.002 -19"><span class='ocrx_word' id='word_1_517' title='bbox 393 3723 647 3797; x_wconf 85' lang='grc' dir='ltr'><strong>ἀνώτερα</strong></span> <span class='ocrx_word' id='word_1_518' title='bbox 676 3726 969 3797; x_wconf 80' lang='grc' dir='ltr'><strong>συντριϐἧς</strong></span> <span class='ocrx_word' id='word_1_519' title='bbox 989 3727 1059 3780; x_wconf 80' lang='grc' dir='ltr'><strong>τὰ</strong></span> <span class='ocrx_word' id='word_1_520' title='bbox 1095 3726 1257 3798; x_wconf 78' lang='grc' dir='ltr'><strong>ἔργα.</strong></span> 
     </span>
    </p>
   </div>
   <div class='ocr_carea' id='block_1_74' title="bbox 464 3816 1988 3890">
    <p class='ocr_par' dir='ltr' id='par_1_74' title="bbox 464 3816 1988 3890">
     <span class='ocr_line' id='line_1_74' title="bbox 464 3816 1988 3890; baseline 0.002 -19"><span class='ocrx_word' id='word_1_521' title='bbox 464 3817 757 3885; x_wconf 82' lang='lat' dir='ltr'><strong>lntelligis,</strong></span> <span class='ocrx_word' id='word_1_522' title='bbox 792 3817 934 3871; x_wconf 90' lang='lat' dir='ltr'><strong>inter</strong></span> <span class='ocrx_word' id='word_1_523' title='bbox 976 3831 1168 3871; x_wconf 86' lang='lat' dir='ltr'><strong>servos</strong></span> <span class='ocrx_word' id='word_1_524' title='bbox 1225 3816 1659 3886; x_wconf 89' lang='lat' dir='ltr'><strong>computandum</strong></span> <span class='ocrx_word' id='word_1_525' title='bbox 1719 3819 1988 3890; x_wconf 85' lang='lat' dir='ltr'><strong>Spiritum</strong></span> 
     </span>
    </p>
   </div>
   <div class='ocr_carea' id='block_1_75' title="bbox 394 3909 1991 3980">
    <p class='ocr_par' dir='ltr' id='par_1_75' title="bbox 394 3909 1991 3980">
     <span class='ocr_line' id='line_1_75' title="bbox 394 3909 1991 3980; baseline 0 -15"><span class='ocrx_word' id='word_1_526' title='bbox 394 3925 505 3965; x_wconf 92' lang='lat' dir='ltr'><strong>nou</strong></span> <span class='ocrx_word' id='word_1_527' title='bbox 535 3925 681 3974; x_wconf 89' lang='lat' dir='ltr'><strong>esse,</strong></span> <span class='ocrx_word' id='word_1_528' title='bbox 745 3923 841 3980; x_wconf 90' lang='lat' dir='ltr'><strong>per</strong></span> <span class='ocrx_word' id='word_1_529' title='bbox 880 3922 1044 3978; x_wconf 89' lang='lat' dir='ltr'><strong>quem</strong></span> <span class='ocrx_word' id='word_1_530' title='bbox 1092 3909 1162 3962; x_wconf 90' lang='lat' dir='ltr'><strong>ad</strong></span> <span class='ocrx_word' id='word_1_531' title='bbox 1223 3909 1661 3977; x_wconf 68' lang='lat' dir='ltr'><strong>praastantiorem</strong></span> <span class='ocrx_word' id='word_1_532' title='bbox 1724 3910 1991 3965; x_wconf 88' lang='lat' dir='ltr'><strong>anteriori</strong></span> 
     </span>
    </p>
   </div>
   <div class='ocr_carea' id='block_1_76' title="bbox 396 3998 1991 4073">
    <p class='ocr_par' dir='ltr' id='par_1_76' title="bbox 396 3998 1991 4073">
     <span class='ocr_line' id='line_1_76' title="bbox 396 3998 1991 4073; baseline 0.001 -17"><span class='ocrx_word' id='word_1_533' title='bbox 396 4009 603 4056; x_wconf 88' lang='lat' dir='ltr'><strong>statum</strong></span> <span class='ocrx_word' id='word_1_534' title='bbox 632 4000 797 4055; x_wconf 90' lang='lat' dir='ltr'><strong>homo</strong></span> <span class='ocrx_word' id='word_1_535' title='bbox 818 4000 1053 4055; x_wconf 91' lang='lat' dir='ltr'><strong>eductus</strong></span> <span class='ocrx_word' id='word_1_536' title='bbox 1076 4007 1185 4055; x_wconf 89' lang='lat' dir='ltr'><strong>est.</strong></span> <span class='ocrx_word' id='word_1_537' title='bbox 1217 3998 1337 4053; x_wconf 86' lang='lat' dir='ltr'><strong>Non</strong></span> <span class='ocrx_word' id='word_1_538' title='bbox 1365 4000 1513 4055; x_wconf 92' lang='lat' dir='ltr'><strong>enim</strong></span> <span class='ocrx_word' id='word_1_539' title='bbox 1541 4001 1780 4073; x_wconf 85' lang='lat' dir='ltr'><strong>amplius</strong></span> <span class='ocrx_word' id='word_1_540' title='bbox 1809 4016 1839 4057; x_wconf 77' lang='grc' dir='ltr'><strong>ιι</strong></span> <span class='ocrx_word' id='word_1_541' title='bbox 1865 4017 1991 4056; x_wconf 85' lang='lat' dir='ltr'><strong>cor-</strong></span> 
     </span>
    </p>
   </div>
   <div class='ocr_carea' id='block_1_77' title="bbox 397 4093 1989 4166">
    <p class='ocr_par' dir='ltr' id='par_1_77' title="bbox 397 4093 1989 4166">
     <span class='ocr_line' id='line_1_77' title="bbox 397 4093 1989 4166; baseline 0.001 -18"><span class='ocrx_word' id='word_1_542' title='bbox 397 4095 650 4164; x_wconf 88' lang='lat' dir='ltr'><strong>ruptione</strong></span> <span class='ocrx_word' id='word_1_543' title='bbox 675 4093 1057 4157; x_wconf 89' lang='lat' dir='ltr'><strong>metuendum,</strong></span> <span class='ocrx_word' id='word_1_544' title='bbox 1093 4109 1260 4163; x_wconf 91' lang='lat' dir='ltr'><strong>quam</strong></span> <span class='ocrx_word' id='word_1_545' title='bbox 1293 4093 1714 4164; x_wconf 83' lang='lat' dir='ltr'><strong>incorruptione</strong></span> <span class='ocrx_word' id='word_1_546' title='bbox 1736 4111 1836 4165; x_wconf 92' lang='lat' dir='ltr'><strong>per</strong></span> <span class='ocrx_word' id='word_1_547' title='bbox 1863 4095 1989 4166; x_wconf 86' lang='lat' dir='ltr'><strong>Spi-</strong></span> 
     </span>
    </p>
   </div>
   <div class='ocr_carea' id='block_1_78' title="bbox 399 4184 1984 4255">
    <p class='ocr_par' dir='ltr' id='par_1_78' title="bbox 399 4184 1984 4255">
     <span class='ocr_line' id='line_1_78' title="bbox 399 4184 1984 4255; baseline 0.001 -15"><span class='ocrx_word' id='word_1_548' title='bbox 399 4190 565 4240; x_wconf 86' lang='lat' dir='ltr'><strong>ritum</strong></span> <span class='ocrx_word' id='word_1_549' title='bbox 599 4197 851 4240; x_wconf 84' lang='lat' dir='ltr'><strong>sanctum</strong></span> <span class='ocrx_word' id='word_1_550' title='bbox 890 4186 1114 4240; x_wconf 92' lang='lat' dir='ltr'><strong>inducta</strong></span> <span class='ocrx_word' id='word_1_551' title='bbox 1146 4184 1454 4255; x_wconf 81' lang='lat' dir='ltr'><strong>proﬂigavit</strong></span> <span class='ocrx_word' id='word_1_552' title='bbox 1474 4184 1739 4251; x_wconf 78' lang='lat' dir='ltr'><strong>Verbum,</strong></span> <span class='ocrx_word' id='word_1_553' title='bbox 1762 4195 1819 4242; x_wconf 89' lang='lat' dir='ltr'><strong>et</strong></span> <span class='ocrx_word' id='word_1_554' title='bbox 1847 4189 1984 4242; x_wconf 85' lang='lat' dir='ltr'><strong>abo-</strong></span> 
     </span>
    </p>
   </div>
   <div class='ocr_carea' id='block_1_79' title="bbox 398 4276 1981 4348">
    <p class='ocr_par' dir='ltr' id='par_1_79' title="bbox 398 4276 1981 4348">
     <span class='ocr_line' id='line_1_79' title="bbox 398 4276 1981 4348; baseline -0.001 -14"><span class='ocrx_word' id='word_1_555' title='bbox 398 4278 531 4334; x_wconf 81' lang='lat' dir='ltr'><strong>levit</strong></span> <span class='ocrx_word' id='word_1_556' title='bbox 561 4294 575 4329; x_wconf 90' lang='lat'><strong>:</strong></span> <span class='ocrx_word' id='word_1_557' title='bbox 606 4276 864 4347; x_wconf 87' lang='lat' dir='ltr'><strong>idemque</strong></span> <span class='ocrx_word' id='word_1_558' title='bbox 898 4277 968 4331; x_wconf 91' lang='lat' dir='ltr'><strong>ob</strong></span> <span class='ocrx_word' id='word_1_559' title='bbox 1005 4284 1211 4330; x_wconf 88' lang='lat' dir='ltr'><strong>tantam</strong></span> <span class='ocrx_word' id='word_1_560' title='bbox 1241 4277 1524 4331; x_wconf 86' lang='lat' dir='ltr'><strong>victoriam</strong></span> <span class='ocrx_word' id='word_1_561' title='bbox 1572 4288 1801 4348; x_wconf 86' lang='lat' dir='ltr'><strong>paterno</strong></span> <span class='ocrx_word' id='word_1_562' title='bbox 1826 4279 1981 4333; x_wconf 89' lang='lat' dir='ltr'><strong>thro-</strong></span> 
     </span>
    </p>
   </div>
   <div class='ocr_carea' id='block_1_80' title="bbox 400 4368 1981 4441">
    <p class='ocr_par' dir='ltr' id='par_1_80' title="bbox 400 4368 1981 4441">
     <span class='ocr_line' id='line_1_80' title="bbox 400 4368 1981 4441; baseline 0.001 -15"><span class='ocrx_word' id='word_1_563' title='bbox 400 4386 496 4435; x_wconf 90' lang='lat' dir='ltr'><strong>no,</strong></span> <span class='ocrx_word' id='word_1_564' title='bbox 523 4384 556 4424; x_wconf 87' lang='lat' dir='ltr'><strong>a</strong></span> <span class='ocrx_word' id='word_1_565' title='bbox 592 4384 703 4441; x_wconf 89' lang='lat' dir='ltr'><strong>quo</strong></span> <span class='ocrx_word' id='word_1_566' title='bbox 732 4385 1013 4439; x_wconf 87' lang='lat' dir='ltr'><strong>nunquam</strong></span> <span class='ocrx_word' id='word_1_567' title='bbox 1040 4370 1293 4425; x_wconf 88' lang='lat' dir='ltr'><strong>divulsus</strong></span> <span class='ocrx_word' id='word_1_568' title='bbox 1321 4368 1524 4435; x_wconf 79' lang='lat' dir='ltr'><strong>fuerat,</strong></span> <span class='ocrx_word' id='word_1_569' title='bbox 1551 4370 1819 4437; x_wconf 86' lang='lat' dir='ltr'><strong>insidens,</strong></span> <span class='ocrx_word' id='word_1_570' title='bbox 1847 4380 1981 4427; x_wconf 62' lang='lat' dir='ltr'><strong>coni-</strong></span> 
     </span>
    </p>
   </div>
   <div class='ocr_carea' id='block_1_81' title="bbox 2171 3806 3683 3885">
    <p class='ocr_par' dir='ltr' id='par_1_81' title="bbox 2171 3806 3683 3885">
     <span class='ocr_line' id='line_1_81' title="bbox 2171 3806 3683 3885; baseline -0.007 -18"><span class='ocrx_word' id='word_1_571' title='bbox 2171 3812 2336 3884; x_wconf 76' lang='grc' dir='ltr'><strong>Ὁρᾷς</strong></span> <span class='ocrx_word' id='word_1_572' title='bbox 2367 3812 2515 3873; x_wconf 79' lang='grc' dir='ltr'><strong>ὅπως</strong></span> <span class='ocrx_word' id='word_1_573' title='bbox 2557 3808 2618 3862; x_wconf 81' lang='grc' dir='ltr'><strong>οῦ</strong></span> <span class='ocrx_word' id='word_1_574' title='bbox 2666 3806 2854 3863; x_wconf 82' lang='grc' dir='ltr'><strong>δοῦλον</strong></span> <span class='ocrx_word' id='word_1_575' title='bbox 2903 3807 2962 3862; x_wconf 84' lang='lat' dir='ltr'><strong>rb</strong></span> <span class='ocrx_word' id='word_1_576' title='bbox 3004 3808 3251 3880; x_wconf 83' lang='grc' dir='ltr'><strong>Πνεῦμα,</strong></span> <span class='ocrx_word' id='word_1_577' title='bbox 3286 3811 3349 3865; x_wconf 86' lang='lat' dir='ltr'><strong>rb</strong></span> <span class='ocrx_word' id='word_1_578' title='bbox 3371 3812 3474 3885; x_wconf 84' lang='grc' dir='ltr'><strong>τὴν</strong></span> <span class='ocrx_word' id='word_1_579' title='bbox 3497 3814 3683 3869; x_wconf 86' lang='grc' dir='ltr'><strong>κτίσιν</strong></span> 
     </span>
    </p>
   </div>
   <div class='ocr_carea' id='block_1_82' title="bbox 2090 3897 3682 3981">
    <p class='ocr_par' dir='ltr' id='par_1_82' title="bbox 2090 3897 3682 3981">
     <span class='ocr_line' id='line_1_82' title="bbox 2090 3897 3682 3981; baseline 0.001 -19"><span class='ocrx_word' id='word_1_580' title='bbox 2090 3906 2542 3979; x_wconf 80' lang='grc' dir='ltr'><strong>εὐπρεπεστέραν</strong></span> <span class='ocrx_word' id='word_1_581' title='bbox 2596 3907 2867 3974; x_wconf 80' lang='grc' dir='ltr'><strong>ποιῆσαν,</strong></span> <span class='ocrx_word' id='word_1_582' title='bbox 2915 3897 2985 3975; x_wconf 84' lang='grc' dir='ltr'><strong>ἦς</strong></span> <span class='ocrx_word' id='word_1_583' title='bbox 3041 3905 3357 3977; x_wconf 75' lang='grc' dir='ltr'><strong>μετείληχει</strong></span> <span class='ocrx_word' id='word_1_584' title='bbox 3408 3908 3682 3981; x_wconf 88' lang='grc' dir='ltr'><strong>πρότερον</strong></span> 
     </span>
    </p>
   </div>
   <div class='ocr_carea' id='block_1_83' title="bbox 2085 3996 3678 4072">
    <p class='ocr_par' dir='ltr' id='par_1_83' title="bbox 2085 3996 3678 4072">
     <span class='ocr_line' id='line_1_83' title="bbox 2085 3996 3678 4072; baseline -0.001 -16"><span class='ocrx_word' id='word_1_585' title='bbox 2085 3999 2500 4061; x_wconf 80' lang='grc' dir='ltr'><strong>καταστάσεως.</strong></span> <span class='ocrx_word' id='word_1_586' title='bbox 2524 3997 2600 4050; x_wconf 82' lang='grc' dir='ltr'><strong>Οὐ</strong></span> <span class='ocrx_word' id='word_1_587' title='bbox 2630 3996 2740 4067; x_wconf 79' lang='grc' dir='ltr'><strong>γὰρ</strong></span> <span class='ocrx_word' id='word_1_588' title='bbox 2770 3996 2849 4049; x_wconf 76' lang='grc' dir='ltr'><strong>ἔτι</strong></span> <span class='ocrx_word' id='word_1_589' title='bbox 2878 3996 3054 4067; x_wconf 88' lang='grc' dir='ltr'><strong>φθορά</strong></span> <span class='ocrx_word' id='word_1_590' title='bbox 3088 3997 3230 4051; x_wconf 72' lang='grc' dir='ltr'><strong>κατὰ</strong></span> <span class='ocrx_word' id='word_1_591' title='bbox 3255 3998 3460 4071; x_wconf 83' lang='grc' dir='ltr'><strong>ταύτης</strong></span> <span class='ocrx_word' id='word_1_592' title='bbox 3484 4004 3678 4072; x_wconf 83' lang='grc' dir='ltr'><strong>χωρεῖ,</strong></span> 
     </span>
    </p>
   </div>
   <div class='ocr_carea' id='block_1_84' title="bbox 2083 4088 3678 4166">
    <p class='ocr_par' dir='ltr' id='par_1_84' title="bbox 2083 4088 3678 4166">
     <span class='ocr_line' id='line_1_84' title="bbox 2083 4088 3678 4166; baseline -0.003 -16"><span class='ocrx_word' id='word_1_593' title='bbox 2083 4095 2164 4166; x_wconf 85' lang='grc' dir='ltr'><strong>τῷ</strong></span> <span class='ocrx_word' id='word_1_594' title='bbox 2196 4093 2458 4164; x_wconf 79' lang='grc' dir='ltr'><strong>ἀναιρέτῃ</strong></span> <span class='ocrx_word' id='word_1_595' title='bbox 2482 4090 2641 4160; x_wconf 85' lang='grc' dir='ltr'><strong>Λόγῳ</strong></span> <span class='ocrx_word' id='word_1_596' title='bbox 2672 4088 3127 4161; x_wconf 87' lang='grc' dir='ltr'><strong>προσομιλήσασα</strong></span> <span class='ocrx_word' id='word_1_597' title='bbox 3163 4090 3258 4143; x_wconf 75' lang='grc' dir='ltr'><strong>καὶ</strong></span> <span class='ocrx_word' id='word_1_598' title='bbox 3282 4092 3678 4158; x_wconf 84' lang='grc' dir='ltr'><strong>καταποθεῖσα,</strong></span> 
     </span>
    </p>
   </div>
   <div class='ocr_carea' id='block_1_85' title="bbox 2086 4180 3682 4253">
    <p class='ocr_par' dir='ltr' id='par_1_85' title="bbox 2086 4180 3682 4253">
     <span class='ocr_line' id='line_1_85' title="bbox 2086 4180 3682 4253; baseline -0.004 -11"><span class='ocrx_word' id='word_1_599' title='bbox 2086 4188 2184 4242; x_wconf 75' lang='grc' dir='ltr'><strong>καὶ</strong></span> <span class='ocrx_word' id='word_1_600' title='bbox 2206 4183 2459 4241; x_wconf 80' lang='grc' dir='ltr'><strong>διἀὐτοῦ</strong></span> <span class='ocrx_word' id='word_1_601' title='bbox 2488 4184 2546 4236; x_wconf 79' lang='grc' dir='ltr'><strong>ὲν</strong></span> <span class='ocrx_word' id='word_1_602' title='bbox 2570 4182 2711 4253; x_wconf 85' lang='grc' dir='ltr'><strong>ἁγίῳ</strong></span> <span class='ocrx_word' id='word_1_603' title='bbox 2759 4180 3041 4252; x_wconf 87' lang='grc' dir='ltr'><strong>Πνεύματι</strong></span> <span class='ocrx_word' id='word_1_604' title='bbox 3085 4180 3398 4253; x_wconf 67' lang='grc' dir='ltr'><strong>ἀφθαρσίας</strong></span> <span class='ocrx_word' id='word_1_605' title='bbox 3436 4185 3682 4252; x_wconf 74' lang='grc' dir='ltr'><strong>ἑγκαινι-</strong></span> 
     </span>
    </p>
   </div>
   <div class='ocr_carea' id='block_1_86' title="bbox 2093 4266 3681 4350">
    <p class='ocr_par' dir='ltr' id='par_1_86' title="bbox 2093 4266 3681 4350">
     <span class='ocr_line' id='line_1_86' title="bbox 2093 4266 3681 4350; baseline -0.004 -17"><span class='ocrx_word' id='word_1_606' title='bbox 2093 4279 2334 4350; x_wconf 86' lang='grc' dir='ltr'><strong>σθείσης.</strong></span> <span class='ocrx_word' id='word_1_607' title='bbox 2377 4277 2476 4339; x_wconf 80' lang='grc' dir='ltr'><strong>ὐς</strong></span> <span class='ocrx_word' id='word_1_608' title='bbox 2498 4274 2592 4328; x_wconf 78' lang='grc' dir='ltr'><strong>ἐπὶ</strong></span> <span class='ocrx_word' id='word_1_609' title='bbox 2613 4272 2861 4344; x_wconf 83' lang='grc' dir='ltr'><strong>τροπαίῳ</strong></span> <span class='ocrx_word' id='word_1_610' title='bbox 2918 4272 3159 4343; x_wconf 88' lang='grc' dir='ltr'><strong>τοσούτῳ</strong></span> <span class='ocrx_word' id='word_1_611' title='bbox 3192 4273 3331 4342; x_wconf 82' lang='grc' dir='ltr'><strong>πρὸς</strong></span> <span class='ocrx_word' id='word_1_612' title='bbox 3378 4275 3467 4328; x_wconf 81' lang='grc' dir='ltr'><strong>τὸν</strong></span> <span class='ocrx_word' id='word_1_613' title='bbox 3510 4266 3570 4327; x_wconf 74' lang='grc' dir='ltr'><strong>οὗ</strong></span> <span class='ocrx_word' id='word_1_614' title='bbox 3603 4276 3681 4347; x_wconf 82' lang='grc' dir='ltr'><strong>μὴ</strong></span> 
     </span>
    </p>
   </div>
   <div class='ocr_carea' id='block_1_87' title="bbox 2086 4364 3681 4442">
    <p class='ocr_par' dir='ltr' id='par_1_87' title="bbox 2086 4364 3681 4442">
     <span class='ocr_line' id='line_1_87' title="bbox 2086 4364 3681 4442; baseline -0.004 -16"><span class='ocrx_word' id='word_1_615' title='bbox 2086 4372 2270 4442; x_wconf 80' lang='grc' dir='ltr'><strong>διέστη</strong></span> <span class='ocrx_word' id='word_1_616' title='bbox 2297 4369 2487 4441; x_wconf 86' lang='grc' dir='ltr'><strong>θρόνον</strong></span> <span class='ocrx_word' id='word_1_617' title='bbox 2519 4364 2772 4438; x_wconf 80' lang='grc' dir='ltr'><strong>πατρῷον</strong></span> <span class='ocrx_word' id='word_1_618' title='bbox 2798 4364 3049 4430; x_wconf 87' lang='grc' dir='ltr'><strong>καθίσας,</strong></span> <span class='ocrx_word' id='word_1_619' title='bbox 3069 4368 3166 4419; x_wconf 76' lang='grc' dir='ltr'><strong>καὶ</strong></span> <span class='ocrx_word' id='word_1_620' title='bbox 3180 4366 3470 4438; x_wconf 89' lang='grc' dir='ltr'><strong>σύνθρονον</strong></span> <span class='ocrx_word' id='word_1_621' title='bbox 3488 4368 3681 4439; x_wconf 87' lang='grc' dir='ltr'><strong>Παρά-</strong></span> 
     </span>
    </p>
   </div>
   <div class='ocr_carea' id='block_1_88' title="bbox 399 4449 1983 4536">
    <p class='ocr_par' dir='ltr' id='par_1_88' title="bbox 399 4459 1983 4533">
     <span class='ocr_line' id='line_1_88' title="bbox 399 4459 1983 4533; baseline 0.001 -16"><span class='ocrx_word' id='word_1_622' title='bbox 399 4462 614 4518; x_wconf 91' lang='lat' dir='ltr'><strong>socium</strong></span> <span class='ocrx_word' id='word_1_623' title='bbox 677 4459 1012 4515; x_wconf 84' lang='lat' dir='ltr'><strong>Paraclitum</strong></span> <span class='ocrx_word' id='word_1_624' title='bbox 1086 4462 1274 4527; x_wconf 91' lang='lat' dir='ltr'><strong>misit;</strong></span> <span class='ocrx_word' id='word_1_625' title='bbox 1324 4476 1421 4530; x_wconf 91' lang='lat' dir='ltr'><strong>per</strong></span> <span class='ocrx_word' id='word_1_626' title='bbox 1468 4476 1628 4532; x_wconf 89' lang='lat' dir='ltr'><strong>quem</strong></span> <span class='ocrx_word' id='word_1_627' title='bbox 1670 4477 1794 4517; x_wconf 92' lang='lat' dir='ltr'><strong>cum</strong></span> <span class='ocrx_word' id='word_1_628' title='bbox 1865 4464 1983 4533; x_wconf 86' lang='lat' dir='ltr'><strong>ejus</strong></span> 
     </span>
    </p>
   </div>
   <div class='ocr_carea' id='block_1_89' title="bbox 2087 4449 3684 4536">
    <p class='ocr_par' dir='ltr' id='par_1_89' title="bbox 2096 4457 3684 4536">
     <span class='ocr_line' id='line_1_89' title="bbox 2096 4457 3684 4536; baseline -0.002 -19"><span class='ocrx_word' id='word_1_629' title='bbox 2096 4465 2293 4536; x_wconf 91' lang='grc' dir='ltr'><strong>κλητον</strong></span> <span class='ocrx_word' id='word_1_630' title='bbox 2332 4458 2739 4527; x_wconf 76' lang='grc' dir='ltr'><strong>ἐξαπέστειλεν,</strong></span> <span class='ocrx_word' id='word_1_631' title='bbox 2798 4457 2917 4528; x_wconf 78' lang='grc' dir='ltr'><strong>ἅμα</strong></span> <span class='ocrx_word' id='word_1_632' title='bbox 2983 4458 3082 4528; x_wconf 80' lang='grc' dir='ltr'><strong>μὲν</strong></span> <span class='ocrx_word' id='word_1_633' title='bbox 3123 4460 3224 4529; x_wconf 88' lang='grc' dir='ltr'><strong>τὴν</strong></span> <span class='ocrx_word' id='word_1_634' title='bbox 3261 4459 3473 4513; x_wconf 75' lang='grc' dir='ltr'><strong>ἐκείνου</strong></span> <span class='ocrx_word' id='word_1_635' title='bbox 3521 4461 3684 4525; x_wconf 81' lang='grc' dir='ltr'><strong>δόξαν</strong></span> 
     </span>
    </p>
   </div>
   <div class='ocr_carea' id='block_1_90' title="bbox 400 4551 1986 4624">
    <p class='ocr_par' dir='ltr' id='par_1_90' title="bbox 400 4551 1986 4624">
     <span class='ocr_line' id='line_1_90' title="bbox 400 4551 1986 4624; baseline 0.001 -16"><span class='ocrx_word' id='word_1_636' title='bbox 400 4555 572 4623; x_wconf 82' lang='lat' dir='ltr'><strong>gloria</strong></span> <span class='ocrx_word' id='word_1_637' title='bbox 604 4552 905 4624; x_wconf 84' lang='lat' dir='ltr'><strong>patefieret,</strong></span> <span class='ocrx_word' id='word_1_638' title='bbox 940 4561 1053 4607; x_wconf 91' lang='lat' dir='ltr'><strong>tum</strong></span> <span class='ocrx_word' id='word_1_639' title='bbox 1085 4551 1151 4606; x_wconf 90' lang='lat' dir='ltr'><strong>ad</strong></span> <span class='ocrx_word' id='word_1_640' title='bbox 1180 4568 1336 4608; x_wconf 79' lang='lat' dir='ltr'><strong>suam</strong></span> <span class='ocrx_word' id='word_1_641' title='bbox 1364 4561 1617 4608; x_wconf 87' lang='lat' dir='ltr'><strong>creatura</strong></span> <span class='ocrx_word' id='word_1_642' title='bbox 1647 4554 1986 4610; x_wconf 89' lang='lat' dir='ltr'><strong>manuduce-</strong></span> 
     </span>
    </p>
   </div>
   <div class='ocr_carea' id='block_1_91' title="bbox 399 4644 1987 4719">
    <p class='ocr_par' dir='ltr' id='par_1_91' title="bbox 399 4644 1987 4719">
     <span class='ocr_line' id='line_1_91' title="bbox 399 4644 1987 4719; baseline 0.004 -22"><span class='ocrx_word' id='word_1_643' title='bbox 399 4656 556 4699; x_wconf 87' lang='lat' dir='ltr'><strong>retur</strong></span> <span class='ocrx_word' id='word_1_644' title='bbox 589 4659 603 4696; x_wconf 90' lang='lat'><strong>:</strong></span> <span class='ocrx_word' id='word_1_645' title='bbox 642 4644 959 4715; x_wconf 86' lang='lat' dir='ltr'><strong>pariterque</strong></span> <span class='ocrx_word' id='word_1_646' title='bbox 988 4653 1048 4699; x_wconf 92' lang='lat' dir='ltr'><strong>ut</strong></span> <span class='ocrx_word' id='word_1_647' title='bbox 1070 4644 1321 4715; x_wconf 89' lang='lat' dir='ltr'><strong>disjectis</strong></span> <span class='ocrx_word' id='word_1_648' title='bbox 1341 4645 1455 4716; x_wconf 79' lang='lat' dir='ltr'><strong>jam</strong></span> <span class='ocrx_word' id='word_1_649' title='bbox 1494 4660 1523 4700; x_wconf 90' lang='lat' dir='ltr'><strong>a</strong></span> <span class='ocrx_word' id='word_1_650' title='bbox 1546 4647 1836 4719; x_wconf 88' lang='lat' dir='ltr'><strong>splendore</strong></span> <span class='ocrx_word' id='word_1_651' title='bbox 1878 4646 1987 4703; x_wconf 87' lang='lat' dir='ltr'><strong>Pa-</strong></span> 
     </span>
    </p>
   </div>
   <div class='ocr_carea' id='block_1_92' title="bbox 400 4736 1986 4815">
    <p class='ocr_par' dir='ltr' id='par_1_92' title="bbox 400 4736 1986 4815">
     <span class='ocr_line' id='line_1_92' title="bbox 400 4736 1986 4815; baseline 0.006 -26"><span class='ocrx_word' id='word_1_652' title='bbox 400 4736 502 4791; x_wconf 89' lang='lat' dir='ltr'><strong>tris</strong></span> <span class='ocrx_word' id='word_1_653' title='bbox 527 4736 828 4807; x_wconf 88' lang='lat' dir='ltr'><strong>impietatis</strong></span> <span class='ocrx_word' id='word_1_654' title='bbox 877 4737 1145 4804; x_wconf 86' lang='lat' dir='ltr'><strong>tenebris,</strong></span> <span class='ocrx_word' id='word_1_655' title='bbox 1176 4754 1207 4792; x_wconf 91' lang='lat' dir='ltr'><strong>a</strong></span> <span class='ocrx_word' id='word_1_656' title='bbox 1251 4740 1986 4815; x_wconf 84' lang='lat' dir='ltr'><strong>consubstantialiquoque,</strong></span> 
     </span>
    </p>
   </div>
   <div class='ocr_carea' id='block_1_93' title="bbox 398 4821 1987 4901">
    <p class='ocr_par' dir='ltr' id='par_1_93' title="bbox 398 4821 1987 4901">
     <span class='ocr_line' id='line_1_93' title="bbox 398 4821 1987 4901; baseline 0.006 -18"><span class='ocrx_word' id='word_1_657' title='bbox 398 4834 454 4883; x_wconf 90' lang='lat' dir='ltr'><strong>et</strong></span> <span class='ocrx_word' id='word_1_658' title='bbox 503 4827 847 4886; x_wconf 89' lang='lat' dir='ltr'><strong>illuminante</strong></span> <span class='ocrx_word' id='word_1_659' title='bbox 896 4829 1103 4901; x_wconf 87' lang='lat' dir='ltr'><strong>Spiritu</strong></span> <span class='ocrx_word' id='word_1_660' title='bbox 1165 4821 1390 4888; x_wconf 12' lang='lat' dir='ltr'><strong>obs’curi</strong></span> <span class='ocrx_word' id='word_1_661' title='bbox 1450 4835 1860 4893; x_wconf 89' lang='lat' dir='ltr'><strong>illustrarentur</strong></span> <span class='ocrx_word' id='word_1_662' title='bbox 1919 4838 1987 4893; x_wconf 80' lang='grc'><strong>¹⁸.</strong></span> 
     </span>
    </p>
   </div>
   <div class='ocr_carea' id='block_1_94' title="bbox 400 4916 1986 4999">
    <p class='ocr_par' dir='ltr' id='par_1_94' title="bbox 400 4916 1986 4999">
     <span class='ocr_line' id='line_1_94' title="bbox 400 4916 1986 4999; baseline 0.008 -27"><span class='ocrx_word' id='word_1_663' title='bbox 400 4916 564 4974; x_wconf 83' lang='lat' dir='ltr'><strong>Venit</strong></span> <span class='ocrx_word' id='word_1_664' title='bbox 600 4936 731 4991; x_wconf 90' lang='lat' dir='ltr'><strong>ergo</strong></span> <span class='ocrx_word' id='word_1_665' title='bbox 757 4922 814 4974; x_wconf 89' lang='lat' dir='ltr'><strong>in</strong></span> <span class='ocrx_word' id='word_1_666' title='bbox 856 4922 1057 4993; x_wconf 86' lang='lat' dir='ltr'><strong>linguis</strong></span> <span class='ocrx_word' id='word_1_667' title='bbox 1091 4924 1264 4994; x_wconf 88' lang='lat' dir='ltr'><strong>igneis</strong></span> <span class='ocrx_word' id='word_1_668' title='bbox 1286 4929 1561 4995; x_wconf 87' lang='lat' dir='ltr'><strong>corporali</strong></span> <span class='ocrx_word' id='word_1_669' title='bbox 1589 4929 1757 4984; x_wconf 91' lang='lat' dir='ltr'><strong>simul</strong></span> <span class='ocrx_word' id='word_1_670' title='bbox 1781 4931 1986 4999; x_wconf 89' lang='lat' dir='ltr'><strong>specie,</strong></span> 
     </span>
    </p>
   </div>
   <div class='ocr_carea' id='block_1_95' title="bbox 399 5012 1987 5088">
    <p class='ocr_par' dir='ltr' id='par_1_95' title="bbox 399 5012 1987 5088">
     <span class='ocr_line' id='line_1_95' title="bbox 399 5012 1987 5088; baseline 0.005 -21"><span class='ocrx_word' id='word_1_671' title='bbox 399 5020 455 5067; x_wconf 85' lang='lat' dir='ltr'><strong>et</strong></span> <span class='ocrx_word' id='word_1_672' title='bbox 475 5012 661 5068; x_wconf 87' lang='lat' dir='ltr'><strong>divina</strong></span> <span class='ocrx_word' id='word_1_673' title='bbox 696 5027 712 5067; x_wconf 91' lang='lat'><strong>:</strong></span> <span class='ocrx_word' id='word_1_674' title='bbox 743 5014 846 5069; x_wconf 88' lang='lat' dir='ltr'><strong>hac</strong></span> <span class='ocrx_word' id='word_1_675' title='bbox 888 5016 1107 5085; x_wconf 90' lang='lat' dir='ltr'><strong>quidem</strong></span> <span class='ocrx_word' id='word_1_676' title='bbox 1153 5024 1212 5071; x_wconf 93' lang='lat' dir='ltr'><strong>ut</strong></span> <span class='ocrx_word' id='word_1_677' title='bbox 1252 5017 1592 5074; x_wconf 88' lang='lat' dir='ltr'><strong>divinitatem</strong></span> <span class='ocrx_word' id='word_1_678' title='bbox 1646 5022 1987 5088; x_wconf 82' lang='lat' dir='ltr'><strong>ostenderet,</strong></span> 
     </span>
    </p>
   </div>
   <div class='ocr_carea' id='block_1_96' title="bbox 400 5105 1982 5180">
    <p class='ocr_par' dir='ltr' id='par_1_96' title="bbox 400 5105 1982 5180">
     <span class='ocr_line' id='line_1_96' title="bbox 400 5105 1982 5180; baseline 0.004 -20"><span class='ocrx_word' id='word_1_679' title='bbox 400 5105 542 5160; x_wconf 76' lang='lat' dir='ltr'><strong>Deus</strong></span> <span class='ocrx_word' id='word_1_680' title='bbox 568 5107 713 5161; x_wconf 88' lang='lat' dir='ltr'><strong>enim</strong></span> <span class='ocrx_word' id='word_1_681' title='bbox 744 5115 919 5160; x_wconf 78' lang='lat' dir='ltr'><strong>uoster</strong></span> <span class='ocrx_word' id='word_1_682' title='bbox 949 5109 1083 5177; x_wconf 81' lang='lat' dir='ltr'><strong>ignis</strong></span> <span class='ocrx_word' id='word_1_683' title='bbox 1115 5125 1426 5165; x_wconf 76' lang='lat' dir='ltr'><strong>consumens</strong></span> <span class='ocrx_word' id='word_1_684' title='bbox 1460 5120 1540 5165; x_wconf 79' lang='lat' dir='ltr'><strong>est</strong></span> <span class='ocrx_word' id='word_1_685' title='bbox 1577 5112 1652 5178; x_wconf 84' lang='grc'><strong>¹⁹;</strong></span> <span class='ocrx_word' id='word_1_686' title='bbox 1711 5113 1802 5165; x_wconf 84' lang='lat' dir='ltr'><strong>illa</strong></span> <span class='ocrx_word' id='word_1_687' title='bbox 1835 5129 1982 5180; x_wconf 87' lang='lat' dir='ltr'><strong>vero,</strong></span> 
     </span>
    </p>
   </div>
   <div class='ocr_carea' id='block_1_97' title="bbox 402 5195 1991 5272">
    <p class='ocr_par' dir='ltr' id='par_1_97' title="bbox 402 5195 1991 5272">
     <span class='ocr_line' id='line_1_97' title="bbox 402 5195 1991 5272; baseline 0.004 -21"><span class='ocrx_word' id='word_1_688' title='bbox 402 5207 463 5252; x_wconf 90' lang='lat' dir='ltr'><strong>ut</strong></span> <span class='ocrx_word' id='word_1_689' title='bbox 492 5198 789 5269; x_wconf 77' lang='lat' dir='ltr'><strong>congenilo</strong></span> <span class='ocrx_word' id='word_1_690' title='bbox 816 5195 999 5253; x_wconf 85' lang='lat' dir='ltr'><strong>Verbo</strong></span> <span class='ocrx_word' id='word_1_691' title='bbox 1027 5214 1141 5254; x_wconf 88' lang='lat' dir='ltr'><strong>rem</strong></span> <span class='ocrx_word' id='word_1_692' title='bbox 1176 5216 1511 5271; x_wconf 88' lang='lat' dir='ltr'><strong>congeneam</strong></span> <span class='ocrx_word' id='word_1_693' title='bbox 1542 5209 1748 5271; x_wconf 89' lang='lat' dir='ltr'><strong>ageret,</strong></span> <span class='ocrx_word' id='word_1_694' title='bbox 1790 5216 1991 5272; x_wconf 86' lang='lat' dir='ltr'><strong>corpo-</strong></span> 
     </span>
    </p>
   </div>
   <div class='ocr_carea' id='block_1_98' title="bbox 403 5291 1995 5361">
    <p class='ocr_par' dir='ltr' id='par_1_98' title="bbox 403 5291 1995 5361">
     <span class='ocr_line' id='line_1_98' title="bbox 403 5291 1995 5361; baseline 0.001 -18"><span class='ocrx_word' id='word_1_695' title='bbox 403 5291 592 5345; x_wconf 86' lang='lat' dir='ltr'><strong>raliter</strong></span> <span class='ocrx_word' id='word_1_696' title='bbox 627 5304 927 5360; x_wconf 87' lang='lat' dir='ltr'><strong>apparens,</strong></span> <span class='ocrx_word' id='word_1_697' title='bbox 981 5298 1271 5360; x_wconf 89' lang='lat' dir='ltr'><strong>postquam</strong></span> <span class='ocrx_word' id='word_1_698' title='bbox 1306 5291 1375 5345; x_wconf 90' lang='lat' dir='ltr'><strong>ab</strong></span> <span class='ocrx_word' id='word_1_699' title='bbox 1426 5307 1493 5347; x_wconf 87' lang='lat' dir='ltr'><strong>eo</strong></span> <span class='ocrx_word' id='word_1_700' title='bbox 1532 5306 1736 5361; x_wconf 89' lang='lat' dir='ltr'><strong>corpus</strong></span> <span class='ocrx_word' id='word_1_701' title='bbox 1775 5307 1995 5347; x_wconf 89' lang='lat' dir='ltr'><strong>assum-</strong></span> 
     </span>
    </p>
   </div>
   <div class='ocr_carea' id='block_1_99' title="bbox 404 5379 1995 5453">
    <p class='ocr_par' dir='ltr' id='par_1_99' title="bbox 404 5379 1995 5453">
     <span class='ocr_line' id='line_1_99' title="bbox 404 5379 1995 5453; baseline 0.004 -20"><span class='ocrx_word' id='word_1_702' title='bbox 404 5387 556 5450; x_wconf 91' lang='lat' dir='ltr'><strong>ptum</strong></span> <span class='ocrx_word' id='word_1_703' title='bbox 581 5383 778 5436; x_wconf 84' lang='lat' dir='ltr'><strong>fuerat.</strong></span> <span class='ocrx_word' id='word_1_704' title='bbox 837 5379 897 5435; x_wconf 92' lang='lat' dir='ltr'><strong>ln</strong></span> <span class='ocrx_word' id='word_1_705' title='bbox 948 5381 1150 5453; x_wconf 81' lang='lat' dir='ltr'><strong>linguis</strong></span> <span class='ocrx_word' id='word_1_706' title='bbox 1201 5381 1373 5446; x_wconf 91' lang='lat' dir='ltr'><strong>venit,</strong></span> <span class='ocrx_word' id='word_1_707' title='bbox 1407 5388 1533 5451; x_wconf 87' lang='lat' dir='ltr'><strong>apto</strong></span> <span class='ocrx_word' id='word_1_708' title='bbox 1593 5382 1800 5437; x_wconf 88' lang='lat' dir='ltr'><strong>futuris</strong></span> <span class='ocrx_word' id='word_1_709' title='bbox 1828 5382 1995 5439; x_wconf 88' lang='lat' dir='ltr'><strong>rebus</strong></span> 
     </span>
    </p>
   </div>
   <div class='ocr_carea' id='block_1_100' title="bbox 408 5472 1994 5547">
    <p class='ocr_par' dir='ltr' id='par_1_100' title="bbox 408 5472 1994 5547">
     <span class='ocr_line' id='line_1_100' title="bbox 408 5472 1994 5547; baseline 0.004 -22"><span class='ocrx_word' id='word_1_710' title='bbox 408 5472 696 5543; x_wconf 73' lang='lat' dir='ltr'><strong>:r-nigmate</strong></span> <span class='ocrx_word' id='word_1_711' title='bbox 722 5493 736 5541; x_wconf 85' lang='lat'><strong>;</strong></span> <span class='ocrx_word' id='word_1_712' title='bbox 771 5483 831 5529; x_wconf 93' lang='lat' dir='ltr'><strong>ut</strong></span> <span class='ocrx_word' id='word_1_713' title='bbox 858 5485 1019 5530; x_wconf 82' lang='lat' dir='ltr'><strong>antea</strong></span> <span class='ocrx_word' id='word_1_714' title='bbox 1050 5475 1105 5530; x_wconf 92' lang='lat' dir='ltr'><strong>in</strong></span> <span class='ocrx_word' id='word_1_715' title='bbox 1136 5474 1346 5529; x_wconf 87' lang='lat' dir='ltr'><strong>Christi</strong></span> <span class='ocrx_word' id='word_1_716' title='bbox 1372 5474 1698 5544; x_wconf 83' lang='lat' dir='ltr'><strong>baptismate</strong></span> <span class='ocrx_word' id='word_1_717' title='bbox 1731 5476 1835 5531; x_wconf 89' lang='lat' dir='ltr'><strong>sub</strong></span> <span class='ocrx_word' id='word_1_718' title='bbox 1866 5491 1994 5547; x_wconf 83' lang='lat' dir='ltr'><strong>spe-</strong></span> 
     </span>
    </p>
   </div>
   <div class='ocr_carea' id='block_1_101' title="bbox 409 5564 1994 5639">
    <p class='ocr_par' dir='ltr' id='par_1_101' title="bbox 409 5564 1994 5639">
     <span class='ocr_line' id='line_1_101' title="bbox 409 5564 1994 5639; baseline 0.003 -21"><span class='ocrx_word' id='word_1_719' title='bbox 409 5564 495 5618; x_wconf 74' lang='lat' dir='ltr'><strong>(le</strong></span> <span class='ocrx_word' id='word_1_720' title='bbox 539 5565 813 5622; x_wconf 72' lang='lat' dir='ltr'><strong>columba:</strong></span> <span class='ocrx_word' id='word_1_721' title='bbox 866 5567 1144 5638; x_wconf 87' lang='lat' dir='ltr'><strong>apparuit,</strong></span> <span class='ocrx_word' id='word_1_722' title='bbox 1205 5567 1392 5623; x_wconf 85' lang='lat' dir='ltr'><strong>diluvii</strong></span> <span class='ocrx_word' id='word_1_723' title='bbox 1425 5575 1777 5639; x_wconf 87' lang='lat' dir='ltr'><strong>peccatorum</strong></span> <span class='ocrx_word' id='word_1_724' title='bbox 1834 5568 1994 5623; x_wconf 84' lang='lat' dir='ltr'><strong>finem</strong></span> 
     </span>
    </p>
   </div>
   <div class='ocr_carea' id='block_1_102' title="bbox 485 5760 1984 5837">
    <p class='ocr_par' dir='ltr' id='par_1_102' title="bbox 485 5760 1984 5837">
     <span class='ocr_line' id='line_1_102' title="bbox 485 5760 1984 5837; baseline 0.004 -20"><span class='ocrx_word' id='word_1_725' title='bbox 485 5762 527 5794; x_wconf 79' lang='grc'><strong>⁸⁷</strong></span> <span class='ocrx_word' id='word_1_726' title='bbox 561 5760 695 5819; x_wconf 75' lang='lat' dir='ltr'><strong>Gen.</strong></span> <span class='ocrx_word' id='word_1_727' title='bbox 734 5780 772 5831; x_wconf 88' lang='lat' dir='ltr'><strong>I,</strong></span> <span class='ocrx_word' id='word_1_728' title='bbox 799 5765 887 5821; x_wconf 77' lang='grc'><strong>51.</strong></span> <span class='ocrx_word' id='word_1_729' title='bbox 967 5768 1006 5800; x_wconf 83' lang='grc'><strong>³⁸</strong></span> <span class='ocrx_word' id='word_1_730' title='bbox 1035 5767 1204 5828; x_wconf 81' lang='lat' dir='ltr'><strong>Hebr.</strong></span> <span class='ocrx_word' id='word_1_731' title='bbox 1235 5786 1275 5837; x_wconf 90' lang='grc' dir='ltr'><strong>ι,</strong></span> <span class='ocrx_word' id='word_1_732' title='bbox 1306 5772 1360 5828; x_wconf 82' lang='grc'><strong>5.</strong></span> <span class='ocrx_word' id='word_1_733' title='bbox 1441 5771 1482 5801; x_wconf 74' lang='grc'><strong>¹³</strong></span> <span class='ocrx_word' id='word_1_734' title='bbox 1516 5769 1679 5826; x_wconf 79' lang='lat' dir='ltr'><strong>llcbr.</strong></span> <span class='ocrx_word' id='word_1_735' title='bbox 1761 5786 1857 5835; x_wconf 76' lang='lat' dir='ltr'><strong>xu,</strong></span> <span class='ocrx_word' id='word_1_736' title='bbox 1885 5768 1984 5823; x_wconf 65' lang='lat'><strong>‘29.</strong></span> 
     </span>
    </p>
   </div>
   <div class='ocr_carea' id='block_1_103' title="bbox 2090 4550 3684 4628">
    <p class='ocr_par' dir='ltr' id='par_1_103' title="bbox 2090 4550 3684 4628">
     <span class='ocr_line' id='line_1_103' title="bbox 2090 4550 3684 4628; baseline -0.003 -17"><span class='ocrx_word' id='word_1_737' title='bbox 2090 4558 2398 4628; x_wconf 84' lang='grc' dir='ltr'><strong>τρανῶσαν,</strong></span> <span class='ocrx_word' id='word_1_738' title='bbox 2432 4555 2550 4625; x_wconf 75' lang='grc' dir='ltr'><strong>ἅμα</strong></span> <span class='ocrx_word' id='word_1_739' title='bbox 2576 4553 2633 4606; x_wconf 83' lang='grc' dir='ltr'><strong>δὲ</strong></span> <span class='ocrx_word' id='word_1_740' title='bbox 2658 4551 2914 4621; x_wconf 76' lang='grc' dir='ltr'><strong>καὶπρὸς</strong></span> <span class='ocrx_word' id='word_1_741' title='bbox 2966 4550 3063 4622; x_wconf 84' lang='grc' dir='ltr'><strong>τὴν</strong></span> <span class='ocrx_word' id='word_1_742' title='bbox 3113 4552 3323 4605; x_wconf 75' lang='grc' dir='ltr'><strong>οἰκείαν</strong></span> <span class='ocrx_word' id='word_1_743' title='bbox 3351 4553 3413 4607; x_wconf 91' lang='lat' dir='ltr'><strong>rb</strong></span> <span class='ocrx_word' id='word_1_744' title='bbox 3456 4553 3684 4625; x_wconf 71' lang='grc' dir='ltr'><strong>πλάσμα</strong></span> 
     </span>
    </p>
   </div>
   <div class='ocr_carea' id='block_1_104' title="bbox 2091 4643 3682 4723">
    <p class='ocr_par' dir='ltr' id='par_1_104' title="bbox 2091 4643 3682 4723">
     <span class='ocr_line' id='line_1_104' title="bbox 2091 4643 3682 4723; baseline -0.003 -18"><span class='ocrx_word' id='word_1_745' title='bbox 2091 4648 2552 4723; x_wconf 87' lang='grc' dir='ltr'><strong>χειραγωγῆσαν,</strong></span> <span class='ocrx_word' id='word_1_746' title='bbox 2614 4645 2709 4700; x_wconf 79' lang='grc' dir='ltr'><strong>καὶ</strong></span> <span class='ocrx_word' id='word_1_747' title='bbox 2755 4645 2845 4698; x_wconf 78' lang='grc' dir='ltr'><strong>ἵνα</strong></span> <span class='ocrx_word' id='word_1_748' title='bbox 2897 4645 2955 4697; x_wconf 81' lang='grc' dir='ltr'><strong>ἐν</strong></span> <span class='ocrx_word' id='word_1_749' title='bbox 3015 4643 3094 4713; x_wconf 84' lang='grc' dir='ltr'><strong>τῷ</strong></span> <span class='ocrx_word' id='word_1_750' title='bbox 3124 4645 3217 4699; x_wconf 83' lang='grc' dir='ltr'><strong>τοῦ</strong></span> <span class='ocrx_word' id='word_1_751' title='bbox 3256 4646 3468 4717; x_wconf 82' lang='grc' dir='ltr'><strong>Πατρδς</strong></span> <span class='ocrx_word' id='word_1_752' title='bbox 3502 4648 3682 4701; x_wconf 81' lang='grc' dir='ltr'><strong>ἀπαυ-</strong></span> 
     </span>
    </p>
   </div>
   <div class='ocr_carea' id='block_1_105' title="bbox 2091 4736 3681 4813">
    <p class='ocr_par' dir='ltr' id='par_1_105' title="bbox 2091 4736 3681 4813">
     <span class='ocr_line' id='line_1_105' title="bbox 2091 4736 3681 4813; baseline -0.004 -15"><span class='ocrx_word' id='word_1_753' title='bbox 2091 4746 2335 4813; x_wconf 88' lang='grc' dir='ltr'><strong>γάσματι</strong></span> <span class='ocrx_word' id='word_1_754' title='bbox 2347 4743 2445 4810; x_wconf 83' lang='grc' dir='ltr'><strong>τῆς</strong></span> <span class='ocrx_word' id='word_1_755' title='bbox 2464 4756 2623 4793; x_wconf 88' lang='grc' dir='ltr'><strong>σκοτο</strong></span> <span class='ocrx_word' id='word_1_756' title='bbox 2631 4738 2807 4809; x_wconf 86' lang='grc' dir='ltr'><strong>μήνης</strong></span> <span class='ocrx_word' id='word_1_757' title='bbox 2823 4737 2921 4807; x_wconf 80' lang='grc' dir='ltr'><strong>τῆς</strong></span> <span class='ocrx_word' id='word_1_758' title='bbox 2941 4736 3195 4800; x_wconf 81' lang='grc' dir='ltr'><strong>ἀσεϐείας</strong></span> <span class='ocrx_word' id='word_1_759' title='bbox 3209 4739 3681 4809; x_wconf 84' lang='grc' dir='ltr'><strong>ὲκκεχωρηκυίας,</strong></span> 
     </span>
    </p>
   </div>
   <div class='ocr_carea' id='block_1_106' title="bbox 2090 4827 3685 4907">
    <p class='ocr_par' dir='ltr' id='par_1_106' title="bbox 2090 4827 3685 4907">
     <span class='ocr_line' id='line_1_106' title="bbox 2090 4827 3685 4907; baseline -0.004 -18"><span class='ocrx_word' id='word_1_760' title='bbox 2090 4838 2193 4907; x_wconf 80' lang='grc' dir='ltr'><strong>ἥδη</strong></span> <span class='ocrx_word' id='word_1_761' title='bbox 2218 4836 2313 4889; x_wconf 76' lang='grc' dir='ltr'><strong>καὶ</strong></span> <span class='ocrx_word' id='word_1_762' title='bbox 2335 4835 2393 4888; x_wconf 78' lang='grc' dir='ltr'><strong>ἐν</strong></span> <span class='ocrx_word' id='word_1_763' title='bbox 2427 4832 2505 4904; x_wconf 83' lang='grc' dir='ltr'><strong>τῷ</strong></span> <span class='ocrx_word' id='word_1_764' title='bbox 2527 4831 2800 4903; x_wconf 87' lang='grc' dir='ltr'><strong>ὀμοουσίῳ</strong></span> <span class='ocrx_word' id='word_1_765' title='bbox 2848 4827 3013 4883; x_wconf 78' lang='grc' dir='ltr'><strong>αὐτοῦ</strong></span> <span class='ocrx_word' id='word_1_766' title='bbox 3044 4829 3361 4900; x_wconf 80' lang='grc' dir='ltr'><strong>φωτιστικῷ</strong></span> <span class='ocrx_word' id='word_1_767' title='bbox 3402 4829 3685 4899; x_wconf 86' lang='grc' dir='ltr'><strong>Πνεύματι</strong></span> 
     </span>
    </p>
   </div>
   <div class='ocr_carea' id='block_1_107' title="bbox 2094 4920 3684 4995">
    <p class='ocr_par' dir='ltr' id='par_1_107' title="bbox 2094 4920 3684 4995">
     <span class='ocr_line' id='line_1_107' title="bbox 2094 4920 3684 4995; baseline -0.005 -14"><span class='ocrx_word' id='word_1_768' title='bbox 2094 4924 2548 4995; x_wconf 84' lang='grc' dir='ltr'><strong>καταυγασθῶσιν</strong></span> <span class='ocrx_word' id='word_1_769' title='bbox 2601 4925 2652 4977; x_wconf 89' lang='grc' dir='ltr'><strong>οί</strong></span> <span class='ocrx_word' id='word_1_770' title='bbox 2697 4924 2993 4993; x_wconf 85' lang='grc' dir='ltr'><strong>ἀλαμπεῖς.</strong></span> <span class='ocrx_word' id='word_1_771' title='bbox 3042 4922 3209 4993; x_wconf 82' lang='grc' dir='ltr'><strong>Φοιτᾷ</strong></span> <span class='ocrx_word' id='word_1_772' title='bbox 3237 4921 3293 4975; x_wconf 81' lang='grc' dir='ltr'>δὲ</span> <span class='ocrx_word' id='word_1_773' title='bbox 3328 4922 3387 4974; x_wconf 82' lang='grc' dir='ltr'><strong>ὲν</strong></span> <span class='ocrx_word' id='word_1_774' title='bbox 3409 4920 3684 4990; x_wconf 83' lang='grc' dir='ltr'><strong>γλώσσαις</strong></span> 
     </span>
    </p>
   </div>
   <div class='ocr_carea' id='block_1_108' title="bbox 2097 5012 3685 5090">
    <p class='ocr_par' dir='ltr' id='par_1_108' title="bbox 2097 5012 3685 5090">
     <span class='ocr_line' id='line_1_108' title="bbox 2097 5012 3685 5090; baseline -0.003 -19"><span class='ocrx_word' id='word_1_775' title='bbox 2097 5019 2360 5090; x_wconf 84' lang='grc' dir='ltr'><strong>πυρίναις</strong></span> <span class='ocrx_word' id='word_1_776' title='bbox 2396 5015 2730 5089; x_wconf 86' lang='grc' dir='ltr'><strong>σωματικῶς</strong></span> <span class='ocrx_word' id='word_1_777' title='bbox 2778 5012 2917 5085; x_wconf 84' lang='grc' dir='ltr'><strong>ὁμοῦ</strong></span> <span class='ocrx_word' id='word_1_778' title='bbox 2960 5012 3057 5067; x_wconf 81' lang='grc' dir='ltr'><strong>καὶ</strong></span> <span class='ocrx_word' id='word_1_779' title='bbox 3090 5013 3308 5078; x_wconf 84' lang='grc' dir='ltr'><strong>θεῖκῶς,</strong></span> <span class='ocrx_word' id='word_1_780' title='bbox 3331 5012 3408 5084; x_wconf 82' lang='grc' dir='ltr'><strong>τῷ</strong></span> <span class='ocrx_word' id='word_1_781' title='bbox 3440 5016 3561 5084; x_wconf 74' lang='grc' dir='ltr'><strong>μὲν,</strong></span> <span class='ocrx_word' id='word_1_782' title='bbox 3595 5013 3685 5066; x_wconf 80' lang='grc' dir='ltr'><strong>ἵνα</strong></span> 
     </span>
    </p>
   </div>
   <div class='ocr_carea' id='block_1_109' title="bbox 2095 5100 3685 5180">
    <p class='ocr_par' dir='ltr' id='par_1_109' title="bbox 2095 5100 3685 5180">
     <span class='ocr_line' id='line_1_109' title="bbox 2095 5100 3685 5180; baseline -0.005 -18"><span class='ocrx_word' id='word_1_783' title='bbox 2095 5110 2194 5180; x_wconf 74' lang='grc' dir='ltr'><strong>τὴν</strong></span> <span class='ocrx_word' id='word_1_784' title='bbox 2256 5109 2508 5177; x_wconf 86' lang='grc' dir='ltr'><strong>θειότητα</strong></span> <span class='ocrx_word' id='word_1_785' title='bbox 2565 5103 2850 5175; x_wconf 81' lang='grc' dir='ltr'><strong>γνωρίσῃ’</strong></span> <span class='ocrx_word' id='word_1_786' title='bbox 2886 5102 3013 5172; x_wconf 81' lang='grc' dir='ltr'><strong>Πῦρ</strong></span> <span class='ocrx_word' id='word_1_787' title='bbox 3073 5102 3183 5175; x_wconf 75' lang='grc' dir='ltr'><strong>γὰρ</strong></span> <span class='ocrx_word' id='word_1_788' title='bbox 3240 5104 3274 5156; x_wconf 80' lang='grc' dir='ltr'><em>ὁ</em></span> <span class='ocrx_word' id='word_1_789' title='bbox 3325 5104 3469 5169; x_wconf 80' lang='grc' dir='ltr'><strong>Θεὸς</strong></span> <span class='ocrx_word' id='word_1_790' title='bbox 3513 5100 3685 5172; x_wconf 80' lang='grc' dir='ltr'><strong>ἡμῶν</strong></span> 
     </span>
    </p>
   </div>
   <div class='ocr_carea' id='block_1_110' title="bbox 2096 5196 3684 5268">
    <p class='ocr_par' dir='ltr' id='par_1_110' title="bbox 2096 5196 3684 5268">
     <span class='ocr_line' id='line_1_110' title="bbox 2096 5196 3684 5268; baseline -0.006 -12"><span class='ocrx_word' id='word_1_791' title='bbox 2096 5201 2585 5257; x_wconf 74' lang='grc' dir='ltr'><strong>καταναλίσκον·</strong></span> <span class='ocrx_word' id='word_1_792' title='bbox 2636 5196 2715 5268; x_wconf 81' lang='grc' dir='ltr'><strong>τῷ</strong></span> <span class='ocrx_word' id='word_1_793' title='bbox 2756 5197 2813 5251; x_wconf 81' lang='grc' dir='ltr'>δὲ</span> <span class='ocrx_word' id='word_1_794' title='bbox 2845 5196 2923 5266; x_wconf 83' lang='grc' dir='ltr'><strong>τῷ</strong></span> <span class='ocrx_word' id='word_1_795' title='bbox 2960 5198 3215 5264; x_wconf 87' lang='grc' dir='ltr'><strong>συγγενεῖ</strong></span> <span class='ocrx_word' id='word_1_796' title='bbox 3254 5196 3412 5267; x_wconf 83' lang='grc' dir='ltr'><strong>Λόγῳ</strong></span> <span class='ocrx_word' id='word_1_797' title='bbox 3447 5197 3684 5266; x_wconf 82' lang='grc' dir='ltr'><strong>πρᾶγμα</strong></span> 
     </span>
    </p>
   </div>
   <div class='ocr_carea' id='block_1_111' title="bbox 2095 5284 3707 5360">
    <p class='ocr_par' dir='ltr' id='par_1_111' title="bbox 2095 5284 3707 5360">
     <span class='ocr_line' id='line_1_111' title="bbox 2095 5284 3707 5360; baseline -0.007 -13"><span class='ocrx_word' id='word_1_798' title='bbox 2095 5293 2268 5347; x_wconf 89' lang='grc' dir='ltr'><strong>τελῶν</strong></span> <span class='ocrx_word' id='word_1_799' title='bbox 2305 5290 2589 5360; x_wconf 83' lang='grc' dir='ltr'><strong>συγγενὲς,</strong></span> <span class='ocrx_word' id='word_1_800' title='bbox 2630 5288 2726 5342; x_wconf 80' lang='grc' dir='ltr'><strong>καὶ</strong></span> <span class='ocrx_word' id='word_1_801' title='bbox 2781 5285 3106 5357; x_wconf 88' lang='grc' dir='ltr'><strong>ποιούμενον</strong></span> <span class='ocrx_word' id='word_1_802' title='bbox 3154 5287 3252 5358; x_wconf 82' lang='grc' dir='ltr'><strong>τὴν</strong></span> <span class='ocrx_word' id='word_1_803' title='bbox 3290 5284 3595 5357; x_wconf 85' lang='grc' dir='ltr'><strong>παρουσίαν</strong></span> <span class='ocrx_word' id='word_1_804' title='bbox 3622 5286 3707 5345; x_wconf 80' lang='grc' dir='ltr'><strong>ὲν,</strong></span> 
     </span>
    </p>
   </div>
   <div class='ocr_carea' id='block_1_112' title="bbox 2099 5374 3682 5455">
    <p class='ocr_par' dir='ltr' id='par_1_112' title="bbox 2099 5374 3682 5455">
     <span class='ocr_line' id='line_1_112' title="bbox 2099 5374 3682 5455; baseline -0.004 -19"><span class='ocrx_word' id='word_1_805' title='bbox 2099 5384 2337 5455; x_wconf 80' lang='grc' dir='ltr'><strong>σώματι,</strong></span> <span class='ocrx_word' id='word_1_806' title='bbox 2397 5382 2587 5451; x_wconf 85' lang='grc' dir='ltr'><strong>ὥσπερ</strong></span> <span class='ocrx_word' id='word_1_807' title='bbox 2636 5382 2843 5444; x_wconf 73' lang='grc' dir='ltr'><strong>ἐκεῖνος</strong></span> <span class='ocrx_word' id='word_1_808' title='bbox 2898 5378 3055 5450; x_wconf 69' lang='grc' dir='ltr'><strong>ὤφθη</strong></span> <span class='ocrx_word' id='word_1_809' title='bbox 3101 5380 3238 5450; x_wconf 75' lang='grc' dir='ltr'><strong>μετὰ</strong></span> <span class='ocrx_word' id='word_1_810' title='bbox 3274 5378 3544 5449; x_wconf 88' lang='grc' dir='ltr'><strong>σώματος.</strong></span> <span class='ocrx_word' id='word_1_811' title='bbox 3588 5374 3682 5429; x_wconf 85' lang='grc' dir='ltr'><strong>Ἐν</strong></span> 
     </span>
    </p>
   </div>
   <div class='ocr_carea' id='block_1_113' title="bbox 2097 5468 3683 5549">
    <p class='ocr_par' dir='ltr' id='par_1_113' title="bbox 2097 5468 3683 5549">
     <span class='ocr_line' id='line_1_113' title="bbox 2097 5468 3683 5549; baseline -0.006 -19"><span class='ocrx_word' id='word_1_812' title='bbox 2097 5478 2374 5549; x_wconf 84' lang='grc' dir='ltr'><strong>γλώσσαις</strong></span> <span class='ocrx_word' id='word_1_813' title='bbox 2419 5476 2477 5529; x_wconf 82' lang='grc' dir='ltr'><strong>δὲ</strong></span> <span class='ocrx_word' id='word_1_814' title='bbox 2526 5477 2584 5528; x_wconf 85' lang='grc' dir='ltr'><strong>ὲν</strong></span> <span class='ocrx_word' id='word_1_815' title='bbox 2630 5474 2815 5545; x_wconf 86' lang='grc' dir='ltr'><strong>οἰκείῳ</strong></span> <span class='ocrx_word' id='word_1_816' title='bbox 2869 5473 2978 5527; x_wconf 89' lang='grc' dir='ltr'><strong>τῶν</strong></span> <span class='ocrx_word' id='word_1_817' title='bbox 3025 5473 3300 5542; x_wconf 84' lang='grc' dir='ltr'><strong>ἐσομένων</strong></span> <span class='ocrx_word' id='word_1_818' title='bbox 3338 5468 3683 5543; x_wconf 84' lang='grc' dir='ltr'><strong>πραγμάτων</strong></span> 
     </span>
    </p>
   </div>
   <div class='ocr_carea' id='block_1_114' title="bbox 2098 5561 3679 5643">
    <p class='ocr_par' dir='ltr' id='par_1_114' title="bbox 2098 5561 3679 5643">
     <span class='ocr_line' id='line_1_114' title="bbox 2098 5561 3679 5643; baseline -0.006 -18"><span class='ocrx_word' id='word_1_819' title='bbox 2098 5570 2383 5643; x_wconf 84' lang='grc' dir='ltr'><strong>αἰνίγματι</strong></span> <span class='ocrx_word' id='word_1_820' title='bbox 2403 5586 2417 5601; x_wconf 76' lang='grc' dir='ltr'><strong>ο</strong></span> <span class='ocrx_word' id='word_1_821' title='bbox 2451 5567 2641 5641; x_wconf 76' lang='grc' dir='ltr'><strong>ῶσπερ</strong></span> <span class='ocrx_word' id='word_1_822' title='bbox 2658 5568 2924 5640; x_wconf 87' lang='grc' dir='ltr'><strong>πρότερον</strong></span> <span class='ocrx_word' id='word_1_823' title='bbox 2955 5567 3013 5620; x_wconf 81' lang='grc' dir='ltr'><strong>ὲν</strong></span> <span class='ocrx_word' id='word_1_824' title='bbox 3042 5564 3120 5636; x_wconf 81' lang='grc' dir='ltr'><strong>τῷ</strong></span> <span class='ocrx_word' id='word_1_825' title='bbox 3158 5561 3495 5637; x_wconf 81' lang='grc' dir='ltr'><strong>βαπτίσματι</strong></span> <span class='ocrx_word' id='word_1_826' title='bbox 3516 5577 3679 5633; x_wconf 84' lang='grc' dir='ltr'><strong>περι-</strong></span> 
     </span>
    </p>
   </div>
  </div>
