4072 6452
349 387 454 452 155

1581 381 1866 442 LEONIS
1903 383 2366 442 PHILOSOPHI

3496 370 3600 432 156

344 506 477 560 tiam
513 502 835 573 resipiscere
893 499 1190 559 nolentem,
1239 513 1342 553 nec
1371 496 1675 568 quiescere,
1708 509 1772 548 ac
1803 493 1916 548 Salo
1951 541 1956 550 .

2064 495 2121 563 ἧς
2151 494 2388 564 βλύσεως
2413 492 2768 564 πληρούμενα
2786 491 2963 544 πάντα
2983 488 3050 540 τά
3073 487 3310 556 πέρατα,
3326 487 3601 538 κατακλυ-

346 607 589 653 vatorem
625 608 870 651 nostrum
894 608 1192 664 agnoscere
1215 593 1228 644 !

2030 587 2266 656 ζομένης
2329 587 2428 654 τῆς
2482 585 2797 646 δυσσεϐείας
2865 584 2978 645 τοῖς
3043 579 3278 647 λογικοῖς
3333 576 3608 646 χεύμασι·

346 693 579 747 τοσαῦτα
609 693 641 760 ὴ
666 690 915 760 παροῦσα
944 689 1038 742 ἐπὶ
1074 685 1439 756 σωφρονισμῷ
1474 683 1570 738 τοῦ
1603 684 1924 753 πλάσματος
1963 682 2123 752 μέθη.
2157 686 2220 736 Ὢ
2245 686 2345 755 τῆς
2388 686 2655 754 θεομάχοι)
2682 683 2851 753 μέθης
2883 683 2943 734 οὐ
3013 677 3350 749 βουλομένης
3423 677 3606 746 λῆξαι,

347 787 454 839 οὐδ’
488 783 777 852 ἀνανῆψαι,
800 780 941 835 ὥστε
965 782 1260 849 ἐπιγνῶναι
1281 779 1372 834 τὸν
1401 779 1697 849 ἐληλυθότα
1725 777 1893 830 σῶσαι
1929 778 2236 849 Δεσπότηνί

423 876 619 931 Verum
651 891 770 940 eos,
807 876 900 944 qui
942 875 1012 929 ob
1061 873 1322 928 invidiam
1351 888 1548 928 sensus
1604 871 1931 934 amiserunt,

2119 873 2280 927 Ἀλλὰ
2308 876 2417 945 γὰρ
2437 874 2487 926 οἱ
2519 872 2619 935 τάς
2649 871 2929 939 αἰσθήσεις
2983 869 3077 923 τοῦ
3109 869 3305 938 φθόνου
3348 869 3427 939 τῷ
3453 868 3614 921 πάθει

348 981 514 1038 atque
539 984 604 1021 ex
642 983 707 1021 eo
742 967 1119 1037 prodigiorum
1149 967 1340 1020 horum
1374 965 1736 1032 intelligentia
1766 962 1939 1018 desti-

2067 968 2452 1037 ενεκρωμένοι,
2486 968 2577 1019 καὶ
2625 965 2715 1018 διὰ
2748 962 2908 1016 τοῦτο
2937 962 3050 1014 τῶν
3107 962 3444 1031 τελουμένων
3484 960 3615 1013 θαυ-

348 1068 606 1122 tuuntur,
648 1057 968 1127 stupiditate
1023 1071 1123 1111 sua
1150 1056 1333 1127 perire
1359 1057 1631 1110 sinamus.
1665 1051 1778 1109 Nos
1810 1068 1940 1108 vero

351 1167 382 1203 a
441 1149 653 1220 Spiritu
715 1158 911 1204 sancto
943 1147 1228 1211 viviﬁcati,
1287 1156 1584 1214 sancteque
1640 1146 1936 1209 immutati,

353 1259 476 1298 cum
507 1253 658 1298 recto
684 1258 961 1308 sermone,
993 1251 1108 1296 tum
1140 1242 1246 1311 piis
1271 1241 1446 1310 gestis
1472 1241 1729 1294 honorem
1766 1239 1940 1303 illum,

353 1351 463 1403 quo
531 1333 730 1404 gaudet
781 1335 1040 1397 maxime,
1096 1332 1206 1386 Deo
1267 1333 1646 1386 exbibeamus.
1712 1328 1942 1384 Mortuis

355 1426 648 1481 aﬂectuum
685 1426 948 1496 operibus
1005 1425 1162 1478 vacui
1216 1423 1426 1484 simus;
1463 1423 1733 1476 vivilicam
1770 1423 1942 1474 virtu-

356 1529 474 1572 tum
505 1516 802 1571 efﬁcaciam
834 1525 1151 1586 operantem
1185 1515 1478 1569 reddamus
1506 1531 1521 1579 ;
1562 1514 1761 1568 foedam
1813 1527 1944 1581 pec-

359 1610 470 1663 cati
517 1608 714 1662 faciem
763 1607 1114 1676 ,rejiciamus,
1171 1607 1413 1660 divinam
1479 1605 1943 1676 pulchritudinem

361 1715 725 1756 assumamus.
763 1700 1004 1753 Abstulit
1035 1697 1361 1768 Unigenitus
1421 1699 1808 1753 intermedium
1843 1697 1949 1751 ini-

2041 1061 2259 1129 μασίων
2309 1059 2653 1129 ἀφῃρημένοι
2717 1059 2815 1126 τὴν
2877 1057 3116 1120 σύνεσιν,
3142 1055 3324 1126 ἔρρειν
3353 1051 3490 1123 μετά
3517 1051 3616 1119 τῆς

2039 1154 2244 1214 οἰκείας
2268 1152 2622 1222 ἀναισθησίας
2651 1150 3020 1218 ἀφείσθωσαν.
3069 1148 3260 1217 Ἡμεῖς
3283 1145 3338 1198 δὲ
3371 1145 3450 1212 τῷ
3478 1162 3619 1196 παν-ο

2043 1247 2184 1314 αγίῳ
2216 1244 2642 1310 ζωοποιηθέντες
2673 1242 2972 1310 Πνεύματι,
3031 1240 3190 1311 ίερῶς
3215 1235 3617 1297 ἀλλοιωθὲντες,

2042 1338 2233 1407 ὥσπερ
2255 1337 2434 1404 λόγοις
2460 1335 2810 1405 θεοπρεπέσι,
2858 1333 3000 1386 οὕτω
3034 1333 3130 1385 καὶ
3162 1331 3336 1392 θείαις
3386 1327 3623 1397 πράξεσι

2043 1431 2143 1497 τὴν
2172 1429 2337 1499 τιμὴν
2366 1427 2732 1497 ἐκπληρῶμεν
2756 1425 2923 1494 αὐτῷ,
3048 1421 3418 1492 διαφερόντως
3440 1420 3623 1488 χαίρει

2044 1521 2354 1592 τιμώμενος
2381 1521 2556 1582 ὁΘεός
2581 1537 2593 1549 ο
2631 1520 2982 1592 σχολάσωμεν
3013 1518 3120 1569 ἀπὸ
3142 1517 3250 1569 τῶν
3280 1513 3494 1584 νεκρῶν
3513 1511 3624 1564 τῶν

2048 1614 2240 1667 παθῶν
2275 1615 2471 1684 ἔργων.
2507 1614 2866 1682 Ἐμπρακτον
2905 1610 3003 1679 τὴν
3055 1608 3318 1671 ζωοποιον
3343 1607 3626 1676 ἐνέργειαν

2049 1706 2155 1758 τῶν
2182 1707 2394 1776 ἀρετῶν
2424 1704 2661 1774 σχῶμεν.
2711 1703 3058 1772 Ἀμείψωμεν
3086 1700 3184 1770 τὴν
3216 1701 3498 1769 ἀσχήμονα
3526 1695 3628 1763 τῆς

361 1790 695 1844 micitiarum
735 1789 1034 1858 parietem;
1072 1789 1216 1843 Deus
1257 1789 1416 1843 Pater
1451 1804 1638 1858 pacem
1682 1789 1826 1852 iniit,
1847 1786 1950 1841 Pa-

2064 1798 2328 1870 ὶμαρτίας
2357 1798 2601 1868 μορφήν⁶
2639 1793 3018 1866 μορφωθῶμεν
3041 1795 3142 1861 τὴν
3193 1790 3402 1859 θεοειδῆ
3433 1789 3628 1842 καλλο-

362 1881 590 1935 raclitus
643 1895 744 1934 nos
797 1880 1065 1948 adoptans
1131 1894 1262 1934 suos
1312 1879 1477 1944 fecit;
1526 1888 1642 1932 tuta
1692 1879 1850 1932 nobis
1891 1888 1947 1934 et

361 1971 517 2026 ﬁrma
548 1974 640 2025 liat
671 1973 783 2026 base
813 1972 1068 2026 aliinitas.
1106 1970 1211 2036 Qui
1242 1979 1425 2025 autem
1473 1971 1603 2024 lict?
1635 1970 1946 2041 adoptantis

361 2064 660 2119 bonitatem
697 2065 1022 2118 annulando.
1080 2064 1247 2118 Filios
1277 2078 1401 2118 esse
1452 2071 1721 2116 testemur
1780 2065 1945 2116 mori-

361 2155 499 2222 bus;
529 2157 760 2210 invicem
794 2171 1041 2225 agamus,
1067 2163 1126 2209 ut
1148 2156 1418 2225 benignus
1465 2153 1629 2208 Pater
1657 2155 1945 2209 nobiseum

361 2247 509 2316 egit;
539 2248 935 2302 humanitatem
969 2248 1352 2310 exbibeamus,
1382 2247 1474 2316 qui
1505 2255 1714 2301 tantam
1751 2248 1948 2300 burna-

363 2341 593 2395 nitatem
639 2341 987 2404 invenimus;
1022 2356 1091 2392 ne
1137 2339 1694 2404 crudeliter_viscera
1715 2333 1949 2408 exaspe—

365 2447 478 2498 res,
507 2433 602 2502 qui
633 2448 743 2486 non
800 2432 1178 2486 misericordia
1228 2440 1466 2496 tantum,
1498 2447 1607 2500 qua
1643 2431 1949 2498 indigebas,

367 2523 568 2592 dignus
594 2537 652 2576 es
683 2521 886 2585 factus,
920 2525 1026 2576 sed
1078 2521 1198 2575 Filii
1259 2522 1459 2575 ﬁducia
1490 2537 1520 2574 a
1555 2522 1806 2576 clementi
1845 2521 1951 2575 Do-

368 2617 522 2669 mino
553 2624 769 2684 recepta
807 2615 1008 2668 limites
1038 2630 1228 2669 omnes
1260 2614 1572 2669 excessisti.
1608 2613 1732 2666 Noli
1763 2629 1947 2681 super—

369 2707 460 2762 bia
484 2707 688 2770 eil‘erri,
719 2709 808 2776 qui
845 2723 1059 2762 summo
1085 2708 1205 2762 loco
1257 2708 1435 2773 sedes,
1471 2715 1809 2777 prazstasque
1848 2720 1954 2760 ca:-

370 2799 526 2863 teris,
553 2814 654 2854 nec
683 2801 878 2869 majori
906 2799 1092 2854 debito
1121 2801 1445 2864 obstrictus,
1486 2813 1612 2853 cum
1649 2799 1772 2868 plus
1798 2813 1954 2852 acce-

371 2893 542 2962 peris,
594 2907 694 2961 pro
725 2891 1014 2956 beneﬁcio,
1045 2907 1155 2962 quo
1212 2892 1503 2946 devinctus
1548 2907 1630 2955 es,
1687 2891 1949 2960 injuriam

373 2986 667 3054 rependas.
705 2984 857 3038 Illum
877 2999 1130 3052 sequere,
1160 2985 1255 3054 qui
1297 2993 1356 3037 ut
1385 2983 1658 3052 abjeclum
1683 2991 1737 3037 te
1764 2997 1828 3036 ac
1859 2983 1956 3036 de-

373 3093 626 3147 pressum
653 3077 962 3142 extolleret,
998 3077 1066 3130 ab
1114 3077 1379 3131 immensa
1426 3076 1716 3130 altitudine
1771 3090 1830 3130 se
1859 3075 1955 3129 de-

2055 1895 2171 1961 νήν.
2203 1891 2400 1944 Ἔλυσε
2452 1891 2553 1959 τῆς
2585 1888 2784 1959 ἔχθρας
2818 1886 2879 1939 τὸ
2909 1886 3220 1956 μεσότοιχον
3265 1885 3292 1936 ό
3319 1880 3628 1950 Μονογενὴς

2059 1979 2403 2052 μεσιτεύσας.
2433 1976 2822 2046 Κατήλλακται
2849 1975 2876 2026 6
2903 1973 3034 2036 Θεὸς
3061 1974 3155 2026 καὶ
3199 1971 3408 2039 Πατήρ.
3451 1970 3631 2038 Προσ-

2057 2073 2334 2143 ῳκείωσεν
2373 2069 2632 2122 υίοθετῶν
2683 2070 2711 2121 ὁ
2762 2065 3146 2136 Παράκλητος.
3204 2059 3451 2116 Γενέσθω
3498 2061 3631 2130 ἡμῖν

2057 2163 2307 2232 ἀσφαλὴς
2331 2164 2366 2233 ἡ
2397 2161 2690 2223 οἰκείωσις.
2726 2158 2850 2220 Πῶς
2878 2155 2972 2210 οὖν
2999 2157 3332 2225 γενήσεται;
3369 2149 3635 2221 Μιμησὼ-

2064 2257 2202 2325 μεθα
2234 2256 2334 2322 τὴν
2369 2253 2462 2307 τοῦ
2498 2252 2864 2322 πεποιηκότος
2889 2249 3125 2311 οἰκείους
3145 2247 3508 2318 χρηστότητα.
3540 2245 3632 2313 Μὴ

2059 2346 2388 2418 ψευσώμεθα
2431 2345 2530 2414 τὴν
2572 2345 2797 2414 υἰότητα
2850 2343 2938 2394 διὰ
2965 2341 3065 2410 τῆς
3111 2339 3220 2390 τῶν
3246 2335 3464 2407 τρόπων
3503 2351 3638 2404 μορ-

2061 2442 2310 2510 φώσεως.
2351 2439 2566 2492 Ἐκεῖνα
2614 2437 2754 2506 πρὸς
2805 2434 3069 2505 ἀλλήλους
3112 2432 3374 2500 ποιῶμεν,
3420 2428 3455 2481 ἀ
3498 2427 3636 2496 πρὸς

2063 2535 2217 2604 ἡμᾶς
2264 2532 2619 2601 ὁοίκτίρμων
2678 2527 2865 2596 Πατὴρ
2913 2523 3245 2587 ἐπεδείξατο.
3302 2519 3638 2586 Μεταδῶμεν

2063 2623 2476 2696 φιλανθρωπίας
2533 2625 2582 2674 οἱ
2641 2621 2842 2689 πολλῆς
2895 2619 3148 2688 τυχόντες
3188 2614 3635 2684 φιλανθρωπίας’

2068 2718 2142 2788 μὴ
2205 2715 2426 2786 κλείσῃς
2483 2711 2821 2780 ἀσυμπαθῶς
2873 2709 2941 2762 τὰ
2993 2708 3277 2776 σπλάγχνα
3314 2706 3441 2776 ὁμὴ
3476 2705 3638 2774 μόνον

2066 2807 2406 2877 συμπαθείας
2454 2801 2522 2877 ἦς
2589 2801 2820 2874 ἔχρῃζες
2861 2801 3183 2870 ἠξιωμένος,
3230 2799 3365 2852 ἀλλὰ
3414 2799 3508 2850 καὶ
3543 2800 3639 2849 ἐπ-

2064 2902 2249 2954 έκεινα
2275 2898 2588 2970 τετυχηκὼς
2618 2896 2961 2966 συμπαθείας
2988 2897 3046 2947 ἐν
3072 2894 3150 2963 τῷ
3168 2893 3478 2965 παρρησίαν
3509 2894 3640 2946 Υίοῦ

2069 2994 2205 3064 πρὸς
2233 2992 2614 3061 φιλάνθρωπον
2645 2991 2923 3058 Δεσπότην
2961 2987 3180 3040 λαϐεῖν·
3242 2985 3316 3056 μὴ
3363 3003 3642 3054 κατεπαρ-

2067 3091 2167 3159 θῇς
2229 3090 2258 3140 ὁ
2311 3085 2476 3156 τιμὴν
2523 3086 2633 3138 τῶν
2661 3084 2840 3137 ἄλλων
2887 3083 3197 3152 ὑπερτέραν
3259 3077 3462 3131 λαϐὼν.
3501 3077 3642 3147 Μηδ’

373 3170 546 3223 misit.
575 3168 718 3237 Opes
763 3169 888 3222 illas
915 3209 930 3233 ,
959 3184 1081 3236 quae
1109 3168 1392 3222 beneﬁciis
1435 3166 1703 3223 aiﬁciendi
1728 3177 1956 3222 caeteros

2064 3178 2293 3244 ὀφείλων
2322 3174 2403 3240 οἷς
2435 3178 2584 3246 παρὰ
2613 3175 2748 3228 Θεοῦ
2804 3173 2966 3226 πλέον
3003 3173 3232 3240 εἴληφας
3273 3171 3434 3223 πλέον
3472 3171 3640 3224 αἰδεῖ-

374 3261 618 3316 debitum
681 3261 778 3315 tibi
824 3269 1036 3328 creant,
1097 3261 1208 3314 noli
1261 3261 1314 3314 in
1347 3275 1537 3316 eorum
1571 3259 1957 3314 contumeliam

374 3362 718 3407 convertere.
767 3350 898 3407 Jesu
963 3353 1398 3408 misericordiam
1447 3353 1683 3418 imitare,
1735 3353 1825 3422 qui
1858 3367 1961 3404 non

376 3445 621 3514 rapinam
671 3446 964 3498 arbitratus
1022 3455 1120 3510 est,
1176 3461 1288 3498 esse
1335 3461 1390 3499 se
1423 3445 1680 3515 a'qualem
1709 3444 1842 3511 Deo,
1874 3443 1962 3498 sed

375 3539 712 3606 semetipsum
742 3538 1035 3592 exinanivit
1059 3539 1125 3602 ",
1161 3548 1223 3590 ut
1273 3545 1326 3591 te
1361 3535 1770 3591 miseriCUrdem
1809 3536 1962 3591 facc-

375 3639 481 3685 ret.
502 3623 724 3698 Eurum,
747 3644 870 3699 quae
894 3630 1053 3684 nobis
1077 3630 1368 3692 debentur,
1392 3640 1675 3682 exactores
1701 3644 1768 3682 ne
1789 3628 1963 3682 simus

377 3721 770 3778 inexorabiles.
803 3721 929 3776 Ideo
956 3722 1100 3776 enim
1126 3721 1360 3792 plurima
1391 3721 1746 3774 remittuntur
1780 3721 1962 3784 nobis,

377 3831 449 3872 ne
478 3815 545 3870 ab
579 3816 704 3869 aliis
746 3814 914 3868 nimia
973 3815 1265 3870 severitate
1320 3816 1627 3882 exigamus.
1675 3813 1963 3866 Dominum

377 3910 583 3965 bonum
625 3908 962 3973 aemulemur,
991 3923 1099 3961 non
1123 3919 1342 3980 servum
1376 3906 1606 3972 malum,
1629 3907 1722 3976 qui
1758 3905 1965 3961 domini

377 4017 508 4073 erga
564 4017 625 4056 se
673 4000 1020 4056 clementiam
1077 4013 1186 4053 non
1221 3999 1489 4064 imitatus,
1549 4013 1652 4052 nec
1681 4013 1802 4052 eam
1838 4011 1966 4063 erga

379 4109 708 4150 conservum
733 4094 1023 4157 adhibens,
1045 4093 1193 4162 pium
1223 4091 1506 4145 dominum
1544 4105 1793 4144 severum
1818 4089 1966 4154 fecit,

380 4198 437 4243 et
465 4195 756 4258 postquam
785 4200 908 4255 qua:
940 4186 1046 4239 sibi
1079 4185 1440 4246 debebantur,
1466 4198 1662 4252 aspere
1691 4191 1969 4251 exegerat,

382 4281 566 4337 omnia
606 4295 727 4348 quae
750 4279 1007 4342 debebat,
1037 4286 1091 4330 et
1115 4277 1182 4329 ab
1211 4277 1331 4345 ipso
1358 4284 1551 4329 exacta
1578 4283 1731 4330 sunt.
1766 4274 1963 4328 Exem-

382 4370 533 4441 plum
569 4369 770 4423 malum
823 4384 892 4422 ne
951 4383 1266 4437 sequamur,
1325 4366 1393 4420 ab
1419 4382 1484 4421 eo
1519 4367 1762 4436 periculo
1813 4367 1970 4420 nobis

2067 3271 2213 3335 σθαι,
2243 3271 2306 3322 σὺ
2333 3269 2390 3321 δὲ
2427 3268 2560 3320 διότι
2595 3267 2797 3337 μᾶλλον
2846 3264 3168 3334 εὐεργεσίας
3207 3260 3642 3331 τετύχηκας,διά

2066 3360 2222 3416 τοῦτο
2277 3359 2602 3432 ὲξυὸρίζεις.
2655 3360 2912 3429 Μίμησαι
2964 3357 3057 3409 τὸν
3112 3354 3172 3420 ἒξ
3223 3354 3450 3422 ἀπείρου
3475 3351 3640 3420 ὕψους

2066 3452 2505 3522 καταϐεὸηκότα,
2542 3452 2629 3504 ἶνα
2661 3451 2761 3520 τὴν
2795 3452 2893 3520 σὴν
2923 3447 3140 3512 ἀδοξίαν
3171 3449 3408 3516 τιμήσῃο
3433 3447 3505 3513 μὴ
3539 3445 3639 3513 τὴν

2065 3546 2151 3616 ἐφ’
2186 3541 2230 3614 ᾧ
2255 3544 2540 3614 περιέπειν
2643 3560 2723 3596 σοι
2752 3543 2880 3604 τοὺς
2908 3540 3334 3609 ἀσθενεστέρους
3365 3536 3636 3601 ὑπόθεσιν,

2069 3637 2324 3711 ἀφορμὴν
2356 3639 2558 3706 ποιήσῃ
2597 3635 2692 3688 τοῦ
2740 3634 2859 3687 κατ’
2884 3633 3107 3686 ἐκείνων
3149 3627 3640 3702 προπηὶ.ακισμοῦ⁶

2073 3734 2309 3803 μίμησαι
2355 3731 2415 3782 τὸ
2457 3727 2631 3799 Ἰησοῦ
2672 3726 2974 3797 συμπαθὲς,
3004 3728 3111 3792 Ὃς
3169 3727 3282 3792 οὐχ
3328 3723 3647 3792 ἁρπαγμὸν

2069 3821 2457 3893 ἡγησάμενος
2480 3821 2543 3873 τὸ
2566 3817 2718 3873 εἶναι
2771 3820 2877 3872 τσα
2914 3819 3054 3882 Θεῷ,
3078 3818 3379 3870 ἐκένωσεν
3405 3815 3645 3876 ἑαυτὸν,

2071 3917 2157 3969 ἵνα
2204 3932 2286 3968 σοι
2317 3912 2530 3984 μεταδῴ
2549 3911 2910 3981 συμπαθείας.
2946 3909 3037 3979 Μὴ
3067 3907 3174 3962 τῶν
3197 3909 3276 3968 εἰς
3300 3908 3444 3976 ἡμᾶς
3472 3905 3648 3975 χρεῶν

2072 4005 2438 4077 ἀπαραίτητοι
2476 4001 2764 4072 γενώμεθα
2812 4000 3082 4069 λογισταὶ,
3131 4001 3182 4051 οἱ
3234 3998 3478 4068 ἀπείρων
3506 3999 3648 4049 ὅσων

2071 4099 2381 4168 ἀφειμένοι,
2423 4098 2512 4150 ἵνα
2548 4097 2622 4168 μὴ
2677 4095 3070 4165 ἀπαραιτήτως
3096 4092 3130 4147 ἆ
3156 4090 3652 4162 κεχρεωστήκαμεν

2073 4190 2513 4261 εἰσπραχθῶμεν.
2547 4190 2652 4241 Τὸν
2710 4187 2911 4256 ἀγαθὴν
2939 4186 3226 4252 δεσπότην,
3275 4183 3410 4236 ἀλλὰ
3454 4181 3526 4251 μὴ
3554 4179 3649 4231 τὸν

2072 4285 2310 4353 πονηρὸν
2335 4281 2520 4335 δοῦλον
2565 4279 2926 4349 ζηλὼσωμεν·
2960 4278 3017 4340 ὃς
3066 4277 3163 4347 τὴν
3192 4275 3327 4346 πρὸς
3361 4273 3520 4327 αὑτὸν
3547 4267 3644 4324 τοῦ

2072 4374 2334 4429 δεσπότου
2388 4371 2616 4442 γνώμην
2665 4372 2726 4423 οὐ
2782 4370 3164 4440 μιμησάμενος
3197 4369 3255 4420 ὲν
3283 4369 3347 4438 τῇ
3383 4363 3520 4435 πρὸς
3547 4361 3643 4416 τὸν

384 4473 661 4519 caventes.
715 4459 1000 4525 Dimittite,
1027 4459 1206 4528 inquit
1237 4459 1407 4523 enim,
1434 4460 1531 4530 qui
1567 4459 1834 4530 sanguine
1861 4476 1956 4514 suo

2073 4465 2354 4520 σύνδουλον
2383 4463 2714 4534 συμπαθείᾳ,
2751 4463 2840 4515 τὸν
2872 4462 3031 4514 ἵλεων
3085 4459 3357 4528 αὐστηρὸν
3395 4457 3643 4527 ὼφθῆναι

385 4551 547 4607 nobis
575 4551 804 4621 gratiam
867 4548 1017 4614 fecit,
1042 4559 1092 4602 et
1123 4549 1484 4612 dimittemini,
1519 4559 1567 4602 et
1607 4559 1771 4602 estote
1814 4552 1968 4604 mise-

386 4644 643 4706 ricordes,
691 4645 829 4697 sicut
885 4655 934 4696 et
989 4642 1154 4696 Pater
1206 4653 1371 4724 vester
1421 4643 1641 4697 cwlestis
1667 4643 1968 4698 misericors

389 4744 469 4790 est
503 4736 570 4788 “.
605 4732 910 4804 Pauperem
941 4748 1102 4802 pasce
1135 4745 1356 4803 propter
1377 4748 1522 4797 eum,
1549 4734 1668 4803 qui,
1710 4745 1768 4789 ut
1800 4743 1851 4789 te
1875 4750 1969 4803 pa-

389 4833 591 4886 sceret,
615 4825 872 4891 esurivit;
911 4824 1116 4878 nudum
1144 4825 1345 4891 indue;
1382 4840 1572 4879 eorum
1601 4835 1654 4880 te
1689 4826 1965 4891 misereat,

390 4917 484 4987 qui
526 4915 596 4970 ab
639 4915 826 4970 eadem
859 4931 1044 4982 manu,
1078 4917 1174 4971 sed
1223 4931 1332 4971 non
1377 4917 1566 4971 eadem
1625 4918 1964 4980 conditione,

389 5004 560 5061 creati
617 5011 786 5059 sunt:
818 5019 928 5073 quo
980 5006 1162 5060 minus
1206 5006 1440 5060 aliorum
1485 5006 1698 5077 indiges
1737 5008 1966 5062 misera-

391 5099 541 5154 tione
566 5097 583 5159 ί
601 5098 648 5152 si
675 5105 858 5152 tamen
886 5097 1177 5167 quisquam
1202 5108 1306 5164 est,
1337 5101 1430 5170 qui
1462 5101 1516 5154 in
1541 5103 1645 5154 hoc
1679 5101 1803 5155 vitae
1829 5100 1967 5153 mari

389 5201 501 5246 tam
540 5189 774 5244 feliciter
813 5191 1059 5259 naviget)
1090 5206 1156 5244 eo
1187 5193 1361 5262 magis
1399 5193 1451 5245 in
1484 5192 1622 5245 alios
1655 5191 1966 5246 miseratio-

389 5300 515 5340 nem
538 5298 756 5339 exerce.
781 5281 1078 5352 Imaginem
1102 5283 1200 5338 tibi
1221 5299 1403 5353 parem
1427 5299 1495 5337 ne
1521 5283 1791 5353 despicias
1816 5283 1964 5352 abje-

391 5387 559 5442 ctam,
615 5385 708 5430 aut
747 5376 1011 5447 negligas.
1063 5375 1160 5431 Ille
1206 5376 1479 5446 siquidem
1527 5377 1620 5430 Dei
1674 5376 1968 5446 imaginem

394 5467 644 5528 similiter
677 5470 978 5538 prasel'ert,
1010 5469 1262 5539 quamvis
1289 5478 1349 5522 tu
1377 5469 1665 5538 magnifice
1705 5470 1756 5522 in
1788 5469 1968 5522 thala-

395 5559 502 5612 mis
550 5560 736 5628 degas,
789 5563 879 5616 ille
927 5578 1077 5618 vero
1111 5562 1214 5618 sub
1249 5563 1368 5627 dio;
1417 5561 1548 5630 quin
1602 5560 1969 5630 pulchriorem

398 5649 632 5707 fortasse
650 5665 704 5708 et
723 5657 1018 5727 archetypo
1049 5658 1397 5724 similiorem,
1425 5667 1484 5712 ut
1501 5655 1680 5712 nudus
1699 5655 1963 5722 Lazarus,

472 5835 517 5866 ²¹
549 5833 687 5889 Phil.
715 5851 752 5890 ll
795 5835 847 5889 6.
927 5837 972 5868 ”
994 5835 1134 5890 Luc.
1165 5854 1238 5898 vr,
1279 5838 1366 5891 57.

2077 4557 2300 4625 εποίησε
2323 4575 2339 4588 ·
2367 4558 2462 4609 καὶ
2488 4556 2610 4607 ἐπεὶ
2637 4554 3012 4624 ἀπαραίτητον
3039 4553 3274 4604 ἐποιεῖτο
3303 4549 3403 4618 τὴν
3418 4549 3645 4617 εἴσπραι

2076 4647 2159 4713 ξιν
2188 4647 2296 4701 τῶν
2327 4646 2690 4715 ὀφειλομένων
2741 4644 2909 4714 αὐτῷ,
2945 4646 3126 4697 πᾶσαν
3177 4642 3271 4695 καὶ
3328 4641 3488 4700 αὐτὸς
3531 4643 3644 4691 εἰς.

2077 4726 2350 4809 επράχθη’
2387 4736 2487 4809 τὴν
2533 4737 2775 4809 ὁφειλήν.
2804 4737 2897 4803 Μὴ
2945 4737 3272 4807 μιμήσωμεν
3299 4733 3358 4786 τὸ
3419 4733 3648 4803 πονηρὸν

2076 4831 2398 4899 ὑπόδειγμα,
2421 4830 2508 4883 ἴνα
2546 4830 2620 4902 μὴ
2645 4832 2724 4893 είς
2757 4829 3006 4898 ἀνάγκην
3045 4827 3236 4897 ὁμοίας
3290 4827 3652 4896 καταστῶμεν

2074 4923 2432 4992 εἰσπράξεως.
2471 4923 2678 4990 Ἄφετε
2701 4921 2830 4992 γὰρ,
2855 4921 3020 4990 φησὶν
3046 4922 3072 4972 6
3100 4923 3466 4991 χαρισάμενος
3517 4918 3654 4990 ἡμῖν

2074 5016 2131 5067 ἐν
2165 5013 2242 5083 τῷ
2295 5011 2461 5067 αὑτοῦ
2523 5015 2739 5084 αἵματι,
2789 5012 2888 5065 καὶ
2930 5011 3296 5080 ἀφεθήσεται
3338 5011 3517 5078 ὐμῖνο
3547 5009 3648 5064 καὶ

2074 5107 2317 5176 γίνεσθε
2346 5106 2717 5176 οἰκτίρμονες
2753 5103 2957 5172 ὥσπερ
2979 5105 3079 5157 καί
3121 5107 3154 5158 ό
3185 5104 3389 5172 Πατὴρ
3422 5100 3589 5171 ὑμῶν
3619 5103 3654 5154 ὁ

2075 5199 2352 5268 οὐράνιος
2379 5200 2694 5268 οἰκτίρμων
2735 5197 2890 5251 ἐστι.
2936 5196 3148 5267 Θρέψον
3188 5195 3397 5265 πένητα
3436 5194 3524 5247 διὰ
3561 5192 3654 5245 τὸν

2075 5288 2164 5340 ἵνα
2197 5306 2253 5340 σε
2288 5289 2460 5359 θρέψῃ
2528 5289 2881 5358 πεινήσαντα.
2917 5287 3185 5358 Περίΰαλε
3232 5287 3472 5357 γυμνόν·
3521 5301 3657 5352 συμ-

2077 5379 2324 5448 πάθησον
2384 5381 2471 5446 ἐφ’
2518 5377 2598 5441 οἷς
2654 5379 2787 5449 ὁρᾷς
2813 5379 2903 5433 τὸν
2940 5380 3142 5449 ὁμοίως
3173 5380 3256 5432 σοὶ¹
3287 5381 3354 5449 τῇ
3386 5379 3520 5446 αὑτῇ
3559 5377 3656 5444 δη-

2082 5471 2485 5541 μιουργηθέντα
2547 5469 2775 5542 παλάμῃ
2819 5473 2915 5541 οὐχ
2967 5471 3171 5541 ὁμοίως
3223 5471 3465 5531 ἀνέσεως
3513 5470 3654 5520 ἀπο-

2075 5561 2329 5616 λαύοντα.
2385 5561 2604 5616 Μᾶλλον
2658 5561 2714 5616 δὲ
2747 5565 2870 5617 ὅσον
2915 5563 3076 5627 αὐτὸς
3110 5564 3170 5614 οὐ
3208 5561 3428 5632 χρῄζεις
3451 5561 3654 5630 ἑτέρων

2079 5654 2445 5726 συμπαθείας,
2477 5655 2530 5708 εἴ
2560 5656 2624 5725 γέ
2667 5673 2753 5720 τις
2805 5655 2978 5721 οὕτως
3008 5657 3306 5726 εὐπλοῆσαι
3344 5654 3652 5727 τεθᾴρρηκε
