4072 6454
335 390 448 456 157
1121 388 1402 448 ORATIO
1429 390 1580 448 XIV.
1617 389 1783 447 —iN
1823 392 1886 449 B.
1930 393 2193 451 MARIE
2227 392 2840 456 ASSUMPTIONEM.
3528 403 3628 465 158

329 506 437 559 τοῦ
494 503 610 574 βίου
672 506 740 573 τῇ
807 501 989 573 ἆλμῃ’,
1039 502 1290 555 τοσοῦτον
1347 502 1691 571 συμπαθείας
1728 504 1935 574 ἑτέροις

2037 516 2092 559 et
2124 506 2219 575 qui
2255 506 2422 576 bysso
2452 510 2833 585 amiciebatur,
2872 521 3174 569 testantur.
3228 514 3308 569 Ita
3342 530 3443 571 nos
3479 518 3626 586 ipsus

330 598 619 669 μετάδοςο
667 597 743 667 μὴ
770 595 1032 665 παρίδῃς,
1080 594 1213 664 μηδὲ
1252 597 1680 667 καταφρονήσῃς
1707 595 1806 664 τῆς
1851 613 1933 647 σοι

2043 595 2476 663 confurmautes,
2507 599 2825 656 aliinitatem
2857 619 2980 657 cum
3015 604 3180 659 Patre
3205 622 3628 673 servemus,nee

324 691 614 761 όμοτίμου
672 687 1024 759 ἐρριμμένης
1052 686 1278 749 εἰκόνος.
1305 687 1481 739 Εξκών
1517 689 1631 739 ἐστι
1662 687 1756 738 καὶ
1781 679 1932 750 οὗτός

2044 701 2073 739 a
2108 687 2341 743 ﬁliorum
2382 691 2647 758 dignitate
2685 694 3005 752 deﬁciamus
3056 714 3321 768 unquam.
3355 700 3627 756 Reconci-

327 800 430 834 σοι
498 779 904 850 παραπλησίως
957 776 1115 841 Θεοῦ,
1158 778 1205 829 εί
1234 778 1326 829 καὶ
1369 779 1396 829 6
1440 775 1539 846 μὲν
1579 778 1637 828 ὲν
1686 776 1934 847 ὑπαίθρῳ

2043 778 2228 833 liatori
2281 780 2439 849 Filio,
2500 795 2553 839 et
2598 802 2700 841 nos
2744 797 3005 860 tanquam
3058 789 3255 847 fratres
3309 794 3625 864 excipienti,

324 877 637 946 ἒρριπται,
670 874 735 925 σὺ
772 871 830 923 δὲ
860 872 919 922 ὲν
951 870 1214 939 θαλάμοις
1266 869 1557 938 πολυωρεῖ.
1590 868 1699 920 Καὶ
1723 868 1851 932 ἴσως
1870 885 1932 936 γε

2043 884 2197 939 tunc,
2228 882 2287 928 ut
2315 892 2414 945 par
2435 886 2539 942 est,
2573 880 3001 937 famulabimur:
3026 894 3155 939 tunc
3174 886 3503 942 Paraclitum
3538 906 3625 945 re-

323 968 663 1037 ὁμοιότερον
684 964 744 1016 τὸ
776 963 871 1016 τοῦ
902 962 1213 1033 ἀρχετύπου
1240 962 1435 1025 καλλος
1456 961 1675 1031 ἔχουσα.
1704 962 1813 1015 Kal
1840 960 1931 1013 τοῦ

2037 966 2440 1021 conciliationis
2474 969 3036 1043 pignustléferentem
3061 978 3328 1043 colemus,
3374 996 3481 1033 non
3508 984 3627 1034 sine

322 1062 504 1129 λόγου
545 1056 852 1129 μαρτύριον
882 1059 909 1109 6
962 1056 1169 1125 γυμνὸς
1204 1056 1480 1127 Λάζαρος,
1510 1057 1605 1109 καὶ
1631 1058 1659 1109 6
1685 1057 1781 1125 τὴν
1805 1054 1930 1124 βύσ-

2038 1056 2247 1112 honore
2298 1072 2524 1123 nostro,
2586 1078 2650 1117 ac
2688 1066 2886 1134 salute,
2948 1079 3170 1139 propter
3222 1086 3387 1142 quam
3441 1075 3628 1127 omnia

327 1171 435 1207 σον
471 1151 949 1220 ἐνδεδυσκόμενος.
997 1148 1154 1202 Οὕτω
1191 1147 1589 1217 διασωσὼμεθα
1647 1148 1744 1218 τὴν
1801 1147 1935 1219 πρὸς

835 1166 949 1213 νος.
997 1148 1154 1202 Οὕτω
1191 1147 1589 1217 διασωσὼμεθα
1647 1148 1744 1218 τὴν
1801 1147 1939 1219 πρὸς
2040 1160 2258 1214 peracta
2296 1161 2443 1209 sunt.

329 1249 435 1301 τδν
465 1244 694 1315 Πατέρα
759 1243 1090 1311 οἰκειότητα.
1128 1240 1405 1305 Τοιούτοις
1450 1240 2301 1313 χαρακτῆρσιδιαμορφώσαντες
2344 1246 2608 1310 ἑαυτοὺς,
2684 1249 2758 1319 μὴ
2827 1250 3162 1323 ψευσώμεθα
3218 1256 3317 1326 τὴν
3382 1257 3623 1325 υἱότητα·

336 1340 505 1396 Οὕτω
534 1342 664 1402 τοὺς
696 1337 963 1407 ἀδελφοὺς
992 1338 1142 1407 ἡμᾶς
1193 1336 1644 1407 προσλαϐόμενον
1698 1338 1791 1389 καὶ
1820 1337 2345 1404 ἁποκαταλλὰξαντα
2381 1342 2513 1397 Υίὸν
2560 1345 2989 1415 θεραπεύσωμεν
3010 1366 3025 1380 ·
3069 1350 3210 1403 οὕτω
3278 1357 3370 1405 τὸν
3400 1371 3627 1423 κεκομι-

340 1435 485 1489 κότα
531 1434 632 1501 τῆς
683 1430 1040 1499 καταλλαγῆς
1069 1430 1130 1482 τὸ
1184 1430 1448 1499 ἐχέγγυον
1487 1432 1847 1502 Παράκλητον
1891 1434 2236 1504 τιμήσωμεν,
2275 1438 2341 1506 τῇ
2373 1437 2581 1491 ἑαυτῶν
2641 1443 2774 1511 τιμῇ
2832 1443 2925 1495 καὶ
2992 1443 3258 1515 θεραπείᾳ
3314 1448 3407 1499 καὶ
3449 1467 3629 1519 σωτη-

353 1529 462 1603 ρία,
514 1527 583 1580 δι’
614 1525 682 1596 ἦν
704 1524 926 1577 ἅπαντα
976 1524 1341 1593 οἰκονομεῖται
1364 1525 1457 1577 καὶ
1496 1526 1812 1593 πράττεται.

432 1619 591 1684 Ἀλλ’,
624 1611 670 1669 ὦ
704 1615 965 1687 σύνθρονε
1019 1616 1094 1685 τῷ
1121 1615 1298 1686 Πατρὶ
1341 1617 1437 1668 καὶ
1460 1614 1539 1685 τῷ
1566 1618 1725 1687 Λόγῳ
1755 1617 1941 1687 Παρά-

2109 1621 2288 1689 Atque
2319 1622 2455 1688 haec,
2497 1639 2531 1677 o
2565 1627 3054 1685 consubstantialis
3086 1632 3233 1685 Patri
3261 1642 3314 1688 et
3352 1633 3493 1689 Filio
3523 1637 3627 1691 Pa-

359 1713 531 1785 κλητε,
560 1707 821 1762 τοσοῦτον
860 1707 961 1777 μὲν
988 1706 1087 1777 τὴν
1120 1707 1217 1777 σὴν
1274 1707 1572 1777 ἐπιδημίαν
1601 1709 1780 1778 τιμῶν
1803 1713 1831 1762 6
1851 1709 1942 1762 λόο

2039 1710 2252 1776 raclite,
2282 1711 2337 1765 in
2368 1711 2637 1769 adventus
2673 1717 2751 1770 tui
2787 1719 3048 1773 honorem
3072 1720 3217 1775 dicta
3251 1723 3385 1777 sint.
3420 1724 3499 1779 Tu
3529 1743 3629 1782 au-

351 1821 441 1874 γος
469 1802 666 1874 ἐχέτω.
703 1800 776 1852 Σὺ
804 1798 849 1851 δ’
882 1801 1016 1868 ἡμῖν
1042 1798 1120 1869 τῷ
1144 1798 1222 1869 σῷ
1256 1799 1572 1869 ἡγεμονικῷ
1589 1801 1680 1853 τὸν
1695 1800 1942 1871 ἡγεμόνα

2040 1809 2150 1855 tem
2203 1802 2547 1857 intellectum
2587 1816 2837 1861 nostrum
2901 1808 3071 1863 ductu
3102 1818 3198 1865 tuo
3228 1828 3377 1881 rege,
3421 1826 3475 1869 et
3498 1833 3629 1871 con-

344 1894 469 1951 νοῦν
529 1889 831 1964 στηρίζοις,
878 1889 1013 1960 μηδὲ
1069 1889 1167 1961 τὴν
1210 1889 1315 1943 ὑπὸ
1372 1890 1465 1943 σοῦ
1520 1890 1941 1961 ἀπεληλαμένην

2041 1892 2225 1960 ﬁrma;
2285 1895 2527 1953 tenebris
2583 1912 2614 1951 a
2646 1906 2701 1952 te
2733 1899 2864 1953 olim
2923 1900 3171 1971 disjectis
3206 1903 3356 1957 illum
3390 1906 3629 1961 circqu-

344 1987 716 2059 σκοτόμαιναν
781 1988 925 2058 ὲῴης
978 1986 1141 2038 αὑτοῦ
1196 1986 1586 2057 καταχεῖσθαι,
1655 1988 1787 2060 μηδὲ
1837 1988 1935 2059 τὴν

2041 1984 2199 2041 fundi
2251 2004 2534 2058 nunquam
2580 1991 2889 2059 permittas,
2924 2008 3025 2048 nec
3059 1994 3114 2047 in
3144 1994 3233 2061 iis,
3265 2010 3388 2063 qua:
3417 1996 3471 2050 in
3508 1997 3625 2054 dies

341 2079 632 2149 ἐνέργειαν
662 2077 917 2149 σφάλλειν
969 2080 1026 2131 ἐν
1055 2079 1220 2131 παντὶ
1249 2080 1348 2149 μὲν
1377 2081 1520 2132 κατά
1543 2080 1633 2133 τὸν
1664 2080 1778 2149 βίον
1807 2082 1930 2134 ἐπι-

2041 2081 2173 2149 agit,
2219 2081 2512 2147 aberrare;
2564 2085 2837 2154 praecipue
2862 2101 2992 2140 vero
3043 2086 3099 2140 in
3130 2087 3422 2144 mundanae
3447 2093 3623 2157 navis,

342 2175 672 2244 χειρηματι,
705 2171 933 2241 μάλιστα
960 2170 1018 2223 δὲ
1053 2172 1112 2224 ἐν
1137 2174 1203 2241 τῇ
1229 2171 1561 2242 κυὸερνήσει
1604 2171 1703 2241 τῆς
1732 2189 1930 2242 κοσμι-

2041 2185 2205 2240 quant
2260 2172 2420 2227 nobis
2450 2175 2802 2240 commisisti,
2834 2177 3121 2246 regimine.
3165 2177 3209 2229 Ο
3236 2194 3413 2243 mens,
3459 2198 3492 2236 o
3537 2200 3627 2235 sa-

348 2266 461 2335 κῆς
492 2261 741 2327 ὁλκάδος,
767 2262 833 2333 ἢν
869 2263 995 2333 ἡμῖν
1048 2263 1405 2333 ἐνεχείρισας.
1446 2259 1517 2315 Ὢ
1564 2265 1677 2329 νοῦ,
1708 2268 1803 2318 καὶ
1838 2283 1930 2318 σο-

2038 2258 2262 2328 pientia,
2303 2275 2336 2313 o
2366 2271 2555 2316 sancte
2581 2261 2844 2331 Spiritus,
2881 2274 3076 2319 natura
3111 2280 3242 2333 una,
3279 2282 3507 2337 regnum
3536 2272 3624 2326 in-

358 2355 485 2423 φία,
517 2356 611 2409 καὶ
635 2354 850 2426 Πνεῦμα
879 2356 1162 2423 πανάγιον,
1212 2356 1246 2425 ἡ
1289 2355 1387 2425 μία
1420 2355 1602 2424 φύσις,
1636 2357 1932 2427 ήᾶτμητος

2039 2351 2335 2419 divisibile,
2355 2354 2516 2425 cujus
2547 2357 2786 2423 potentia
2816 2357 3137 2414 indeiicicns
3159 2369 3266 2426 est,
3292 2362 3492 2417 mentis
3515 2365 3624 2419 vim

271 2428 295 2443 ‘
356 2447 631 2518 βασιλεία,
655 2441 722 2518 ἧς
752 2448 809 2500 τὸ
825 2446 1025 2519 κράτος
1064 2445 1303 2509 αἰώνιον,
1330 2446 1474 2499 δίδου
1501 2448 1636 2515 πρὸς
1655 2447 1747 2499 τὸν
1771 2448 1879 2515 ὄγκι

2032 2443 2234 2516 largire
2264 2461 2364 2516 pro
2392 2463 2576 2501 rerum
2599 2449 2763 2513 mole,
2792 2465 3021 2519 eosque,
3059 2468 3297 2523 quorum
3336 2454 3494 2510 nobis
3523 2474 3623 2510 cu-

346 2538 459 2591 τῶν
482 2540 630 2607 ἔγχει
639 2538 934 2609 ρισθέντων
967 2540 1062 2592 καὶ
1093 2537 1202 2591 τῶν
1224 2536 1481 2592 ἐπινοιῶν
1509 2538 1608 2608 τὴν
1629 2538 1933 2609 ἀντίληψιν,

2032 2551 2152 2592 ram
2185 2540 2487 2606 tradidisti,
2512 2542 2803 2597 nobiscum
2838 2560 2990 2614 rege;
3019 2554 3077 2599 ut
3112 2549 3347 2617 p0pulus
3377 2560 3508 2606 tuus
3531 2569 3626 2623 per

340 2630 498 2699 ἄγων
529 2632 628 2685 σὺν
642 2633 773 2702 ἡμῖν
796 2632 891 2685 καὶ
918 2632 1121 2684 διέπων
1145 2624 1221 2684 ὧν
1249 2632 1346 2699 τὴν
1372 2632 1695 2685 ἐπιστασίαν
1714 2633 1938 2703 ἐπέτρε-

2033 2648 2137 2688 nos
2168 2633 2414 2689 directus
2444 2650 2572 2689 cum
2634 2628 2889 2703 adver‘sa,
2922 2655 3042 2708 quae
3098 2641 3185 2695 hic
3213 2645 3496 2709 eveniunt,
3534 2648 3627 2701 de-

338 2725 470 2790 ψας,
509 2725 600 2778 ἵνα
626 2724 815 2790 δεξιῶς
841 2723 932 2791 ὑφ’
956 2722 1113 2793 ἡμῶν
1143 2724 1173 2776 6
1209 2722 1299 2784 σὸς
1322 2721 1634 2790 περιούσιος
1663 2722 1790 2785 λαὸς
1815 2724 1937 2775 ἑπι-

2036 2725 2226 2790 clinet,
2247 2734 2361 2780 tum
2389 2728 2455 2780 ad
2487 2729 2769 2784 caelestem
2794 2729 3109 2786 felicitatem
3140 2741 3440 2803 perveniat,
3461 2755 3624 2808 quam

337 2816 792 2888 τροπευόμενος,
852 2815 948 2869 καὶ
1022 2815 1132 2869 τῶν
1205 2813 1443 2867 ἐνταῦθα
1510 2814 1932 2884 συμπιπτόντων

2040 2818 2250 2872 utinam
2306 2835 2716 2889 consequamur
2748 2838 2938 2877 omnes
2989 2826 3168 2895 gratia
3190 2838 3244 2882 et
3290 2829 3626 2899 benignitate

344 2908 550 2961 σκαιῶν
578 2907 657 2979 μὴ
684 2908 896 2980 πειρῶν
928 2908 1036 2960 τῶν
1064 2908 1431 2978 πραγμάτων,
1463 2909 1555 2959 καὶ
1588 2907 1687 2975 τῆς
1721 2908 1932 2960 ἐκεῖθεν

2037 2917 2156 2975 tua,
2192 2920 2248 2963 ut
2282 2911 2392 2965 illic
2438 2928 2755 2982 supremam
2797 2913 3141 2971 divinitatem
3187 2929 3336 2973 tuam
3369 2921 3626 2975 laudibus

361 3001 616 3072 μετάσχοι
641 3000 753 3055 τῶν
805 3000 996 3067 δεξιῶν
1032 3000 1405 3064 ἀπολαύσεως,
1432 2996 1500 3069 ἧς
1524 2998 1934 3070 ἀπολαύσαιμεν

1143 3000 1405 3064 λαύσεως,
1432 2996 1500 3069 ἧς
1524 2998 1934 3070 ἀπολαύσαιμεν
2040 3004 2360 3072 perenniter
2386 3006 2751 3061 cumulemus.

354 3096 586 3158 ἅπαντες
605 3097 675 3167 τῇ
718 3098 786 3167 σῇ
835 3095 1018 3166 χάριτι
1077 3094 1173 3147 καὶ
1212 3093 1563 3164 χρηστότητι,
1588 3093 1749 3145 κάκεῖ
1772 3095 1872 3162 τὴν
1896 3096 1995 3164 σὴν
2040 3095 2355 3162 δοξάζοντες
2381 3098 2644 3170 θεαρχίαν
2679 3101 2759 3163 εἰς
2787 3101 2915 3166 τοὺς
2946 3102 3173 3167 αἰῶνας.

970 3239 1189 3292 ΛΟΓΟΣ
1230 3239 1328 3291 ΙΔ’.
1959 3221 2003 3282 C

1959 3221 2003 3282 C
2628 3240 2886 3299 ORATIO
2917 3242 3059 3301 XIV.

360 3355 595 3425 Ὀμιλία
638 3353 874 3430 sicam»
903 3351 1342 3430 κοίμησιις-τῆς
1392 3365 1686 3430 «auertat:
1727 3354 1933 3430 930(6-

2042 3349 2283 3430 Ηοπιίιὶςι
2308 3356 2362 3407 in
2383 3366 2743 3430 sacrosancta?
2772 3356 3034 3430 Deiparw,
3063 3375 3367 3430 semperque
3408 3362 3630 3430 virginis

424 3421 531 3479 ὀιου
580 3426 679 3478 καὶ
722 3423 1118 3497 ἀειᾳτᾳρθέτςου
1167 3424 1434 3497 Μᾳρίαςξ
1490 3421 1587 3473 ὅτε
1641 3422 1757 3473 ἀπὸ
1790 3422 1935 3497 ⁸τῶν

2112 3422 2309 3477 Maria:
2341 3426 2781 3480 obdormitionem
2810 3444 2830 3481 :
2860 3421 3115 3497 tluandoe
3137 3421 3361 3483 terrenis
3393 3421 3633 3485 caducis-

426 3497 701 3564 ἐπιγείων
734 3496 830 3547 καὶ
861 3493 1178 3569 ἐπικήρων,
1217 3493 1285 3569 ἐν
1336 3491 1466 3569 ταῖς
1516 3491 1935 3569 ξαεινοτάτιιις

2110 3510 2229 3569 que,
2276 3497 2329 3549 in
2362 3496 2764 3551 illustrissimus
2806 3491 2882 3551 εί
2914 3501 3244 3553 immortales
3276 3503 3523 3557 calorum
3557 3519 3633 3558 sc-

426 3562 538 3619 καῖ
558 3566 885 3640 ἀκηράτοις
915 3564 1135 3631 λήξεσι
1176 3562 1296 3616 τῶν
1335 3562 1610 3628 οὐρανῶν
1652 3566 1931 3632 μετέστη.

1652 3566 1931 3632 μετέστη.
2117 3566 2207 3621 des
2240 3570 2506 3620 translata
2537 3578 2636 3622 est.
2672 3570 2907 3640 Augusti
2936 3574 3140 3626 mensis
3170 3572 3254 3625 15.

421 3638 605 3708 Μηνὸς
636 3636 947 3705 Αὐγούστου
980 3642 1056 3689 ιε’.

1566 3749 1821 3815 (Cancer.
1859 3748 2082 3803 Auctar.
2119 3747 2225 3802 col.
2270 3746 2452 3818 1754.)

421 3846 651 3916 Μητρὸς
686 3843 823 3898 Θεοῦ
872 3844 1067 3917 ἑορτὴν
1108 3844 1383 3917 τιμῶμεν.
1425 3846 1560 3901 Ποία
1588 3845 1812 3914 γλῶσσα
1846 3846 1942 3915 τὴν

2123 3844 2217 3899 Dei
2260 3843 2450 3899 Matris
2498 3845 2696 3899 festum
2746 3848 2893 3901 diem
2941 3846 3304 3901 honoramus.
3364 3851 3432 3900 At
3484 3864 3604 3917 qua:

348 3941 523 4010 τιμὴν
576 3938 853 4006 ἐξισώσει,
909 3938 1045 4008 πρὸς
1088 3939 1187 4010 τὴν
1234 3938 1392 4005 ἀξίαν
1423 3940 1523 3992 οὐκ
1556 3940 1811 3991 ἐνδέουσα
1844 3941 1942 4008 τῆς

2050 3936 2298 4005 qualisve
2352 3938 2559 4006 lingua,
2614 3938 2765 3992 illius
2816 3955 2935 4007 qua:
2987 3939 3299 3993 celebratur
3346 3938 3629 4003 honorem,

350 4031 815 4101 εύφημουμένης;
851 4032 1159 4102 Δεσποτικὴ
1197 4030 1291 4083 καὶ
1321 4030 1416 4083 νῦν
1467 4031 1764 4083 ὲκτελεῖται
1800 4046 1939 4081 παν-

2049 4047 2149 4102 pro
2178 4032 2350 4101 ipsius
2385 4032 2646 4102 dignitate
2680 4048 2743 4085 ac
2780 4032 2989 4086 meritis
3020 4031 3327 4099 exmquabit
3354 4029 3379 4082 ?
3412 4031 3476 4083 Et
3501 4046 3632 4085 vero

345 4126 553 4196 ήγυρις
577 4139 591 4154 ’
622 4124 657 4193 ἡ
689 4124 799 4194 γὰρ
830 4122 1048 4177 πάντων
1076 4122 1414 4186 δεσπόζουσα
1444 4125 1670 4195 χορηγεῖ
1691 4122 1790 4192 τὴν
1810 4122 1943 4174 ὑπό-

2040 4126 2151 4195 jam
2189 4140 2407 4194 quoque
2455 4124 2735 4177 Dominica
2779 4124 2916 4187 dies,
2962 4139 3025 4177 ac
3071 4122 3392 4177 solemnitas
3429 4126 3628 4193 agitur.

347 4217 527 4269 θεσιν.
563 4216 661 4279 Τίς
690 4215 844 4284 λόγος
867 4215 944 4286 τῷ
969 4214 1187 4285 μεγέθει
1218 4219 1421 4285 ταύτης
1449 4215 1940 4286 συνεκταθήσεται;

2045 4216 2176 4283 ρυτο
2222 4216 2425 4269 etenim
2456 4216 2703 4268 ninnium
2738 4214 2972 4268 Domina
3003 4222 3108 4281 est,
3143 4215 3195 4267 in
3236 4214 3497 4284 praesenti
3538 4230 3632 4267 ar-

348 4309 421 4363 Εἰ
450 4310 562 4378 γὰρ
602 4309 700 4360 καὶ
750 4307 841 4360 ἐπ’
875 4308 1071 4374 ἄλλων,
1103 4308 1171 4361 δι’
1206 4308 1410 4379 ἀρετὴν
1441 4308 1765 4378 εὐδοκίμων,
1803 4300 1878 4361 ὧν
1909 4309 1941 4377 ή

2050 4318 2370 4379 gumentum
2409 4308 2745 4377 suppeditat.
2785 4306 3044 4373 Quaenam
3077 4309 3254 4363 oratio
3285 4325 3384 4363 sua
3422 4310 3634 4379 magni-

347 4400 504 4463 ἀξία,
538 4398 791 4451 τοσοῦτον
821 4398 938 4469 ἔχει
970 4401 1034 4453 τὸ
1079 4399 1319 4464 ἔλαττον,
1348 4400 1470 4453 ὅσον
1498 4400 1641 4462 εἰκὸς
1672 4399 1943 4453 Δεσπότου

2052 4400 2241 4454 tudine
2268 4415 2331 4453 ac
2362 4399 2668 4470 granditate
2712 4400 2859 4455 illius
2892 4416 2988 4469 par
3029 4402 3134 4455 erit
3177 4401 3541 4472 magnitudini
3572 4416 3635 4457 ac

350 4490 699 4562 ἢλαττῶσθαι
734 4490 939 4558 δοῦλον,
974 4492 1119 4562 ὅμως
1170 4494 1202 4562 ἡ
1237 4491 1329 4545 τοῦ
1355 4492 1513 4560 λόγου
1546 4492 1793 4562 εὐφημία
1814 4508 1945 4545 κατ-

2051 4493 2349 4565 granditati
2379 4495 2401 4546 ?
2435 4492 2648 4547 Etenim
2680 4494 2727 4549 si
2759 4496 2814 4549 in
2849 4495 2975 4551 aliis
3008 4496 3078 4550 ob
3109 4496 3368 4549 virtutem
3404 4496 3632 4550 illustri-

350 4585 431 4638 ὀπ
466 4603 515 4637 ιν
548 4584 789 4655 ἔρχεται,
821 4584 873 4637 τί
905 4583 1012 4656 χρὴ
1041 4584 1229 4638 τοῦτον
1264 4584 1479 4650 παθεῖν,
1511 4587 1578 4657 τῇ
1603 4585 1711 4638 τῶν
1734 4584 1943 4656 ἀρετῶν

2048 4587 2191 4653 bus,
2253 4587 2610 4658 probatisque
2664 4588 2938 4661 personis,
2992 4604 3229 4659 quorum
3280 4589 3516 4659 dignitas
3577 4596 3632 4643 et

348 4681 623 4751 ἀκρότητι
674 4681 1004 4753 προσιόντας
1062 4680 1210 4750 Πλὴν
1254 4681 1302 4733 εἰ
1348 4685 1443 4734 καὶ
1481 4682 1557 4753 μὴ
1598 4680 1772 4747 ἐλπὶς,
1816 4683 1940 4734 ὅσον

2046 4680 2370 4750 praestantia
2400 4689 2551 4734 tanto
2578 4688 2663 4735 est
2696 4681 2898 4747 minor,
2935 4692 3140 4751 quanto
3171 4697 3365 4737 servus
3399 4681 3630 4736 Domino

349 4771 531 4836 ἀξιον,
576 4771 879 4841 ὑπηχῆσαι,
916 4770 1030 4825 ἀλλ’
1061 4772 1222 4841 ἡμεῖς
1275 4787 1338 4838 γε
1370 4772 1681 4842 παρέχομεν
1716 4772 1941 4834 ἑαυτοὺς

2049 4782 2134 4829 est
2164 4773 2395 4828 inferior
2425 4791 2441 4840 ;
2472 4772 2604 4844 quid
2647 4774 2697 4828 ei
2728 4790 3018 4831 necessum
3051 4782 3137 4829 est
3168 4777 3408 4840 evenire,
3436 4775 3528 4844 qui
3563 4775 3630 4829 ad

349 4865 438 4926 είς
464 4863 655 4933 τιμὴν,
693 4864 793 4934 τῆς
839 4862 907 4915 δι’
934 4864 999 4933 ἢν
1032 4862 1312 4934 ἑορτάζειν
1352 4861 1637 4934 ἠξιῶμεθα
1668 4862 1941 4934 λελυτρω-

2051 4865 2297 4919 omnium
2339 4865 2607 4919 virtutum
2638 4866 2858 4921 culmen
2889 4865 3100 4919 accedit
3129 4865 3152 4917 τ
3198 4863 3468 4920 Caeterum
3506 4866 3634 4930 licet

355 4956 515 5027 μένοι
561 4956 661 5026 τῆς
692 4956 949 5026 ἀνεόρτου
982 4955 1285 5025 κατηφείας
1316 4957 1410 5008 καὶ
1446 4954 1901 5025 σκυθρωπότητος
1923 4970 1937 4984 ·

2052 4956 2335 5026 dignitatis
2385 4967 2548 5013 tantae
2597 4957 2830 5013 dicendo
2877 4957 3248 5027 adaequandte,
3308 4959 3455 5013 nulla
3508 4975 3634 5029 spes

353 5050 588 5121 παρέξει
628 5050 685 5103 δὲ
722 5050 813 5103 τὸν
862 5050 1058 5118 λόγον,
1106 5050 1288 5102 ὁποῖον
1331 5049 1425 5102 καὶ
1463 5048 1649 5119 ἡλίκον
1693 5047 1759 5101 ἂν
1817 5046 1941 5118 βού-

2050 5059 2328 5119 suppetat,
2396 5050 2751 5105 nihilominus
2778 5050 2899 5120 ejus
2929 5066 3031 5106 nos
3066 5051 3260 5106 honori
3292 5052 3634 5107 decantando

352 5143 542 5211 ληται,
572 5146 601 5196 6
634 5143 971 5214 χρηματίσαι
997 5141 1203 5212 ταύτης
1228 5142 1357 5205 Υίδς
1407 5141 1706 5211 εὐδοκήσας
1747 5139 1938 5208 Λόγος.

2050 5140 2454 5209 impendamus,
2504 5140 2665 5212 cujus
2721 5140 2991 5197 beneﬁcio
3043 5142 3193 5198 hunc
3245 5144 3444 5199 festum
3489 5142 3635 5196 diem

366 5236 535 5289 Ἀλλὰ
566 5233 619 5288 τί
641 5235 702 5288 τὸ
726 5234 1085 5306 τελούμενον;
1120 5234 1185 5287 Τί
1218 5234 1275 5288 δὲ
1307 5234 1788 5306 πανηγυρίζομεν;

2058 5232 2301 5300 obimus,
2332 5234 2546 5288 liberati
2588 5246 2621 5287 a
2662 5248 2772 5288 non
2805 5233 2969 5301 festa,
3000 5234 3249 5305 nihilque
3272 5236 3638 5306 jncunditatis

354 5334 618 5398 habente,
645 5332 893 5388 tristitia.
930 5331 1201 5387 Praebebit
1232 5347 1385 5394 vero,
1418 5340 1781 5403 suggeretque
1814 5330 2145 5398 orationem,
2209 5332 2428 5401 qualem
2473 5339 2849 5403 quantamque
2906 5334 3165 5398 voluerit,
3222 5330 3488 5395 Verbum,
3539 5333 3635 5384 cui

355 5428 588 5499 placuit,
629 5443 693 5482 ac
719 5428 902 5484 visum
935 5433 1021 5482 est
1050 5433 1111 5480 ut
1137 5424 1260 5496 ejus
1290 5423 1469 5480 Filius
1500 5433 1667 5481 esset.
1706 5425 1795 5491 At,
1828 5439 1952 5496 quae
1984 5432 2069 5481 est
2096 5424 2223 5480 festi
2260 5424 2428 5494 hujus
2457 5425 2751 5481 celebritas
2778 5427 2800 5480 ?
2832 5425 2975 5492 Quid
3034 5434 3310 5479 conventu
3369 5422 3477 5476 hoc
3536 5439 3638 5494 pu-

355 5524 504 5579 blice
535 5523 923 5579 celebramus?

442 5615 509 5667 'H
538 5614 729 5686 πρώην
757 5611 1074 5684 ὲκδημοῦσα
1099 5610 1206 5665 τῶν
1231 5610 1373 5681 ὅρων
1406 5608 1505 5679 τῆς
1532 5607 1747 5678 φύσεως
1781 5609 1839 5663 ἐν
1866 5607 1945 5680 τῷ

2122 5608 2253 5675 Qnte
2284 5604 2495 5676 pridem
2535 5616 2746 5660 naturae
2780 5602 3049 5659 terminus
3087 5602 3299 5658 meliori
3333 5620 3499 5675 quam
3535 5622 3634 5677 pro

356 5708 683 5780 κρεῖττονῆ
734 5706 878 5761 κατά
938 5704 1189 5775 βούλημα
1236 5701 1387 5756 κύειν
1415 5704 1515 5773 τῆς
1564 5702 1801 5771 φύσεως,
1852 5702 1948 5755 νῦν

2052 5713 2264 5757 natura:
2287 5701 2501 5755 ratione
2522 5710 2796 5782 conceptu
2825 5698 3177 5763 excessisset,
3200 5713 3347 5753 nunc
3370 5702 3636 5769 quemad-

357 5800 548 5866 καθὼς
577 5804 607 5855 ό
654 5801 870 5872 ἐκείνης
916 5797 1165 5870 βούλεται
1205 5797 1389 5868 νόμος,
1421 5796 1523 5865 τῆς
1556 5795 1743 5849 ὲνύλου
1780 5792 1947 5866 ζωῆς,

2054 5796 2280 5849 modum
2322 5803 2532 5850 natura:
2576 5793 2820 5863 ejusdem
2852 5794 2938 5848 lex
2973 5791 3163 5862 exigit,
3196 5806 3226 5844 a
3269 5793 3534 5848 materiali
3571 5806 3636 5844 ac

358 5882 750 5967 ὲκδημεϊπρὸς
777 5894 878 5964 τὴν
905 5891 1091 5949 ᾶῡλον.
1124 5890 1234 5961 Τῆς
1266 5888 1435 5961 μόνης
1463 5888 1908 5960 κεχαριτωμένης
1929 5927 1946 5957 ,

2054 5888 2276 5946 mortali
2316 5887 2373 5946 in
2402 5902 2635 5960 corpore
2662 5888 2769 5945 vita
2812 5887 2881 5943 ad
2924 5884 3344 5943 immaterialem
3386 5901 3449 5942 ac
3489 5888 3635 5938 statu
