4072 6448
450 334 552 401 159

1694 330 1974 392 LEONIS
2003 330 2470 394 PHILOSOPHI

3614 335 3720 397 160

447 442 749 500 immortali
776 440 1169 515 proﬁciscitur.
1192 439 1324 495 llius
1345 437 1411 493 ad
1431 448 1756 510 perpetuum
1774 440 2019 510 gaudiun‘

2139 442 2277 513 πρὸς
2302 442 2401 514 τὴν
2432 443 2667 512 ἄληκτον
2685 445 2879 516 χαράν,
2902 443 3002 517 τὴν
3035 443 3338 513 μετάϐασιν
3364 444 3718 514 ἑορτάζομεν.

446 540 740 594 transitum
770 537 1141 600 celebramus,
1177 550 1299 604 qua:
1334 535 1449 588 sola
1488 531 1660 604 gratia
1690 533 1850 603 plena
1882 532 2031 587 exsi-

443 632 561 687 stit.
603 628 783 685 Carne
818 628 1025 697 itaque,
1062 626 1247 698 quoad
1292 625 1411 680 ﬁeri
1442 633 1645 697 potest,
1678 626 2028 690 excedentes,

444 737 510 777 ac
536 720 730 791 spiritu
764 717 1061 783 immutati,
1084 733 1210 771 cum
1243 715 1414 786 gloria
1444 730 1735 771 excessum
1768 714 2031 786 praedice-

2138 534 2409 606 Ἔκδημοι
2454 536 2653 601 τοίνυν,
2693 536 2769 601 ὡς
2819 533 2930 590 οἶόν
2964 554 3057 601 τε,
3092 536 3191 605 τῆς
3247 537 3471 607 σαρκὸς,
3517 538 3613 590 καὶ
3642 538 3722 607 τῷ

2135 627 2409 698 πνεύματι
2447 626 2868 696 ἀλλοιωθέντες,
2907 629 3222 699 δοξάσωμεν
3280 630 3380 698 τὴν
3427 628 3721 699 ἐκδημίαν,

2134 722 2228 774 καὶ
2260 721 2577 792 πρέπουσαν
2606 725 2722 787 τοῖς
2748 722 3095 794 τελουμένοις
3130 722 3230 793 τὴν
3268 710 3604 775 κατάστασιν
3633 722 3721 773 ἐν·

444 829 586 878 mus,
619 812 894 883 digneque
925 810 995 866 iis
1026 824 1149 881 quae
1177 816 1516 881 peraguntur
1543 809 1879 879 compositos
1909 807 2019 862 ani-

2131 811 2455 883 δειξώμεθα.
2489 812 2679 868 Πάντα
2726 813 2796 867 τά
2830 814 3045 882 πέρατα
3085 813 3183 882 τῆς
3227 811 3333 881 γῆς
3368 812 3428 864 ἐν
3470 813 3719 881 χαρμονῇ

442 921 562 961 mos
606 903 988 960 ostendamus.
1041 901 1301 957 Universi
1346 902 1481 957 lines
1528 911 1688 957 terrae
1731 901 1789 955 in
1828 900 2030 972 gaudio

436 998 713 1069 jubilent,
769 1007 829 1052 ut
888 996 1181 1052 exsultatio
1234 995 1586 1067 jubilationis
1650 994 1723 1052 sit
1778 995 2024 1067 propria.

437 1090 651 1145 Caelum
683 1089 865 1161 gaudii
899 1090 970 1145 sit
1015 1089 1311 1159 particeps,
1347 1087 1705 1160 splendidiori
1734 1086 2027 1143 collustra-

438 1191 549 1237 tam
568 1183 701 1240 ﬂore
726 1200 741 1250 ;
769 1195 1059 1255 portaSquc
1082 1184 1148 1237 ad
1180 1182 1304 1237 coeli
1333 1181 1704 1237 honoratioris
1722 1180 2028 1248 susceptio-

436 1292 561 1332 nem
612 1276 880 1347 pandens.
930 1273 1200 1330 Coclestes
1254 1288 1447 1329 omnes
1490 1273 1713 1329 ordines
1764 1272 2021 1329 laudibus

436 1375 867 1440 prosequantur.
895 1365 1137 1432 Gabriel,
1161 1365 1494 1421 laudationis
1523 1380 1729 1435 auspex
1753 1368 1977 1421 accedat
2007 1384 2023 1432 ;

435 1464 641 1533 quippe
674 1462 767 1531 qui
801 1475 914 1531 pra:
943 1460 1155 1530 angelis
1189 1459 1337 1525 aliis,
1370 1458 1739 1514 immaculatis
1770 1459 2025 1514 illibatis-

435 1572 563 1626 que,
599 1554 897 1609 connubiis
926 1554 1241 1609 subservire
1275 1552 1468 1608 soleat.
1501 1551 1835 1621 Auspicatur
1863 1566 2018 1616 vero,

433 1647 618 1719 gaudii
652 1647 797 1701 ultro
820 1647 983 1701 verba
1015 1646 1341 1709 inclamans,
1370 1644 1514 1716 quod
1544 1644 1771 1700 Matrem
1807 1644 2022 1699 Domini

434 1736 712 1791 introduci
740 1734 968 1790 videant
998 1734 1054 1789 in
1086 1735 1211 1789 Filii
1244 1735 1473 1805 regiam.
1507 1734 1720 1789 Etenim
1756 1732 1849 1789 Dei
1886 1734 2020 1789 illud

432 1841 604 1895 capax
640 1824 1076 1890 tabernaculum,
1105 1824 1174 1879 ab
1224 1824 1295 1880 iis
1326 1824 1695 1878 tabernaculis
1718 1824 2016 1895 emigrans,

430 1932 555 1987 quae
574 1916 951 1971 dissolvuntur
978 1930 1043 1970 ac
1074 1915 1369 1980 intereunt,
1401 1915 1467 1970 ad
1506 1930 1572 1971 ea
1602 1930 1725 1985 quae
1764 1923 2013 1985 manent,

430 2019 595 2079 atque
620 2010 935 2065 consistunt
965 2007 1336 2075 transfertur;
1370 2009 1681 2078 ﬂuxamque
1706 2023 1770 2063 ac
1800 2008 2015 2063 labilem

432 2103 620 2168 vitam,
670 2103 807 2158 nihil
849 2102 996 2157 lluxa
1040 2117 1105 2157 ac
1131 2102 1278 2158 labili
1320 2111 1643 2157 commutat.
1685 2101 1725 2155 E
1752 2103 1915 2157 terris
1948 2101 2016 2156 ad

431 2198 603 2253 caelos
630 2197 1029 2262 transveltitur,
1058 2211 1180 2266 quae
1207 2196 1533 2251 mortalibus
1565 2193 1710 2249 facta
1738 2202 1824 2250 est
1847 2195 2014 2259 scala,

431 2303 538 2358 qua
566 2287 634 2341 ad
660 2287 833 2341 cazlos
864 2287 1186 2342 ascendant.
1222 2285 1267 2341 Ο
1298 2287 1624 2341 miraculum
1659 2287 1671 2339 ί
1709 2301 1834 2341 cum
1867 2287 2017 2341 tristi

431 2390 607 2437 morte
654 2380 1049 2435 commercium
1096 2379 1284 2447 habet,
1330 2378 1426 2450 qui
1474 2378 1745 2434 tremendi
1792 2392 1917 2433 cum
1952 2393 2018 2432 ea

430 2474 751 2529 commercii
787 2474 1171 2529 liberationem
1217 2475 1460 2527 humano
1505 2472 1744 2527 contulit
1779 2472 1965 2544 generi
1998 2490 2011 2525 :

431 2582 495 2622 ac
528 2566 767 2637 sepulcrl
798 2567 954 2621 sinus
984 2565 1236 2620 tabiﬁcos
1266 2564 1433 2630 subit,
1475 2580 1541 2620 ex
1571 2564 1730 2634 cujus
1763 2564 2016 2634 virginali

431 2667 592 2714 utero
625 2659 912 2729 integritas
940 2672 1005 2712 ac
1044 2658 1387 2728 incorruptio
1433 2657 1650 2712 exsistit
1683 2674 1697 2711 :
1736 2656 2018 2712 obscuris-

431 2767 541 2823 que
578 2751 932 2817 cavitatibus,
980 2766 1046 2806 ac
1095 2760 1283 2806 ventre
1323 2759 1485 2806 terra:
1530 2750 1862 2821 hospitatur,
1895 2764 2017 2820 quae

430 2846 578 2910 illos,
616 2845 707 2915 qui
753 2847 810 2899 in
841 2842 1150 2901 tenebrosis
1179 2844 1380 2900 misere
1417 2843 1689 2917 degebant
1720 2843 2015 2913 angustiis,

432 2938 489 2992 in
507 2936 870 2993 lucidissimis
884 2936 1263 2991 mansionibus
1282 2937 1473 3007 requie
1489 2936 1731 2991 donavit.
1747 2934 2019 3002 Quidnam

431 3032 538 3086 hoc
566 3031 644 3085 rei
672 3041 757 3085 cst
788 3032 812 3083 ἲ
843 3030 928 3082 An
959 3029 1073 3084 vult
1104 3029 1223 3085 haec
1253 3045 1437 3085 rerum
1472 3028 1779 3086 meonomia
1800 3043 1866 3083 ac
1903 3027 2019 3082 dis-

2132 904 2476 973 ἀλαλαξάτω,
2525 906 2593 960 ἵν’
2632 907 2830 969 οἰκεῖος
2874 907 2901 959 ό
2945 904 3259 975 ἀλαλαγμὸς
3303 905 3401 975 τῆς
3456 903 3721 973 ἀγαλλιά-

2132 1015 2270 1062 σεως
2387 998 2629 1069 Οὐρανὸς
2659 998 2989 1053 κοινωνείτω
3032 997 3129 1065 τῆς
3171 995 3545 1069 χαρμοσύνης,
3590 1013 3719 1064 φαι-

2127 1090 2366 1162 δροτέρῳ
2404 1090 2556 1147 ἄνθει
2586 1090 3093 1161 περιλαμπόμενος,
3140 1088 3236 1142 καὶ
3265 1088 3402 1160 πρὸς
3432 1088 3703 1159 ὑποδοχὴν

2128 1184 2356 1255 οὐρανοῦ
2390 1184 2486 1238 τοῦ
2539 1185 2890 1256 ὲντιμοτέρου
2936 1185 3370 1278 ὲξανοιγόμενος.
3430 1184 3544 1247 Πᾶς
3576 1183 3604 1234 ὁ
3644 1185 3703 1235 ὲν

2127 1278 2277 1349 αὐτῷ
2301 1277 2738 1349 παρευφημείτω
2776 1278 3094 1348 διάκοσμος.
3132 1276 3387 1349 Ταϐριὴλ
3443 1276 3721 1348 ὲξαρχέτω

2126 1370 2225 1441 τῆς
2259 1369 2558 1440 εὐφημίας,
2608 1369 2705 1425 ἆτε
2736 1371 2823 1441 δὴ,
2862 1371 2969 1442 πρὸ
3010 1372 3118 1425 τῶν
3150 1372 3328 1426 ἄλλων
3368 1372 3605 1443 συνήθης
3643 1371 3720 1424 ῶν

2126 1462 2185 1514 ὲν
2211 1462 2290 1532 τῷ
2320 1462 2834 1533 λελειτουργηκέναι
2860 1465 2972 1526 τοῖς
2998 1464 3288 1533 ἀκράντοις
3320 1464 3681 1534 νυμφεύμασι
3700 1482 3714 1496 ·

2130 1553 2331 1624 μᾶλλον
2376 1553 2433 1607 δὲ
2481 1554 2706 1625 ἐξάρχει
2754 1555 3227 1626 ἐπιφθεγγόμενος
3256 1558 3323 1611 τά
3365 1557 3585 1629 ῥήματα
3615 1557 3717 1627 τῆς

2126 1647 2323 1717 χαρᾶς,
2356 1641 2438 1710 οἷς
2465 1648 2567 1718 ὁρᾷ
2585 1646 2678 1700 τοῦ
2705 1647 2976 1701 Δεσπότου
3003 1648 3233 1717 Μητέρα
3257 1650 3337 1711 είς
3363 1648 3433 1700 τὰ
3465 1649 3557 1701 τοῦ
3582 1649 3715 1702 Υἰοῦ

2127 1739 2648 1810 ὲγκατοικιζομένην
2668 1739 2935 1810 βασίλεια.
2966 1741 3033 1793 Ἠ
3052 1741 3160 1810 γὰρ
3178 1738 3518 1810 θεοχώρητος
3539 1741 3715 1811 σκηνή

2128 1835 2570 1906 τῶνλυομένων
2626 1836 2937 1908 ἀπαίρουσα
2998 1836 3396 1906 σκηνωμάτων,
3459 1834 3596 1904 πρὸς
3644 1835 3717 1887 τὰ

2132 1929 2365 2001 μένοντα
2396 1927 2789 1999 μετοικίζεται,
2819 1928 2916 1981 καὶ
2945 1926 3040 1979 τοῦ
3074 1928 3289 1998 ῥέοντος
3325 1925 3463 1995 βίου,
3495 1924 3714 1995 ἁμείόει

2126 2022 2219 2075 τδν
2242 2022 2525 2093 ἄρευστον.
2550 2020 2722 2092 Γῆθεν
2739 2020 2878 2092 πρὸς
2898 2021 3156 2091 οὐρανοὺς
3174 2019 3403 2090 διαπορο
3412 2020 3710 2090 μευομένη,

2126 2117 2159 2184 ἡ
2191 2114 2536 2185 διαϐατήριον
2563 2116 2674 2178 τοῖς
2712 2116 2769 2167 ὲν
2800 2117 2871 2185 γῇ
2897 2113 3163 2184 γενομένη
3196 2112 3332 2184 πρὸς
3361 2112 3428 2165 τὰ
3460 2112 3709 2183 οὐράνια’

2128 2209 2174 2261 ὣ
2200 2208 2292 2262 τοῦ
2335 2208 2646 2278 θαύματοςῐ
2679 2207 2758 2279 τῷ
2787 2208 3001 2278 ἀμειδεῖ
3035 2208 3249 2278 θανάτῳ
3291 2206 3644 2277 προσομιλεῖ,
3677 2207 3711 2277 ἡ

2126 2303 2226 2374 τῆς
2286 2303 2522 2375 φρικτῆς
2574 2303 2782 2357 ἐκείνου
2837 2302 3051 2373 ὁμιλίας
3106 2302 3205 2373 τὴν
3251 2300 3574 2369 ἀπαλλαγήν
3631 2299 3713 2371 τῷ

2126 2395 2275 2464 γένει
2305 2396 2702 2467 παρασχομένη
2723 2412 2737 2427 ο
2766 2396 2863 2449 καὶ
2902 2395 3125 2464 λαγόνες
3165 2394 3471 2466 κρύπτουσι
3516 2392 3713 2464 φθορο-

2127 2487 2294 2555 ποιοὶ,
2327 2481 2397 2559 ἧς
2436 2487 2670 2557 ἐξεφάνη
2705 2487 2947 2556 λαγόνων
2975 2490 3007 2557 ή
3063 2486 3361 2559 ἀφθαρσία,
3395 2487 3491 2539 καὶ
3530 2486 3707 2554 ἀφεγ-

2127 2582 2250 2651 γέσι
2300 2580 2566 2646 ξενίζεται
2610 2580 2892 2648 κενεῶσιν,
2921 2582 2954 2651 ἡ
2988 2581 3115 2644 τούς
3143 2582 3201 2634 έν
3246 2580 3492 2651 ἀλαμπεῖ
3520 2579 3709 2631 ταλαι-

2129 2673 2518 2744 πωρουμένους
2564 2672 2921 2744 στενοχωρίᾳ,
2972 2672 3352 2741 φαεινοτάταις
3391 2672 3449 2725 ἐν
3492 2670 3712 2740 λήξεσιν

2126 2765 2513 2820 ἀναπαύσασα.
2546 2764 2612 2818 Τί
2650 2763 2842 2829 τοῦτο;
2874 2765 2945 2817 ’Ἡ
2983 2764 3235 2835 βούλεται
3263 2765 3295 2833 ή
3320 2764 3414 2817 τοῦ
3445 2764 3715 2834 πράγμα-

2126 2875 2219 2922 τος
2265 2859 2566 2928 οἰκονομία,
2604 2857 2705 2927 τὴν
2743 2855 2930 2928 κοινὴν
2971 2856 3072 2926 τῆς
3101 2855 3195 2909 τοῦ
3230 2856 3547 2925 πλάσματος
3577 2858 3713 2910 ἁνα-

2129 2950 2379 3014 πλάσεως
2430 2950 2630 3012 αἰτίαν,
2684 2951 2751 3021 τῇ
2786 2950 2939 3021 κοινῇ
2993 2948 3103 3004 τῶν
3149 2948 3454 3020 ἀνθρώπων
3483 2949 3586 3018 τῆς
3620 2951 3713 3003 ὲν-

2129 3042 2320 3097 τεῦθεν
2346 3044 2749 3114 ἀναχωρήσεως
2782 3042 3064 3113 συνηθείᾳ,
3095 3042 3190 3096 καῖ
3219 3041 3392 3110 αὐτὴν
3423 3041 3713 3111 ἀπαίρειν,

436 3123 662 3195 positio,
712 3129 774 3176 ut
791 3121 908 3191 ipsa
930 3135 1169 3191 quoque,
1192 3136 1313 3191 quae
1332 3121 1750 3176 instaurationis
1773 3121 2019 3175 humana:

2130 3136 2217 3190 ἵνα
2249 3136 2323 3207 μὴ
2365 3136 2425 3189 τὸ
2464 3136 2642 3189 πάντα
2686 3138 3053 3205 καινοτομεῖν,
3097 3134 3195 3205 τὴν
3239 3134 3403 3204 φύσιν
3439 3134 3539 3204 τῆς
3575 3151 3711 3204 συγ-

433 3214 748 3273 communis
781 3229 949 3269 causa
982 3224 1155 3279 esset,
1186 3213 1465 3268 communi
1492 3213 1776 3268 hominum
1816 3212 1945 3267 hinc
1991 3228 2024 3268 e

432 3308 573 3363 vivis
596 3305 979 3362 excedentium
1000 3304 1430 3373 consuetudine,
1461 3304 1713 3376 emigret,
1740 3318 1809 3359 ne
1835 3318 2019 3359 rerum

432 3398 681 3453 omnium
706 3396 1010 3459 innovatio,
1038 3406 1292 3451 naturam
1318 3395 1728 3451 necessitudine
1754 3409 1819 3449 ac
1844 3393 2021 3448 allini-

431 3498 547 3545 tate
566 3504 663 3546 sua
680 3489 893 3560 privet?
911 3488 1279 3554 Quamobrem
1302 3487 1451 3555 Filii,
1468 3489 1558 3543 cui
1577 3488 1749 3543 castis
1769 3488 2023 3543 manibus

431 3583 687 3638 vehiculo
711 3584 911 3648 fuerat,
939 3581 1145 3637 divinis
1180 3582 1459 3646 manibus,
1495 3580 1930 3637 sincerissimum
1958 3594 2024 3633 ac

437 3675 799 3745 purissimum
842 3675 1098 3744 spiritum
1149 3674 1395 3739 tradens,
1448 3682 1613 3745 atque
1652 3690 1683 3728 a
1733 3674 2020 3743 temporali

438 3766 731 3822 discedens
755 3766 893 3831 vita,
923 3773 1128 3821 aeterna
1177 3767 1444 3821 caelorum
1474 3781 1640 3837 regna
1681 3766 1912 3831 obtinet,
1968 3776 2023 3821 et

436 3860 505 3912 ad
540 3858 721 3914 omnis
759 3866 1015 3929 expertes
1052 3858 1258 3913 umbrae
1307 3858 1466 3916 sedes
1512 3861 1838 3930 commigrat
1864 3902 1879 3927 ,
1926 3859 2021 3914 Dei

433 3955 528 4007 illa
580 3951 970 4024 splendoribus
1016 3952 1295 4008 celebrata
1344 3952 1566 4022 domus,
1614 3968 1779 4024 quam
1838 3953 2021 4025 passis

433 4046 613 4117 portis
647 4048 850 4102 cmlum
893 4046 1146 4117 suscipit,
1188 4061 1254 4102 ac
1285 4048 1657 4119 susceptione,
1686 4047 2020 4102 decentioris

432 4156 499 4194 ac
550 4140 887 4195 honestioris
940 4147 1119 4195 status
1175 4140 1496 4196 accessione
1552 4140 1830 4195 clarescit.
1881 4138 2019 4193 Cum

434 4232 582 4285 enim
610 4231 747 4300 jam,
780 4238 861 4284 tot
890 4231 1224 4301 spiritalium
1257 4246 1323 4287 ac
1356 4233 1746 4287 immortalium
1779 4232 2017 4303 populis,

433 4334 658 4393 tamque
687 4323 876 4377 multis
906 4338 972 4376 ex
998 4324 1310 4376 mortalium
1338 4338 1539 4393 genere
1578 4324 1633 4378 in
1670 4324 1819 4377 illam
1847 4325 2022 4379 ascri-

431 4415 544 4485 ptis
590 4414 895 4479 clvitatem,
952 4421 1013 4467 ut
1059 4428 1185 4466 cum
1244 4413 1418 4469 Matre
1457 4414 1647 4484 regina
1692 4426 2014 4486 perpetuum

429 4523 604 4562 aevum
665 4506 873 4575 agitent
917 4522 933 4571 ;
990 4505 1111 4576 ejus
1165 4506 1295 4577 Regi
1345 4522 1410 4563 ac
1458 4506 1600 4564 Filio
1650 4511 2019 4565 communiter

428 4601 620 4655 laudes
674 4599 1117 4664 decantantihus,
1169 4600 1407 4655 mirabili
1453 4609 1727 4656 concentu
1775 4602 2019 4657 circum-

427 4700 636 4761 sonet;
682 4706 907 4748 necesse
948 4700 1035 4747 est
1082 4700 1142 4746 ut
1214 4693 1375 4763 longe
1422 4694 1593 4765 priori
1636 4696 1907 4750 amoenior
1952 4711 2018 4753 ac

426 4785 812 4840 delectabilior
842 4784 964 4855 ejus
1004 4785 1331 4842 constitutio
1362 4786 1507 4841 facta
1557 4788 1649 4843 sit.
1682 4788 1822 4844 Hinc
1849 4804 2019 4860 ange-

426 4879 607 4934 lorum
671 4878 832 4944 ordo,
885 4880 1025 4936 duce
1074 4878 1361 4946 Gabriele,
1411 4881 1606 4936 faustis
1662 4883 2019 4954 prosequitur

425 4972 708 5028 ominibus
753 4980 918 5043 atque
952 4974 1231 5029 laudibus.
1266 4973 1398 5029 Inde
1434 4974 1720 5030 beatorum
1783 4979 2020 5047 prophe-

422 5074 604 5119 tarum
647 5079 864 5130 agmen,
910 5064 1069 5134 cujus
1098 5066 1226 5120 olim
1254 5066 1494 5134 laudem,
1537 5070 1593 5124 in
1642 5071 1763 5142 ejus
1799 5072 2017 5130 eminus

421 5158 718 5214 intendens
767 5157 1042 5229 gloriam,
1086 5159 1461 5217 meditabatur
1508 5181 1522 5230 ;
1574 5164 1819 5220 eamdem
1869 5183 2017 5223 nunc

418 5262 741 5309 reverenter
786 5251 1015 5318 adiens,
1066 5253 1202 5310 laeta:
1256 5256 1611 5312 modulantiae
1654 5259 1703 5315 ei
1756 5263 2016 5319 meditata

420 5348 667 5401 carmina
705 5347 915 5417 pangit.
941 5346 1064 5401 Alia
1091 5346 1310 5402 demum
1337 5364 1404 5405 ex
1430 5359 1585 5421 parte
1610 5366 1735 5406 cum
1767 5352 2011 5425 discipu-

422 5436 599 5491 lorum
623 5447 768 5493 coetu
795 5438 998 5493 inﬁniti
1024 5452 1324 5511 martyrum
1348 5445 1648 5511 exercitus,
1683 5450 2009 5515 reverentia,

424 5540 489 5581 ac
526 5529 725 5585 timore
765 5530 1023 5599 jubilant.
1070 5532 1115 5588 Ο
1145 5550 1307 5605 quam
1352 5536 1511 5591 beata
1552 5555 1677 5609 quae
1719 5540 1836 5597 illic
1885 5556 2011 5611 per-

425 5622 710 5689 aguntur!
763 5624 808 5675 υ
858 5634 1101 5693 quantus
1153 5628 1443 5700 qualisque
1489 5631 1686 5698 bonos,
1732 5643 2011 5703 perpetua:

428 5708 626 5778 virgini
671 5710 829 5766 Matri
864 5716 916 5769 in
950 5720 1107 5775 caelis
1138 5718 1387 5777 defertur
1419 5726 1432 5778 !
1476 5724 1566 5779 ubi
1604 5726 1881 5793 nimirmn,
1914 5726 2008 5782 Fi-

429 5798 564 5855 lium
583 5799 836 5858 vidensin
855 5804 1037 5862 divum
1058 5811 1261 5881 medio,
1279 5829 1419 5881 quos
1439 5816 1532 5875 illc
1550 5819 1752 5885 deitate
1768 5820 2017 5888 donavit,

2123 3229 2338 3299 γενείας
2358 3229 2691 3300 χωρίζηται;
2722 3228 2905 3300 Ταύτῃ
2940 3229 3049 3299 ἄρα
3079 3226 3175 3281 τοῦ
3208 3227 3489 3297 παλάμαις
3518 3228 3713 3295 ἁγναῖς

2123 3322 2536 3392 ὲποχησαμένου
2564 3319 2693 3374 Υίοῦ
2713 3363 2727 3386 ,
2762 3321 2918 3390 χερσὶ
2949 3318 3161 3383 θεῖκαῖς
3188 3319 3286 3390 τὴν
3319 3320 3713 3389 πανακήρατον

2124 3412 2436 3483 ἐποχεῖσθαι
2467 3411 2633 3464 δοῦσα
2673 3410 2872 3481 ψυχὴν,
2896 3410 3004 3464 τῶν
3031 3412 3382 3482 προσκαίρων
3415 3412 3710 3464 ἐπανιστα-

2126 3504 2284 3577 μένη,
2336 3504 2436 3568 τὰς
2478 3503 2728 3568 αἰωνίους
2779 3504 3191 3576 καταλαμϐάνει
3241 3504 3555 3576 διατριϐάς,
3607 3504 3709 3557 καὶ

2124 3597 2261 3667 πρὸς
2289 3595 2388 3667 τὴν
2408 3595 2599 3649 ἄσκιον
2626 3600 3002 3666 μεταποιεῖται
3029 3595 3203 3664 λῆξιν,
3235 3598 3268 3666 ἡ
3296 3597 3388 3649 τοῦ
3415 3596 3548 3649 Θεοῦ
3577 3597 3707 3661 ταῖς

2123 3690 2470 3761 λαμπρότησι
2490 3689 2877 3761 δεδοξασμένος
2897 3686 3067 3755 οἶκος,
3092 3691 3159 3763 ἢν
3176 3690 3496 3762 ὑποδέχεται
3532 3690 3712 3755 πύλας

2123 3782 2351 3855 οὐρανὸς
2381 3783 2760 3847 ἀναπετάσας⁹
2787 3782 3105 3855 προσθήκην
3129 3784 3418 3853 δεχόμενος
3438 3783 3711 3855 εὐπρεπε-

2126 3876 2323 3949 στέρας
2354 3878 2744 3941 καταστάσεως
2777 3880 2845 3951 τῇ
2879 3877 3083 3948 ταύτης
3115 3878 3374 3949 ὑποδοχῇ.
3404 3879 3567 3950 Ἀρτι
3601 3878 3707 3931 τῶν

2122 3968 2240 4022 ἐκεῖ
2267 3970 2655 4041 ἑορταζόντων,
2685 3970 2799 4024 ὅσοι
2828 3987 2888 4025 τε
2913 3970 3075 4041 δῆμοι
3114 3970 3265 4024 able:
3298 3972 3392 4025 καὶ
3424 3971 3709 4041 ἀθάνατοι⁹

2123 4063 2218 4117 καὶ⁴
2244 4064 2358 4117 ὅσοι
2392 4064 2487 4118 τοῦ
2516 4062 2712 4135 θνητοῦ
2765 4065 2956 4134 γένους
2991 4068 3218 4130 ἐκείνοις
3251 4068 3711 4137 συνεπολιτογρα-

2123 4156 2377 4226 φήθησαν
2412 4158 2505 4210 ἐπὶ
2533 4160 2598 4228 τῇ
2634 4159 2999 4230 συνδιαιτήσει
3034 4159 3133 4229 τῆς
3167 4160 3437 4230 βασιλίδος
3475 4163 3708 4232 μητρὸς,

2121 4248 2200 4318 τῷ
2230 4249 2441 4319 βασιλεί
2487 4251 2583 4304 καὶ
2613 4250 2725 4321 Υίῷ
2759 4252 2955 4316 κοινῶς
2995 4254 3229 4324 ᾀδόντων
3257 4254 3355 4326 τὴν
3401 4256 3705 4325 εὐφημίαν,

2121 4344 2188 4412 τῇ
2220 4341 2506 4414 θαυμαστῇ
2535 4344 2969 4415 περιηχούμενος
2998 4347 3310 4420 συμφωνίᾳ,
3336 4349 3709 4419 τερπνοτέραν

2050 4429 2156 4525 Βῆ
2214 4430 2475 4503 πρόσθεν,
2530 4438 2623 4486 καὶ
2659 4428 2811 4496 οὗτος
2852 4434 2995 4490 ἔοικε
3040 4437 3292 4507 δέχεσθαι
3342 4440 3705 4497 κατάστασιν.

2136 4523 2376 4577 Ἐκεῖθεν
2424 4524 2459 4596 ἡ
2510 4525 2620 4578 τῶν
2683 4526 2930 4595 ἀγγέλων
2988 4528 3143 4594 τάξις
3200 4532 3546 4603 ὐπευφημεῖ,
3597 4534 3707 4587 ὐπὸ

2121 4616 2394 4691 ταξιάρχῃ
2418 4617 2720 4690 ταττομένη
2763 4618 2842 4691 τῷ
2884 4621 2924 4672 Γ
2926 4620 3143 4693 α6ριήλ.
3190 4623 3472 4677 Ἐντεῦθεν
3524 4628 3552 4679 ὁ
3593 4625 3707 4679 τῶν

2126 4709 2415 4781 μακαρίων
2461 4710 2759 4780 προφητῶν
2808 4712 3084 4781 σύλλογος.
3139 4710 3248 4779 Ἧς
3295 4718 3580 4789 πόρρωθεν
3635 4721 3704 4789 τῇ

2120 4800 2249 4875 δόξῃ
2301 4802 2650 4867 ἐνατενίζων,
2696 4805 3041 4874 προεμελέτα
3093 4809 3184 4860 τὸν
3231 4808 3473 4877 ἔπαινον,
3530 4811 3704 4887 ταύτῃ

2123 4893 2368 4964 προσιὼν
2409 4894 2675 4961 εὐλαϐῶς,
2720 4895 2790 4949 τὰ
2831 4898 3041 4968 τερπνά
3075 4900 3277 4972 ὑπηχεῖ
3325 4902 3701 4975 μελετήματα.

2130 4985 2429 5056 Ἐτέρωθεν
2467 4988 2606 5058 μετὰ
2634 4987 2729 5041 τοῦ
2768 4989 2954 5044 θιάσου
2980 4992 3088 5046 τῶν
3121 4993 3401 5064 μαθητῶν,
3432 4997 3501 5051 τὰ
3532 4999 3707 5067 μυρία

2118 5078 2228 5133 τῶν
2286 5079 2580 5152 μαρτύρων
2653 5083 3040 5155 στρατεύματα
3092 5086 3231 5140 αίδοῖ
3285 5087 3544 5154 ἀλαλάζει
3609 5091 3707 5143 καὶ

2120 5172 2292 5244 φόϐῳ.
2337 5173 2402 5226 Ὢ
2444 5173 2554 5227 τῶν
2580 5175 2698 5229 ἐκεῖ
2732 5175 3103 5247 τελουμένωνί
3139 5180 3203 5232 Ὢ
3231 5164 3331 5252 τῆς
3366 5184 3423 5236 ὲν
3452 5182 3705 5253 οὐρανοῖς

2094 5272 2181 5342 *τῇ
2235 5268 2580 5341 ἀειπαρθένῳ
2632 5272 2818 5342 Μητρὶ
2863 5274 3235 5347 κροτουμένης
3277 5277 3476 5348 τιμῆςί
3510 5277 3706 5346 Ἔνθα,

2117 5362 2210 5415 τὸν
2235 5361 2366 5416 Υίὺν
2404 5362 2592 5435 ὁρῶσα
2638 5364 2697 5416 ὲν
2735 5365 2887 5435 μέσῳ
2910 5365 3049 5420 θεῶν
3082 5366 3176 5432 οὒς
3216 5368 3443 5436 ὲθέωσε,
3489 5369 3707 5435 δεδοξα-

2122 5454 2342 5524 σμένον,
2392 5455 2489 5509 atat
2531 5455 2593 5509 τὸ
2624 5456 2912 5525 μεγαλεῖον
2936 5459 3136 5530 ἑαυτῆς
3170 5461 3295 5515 ὅσον
3345 5438 3731 5534 καταμανθάέ

2115 5559 2309 5608 νουσα,
2359 5536 2441 5606 οἷς
2465 5544 2725 5599 τοσούτου
2773 5546 2904 5601 Υίοῦ
2942 5550 3282 5621 ἐχρημάτισε
3334 5553 3542 5624 μήτηρ,
3595 5553 3707 5608 τῶν

2115 5635 2516 5721 παναχράντων
2547 5636 2754 5693 ὠδίνων
2799 5639 3002 5711 ἑαυτὴν
3047 5644 3451 5715 μακαρίζουσα,
3484 5648 3703 5719 χαίρειο

2118 5727 2213 5781 καὶ
2243 5727 2334 5782 τὸν
2370 5728 2599 5803 ἄπειρον
2628 5731 2689 5786 έν
2713 5733 3076 5809 μεγαλωσύνῃ
3112 5737 3294 5805 τόκον,
3326 5739 3387 5795 ὃν
3431 5742 3703 5814 πρότερον

2128 5822 2408 5895 σαρκικῶς
2452 5830 2847 5900 πτωχεύσαντα
2885 5831 3236 5913 θαυμάζουσα
3262 5837 3617 5909 ἐμεγάλυνεν,
3646 5839 3706 5893 ὲν
