4072 6516
408 338 527 404 161
1226 343 1506 407 ORATIO
1538 346 1694 409 XIV.
1730 370 1801 382 --
1838 345 1922 408 ΙΝ
1961 347 1979 406 l

2082 346 2331 410 WAR]!!!
2366 351 2981 418 ASSUMPTIONEM.
3580 364 3683 429 162

392 454 504 524 τῷ
530 450 753 521 πλούτῳ
776 450 881 523 τῆς
910 451 1117 516 οίκείας
1142 451 1397 524 θεότητος
1428 454 1793 526 διαπρέποντα
1840 472 1979 526 μεγα

2082 456 2285 526 gloria
2334 462 2778 532 magnificatum,
2829 480 3097 537 suamque
3149 470 3564 540 amplitudinem
3614 490 3680 532 ac

388 546 591 601 λὺνει.
642 544 831 600 Ταῦτα
867 546 969 618 μὲν
996 548 1027 600 6
1068 546 1182 600 ἄνω
1210 547 1417 618 κόσμος
1462 547 1578 619 ἔχει
1610 548 1979 619 πραγματευό

2104 550 2447 619 maiestatem
2492 554 2827 627 intelligens,
2872 559 3021 629 quod
3067 562 3203 615 tanti
3235 562 3357 629 Filii
3410 568 3683 624 exstiterit

394 656 583 707 μενα,
2103 651 2298 707 mater,
2353 643 2568 699 beatam
2615 660 2677 702 se
2725 649 2794 704 ab
2834 626 3349 711 immaculatissitno
3394 659 3679 728 gratulans

392 740 604 800 partu,
630 732 953 803 impensiori
989 732 1189 803 gaudio
1221 733 1429 788 fruitur
1470 751 1484 787 :
1522 734 1842 805 prolemque
1876 733 2089 790 inﬁnita
2128 738 2417 807 majestate
2443 743 2676 809 clarum,
2733 759 2897 813 quam
2948 747 3101 815 prius
3148 763 3316 805 carne
3380 766 3674 822 pauperem

384 824 670 879 effectam
707 825 1019 895 suspiciens
1048 826 1481 896 magnificabat;
1525 828 1580 883 in
1620 843 1745 883 suae
1794 830 2010 885 deitatis
2037 833 2317 901 opulentia
2341 838 2806 905 spectatissimam
2859 842 3172 911 magnilicat
3214 858 3280 898 ac
3327 843 3679 916 depraadicat.

391 919 593 986 Atque
619 916 735 972 haec
765 918 991 987 quidem
1021 918 1275 988 superior
1306 918 1397 974 ille
1436 920 1676 975 mundus
1704 921 1893 991 agitat.

474 1010 622 1081 Φέρε
670 1009 736 1079 δὴ
780 1011 944 1079 ἡμεῖς
993 1012 1023 1064 ὁ
1061 1011 1213 1066 κάτω
1277 1011 1502 1082 κόσμος,
1525 1006 1600 1067 ὧν
1641 1014 1902 1085 ἀπάρασα
1927 1014 1988 1067 οὐ

390 1103 698 1172 συναπῆρε
751 1100 852 1170 τὴν
902 1101 1241 1172 εὐεργεσίαν,
1294 1103 1391 1171 ἀφ’
1442 1103 1611 1173 ὕψους
1636 1105 1694 1159 δὲ
1738 1109 1991 1175 περιέπει

392 1193 508 1262 τῆς
553 1192 891 1262 προστασίας
937 1195 1002 1262 τῇ
1049 1193 1305 1262 πτέρυγι,
1353 1194 1423 1248 τὰ
1461 1196 1593 1266 ἡμῖν
1633 1197 1991 1251 ἐπιϐάλλοντα

398 1284 779 1353 συντελῶμεν,
808 1284 903 1337 καὶ
931 1284 1031 1353 τὴν
1067 1286 1359 1353 μετάθεσιν
1384 1289 1483 1358 τῆς
1506 1289 1785 1360 Παρθένου
1815 1290 1989 1360 τιμῶ-

406 1393 545 1447 μεν·
582 1377 677 1429 καὶ
710 1374 848 1446 πρὸς
867 1374 938 1429 τὰ
968 1376 1313 1448 ὐπερκόσμια
1342 1380 1629 1450 χωρούσης
1654 1382 1826 1450 αὐτῆς
1857 1398 1986 1452 προ-

405 1471 806 1540 πομπεύωμεν,
854 1470 931 1532 ὡς
960 1466 1073 1523 οἶόν
1104 1472 1255 1525 ἐστιν
1299 1473 1722 1543 ὐπερκοσμίως·
1760 1477 1855 1529 καὶ
1891 1477 1991 1546 τῆς

410 1564 770 1635 βαρυνούσης,
818 1563 917 1617 καὶ
959 1564 1332 1636 κατασπώσης
1370 1565 1523 1637 ὕλης,
1570 1568 1659 1636 ἐφ’
1688 1569 1814 1622 ὅσον
1846 1571 1992 1640 αίρει

417 1658 477 1709 τὸ
504 1656 740 1726 πνεῦμα,
780 1655 1222 1728 μετατιθέμενοι,
1257 1659 1353 1711 καὶ
1379 1661 1493 1722 τοῖς
1520 1659 1707 1724 ἀΰλοις
1733 1677 1992 1714 συνεπαι-

417 1746 822 1816 ρόμενοι.Τίσιν
846 1742 944 1799 οὖν
971 1750 1280 1818 πομπικαῖς
1305 1748 1605 1820 εὐφημίαις
1626 1752 1988 1823 χρησώμεοα;

412 1839 515 1891 Καὶ
540 1840 659 1902 πῶς
696 1841 840 1893 κατὰ
863 1840 1068 1911 τρόπον
1096 1841 1596 1912 προσενεχθήσεται
1629 1845 1662 1914 ἡ
1713 1847 1881 1915 τιμή;
1919 1848 1990 1899 Ἦ

404 1929 662 1999 καλῶμεν
689 1931 753 1983 ὲκ
798 1930 907 1983 τῶν
937 1930 1178 1999 ὐψίστων
1229 1933 1552 2003 <ορυφαίους
1573 1973 1588 1998 ,
1619 1934 1715 1988 καὶ
1755 1935 1991 2005 μάλιστα

402 2022 493 2075 τὸν
520 2026 622 2094 τῆς
667 2026 988 2095 τιμωμένης
1026 2025 1250 2094 βασιλέα
1301 2030 1659 2098 προπάτορα’
1701 2030 1796 2085 καὶ
1857 2032 1989 2101 παρ’

400 2118 585 2172 αὐτῶν
610 2118 937 2188 πυθόμενοι,
972 2112 1054 2179 οἷς
1086 2112 1230 2171 οὗτοι
1266 2121 1660 2191 καταρτίζουσι
1703 2122 1803 2192 τὴν
1846 2123 1988 2193 ἱερο-

402 2208 624 2277 λογίαν,
652 2210 796 2263 κατὰ
820 2208 1021 2283 τρόπον
1049 2209 1273 2263 ἐκείνων
1302 2211 1590 2282 ἀποδῶμεν
1620 2211 1708 2265 τὸν
1734 2213 1985 2278 ἔπαινον;

409 2299 587 2371 Οἶμαι
612 2303 678 2373 δὴ
704 2303 919 2370 αὐτοὺς,
942 2297 1018 2365 οἷς
1052 2301 1289 2373 πρόσθεν
1319 2302 1617 2374 ἁνύμνουν,
1644 2302 1857 2367 τούτοις
1895 2305 1988 2358 καὶ

414 2391 511 2443 ἐπὶ
557 2390 653 2444 τοῦ
705 2392 962 2463 παρόντος
1014 2392 1323 2463 ὑμνοῦντας
1353 2395 1653 2462 προσάγειν
1680 2393 1780 2463 τὴν
1812 2394 1984 2463 εὐφη-

413 2482 547 2552 μίαν
568 2499 581 2513 ·
608 2484 729 2536 ἐπεὶ
764 2484 885 2555 μηδ’
916 2479 985 2556 ἦν
1016 2487 1081 2537 ὲκ
1104 2485 1213 2537 τῶν
1250 2484 1536 2555 ἡμετέρων
1562 2485 1631 2538 τὰ
1668 2484 1789 2538 τότε
1817 2485 1984 2555 ἠχού-

403 2594 568 2646 μενα,
600 2575 703 2630 κᾶν
732 2577 791 2630 ἐν
835 2581 949 2641 τοῖς
989 2577 1282 2648 ἡμετέροις
1333 2577 1627 2648 ὲκρούετοο
1663 2578 1779 2633 ἀλλ’
1816 2580 1982 2647 οὐρα-

397 2669 555 2724 νόθεν
604 2670 849 2740 ὐπὴχουν
880 2671 929 2722 οἱ
981 2670 1217 2741 ᾅδοντες.
1272 2670 1434 2733 Εἰκὸς
1470 2665 1563 2725 οὖν
1599 2670 1694 2722 κα.)⁹
1741 2670 1982 2738 σήμερον

394 2763 595 2824 αὐτοὺς
629 2762 866 2825 ἐκείναις
893 2764 1010 2826 ταῖς
1033 2761 1435 2832 προλαϐούσαις
1461 2763 1749 2832 φθογγαῖς,
1784 2761 1880 2815 ἆτε
1915 2762 1981 2834 δὴ

393 2854 675 2926 οὐρανίαις
727 2856 825 2927 τὴν
876 2856 1198 2928 Θεομὴτορα
1226 2858 1393 2927 τιμᾷν
1427 2856 1883 2943 παραγενομένην
1923 2858 1980 2911 ὲν

393 2948 663 3016 οὐρανοῖς,
714 2948 780 3009 ἃς
817 2951 911 3002 καὶ
952 2951 1083 3020 ἡμῖν
1122 2949 1529 3020 παραληπτέον.
1588 2949 1805 3013 Ἔξεστι
1840 2949 1973 3020 γὰρ,

400 3041 491 3091 καὶ
530 3042 709 3102 οὐδεὶς
753 3041 999 3104 κίνδυνος
1050 3042 1130 3104 είς
1172 3043 1272 3111 τὴν
1327 3040 1500 3111 αὐτὴν
1540 3040 1730 3111 χρείαν
1776 3042 1978 3104 ταύτας

2165 1016 2277 1087 Age
2316 1026 2370 1072 et
2406 1033 2509 1075 nos
2538 1019 2775 1075 mundus
2803 1019 3052 1084 inferior,
3087 1037 3115 1075 a
3167 1023 3395 1092 quibus,
3429 1034 3675 1096 quamvis

2095 1104 2432 1171 discesserit,
2488 1108 2636 1163 haud
2689 1119 2873 1165 tamen
2924 1112 3337 1169 beneficentiam
3391 1117 3678 1183 abstulit;

2092 1195 2227 1263 quin
2254 1198 2323 1250 ab
2351 1199 2483 1265 alto,
2523 1201 2608 1255 sui
2646 1201 2932 1269 patrocinii
2963 1202 3063 1256 alis
3109 1203 3286 1269 fovet;
3320 1211 3464 1276 quod
3497 1212 3678 1266 nostri

2094 1288 2341 1342 muneris
2366 1298 2473 1353 est,
2507 1298 2855 1358 praestemus,
2880 1306 2946 1346 ac
2981 1291 3225 1362 Virginis
3265 1297 3678 1355 translationem

2096 1373 2304 1432 honore
2334 1392 2733 1448 prosequamur
2764 1398 2777 1433 :
2813 1380 3190 1451 cmiorumque
3235 1385 3491 1442 sublimia
3522 1398 3677 1443 tran-

2096 1469 2470 1532 scendentem,
2506 1486 2607 1540 pro
2641 1472 2788 1527 virili
2832 1484 3021 1529 nostra
3052 1512 3069 1539 ,
3113 1485 3432 1547 quantoque
3478 1496 3676 1540 ornatu

2091 1577 2408 1631 possumus,
2433 1562 2797 1632 deducamus,
2852 1574 3014 1637 atque
3036 1582 3065 1620 a
3087 1570 3240 1638 gravi
3265 1584 3331 1624 ac
3351 1572 3677 1635 detrahente

2090 1655 2342 1721 materia,
2384 1665 2649 1724 quantum
2697 1658 2901 1713 attollit
2951 1660 3204 1729 spiritus,
3235 1665 3513 1728 translati,
3551 1682 3678 1721 cum

2093 1744 2381 1814 spiritibus
2410 1748 2689 1803 cmlitibus
2721 1750 2777 1803 in
2810 1749 2981 1804 altum
3033 1750 3426 1809 subvehamur.
3461 1755 3678 1822 Quibus

2021 1814 2064 1870 Β
2094 1845 2273 1893 autem
2310 1841 2801 1897 acclamationibus
2868 1843 3199 1912 triumphum
3247 1814 3677 1917 prosequwemur.

2091 1944 2269 1999 quave
2314 1932 2530 1986 ratione
2566 1933 2828 1989 honorem
2863 1935 3104 1991 debitum
3133 1936 3466 1995 ollcremus?
3494 1942 3575 1995 An
3606 1960 3676 1998 cx

2090 2023 2359 2079 altissima
2376 2026 2641 2080 cceiorum
2666 2027 2888 2096 regione
2913 2030 3239 2098 coryphaeos
3262 2032 3671 2098 advocabimus,

2090 2127 2154 2168 ac
2186 2114 2425 2170 maxime
2451 2116 2622 2180 illius,
2651 2132 2771 2187 quae
2810 2117 2865 2171 in
2894 2118 3075 2176 laudis
3114 2132 3500 2192 argumentum
3548 2140 3675 2194 pro-

2088 2204 2329 2274 ponitur,
2355 2220 2516 2261 avum
2540 2206 2740 2278 Regem
2767 2209 2792 2261 ?
2813 2216 2978 2279 atque
3004 2211 3092 2265 ubi
3122 2212 3189 2265 ab
3212 2212 3291 2267 eis
3307 2212 3671 2279 audierimus,

2088 2292 2289 2363 quibus
2320 2293 2425 2363 ipsi
2452 2294 2628 2350 modis
2661 2296 2836 2364 elogia
2857 2299 3193 2353 concinnent
3216 2310 3533 2370 aptantque,
3556 2302 3673 2357 illo-

2087 2400 2209 2440 rum
2234 2401 2333 2442 nos
2351 2402 2501 2442 more
2518 2388 2739 2443 laudum
2758 2391 3030 2458 praeconia
3058 2392 3346 2449 reddemus
3370 2394 3393 2448 ?
3418 2394 3675 2451 Arbitror

2086 2476 2337 2547 equidem
2373 2478 2545 2548 ipsos,
2592 2480 2800 2548 quibus
2845 2482 2998 2551 prius
3046 2485 3424 2550 celebrabant,
3473 2487 3670 2543 iisdem

2086 2568 2461 2623 encomiorum
2492 2571 2807 2639 generibus,
2842 2574 3142 2630 etiamnum
3180 2580 3298 2632 uti:
3334 2594 3457 2632 nam
3495 2595 3671 2649 ueqtte

2085 2662 2356 2715 nostratia
2394 2670 2577 2727 erant,
2624 2678 2747 2733 quae
2792 2673 2925 2720 tunc
2971 2670 3395 2736 personabant,
3450 2672 3669 2727 tametsi

2083 2752 2228 2806 inter
2247 2760 2525 2809 nostrates
2542 2754 2944 2824 psallerentur:
2973 2757 3069 2812 sed
3091 2758 3150 2821 ii,
3176 2760 3397 2814 cmiitus
3419 2761 3671 2816 instincti

2082 2858 2147 2898 ac
2195 2846 2417 2913 impulsi
2470 2846 2764 2901 canebant.
2818 2847 2925 2903 Fas
2969 2848 3154 2918 itaque
3202 2862 3310 2915 εει,
3348 2866 3413 2906 ac
3458 2853 3665 2907 rationi

2080 2946 2532 3003 consentaneum,
2578 2946 2640 2993 ut
2683 2938 2848 2995 iidem
2891 2939 3157 2996 hodierna
3211 2942 3353 3008 luce,
3412 2943 3663 3013 pristinis

2080 3028 2188 3084 illis
2211 3029 2432 3083 laudum
2458 3031 2836 3097 concentibus,
2859 3046 2959 3087 ceu
2980 3033 3321 3100 coelestibus,
3346 3034 3441 3090 Dei
3472 3035 3664 3093 Matris

400 3130 871 3200 παραλαμϐάνειν.
943 3130 1102 3184 Ἀλλὰ
1150 3130 1346 3202 μικρὸν
1396 3131 1427 3183 6
1475 3128 1633 3198 λόγος
1663 3131 1976 3202 παρρησια-

2082 3120 2137 3172 in
2167 3119 2337 3173 ctelos
2372 3118 2664 3174 adventum
2697 3121 2973 3177 honorent
3001 3138 3018 3177 :
3050 3138 3190 3193 quos
3212 3134 3267 3181 et
3301 3126 3465 3182 nobis
3495 3142 3667 3183 usur-

395 3218 592 3286 ζὲσθω,
646 3221 744 3274 καὶ
782 3221 858 3292 μὴ
893 3220 1053 3291 μόνον
1089 3221 1283 3286 τοῦτο,
1316 3221 1416 3292 τὴν
1450 3222 1747 3293 εὐφημίαν,
1802 3222 1976 3275 καθά-

390 3324 497 3380 περ
537 3313 694 3366 οὐδὲν
733 3313 862 3367 ἄλλο
893 3312 1137 3383 θαρρεῖν,
1170 3314 1436 3383 ἑπόμενος
1473 3313 1796 3383 πληρούτω.
1841 3313 1978 3368 ἀλλὰ

396 3402 492 3453 καὶ
517 3402 654 3473 αὐτῇ
678 3402 918 3472 προσιὼν
942 3404 1007 3473 τῇ
1033 3402 1425 3473 εὐφημουμένῃ
1455 3403 1878 3474 προσομιλείτω.

2085 3211 2204 3281 pari
2239 3218 2473 3280 oportet.
2509 3210 2660 3267 Licet
2687 3212 2857 3278 enim,
2902 3228 3005 3269 nec
3041 3216 3213 3270 ullum
3241 3222 3328 3271 est
3361 3218 3667 3288 periculum

2086 3313 2149 3361 ut
2204 3304 2480 3373 ejusmodi
2546 3301 2879 3374 usurpemus
2942 3305 3156 3363 laudes.
3220 3307 3426 3366 Verum
3488 3312 3668 3365 oratio

2087 3395 2368 3468 paululum
2424 3395 2496 3449 sit
2543 3394 2817 3461 liberior;
2854 3411 2957 3451 nec
3002 3400 3179 3453 solum
3230 3399 3467 3456 faustam
3516 3402 3665 3454 illam

399 3497 875 3563 acclamationem,
917 3511 981 3552 ac
1024 3498 1070 3552 si
1109 3498 1319 3551 nullum
1371 3498 1518 3553 aliud
1566 3501 1970 3569 praeconiorum
2009 3492 2320 3563 exemplum
2345 3491 2500 3560 sequi
2531 3493 2696 3557 ausit,
2717 3499 2979 3562 usurpet;
3031 3508 3218 3548 verum
3268 3496 3433 3551 etiam
3487 3497 3666 3567 ipsam

396 3589 611 3653 adiens,
638 3604 762 3660 qua:
791 3589 1064 3659 praeconio
1090 3589 1416 3656 celebratur,
1444 3606 1571 3644 cum
1605 3590 1698 3645 illa
1728 3590 1984 3644 cominus
2011 3591 2156 3657 agat.

466 3684 535 3735 Τί
563 3700 646 3735 σοι
674 3684 704 3735 6
729 3681 800 3735 τὰ
824 3682 1083 3752 μεγαλεῖα
1117 3686 1351 3754 ποιήσας
1406 3685 1580 3755 μέγας
1613 3685 1761 3751 Υἱὸς,
1804 3686 1978 3754 ὐπερ-

391 3772 739 3843 εὐλογημένη
782 3775 1021 3842 σήμερον
1048 3775 1228 3840 ποιεῖς
1263 3774 1326 3825 Τί
1350 3774 1594 3843 γίνεται;
1645 3776 1711 3827 Τί
1743 3775 1804 3828 τὸ
1840 3775 1981 3846 ὁρώ-

392 3882 596 3937 μενον;
654 3865 729 3917 Ἢ
778 3863 878 3935 τὴν
937 3864 1168 3918 κιϐωτόν
1213 3882 1272 3918 σε
1323 3865 1415 3919 τοῦ
1473 3867 1807 3938 ἁγιάσματος
1837 3883 1852 3897 ⁸
1886 3866 1980 3919 τὸν

392 3961 648 4030 εὐπρεπῆ
699 3957 1002 4027 νυμφῶνα’
1052 3959 1143 4012 τὸν
1200 3959 1475 4012 θειότατον
1528 3959 1718 4030 θρόνον
1790 3959 1870 4021 είς
1919 3958 1980 4011 τὸ

392 4050 536 4104 θεῖον
558 4049 754 4102 ἑαυτοῦ
782 4048 1082 4117 ἀνάκτορον
1110 4051 1435 4120 μετατίθησι
1456 4067 1469 4081 ο
1490 4051 1589 4121 τὴν
1615 4052 1674 4114 ἐξ
1700 4045 1768 4122 ἧς
1795 4048 1976 4103 λαϐὼν

386 4140 489 4210 τὴν
530 4138 799 4208 σαρκίνην
834 4138 1026 4208 στολὴν
1079 4141 1200 4207 μετ’
1229 4139 1532 4209 ἀνθρώπων
1564 4139 1975 4204 ἐπολιτεύσατο,

385 4234 448 4283 ὲν
485 4230 732 4300 ὑψίστοις
763 4230 918 4299 φέρει
951 4231 1347 4300 συνδιατρίϐειν
1390 4232 1501 4284 τῶν
1539 4232 1812 4302 σαρκίνων
1846 4233 1977 4284 ἁνα-

385 4320 686 4390 λαμϐάνων
708 4335 720 4346 ·
765 4319 859 4371 καί
884 4336 965 4372 σοι
998 4322 1219 4390 πάρεισι
1255 4320 1715 4391 λειτουργοῦντες,
1746 4323 1893 4374 πᾶσα
1943 4322 1976 4389 ἡ

384 4413 587 4481 ἐκείνῳ
619 4411 1011 4482 λειτουργοῦσα
1076 4415 1258 4480 τάξις·
1311 4414 1557 4481 ἀγγέλων
1590 4414 1790 4483 δῆμοι·
1841 4431 1976 4484 προ-

388 4504 580 4573 φητῶν
622 4509 860 4574 χορεῖαιο
911 4505 961 4558 oi.
1006 4504 1197 4575 ὡραῖοι
1226 4505 1321 4558 τοῦ
1370 4507 1464 4559 σοῦ
1516 4506 1720 4576 ὡραίου
1776 4506 1970 4570 Παιδὸς

390 4596 639 4666 μαθηταί
662 4612 678 4626 ⁸
716 4598 786 4650 τὰ
817 4596 926 4650 τῶν
949 4598 1271 4652 καλλινίκων
1295 4598 1591 4669 μαρτύρων
1621 4599 1967 4669 συστήματα’

385 4688 578 4741 ἅπασα
615 4687 885 4759 παρθένος
914 4689 1084 4760 ψυχὴ,
1118 4688 1210 4743 καὶ
1238 4690 1375 4761 πρὸς
1396 4689 1494 4762 τὴν
1525 4690 1802 4761 νυμφικὴν
1827 4691 1966 4743 ἁπό-

384 4774 580 4839 λεκτος
624 4778 873 4834 παστάδα
907 4778 1001 4832 σοῦ
1051 4779 1145 4832 τοῦ
1176 4775 1275 4850 τῆς
1305 4781 1602 4851 παρθενίας
1656 4780 1967 4850 ἀγάλματος

384 4868 645 4938 προΐασιν
675 4871 732 4923 ἐν
754 4871 1085 4942 εὐφροσύνῃ.
1122 4872 1342 4942 Ἐπειδὴ
1375 4874 1485 4945 γὰρ
1514 4873 1684 4944 ἐχρῆν
1701 4871 1967 4943 ἀνασχοῦ-

386 4976 492 5014 σαν
519 4960 722 5031 θνητῆς
750 4963 1025 5034 γεωργίας
1050 4963 1359 5029 ἀκολούθως
1406 4982 1466 5018 σε
1506 4968 1570 5036 τῇ
1604 4965 1808 5038 βλάστῃ
1832 4965 1968 5036 πρὸς

381 5052 457 5104 τὰ
500 5050 618 5104 θεῖα
671 5054 1108 5124 συγκομισθῆναι
1155 5058 1390 5124 ταμεῖα,
1438 5055 1772 5127 λειτουργεῖς
1820 5055 1970 5125 νόμῳ

383 5144 617 5213 θνητῶν,
660 5145 755 5198 καὶ
781 5147 1026 5215 ὁμιλεῖς,
1080 5140 1125 5199 ὦ
1176 5146 1269 5200 τοῦ
1313 5147 1468 5218 ἡλίου
1511 5148 1850 5217 φαεινότερα,
1892 5146 1970 5217 τῷ

386 5232 698 5303 σκυθρωπῷ
757 5237 1039 5305 προσιόντι
1082 5237 1337 5308 θανάτῳ’
1393 5237 1534 5308 πλὴν
1588 5239 1688 5307 τῆς
1726 5239 1967 5309 ἀρρήτου

381 5325 741 5396 φαιδρότητος
788 5328 823 5397 ἡ
856 5327 1167 5399 παρουσία,
1222 5328 1374 5383 οὐδὲν
1420 5332 1696 5399 συγχωρεί
1720 5332 1786 5400 τῇ
1839 5346 1969 5382 σκυ-

379 5418 694 5489 θρωπότητι
727 5420 998 5489 ἐνοχλεῖν⁹
1032 5422 1234 5492 χειρῶν
1276 5423 1374 5492 μὲν
1394 5424 1640 5487 ἐκείνων,
1677 5420 1765 5487 αἶς
1790 5424 1970 5479 πάντα

377 5511 690 5581 συνέχεται,
728 5509 829 5581 τὴν
857 5511 1204 5582 πανάμωμον
1257 5512 1563 5584 δεχομένων
1605 5513 1821 5585 ψυχήν·
1874 5514 1968 5567 τοῦ

376 5603 430 5657 St
465 5600 735 5673 καθαροῦ,
770 5602 870 5656 καὶ
916 5602 1149 5657 ἀσπίλου
1189 5603 1442 5675 σώματος
1470 5607 1530 5659 ὲν
1559 5605 1969 5678 καθαρωτάτοις

448 5778 543 5810 ³δ·¹
574 5775 716 5830 Luc.
748 5792 789 5841 ι,
824 5775 910 5830 49.

718 5866 991 5928 ΡΑτιιοι.
1034 5866 1151 5927 Gn.
1189 5865 1373 5926 CVII.

2148 3679 2290 3747 Quid
2305 3693 2435 3734 vero
2452 3678 2523 3743 is,
2538 3678 2629 3745 qui
2647 3693 2841 3749 magna
2856 3679 2955 3735 tibi
2975 3696 3204 3752 magnus
3217 3680 3387 3738 Filius
3403 3681 3662 3747 fecit'“,

2077 3787 2112 3829 ο
2141 3780 2223 3827 ter
2262 3770 2574 3833 benedicta,
2604 3771 2703 3825 tibi
2746 3770 2910 3827 hodie
2952 3772 3084 3827 facit
3115 3773 3137 3826 ?
3171 3772 3441 3839 Quidnam
3474 3791 3661 3832 rerum

2077 3866 2260 3922 evenit
2288 3865 2313 3919 ?
2342 3864 2481 3931 Quid
2506 3864 2652 3919 istud
2685 3863 2832 3932 quod
2855 3866 3135 3921 cernimus
3160 3867 3184 3920 ?
3215 3866 3360 3922 Sane
3392 3883 3576 3923 arcam
3610 3879 3665 3924 te

2078 3955 2559 4020 sanctificationis,
2593 3956 3039 4011 honestissimum
3077 3957 3399 4021 thalamum,
3430 3959 3664 4015 divinis-

2080 4049 2279 4104 simum
2314 4047 2573 4101 thronum
2610 4046 2666 4099 in
2706 4046 2957 4100 divinum
3002 4062 3163 4101 suum
3215 4048 3481 4104 transfert
3515 4058 3658 4103 tetu-

2077 4139 2273 4209 plum:
2311 4152 2453 4203 eam,
2501 4150 2569 4189 ex
2613 4149 2722 4205 qua
2767 4150 2932 4190 carne
2980 4146 3194 4204 sumpta
3235 4138 3381 4193 inter
3411 4139 3660 4196 homines

2076 4235 2329 4284 versatus
2371 4234 2473 4293 est,
2526 4225 2594 4279 ad
2643 4225 2901 4280 sublimia
2956 4227 3082 4280 caeli
3124 4225 3408 4294 transfert,
3448 4243 3515 4283 ex
3553 4228 3658 4284 hoc

2079 4318 2295 4372 mortali
2363 4324 2507 4372 statu
2563 4314 2856 4380 eductam;
2908 4316 3117 4386 tibique
3164 4317 3345 4374 onmis
3397 4319 3532 4374 ordo
3579 4322 3657 4375 illi

2080 4409 2509 4464 ministrantium
2553 4406 2815 4463 satellitio
2853 4406 3047 4462 adest:
3075 4409 3393 4478 angelorum
3439 4418 3654 4478 turmae,

2080 4502 2469 4573 prophetarum
2493 4499 2668 4565 chori,
2702 4500 3010 4569 speciosum
3040 4499 3438 4570 discipulorum
3462 4518 3656 4572 agmen

2079 4592 2318 4664 speciosi
2354 4590 2481 4647 Filii
2523 4591 2637 4658 tui,
2681 4591 2979 4662 insignium
3032 4593 3303 4647 victorum
3351 4607 3654 4664 martyrqu

2078 4693 2377 4754 exercitus,
2426 4701 2622 4742 omnes
2659 4687 2856 4741 animae
2895 4685 3160 4756 virgines,
3192 4684 3500 4766 Sponsique
3533 4688 3656 4742 tha-

2078 4782 2225 4836 lamo
2241 4779 2519 4835 destinata
2547 4780 2769 4842 cohors,
2801 4779 2923 4844 tibi,
2951 4793 3072 4849 qua!
3092 4778 3422 4849 virginitatis
3449 4780 3651 4849 imago,
3748 4814 3749 4817 η

2076 4873 2372 4940 vivumque
2430 4870 2786 4926 simulacrum
2851 4871 3125 4936 exsistas,
3175 4871 3231 4924 in
3286 4871 3654 4926 exsultatione

2076 4963 2345 5033 obsequio
2369 4964 2545 5032 praeit.
2565 4962 2835 5028 Quoniam
2856 4962 3001 5016 enim
3023 4970 3077 5017 te
3101 4962 3452 5018 mortalitatis
3474 4979 3653 5018 messe

2078 5054 2377 5118 succisam,
2401 5061 2805 5122 consequenter
2830 5067 2939 5106 una
2962 5067 3088 5106 cum
3109 5054 3353 5123 germine
3377 5054 3433 5107 in
3460 5054 3647 5107 divina

2079 5148 2274 5200 horrea
2313 5144 2445 5200 ferri
2474 5143 2782 5214 oportebat,
2813 5143 3129 5197 mortalium
3173 5145 3276 5214 legi
3308 5144 3650 5214 obsequeris,

2077 5250 2142 5289 ac
2197 5250 2320 5290 cum
2376 5234 2522 5289 tristi
2569 5248 2633 5287 ac
2673 5241 2791 5286 atra
2840 5242 3037 5299 morte,
3091 5242 3151 5288 tu
3198 5237 3314 5291 sole
3362 5237 3651 5300 illustrior,

2077 5327 2448 5398 congrederis,
2508 5339 2822 5394 quanquam
2862 5326 3154 5381 ineffabilia
3200 5327 3470 5382 claritatis
3513 5343 3656 5397 pra:-

2077 5421 2279 5483 sentia,
2319 5418 2457 5472 nihil
2484 5424 2677 5472 mortis
2703 5418 2851 5471 illam
2885 5419 3335 5482 severitudinem,
3364 5418 3653 5472 molestam

2076 5526 2199 5567 esse
2228 5509 2361 5565 sinit
2385 5524 2401 5562 :
2432 5522 2561 5563 cum
2590 5508 2698 5563 illae
2736 5509 2956 5579 quidem
2990 5523 3208 5575 manus,
3235 5508 3438 5578 quibus
3466 5509 3652 5562 omnia

2076 5603 2458 5669 continentur,
2472 5600 3012 5657 intemeratissimam
3030 5600 3375 5672 susciperent
3391 5599 3655 5667 animam;

3124 5868 3157 5929 6
