4072 6452
496 268 597 329 163

1712 270 1909 330 LEON
1918 269 1989 330 IS
2025 272 2487 333 PHILOSOPHI

3641 273 3743 333 164

488 375 754 433 mundum
786 384 964 432 autem
1016 392 1079 432 ac
1107 377 1513 433 immacu.atum
1546 394 1768 450 corpus,
1791 382 1847 434 in
1879 381 2053 451 puris-

2166 382 2561 452 μεθισταμένου
2610 381 2849 454 χωρίοις.
2886 382 3009 435 Ὅτι
3043 382 3348 445 ἐδάστασας
3379 381 3514 435 Θεὸν
3556 383 3737 451 σάρκα

490 468 627 523 sima
653 467 771 523 ioca
802 466 1215 523 transferretur.
1240 467 1395 533 Quod
1416 468 1585 524 Deum
1616 483 1783 525 carne
1807 469 2061 525 indutum

489 567 781 629 gestasses,
817 559 911 612 Dei
941 560 1060 629 ipsa
1090 561 1344 615 manibus
1377 562 1631 632 gestaris,
1672 562 1767 616 ubi
1810 564 2063 620 exuisses

489 666 730 706 carnem.
755 650 1055 706 Maternum
1083 653 1406 725 obsequium
1432 662 1551 718 tuo,
1568 656 1687 711 sine
1713 654 1895 722 Patre,
1924 656 2064 711 Filio

487 741 779 807 detuleras,
819 757 945 797 cum
990 743 1078 799 ille
1123 747 1388 801 mundum
1437 746 1864 815 ingrederetur:
1918 763 2066 802 nunc

487 832 749 886 mundum
806 834 925 905 ipsa
970 837 1279 905 egrediens,
1332 839 1452 909 ejus
1495 840 1746 895 vicissim
1796 840 2063 910 obsequio

487 921 707 988 foveris,
734 925 885 979 omni
913 928 1156 982 coalitum
1186 928 1376 994 choro,
1399 942 1464 983 ac
1492 929 1739 999 tripudio
1766 938 2062 1001 praeeunte,

485 1024 744 1082 moreque
763 1013 1185 1083 supplicantium
1211 1016 1477 1071 honorem
1504 1018 1740 1073 habente
1766 1018 2065 1087 :quemad-

483 1098 704 1153 modum
747 1110 806 1154 et
845 1103 1020 1170 prius,
1062 1104 1208 1159 baud
1243 1105 1318 1159 ita
1355 1105 1567 1176 pridem
1596 1121 1660 1161 ex
1697 1107 1869 1161 Annae
1912 1118 2067 1163 utero

492 1192 546 1245 in
577 1191 751 1247 lucem
774 1204 1053 1264 suscepta,
1090 1195 1335 1266 virgineo
1364 1198 1604 1267 agmine,
1634 1198 2065 1268 supplicantium

484 1281 615 1346 ritu,
670 1285 724 1337 in
775 1300 939 1338 unum
981 1294 1171 1341 coacto
1227 1287 1615 1343 honorabaris.
1657 1286 1859 1343 Verum
1912 1298 2065 1354 tunc,

482 1374 631 1430 aliud
658 1377 919 1445 quiddam
950 1388 1090 1444 erat,
1134 1382 1282 1450 quod
1324 1381 1485 1436 ﬁebat
1513 1423 1527 1447 ,
1600 1384 1817 1453 aliaque
1856 1384 2067 1438 ratione

481 1481 714 1537 corpore
770 1481 1094 1539 praesentem
1123 1514 1138 1538 ,
1178 1473 1420 1544 virgines
1473 1476 1800 1545 corporibus
1850 1477 2065 1531 amicta:

483 1557 783 1626 stipabant,
824 1576 889 1616 ac
926 1561 1312 1630 deducebant;
1362 1573 1487 1635 apte
1530 1568 1787 1621 nimirum
1831 1577 1887 1622 et
1927 1581 2060 1623 con-

2162 469 2556 538 ὴμφιεσμένον,
2605 469 2847 542 βαστάξῃ
2880 469 3014 523 Θεοῦ
3056 469 3335 540 παλάμαις
3376 471 3742 540 ἀπαμφιασα-

2166 561 2303 631 μένη
2335 562 2432 632 τὴν
2462 562 2659 634 σάρκα.
2689 564 3097 633 Προσενήνοχας
3117 564 3441 634 δορυφορίαν
3466 567 3741 637 μητρικὴν

2164 654 2301 725 πρὸς
2331 654 2536 724 κόσμον
2574 655 2795 707 εἰσιόντι
2822 654 2901 724 τῷ
2930 654 3166 723 ἀπάτορί
3200 671 3294 707 σου
3346 654 3459 725 Υίῷ
3481 673 3494 686 ’
3529 656 3744 709 ἀντιδο-

2168 748 2379 815 ρυφορῇ
2413 746 2620 816 κόσμου
2650 745 2892 812 ἐξιοῦσα,
2935 747 3117 816 πάσης
3142 747 3242 817 τῆς
3290 749 3419 817 περὶ
3448 748 3605 802 αὑτὸν
3645 766 3741 819 χο-

2168 836 2463 907 ροστασίας
2488 840 2992 910 προπορευομένης,
3015 839 3110 893 καὶ
3126 842 3193 910 τῇ
3216 840 3456 893 λιτανεία
3470 842 3742 910 τιμώσης,

2166 928 2350 1000 ῶσπερ
2381 929 2474 982 καὶ
2510 930 2748 1001 πρόσθεν
2795 930 2971 1001 ἐθίμῳ
3025 931 3409 1003 λιτανευομένη
3458 933 3584 1002 ἄρτι
3627 932 3739 983 τῶν

2166 1021 2269 1090 τῆς
2300 1023 2504 1091 Ἀννης
2557 1022 2800 1091 λαγόνων
2848 1026 2928 1087 είς
2962 1024 3076 1093 βίον
3124 1025 3536 1094 προκύπτουσα.
3580 1022 3746 1077 Ἀλλά

2166 1110 2285 1162 τότε
2327 1109 2424 1179 μὲν
2467 1109 2594 1164 ἀλλο
2625 1110 2685 1164 τὸ
2718 1112 3003 1181 γινόμενον
3025 1154 3040 1179 ,
3090 1114 3185 1166 καὶ
3212 1112 3388 1176 ἄλλως
3431 1111 3743 1166 ἐλιτάνευον

2167 1200 2451 1271 παροῦσαν
2488 1202 2546 1255 ἐν
2579 1200 2817 1272 σώματι,
2872 1202 3009 1272 μετά
3044 1203 3301 1271 σώματος
3329 1202 3570 1272 τιμῶσαι
3603 1220 3747 1273 παρ-

2168 1292 2333 1357 θένοι,
2364 1295 2459 1346 καὶ
2497 1292 2575 1363 τῷ
2601 1292 2783 1363 καιρῷ
2816 1292 3180 1363 συμϐαίνοντα
3210 1292 3702 1364 προπομπεύουσαι
3723 1310 3740 1322 ο

2166 1382 2261 1436 νῦν
2304 1383 2350 1436 δ’
2383 1383 2749 1454 ἐκδημούσης,
2782 1383 3010 1454 ἐκδημοι
3039 1384 3138 1454 τῆς
3164 1385 3423 1456 σαρκίνης
3458 1384 3644 1454 πέδης,
3680 1386 3743 1437 αι

2168 1472 2452 1543 παρθένων
2498 1475 2711 1545 ψυχαὶ,
2787 1474 3140 1547 ἐντιμοτέραν
3188 1473 3401 1528 ποιοῦσι
3451 1473 3551 1544 τὴν
3603 1490 3744 1543 προο

2165 1566 2410 1636 πομπήν.

482 1652 743 1705 sentanee
784 1654 1024 1722 corpori.
1055 1654 1218 1710 Nunc
1252 1671 1405 1721 vero,
1429 1673 1555 1714 cum
1583 1661 1888 1717 excesseris
1946 1674 2201 1730 corpore,
2245 1658 2519 1729 virginum
2574 1659 2773 1714 anima:
2830 1660 3113 1731 corporeis
3154 1660 3389 1715 vinculis
3449 1660 3738 1724 exsoluta,

481 1738 641 1809 longe
666 1740 1123 1803 honoriﬁcentius
1152 1747 1447 1805 deducunt.

552 1829 753 1886 Verum
776 1834 906 1903 quid
930 1836 1039 1902 ais,
1064 1852 1099 1892 ο
1124 1841 1495 1896 sacratissime
1520 1842 1866 1899 deduCtionis
1888 1844 2055 1914 hujus
2084 1847 2130 1907 Β

481 1922 789 1993 οοηρίηεο,
830 1926 925 1995 qui
965 1935 1019 1981 et
1061 1935 1192 1982 tunc
1230 1930 1379 1986 velut
1424 1943 1710 2004 cognatus,
1743 1950 2056 2007 quanquam

477 2015 638 2086 longe
667 2018 971 2075 morabaris
1002 2035 1033 2073 a
1071 2024 1258 2077 saeculi
1288 2025 1392 2090 via,
1430 2025 1485 2080 in
1515 2027 1641 2081 illia:
1676 2034 1860 2083 tamen
1886 2031 2056 2083 bono.

476 2120 591 2159 rem
617 2106 824 2175 pariter
852 2111 1167 2174 occurristi,
1201 2126 1265 2167 ac
1297 2114 1595 2182 spirituum
1626 2131 1800 2181 more,
1828 2131 1954 2172 cum
1986 2117 2055 2171 iis

475 2196 570 2264 qui
594 2198 822 2253 materia
856 2210 1134 2267 constant,
1168 2202 1313 2257 diem
1348 2203 1546 2261 festum
1572 2206 1731 2262 laetus
1763 2207 2007 2276 agitabas
2037 2226 2051 2261 :

475 2302 623 2342 nunc
658 2298 839 2344 autem
882 2294 1140 2357 maxime,
1190 2294 1267 2347 illi
1319 2299 1817 2363 congruentissime
1863 2300 2053 2364 statui,

474 2380 531 2433 in
557 2394 669 2448 quo
699 2382 962 2445 versaris,
1010 2398 1073 2437 ea
1101 2398 1337 2439 cernens
1368 2403 1489 2455 qua:
1537 2398 1887 2457 peraguntur,
1932 2390 2056 2444 ﬁliae

476 2470 740 2524 honorem
771 2472 1039 2535 celebras,
1086 2489 1149 2528 ac
1178 2476 1495 2544 gratularis,
1544 2478 1887 2549 gloriamque
1937 2495 2055 2553 om-

476 2562 627 2615 nium
655 2562 831 2617 oculis
853 2565 1161 2632 expositam
1194 2569 1483 2637 perspicue
1515 2569 1771 2625 laudibus
1813 2571 2051 2626 extollis.

475 2652 635 2707 llaud
688 2668 821 2708 vero
867 2654 981 2724 jam
1035 2656 1178 2710 intra
1222 2660 1407 2715 carnis
1456 2662 1634 2716 velum
1680 2663 2053 2734 contemplans

473 2743 834 2812 depraadicas,
867 2745 1014 2814 quod
1048 2756 1179 2801 tunc
1204 2749 1260 2801 in
1294 2748 1481 2805 Iaudes
1502 2750 1707 2807 eﬂusus
1732 2754 2052 2821 praastabas,

472 2834 806 2906 pmpiusque
852 2845 1164 2894 contextam
1219 2840 1275 2895 in
1315 2840 1549 2899 ﬁmbriis
1578 2844 1763 2900 aureis
1793 2846 1813 2876 ¹
1858 2847 2051 2902 stolam

470 2926 828 2982 considerans
854 2942 868 2992 ;
894 2943 1107 2982 summa
1130 2939 1311 2985 tamen
1338 2932 1619 3002 voluptate
1644 2933 1716 2988 ob
1743 2934 1866 2990 ﬁlia:
1885 2940 2049 2992 deco-

402 3013 409 3020 ’
473 3031 587 3071 rem
624 3018 994 3087 perfunderis,
1042 3021 1415 3092 universoque
1459 3024 1837 3080 sacratissimo
1879 3027 2051 3081 choro

473 3108 692 3177 signum
731 3109 1070 3165 laudationis
1097 3112 1423 3169 inchoandas
1450 3115 1593 3171 edis.
1631 3116 1713 3170 An
1740 3117 2051 3189 dignaberis

2241 1836 2403 1890 Ἀλλά
2435 1834 2488 1889 τί
2511 1834 2637 1905 φης,
2663 1826 2709 1888 ὦ
2734 1834 2835 1905 τῆς
2868 1822 3165 1905 ἱερωτάτης
3205 1837 3536 1907 προπομπῆς
3562 1854 3738 1908 κορυ-

2163 1932 2311 1998 φαῖε,
2344 1926 2404 1989 ὃς
2430 1926 2523 1979 καὶ
2550 1924 2673 1979 τότε
2723 1920 2812 1978 οἷα
2836 1924 2901 1996 δὴ
2934 1925 3223 1997 συγγενὴς,
3253 1927 3301 1979 εἱ
3342 1926 3439 1980 καὶ
3477 1926 3599 1980 ὀδοῦ
3635 1929 3739 1998 τῆς

2160 2023 2218 2074 ἐν
2246 2019 2344 2091 βίῳ
2383 2021 2573 2090 πόρρω
2616 2016 2902 2089 διέτριϐες,
2935 2017 3086 2087 ὅμως
3114 2021 3192 2081 είς
3220 2019 3385 2089 τιμὴν
3414 2018 3736 2091 συνέτρεχες

2160 2112 2259 2181 τῆς
2279 2110 2567 2180 θυγατρὸς,
2595 2110 2690 2164 καὶ
2730 2109 2909 2171 ἀῦλως
2960 2110 3456 2180 συνεπανηγύριζες
3501 2114 3614 2175 τοῖς
3650 2114 3737 2166 ἐν-

2166 2204 2332 2267 ὑλοις.
2357 2204 2467 2256 Καὶ
2488 2203 2582 2256 νῦν
2612 2202 2845 2271 μάλιστα
2866 2202 3081 2265 οίκείως
3106 2202 3207 2272 τῆς
3234 2202 3464 2273 ἐχούσης
3488 2220 3544 2256 σε
3563 2222 3733 2257 κατα-

2162 2296 2397 2359 στάσεως
2436 2294 2577 2365 ὁρῶν
2600 2296 2669 2348 τά
2701 2294 2995 2367 γινόμενα,
3037 2297 3355 2367 συγκροτεῖς
3394 2299 3461 2367 τῇ
3495 2296 3731 2368 θυγατρὶ

2157 2388 2257 2457 τὴν
2304 2386 2492 2457 τιμὴν,
2548 2387 2645 2439 καὶ
2694 2386 2795 2455 τὴν
2865 2385 3024 2453 δόξαν
3087 2387 3371 2458 ὁρωμένην
3438 2389 3733 2459 προφανῶς

2157 2481 2418 2542 ἐπαινεῖς.
2452 2476 2593 2530 Ἀλλ’
2621 2478 2721 2530 οὐκ
2752 2476 2955 2532 ἔσωθεν
2980 2478 3148 2549 αὐτὴν
3167 2478 3263 2551 τοῦ
3293 2482 3729 2551 παραπετάσμα-

2157 2586 2249 2633 τος
2300 2569 2499 2641 σαρκὸς
2538 2565 2706 2624 οὖσαν
2768 2569 2990 2640 θεωρῶν
3051 2549 3332 2642 ἀνυμῖεἰς,
3382 2571 3573 2644 ὥσπερ
3606 2573 3722 2626 τότε

2158 2664 2366 2727 ἐποίεις
2394 2663 2601 2733 ὑμνῶν,
2634 2662 2729 2715 καὶ
2758 2661 2855 2731 τὴν
2884 2663 2942 2715 ἐν
2981 2665 3093 2727 τοῖς
3136 2665 3358 2733 χρυσοῖς
3385 2664 3493 2717 τῶν
3518 2665 3727 2735 ἀρετῶν

2159 2755 2491 2823 κροσσωτοῖς
2526 2752 2906 2822 ἐξυφασμένην
2932 2751 3125 2821 στολὴν
3152 2750 3384 2819 ἐγγύθεν
3422 2753 3727 2819 κατανοῶν,

2156 2844 2467 2915 ὑπερηδύνῃ
2501 2844 2600 2914 μὲν
2628 2848 2697 2917 τῇ
2727 2844 3033 2915 εὐπρεπείᾳ
3055 2844 3153 2913 τῆς
3176 2843 3465 2912 θυγατρὸς,
3489 2862 3728 2915 προανα-

2143 2934 2341 3000 φωνεῖς
2368 2930 2426 2984 δέ
2463 2935 2529 3003 τῇ
2578 2933 2845 3003 ίερωτάτῃ
2899 2935 3092 3006 χορεία
3132 2935 3195 2988 τὸ
3241 2935 3545 3005 ἐνδόσιμον.
3596 2929 3725 3002 Ἆρ’

2145 3023 2313 3087 ἐστιν,
2344 3026 2493 3087 ὅπως
2526 3024 2623 3077 καὶ
2668 3024 2801 3095 ἡμῖν
2834 3024 3089 3090 ἀξιώσεις
3139 3024 3429 3098 παρελθὼν
3471 3027 3725 3093 διατάξαι

2146 3116 2246 3186 τὴν
2275 3116 2572 3186 εὐφημίαν,
2604 3115 2701 3170 καὶ
2736 3117 3074 3190 συνεπιλήψῃ
3101 3118 3201 3188 τῆς
3230 3117 3564 3191 προθυμίας,
3598 3120 3728 3191 βου-

473 3210 611 3255 utet
640 3212 830 3257 nostro
858 3202 1032 3259 choro
1064 3206 1381 3275 adveniens,
1410 3208 1592 3265 laudis
1627 3210 1785 3265 nobis
1812 3227 1876 3266 ac
1905 3229 2045 3282 pra:-

2153 3208 2393 3280 λομένοις
2422 3210 2488 3280 τῇ
2524 3207 2757 3280 θυγατρὶ
2788 3209 2981 3278 ὥσπερ
3014 3226 3066 3264 τι
3098 3210 3270 3277 δῶρον
3310 3211 3525 3278 έόρτιον
3556 3227 3723 3279 προσ-

470 3294 765 3349 dicationis
783 3294 1000 3349 modum
1030 3296 1390 3368 ordinemque
1411 3300 1757 3369 praescribas,
1785 3302 2040 3373 adjuves-

471 3399 580 3454 que
609 3383 945 3439 alacritatem
972 3399 1165 3439 eorum
1196 3387 1291 3456 qui
1322 3386 1448 3443 ﬁliae
1488 3397 1613 3455 tuae,
1651 3392 1807 3460 quasi
1841 3407 2041 3447 munus

472 3477 613 3531 festo
650 3485 992 3547 competens,
1038 3478 1341 3533 orationem
1398 3478 1596 3535 oﬂ'erre
1639 3484 1925 3552 cogitant?
1959 3486 2042 3539 An

474 3567 683 3621 abnues
740 3581 916 3635 neque
959 3566 1272 3635 adduceris,
1314 3579 1371 3623 ut
1425 3569 1521 3639 qui
1567 3570 1682 3638 jam
1713 3571 2046 3628 immortales

473 3659 634 3713 sedes
663 3658 878 3724 incolis,
912 3660 978 3713 ad
1018 3675 1122 3715 nos
1150 3662 1475 3727 descendas,
1501 3646 1725 3732 'quibus
1751 3665 1868 3719 ista:
1898 3681 2045 3720 mor-

474 3748 702 3803 talitatis
743 3751 900 3803 sedes
953 3748 1291 3819 obtigerunt,
1324 3760 1379 3805 et
1425 3767 1566 3822 quos
1616 3751 1725 3807 fata
1782 3756 1869 3811 his
1911 3756 2045 3812 locis

472 3840 653 3894 debita
701 3840 1006 3895 exercent?
1042 3840 1197 3898 Haud
1236 3843 1515 3899 enimvero
1562 3855 1823 3912 recusat;
1870 3847 2042 3913 adest,

471 3945 537 3985 ac
595 3945 737 4001 opus
788 3930 1142 4002 aggreditur,
1182 3950 1516 4006 operamque
1555 3953 1711 3993 suam
1757 3939 2045 3995 nobiscum

468 4023 649 4093 jungit
674 4060 690 4085 ,
720 4021 860 4077 nihil
888 4022 1119 4079 moleste
1142 4022 1346 4091 ferens,
1373 4035 1431 4080 ut
1453 4027 1573 4096 ejus
1602 4042 1704 4083 nos
1738 4030 1961 4084 vocibus
1983 4044 2049 4084 ac

471 4113 713 4170 oraculis
754 4114 1050 4170 abutamur
1103 4117 1353 4173 oratione
1403 4117 1741 4173 conﬁcienda
1781 4138 1794 4172 :
1851 4120 2049 4187 quibus

2154 3297 2460 3370 ενηνοχέναι
2520 3299 2614 3353 τὸν
2680 3298 2871 3367 λόγον;
2921 3297 2996 3351 Ἦ
3060 3296 3402 3369 παραιτήσῃ.
3460 3296 3556 3349 καὶ
3620 3296 3723 3349 οὐκ

2144 3392 2350 3455 ἐθέλεις
2388 3391 2549 3455 αὐτὸς
2589 3392 2710 3452 ταῖς
2763 3387 3063 3460 ἀκηράτοις
3120 3386 3480 3458 ἐνδιατρίϐων
3534 3386 3724 3455 λήξεσι

2143 3485 2280 3555 πρὸς
2305 3484 2451 3553 ἡμᾶς
2476 3480 2742 3545 κατιέναι,
2764 3478 2856 3543 οὓς
2875 3481 2930 3534 αί
2948 3479 3097 3533 κάτω
3123 3478 3478 3548 περιφέρουσι
3524 3478 3719 3547 κῆρες;

2157 3576 2297 3630 Ἀλλ’
2336 3573 2596 3645 οῦμενουν
2648 3572 3036 3642 παραιτεῖται·
3074 3570 3305 3640 πάρεστι
3330 3568 3421 3634 δὲ,
3450 3567 3541 3621 καὶ
3577 3584 3722 3637 συμ-

2149 3667 2366 3738 μετέχει
2416 3663 2508 3717 τοῦ
2540 3663 2885 3735 πράγματος,
2942 3661 3035 3714 καὶ
3078 3658 3590 3728 συγκατασκευάζει
3657 3660 3723 3712 τὸ

2145 3758 2327 3830 ἔργον,
2377 3756 2528 3809 οὐδέν
2576 3772 2627 3806 τι
2678 3754 2946 3823 νεμεσῶν,
2988 3754 3101 3816 τοῖς
3158 3751 3371 3805 ἐκείνου
3409 3752 3718 3821 φθέγμασιν

2144 3850 2561 3922 ἀποχρωμένοις
2589 3850 2744 3918 ἡμῖν,
2779 3848 2857 3912 είς
2888 3846 2988 3917 τὴν
3025 3845 3119 3899 τοῦ
3154 3845 3313 3914 λόγου
3335 3847 3709 3913 κατασκευήνο

2144 3939 2225 4007 οἷς
2254 3939 2373 3997 οὖσι
2421 3940 2895 4013 προσφορωτάτοις
2923 3938 3167 4010 κεφαλὴν
3200 3937 3479 4000 ἐπιθέντες
3494 3936 3600 4008 τὴν
3626 3934 3717 3989 τοῦ

2145 4034 2311 4089 καλοῦ
2350 4034 2659 4104 νυμφευτοῦ
2700 4033 2886 4103 φωνὴν
2930 4032 3028 4102 τῆς
3052 4032 3249 4102 χαράς,
3284 4032 3435 4101 κοινῇ
3472 4032 3536 4101 τῇ
3571 4045 3719 4099 παρ-

2147 4127 2284 4196 θένῳ
2326 4125 2570 4197 ποιῶμεν
2614 4124 2705 4178 τὸν
2735 4123 2980 4177 ἔπαινον.
3002 4122 3263 4192 Είπωμεν
3304 4121 3486 4173 τοίνυν
3536 4119 3672 4189 αὐτῇ
3699 4134 3717 4151 ο

475 4215 735 4275 tanquam
795 4209 1269 4277 Oppositissimis,
1342 4210 1543 4279 capitis
1603 4211 1725 4267 loco
1789 4211 2050 4267 addemus

2153 4209 2340 4263 ιᾶλλον
2368 4211 2413 4264 δ’
2444 4212 2473 4263 ό
2500 4209 2676 4264 ταῦτα
2706 4208 3139 4280 προανυμνήσας
3172 4205 3400 4274 λεγέτω·
3431 4204 3605 4273 Χαῖρε
3624 4240 3640 4266 ,
3683 4204 3720 4272 ή

472 4298 701 4352 verbum
732 4298 915 4366 gaudii
948 4300 1353 4368 plenissimum,
1376 4300 1527 4371 quod
1551 4302 1935 4371 integerrimus
1960 4302 2053 4357 ille

2153 4304 2366 4367 ιιὸωτὸς
2391 4343 2406 4368 ,
2437 4303 2502 4357 δι’
2529 4298 2598 4377 ἦς
2633 4303 2661 4355 ό
2698 4302 2834 4365 Θεὸς
2868 4302 2927 4355 ἐν
2956 4300 3033 4371 τῷ
3075 4299 3167 4353 διὰ
3196 4298 3288 4352 σοῦ
3326 4298 3628 4366 ἀναστῆσαι
3658 4294 3722 4348 τὸ

476 4387 759 4455 pronubus
797 4390 1084 4458 usurpavit
1115 4428 1130 4454 ,
1177 4389 1368 4459 sicque
1395 4391 1670 4444 communi
1707 4390 1888 4446 studio
1928 4388 2051 4443 Vir-

2153 4394 2358 4465 τλάσμα
2380 4392 2472 4448 τοῦ
2495 4394 2809 4464 πτώματος,
2831 4393 2917 4460 ἐφ’
2938 4383 2983 4460 ᾧ
3005 4390 3243 4461 κειμένῳ
3267 4389 3335 4442 τά
3356 4389 3457 4459 τῆς
3483 4384 3724 4457 στοργῆς

474 4478 587 4548 gini
620 4481 897 4549 praeconia
941 4489 1316 4537 contexemus.
1362 4481 1621 4537 Dicamus
1664 4482 1829 4552 igitur
1857 4483 1928 4547 ei,
1964 4481 2047 4536 vel

2153 4488 2394 4558 ιτρύχετο
2421 4486 2726 4558 σπλάγχνα,
2760 4484 3056 4540 κάντεῦθεν
3083 4480 3445 4554 ἀνεστηκότος
3469 4480 3717 4534 ἀναπαυ-

475 4571 659 4641 potius
704 4572 872 4627 totius
911 4572 1066 4628 chori
1111 4574 1305 4627 ductor
1332 4588 1397 4627 ac
1437 4588 1645 4643 auspex
1686 4574 1835 4627 dicat
1862 4590 1875 4626 :
1904 4572 2042 4637 Ave,

473 4677 625 4728 arca,
674 4679 772 4734 per
817 4679 984 4733 quam
1024 4663 1189 4730 Deus,
1222 4665 1533 4735 reparando
1578 4681 1677 4736 per
1711 4674 1765 4721 te
1814 4680 1844 4719 a
1894 4664 2046 4735 lapsu

474 4770 734 4811 manuum
758 4773 986 4814 suarum
1006 4758 1298 4828 ﬁgmento“
1317 4759 1411 4830 (ob
1430 4760 1586 4829 cujus
1608 4759 1821 4815 ruinam
1840 4758 2043 4812 intimis

472 4847 777 4905 visceribus
810 4850 1159 4922 angebatur),
1189 4866 1254 4906 ac
1284 4867 1410 4906 cum
1427 4867 1491 4907 ea
1516 4851 1730 4907 ratione
1762 4850 2046 4915 erexisset,

474 4938 848 5007 requiescens,
884 4943 940 4995 in
970 4958 1128 4997 suam
1163 4944 1405 4998 surrexit
1421 4944 1685 5011 requiem.
1716 4943 1850 5006 Ave,
1888 4956 2045 4995 mons

471 5031 759 5102 pinguis‘,
794 5033 954 5102 cujus
993 5033 1377 5104 pinguedinem
1406 5036 1595 5089 videns
1630 5042 1843 5088 natura:
1868 5033 2045 5086 cultor

469 5130 523 5175 et
566 5134 738 5188 sator,
796 5138 865 5178 ex
921 5133 975 5181 te
1027 5128 1271 5181 omnium
1314 5127 1584 5183 bonorum
1652 5123 2043 5179 abundantiam

470 5214 630 5269 nobis
654 5214 933 5283 produxit.
969 5216 1106 5280 Ave,
1141 5233 1238 5287 per
1259 5235 1424 5287 quam
1447 5232 1512 5272 ex
1546 5215 1868 5270 mortalibus
1904 5214 2044 5267 lum-

469 5306 554 5359 bis
583 5321 749 5375 supra
782 5315 1049 5361 aeternum
1076 5309 1395 5373 thronum“,
1417 5316 1680 5364 aeternum
1714 5318 2041 5379 regnaturus

470 5393 585 5451 Rex
610 5398 935 5454 collocatur.
959 5400 1092 5464 Ave,
1112 5416 1278 5470 quam
1303 5401 1623 5469 compluens
1654 5400 1777 5455 vita:
1793 5400 1974 5470 pluvia
1998 5402 2039 5466 °,

471 5489 758 5545 universos
800 5492 940 5548 ﬁnes
972 5500 1155 5559 terrae,
1184 5507 1308 5547 cuin
1356 5508 1423 5548 ex
1456 5493 1642 5548 lethali
1675 5493 1927 5549 siccitate
1977 5494 2033 5548 in

2136 4578 2403 4648 σάμενος,
2435 4580 2516 4642 εἰς
2543 4578 2643 4651 τὴν
2680 4578 2880 4631 ἑαυτοῦ
2912 4576 3111 4645 ἀνέστη
3145 4575 3473 4629 ἀνάπαυσιν.
3516 4572 3715 4641 Χαῖρε,

2134 4672 2197 4726 τὸ
2225 4674 2378 4726 ποῖον
2406 4671 2553 4741 δρος,
2586 4663 2648 4725 οῦ
2668 4670 2768 4743 τὴν
2793 4670 3029 4741 πιότητα
3060 4666 3294 4722 κατιδὼν
3323 4667 3352 4719 ὸ
3374 4665 3475 4736 τῆς
3501 4662 3720 4733 φύσεως

2138 4763 2405 4834 γεωργὸς,
2440 4764 2503 4815 ἐκ
2532 4762 2627 4817 σοῦ
2662 4766 2795 4835 ἡμῖν
2834 4764 3151 4834 ὲγεώργησε
3175 4760 3275 4831 τὴν
3309 4756 3575 4827 ἀφθονίαν
3608 4754 3721 4808 τῶν

2140 4858 2382 4926 ἀγαθῶν.
2414 4858 2609 4927 Χαῖρε,
2642 4856 2709 4910 δι’
2736 4852 2803 4927 ἧς
2826 4856 3027 4925 ὀσφύος
3048 4854 3247 4923 θνητῆς
3271 4854 3363 4906 ἐπὶ
3388 4852 3481 4905 τὸν
3503 4849 3723 4903 αίώνιον

2146 4944 2331 5017 θρόνον
2351 4943 2583 5008 αἰωνίως
2611 4941 2872 5007 καθίσων,
2902 4940 3177 5011 ἐνίδρυται
3198 4935 3483 4999 Βασιλεύς.
3513 4935 3710 5004 Χαῖρε,

2144 5029 2264 5108 ὲνῇ
2302 5034 2438 5098 ὕσας
2467 5037 2495 5087 ὁ
2522 5034 2619 5102 τῆς
2668 5031 2813 5101 ζωῆς
2851 5032 3025 5097 ὑετὸς,
3079 5029 3277 5099 αὐχμῷ
3334 5026 3715 5081 κινδυνεύοντα

2145 5128 2373 5184 θανάτου
2418 5125 2488 5182 τά
2520 5126 2731 5196 πέρατα
2755 5121 3070 5177 διεσώσατο.
3107 5124 3304 5190 Χαῖρε,
3337 5122 3365 5173 ό
3392 5119 3713 5186 δεξιώτατος

2143 5220 2309 5291 τόμος
2336 5218 2435 5289 τῆς
2464 5216 2556 5270 τοῦ
2574 5214 2711 5270 Θεοῦ
2736 5215 2910 5283 Λόγου
2940 5214 3157 5285 γραφῆς
3183 5210 3573 5281 (ἐπισυνήφθω
3605 5207 3715 5276 γάρ

2143 5315 2252 5374 τοῖς
2285 5309 2706 5382 προπατορικοῖς
2753 5306 3160 5377 ίερολογήμασι,
3206 5305 3301 5358 καὶ
3333 5303 3389 5367 ἃ,
3440 5302 3518 5371 τῷ
3568 5297 3716 5369 αὐτῷ

2145 5402 2416 5472 πνεύματι
2442 5399 2660 5471 χειλέων
2689 5399 2891 5470 ἐτέρων
2924 5396 3266 5469 ἱερολογήθη,
3285 5398 3351 5466 τῇ
3378 5395 3517 5463 αὐτῇ
3541 5407 3714 5463 προσ-

2142 5492 2518 5563 αναρμόζοντα
2562 5490 2795 5561 χορείᾳ),
2825 5488 2894 5542 δι’
2924 5484 2985 5543 οῦ
3029 5488 3461 5559 τετρυχωμένοις
3478 5486 3610 5556 ἡμῖν
3637 5480 3718 5550 τῷ

540 5662 561 5694 ²
593 5660 738 5720 Psal.
772 5682 916 5736 thv,
966 5670 1052 5725 lii.
1139 5673 1158 5705 ³
1190 5663 1331 5728 Psal.
1359 5687 1545 5739 cxxxr,
1587 5671 1637 5727 8.
1714 5672 1738 5704 "
1770 5670 1914 5728 Psal.
1957 5686 2053 5727 va

2168 5671 2256 5726 i6.
2330 5672 2353 5741 ε
2396 5668 2541 5728 Psal.
2576 5684 2759 5738 cxxxi,
2794 5669 2879 5725 Η.
2952 5667 3290 5727 °Psal.t.xxi
3340 5670 3375 5723 ε
