4072 6458
381 387 487 449 165

1156 380 1435 441 ORATIO
1468 382 1621 442 XIV.
1645 407 1704 416 κ-
1738 380 1817 441 IN
1842 383 1906 440 B.
1942 382 2203 441 MARI/E
2240 382 2848 445 ASSUMPTIONEM.

3524 388 3623 451 166

376 498 541 571 βαρεῖ
564 497 665 561 τῆς
692 493 939 556 δουλείας
966 492 1139 563 ζυγῷ,
1168 494 1531 566 ἀναφαίρετος
1563 496 1778 574 ἐγράφη
1811 496 1946 548 έλευ·

2061 496 2367 566 periculum
2429 500 2746 565 venissent,
2806 500 3111 555 incolumes
3167 501 3425 557 servavit.
3470 502 3621 559 Ave.

374 590 561 659 Oepia.
598 587 796 655 Χαῖρε,
815 583 1060 647 Ῥἀὸδος,
1084 585 1145 649 ἐξ
1170 579 1238 655 ἦς
1268 585 1361 638 τοῦ
1396 585 1608 655 ζωηροῦ
1638 586 1830 649 ἄνθους
1860 588 1957 656 τῆς

369 679 629 749 εὐλογίας
666 676 1047 746 ὲξανθηκότος,
1084 676 1460 746 ⁴ίιιρθοροποιδς
1491 679 1787 750 ἀπεφθάρη
1827 697 1957 732 κατ.

367 774 506 843 ἀρα.
536 772 708 840 Χαῖρε
736 808 752 828 .
797 771 831 839 ἠ
869 767 960 821 τὸν
1009 769 1267 823 ἄπεκτον
1332 768 1579 841 ἄνθρακα
1619 771 1955 842 περισχοῦσα

367 859 559 923 λαϐὶς.
598 858 667 911 δι’
696 849 758 910 οὗ
792 857 894 926 τῆς
938 859 1189 927 ρυπαρᾶς
1215 858 1510 928 ἁμαρτίας,
1551 861 1608 914 ὲν
1636 864 1703 932 τῇ
1734 863 1957 931 χειλέων

367 950 728 1021 προσψαύσει
774 947 1248 1018 ἐκκαθαιρόμεθα.
1281 950 1483 1019 Χαῖρε,
1529 953 1563 1023 ἡ
1606 953 1696 1005 τὸν
1752 952 1954 1016 καινῶς

364 1044 473 1096 καὶ
502 1040 800 1113 ὑπερφυῶς
822 1040 1213 1109 γεωργηθέντα
1229 1041 1392 1112 ἄρτον
1413 1043 1657 1111 φέρουσα
1683 1044 1951 1115 τράπεζα·

362 1129 430 1188 οὗ
480 1134 786 1204 τραφέντες
833 1133 884 1185 oi
938 1134 1006 1203 τῇ
1057 1134 1304 1204 γεωργίᾳ
1353 1134 1452 1203 τῆς
1501 1134 1743 1205 ἀκάνθης
1812 1135 1954 1206 λιμῷ

363 1225 765 1294 ἀπολλύμενοι.
811 1225 906 1278 τοῦ
957 1224 1204 1278 κινδύνου
1252 1226 1688 1297 διασεσώσμεθα.
1754 1229 1948 1300 Χαῖρε,

364 1318 540 1385 πύλη,
572 1319 605 1387 ἡ
644 1317 792 1387 μόνῳ
820 1315 900 1385 τῷ
930 1315 1170 1383 Βασιλεῖ,
1220 1319 1300 1380 εἰς
1328 1318 1427 1386 τὴν
1472 1319 1676 1372 εἴσοδον
1698 1322 1805 1389 ¹τῆς
1829 1320 1950 1374 καθ’

370 1413 518 1480 ἡμᾶς
564 1409 929 1480 ἀφωρισμένη
971 1408 1372 1474 ζωοπλαστίας,
1410 1411 1519 1465 τῶν
1556 1411 1824 1482 κλείθρων
1869 1431 1951 1467 σοι

370 1506 469 1573 τῆς
489 1502 700 1571 σεπτῆς
719 1499 1018 1570 παρθενίας
1032 1500 1305 1571 ἀκινήτων
1332 1504 1741 1572 μεμενηκότων.
1759 1506 1949 1575 Χαῖρε,

375 1590 657 1655 παλάτιον,
693 1591 753 1656 ἐξ
791 1583 852 1644 οὗ
884 1591 942 1643 ὲν
971 1590 1211 1659 ταπεινῷ
1244 1591 1485 1660 σχήματι
1517 1593 1898 1663 προεληλυθὼς
1923 1598 1951 1648 6

382 1682 660 1746 Βασιλεὺς,
686 1683 781 1736 καὶ
817 1682 909 1735 τὸν
934 1683 1281 1754 ἀνῃρημένον
1308 1683 1367 1735 τὸ
1405 1683 1527 1737 καθ’
1561 1685 1717 1754 ἡμῶν
1750 1687 1949 1758 κράτος

378 1774 603 1828 θάνατον
628 1772 857 1837 ἀνελὼν,
892 1773 953 1826 τὸ
974 1774 1076 1842 τῆς
1097 1775 1308 1828 ἐκείνου
1329 1776 1641 1846 τυραννίδας
1668 1777 1946 1848 ὀδυνηρὸν,

2057 587 2504 655 elegantissimus
2532 589 2624 644 Dei
2656 589 2818 645 Verbi
2851 592 3140 661 scriptum
3169 603 3352 646 tomus
3378 594 3397 623 "
3433 593 3623 663 (adda-

2056 696 2180 735 mus
2204 680 2349 735 enim
2394 682 2577 747 avitis,
2615 697 2679 736 ac
2716 680 2994 737 Davidicis
3040 682 3234 751 elogiis
3272 684 3400 750 alia,
3437 685 3627 739 eodem

2056 771 2249 841 spiritu
2280 786 2309 824 a
2344 773 2629 842 prophetis
2660 773 2784 828 aliis
2824 771 2947 827 fusa
2993 787 3056 827 ac
3106 772 3414 839 decantata,
3460 788 3561 829 nec
3596 789 3627 827 a

2053 864 2308 932 praesenti
2354 863 2524 917 choro
2569 864 2766 933 aliena)
2804 878 2903 934 per
2946 878 3127 933 quem,
3158 878 3283 917 cum
3324 864 3477 933 gravi
3510 880 3628 918 ser-

2054 956 2247 1011 vitutis
2287 956 2422 1027 jugo
2448 964 2779 1024 tereremur,
2810 956 3146 1011 inviolabilis
3193 956 3355 1010 nobis
3397 956 3626 1011 libertas

2054 1047 2257 1117 scripta
2279 1058 2383 1101 est.
2408 1047 2541 1112 Ave,
2569 1047 2751 1119 Virga,
2774 1065 2839 1104 ex
2861 1064 2989 1117 qua,
3008 1064 3131 1103 cum
3158 1058 3416 1117 tanquam
3445 1050 3627 1103 vitalis

2054 1138 2173 1199 flos,
2221 1140 2529 1195 benedictio
2565 1140 2951 1203 eﬂloruisset‘,
3011 1156 3135 1194 mox
3168 1140 3499 1207 maledictio,
3537 1142 3625 1195 in-

2052 1233 2250 1287 teritus
2279 1232 2547 1297 eiiectrix,
2589 1234 2796 1289 interiit
2821 1234 3019 1298 '.Ave,
3049 1232 3290 1303 forceps,
3326 1234 3625 1287 carbonem

2052 1323 2205 1377 illum
2237 1325 2638 1392 importabilem
2663 1317 2965 1395 complexa,
2996 1340 3105 1394 quo
3139 1345 3168 1378 a
3202 1326 3408 1395 peccati
3442 1325 3625 1381 sordi-

2052 1416 2176 1477 bus,
2212 1416 2482 1470 labiorum
2524 1426 2783 1471 contactu
2818 1417 3203 1472 emundamur.
3237 1420 3370 1485 Ave,
3412 1433 3625 1482 mensa,

2050 1524 2171 1579 quae
2213 1523 2405 1577 panem
2440 1508 2593 1563 illum
2646 1524 2788 1564 novo
2827 1524 2891 1564 ac
2922 1519 3133 1563 natura:
3179 1508 3425 1563 inaudito
3464 1512 3627 1565 modo

2049 1598 2360 1653 confectum
2408 1607 2639 1669 gestas;
2685 1614 2795 1669 quo
2849 1599 3163 1662 sustentati,
3199 1598 3294 1668 qui
3342 1600 3625 1669 spinarum

2052 1705 2233 1745 messe
2286 1699 2683 1761 proventuque,
2743 1691 2885 1745 fame
2922 1690 3307 1754 enecabamur,
3352 1704 3417 1743 ex
3472 1696 3628 1743 tanto

2051 1780 2370 1837 discrimine
2414 1783 2708 1839 evasimus.
2764 1782 2896 1846 Ave,
2949 1788 3127 1850 porta,
3170 1795 3292 1849 quae
3342 1780 3444 1834 soli
3493 1777 3625 1849 Regi

372 1867 467 1918 καὶ
499 1864 784 1929 ἐπίπονον,
833 1865 915 1926 είς
950 1865 1259 1918 ἀνάπαυσιν
1292 1866 1555 1936 ἦμειψενσ
1673 1868 1766 1921 καὶ
1809 1868 1945 1939 αὐτὴ

2054 1871 2370 1942 iugressuro
2413 1874 2477 1927 ad
2512 1874 2669 1929 nobis
2711 1873 2943 1929 similem
2993 1870 3329 1926 induendum
3372 1880 3624 1924 naturam

370 1958 620 2029 σήμερον
648 1955 1080 2029 προσομιλοῦσα,
1118 1958 1251 2028 πρὸς
1281 1960 1379 2029 τὴν
1404 1959 1493 2012 διὰ
1518 1960 1612 2013 σοῦ
1636 1977 1944 2033 κεχορηγη-

373 2047 547 2118 μένην
584 2046 881 2110 διαὸαίνεις
907 2047 1228 2101 ἀθανασίαν.

2053 1964 2327 2019 destinata
2352 1979 2411 2020 es
2429 1966 2494 2031 ¹⁰,
2520 1965 2776 2020 claustris
2804 1964 3131 2019 venerandm
3159 1972 3263 2016 tuae
3294 1962 3625 2031 virginitatis

2052 2055 2315 2112 immotis.
2342 2057 2475 2122 Ave,
2510 2058 2791 2127 palatium,
2822 2072 2886 2109 ex
2917 2071 3026 2124 quo
3060 2055 3247 2108 humili
3281 2054 3468 2107 habitu
3497 2069 3625 2123 pro-

371 2155 601 2210 gressus
632 2137 765 2206 Rex,
790 2146 1026 2192 erectam
1059 2145 1249 2191 contra
1291 2152 1391 2192 nos
1420 2137 1613 2192 mortis
1640 2140 1935 2208 potentiam
1966 2146 2188 2200 sustulit
2245 2165 2260 2201 ;
2307 2147 2768 2217 durissimamque
2816 2146 2988 2215 ipsius
3052 2161 3117 2199 ac
3177 2145 3623 2201 molestissimam

375 2230 752 2304 tyrannidem,
778 2228 834 2283 in
859 2230 1105 2298 requiem
1161 2229 1559 2283 commutavit:
1596 2229 1664 2283 ad
1695 2246 1858 2301 quam
1886 2241 1943 2287 tu
2000 2251 2220 2307 quoque
2266 2239 2530 2295 hodierna
2578 2237 2665 2293 die
2707 2246 2948 2308 recepta,
3014 2237 3081 2290 ad
3153 2238 3623 2292 immortalitatem

384 2339 490 2397 per
517 2334 573 2379 te
600 2321 800 2378 mundo
828 2336 1163 2387 concessam,
1198 2322 1534 2392 proveheris.

460 2414 689 2470 Πολλαὶ
707 2413 1017 2483 θυγατέρες
1049 2413 1348 2481 ἐποίησαν
1372 2413 1629 2484 δύναμιν
1664 2414 1948 2485 (προσκεί-

378 2508 493 2563 σθω
522 2507 617 2560 καὶ
668 2504 824 2559 τοῦτο
868 2508 982 2568 τοῖς
1028 2504 1324 2575 ἐγκωμίοις
1370 2505 1431 2559 τὸ
1486 2507 1688 2577 μέρος,
1719 2506 1948 2577 ἐπείπερ

368 2601 586 2670 οὐδαμῆ
618 2598 843 2670 ἑτέρωθι
872 2598 1159 2668 ωμόαίνει
1186 2597 1295 2652 τῶν
1330 2598 1591 2668 ῥημάτων
1614 2600 1674 2652 τὸ
1691 2599 1945 2670 ἀληθὲς),

367 2692 599 2746 πολλοὶ
631 2689 968 2757 ἐκτήσαντο
1018 2689 1313 2744 πλοῦτον·
1359 2694 1551 2761 κρατεῖ
1589 2690 1632 2743 δ’
1667 2692 1947 2758 ἁπάντων,

363 2792 397 2859 ἡ
450 2786 608 2858 παρά
666 2787 876 2850 πάντας
930 2784 1459 2856 ὕπερδεδοξασμένη.
1515 2788 1724 2840 Οὔκουν
1781 2789 1838 2840 ὲν
1872 2788 1949 2858 τῷ

365 2880 561 2934 κάλλει
588 2879 759 2949 αὐτῆς
788 2878 1097 2947 ψευδομένη
1130 2876 1413 2948 ἀρέσκεια.
1448 2879 1546 2932 Διά
1579 2878 1739 2931 τοῦτο
1777 2896 1949 2932 κατα-

372 2971 504 3035 στὰς
541 2971 624 3033 εἰς
658 2970 957 3040 ἀρέσκειαν
985 2969 1154 3039 αὐτῆς
1200 2970 1229 3021 6
1257 2968 1411 3033 θεὸς,
1442 2969 1506 3022 ὲκ
1536 2970 1722 3023 πασῶν
1749 2971 1950 3037 γενεῶν

374 3062 588 3133 μητέρα
619 3060 943 3129 ἐκλέγεται·
973 3060 1070 3115 καὶ
1095 3059 1203 3113 τῶν
1232 3061 1449 3131 ἐκείνης
1470 3063 1715 3132 αἱμάτων
1747 3081 1946 3135 μορφο-

374 3153 717 3225 ποιούμενος,
763 3156 845 3217 είς
908 3153 971 3207 τὸ
1017 3154 1242 3224 ἀρχαῖον
1288 3154 1388 3224 τὴν
1443 3154 1790 3225 διαρρυεῖσαν
1851 3154 1945 3209 τοῦ

370 3246 696 3317 πλάσματος
731 3243 1073 3308 ἀνακαινίζει
1131 3245 1365 3315 μορφήν.
1397 3244 1487 3315 Τῷ
1530 3244 1643 3297 ὄντι
1694 3245 1831 3315 μόνη
1888 3246 1945 3297 ὲν

371 3336 621 3405 γυναιξὶν
674 3335 1035 3405 εὐλογημένη,
1087 3335 1120 3404 ἡ
1178 3335 1314 3406 μόνη
1356 3338 1424 3405 τῇ
1479 3336 1810 3407 προμήτορι,
1850 3338 1943 3388 καὶ

2117 2416 2307 2471 Multa:
2332 2418 2459 2486 ﬁlia:
2492 2417 2729 2486 fecerunt
2760 2417 3007 2470 virtutem
3036 2415 3289 2481 (addatur
3328 2422 3382 2467 et
3412 2415 3516 2469 hoc
3537 2431 3626 2468 re.

2052 2509 2215 2580 liquis
2242 2508 2532 2575 encomiis,
2569 2507 3013 2577 quandoquidem
3044 2521 3313 2575 nusquam
3343 2507 3471 2560 alibi
3503 2508 3623 2576 ejus

2049 2602 2254 2655 veritas
2289 2601 2531 2667 constat)
2564 2600 2749 2653 multa:
2780 2598 3145 2669 acquisierunt
3167 2598 3381 2651 divitias
3418 2598 3458 2628 “
3499 2616 3514 2653 :
3568 2607 3623 2653 at

2055 2692 2234 2761 major
2289 2691 2549 2745 omnibus
2581 2697 2688 2754 est,
2734 2705 2856 2760 qua:
2889 2689 3031 2760 apud
3062 2704 3254 2743 omnes
3288 2688 3621 2743 celebratur.

2052 2783 2492 2854 Haudquaquam
2552 2781 2717 2837 fallax
2776 2781 2898 2853 ejus
2943 2781 3369 2853 pulchritudinis
3402 2780 3621 2851 gratia:

2051 2874 2406 2944 quamobrem
2459 2870 2627 2938 Deus,
2677 2871 2798 2941 ejus
2850 2872 3034 2941 specie
3098 2886 3162 2925 ac
3214 2869 3623 2939 pulchritudine

2052 2973 2267 3036 captus,
2300 2980 2366 3019 ex
2394 2965 2651 3021 omnibus
2682 2980 2847 3019 unam
2882 2964 3022 3016 hanc
3045 2963 3150 3017 sibi
3192 2972 3417 3017 matrem
3469 2961 3623 3018 dele-

2052 3058 2167 3126 git;
2211 3071 2387 3126 exque
2421 3057 2543 3125 ejus
2587 3054 2952 3126 sanguinibus
2996 3054 3291 3107 humanam
3335 3068 3621 3108 assumens

2048 3150 2302 3215 formam,
2347 3148 2589 3219 ﬁgmenti
2635 3147 2867 3201 formam
2896 3162 3017 3215 qua:
3064 3143 3376 3211 diduxerat,
3414 3145 3467 3198 in
3508 3144 3622 3214 pri-

2048 3244 2254 3300 stinum
2300 3250 2503 3298 statum
2550 3241 2839 3297 instaurat.
2878 3239 3017 3295 Vere
3054 3240 3171 3295 sola
3215 3239 3270 3293 in
3296 3238 3620 3292 mulieribus

2049 3333 2359 3399 benedicta,
2395 3347 2515 3402 qua:
2538 3333 2656 3387 sola
2684 3332 2875 3402 primae
2908 3331 3144 3402 parenti,
3173 3329 3402 3399 ejusque
3431 3336 3619 3398 poste-

372 3396 488 3491 τοῖς
608 3427 781 3496 αὐτῆς
811 3396 1130 3497 βὸζλθήεὲασᾷ
1152 3396 1260 3496 ’-τῇ
1294 3396 1424 3495 μὲν,
1446 3396 1535 3489 οἷς¹
1554 3396 1750 3495 δὶπῦῇᾷ
1775 3396 1941 3479 οὖσαν

2049 3428 2124 3481 ris
2149 3441 2305 3497 opem
2331 3396 2459 3479 tulit
2501 3443 2514 3478 :
2544 3425 2623 3478 illi
2650 3396 3043 3497 quidem-qua
3072 3396 3347 3491 duplicem
3390 3396 3620 3474 calami-

372 3521 473 3592 τὴν
500 3520 823 3590 κατήφειαν,
849 3519 1038 3587 ἑαυτῇ,
1066 3517 1161 3570 καὶ
1188 3519 1300 3579 τοῖς
1326 3516 1537 3578 τέκνοις
1560 3517 1938 3590 λυμηναμένη,

366 3609 685 3666 διελύσατοο
713 3611 827 3670 τοῖς
856 3607 913 3661 δὲ
942 3608 1009 3659 δι’
1040 3600 1114 3661 ὧν
1140 3606 1267 3669 τούς
1292 3624 1351 3660 τε
1384 3606 1647 3677 κατόχους
1680 3608 1836 3670 ὂντας
1864 3608 1942 3678 τῷ

369 3700 552 3769 κακῷ,
594 3696 1055 3768 άπελυτρώσατο’
1098 3696 1192 3749 καὶ
1245 3696 1373 3758 τοὺς
1420 3696 1559 3767 μετὰ
1622 3696 1793 3750 ταῦτα
1842 3699 1943 3750 οὐκ

365 3793 523 3846 εἴασε
576 3787 981 3859 κατασχεθῆναι
1014 3789 1079 3858 τῇ
1121 3788 1403 3858 συμφορᾷ·
1459 3788 1557 3840 οὐκ
1589 3787 1668 3840 έτι
1696 3806 1942 3860 κεχωρη-

369 3882 535 3945 κυίας
570 3881 664 3935 ἐπὶ
690 3880 752 3934 τὸ
774 3877 1007 3949 πρόσθεν
1034 3877 1136 3946 τῆς
1183 3876 1376 3947 πρώην
1412 3876 1473 3929 τὸ
1515 3877 1739 3947 πλάσμα
1774 3895 1941 3932 κατα-

373 3972 685 4044 νεμομένης
716 3971 890 4037 ἀρᾶς·
922 3967 1036 4022 ἀλλ’
1065 3970 1145 4031 εἰς
1172 3967 1444 4038 ἀνάρῥουν
1475 3968 1806 4038 στραφέντος
1848 3968 1943 4021 τοῦ

377 4063 552 4119 κακοῦ
591 4062 887 4133 ῥεύματος,
923 4059 1226 4128 ἐπιστάσης
1254 4058 1355 4128 τῆς
1399 4059 1794 4131 εὐλογημένης·
1835 4059 1942 4112 οὐδ’

365 4157 449 4211 ἔτι
515 4153 909 4224 κρατουμένων
952 4150 1256 4222 ἀνθρώπων
1304 4152 1362 4203 ὲν
1402 4154 1513 4212 τοῖς
1552 4151 1814 4220 ἀφύκτοις
1849 4151 1971 4204 τού

370 4248 606 4303 θανάτου
653 4246 851 4313 λίνοις,
901 4242 1037 4297 ἀλλά
1090 4242 1385 4313 χρωμένων
1420 4240 1570 4313 αὐτῷ
1612 4242 1944 4313 διαϐατηρίῳ

371 4342 515 4413 πρὸς
537 4340 638 4409 τὴν
664 4338 832 4409 ζωὴν,
860 4335 1015 4389 τοῦτο
1033 4333 1097 4406 δὴ
1112 4335 1172 4387 τὸ
1191 4335 1284 4386 ἐπὶ
1298 4336 1364 4404 τῇ
1389 4333 1728 4405 εὐλογημένη
1744 4334 1944 4403 ἀρτίως

368 4426 887 4500 πανηγυριζόμενον
907 4442 921 4457 ·
954 4426 1023 4496 ἢν
1056 4424 1145 4477 διὰ
1177 4422 1413 4476 θανάτου
1449 4423 1585 4493 πρὸς
1617 4423 1805 4475 ἑαυτὸν
1832 4422 1945 4476 δια-

366 4520 612 4583 σιὸἀζων
641 4521 669 4572 ὁ
718 4518 1000 4583 Βασιλεὺς,
1045 4518 1140 4569 καὶ
1166 4515 1313 4580 Υἱὸς,
1351 4514 1451 4584 τῆς
1504 4515 1639 4578 ἰδίας
1689 4514 1847 4585 δόξης
1876 4517 1941 4586 τῇ

368 4616 604 4685 μετοχῇ,
655 4611 808 4682 παρά
840 4611 1020 4663 πᾶσαν
1058 4607 1236 4661 κτίσιν
1282 4607 1628 4678 ἐνδοξοτέραν
1676 4606 1941 4661 δεικνύει·

2043 3529 2233 3583 tatem,
2271 3519 2430 3590 cujus
2462 3518 2552 3572 illa
2580 3516 2685 3573 sibi
2739 3531 2803 3571 ac
2844 3515 2975 3570 filiis
3002 3514 3213 3569 auctrix
3262 3513 3472 3578 fuerat,
3519 3527 3618 3567 ex-

2043 3613 2207 3669 solvit
2238 3628 2253 3664 :
2284 3612 2384 3666 hos
2410 3626 2562 3674 vero,
2595 3624 2699 3681 qua
2721 3624 2751 3662 a
2793 3598 2971 3673 malis,
3001 3610 3200 3677 quibus
3225 3604 3451 3662 obnoxii
3478 3615 3623 3661 tene-

2043 3702 2266 3768 bantur,
2290 3701 2550 3767 redemit;
2582 3715 2681 3756 nec
2704 3705 2788 3754 est
2816 3712 2976 3769 passa
3005 3707 3063 3751 ut
3089 3695 3316 3766 posteri,
3348 3694 3402 3749 in
3430 3694 3619 3750 eadem

2045 3792 2185 3845 mala
2216 3790 2397 3846 denuo
2428 3791 2795 3853 incurrerent,
2850 3795 2911 3841 ut
2964 3787 3225 3840 nimirum
3275 3782 3617 3844 maledictio,

2046 3881 2344 3937 secundum
2381 3896 2505 3934 eum
2534 3893 2777 3945 cursum,
2843 3892 2953 3947 quo
2994 3876 3295 3930 humanum
3344 3874 3612 3943 depasce-

2047 3977 2207 4031 batur
2232 3988 2428 4045 genus,
2457 3973 2602 4026 haud
2629 3972 2771 4025 ultra
2809 3968 3109 4039 procedat:
3143 3968 3238 4023 sed
3269 3973 3417 4021 retro
3460 3974 3618 4019 actus

2047 4069 2143 4131 sit,
2173 4082 2237 4121 ac
2284 4079 2586 4120 conversus
2641 4061 2768 4115 mali
2802 4061 3062 4131 impetus,
3120 4060 3241 4129 ejus
3299 4057 3613 4128 praesentia,

2045 4176 2167 4232 quae
2200 4157 2485 4215 benedicta
2518 4155 2758 4218 exsistit,
2822 4162 3012 4207 utnec
3074 4151 3309 4222 amplius
3358 4150 3616 4205 homines

2048 4251 2453 4308 iuevitabilibus
2486 4249 2680 4303 mortis
2708 4247 2927 4303 casibus
2958 4254 3274 4310 teneantur,
3306 4243 3401 4299 sed
3449 4251 3612 4297 utau-

2048 4354 2136 4400 tur
2164 4359 2226 4399 ea
2260 4342 2514 4411 tanquam
2543 4340 2781 4395 transitu
2809 4339 2876 4393 ad
2908 4338 3110 4404 vitam;
3143 4336 3246 4392 hoc
3265 4337 3442 4407 plane,
3472 4337 3617 4407 quod

2055 4439 2110 4492 iu
2143 4434 2444 4491 benedicta:
2476 4433 2625 4488 hisce
2655 4431 2958 4493 solemniis,
3030 4427 3221 4484 festive
3274 4429 3569 4483 recolimus
3602 4446 3615 4481 :

2047 4542 2208 4598 quam
2237 4526 2351 4582 Rex
2403 4524 2704 4591 Filiusque,
2739 4521 2928 4575 mortis
2959 4520 3265 4575 interventu
3308 4519 3375 4573 ad
3404 4534 3463 4574 se
3509 4525 3622 4571 tra-

2049 4620 2280 4682 ducens,
2315 4633 2421 4688 qua
2454 4615 2690 4687 propriae
2720 4614 2903 4686 gloria:
2936 4612 3067 4665 facit
3104 4611 3449 4680 participem,
3500 4624 3619 4663 ma-

364 4703 681 4774 ἀντισηκῶν
704 4700 848 4756 οὕτω
874 4701 975 4771 τὴν
1014 4698 1073 4764 ἐξ
1101 4700 1272 4769 αὐτῆς
1308 4697 1562 4769 μετοχὴν,
1653 4698 1932 4769 παραπλη-

2049 4713 2157 4783 jori
2181 4726 2347 4781 supra
2401 4717 2587 4763 creata
2636 4706 2843 4770 omnia,
2875 4704 3049 4775 gloria
3070 4712 3228 4773 auget
3256 4720 3268 4756 :
3296 4717 3363 4756 ea
3399 4700 3619 4756 ratione

364 4797 503 4859 σίως
564 4796 697 4873 ἡμῖν
744 4792 1062 4864 ἔμορφώθη,
1104 4794 1131 4844 6
1183 4791 1277 4844 τοῦ
1319 4792 1533 4862 Πατρὸς
1587 4789 1943 4855 ἀναλλοίωτος

2049 4804 2222 4858 vicem
2251 4800 2557 4871 rependens
2601 4798 2721 4868 ejus
2753 4814 2819 4852 ex
2850 4801 2966 4866 ipsa
3009 4794 3470 4865 participationis,
3508 4809 3620 4861 qua

362 4889 689 4960 χαρακτήρ·
723 4887 927 4957 σαρκὸς
959 4885 1054 4939 καὶ
1104 4884 1338 4955 αἵματος
1374 4886 1506 4955 ἡμῖν
1552 4883 1946 4955 παραπλησίως

366 4981 726 5057 μετεσχηκώς
746 4997 759 5009 ⁸
786 4982 883 5034 καὶ
912 4980 1185 5051 μητρικῆς
1207 4976 1526 5049 θεραπείας,
1545 4978 1608 5048 τῇ
1636 4975 1767 5046 πρὸς
1788 4977 1948 5029 αὑτὸν

362 5073 673 5147 παρρησίᾳ,
714 5073 808 5127 καὶ
834 5075 903 5145 τῇ
944 5070 1207 5142 ὲγγύτητι
1241 5068 1720 5139 ἀντιθεραπεύων
1763 5068 1828 5121 δι’
1859 5070 1944 5138 ἣν,

361 5168 441 5229 ὡς
475 5163 552 5235 μὴ
573 5165 802 5234 ραγεῖσα
828 5163 1059 5232 κόσμου,
1089 5160 1214 5231 μηδ’
1240 5162 1333 5229 ἀφ’
1359 5161 1390 5224 ἡ
1401 5159 1515 5230 μῶν
1544 5159 1938 5230 μακρυνθεῖσα,

361 5257 467 5309 οὐκ
509 5253 791 5323 ἐζημίωσε
828 5251 918 5304 τὸν
968 5251 1174 5321 κόσμον
1204 5248 1305 5318 τῆς
1351 5249 1486 5312 ιδίας
1521 5247 1767 5318 ὁμιλίας*
1827 5248 1942 5301 ἀλλ’

362 5340 440 5400 ὧν
463 5348 552 5398 ἐπ’
582 5342 821 5415 ὠφελείᾳ
846 5345 1000 5412 κοινῇ
1034 5344 1133 5412 τῆς
1174 5342 1253 5403 εἰς
1283 5340 1395 5411 βίον
1423 5340 1627 5393 εἰσόδου
1657 5340 1941 5411 μετέλαχε,

360 5437 591 5501 τούτων,
612 5435 707 5489 καὶ
733 5431 1137 5505 παροδεύσασα,
1163 5432 1346 5500 κοινὴν
1369 5431 1661 5499 ἐργάζεται
1683 5430 1943 5499 διηνεκῶς

358 5530 459 5599 τὴν
504 5527 788 5597 ὠφέλειαν.
826 5524 1197 5595 Συνδιατρίϐει
1245 5526 1341 5577 καὶ
1388 5524 1467 5577 ἔτι
1514 5525 1938 5595 περινοστοῦσι,

356 5626 474 5687 τοῖς
510 5622 660 5675 κάτω
685 5635 699 5649 ·
731 5618 933 5689 μᾶλλον
964 5618 1020 5670 δὲ
1054 5617 1148 5669 νῦν
1174 5616 1453 5686 πανταχοῦ
1482 5616 1673 5683 φθάνει
1706 5620 1733 5671 6
1761 5616 1937 5688 ἔμψυε-

437 5812 456 5843 ⁷
484 5810 592 5868 lsa.
628 5829 743 5870 vni.
782 5813 836 5869 1.
911 5812 933 5845 ⁸
962 5811 1126 5869 Num.
1164 5829 1296 5877 xvu,
1329 5814 1381 5868 8.
1459 5816 1479 5847 θ
1510 5814 1615 5871 Isa.
1649 5832 1722 5881 vr,
1750 5817 1803 5871 6.

1922 5815 1964 5846 ιο
1996 5812 2199 5870 Ezecu.
2230 5829 2374 5880 κων,
2412 5815 2461 5869 ί.

2044 4891 2224 4949 Patris
2281 4891 2642 4947 immutabilis
2691 4890 2997 4950 character,
3063 4887 3295 4941 similem
3326 4886 3487 4943 nobis
3511 4886 3618 4941 for-

2046 4999 2189 5037 mam
2225 4984 2437 5051 accepit
2473 4999 2486 5035 :
2518 4995 2669 5034 more
2697 4988 2909 5043 nostro,
2938 4975 3165 5032 eﬂectus
3198 4979 3473 5048 particeps
3502 4992 3620 5032 car.

2047 5074 2135 5128 nis
2190 5080 2247 5127 et
2298 5072 2623 5142 sanguinis,
2656 5084 2865 5139 proque
2919 5077 3169 5122 materna
3216 5074 3335 5139 ipsa
3375 5070 3619 5138 impensa

2048 5180 2203 5231 cura,
2238 5164 2433 5237 agendi
2490 5164 2739 5218 libertate
2770 5159 2914 5239 apu’l
2966 5162 3146 5231 ipsum
3185 5160 3463 5223 donatam,
3515 5159 3619 5215 sibi

2053 5260 2355 5332 proximam
2380 5258 2588 5321 locans,
2619 5270 2727 5323 quo
2754 5268 3001 5320 munere,
3046 5264 3303 5325 tanquam
3336 5251 3561 5307 minime
3589 5268 3621 5307 a

2052 5352 2259 5405 mundo
2308 5346 2552 5402 abscissa
2603 5353 2697 5399 aut
2750 5346 2912 5399 nobis
2946 5344 3237 5406 subducta,
3273 5343 3409 5397 nihil
3460 5358 3621 5397 mun-

2053 5443 2157 5496 dus
2202 5439 2321 5509 cjus
2373 5451 2501 5506 ergo
2560 5434 2975 5490 consuetudinis
3004 5434 3233 5502 jactura:
3280 5431 3406 5487 fecit
3447 5448 3620 5487 :nam

2050 5533 2250 5604 quibus
2288 5539 2345 5583 ut
2381 5528 2663 5597 prodesset
2686 5527 2739 5580 in
2776 5527 2924 5580 hunc
2944 5525 3205 5579 mundum
3227 5525 3397 5589 venit,
3424 5523 3619 5581 iisdem

2045 5626 2157 5698 jam
2194 5638 2410 5695 quoque
2442 5621 2497 5675 in
2528 5620 2723 5675 cretum
2758 5618 3043 5685 translata,
3074 5617 3443 5675 conducibilia
3490 5634 3620 5691 pro-

2579 5814 2620 5846 “
2657 5811 2819 5871 Prov.
2855 5827 2986 5882 xxx,
3017 5811 3112 5868 29.
