4072 6452
465 391 564 456 167

1682 381 1957 445 LEONIS
1989 379 2451 443 PHILOSOPHI

3610 375 3710 438 168

456 518 653 559 curare
687 515 967 571 nunquam
998 501 1226 558 desinit.
1266 500 1547 557 Hactenus
1574 499 1630 553 in
1669 499 1839 555 terris
1870 514 2025 554 com-

2148 512 2229 566 (ος
2261 492 2489 565 οὐρανός
2511 510 2526 524 ν
2579 492 2783 563 ὁμοίως
2817 491 3062 552 ἅπαντας
3090 487 3453 559 περιέπουσα,
3484 489 3581 547 καὶ
3613 492 3714 561 τῆς

456 602 725 660 moratur,
758 603 948 650 nostra
1012 596 1471 653 circumlustrans
1502 615 1515 651 :
1552 596 1687 667 quin
1714 597 1891 665 magis
1920 595 2034 665 jam

472 687 677 757 ubique
705 686 860 741 adest
882 686 1181 742 animatum
1216 688 1439 754 coelum,
1465 702 1767 758 omnesque
1787 688 2037 743 similiter

459 777 675 841 l‘ovcns,
704 777 1085 833 beneficentiae
1118 780 1296 835 stillas
1358 779 1528 848 pluit;
1566 788 1920 849 arentemque
1954 779 2035 833 vi-

457 877 566 920 tam
596 876 865 930 nostram,
896 882 925 921 a
960 870 1169 938 peccati
1238 870 1604 924 aestuantibus
1637 869 1898 934 ﬂammis,
1964 869 2037 921 ir-

455 956 667 1024 riguam
723 957 871 1011 facit.
906 958 1064 1013 Nunc
1124 973 1317 1013 omnes
1354 958 1502 1027 adit;
1538 959 1742 1031 quippe
1786 959 1872 1013 via
1901 958 2037 1012 faci-

454 1036 601 1109 liori,
632 1053 989 1116 maternoque
1011 1044 1206 1101 affectu
1231 1056 1495 1118 cognatos
1565 1048 1834 1111 invisens,
1892 1062 2036 1117 prae-

456 1144 542 1191 sto
573 1144 653 1191 est
684 1139 1096 1209 promptissime
1142 1148 1199 1192 nt
1230 1139 1577 1194 incommoda
1626 1141 1895 1211 depellat;
1938 1156 2037 1212 pro

457 1244 846 1285 universorum
895 1239 1050 1285 stans
1092 1232 1293 1297 salute,
1322 1248 1421 1302 pro
1451 1234 1707 1288 omnibus
1777 1234 2034 1287 immacu-

453 1319 755 1374 latissimas
804 1319 1103 1373 extendens
1133 1335 1352 1386 manus,
1396 1321 1596 1389 quibus
1652 1324 2033 1378 universorum

456 1411 610 1465 salus
644 1419 801 1465 vecta
835 1420 939 1465 est.

526 1501 742 1555 Idcirco
798 1518 861 1557 os
905 1518 1068 1558 omne
1132 1506 1352 1574 plenum
1401 1513 1488 1559 est
1537 1504 1739 1569 laudis,
1770 1520 1879 1574 qua
1914 1505 2032 1575 ejus

2143 585 2464 655 εὐεργεσίας
2520 582 2691 637 ὖουσα
2740 582 2843 647 τάς
2899 581 3139 653 ῥανίδας,
3198 580 3295 635 καὶ
3349 579 3553 635 λύουσα
3611 581 3715 652 τὴν

2141 676 2433 748 αὸχμηράν
2487 675 2589 745 τῆς
2621 676 2897 745 ἡμετέρας
2943 673 3089 743 ζωῆς
3144 673 3503 737 κατάστασιν,
3550 672 3621 744 ἢν
3676 674 3712 743 ἡ

2144 771 2426 841 φλογώδης
2443 768 2688 839 ἁμαρτία
2716 768 3017 837 συνίστησι.
3044 765 3158 820 Νῦν
3174 767 3267 818 ἐπὶ
3288 765 3499 829 πάντας
3517 765 3715 837 διήκει,

2146 868 2501 936 ἐτοιμοτέρας
2530 862 2697 933 οὔσης
2720 863 2819 932 τῆς
2854 861 3096 931 πορείας,
3130 860 3224 914 καὶ
3258 859 3560 930 συμπαθῶς
3597 862 3719 913 ἐπι-

2143 955 2487 1024 σκεπτομένη
2529 956 2655 1017 τοὺς
2715 955 3019 1021 συγγενεῖς,
3071 951 3207 1022 πρὸς
3252 950 3352 1020 τὴν
3398 949 3719 1020 ἀπαλλαγὴν

2140 1048 2250 1100 τῶν
2290 1046 2558 1117 ὀχληρῶν,
2595 1046 2919 1115 ἐτοιμοτάτη
2954 1043 3177 1114 βοήθεια
3218 1043 3453 1111 γίνεται,
3496 1042 3719 1096 πάντων

2140 1139 2279 1209 ύπέρ
2312 1139 2586 1210 σωτηρίας
2619 1139 2830 1192 ἐστῶσα
2852 1155 2867 1169 ·
2902 1138 3120 1192 πάντων
3157 1134 3545 1205 ὑπεραπλοῦσα
3583 1152 3720 1188 παν-

2139 1230 2441 1301 αχράντους
2505 1230 2788 1299 παλάμας,
2844 1224 2933 1293 αἷς
2980 1231 3011 1281 ᾗ
3047 1229 3155 1282 τῶν
3202 1228 3339 1282 ὅλων
3391 1228 3721 1299 ἐπωχήσατο

2140 1322 2403 1392 σωτηρία.

2209 1506 2307 1559 Διά
2354 1506 2517 1559 τοῦτο
2566 1506 2774 1578 πλῆρες
2819 1507 2964 1559 ἅπαν
2995 1504 3168 1576 στόμα
3195 1505 3295 1573 τῆς
3321 1505 3582 1569 αἰνέσεως
3609 1504 3721 1558 τῶν

458 1594 809 1649 celebrentur
863 1597 1155 1664 magnalia,
1222 1605 1384 1664 atque
1446 1612 1473 1648 a
1522 1596 1738 1653 cunctis
1780 1594 2033 1653 aztatib'us

2148 1598 2305 1668 ιύτῆς
2330 1598 2656 1667 μεγαλείων,
2678 1599 2773 1651 καὶ
2799 1597 3119 1668 ὑποδέχεται
3140 1597 3291 1667 παρά
3312 1597 3499 1651 πασῶν
3514 1596 3719 1665 γενεῶν

459 1688 617 1740 beata
648 1688 974 1755 praedicatur
1026 1688 1070 1717 ¹²
1099 1705 1113 1740 :
1146 1703 1310 1757 quam
1359 1696 1524 1742 etiam
1586 1687 2028 1757 praedicationem

2148 1688 2225 1741 τὸν
2278 1690 2667 1760 μακαρισμόνο
2719 1689 2778 1742 ὃν
2822 1689 2919 1742 καὶ
2956 1688 3086 1758 πρὶν
3138 1687 3385 1757 θεωμένη
3433 1686 3719 1757 πόρρωθεν

454 1779 566 1845 jam
592 1778 719 1832 olim
746 1778 981 1847 proferri
1006 1780 1224 1835 eminus
1252 1779 1497 1841 intuens.
1533 1778 1923 1850 magniﬁcabat
1974 1782 2028 1836 in

2148 1780 2572 1851 προφερόμενον,
2615 1780 2949 1850 ἐμεγάλυνεν
2980 1781 3037 1832 ἐν
3081 1777 3402 1848 ἀγαλλιάσει
3433 1778 3543 1832 τῶν
3581 1778 3720 1831 θαυ-

456 1870 829 1925 exsultatione
892 1885 1073 1925 rerum
1137 1870 1274 1925 adeo
1324 1871 1659 1925 mirabilium
1698 1869 2032 1929 eli'ectorem.

2148 1869 2370 1937 μαστῶν
2396 1869 2706 1941 μεγαλείων
2732 1869 2826 1923 τὸν
2854 1869 3108 1938 ποιητήν.
3149 1867 3312 1922 Ἀλλὰ
3345 1868 3720 1938 παρέστηκεν,

456 1961 585 2027 Sed,
615 1976 648 2017 o
698 1962 1046 2029 beatissima,
1076 1963 1258 2033 reipsa
1303 1963 1540 2019 exhibita
1578 1973 1708 2020 sunt
1755 1967 2038 2022 verissima

2148 1955 2190 2014 ὦ
2233 1959 2503 2032 μακαρία,
2552 1958 2777 2012 ἐπὶτῶν
2817 1958 3182 2030 πραγμάτων,
3222 1958 3291 2013 τά
3325 1958 3393 2011 σὰ
3429 1959 3717 2031 παναληθῆ

457 2066 549 2109 tua
602 2054 695 2109 illa
736 2056 986 2109 oracula.
1028 2054 1172 2112 Ecce
1217 2056 1362 2112 enim
1394 2071 1589 2113 omnes
1613 2058 1864 2115 nationes
1902 2075 2038 2129 pra:-

456 2147 612 2201 conia
648 2156 742 2201 tua
765 2147 1130 2214 celebrantes,
1172 2147 1384 2203 beatam
1430 2157 1483 2205 te
1511 2150 1840 2219 acclamant,
1889 2152 2037 2207 omni

456 2239 675 2310 quidem
732 2239 785 2293 id
843 2247 1125 2311 tempore;
1179 2241 1527 2310 potissimum
1584 2252 1770 2299 autem
1815 2244 1869 2299 in
1905 2260 2041 2315 pra:-

457 2330 623 2394 senti,
660 2345 769 2399 quo
797 2331 864 2385 ad
920 2329 1120 2385 Filium
1154 2332 1422 2386 translata
1446 2348 1509 2386 ac
1566 2334 1914 2405 inseparabili
1964 2336 2041 2390 illi

461 2422 745 2477 consortio
774 2422 1089 2486 adhaerens,
1148 2437 1260 2476 non
1316 2437 1507 2478 cessas
1561 2424 1617 2478 in
1646 2432 1794 2479 terra
1848 2426 2042 2496 positis

458 2530 617 2583 opem
654 2513 819 2569 ferre.
875 2513 1096 2568 Beatam
1142 2524 1195 2567 te
1242 2513 1432 2569 dicunt
1478 2530 1667 2572 omnes
1694 2516 1829 2573 lines
1862 2527 2038 2587 terrae,

462 2605 607 2675 quod
642 2619 732 2659 res
786 2602 1090 2659 inclfahiles
1138 2611 1232 2659 tuo
1283 2603 1589 2659 ministerio
1635 2604 1746 2660 sint
1776 2615 2039 2675 peractae;

478 2713 585 2766 qua
618 2695 876 2750 nimirum
909 2695 1174 2749 Altissimi
1204 2695 1511 2762 brachium,
1544 2711 1641 2763 per
1670 2705 1720 2751 te
1761 2712 1913 2752 suam
1947 2713 2044 2767 po»

464 2788 699 2841 tentiam
737 2796 921 2840 notam
954 2784 1103 2847 fecit,
1137 2800 1262 2839 cum
1300 2784 1433 2840 illud
1469 2786 1646 2840 altiori
1681 2800 1843 2855 supra
1876 2789 2042 2841 ratio-

468 2894 589 2934 nem
626 2878 789 2933 modo
825 2892 890 2931 ex
934 2885 987 2931 te
1015 2890 1237 2932 carnem
1279 2891 1525 2943 sumens,
1559 2891 1657 2930 sua
1713 2876 2040 2943 humilitate,

471 2982 584 3024 tum
615 2969 889 3025 excelsum
939 2968 1091 3021 illum
1124 2968 1179 3022 in
1212 2968 1469 3038 superbia
1532 2967 1755 3036 deiecit,
1791 2975 1903 3021 tum
1939 2968 2041 3021 hu-

467 3062 626 3117 miles
654 3063 936 3117 exaltavit.
975 3061 1199 3114 Beatam
1229 3068 1282 3113 te
1306 3060 1517 3125 dicunt,
1551 3060 1643 3128 qui
1684 3060 1859 3115 donec
1884 3075 2043 3114 exor-

2144 2054 2388 2123 ρήματα.
2442 2051 2552 2105 Ἴδε
2600 2052 2709 2123 γὰρ
2762 2052 2914 2105 πᾶσα
2960 2050 3135 2121 φυλὴ,
3187 2050 3288 2113 τὰς
3340 2050 3438 2113 σὰς
3482 2051 3720 2114 αίνέσεις

2144 2144 2471 2216 ποιουμένη,
2510 2144 2601 2199 τὸν
2632 2144 2983 2215 μακαρισμόν
3028 2160 3109 2197 σοι
3151 2142 3446 2214 προσάγει’
3481 2143 3718 2216 μάλιστα

2146 2241 2246 2310 μὲν
2285 2240 2344 2292 ἐν
2373 2238 2539 2293 παντὶ
2567 2237 2746 2311 καιρῷ
2767 2254 2780 2269 ·
2809 2238 3177 2308 διαφερόντως
3199 2237 3242 2289 δ’
3268 2238 3327 2291 ἐν
3347 2236 3424 2307 τῷ
3450 2238 3713 2309 παρόντιο

2144 2330 2203 2383 ἐν
2234 2322 2279 2397 ᾧ
2318 2329 2455 2400 πρὸς
2486 2329 2579 2382 τὸν
2610 2328 2738 2381 Υἱὸν
2768 2326 3248 2399 μετεσκηνωμένη,
3274 2327 3368 2380 καὶ
3396 2326 3720 2382 ἀδιάστατον

2143 2422 2387 2490 λαχοῦσα
2429 2420 2527 2491 τὴν
2560 2419 2696 2490 πρὸς
2729 2419 2895 2473 αὑτὸν
2942 2417 3184 2490 ὁμιλίαν,
3228 2419 3289 2471 ού
3324 2418 3510 2489 λήγεις
3539 2421 3599 2472 ἐν
3644 2420 3716 2489 γῇ

2144 2510 2572 2583 διαπεραίνουσα
2614 2510 2714 2573 τὰς
2762 2510 3098 2581 ἀντιλήψεις.
3146 2506 3526 2580 Μακαρίζουσι
3558 2509 3622 2579 δή
3659 2526 3715 2563 σε

2144 2603 2214 2655 τά
2263 2602 2507 2673 πέρατα,
2565 2601 2651 2656 διὰ
2700 2600 2793 2654 σοῦ
2846 2600 3191 2671 πραγμάτων
3241 2602 3567 2671 ἀπορρήτων
3624 2617 3716 2653 πε-

2144 2693 2478 2763 πραγμένων
2503 2694 2555 2745 ἐν
2575 2692 2674 2763 τῷ,
2695 2692 2782 2746 διὰ
2807 2692 2900 2745 σοῦ
2924 2693 3015 2745 τὸν
3032 2690 3126 2745 τοῦ
3156 2692 3409 2761 Ὑψίστου
3436 2691 3719 2762 βραχίονα,

2144 2785 2206 2837 τὸ
2244 2786 2444 2838 οἰκεῖον
2481 2784 2748 2855 γνωρίσαι
2796 2785 3039 2854 κράτος’
3089 2784 3159 2836 ἐκ
3212 2782 3307 2837 σοῦ
3379 2784 3522 2853 ὑπὲρ
3563 2783 3721 2851 λόγον

2146 2877 2595 2949 σωματωθέντος,
2634 2877 2727 2931 καὶ
2772 2880 2836 2948 τῇ
2868 2876 3059 2931 ἐαυτοῦ
3100 2876 3449 2943 ταπεινώσει,
3489 2875 3582 2929 ⁴τὸν
3621 2874 3724 2944 μὲν

2148 2971 2351 3042 ὑψηλὸν
2398 2973 2456 3025 ἐν
2508 2971 2891 3041 ύπερηφανεία
2941 2967 3451 3037 καταϐεϐληκότος’
3497 2966 3621 3029 τοὺς
3664 2965 3724 3021 δὲ

2146 3062 2439 3125 ταπεινοὺς
2491 3061 2897 3131 ἀνυψώσοιντος.
2944 3061 3325 3132 Μεγαλύνουσί
3371 3076 3451 3125 σε,
3478 3060 3531 3112 οἱ
3560 3058 3727 3129 μέχρι

463 3164 516 3207 ta
559 3162 727 3217 esset,
759 3163 852 3207 tua
879 3152 971 3206 illa
1012 3152 1133 3206 sine
1161 3151 1370 3206 semine
1412 3154 1561 3221 spica
1584 3152 1934 3217 esurientes;
1976 3166 2039 3206 ea

2148 3154 2237 3207 τοῦ
2279 3153 2374 3207 σοῦ
2429 3154 2669 3223 ἀσπόρου
2707 3154 3065 3224 πεινήσαντες
3101 3152 3363 3224 στάχυος·
3406 3150 3617 3205 ἐκείνου
3666 3150 3726 3203 δὲ

464 3256 676 3311 exorta,
709 3245 857 3299 omni
893 3243 1110 3298 abunde
1142 3243 1410 3299 bonorum
1436 3243 1593 3313 copia
1625 3242 1858 3298 recreati
1892 3251 2035 3297 sunt.

465 3338 709 3394 llabebat
744 3338 966 3408 quidem
1002 3337 1266 3407 antiquus
1294 3335 1483 3403 Israel,
1518 3351 1708 3390 arcam
1744 3336 1823 3391 tui
1847 3336 2042 3407 imagi-

464 3445 585 3484 nem
616 3429 963 3499 adjutricem,
1010 3430 1054 3483 si
1078 3428 1300 3499 quando
1344 3429 1509 3484 rebus
1542 3428 1792 3485 adversis
1819 3444 2044 3497 urgere-

465 3532 555 3575 tur
614 3528 670 3576 et
717 3530 777 3574 ut
823 3518 1153 3590 quandoque
1231 3520 1470 3590 inopiam
1522 3521 1728 3575 levaret
1788 3539 1801 3575 :
1854 3536 2042 3575 verum

466 3618 648 3675 erant,
708 3626 830 3681 quae
899 3612 1251 3679 gerebantur,
1314 3611 1495 3682 reipsa
1556 3612 1813 3684 imaginis
1883 3621 2045 3682 atque

469 3696 678 3767 ﬁgurae,
733 3698 801 3752 iis
828 3698 985 3768 longe
1016 3697 1300 3763 inferiora,
1341 3715 1463 3769 quae
1498 3715 1593 3767 per
1618 3710 1668 3755 te
1690 3707 2043 3771 praestantur.

466 3788 741 3856 Quocirca
793 3804 969 3859 neque
1023 3804 1239 3860 semper
1262 3805 1419 3857 opem
1452 3791 1519 3845 ab
1556 3807 1618 3846 ea
1657 3792 2043 3862 impetrabant,

468 3879 730 3945 sedtum,
769 3893 892 3932 cum
920 3879 1009 3948 pio
1064 3890 1220 3933 erant
1248 3880 1305 3933 in
1346 3879 1515 3935 Deum
1553 3881 1758 3947 animo,
1795 3898 1971 3952 neque
2014 3897 2045 3936 a

471 3979 620 4025 recta
650 3968 961 4024 divinorum
992 3970 1188 4026 semita
1212 3972 1562 4037 abcrrabant,
1591 3974 1822 4029 salutem
1850 3990 2047 4030 conse-

470 4061 801 4129 quebantur.
844 4062 913 4117 At
964 4063 1008 4117 si
1049 4062 1177 4131 quid
1212 4065 1642 4131 commisissent,
1700 4081 1868 4135 seque
1924 4081 2048 4120 reos

473 4152 647 4221 culpa:
676 4152 934 4221 alicujus,
968 4153 1277 4207 divinorum
1313 4163 2046 4226 praeceptorumtransgres«

474 4243 631 4295 sione
654 4242 1101 4305 constituissent,
1137 4257 1246 4296 non
1267 4245 1442 4298 solum
1481 4244 1614 4299 nihil
1643 4246 1832 4300 auxilii
1857 4247 2048 4317 depcl-

2148 3250 2214 3319 τῇ
2261 3250 2391 3319 φυῇ,
2423 3248 2674 3316 ἀφθόνως
2702 3249 2814 3310 τοῖς
2848 3247 3074 3315 ἀγαθοῖς
3115 3245 3576 3316 ἐντρυφήσαντες.
3612 3238 3727 3295 Ἦν

2148 3339 2248 3409 μὲν
2276 3338 2369 3393 οὖν
2412 3338 2625 3410 Ἰσραὴλ
2653 3336 2733 3409 τῷ
2770 3337 2987 3409 γηραιῷ
3032 3338 3131 3407 τῆς
3180 3337 3283 3407 σῆς
3331 3334 3491 3404 δόξης
3536 3333 3725 3400 εἰκὼν,

2145 3430 2379 3494 κιϐωτὸς
2421 3430 2713 3500 ἐπίκουρος
2759 3428 3209 3500 ἐλαττουμένοις,
3257 3428 3351 3481 καὶ
3371 3427 3460 3498 ίτὸ
3495 3426 3727 3480 ἐκείνων

2151 3519 2323 3574 ἐνίοτε
2386 3519 2567 3582 ἐνδεὲς
2618 3518 3043 3590 ἀνα-πληροῦσα·
3090 3518 3209 3573 ἀλλ’
3249 3513 3320 3587 ἦν
3366 3516 3591 3579 εἰκόνος,
3643 3515 3727 3578 ώς

2148 3611 2367 3682 ἀληθῶς
2391 3610 2461 3664 τὰ
2501 3611 2763 3681 γινόμενα
2783 3626 2797 3640 ·
2823 3611 2918 3663 καὶ
2948 3611 3082 3663 πολὺ
3116 3609 3224 3661 τῶν
3261 3609 3349 3664 διὰ
3382 3607 3475 3662 σοῦ
3502 3607 3731 3676 γινομέ-

2147 3720 2253 3755 νων
2280 3702 2600 3771 λειπόμενα,
2626 3701 2726 3754 Διά
2748 3700 2907 3754 τοῦτο
2927 3702 2987 3755 οὐ
3018 3700 3270 3772 βοηθείας
3286 3700 3373 3753 ἀεὶ
3397 3699 3528 3771 παρ’
3554 3698 3730 3767 αὐτῆς

2152 3791 2402 3862 ἠξιοῦντο
2424 3809 2439 3824 ·
2462 3792 2580 3846 ἀλλ’
2602 3790 2777 3862 ὀρθῶς
2808 3790 2908 3861 μὲν
2933 3792 3001 3844 τὰ
3028 3792 3163 3862 πρὸς
3182 3791 3315 3844 Θεὸν
3340 3788 3718 3859 διακειμένοις.

2150 3884 2244 3936 καὶ
2287 3884 2362 3955 μὴ
2404 3884 2503 3951 τῆς
2534 3883 2750 3947 εὐθείας
2790 3884 2898 3937 τῶν
2927 3882 3318 3952 θεσπισμάτων
3349 3880 3536 3951 τρίϐου
3589 3881 3721 3932 ἀπο-

2149 3976 2543 4047 πλανωμένοις,
2588 3977 2804 4046 ἀπήντα
2845 3978 2879 4047 ἡ
2905 3976 3189 4047 ξσωτηρία.
3236 3974 3402 4044 Δίκης
3429 3972 3473 4027 δ’
3520 3972 3731 4041 ἐνόχοις

2148 4072 2331 4134 αὐτοῖς
2372 4071 2767 4142 γεγενημένης,
2816 4064 2898 4135 οἷς
2929 4069 3349 4141 κατωλιγώρουν
3396 4067 3506 4121 τῶν
3556 4082 3732 4137 προσ-

2149 4164 2477 4235 ταγμάτων⁹
2548 4164 2608 4218 οὐ
2671 4165 2832 4235 μόνον
2879 4165 2939 4217 ού
2989 4163 3172 4235 παρῆν
3227 4163 3261 4231 ἡ
3300 4158 3590 4229 ἐπικουρία
3633 4157 3733 4211 τὸν

2151 4257 2395 4311 κίνδυνον
2431 4257 2805 4329 ἐπαμύνουσα,
2851 4257 2988 4311 ἀλλὰ
3028 4258 3123 4310 καὶ
3176 4255 3316 4326 αὐτὴ
3360 4254 3572 4316 τούτοις
3606 4269 3734 4305 συν-

475 4331 639 4386 lendo
692 4332 942 4401 periculo
1008 4333 1501 4410 suppeditabatur;
1542 4334 1637 4391 sed
1690 4344 1744 4391 et
1774 4336 1889 4406 ipsa
1922 4352 2044 4391 arca

2155 4345 2516 4399 εκινδύνευεν.
2561 4345 2718 4399 Οὕτω
2754 4344 2887 4398 ποτὲ
2933 4344 3208 4415 ἁλώσιμος
3252 4346 3359 4407 τοῖς
3410 4340 3738 4411 ἀλλοφύλοις

476 4438 584 4479 una
623 4438 748 4479 cum
781 4424 913 4494 ipsis
964 4425 1386 4495 periclitabatur
1419 4426 1481 4481 ¹³.
1515 4427 1698 4494 Quare
1756 4430 2044 4500 aliquando

2154 4438 2570 4505 ἐδείκνυτο,τῶν
2592 4436 2686 4491 τοῦ
2705 4435 2834 4492 λαοῦ
2855 4438 3215 4508 πταισμάτων
3238 4435 3737 4507 ἐπικρατησάντων

477 4515 699 4581 accidit,
736 4526 798 4570 ut
860 4516 929 4571 ab
960 4516 1287 4587 alienigenis
1335 4529 1648 4589 caperetur,
1685 4536 1810 4577 cum
1863 4523 2044 4593 populi

2152 4529 2253 4599 τῆς
2291 4529 2385 4583 ὑπ’
2414 4529 2586 4599 αὐτῆς
2612 4530 3027 4601 χορηγουμένης
3060 4526 3403 4597 ἀντιλήψεως
3422 4541 3437 4556 ο
3470 4526 3565 4580 καὶ
3593 4524 3741 4595 πρὸς

476 4608 685 4662 scelera
715 4606 1013 4678 grandiora
1045 4617 1254 4672 essent,
1295 4624 1459 4680 quam
1485 4610 1629 4681 quod
1663 4626 1727 4667 ea
1757 4620 2044 4682 prazstare-

2148 4622 2249 4692 τὴν
2274 4623 2431 4692 χεῖρα
2468 4621 2580 4676 τῶν
2611 4622 2888 4692 πολεμίων
2917 4622 2979 4675 τὸ
3020 4620 3161 4675 κατά
3200 4620 3298 4673 τοῦ
3339 4619 3527 4683 ἔθνους
3563 4619 3743 4688 χωρεῖ

477 4712 565 4753 tur
628 4699 913 4763 auxilium,
972 4708 1347 4771 tropaeumque
1396 4702 1661 4759 adversus
1711 4715 1945 4776 gentem,
1996 4707 2044 4761 in

2151 4713 2413 4783 τρόπαιον
2441 4730 2456 4744 ·
2500 4711 2643 4783 αὕτη
2692 4713 3030 4783 δορυάλωτος
3071 4712 3304 4781 γίνεται,
3357 4712 3406 4764 εί
3460 4708 3554 4762 καὶ
3598 4708 3742 4769 Θεὸς

477 4804 672 4843 manus
701 4790 941 4845 hostium
975 4790 1195 4846 cederet
1236 4807 1250 4846 :
1294 4801 1459 4863 atque
1498 4794 1636 4850 adeo
1668 4796 1787 4867 ipsa
1838 4798 2054 4868 captiva

478 4879 787 4944 abducitur,
822 4882 925 4935 etsi
982 4882 1095 4935 illic
1135 4898 1350 4952 quoque
1397 4884 1559 4953 Deus,
1588 4888 1708 4958 ejus
1759 4890 2055 4944 consulens

480 4970 781 5040 majestati,
824 4971 1001 5025 morbi
1036 4974 1193 5043 plaga
1248 4990 1343 5029 cos
1382 4976 1477 5044 qui
1513 4980 1792 5048 cepissent
1832 4980 2055 5035 ulcisci-

479 5073 572 5117 tur
602 5077 619 5116 :
655 5061 861 5133 diique,
896 5079 1037 5133 quos
1065 5066 1215 5120 inani
1240 5068 1316 5121 illi
1342 5069 1496 5123 cultu
1528 5071 1953 5136 venerabantur,
2002 5071 2056 5126 id

480 5153 622 5210 lucri
679 5168 747 5208 ex
802 5155 971 5209 tantis
1014 5155 1123 5210 illis
1173 5158 1369 5227 spoliis
1422 5167 1778 5228 reportarunt
1823 5171 1885 5214 ut
1936 5175 2059 5215 cor-

489 5254 736 5311 ruerent,
770 5261 881 5301 non
915 5246 1158 5303 valentes
1189 5232 1257 5303 iis
1296 5252 1601 5307 consistere
1656 5252 1884 5309 basibus
1932 5254 2058 5322 qui-

480 5342 583 5397 bus
653 5342 818 5395 locatt
870 5348 1029 5394 erant
1082 5357 1095 5392 :
1152 5341 1207 5394 in
1254 5340 1475 5413 terram;
1531 5342 1694 5409 allisi,
1744 5357 1810 5398 ac
1836 5346 2063 5398 commi-

485 5433 628 5498 nuti,
659 5432 827 5487 simul
871 5442 1036 5504 atque
1083 5447 1212 5487 arca
1251 5433 1317 5488 ad
1352 5434 1476 5490 illos
1507 5436 1720 5491 invecta
1755 5445 1921 5492 esset.
1952 5436 2059 5491 Ve-

484 5535 605 5574 rum
632 5531 723 5577 tua
773 5524 920 5579 haud
948 5524 1024 5578 ita
1064 5523 1302 5589 habent;
1332 5540 1433 5581 nec
1466 5528 1561 5581 tali
1595 5528 1802 5584 auxilio
1849 5544 2055 5583 novum

488 5610 746 5677 populum
770 5615 939 5667 tueris
984 5628 1047 5668 ac
1084 5615 1326 5685 protegis
1353 5631 1366 5669 :
1392 5617 1523 5688 quin
1577 5625 1633 5673 et
1660 5620 1816 5689 prius
1852 5619 1919 5677 iis
1954 5621 2049 5691 qui

561 5785 600 5813 ¹²
638 5783 769 5841 Luc.
809 5804 846 5853 ι,
880 5791 969 5843 47.
1051 5793 1093 5823 ¹³
1123 5792 1141 5845 l
1177 5792 1407 5867 Beg.'_lv,
1442 5796 1476 5848 4
1507 5812 1623 5866 scq.

2152 4804 2316 4854 κάκεῖ
2338 4803 2399 4855 τὸ
2426 4802 2611 4872 τίμιον
2640 4802 2779 4873 αὐτῇ
2823 4800 3128 4865 διασώζων,
3158 4799 3316 4852 νόσου
3372 4799 3553 4867 πληγῇ
3606 4796 3742 4857 τοὺς

2163 4892 2718 4961 αἰχμαλωτεύσαντας
2756 4893 3119 4962 τιμωρεῖται·
3150 4889 3245 4941 καὶ
3276 4891 3335 4956 ⁹οἱ
3371 4887 3593 4957 φαύλως
3640 4885 3743 4938 ὑπ’

2155 4982 2380 5035 ἐκείνων
2394 4982 2696 5053 τιμώμενοι
2719 4982 2853 5046 θεοὶ,
2885 4981 3078 5052 κέρδος
3104 4980 3206 5050 τῆς
3232 4978 3506 5048 τοσαύτης
3529 4978 3746 5048 λαφυρ-

2156 5073 2399 5142 αγωγίας
2453 5075 2551 5145 τὴν
2602 5073 2753 5143 σφῶν
2774 5072 3109 5143 λαμϐάνουσι
3140 5071 3368 5137 πτῶσιν,
3392 5071 3455 5123 ού
3481 5066 3746 5138 δυνηθέν-

2161 5182 2248 5227 τες
2275 5166 2368 5218 ἐπὶ
2413 5166 2512 5234 τῆς
2548 5165 2684 5229 ίδίας
2730 5164 2986 5218 ἵστασθαι
3037 5164 3281 5235 βάσεως·
3340 5161 3456 5216 ἀλλ’
3506 5163 3585 5223 είς
3628 5160 3743 5229 γῆν

2163 5257 2596 5327 συντριϐόμενοι,
2628 5256 2763 5327 ὁμοῦ
2813 5260 2879 5327 τῇ
2928 5257 3028 5327 τῆς
3078 5253 3314 5309 κιϐωτοῦ
3363 5255 3496 5326 παρ’
3540 5254 3747 5317 αὐτοὺς

2161 5346 2479 5400 είσελεύσει.
2534 5346 2676 5399 Ἀλλ’
2698 5346 2818 5416 οὐχὶ
2844 5346 2912 5399 τὰ
2942 5346 3010 5399 σὰ
3034 5344 3280 5409 τοιαῦτα,
3310 5345 3432 5398 ούδέ
3469 5342 3748 5411 τοσαύτης

2162 5436 2240 5507 τῷ
2265 5436 2370 5506 νέῳ
2410 5436 2525 5507 λαῷ
2569 5436 2723 5508 παρὰ
2769 5436 2864 5490 σοῦ
2901 5437 3154 5506 μέτεστιν
3184 5436 3560 5505 ἀντιλήψεως’
3602 5433 3748 5486 ἀλλὰ

2160 5530 2255 5582 καὶ
2292 5529 2559 5599 πρότερον
2617 5531 2900 5594 παντελῶς
2945 5525 3066 5583 οὖσι
3114 5528 3746 5600 καταπεπολεμωμένοις

2160 5622 2266 5677 ὑπὸ
2293 5622 2403 5678 τῶν
2449 5622 2659 5692 κακῶν,
2693 5625 2982 5696 ἐπήμυνας
3004 5641 3019 5657 ο
3051 5625 3146 5679 καὶ
3173 5622 3269 5679 νῦν
3294 5623 3416 5695 οὐχὶ
3446 5622 3608 5692 μόνον
3650 5623 3745 5675 ἐπ’
