4072 6450
378 364 481 425 169
1112 362 1393 424 ORATIO
1417 362 1572 423 XIV.
1604 388 1673 400 -
1707 363 1790 427 ΙΝ
1845 365 1911 425 B.
1954 364 2217 425 MARI/E
2248 362 2841 433 ASSUMPTIONEM
3542 372 3643 437 170

366 476 593 542 εὐθείας
626 476 741 533 τῶν
773 479 1129 550 ἐνταλμάτων
1168 478 1291 534 ὁδοῦ
1325 480 1565 551 βαδίζειν
1594 484 1967 554 προαιρουμέ-

2070 500 2101 539 a
2130 485 2290 542 malis
2323 488 2543 557 penitus
2593 489 2810 547 fuerant
2865 490 3147 557 debellati,
3180 503 3338 561 Opem
3409 492 3583 549 tulisti
3621 508 3637 547 :

367 588 487 627 νων
514 571 548 642 η
573 570 729 639 παρὰ
768 568 864 623 σοῦ
902 571 1126 641 βοήθεια
1167 572 1483 641 συνέπεται,
1511 572 1647 627 ἀλλὰ
1680 575 1776 627 καὶ
1814 576 1953 646 πρὸς

2070 593 2321 648 muneque
2351 579 2543 649 etiam,
2572 582 2774 637 nedum
2809 582 2920 638 illis
2968 582 3146 637 facilis
3169 583 3324 646 ades,
3359 583 3455 653 qui
3496 582 3640 637 viam

364 662 477 732 τὴν
522 661 776 715 ἐναντίαν
827 662 1272 733 ἐκτρεπομένοις,
1311 663 1604 736 καὶταύτῃ
1634 665 1859 729 ἐνδίκως
1884 665 1955 720 ἂν

2070 668 2363 723 iivinorum
2388 671 2765 726 mandatorum
2784 672 3071 738 insistunt,
3097 671 3189 728 sed
3219 681 3274 726 et
3298 670 3366 727 iis
3385 673 3478 741 qui
3509 687 3643 727 eon-

366 754 603 823 δφλουσι
642 752 861 824 ποινὴν,
887 753 1118 826 εὑρίσκῃ
1161 755 1482 827 ἀποχρῶσα,
1527 757 1619 811 καὶ
1659 757 1758 827 τῆς
1799 756 1955 828 δίκης

2070 759 2224 813 .raria
2252 758 2339 813 via
2370 759 2646 827 incedunt,
2694 777 2758 817 ac
2787 760 3014 832 proinde
3048 761 3228 832 pcenis
3280 775 3341 817 se
3374 762 3642 817 obnoxios

369 846 506 910 τοὺς
533 844 756 916 ἐνόχους
784 844 1167 915 ἐξαιρουμένη.

444 1032 791 1105 Δυσωπεῖται
818 1030 927 1102 γάρ
962 1047 1021 1083 σε
1051 1030 1184 1095 Θεὸς
1212 1032 1311 1102 τὴν
1339 1035 1750 1106 πανιερωτάτην
1780 1035 1949 1089 αὑτοῦ

371 1122 647 1188 Κιϐωτδν,
695 1122 795 1176 καὶ
848 1120 1231 1192 χρηστεύεται,
1285 1123 1423 1195 πρὸς
1467 1124 1596 1189 τοὺς
1643 1125 1746 1179 οὑκ
1792 1126 1956 1190 ὄντας

378 1216 562 1282 ἀξίους
606 1211 977 1285 χρηστότητος
998 1230 1013 1243 ·
1075 1215 1172 1267 καὶ
1223 1213 1323 1284 τῆς
1354 1214 1511 1285 δίκης
1540 1216 1756 1288 ἀφίησι,
1777 1234 1958 1290 παρα-

379 1306 577 1363 κλίνων
601 1307 671 1359 τὰ
695 1304 795 1371 τῆς
819 1303 976 1375 δίκης
1010 1304 1173 1373 ζυγὰ,
1216 1307 1693 1377 προσωπολήπτης
1720 1308 1810 1362 διὰ
1859 1308 1959 1380 τὴν

380 1396 478 1467 τὴν
508 1395 671 1460 ἀξίαν
691 1392 1007 1465 γενόμενος,
1048 1394 1284 1448 καὶτῶν
1338 1396 1540 1468 χειρῶν
1586 1396 1687 1467 τὴν
1739 1396 1961 1453 ἔκτασιν

383 1484 799 1554 εὐλαϐούμενος,
852 1484 911 1538 αϊ
935 1483 1110 1554 τούτῳ
1133 1484 1421 1553 γεγόνασιν
1470 1486 1677 1557 ὄχημα.
1728 1488 1806 1542 Οὐ
1850 1487 1960 1560 γὰρ

387 1580 633 1650 ἐνέχεται
700 1578 953 1650 παρορᾷν
1011 1578 1181 1642 αὐτὰς
1232 1579 1567 1650 αίρομένας·
1613 1581 1750 1653 πρὸς
1810 1581 1962 1645 ἔλεος

390 1671 684 1735 amarat,
740 1670 839 1723 καὶ
888 1669 1010 1722 λύει
1040 1670 1346 1741 συμπαθῶς
1374 1670 1444 1725 τὰ
1480 1670 1638 1743 χρέα,
1666 1673 1765 1742 τῆς
1822 1673 1955 1744 παρ’

386 1763 539 1817 16:06
601 1761 771 1828 ἀξιῶν
820 1760 1131 1832 εὐμενείας,
1172 1762 1290 1816 ἀνθ’
1320 1757 1390 1834 ἦς
1441 1758 1509 1834 ἦν
1535 1763 1685 1829 ἄξιον
1703 1765 1961 1836 ὑποσχεῖν

2052 847 2311 913 reddunt,
2332 858 2526 918 potens
2553 850 2770 905 abunde
2794 851 2861 905 ad
2891 850 3283 922 protectionem
3322 848 3598 906 inveneris
3621 890 3637 915 ,

2056 952 2263 1007 eosque
2291 953 2321 992 a
2349 941 2558 996 meritis
2594 941 2882 1013 suppliciis
2927 942 3115 1011 eripis.

2133 1026 2436 1087 Reveretur
2511 1034 2658 1087 enim
2718 1032 2865 1090 Deus
2947 1032 3377 1090 sacratissimam
3438 1033 3635 1086 Arcam

2058 1136 2237 1187 suam,
2262 1122 2668 1195 benignumque
2720 1139 2780 1180 se
2807 1124 3028 1181 exhibet
3054 1125 3146 1193 iis,
3172 1126 3265 1196 qui
3294 1124 3629 1195 benignitate

2058 1214 2269 1285 indigni
2302 1226 2469 1283 sunt;
2507 1230 2780 1287 poenaque
2804 1216 2995 1283 solvit,
3056 1232 3123 1272 ac
3151 1215 3380 1286 iustitia:
3422 1215 3634 1269 lancem

2059 1306 2325 1373 declinat,
2361 1308 2581 1378 alioque
2612 1308 2802 1373 vertit,
2839 1308 2916 1363 tui
2947 1308 3163 1363 ratione
3190 1308 3339 1363 velut
3371 1320 3637 1377 persona-

2064 1412 2187 1452 rum
2235 1406 2552 1470 acceptator
2575 1398 2788 1467 factus,
2838 1414 2903 1455 ac
2935 1415 3198 1455 manuum
3252 1398 3637 1454 extensionem

2060 1488 2352 1554 reveritus,
2386 1506 2508 1562 quae
2556 1491 2660 1562 ipsi
2707 1491 3020 1548 vehiculum
3056 1490 3297 1545 fuerunt.
3352 1487 3463 1543 Nec
3490 1488 3635 1543 enim

2060 1581 2270 1651 patitur
2290 1589 2352 1636 ut
2384 1582 2631 1639 sublatas
2658 1583 2962 1654 despiciat;
2995 1581 3292 1638 inﬂectitur
3343 1574 3414 1635 ad
3470 1580 3634 1634 mise-

2060 1673 2380 1740 ricordiam,
2401 1689 2466 1729 ac
2480 1673 2665 1729 debita
2691 1675 2991 1732 clementer
3013 1673 3264 1735 remittit,
3283 1685 3383 1727 sua
3402 1668 3634 1740 dignans

2062 1765 2458 1835 placabilitate,
2499 1766 2705 1836 quibus
2744 1767 2939 1821 merito
2969 1779 3132 1834 poena
3170 1762 3461 1833 irroganda
3492 1770 3632 1816 erat.

382 1856 666 1927 τιμωρίας.
699 1856 815 1908 Οὐκ
842 1855 939 1909 οὖν
972 1856 1080 1925 ὅπη
1114 1855 1180 1925 σὴ
1227 1857 1527 1928 παρουσία,
1561 1858 1671 1911 τῶν
1701 1858 1960 1912 ἐναντίων

2070 1856 2203 1928 Ergo
2240 1856 2333 1911 ubi
2388 1864 2450 1912 tu
2474 1872 2715 1928 praesens
2744 1872 2827 1922 es,
2860 1856 3011 1910 nulla
3046 1854 3376 1909 adversariis
3409 1858 3637 1921 superat

379 1948 631 2019 ηδμιλία
680 1948 950 2019 λαμϐάνει
1005 1950 1105 2019 τὴν
1152 1949 1470 2020 παρρησίαν
1500 1967 1514 1982 ·
1573 1949 1683 2004 οὐδ’
1716 1950 1962 2021 εὑρίσκει

379 2039 566 2111 χώραν
604 2040 673 2095 τὰ
712 2038 1016 2110 σκυθρωπὰ
1063 2042 1168 2110 τῆς
1196 2041 1299 2111 σῆς
1324 2040 1801 2112 ἐπιχωριαζούσης
1831 2059 1961 2112 φαι-

381 2130 666 2200 δρότητος.
706 2130 827 2185 ’Δπ’
868 2130 1045 2201 ἀρχῆς
1062 2132 1172 2201 γὰρ
1202 2132 1280 2195 είς
1307 2130 1511 2202 κόσμον
1536 2130 1834 2201 παριοῦσα,
1868 2132 1964 2185 ἐπὶ

388 2222 723 2292 φαιδροτέρῃ.
754 2221 934 2275 τούτου
991 2222 1347 2289 καταστάσει,
1382 2222 1481 2292 τὴν
1533 2221 1703 2293 αὐτὴν
1732 2222 1820 2275 ἀεὶ
1841 2222 1961 2277 δια-

398 2308 598 2374 σῶζεις
657 2310 982 2382 προαίρεσιν,
1038 2312 1139 2383 τῆς
1195 2311 1309 2366 τῶν
1352 2311 1544 2379 δεξιῶν
1573 2310 1844 2382 χορηγίας
1898 2311 1960 2364 οὐ

401 2398 660 2470 λήγουσα.

466 2486 572 2544 Ἦν
618 2492 803 2557 αὐτοῖς
833 2496 927 2550 καὶ
954 2495 1145 2567 λυχνία
1172 2494 1367 2566 φώτων
1419 2494 1678 2565 ἐϐδομάδι
1731 2511 1964 2565 περιαυ-

390 2583 687 2656 γαξομένη,
739 2586 835 2639 καὶ
882 2586 1119 2657 στάμνος
1169 2585 1263 2641 τοῦ
1318 2587 1493 2657 μάννα
1538 2587 1766 2657 ταμεῖον
1798 2601 1813 2617 ⁶
1869 2586 1966 2641 καὶ

383 2673 584 2742 ῥάϐδος
613 2677 713 2743 τῆς
736 2676 837 2746 σῆς
853 2677 1151 2749 παρθενίας
1179 2678 1553 2750 ἀνθοφοροῦσα
1570 2677 1632 2731 τὸ
1656 2678 1925 2748 κήρυγμα
1946 2693 1960 2709 ’

382 2765 477 2816 καὶ
510 2764 582 2817 τὰ
631 2764 789 2834 ἄλλα,
843 2761 924 2831 οἷς
958 2768 1100 2836 μέγα
1152 2768 1380 2832 εἰκότως
1432 2768 1657 2838 ἐφρόνει
1696 2770 1757 2821 τὸ
1785 2767 1960 2832 ἔθνος,

381 2853 537 2922 παρὰ
581 2854 761 2909 πάντα
813 2856 884 2909 τὰ
937 2856 1087 2929 ἔθνη.
1136 2858 1278 2911 Ἀλλ’
1316 2858 1643 2929 ὑπεχώρησε
1676 2858 1817 2929 μετὰ
1866 2857 1963 2912 τοῦ

386 2942 597 2999 κλεινοῦ
653 2946 918 3017 ὀνόματος
955 2950 1136 3005 αὐτῶν
1160 2992 1176 3018 ,
1201 2951 1297 3005 καὶ
1345 2951 1447 3021 τῆς
1482 2951 1832 3023 σεμνότητος.
1892 2951 1963 3004 Σὲ

391 3037 494 3107 γὰρ
520 3040 987 3110 σκιαγραφοῦντα,
1020 3045 1089 3114 τῇ
1112 3045 1179 3113 σῇ
1205 3043 1413 3114 ἐκρύϐη
1445 3043 1758 3115 ἐπιφανείᾳ.
1791 3044 1963 3115 Φαίνῃ

2061 1951 2321 2022 loquendi
2369 1950 2605 2015 ﬁducia;
2648 1949 2858 2004 nullum
2893 1948 3074 2003 tristia
3107 1947 3287 2002 locum
3317 1944 3632 2007 inveniunt.

2061 2039 2157 2095 ubi
2220 2040 2301 2095 tui
2364 2039 2675 2111 splendoris
2705 2038 2890 2093 laetitia
2962 2036 3204 2107 aﬂ‘ulget.
3259 2034 3396 2090 Cum
3426 2036 3632 2088 enima

2063 2130 2338 2201 principio
2365 2130 2421 2184 in
2454 2129 2604 2184 hunc
2628 2128 2895 2183 mundum
2928 2127 3167 2191 veneris,
3203 2132 3263 2178 ut
3290 2124 3415 2179 laeto
3458 2121 3633 2191 magis

2062 2231 2207 2280 statu
2237 2235 2615 2293 componeres,
2646 2220 2892 2277 eamdem
2909 2233 3122 2288 semper
3148 2216 3351 2272 retines
3381 2214 3632 2284 volupta-

2064 2325 2195 2383 tem,
2244 2329 2347 2371 nec
2394 2328 2636 2384 unquam
2676 2310 2943 2368 beneﬁcia
2980 2309 3141 2366 nobis
3192 2316 3457 2381 praestare
3513 2320 3633 2361 ces-

2063 2420 2181 2462 833.

2133 2494 2267 2549 Erat
2304 2491 2571 2549 lsraelitis
2602 2507 2823 2563 quoque
2868 2491 3276 2557 candelabrum,
3322 2488 3633 2560 septenario

2064 2586 2334 2641 luminum
2390 2584 2604 2655 fulgore
2659 2584 3051 2655 conspicuum;
3092 2591 3145 2639 et
3201 2597 3358 2649 urna,
3414 2582 3469 2635 in
3526 2598 3635 2652 qua

2066 2693 2265 2733 manna
2294 2677 2655 2742 servabatur;
2685 2684 2739 2732 et
2777 2675 2953 2745 virga,
2984 2673 3322 2745 virginitatis
3355 2681 3461 2727 tua:
3494 2686 3635 2742 prae-

2064 2770 2306 2834 conium,
2334 2769 2491 2839 quasi
2522 2767 2709 2823 florem
2758 2766 3052 2831 emittens;
3085 2774 3140 2820 et
3180 2764 3235 2819 id
3284 2778 3458 2835 genus
3507 2762 3636 2825 alia,

2067 2863 2268 2933 quibus
2296 2861 2445 2916 natio
2464 2860 2555 2915 illa
2577 2859 2769 2914 merito
2808 2873 2976 2928 super
3017 2872 3212 2912 omnes
3238 2857 3491 2910 nationes
3514 2868 3638 2910 sese

2065 2955 2342 3010 efferebat.
2383 2952 2582 3007 Verum
2612 2958 2961 3006 recesserunt
2988 2949 3102 3003 haec
3132 2948 3346 3011 omnia,
3374 2962 3500 3001 cum
3548 2946 3640 3000 in.

2067 3048 2212 3120 clyto
2244 3060 2434 3102 eorum
2484 3044 2707 3099 nomine
2758 3056 2823 3097 ac
2854 3042 3166 3111 majestate.
3220 3038 3355 3094 Cum
3409 3034 3556 3092 enim
3585 3042 3641 3090 te

389 3126 446 3181 δέ
482 3128 591 3199 ἄρα
617 3131 652 3201 ἠ
697 3132 964 3202 άείφωτος
1000 3134 1063 3187 σὺ
1112 3134 1325 3206 λυχνία,
1380 3135 1476 3189 τοῦ
1531 3135 1811 3190 σκοτεινοῦ
1872 3138 1966 3190 καὶ

2070 3139 2487 3203 adumbrarent,
2519 3136 2755 3191 adventu
2787 3134 3013 3205 fulgoris
3039 3134 3119 3188 tui
3153 3131 3337 3187 abdita
3369 3137 3519 3185 sunt.
3557 3126 3641 3182 Tu

384 3220 709 3292 ῥυσαμένη,
766 3225 864 3277 καὶ
929 3226 1167 3296 ῥυομένη
1227 3227 1463 3282 θανάτου
1512 3225 1611 3297 τῆς
1669 3211 1964 3299 ἁμαρτίας.

387 3312 723 3379 Εὐωδιάζεις
743 3317 836 3370 τὸν
866 3319 1068 3389 κόσμον
1099 3321 1166 3390 τῇ
1194 3322 1261 3392 σῇ
1285 3321 1398 3374 τῶν
1425 3320 1605 3376 καλῶν
1632 3320 1951 3393 ἀνθοφορίᾳ.

397 3400 467 3454 Ἦ
503 3404 564 3456 τὸ
587 3403 750 3469 ἄνθος
804 3407 1118 3479 άνασχοῦσα
1143 3410 1242 3481 τῆς
1292 3411 1591 3482 σωτηρίας,
1616 3410 1838 3482 τρέφεις
1888 3410 1968 3483 τῷ

391 3491 459 3544 ἐκ
491 3494 582 3547 σοῦ
602 3497 973 3569 πεφυραμένῳ
1018 3497 1218 3569 ξωηρῷ
1256 3499 1427 3571 ἄρτῳ.
1484 3500 1761 3572 Πηγάζεις
1810 3502 1967 3555 ἀδια-

388 3583 625 3651 λείπτως
682 3588 783 3651 τὰς
828 3589 1059 3662 δωρεὰς,
1108 3593 1203 3647 κα)⁵
1266 3595 1332 3664 τῇ
1355 3593 1566 3665 ἀεννάῳ
1615 3593 1801 3665 βλύσει
1859 3595 1971 3650 τῶν

387 3680 795 3751 χρηστοτέρων,
842 3682 1074 3755 τὴντῶν
1107 3686 1485 3757 περιστάσεων
1544 3689 1717 3757 φορὰν
1768 3689 1969 3741 ἀνακό-

393 3783 576 3832 πτεις.
633 3770 963 3837 Σκεδάζεται
1011 3775 1112 3843 τῆς
1153 3776 1394 3846 ἀθυμίας
1422 3776 1492 3830 τὰ
1540 3778 1699 3849 νέφη,
1732 3778 1822 3833 διὰ.
1874 3779 1969 3834 σοῦ

386 3860 612 3930 αίθρίας
638 3863 731 3917 τὸν
783 3864 897 3937 βίον
926 3866 1316 3938 άγλαῖζούσης.
1363 3869 1682 3925 Ἐλαύνεται
1714 3871 1883 3944 πάθη,
1909 3872 1972 3926 τὸ

389 3953 626 4026 φοϐερὸν
678 3957 790 4011 τῶν
842 3959 1106 4014 κινδύνων
1160 3961 1242 4024 είς
1295 3961 1482 4016 ἄνεσιν
1513 3964 1915 4033 μεταϐάλλεται
1949 3982 1966 4000 ο

388 4044 565 4112 οὐδὲν,
590 4045 620 4099 ὃ
651 4046 726 4117 μὴ
772 4049 1133 4119 παραγίνεται
1168 4050 1278 4105 τῶν
1328 4054 1601 4122 χρηστῶν,
1664 4054 1759 4108 σοῦ
1790 4055 1972 4122 βουλο-

392 4139 564 4208 μένης
598 4155 615 4171 ·
651 4141 744 4194 καὶ
804 4140 957 4196 οὐδὲν
985 4142 1014 4196 ὃ
1048 4142 1125 4215 μὴ
1156 4143 1347 4213 φεύγει
1376 4145 1485 4198 τῶν
1532 4147 1812 4214 ἐναντίων,
1874 4150 1968 4203 σοῦ

388 4230 744 4303 ἁμυνούσης⁶
788 4235 1077 4289 κατανεύει
1124 4237 1234 4308 γὰρ
1282 4237 1370 4290 ἀεὶ
1397 4239 1489 4291 ἐπὶ
1535 4241 1693 4303 πᾶσι,
1750 4243 1845 4295 καὶ
1878 4242 1961 4295 δί-

389 4322 525 4377 δωσι
558 4326 739 4381 πάντα
766 4325 854 4382 διὰ
871 4326 985 4397 σού,
1016 4331 1044 4384 ὁ
1071 4330 1157 4383 ἐπ’
1184 4330 1472 4401 εὐεργεσίᾳ
1497 4331 1590 4385 τοῦ
1624 4332 1965 4405 πλάσματος,

388 4416 495 4486 τὴν
530 4416 628 4488 σὴν
657 4419 738 4481 είς
766 4418 857 4473 τὸν
890 4419 1003 4490 βίον
1058 4421 1290 4492 πάροδον
1339 4422 1611 4487 δεδωκὼς,
1654 4424 1712 4492 ἐξ
1746 4418 1808 4479 οὗ
1833 4426 1972 4495 ’πρὸς

2074 3245 2225 3296 vero,
2269 3238 2528 3299 tanquam
2560 3234 2822 3297 perpetuo
2852 3224 3055 3279 lumine
3098 3224 3484 3279 collustratum
3508 3234 3643 3275 can-

2068 3320 2355 3376 delabrum
2384 3320 2575 3373 lucens
2602 3332 2634 3372 a
2659 3316 2872 3387 peccati
2904 3314 3195 3370 tenebrosa
3227 3321 3404 3367 morte
3426 3311 3645 3374 eruisti,

2069 3411 2276 3484 pariter
2302 3418 2466 3480 atque
2489 3408 2661 3466 eruis.
2694 3407 2953 3462 Mundum
2997 3413 3172 3459 totum
3205 3413 3424 3459 tuarum
3469 3402 3645 3456 virtu-

2072 3512 2189 3559 tum
2218 3502 2445 3557 ﬂoribus
2473 3501 2610 3555 bene
2660 3498 2901 3554 olentem
2938 3496 3129 3552 efﬁcis.
3190 3494 3398 3550 Ferens
3450 3492 3644 3549 salutis

2071 3595 2282 3657 ﬂorem,
2315 3592 2569 3647 eumdem
2602 3591 2843 3645 vitaliex
2890 3597 2943 3645 te
2969 3588 3221 3644 confecto
3258 3601 3399 3657 pane
3447 3584 3568 3640 alis.
3598 3586 3645 3637 Α

2072 3694 2125 3741 te
2154 3684 2534 3740 indesinenter
2556 3682 2843 3748 beneﬁcia,
2872 3682 3029 3753 quasi
3070 3696 3139 3737 ex
3198 3679 3349 3735 fonte
3398 3684 3645 3740 manant,

2067 3779 2299 3850 jugique
2345 3777 2437 3831 illa
2497 3777 2772 3831 bonorum
2827 3775 3187 3845 scaturigine,
3247 3771 3645 3833 calamitatum,

2071 3884 2211 3939 quas
2241 3867 2501 3938 patimur,
2556 3865 2978 3934 impressionem
3039 3877 3103 3917 ac
3139 3876 3365 3917 cursum
3397 3859 3645 3914 cohibes.

2070 3960 2419 4029 Dissipantur
2450 3957 2686 4011 tristitiae
2709 3956 2918 4035 nubila,
2936 3961 3065 4010 dum
3093 3953 3273 4007 nitore
3298 3960 3394 4005 tuo
3422 3962 3648 4005 serenas

2070 4054 2261 4108 vitam.
2294 4050 2576 4121 Fugantur
2605 4049 2783 4104 morbi
2815 4064 2829 4100 :
2864 4046 3240 4118 periculorum
3271 4052 3451 4099 terror
3479 4044 3536 4096 in
3560 4056 3651 4097 se-

2073 4146 2365 4202 curitatem
2398 4149 2775 4197 commutatur
2814 4158 2828 4194 :
2867 4139 3007 4194 nihil
3034 4154 3143 4193 non
3172 4136 3329 4192 adest
3348 4138 3645 4198 bonorum,

2072 4247 2133 4291 ut
2164 4237 2281 4306 ipsa
2311 4235 2447 4288 velis
2480 4249 2492 4284 :
2524 4232 2847 4302 nullumque
2871 4230 3075 4285 malum
3114 4228 3259 4299 quod
3280 4242 3386 4282 non
3418 4225 3648 4296 propul-

2072 4337 2243 4392 setur,
2274 4324 2436 4380 modo
2459 4339 2617 4394 opem
2651 4323 2864 4378 tuleris.
2891 4322 3101 4376 Annuit
3122 4320 3267 4375 enim
3295 4319 3348 4373 in
3368 4316 3648 4378 omnibus,

2073 4438 2138 4478 ac
2169 4428 2333 4492 perte
2354 4419 2541 4474 omnia
2563 4418 2815 4489 largitur,
2842 4417 2961 4487 qui,
2990 4424 3052 4471 ut
3084 4413 3347 4470 beneficio
3379 4410 3648 4482 singulari

389 4507 484 4559 τὸν
536 4508 843 4579 ἀπέραντον
894 4513 1359 4584 διαπεραιουμένη
1418 4514 1532 4586 βίον
1557 4554 1574 4575 .
1625 4519 1781 4589 κοινῇ
1836 4535 1967 4587 προ-

2085 4514 2400 4584 figmentum
2445 4525 2604 4565 suum
2653 4508 2915 4572 alliceret,
2944 4507 2998 4561 in
3038 4507 3179 4561 hanc
3209 4513 3264 4559 te
3296 4504 3461 4557 vitam
3493 4501 3649 4557 nasci

391 4598 611 4668 ετρέψω
623 4602 1037 4673 πανηγυρίζειν,
1056 4603 1151 4667 οὓς
1164 4621 1225 4657 τε
1247 4606 1453 4668 ἐκεῖνος
1479 4608 1537 4659 ἐν
1560 4606 1752 4679 βαθείᾳ
1776 4609 1983 4683 γαλήνῃ

394 4691 850 4761 προσορμοῦντας
903 4693 1044 4764 ἔχει,
1099 4696 1195 4749 καὶ
1246 4696 1341 4762 οὓς
1394 4692 1549 4761 οὗτος
1600 4700 1855 4761 ἀστάτοις
1902 4699 1983 4753 ἔτι

392 4785 687 4851 περιφέρει
753 4786 873 4847 ταῖς
921 4785 1288 4859 παλιρροίαις.
1358 4789 1443 4852 Ὠς
1506 4788 1613 4859 γὰρ
1655 4789 1859 4859 ,αὐτῶν
1921 4807 1983 4843 τε

390 4869 733 4935 δεσπόζουσα
783 4875 880 4928 καὶ
938 4854 1115 4946 ἡμῶν,
1155 4878 1245 4947 ὑφ’
1298 4854 1828 4951 ἐκατέραςίλῆξεως
1889 4880 1983 4935 ἀν-

394 4966 568 5034 υμνῇ.

482 5235 653 5303 Ἀλλ’,
681 5229 727 5291 ὦ
774 5237 1040 5309 Παρθένε,
1078 5240 1172 5294 καὶ
1204 5241 1417 5313 Μῆτερ,
1454 5245 1487 5313 ἡ
1544 5243 1837 5313 παρθενίαν
1889 5247 1984 5299 καὶ

396 5327 585 5391 τόκον,
635 5327 705 5384 τὰ
765 5329 903 5383 πολὺ
959 5331 1133 5385 ταῦτα
1182 5331 1466 5400 διεστῶτα,
1496 5334 1591 5388 ἐπὶ
1622 5334 1708 5389 σοὶ
1758 5335 1979 5403 δείξασα

398 5418 678 5489 ἡνωμένα.
706 5415 777 5471 Ὦ
825 5421 1026 5492 σκέπη,
1088 5422 1186 5477 καὶ
1242 5424 1606 5495 καταφύγιον,
1637 5426 1733 5481 καὶ
1758 5428 1979 5499 ἄγκυρα

394 5512 605 5583 κόσμον
646 5511 768 5568 ὅλον
795 5515 855 5567 ἐν
885 5515 1050 5585 ἐαυτῇ
1077 5515 1357 5587 κρατοῦσά
1394 5534 1479 5584 τε,
1514 5518 1609 5573 καὶ
1636 5518 1977 5591 περισώζουο

395 5620 489 5657 σα.
515 5602 668 5676 Αὑτη
732 5621 815 5659 σοι
845 5605 979 5677 παρ’
1008 5606 1167 5677 ἡμῶν
1214 5609 1250 5680 ή
1300 5608 1396 5662 τοῦ
1435 5608 1596 5679 λόγου
1638 5612 1983 5683 προσένεξις,

392 5694 498 5765 τὴν
523 5694 647 5765 σὴν,
697 5696 826 5751 ὅσον
888 5699 1022 5768 ἡμῖν
1070 5698 1278 5769 ἐξήκει,
1333 5701 1551 5771 τιμῶσα
1603 5702 1979 5772 μετάστασιν·

394 5787 535 5859 πρὸς
568 5787 659 5859 ἣν,
698 5789 831 5862 παρ’
882 5790 1105 5857 ἐλπίδας
1162 5792 1273 5848 τῶν
1322 5794 1423 5849 οὐκ
1466 5788 1526 5851 e6
1554 5797 1653 5861 τὰς
1677 5798 1977 5868 ἡμετέρας,

2081 4605 2397 4668 concessit;
2448 4616 2515 4656 ex
2550 4614 2659 4670 quo
2708 4598 2967 4653 nimirum
2997 4597 3064 4652 ad
3095 4594 3552 4650 interminabilem
3586 4593 3651 4645 il-

2081 4693 2187 4747 lam
2245 4691 2627 4746 transmittens
2683 4688 2876 4753 vitam,
2940 4687 3247 4742 communis
3288 4682 3413 4739 festi
3453 4683 3650 4753 gaudia

2080 4779 2387 4851 praebuisti,
2419 4779 2624 4833 tumiis
2657 4792 2797 4847 quos
2837 4778 2947 4831 vita
2974 4776 3065 4829 illa
3116 4776 3169 4828 in
3213 4783 3431 4843 portum
3492 4786 3650 4827 recc-

2079 4886 2225 4943 ptos,
2255 4870 2362 4924 alta
2404 4870 2649 4924 fruentes
2696 4867 3094 4937 tranquillitate
3126 4865 3290 4921 habet
3333 4882 3346 4918 :
3408 4873 3525 4919 tum
3561 4864 3651 4931 iis,

2078 4979 2220 5035 quos
2244 4963 2349 5019 ista
2392 4961 2744 5017 instabilibus
2771 4969 2827 5013 et
2848 4958 3149 5029 reciprocis
3184 4958 3338 5028 quasi
3370 4956 3650 5016 ﬂuctibus.

2080 5056 2775 5126 hactenus'circumagitat.
2812 5050 2879 5108 Ut
2908 5051 3054 5106 enim
3094 5051 3315 5105 illorum
3340 5050 3568 5119 pariter,
3590 5061 3655 5101 ac

2082 5158 2269 5205 nostra
2297 5150 2549 5215 Domina,
2578 5150 2648 5203 ab
2678 5147 2928 5217 utrisque
2962 5146 3227 5203 laudaris.

2151 5242 2245 5309 At,
2278 5257 2312 5295 ο
2342 5239 2528 5311 Virgo,
2554 5248 2609 5294 et
2642 5250 2833 5305 mater,
2888 5252 3011 5308 quae
3044 5237 3412 5308 virginitatem
3441 5242 3495 5288 et
3526 5248 3653 5304 par-

2082 5342 2219 5400 tum,
2260 5349 2349 5388 res
2389 5334 2471 5389 sic
2497 5332 2767 5397 diversas,
2798 5332 2853 5385 in
2882 5341 2936 5386 te
2966 5329 3299 5400 coniunctas
3336 5326 3652 5381 ostendisti.

2086 5424 2131 5481 0
2159 5424 2448 5496 protectio,
2488 5431 2543 5477 et
2594 5422 2924 5493 perfugium,
2969 5430 3134 5491 atque
3157 5419 3427 5482 anchora,
3473 5424 3652 5472 totum

2086 5520 2140 5573 iu
2182 5527 2232 5573 te
2276 5516 2541 5572 mundum
2589 5524 2785 5572 tenens
2828 5526 3298 5583 conservansque.
3357 5509 3476 5566 Hoc
3541 5526 3648 5581 ego

2086 5611 2358 5668 orationis
2391 5624 2593 5664 munus
2633 5608 2734 5663 tibi
2764 5607 2932 5672 dono,
2977 5614 3085 5660 tua:
3140 5602 3523 5660 translationis
3557 5618 3658 5673 pro

2084 5704 2296 5762 viribus
2327 5701 2663 5759 honorandae
2689 5699 2864 5773 gratia
2910 5716 2926 5755 :
2957 5698 3027 5755 ad
3047 5697 3208 5769 cujus
3228 5698 3657 5759 solemnitatem,

2096 5805 2293 5871 praeter
2321 5811 2471 5865 spem
2500 5810 2688 5853 eorum
2722 5792 2815 5865 qui
2836 5793 2953 5853 dies
2986 5793 3111 5854 vitae
3136 5798 3345 5854 nostra:
3358 5795 3524 5865 (quos
3554 5788 3657 5857 iPSi
