4072 6488
386 383 479 450 171

1608 381 1833 441 LEONI
1843 380 1882 441 S
1922 378 2383 440 PHILOSOPHI

3525 378 3629 444 172

387 513 495 552 non
570 494 1019 563 subministrant)
1085 508 1370 564 perperam
1426 492 1755 558 metiuntur,
1825 493 1989 550 vitae,

2093 487 2165 543 ίον
2211 491 2311 543 οὐκ
2372 490 2479 542 εἰσὶ
2530 491 2776 561 χορηγοὶ,
2806 489 2907 559 τῆς
2955 489 3110 559 ἡμῶν
3161 488 3401 558 βιώσεως
3439 490 3630 559 ἐπιμε-

388 597 590 645 nostrm
647 588 983 642 curriculum
1023 585 1224 640 durare
1273 585 1513 640 voluisti.
1549 582 1629 637 Tu
1664 597 1794 636 vero
1840 581 1959 636 vice

390 679 554 748 hujus
588 678 832 732 muneris
858 684 913 731 et
966 676 1280 738 oblationis,
1318 676 1386 730 da
1436 673 1618 738 nobis,
1671 689 1782 727 non
1832 672 1958 726 vita:

391 772 780 843 longitudinem
812 772 945 840 (non
977 769 1113 825 adeo
1151 785 1269 824 eam
1302 783 1447 830 amo,
1510 780 1689 836 neque
1725 765 1958 820 insatia-

394 864 487 918 bili
519 861 792 917 desiderio
842 860 1005 929 hujus
1046 874 1246 913 amarae
1288 856 1680 928 navigationis,
1713 866 1769 910 et
1797 869 1958 925 quam

394 953 741 1021 conjunctam
775 951 955 1017 habet,
993 950 1328 1022 agitationis,
1358 949 1568 1017 teneor)
1603 964 1618 1000 :
1653 947 1772 1012 sed,
1802 948 1849 1002 si
1888 948 1965 1001 ita

394 1032 690 1109 decretum,
710 1060 810 1100 nos
842 1060 907 1099 ex
925 1049 1026 1098 hac
1056 1045 1163 1097 vita
1183 1044 1506 1105 subducere,
1526 1042 1746 1112 largire,
1762 1049 1821 1095 ut
1838 1057 1967 1112 pec-

394 1145 636 1190 catorum
669 1136 905 1203 pondere
927 1134 1093 1189 lever.
1121 1133 1276 1199 Quod
1299 1134 1343 1188 si
1367 1132 1575 1188 diutius
1596 1132 1649 1186 in
1671 1147 1837 1187 carne
1857 1148 1968 1185 ma-

397 1228 629 1287 nendum
649 1227 773 1290 erit,
793 1225 895 1280 etsi
916 1225 1019 1279 hoc
1038 1224 1155 1280 scio
1170 1224 1500 1295 quibusdam
1523 1224 1796 1294 ingratum
1830 1223 1967 1288 fore,

398 1331 455 1376 tu
472 1322 742 1386 concede,
786 1330 846 1375 ut
891 1329 945 1376 et
976 1321 1109 1391 ipsis
1140 1331 1194 1375 et
1230 1322 1389 1377 nobis
1424 1320 1704 1376 fructuosa
1752 1332 1968 1389 gregem

397 1426 655 1481 pascam;
678 1410 953 1481 simulque
980 1427 1190 1466 mecum
1215 1427 1396 1482 pasce,
1435 1411 1615 1467 ducet
1650 1411 1789 1465 educ
1818 1424 1886 1463 ne
1903 1407 1971 1461 ad

399 1504 632 1560 aliorum
670 1496 895 1573 chrum
940 1504 1210 1558 rationem
1267 1517 1523 1572 supremo
1558 1502 1650 1557 illo
1701 1502 1971 1567 examine,

401 1594 771 1648 damnationis
828 1601 1013 1649 reatus
1064 1604 1289 1664 propter
1303 1593 1551 1649 subditos
1579 1593 1802 1649 accedat
1833 1612 1845 1647 :
1878 1595 1973 1650 sed

404 1693 465 1739 nt
498 1701 689 1742 omnes
718 1687 864 1742 sicut
903 1687 1011 1751 hic,
1054 1689 1130 1741 ita
1177 1696 1232 1741 et
1276 1687 1345 1741 ibi
1383 1686 1753 1741 indesinenter
1776 1686 1974 1741 festum

404 1775 546 1830 diem
576 1785 892 1845 agamus,et
920 1778 1253 1832 collaatemur
1285 1779 1338 1832 in
1373 1778 1463 1831 illa
1488 1778 1975 1848 primogenitorum

405 1867 762 1923 celebritate:
797 1868 851 1921 in
876 1868 1096 1924 Christo
1122 1867 1253 1923 Jesu
1291 1870 1657 1939 primOgenito
1692 1879 1785 1923 tuo
1837 1867 1977 1923 Filio

408 1974 471 2013 ac
498 1958 725 2012 Domino
742 1960 921 2013 omnis
942 1968 1207 2015 creatura:
1238 1976 1437 2031 :quem
1466 1960 1621 2015 decet
1652 1961 1846 2031 gloria,
1882 1975 1981 2031 po-

405 2058 594 2117 testas,
617 2050 853 2105 honoret
874 2050 1120 2106 adoratio
1138 2056 1191 2106 in
1206 2054 1404 2107 saecula
1422 2053 1768 2109 saeculorum.
1788 2055 1979 2107 Amen.

985 2164 1244 2220 ORATIO
1283 2165 1397 2221 XV.

408 2280 688 2336 Dominica
724 2292 841 2350 post
877 2280 1238 2345 Pentecosten,
1268 2283 1501 2351 ejusdem
1532 2284 1656 2351 imp.
1694 2282 1899 2343 Oratio,
1925 2283 1979 2335 in

478 2354 737 2406 universa:
761 2363 917 2406 terrm
948 2364 1162 2406 sanctos
1188 2355 1478 2416 universos,
1524 2353 1735 2423 quando
1778 2355 1980 2422 generis

479 2425 650 2476 nostri
683 2423 1071 2488 adversarium,
1096 2426 1205 2476 suis
1237 2425 1292 2477 in
1338 2425 1710 2476 certaminibus
1743 2434 1983 2489 prostra-

480 2503 686 2562 verunt,
714 2503 764 2547 et
788 2495 1098 2547 universalis
1127 2493 1224 2547 Dei
1254 2492 1496 2547 Ecclesia
1518 2494 1636 2548 illos
1667 2493 1909 2548 honorat.

2059 582 2353 651 τρούντων,
2391 582 2483 635 τὸν
2538 581 2810 652 ἡμέτερον
2840 582 2954 653 βίον
3000 581 3287 652 διαρκέσαι
3311 580 3631 651 εὐδόκησας.

2062 680 2134 731 Σὺ
2167 678 2212 731 δ’
2246 679 2377 749 ἡμῖν
2430 678 2579 746 δοίης
2635 677 2757 733 ἀντὶ
2797 678 2897 748 τῆς
2942 679 3333 749 προσενέξεως,
3369 676 3429 729 οὐ
3460 676 3635 746 μῆκος

2065 770 2179 840 βίου
2217 770 2334 841 (οὐχ
2382 769 2555 834 οὕτως
2603 770 2734 842 ἐρῶ,
2764 771 2876 824 οὐδ’
2913 770 3228 839 ἀκορέστως
3255 768 3364 839 ἔχω
3412 767 3507 821 τοῦ
3534 767 3635 821 ἀλ-

2068 860 2241 931 μυροῦ
2288 861 2477 914 τούτου
2531 861 2688 927 πλοῦ,
2750 864 2843 916 καὶ
2887 862 2987 932 τῆς
3021 861 3258 915 ἐνταῦθα
3280 860 3633 933 περιφορᾶς),

2067 954 2181 1006 ἀλλ’
2216 955 2265 1006 εί
2297 953 2551 1022 κέκριται
2581 953 3004 1024 μεταναστεῦειν
3056 954 3224 1023 ἡμᾶς,
3278 953 3371 1006 τοῦ
3437 953 3639 1023 φόρτου

2065 1045 2174 1098 τῶν
2221 1045 2635 1116 ἁμαρτημάτων
2678 1046 2779 1115 τὴν
2824 1046 3185 1116 ἐλαφρότητα.
3222 1047 3284 1098 Ei
3315 1045 3371 1099 δὲ
3398 1047 3491 1099 καὶ
3536 1046 3640 1109 ἔτι,

2068 1136 2173 1190 κᾶν
2200 1136 2279 1200 εἰς
2302 1135 2468 1205 ἄχθος
2502 1137 2665 1197 ἐνίοις
2687 1138 2749 1189 τό
2781 1152 2864 1206 γε,
2894 1137 3235 1206 παραμένειν
3260 1136 3342 1189 δεῖ
3355 1140 3421 1207 τῇ
3453 1138 3642 1206 σαρκὶ,

2069 1228 2205 1282 ἀλλά
2228 1227 2292 1280 σύ
2330 1246 2395 1297 γε
2467 1229 2771 1300 παράσχοις
2818 1228 3111 1292 λυσιτελῶς
3173 1229 3358 1291 αὐτοῖς
3413 1244 3495 1290 τε,
3551 1228 3647 1280 καὶ

2070 1321 2201 1389 ἡμῖν
2238 1321 2521 1390 ποιμένειν
2574 1321 2637 1373 τὸ
2689 1320 2961 1390 ποίμνιον,
3024 1319 3163 1391 αὐτὴ
3193 1320 3287 1372 καὶ
3337 1317 3648 1389 συμποιμέ-

2072 1426 2260 1477 νουσα,
2311 1411 2406 1464 καὶ
2460 1410 2883 1477 συνδιεξάγουσα
2913 1425 2927 1440 ⁸
2980 1409 3054 1472 ὠς
3077 1408 3143 1463 ἂν
3175 1409 3248 1478 μὴ
3286 1409 3381 1461 ἐπὶ
3408 1410 3475 1479 τῇ
3537 1406 3649 1461 τῶν

2074 1502 2250 1574 ἔργων
2284 1502 2594 1573 εἰσπράξει,
2626 1503 2768 1573 καὶὴ
2797 1502 2938 1574 ὑπὲρ
2978 1501 3204 1555 ἐκείνων
3230 1500 3520 1570 προσέλθοι
3547 1517 3651 1553 κα-

2076 1596 2326 1667 τάκρισις
2360 1608 2376 1624 ⁸
2415 1592 2663 1662 ἀξιοῦσα,
2718 1594 2927 1657 πάντας
2966 1592 3083 1664 ἅμα
3129 1592 3405 1657 κακεῖθεν,
3460 1591 3655 1662 ὥσπερ

2079 1692 2171 1742 καὶ
2192 1689 2442 1743 ἐντεῦθεν
2465 1688 2719 1760 ἀλήκτως
2771 1688 3071 1759 ἑορτάζειν,
3121 1688 3217 1740 καὶ⁵
3257 1685 3653 1756 συνευφραίνε-

2083 1779 2205 1834 σθαι
2234 1781 2293 1833 ὲν
2322 1783 2387 1852 τῇ
2422 1780 2728 1852 πανηγύρει
2761 1782 2870 1833 τῶν
2902 1780 3282 1851 πρωτοτόκων.
3312 1777 3403 1832 Ἐν
3433 1776 3657 1848 Χριστῷ

2091 1869 2264 1940 Ἰησοῦ
2294 1870 2372 1941 τῷ
2393 1871 2472 1939 σῷ
2511 1872 2841 1942 πρωτοτόκῳ
2864 1871 3001 1942 Υἱῷ,
3017 1871 3111 1924 καὶ
3139 1869 3329 1939 Κυρίῳ
3350 1868 3532 1938 πάσης
3558 1868 3658 1938 τῆς

2080 1964 2311 2027 κτίσεως
2338 1981 2351 1993 ·
2385 1957 2430 2029 ᾧ
2467 1965 2671 2035 πρέπει
2716 1964 2863 2029 δόξα,
2906 1965 3131 2035 κράτος,
3187 1963 3321 2032 τιμὴ
3367 1961 3462 2014 καὶ
3488 1978 3659 2032 προσ-

2078 2057 2305 2128 κύνησις
2336 2060 2419 2120 είς
2455 2060 2582 2122 τοὺς
2606 2058 2808 2121 αἰῶνας
2831 2058 2940 2110 τῶν
2974 2055 3206 2111 αἰώνων.
3261 2054 3461 2126 ’Δμὺν.

2696 2177 2914 2231 ΛΟΓΟΣ
2943 2180 3040 2233 IE'.

2079 2291 2343 2360 Κυριακῇ
2389 2292 2546 2361 μετὰ
2602 2294 2717 2359 τὴν
2784 2294 3230 2360 Πεντηκοστήν.
3286 2291 3395 2346 Τοῦ
3456 2284 3662 2361 αὑτοῦ

2148 2363 2330 2431 λόγος
2350 2360 2436 2428 εὶς
2463 2364 2606 2427 τοὺς
2629 2364 2980 2432 ἁπανταχοῦ
3010 2365 3113 2432 γῆς
3150 2365 3357 2430 ἁγίους
3385 2360 3619 2432 πάντας
3646 2372 3660 2386 ’

2154 2433 2253 2486 ὅτε
2287 2432 2400 2503 τὸν
2449 2432 2759 2500 ἀλάστορα
2806 2430 2913 2487 τοῦ
2956 2430 3168 2503 γέν-ους
3194 2434 3430 2495 οἰκείοις
3450 2430 3667 2503 suam

2158 2502 2512 2581 κατέϐαλον,
2543 2502 2641 2556 καὶ
2681 2499 2724 2571 ἢ
2757 2499 3499 2574 παγκόὰμιοξἙκκλησὶα
3520 2499 3663 2552 τού-

2153 2590 2297 2638 τους
2320 2590 2479 2641 τιμᾳ.

1644 2678 1960 2747 (Gusrssn.,
1990 2690 2029 2738 t.
2053 2682 2170 2747 XV,
2202 2699 2255 2751 p.
2282 2682 2430 2753 59.9.)

485 2778 659 2831 Antea
694 2776 933 2846 Spiritus
973 2774 1148 2830 sancti
1182 2774 1249 2829 ad
1286 2774 1536 2829 homines
1573 2774 1866 2829 adventum
1896 2791 1990 2830 ce-

416 2870 787 2933 lebrabamus,
819 2868 998 2924 Verbo
1024 2869 1134 2938 jam
1166 2868 1233 2922 ad
1261 2883 1490 2938 superas
1525 2868 1685 2923 sedes
1720 2867 1988 2937 profecto.

416 2960 577 3029 Nunc
613 2961 811 3017 festum
846 2960 991 3016 diem
1017 2961 1176 3017 nobis
1208 2961 1555 3015 constituunt
1584 2961 1823 3014 ministri
1876 2976 1991 3014 ser-

418 3050 620 3115 monis,
652 3052 744 3120 qui
774 3052 943 3106 variis
980 3052 1269 3107 tormentis
1298 3067 1533 3121 corpore
1561 3067 1662 3107 suo
1689 3052 1991 3106 cxcrnciati

2161 2777 2433 2849 Πρότερον
2468 2778 2500 2848 ἡ
2533 2776 2625 2830 τοῦ
2662 2778 2928 2847 παναγίου
2967 2777 3282 2847 Πνεῦματος
3335 2773 3674 2844 ἑπανηγυρί-

2089 2868 2213 2931 ζετο
2252 2870 2389 2940 πρὸς
2416 2869 2737 2937 ἀνθρώπους
2782 2869 3067 2939 ἐπιδημία,
3119 2869 3222 2939 ἤδη
3246 2866 3342 2920 τοῦ
3370 2866 3546 2933 Λόγου
3569 2864 3673 2934 τὴν

2089 2964 2169 3022 εἰς
2198 2961 2461 3033 οὐρανοὺς
2486 2961 2672 3016 ἄνοδον
2704 2962 3092 3030 τελεσαμένου.
3127 2960 3243 3013 Νῦν
3266 2961 3399 3029 ἡμῖν
3431 2974 3672 3027 συγκρο-

2087 3052 2242 3106 τοῦσι
2270 3055 2371 3123 τῆς
2420 3054 2617 3124 ἑορτῆς
2673 3054 2773 3125 τὴν
2831 3053 3090 3106 ὑπόθεσιν
3132 3054 3182 3105 οἱ
3237 3051 3513 3120 ὑπηρέται
3572 3047 3670 3101 τοῦ

420 3152 573 3204 sunt,
605 3151 665 3195 ιιι
688 3143 884 3197 animae
928 3143 1122 3197 stolam
1164 3144 1424 3198 intactam
1453 3144 1820 3199 custodirent.
1862 3144 1989 3198 Heri

2095 3145 2256 3211 λόγου
2303 3145 2578 3209 ποικίλαις
2623 3146 2873 3216 βασάνων
2920 3145 3090 3208 ἰδέαις
3115 3145 3207 3198 τὸν
3229 3144 3558 3215 δερμάτινον
3587 3159 3676 3209 χι-

421 3248 641 3287 sacrum
682 3233 830 3288 diem
862 3234 1072 3303 egimus
1112 3232 1417 3300 Paracleto,
1467 3236 1560 3305 qui
1616 3236 1682 3290 ad
1714 3239 1993 3307 apostolos

422 3324 727 3389 descendit,
759 3332 814 3380 et
838 3340 936 3395 per
960 3326 1109 3395 ipsos
1144 3327 1289 3382 velut
1312 3329 1645 3397 perennibus
1668 3330 1993 3399 quibusdam

421 3417 602 3474 ﬂuviis
629 3427 803 3474 totum
828 3427 1099 3473 terrarum
1122 3421 1312 3475 orbem
1348 3422 1618 3493 irrigavit.
1649 3422 1821 3478 Hodie
1844 3438 1996 3478 reco-

422 3513 588 3569 limus
624 3513 964 3568 immortales
981 3512 1103 3567 illos
1132 3513 1410 3579 ﬂosculos,
1438 3523 1722 3584 martyres,
1750 3515 1994 3584 inquam,

424 3619 562 3672 quos
607 3614 752 3659 terra
798 3604 1017 3672 quidem
1067 3604 1343 3668 submisit,
1378 3612 1433 3658 at
1467 3606 1665 3659 coelum
1700 3605 1808 3674 jam
1845 3620 1996 3661 rece-

426 3698 526 3766 pit.
566 3695 670 3750 Sed
702 3711 825 3765 quae
881 3695 1065 3765 lingua
1099 3696 1182 3750 bis
1217 3696 1579 3751 decantandis
1621 3696 1756 3751 satis
1784 3707 1868 3752 est
1906 3712 1997 3751 so-

426 3788 601 3841 nora?
624 3802 746 3855 qua:
784 3803 941 3843 mens
969 3786 1106 3841 satis
1136 3787 1366 3841 idonea?
1392 3786 1546 3854 Quod
1571 3788 1617 3841 si
1647 3804 1753 3857 qua
1789 3790 1998 3859 angelis

426 3888 511 3933 est
576 3878 783 3949 lingua,
844 3895 964 3932 eam
1000 3879 1287 3947 oportebat
1320 3880 1510 3931 horum
1577 3879 1765 3935 laudes
1795 3887 1997 3934 texere.

426 3970 523 4027 llis
560 3973 705 4027 enim
759 3971 853 4042 qui
900 3972 1100 4025 luctam
1143 3987 1309 4041 supra
1362 3982 1571 4025 naturae
1621 3972 1765 4025 vires
1811 3972 1999 4026 luctati

427 4074 579 4127 sunt,
604 4065 881 4132 quomodo
913 4078 1011 4132 pro
1045 4064 1258 4119 meritis
1297 4070 1351 4117 et
1384 4064 1654 4131 dignitate
1710 4072 2001 4118 censeatur

428 4157 518 4210 illa
550 4142 813 4216 laudatio.
842 4170 1007 4223 quam
1057 4166 1252 4208 natura
1284 4154 1555 4209 instituit?
1604 4153 1800 4209 Verum
1843 4155 2003 4223 plane

427 4246 766 4302 credendum
824 4255 924 4310 est,
956 4247 1188 4301 eximios
1228 4246 1327 4299 hos
1375 4246 1608 4300 athletas
1638 4247 1903 4301 celebrari
1933 4248 2002 4301 ab

430 4336 661 4406 angelis,
691 4352 777 4401 ea,
806 4351 971 4405 quam
1000 4335 1104 4405 ipsi
1152 4346 1344 4403 agunt,
1376 4336 1757 4403 solemnitate;
1808 4337 1903 4393 sed
1933 4354 2004 4392 an

432 4428 557 4482 ideo
586 4443 803 4497 aequum
828 4428 955 4493 erit,
991 4435 1050 4481 ut
1085 4444 1185 4483 nos
1212 4428 1304 4496 qui
1333 4429 1386 4481 in
1412 4439 1555 4481 terra
1584 4428 1855 4498 degimus,
1875 4431 2001 4499 quia

2095 3239 2241 3292 τῶνα
2297 3239 2693 3303 διαξανθέντες,
2754 3241 2844 3293 ἴνα
2885 3239 2947 3292 τὸ
2973 3240 3234 3309 ἀκέραιον
3257 3239 3324 3306 τῇ
3367 3235 3527 3305 στολῇ
3575 3236 3679 3302 τῆς

2094 3330 2272 3401 ψυχῆς
2307 3332 2685 3403 συντηρήσωσι
2714 3347 2728 3362 °
2793 3333 2922 3402 χθὲς
2968 3330 3059 3383 τὸν
3115 3330 3475 3400 Παράκλητον
3500 3326 3677 3379 ἐθειά-

2096 3423 2283 3492 ζομεν,
2312 3422 2650 3493 ἐνδημοῦντα
2695 3427 2808 3487 τοῖς
2853 3422 3203 3485 ἀποστόλοις,
3225 3422 3321 3474 καὶ
3346 3419 3413 3473 δι’
3473 3417 3678 3479 αὐτῶν,

2096 3514 2284 3585 ὥσπερ
2306 3515 2415 3567 τισὶ
2448 3515 2713 3583 ποταμοῖς
2744 3513 2961 3576 ἀενάοις
2984 3511 3081 3581 τὴν
3110 3512 3437 3581 οἰκουμένην
3458 3508 3680 3579 ἀρδείας

2099 3605 2433 3677 πληροῦντα.
2474 3605 2745 3676 Σήμερον,
2776 3604 2845 3658 τὰ
2880 3605 3172 3676 ἁμάραντα
3227 3603 3385 3672 ἄνθη,
3417 3602 3452 3655 ἃ
3476 3600 3550 3669 γῆ
3580 3600 3684 3669 μὲν

2099 3698 2459 3765 ἐξανέτειλεν,
2492 3698 2788 3765 ὑπεδέξατο
2813 3698 2871 3751 δὲ
2902 3698 3151 3768 οὐρανὸς,
3204 3697 3330 3759 τοὺς
3374 3696 3680 3766 μάρτυρας.

2113 3790 2272 3843 Ἀλλὰ
2305 3790 2387 3853 τίς
2432 3790 2628 3861 εῦηχος
2693 3791 2949 3859 γλῶσσα;
2988 3790 3071 3851 τίς
3090 3788 3321 3859 διαρκὴς
3349 3786 3473 3850 νοῦς
3548 3784 3683 3855 πρὸς

2099 3882 2404 3951 cognitiora;
2432 3883 2485 3934 εί
2511 3900 2592 3945 τις
2627 3882 2733 3954 ἄρα
2757 3881 2877 3934 ἐστὶ
2923 3881 3143 3949 γλῶσσα
3182 3879 3451 3947 ἀγγέλων,
3479 3877 3681 3943 ταύτην

2100 3976 2266 4045 ἐχρῆν
2292 3975 2605 4029 διαπλέκειν
2654 3975 2754 4043 τὴν
2804 3974 3107 4044 εὐφημίαν·
3158 3967 3239 4035 οἷς
3262 3972 3372 4041 γὰρ
3399 3970 3539 4039 ὑπὲρ
3582 3968 3687 4036 φύ-

2103 4087 2207 4132 σιν,
2259 4069 2293 4135 ἠ
2349 4068 2517 4138 πάλη,
2576 4068 2695 4132 πῶς
2744 4067 2959 4130 τούτοις
3008 4064 3268 4137 ἀποχρῶν
3328 4064 3466 4133 πρὸς
3518 4062 3689 4131 τιμὴν

2102 4161 2296 4229 ὀφθείη
2329 4163 2358 4213 ὁ
2378 4161 2441 4212 ἐκ
2475 4160 2574 4229 τῆς
2604 4160 2822 4228 φύσεως
2851 4159 3108 4222 ἔπαινος;
3147 4157 3263 4210 ἀλλ’
3315 4156 3537 4225 ἄγγελοι
3553 4154 3692 4207 πάν-

2102 4272 2208 4317 τως
2258 4256 2324 4324 τῇ
2383 4252 2504 4305 καθ’
2548 4253 2779 4314 ἑαυτοὺς
2842 4250 3175 4321 πανηγύρει,
3228 4249 3355 4311 τοὺς
3383 4247 3692 4315 ὑπερφυεῖς
3776 4292 3780 4301 .

2103 4346 2305 4416 τιμῶσι
2332 4344 2614 4413 γεννάδας.
2650 4345 2741 4413 Μή
2770 4359 2904 4396 ποτε
2933 4342 2990 4395 δὲ
3021 4342 3121 4411 οὐχ
3170 4341 3337 4406 ὅσιον,
3362 4340 3511 4409 ἡμᾶς
3557 4337 3690 4399 τοὺς

2104 4440 2161 4490 ὲν
2199 4440 2290 4506 γῇ,
2321 4437 2403 4489 ὅτι
2431 4435 2505 4505 μὴ
2532 4436 2630 4504 τῆς
2654 4434 2812 4500 ἀξίας
2847 4432 3242 4503 ὲφικνούμεθα,
3270 4432 3371 4502 ἤδη
3404 4428 3690 4491 παντελῶς

432 4520 667 4574 dicendo
700 4530 903 4573 tantam
937 4519 1317 4573 excellentiam
1357 4535 1576 4588 aequare
1600 4536 1706 4573 non
1736 4521 1883 4587 licet,
1910 4537 1989 4591 pe-

2109 4530 2499 4598 κατολιγωρείν
2520 4527 2619 4595 τῆς
2650 4526 2841 4595 τιμῆς,
2887 4526 3087 4595 χρῆναι
3119 4524 3176 4576 δὲ
3224 4522 3425 4594 μᾶλλον
3479 4538 3694 4573 συνεισ-

433 4612 583 4668 nitus
609 4612 676 4666 ab
704 4612 896 4665 horum
933 4613 1082 4665 cultu
1113 4619 1168 4664 et
1196 4612 1401 4665 honore
1432 4612 1788 4677 desistamus,
1815 4622 1868 4667 et
1896 4629 2004 4668 non

436 4709 637 4775 potius,
670 4707 937 4778 quidquid
970 4708 1116 4762 vires
1170 4706 1373 4769 ferunt,
1413 4706 1665 4762 conferre
1699 4712 2008 4763 tentemus?

431 4798 603 4869 Igitur
634 4799 701 4852 ad
742 4799 1029 4854 exordium
1059 4798 1311 4853 oratione
1366 4810 1639 4865 revocata,
1685 4814 1799 4853 rem
1832 4799 2005 4867 ipsam

433 4890 836 4960 aggrediamur.

508 4983 699 5051 Itaque
722 4998 847 5036 cum
876 4983 987 5051 jam
1016 4984 1203 5038 divina
1236 4983 1480 5054 cognitio
1503 4982 1711 5037 animas
1738 4982 2007 5050 irrigaret,

434 5076 648 5129 aridum
677 5092 898 5144 prorsus
924 5087 982 5129 et
1008 5079 1187 5133 omnis
1219 5078 1465 5133 humoris
1488 5091 1684 5145 expers
1714 5075 2011 5127 humanum

436 5184 609 5238 genus
640 5170 879 5233 vivebat,
905 5171 1034 5237 quin
1060 5179 1114 5224 et
1136 5171 1203 5224 ab
1234 5170 1561 5226 idololatria:
1585 5167 2014 5236 cultusqueina-

438 5266 588 5317 nium
621 5262 849 5317 deorum
882 5264 1099 5318 llamma
1122 5264 1535 5324 absumebatur,
1580 5272 1635 5316 et
1663 5277 1784 5330 qua:
1814 5276 1844 5313 a
1876 5275 2011 5312 con-

436 5357 613 5412 «litore
650 5357 821 5411 indita
862 5365 1020 5410 erant
1070 5357 1306 5420 semina,
1342 5372 1451 5410 non
1505 5361 1760 5424 poterant
1804 5361 2015 5405 naturae

436 5459 864 5514 consentaneos,
912 5459 966 5504 et
1014 5451 1207 5519 quales
1233 5464 1300 5503 ex
1349 5450 1522 5517 probo
1558 5447 1769 5503 semine
1795 5446 2015 5516 prodire

436 5538 635 5601 solent,
670 5541 883 5595 fructus
915 5540 1197 5611 proferre;
1224 5539 1321 5595 sed
1343 5538 1607 5609 quidquid
1639 5546 2011 5603 succreverat,

440 5627 495 5680 id
522 5634 867 5699 peregrinum
897 5643 951 5687 et
999 5634 1233 5689 alienum
1264 5645 1402 5700 erat,
1436 5646 1492 5687 et
1523 5641 1680 5688 ortus
1710 5632 1795 5686 sui
1838 5632 2015 5685 mani-

440 5718 665 5773 festiora
685 5724 1093 5789 dabatindicia,
1128 5742 1291 5797 quam
1332 5727 1546 5783 soleant
1582 5734 1829 5780 monstra
1873 5740 2013 5795 pra:-

440 5810 571 5866 bcrc
614 5813 939 5871 documenta
971 5819 1146 5874 morbi
1180 5836 1393 5890 eorum,
1448 5837 1478 5877 a
1513 5820 1715 5891 quibus
1748 5834 2010 5890 progene-

2112 4620 2377 4687 ενεγκεῖν,
2412 4618 2533 4669 ὅσον
2562 4612 2697 4687 ἧκεν
2730 4618 2808 4679 εἰς
2832 4615 3057 4685 δύναμιν
3078 4631 3093 4679 ;
3116 4613 3351 4677 Οὐκοῦν,
3386 4612 3574 4682 ὥσπερ
3608 4614 3694 4674 εἰς

2114 4713 2289 4780 ἀρχήν
2350 4725 2472 4761 τινα
2537 4708 2978 4776 καταστήσαντες
3018 4706 3109 4759 τὸν
3163 4705 3340 4774 λόγον,
3392 4704 3487 4757 τοῦ
3526 4703 3695 4772 ἔργου

2116 4798 2511 4870 ἐπιληψόμεθα.

2185 4987 2322 5056 ’Ἤδη
2352 4988 2448 5056 μὲν
2476 4987 2567 5041 οῦν
2600 4988 2697 5055 τῆς
2729 4986 3068 5056 ἑπαρδοῦσης
3129 4984 3279 5046 θείας
3315 4981 3571 5050 γνώσεως
3594 4978 3697 5041 τὰς

2111 5078 2308 5148 ψυχὰς,
2359 5079 2586 5148 ἅνικμον
2628 5074 2697 5147 ἦν
2727 5077 3006 5139 παντελῶς
3040 5076 3099 5128 τὸ
3147 5074 3512 5145 ἀνθρώπινον,
3546 5072 3696 5123 εἰδωε

2113 5165 2376 5233 λομανίας
2408 5165 2465 5217 δὲ
2513 5165 2778 5218 ἐκέκαυτο
2815 5167 2968 5235 πυρὶ,
2998 5164 3147 5216 τὰδὲ
3187 5163 3475 5215 ἐντεθέντα
3540 5162 3697 5230 παρὰ

2117 5258 2209 5310 τοῦ
2262 5257 2597 5328 δημιουργοῦ
2661 5256 2936 5326 σωτηρίας
2980 5257 3292 5325 σπέρματα,
3340 5254 3450 5306 οὐδ’
3470 5248 3536 5320 ἦν
3567 5253 3699 5304 ἀνα-

2119 5351 2269 5419 σχεῖν
2324 5350 2559 5419 βλάστην
2600 5349 2833 5417 γνησίαν
2868 5349 2969 5418 τῆς
3023 5347 3263 5416 φύσεως,
3309 5345 3417 5397 οὐδ’
3449 5340 3538 5397 οἷα
3559 5359 3700 5411 προ-

2119 5444 2265 5497 ἐλθοι
2300 5444 2367 5497 ἂν
2402 5442 2714 5513 σπέρματος
2776 5440 3004 5510 ἀγαθοῦ,
3048 5440 3183 5494 ἀλλὰ
3217 5441 3347 5504 πᾶν,
3402 5438 3540 5505 ὅπερ
3573 5436 3701 5487 ὲπε-

2124 5536 2288 5606 φύκει
2336 5536 2638 5605 ἀλλότριον,
2679 5535 2775 5588 καὶ
2806 5535 2957 5598 ξένον
2982 5528 3051 5604 ἦν
3075 5531 3460 5601 γνωρίσματος
3490 5527 3699 5581 οίκείου

2123 5629 2307 5695 πλέον,
2348 5629 2382 5699 ἢ
2415 5628 2554 5696 νόσῳ
2593 5626 2794 5699 [νόσου]
2855 5626 2964 5679 τῶν
3016 5623 3334 5693 γεννώντων
3380 5621 3449 5673 τά
3472 5620 3694 5690 τέρατα.

2123 5720 2423 5789 Δαιμονίων
2471 5718 2579 5791 γὰρ
2634 5717 2812 5771 ἔτικτε
2873 5714 3237 5786 θεραπευτὰς,
3272 5713 3366 5765 καὶ
3393 5711 3453 5764 οῦ
3471 5712 3569 5780 τῆς
3608 5710 3703 5777 δη-

2121 5814 2383 5887 μιουργοῦ
2440 5815 2546 5869 τῶν
2596 5813 2731 5867 ὅλων
2764 5810 2965 5879 αἰτίας,
3027 5810 3281 5864 ἁπάντων
3313 5802 3702 5861 καταλελοιπὸ-
