2036 3223
149 196 205 229 173

658 197 799 227 ORATIO
809 197 871 228 XV.
885 210 921 216 --
931 197 973 229 IN
992 197 1122 228 OMNES
1141 198 1316 229 SANCTOS.

1735 198 1786 231 174

144 259 208 279 των
223 250 325 287 μικροῦ
341 250 397 277 δεῖν
404 250 557 287 ἀνθρώπων
571 251 622 287 τὴν
640 251 688 278 τοῦ
704 251 773 278 Θεοῦ
784 251 877 286 τιμὴν,
900 251 949 278 καὶ

1005 256 1060 278 rata
1083 254 1159 279 sunt.
1174 250 1331 278 Daemonum
1348 251 1420 279 enim
1436 251 1563 286 pariebat
1580 252 1714 287 cultores,
1729 261 1785 281 non

145 299 224 335 πρὸς
246 298 370 329 ἐκείνους
388 297 630 332 μεταταξαμένων.
664 297 742 324 Ἐπεὶ
754 297 777 324 δ’
791 297 806 323 ὁ
815 296 844 330 ἐξ
855 297 944 332 ἀρχῆς

143 344 259 376 πλάσας
273 343 308 371 δι’
319 339 412 370 οἶκτον
430 343 476 370 τὸν
490 342 644 378 ἄνθρωπον,
672 342 722 369 οὐκ
741 341 822 377 ἔφερε
833 341 944 376 βλέπειν

138 391 199 426 τὴν
216 390 354 424 τοσαύτην
382 389 429 416 ἐπὶ
458 388 493 415 τὰ
515 389 600 424 χείρω
614 388 712 424 ῥοπὴν,
724 388 783 415 οὐδὲ
797 388 848 423 τὴν
873 387 944 414 οὕτω

142 436 254 471 πικρὰν
273 436 321 462 τοῦ
352 435 515 470 πλάσματος
540 434 695 470 τυραννίδα,
721 434 779 462 ἀλλ’
796 434 944 469 εὐδόκησεν

141 483 232 515 αὐτὸς
254 483 401 517 γενόμενος
414 481 570 516 ἄνθρωπος,
599 482 629 506 ὲν
657 480 745 516 ὁμοίῳ
760 481 881 517 σχήματι
896 482 945 508 έπ-

141 529 266 565 αμύνειν
284 527 452 563 ἀνθρώποις,
471 526 534 562 ἄρτι
551 527 602 561 μὲν
619 527 692 553 θείου
709 527 817 562 ῥανίσιν
829 527 945 563 αἵματος

142 575 337 603 ἀπεσϐέννυτο
352 575 403 609 τῆς
436 574 631 608 είδωλομανίας
648 573 664 609 ή
681 572 758 608 φλὸξ,
790 573 944 609 ὲδροσίζετο

143 624 176 650 δὲ
191 623 208 658 ἡ
226 622 283 648 τῶν
299 621 453 656 ἀνθρώπων
469 619 560 655 φύσις,
575 620 622 646 καὶ
638 619 710 647 κατὰ
727 619 815 655 βραχὺ
827 619 943 647 πίνουσα

145 668 203 694 τῶν
234 666 384 701 σταγόνων,
408 665 524 699 ἀνέφερε
548 665 616 700 πρὸς
639 664 750 700 ἑαυτὴν,
763 665 811 691 καὶ
820 665 945 699 καρποὺς

148 713 283 748 ὲνηνόχει,
319 712 371 738 οὐκ
400 710 569 744 ἀλλοτρίους.
600 708 657 735 ἀλλ’
683 709 823 741 ἐοικότας,
850 705 891 740 οἷς
915 708 945 741 ἐξ

156 760 241 795 ἀρχῆς
254 760 269 785 ὁ
283 758 458 793 γεωργήσας,
475 757 541 791 ἡμῖν
553 754 716 789 ἐγκατέθετο
729 755 880 790 σπέρμασι.
890 754 946 781 Καὶ

155 807 203 842 ἥδη
219 807 265 841 μὲν
280 803 522 838 κατεπεφρόνηντο
537 801 675 836 δαίμονες,
694 800 809 836 ἐπανῄει
828 800 857 827 δὲ
876 800 946 836 πρὸς

156 853 201 878 τὸν
227 850 351 885 Κτίστην
378 848 479 884 ήτιμὴ
512 847 603 878 καλῶς
627 846 681 873 ἀπὸ
704 846 761 873 τῶν
787 845 945 881 κτισμάτων

152 896 339 932 ἀναχωροῦσα.
354 894 440 921 Τοῦτο
450 891 495 920 οὖν
512 892 627 927 ἐπείπερ
652 892 789 926 ἐγεγόνει,
807 890 943 926 ἤσχαλλεν

994 296 1065 330 ejus,
1080 297 1128 331 qui
1143 296 1273 324 universa
1287 296 1587 331 procreavit,omnibus
1598 297 1685 326 ferme
1697 297 1788 327 homi-

994 342 1086 374 nibus,
1108 342 1143 370 ad
1157 342 1313 370 daemonum
1326 342 1443 375 cultum,
1467 342 1524 371 Deo
1537 343 1680 377 derelicto,
1694 347 1788 373 trans-

993 389 1109 424 gressis.
1124 388 1275 425 Postquam
1299 396 1365 417 vero
1380 389 1415 423 is,
1430 390 1479 425 qui
1489 390 1524 418 ab
1540 390 1621 418 initio
1635 390 1788 423 hominem,

994 434 1183 462 misericordia
1199 439 1300 468 motus,
1319 435 1463 468 formarat,
1477 442 1534 464 non
1549 436 1624 469 tulit,
1641 440 1672 464 ut
1690 437 1724 465 ad
1740 437 1789 465 de-

994 478 1096 507 teriora
1112 486 1221 514 semper
1240 479 1444 515 prolaberetur,
1459 484 1487 508 et
1506 484 1564 508 tam
1586 480 1656 509 duro
1670 481 1789 509 servitu-

996 524 1030 551 tis
1050 524 1117 559 jugo
1141 524 1303 560 figmentum
1335 532 1416 553 suum
1440 526 1661 561 opprimeretur;
1690 527 1788 555 statuit

994 569 1112 605 ipsemet
1127 570 1189 604 opis
1218 570 1341 599 ferenda
1366 578 1461 605 causa,
1490 571 1639 599 humanam
1660 576 1789 599 naturam

995 615 1121 648 induere,
1140 620 1169 644 et
1184 616 1267 644 simili
1286 617 1339 645 sub
1358 617 1478 653 imagine
1493 618 1566 646 inter
1581 617 1713 646 mortales
1724 624 1789 645 ver-

996 662 1064 689 sari.
1082 661 1116 689 Et
1126 662 1182 697 jam
1200 663 1286 698 guttis
1301 662 1388 690 divini
1405 662 1549 698 sanguinis
1562 663 1789 699 exstinguebatur

997 707 1160 736 idololatria:
1184 708 1305 741 ﬂamma,
1331 713 1359 736 et
1376 715 1439 737 rore
1453 708 1560 737 caelesti
1572 708 1793 744 perfundebatur

996 753 1116 781 humana
1131 758 1242 787 natura,
1263 754 1456 789 paulatimque
1470 753 1559 781 stillas
1572 753 1744 785 combibens,
1755 753 1791 781 ad

997 800 1115 835 seipsam
1130 801 1268 834 trahebat,
1287 800 1451 836 fructusque
1467 800 1574 828 ferebat
1597 807 1653 828 non
1667 799 1791 835 peregri‘

996 854 1058 880 nos,
1075 847 1123 874 sed
1137 847 1191 875 sibi
1205 850 1405 882 competentes,
1420 853 1541 882 quorum
1554 846 1658 874 semina
1671 853 1686 873 a
1701 846 1791 881 primo

997 893 1090 921 statim
1106 897 1181 925 ortu,
1195 893 1319 921 caelestis
1342 893 1461 921 colonus
1479 892 1659 927 insperserat.
1676 891 1792 927 Jamque

150 942 301 978 ἀνιώμενον
316 941 347 967 τὺ
358 940 498 975 δαιμόνιον
513 939 601 972 γένος,
621 938 675 964 οὐδ’
696 937 819 972 ἠνείχετο
833 937 945 970 βλέπειν

1005 938 1152 974 fespisatui
1170 943 1250 966 erant
1276 939 1426 971 daemones,
1453 938 1597 973 honosque
1617 945 1633 965 ιι
1656 938 1792 966 creaturis

148 990 191 1023 ἐφ’
208 989 280 1015 οὕτω
291 987 413 1022 χρηστὴν
429 985 580 1021 μεταϐολὴν
595 983 741 1010 ἐπανιόντα
749 983 795 1009 τὸν
816 981 885 1017 πρὸς
910 982 945 1008 τὰ

149 1037 236 1072 χείρω
253 1034 472 1071 μετατραπέντα.
489 1032 539 1059 Διὰ
552 1032 630 1058 τοῦτο
643 1031 691 1058 καὶ
707 1030 778 1066 πρὸς
785 1030 839 1065 ὰκή
846 1038 945 1065 ρυκτον

151 1081 319 1117 ἀνηρέθιστο
330 1079 456 1114 πόλεμον.
475 1078 531 1104 Καὶ
543 1077 637 1111 ἐπειδὴ
651 1075 806 1112 προϐάτων,
817 1076 863 1101 καὶ
875 1074 945 1109 βοῶν

154 1128 264 1162 α’ίματα
280 1126 343 1156 τοὺς
370 1124 473 1159 βωμοὺς
505 1123 686 1155 ἐπελελοίπει,
709 1120 891 1155 ἀνθρωπίνοις
905 1120 949 1147 αῑ-

161 1181 232 1208 μασι
271 1171 401 1206 φύρεσθαι
426 1170 473 1205 τὴν
507 1170 560 1204 γῆν
596 1166 801 1203 παρεσκεύασε.
827 1166 883 1193 Καὶ
907 1166 949 1193 ὅτι

163 1219 287 1253 σφαγίων
313 1217 423 1243 ἐνεδεῖτο
452 1215 582 1250 πλήθους,
604 1215 649 1240 ἐπὶ
663 1212 712 1245 τὰς
726 1212 782 1240 τῶν
796 1211 949 1248 ἀνθρώπων

158 1264 259 1298 ἐχώρει
270 1262 387 1296 σφαγάς.
412 1261 480 1288 Ἀλλ’
492 1258 526 1295 ἦν
551 1260 677 1294 δαίμοσιν
692 1258 814 1294 δλεθρος,
828 1257 876 1285 καὶ
898 1256 950 1292 τῆς

154 1309 246 1336 αὐτῶν
265 1308 357 1344 ἰσχύος
372 1307 541 1343 καθαίρεσις.
556 1307 638 1332 Ὅσον
652 1305 707 1340 γὰρ
723 1305 752 1331 οἱ
765 1303 878 1340 κρουνοὶ
894 1303 949 1330 τῶν

155 1354 336 1391 μαρτυρικῶν
353 1353 477 1388 αἱμάτων
505 1352 657 1384 ἐκενοῦντο,
675 1350 801 1378 τοσοῦτον
823 1350 878 1378 τῶν
888 1351 950 1377 ἑπι-

153 1402 270 1437 6ωμίων
295 1401 419 1436 αἱμάτων
449 1401 477 1425 αἱ
499 1400 558 1434 ῥοαὶ
596 1399 789 1430 ἁνεκύπτοντο,
802 1398 865 1426 ὅσον
894 1398 951 1430 τοῖς

156 1449 251 1483 ἀτμοῖς
279 1447 333 1473 τῶν
352 1445 530 1481 μαρτυρικῶν
562 1444 662 1471 Θυσιῶν
690 1444 705 1470 ὁ
729 1444 783 1480 ἀὴρ
807 1442 947 1479 ἡγιὰξετο,

158 1492 204 1520 ἐπὶ
214 1492 295 1518 πλέον
305 1491 355 1526 τῆς
371 1491 485 1525 κνῖσσης
495 1490 524 1515 τὸ
534 1489 650 1520 δυσῶδες
659 1488 874 1516 διεσκεδάννυτο.

999 983 1108 1011 ablatus
1123 983 1249 1011 Creatori
1263 983 1452 1011 deferebatur.
1467 982 1547 1016 Quod
1558 983 1606 1010 ubi
1620 982 1735 1014 factum,
1751 982 1792 1010 ira

999 1032 1162 1057 exarserunt
1176 1029 1326 1062 dtemones,
1343 1036 1395 1057 nec
1417 1029 1591 1056 tolerandum
1601 1032 1749 1064 putarunt,
1765 1034 1794 1057 ut

998 1082 1061 1109 qua:
1072 1074 1106 1102 ad
1123 1075 1275 1110 pessimum
1291 1079 1394 1104 statum
1410 1074 1538 1102 devoluta
1564 1074 1684 1106 fuerant,
1704 1074 1787 1102 resti-

1000 1124 1145 1148 tuerentur
1160 1120 1189 1147 in
1207 1121 1356 1156 optimum.
1374 1120 1511 1154 Quocirca
1523 1120 1609 1148 etiam
1624 1119 1660 1147 ad
1676 1127 1731 1147 non
1745 1120 1794 1148 de-

999 1165 1282 1199 nuntiatumbellum
1308 1165 1515 1201 suscipiendum
1540 1165 1641 1192 irritati
1669 1168 1795 1197 sunt;et

999 1211 1063 1247 quia
1076 1210 1169 1238 ovium
1184 1215 1211 1238 et
1223 1212 1306 1239 boum
1322 1212 1436 1247 sanguis
1449 1211 1548 1238 altaria
1561 1210 1619 1246 jam
1634 1210 1795 1245 reliquerat,

999 1261 1144 1290 curarunt,
1156 1261 1187 1285 ut
1200 1257 1323 1285 humano
1334 1258 1471 1293 sanguine
1485 1260 1559 1285 terra
1574 1257 1755 1290 misceretur;
1768 1261 1797 1284 et

999 1305 1065 1340 quia
1081 1305 1176 1333 deerat
1184 1305 1242 1340 jam
1259 1312 1394 1333 caesarum
1413 1297 1569 1333 hostiarum
1587 1304 1678 1340 copia,
1695 1304 1729 1332 ad
1745 1311 1798 1332 cae-

1000 1351 1049 1379 des
1063 1351 1204 1379 hominum
1220 1359 1282 1380 sese
1295 1355 1510 1385 converterunt;
1523 1358 1585 1387 qua:
1596 1354 1688 1379 tamen
1695 1350 1799 1378 daemo-

1000 1397 1082 1425 nibus
1101 1397 1243 1424 interitum
1259 1397 1427 1430 attulerunt,
1444 1401 1472 1425 et
1494 1400 1670 1431 potestatem,
1682 1403 1737 1432 qua
1747 1403 1798 1424 va-

1000 1441 1103 1473 lebant,
1126 1441 1335 1470 destruxerunt.
1366 1442 1480 1475 Quanto
1506 1441 1595 1477 magis
1618 1441 1692 1468 enim
1707 1440 1799 1468 fontes

1001 1489 1143 1524 sanguinis
1155 1496 1170 1516 a
1187 1488 1356 1524 martyribus
1367 1488 1476 1524 profusi
1493 1487 1702 1523 aperiebantur,
1721 1490 1799 1514 tanto

158 1540 243 1576 magis
255 1538 357 1567 fluenta
373 1538 517 1573 sanguinis
535 1538 563 1564 in
581 1537 636 1564 aris
652 1537 787 1564 immolati
799 1536 1046 1568 imminuebantur.
1060 1540 1089 1564 et
1104 1541 1209 1571 quanto
1241 1536 1330 1571 magis
1361 1543 1409 1564 aer
1439 1535 1665 1564 sanetiiicabatur
1692 1542 1798 1571 vapore

156 1588 369 1618 sacrificiorum,
384 1593 445 1621 qua:
462 1591 599 1620 martyres
610 1584 774 1618 offerebant,
793 1592 827 1612 eo
841 1585 929 1619 magis
946 1583 1065 1611 aliorum
1080 1584 1282 1612 sacrificiorum
1300 1583 1382 1611 nidor
1392 1582 1594 1618 dissipabatur.

204 1635 287 1666 Ἀλλὰ
323 1633 377 1669 γὰρ
421 1632 578 1667 ἅπανταχοῦ
622 1632 673 1666 τῆς

158 1681 369 1717 απραπτούσης
398 1679 428 1706 τὸ
456 1679 581 1713 φέγγος,
617 1678 664 1704 καὶ
695 1678 744 1712 τῆς
770 1678 951 1713 σκοτομηνίας

159 1726 406 1761 ἀπελαυνομένης,
445 1724 602 1759 ἁπανταχοῦ
640 1723 693 1759 γῆς
720 1723 735 1750 ὁ
777 1723 868 1759 ἄρχων
905 1723 952 1750 τοῦ

160 1774 272 1804 σκότους
297 1772 430 1806 διέτρεχε,
458 1771 504 1797 καὶ
526 1770 613 1804 δόγμα
635 1768 782 1804 ἐγράφετο,
810 1768 953 1804 ἢδαίμοσι

157 1820 254 1854 φέρειν
269 1818 300 1844 τὸ
325 1817 447 1851 σὲϐας,ῆ
474 1815 714 1851 καταφρονοῦντας
742 1815 789 1842 τοῦ
806 1814 952 1849 δόγματος,

158 1866 206 1893 τοῦ
233 1865 283 1900 ζῇν
299 1863 511 1891 ἁπελαύνεσῧαι.
529 1862 640 1888 Εΐλκετο
651 1861 683 1896 δὴ
695 1858 742 1888 οὗν
756 1860 803 1887 ἐπὶ
819 1860 869 1892 τὰς
885 1869 954 1894 σφα-

157 1911 211 1944 γὰς
227 1909 262 1936 τὰ
285 1908 424 1944 ἀμώμητοι
447 1908 564 1943 Ούματα,
596 1906 755 1942 παρεδίδοτο
770 1907 826 1937 τοῖς
844 1905 951 1941 θηρίοις

163 1958 219 1987 τοῖς
249 1956 360 1990 πικροῖς
386 1955 531 1989 τυράννοις
563 1953 597 1979 τὰ
626 1952 673 1979 τοῦ
700 1951 820 1988 Χριστοῦ
852 1950 955 1986 πρόϐα-

163 2010 197 2028 τα
209 2009 216 2016 ·
243 2001 414 2037 πολύτροπος
437 2000 459 2026 δ’
486 1998 519 2035 ἦν
539 1999 629 2030 αὐτοῖς
643 1998 689 2025 καὶ
702 1998 823 2033 ποικίλη,
839 1998 867 2033 ἡ,
879 1998 956 2029 ὅπως

163 2048 321 2083 μετέλθοιεν
344 2047 407 2078 τοὺς
425 2046 530 2080 ἁγίους,
554 2045 687 2080 περίνοια.
721 2044 792 2075 Τοὺς
825 2043 875 2079 μὲν
902 2043 957 2078 γὰρ

161 2095 210 2121 καὶ
238 2093 302 2129 πρὶν
330 2092 471 2128 ὁραθῆναι,
497 2092 538 2118 ὅτι
565 2091 614 2124 τὴν
635 2089 767 2125 ἀληθινὴν
795 2089 954 2124 ὡμολόγουν

162 2141 250 2176 ζωὴν,
266 2140 307 2176 τῷ
336 2139 444 2174 Θανάτῳ
466 2137 636 2174 παρεδίδουν.
669 2136 799 2172 Ἐχαιρον
827 2135 869 2167 δὲ,
885 2134 955 2170 πρὸς

162 2187 246 2214 αὑτὸν
262 2186 287 2212 οἱ
304 2186 423 2220 γενναῖοι
435 2185 575 2219 ἀγόμενοι,
594 2183 689 2218 ὥσπερ
704 2183 744 2214 εἰς
769 2181 842 2217 ἱερὸν
857 2181 957 2208 ἀπιόν-

162 2242 221 2266 τες,
237 2231 429 2267 τελειουμὲνην
446 2232 539 2261 αὐτοῖς
554 2229 673 2264 ὁρῶντες
691 2228 741 2264 τὴν
766 2228 871 2263 ἔφεσιν.
902 2228 959 2255 Καὶ

164 2280 267 2306 αὐτίκα
283 2278 323 2313 τῷ
339 2277 497 2312 ποθουμένῳ
512 2276 705 2311 καθαρώτερον
718 2275 859 2310 ὀμιλήσειν
871 2282 958 2309 προσ-

164 2325 312 2355 δοκῶντες,
336 2323 419 2358 μηδὲν
448 2323 488 2349 ἔτι
508 2322 555 2348 τοῦ
582 2322 713 2356 σαρκίνου
741 2320 960 2356 παραπετάσμα-

163 2380 212 2402 τος
226 2369 444 2404 διατειχίζοντος.
472 2369 535 2400 Τοῖς
556 2368 584 2394 δὲ
611 2367 654 2399 [ΟΣ
679 2366 731 2402 at},
748 2366 843 2401 ὥσπερ
865 2366 963 2400 φλογὲς

165 2418 285 2450 καπνὸν,
305 2417 351 2443 τὸν
375 2416 460 2450 θυμὸν
491 2415 678 2449 ὑπέκρυπτον,
703 2414 751 2440 καὶ
785 2412 961 2440 συνδιεπλάτ-

165 2472 246 2490 τοντο
262 2462 331 2498 πρὸς
347 2462 378 2488 τὸ
397 2462 487 2497 ἡπιον,
504 2461 550 2487 καὶ
566 2459 729 2494 κηδομένοις
756 2458 889 2494 ἐῴκεσαν,
915 2458 964 2485 καὶ

170 2508 321 2544 φιλούντων
337 2507 475 2533 ποιεῖσθαι
491 2505 653 2540 παραίνεσιν
666 2513 672 2520 ·
691 2503 766 2531 ἔνθεν
796 2504 845 2538 μὲν
865 2512 963 2538 προτι-

169 2555 264 2586 θέντες
280 2553 431 2580 ἀπόλαυσιν
450 2553 504 2579 τῶν
519 2551 565 2578 τοῦ
584 2552 642 2586 βίου
659 2550 796 2586 τερπνῶν,
821 2550 928 2577 ἐκεῖθεν
940 2550 965 2577 δ’

169 2600 340 2632 οἰκτίζεσθαι
353 2599 489 2634 λέγοντες,
506 2598 543 2633 μὴ
560 2593 654 2629 κακῶς
665 2597 808 2625 ἀπόλοιντο
821 2605 829 2612 ·
845 2595 893 2623 νῦν
915 2597 967 2630 μὲν

171 2647 313 2680 φείδεσθαι
328 2646 452 2680 νεότητος
466 2645 563 2676 ἄνθους
583 2643 670 2675 οὕτως
685 2643 786 2678 ἀώρως
811 2644 961 2678 ἀποκειρο-

174 2693 258 2727 μὲνου
269 2712 277 2724 ,
293 2692 340 2719 νῦν
354 2692 383 2719 δὲ
397 2693 435 2727 μὴ
447 2692 567 2726 ἀφειδεῖν
590 2691 637 2717 τοῦ
657 2690 708 2725 τῆς
733 2689 861 2726 ἀνδρείας
895 2689 966 2725 χρή-

175 2748 271 2774 ματος.
285 2739 299 2765 ὃ
314 2739 413 2773 τιμῶν,
435 2738 483 2764 καὶ
502 2737 656 2771 στεφάνων,
677 2736 736 2763 ἀλλ’
762 2736 795 2763 οὐ
815 2735 968 2771 τιμωρίας,

172 2785 228 2812 οὐδ’
243 2785 380 2820 αἰκισμῶν
393 2786 467 2811 ἐστιν
487 2784 572 2817 ἄξιον.
590 2784 645 2810 Ναὶ
663 2783 719 2818 μὴν
733 2783 846 2818 ἀγαπᾷν
863 2783 912 2809 καὶ
932 2782 968 2808 τὰ

173 2833 206 2858 ὲκ
219 2831 351 2866 βασιλέως
364 2831 465 2864 ἀγαθὰ,
480 2830 498 2857 ἃ.
513 2830 708 2864 δωρεῖταιτοῖς
722 2829 827 2856 ἐκείνου
854 2829 970 2864 πειθαρ-

173 2878 252 2912 χοῦσι
269 2877 309 2912 τῷ
325 2877 452 2911 δόγματι.
478 2876 657 2902 Ἀποϐλέπειν
669 2874 699 2902 δὲ
717 2875 764 2902 καὶ
783 2876 824 2907 εἰς
835 2875 867 2901 τὺ
879 2875 967 2909 γλυκὺ

174 2923 226 2959 τῆς
238 2923 381 2960 παρούσης
396 2923 479 2958 ζωῆς,
495 2923 541 2950 καὶ
556 2923 593 2957 μὴ
617 2922 743 2956 καθάπερ
759 2922 971 2956 ἀπομύσαντας,

728 1631 871 1663 εὐσεϐείας
913 1631 953 1664 ἐξ·

1042 1630 1130 1659 Porro
1143 1639 1205 1659 cum
1220 1631 1267 1659 lux
1281 1631 1392 1666 pietatis
1402 1630 1506 1665 ubique
1514 1628 1642 1664 fulgeret,
1657 1627 1801 1662 noctisque

1004 1677 1096 1713 caligo
1113 1677 1274 1713 pelleretur,
1290 1676 1393 1711 ubique
1415 1676 1542 1703 locorum
1568 1674 1698 1710 princeps
1722 1676 1803 1699 tene-

1004 1724 1115 1751 brarum
1129 1722 1404 1754 circumcursitabat,
1419 1721 1600 1755 edictumque
1612 1719 1689 1752 exiit,
1706 1722 1737 1745 ut
1755 1721 1803 1745 aut

1004 1769 1176 1797 daemOnibus
1194 1769 1306 1804 pietatis
1323 1768 1417 1796 cultus
1431 1767 1614 1798 tribueretur.
1642 1768 1690 1792 aut
1708 1764 1755 1799 qui
1769 1763 1803 1795 ,id

1004 1820 1163 1848 renuerent,
1192 1822 1227 1843 ex
1251 1815 1308 1842 vita
1325 1814 1589 1842 exterminarentur.
1610 1810 1803 1839 Trahebantur

1005 1869 1071 1897 ergo
1086 1861 1120 1889 ad
1130 1860 1234 1889 caedem
1247 1859 1368 1888 innoxiae
1383 1854 1492 1892 hostiae,
1504 1858 1740 1892 tradebanturque
1752 1855 1805 1882 im-

1005 1908 1135 1936 manibus
1162 1906 1274 1939 belluis,
1302 1905 1550 1933 truculentissimis
1574 1903 1711 1939 tyrannis,
1738 1909 1804 1930 oves
1836 1927 1843 1934 ,

1005 1953 1120 1987 Christi,
1134 1953 1283 1988 variasque
1295 1952 1418 1979 rationes
1429 1950 1609 1983 adhibebant,
1623 1949 1723 1985 quibus
1739 1956 1804 1976 san-

1007 2004 1067 2027 ctos
1091 2006 1107 2026 e
1134 1998 1225 2026 medio
1244 1997 1383 2025 tollerent.
1410 1996 1567 2024 Nonnullor.
1587 1996 1661 2022 enim
1682 1993 1805 2021 trucida-

1007 2046 1084 2077 bant,
1102 2044 1185 2072 etiam
1210 2048 1359 2078 antequam
1376 2045 1530 2075 constaret,
1550 2048 1599 2069 eos
1626 2047 1720 2069 veram
1739 2040 1805 2067 reli—

1007 2092 1115 2127 gionem
1132 2090 1221 2123 sequi.
1239 2088 1403 2118 Gaudebant
1419 2091 1511 2115 autem
1527 2086 1653 2123 generosi
1672 2085 1711 2113 illi
1723 2085 1805 2122 pugi-

1008 2137 1059 2170 les,
1078 2136 1189 2172 quando
1213 2136 1247 2163 ad
1264 2139 1383 2162 mortem
1409 2133 1596 2166 ducebantur,
1616 2132 1749 2167 tanquam
1771 2131 1806 2158 ad

1010 2191 1121 2211 sacrum
1138 2182 1345 2210 tabernaculum
1361 2181 1508 2213 abeuntes,
1524 2186 1590 2207 eum
1608 2178 1733 2206 viderent
1748 2177 1807 2212 jam

1010 2229 1177 2257 desiderium
1204 2234 1284 2255 suum
1304 2227 1410 2262 perlici,
1435 2234 1520 2260 seque
1534 2233 1549 2253 e
1572 2225 1695 2260 vestigio»
1704 2216 1808 2252 clarius

1012 2279 1040 2303 et
1067 2274 1146 2310 prius
1173 2281 1236 2301 cum
1262 2281 1306 2305 eo,
1333 2280 1415 2308 quem
1431 2271 1637 2303 desiderabant,
1649 2274 1815 2298 versaturos.

1016 2321 1092 2349 nullo
1106 2320 1163 2355 jam
1178 2319 1297 2354 amplius
1309 2318 1404 2346 carnis
1427 2318 1487 2345 velo
1513 2316 1671 2351 interjecto.
1686 2315 1722 2341 At
1744 2321 1808 2350 erga

1016 2368 1084 2394 alios
1101 2367 1182 2399 iram,
1202 2370 1232 2392 ut
1248 2364 1365 2392 flamma
1388 2363 1505 2396 fumum,
1526 2361 1714 2395 occultabant,
1733 2364 1761 2388 et
1775 2360 1813 2387 ad

1018 2414 1159 2441 lenitatem
1175 2419 1238 2440 sese
1265 2411 1486 2446 componebant;
1500 2413 1528 2436 et
1545 2415 1625 2443 quasi
1640 2411 1738 2435 eoru'm
1754 2413 1810 2433 ma.

1017 2467 1098 2495 gnam
1115 2465 1212 2486 curam
1237 2460 1376 2492 gererent,
1397 2454 1577 2487 simulabant,
1595 2457 1623 2481 et
1640 2453 1743 2480 amicas
1765 2459 1811 2480 co-

1019 2504 1191 2533 hortationes
1218 2502 1410 2534 instituebant,
1428 2500 1494 2527 hinc
1510 2500 1622 2535 quidem
1646 2499 1710 2526 vitae
1730 2498 1812 2533 hujus

1017 2549 1240 2586 iucunditatibus
1250 2546 1412 2584 propositis,
1428 2546 1493 2574 inde
1503 2545 1758 2576 commiseratione,
1786 2547 1815 2571 et

1018 2595 1167 2624 formidine
1179 2602 1209 2623 se
1221 2594 1284 2629 angi
1296 2593 1436 2625 dicebant,
1447 2599 1483 2619 ue
1498 2591 1570 2619 male
1581 2589 1744 2622 interirent;
1756 2588 1813 2623 jam

1018 2651 1049 2670 se
1064 2643 1153 2670 aetatis
1182 2640 1242 2669 flori
1264 2645 1389 2674 parcere,
1410 2645 1445 2665 ne
1462 2642 1517 2664 tam
1530 2637 1678 2664 immaturo
1689 2634 1813 2662 demeta-

1020 2693 1076 2717 tur.
1092 2687 1154 2716 Jam
1171 2671 1317 2722 rogabant,
1330 2692 1365 2712 ne
1381 2684 1450 2712 adeo
1465 2683 1545 2711 nihili
1561 2681 1713 2718 penderent
1736 2671 1831 2715 inge-‘

1022 2735 1109 2763 uitam
1126 2731 1317 2761 fortitudinem
1330 2733 1359 2757 et
1377 2729 1508 2757 invictam
1521 2727 1675 2759 dexteram,
1689 2733 1747 2754 rem
1755 2733 1813 2761 qua:

1023 2781 1116 2817 potius
1133 2779 1215 2814 digna
1237 2777 1273 2805 sit
1296 2776 1448 2804 honoribus
1465 2779 1492 2803 et
1501 2774 1622 2807 coronis,
1642 2779 1726 2809 quam
1750 2779 1814 2816 sup-

1024 2811 1114 2864 pliciis
1127 2829 1155 2854 et
1163 2811 1271 2861 poenis.
1282 2822 1316 2850 Et
1325 2826 1356 2850 ut
1368 2820 1543 2857 imperatoris
1558 2826 1669 2856 quoque
1680 2811 1819 2847 rationem.

1024 2875 1168 2906 ducerent.
1179 2874 1291 2908 propter
1304 2875 1432 2901 munera,
1449 2867 1578 2896 donanda
1594 2866 1640 2900 iis,
1667 2865 1715 2902 qui
1738 2872 1811 2892 man-

1025 2920 1097 2949 datis
1111 2919 1172 2956 ejus
1185 2925 1290 2947 morem
1303 2919 1447 2952 gererent;
1462 2919 1544 2949 utque
1559 2913 1640 2943 etiam
1656 2915 1718 2940 vita
1735 2910 1819 2941 huius
