4072 6450
458 377 557 437 175
1708 381 1983 442 LEONIS
2018 382 2045 442 Ι

2156 385 2478 445 LOSOPIII
3602 380 3701 444 176

456 486 800 543 dulcedinem
836 488 1253 560 perpenderent,
1292 506 1470 561 neque
1502 492 1709 547 clausis
1756 492 1931 547 oculis
1956 493 2024 546 ad

2147 500 2327 566 (ωρεῖν
2359 496 2497 568 πρὸς
2534 495 2628 549 τὸν
2669 494 2917 550 θάνατον.
2948 495 3117 549 Ταῦθ’
3150 498 3183 567 ἡ
3246 490 3543 564 τυραννικὴ
3596 508 3701 543 κα-

459 580 739 635 interitum
769 591 1011 636 ruerent.
1042 583 1167 639 llaec
1195 593 1553 653 tyrannorum
1586 584 1814 639 subdola
1838 594 1892 638 et
1912 600 2028 637 ma-

2147 588 2468 657 ιεντρέχεια.
2505 585 2727 648 Τούτοις
2758 589 2791 656 ἠ
2841 585 3214 657 παιδαριώδης
3266 585 3375 637 τῶν
3423 582 3703 650 τυράννων

460 673 642 727 litiosa
673 674 930 726 versutia.
972 673 1067 729 His
1102 678 1403 744 puerilibus
1436 682 1764 731 commentis
1812 678 2029 747 tyranni

2147 679 2365 744 :nivoca,
2395 678 2497 746 τῆς
2531 677 2789 747 ἀληθινῆς
2851 679 3045 747 σοφίας
3087 679 3214 738 τοὺς
3279 674 3514 746 ἐραστὰς
3556 675 3707 726 ἐπει-

461 776 600 815 verae
630 762 913 832 sapientiae
941 774 1217 822 amatores
1242 768 1297 821 in
1331 767 1578 822 fraudem
1608 768 1885 837 impellere
1911 777 2030 824 stu-

2147 766 2264 818 aito
2313 764 2796 835 παραλογίζεσθαι.
2840 766 2962 818 Τῶν
3003 764 3060 818 δὲ
3109 764 3269 827 ἄλλος
3327 762 3493 829 ἀλλην
3553 761 3707 829 ἱερὰν

459 854 679 907 debant.
712 855 783 907 At
812 870 877 910 ex
916 857 1131 913 illorum
1168 874 1397 914 numero
1444 860 1585 915 alius
1616 860 1763 914 aliud
1803 876 2032 931 respon-

2147 857 2283 925 ίιφίει
2311 857 2514 927 φωνήν.
2558 856 2618 911 Ὀ
2655 858 2752 926 μὲν
2790 856 2898 927 γὰρ
2942 856 3154 924 ἔλεγεν·
3204 855 3370 908 Οὐδὲν
3400 854 3508 906 τῶν
3567 852 3710 921 ὁρω-

460 959 579 997 sum
611 944 794 999 dabat.
825 946 924 999 Hic
954 947 1225 1002 clamabat
1258 966 1273 1003 :
1316 947 1462 1004 Nihil
1512 965 1727 1013 eorum.
1775 965 1897 1019 quae
1928 952 2033 1005 sub

2147 947 2315 1014 μένων
2347 945 2472 1015 ἐμοὶ
2488 946 2745 1015 τερπνὸν,
2773 946 2902 1015 ὅλης
2935 948 3032 1014 τῆς
3057 945 3372 1012 ἐπιθυμίας,
3400 944 3479 1006 εἰς
3512 942 3573 993 τὸ
3603 957 3711 993 πα-

461 1044 744 1102 aspectum
780 1038 1007 1102 cadunt,
1043 1054 1130 1094 me
1180 1039 1436 1105 delectat,
1489 1050 1603 1095 tota
1633 1042 1931 1110 cupiditate
1964 1040 2032 1094 ad

2147 1036 2247 1089 3st
2273 1036 2413 1106 ὑπὲρ
2434 1036 2673 1106 Χριστοῦ
2702 1036 3103 1105 κεκενωμένης.
3147 1035 3204 1087 Ὀ
3232 1034 3289 1086 δὲ
3316 1074 3332 1097 ,
3361 1032 3473 1086 Νῦν
3516 1031 3709 1100 ἐπιτή-

462 1129 586 1190 hoc,
619 1138 678 1181 ut
713 1143 815 1198 pro
868 1128 1091 1185 Christo
1127 1132 1325 1200 patiar,
1358 1132 1554 1189 effusa.
1594 1132 1687 1188 Ille
1709 1148 1840 1188 vero
1872 1131 2031 1186 :Jam

2147 1128 2277 1180 5ειον
2330 1128 2489 1197 ἥκειν
2538 1144 2628 1199 μοι
2676 1127 2769 1179 τὸν
2821 1128 3035 1196 καιρὸν,
3096 1126 3159 1179 τὸ
3194 1125 3438 1195 ἀνδρεῖον
3488 1124 3547 1175 ἐν
3594 1124 3709 1183 τοῖς

460 1219 680 1274 occasio
709 1220 887 1286 adest,
919 1231 982 1276 ut
1012 1221 1390 1279 fortitudinem
1414 1239 1593 1280 meam
1622 1224 1678 1278 in
1717 1222 2032 1279 certamini-

2147 1216 2277 1285 ὒπὲρ
2298 1215 2391 1267 τοῦ
2418 1215 2686 1286 ἡμετέρου
2752 1214 3015 1284 βασιλέως
3082 1214 3290 1282 ἀγῶσιν
3350 1210 3709 1276 ἐνδείξασθαι.

461 1310 565 1364 bus
594 1325 694 1381 pro
718 1327 843 1385 rege
872 1328 992 1369 meo
1024 1314 1349 1382 subeundis,
1391 1315 1783 1371 demonstrem.
1832 1316 1987 1369 Alius
2016 1334 2032 1369 :

2147 1308 2249 1361 Καὶ
2272 1307 2431 1372 ἄλλος
2450 1324 2465 1339 σ
2500 1308 2616 1361 Νῦν
2639 1309 2913 1379 προσῆκεν
2934 1311 2991 1361 ἐν
3026 1307 3177 1361 ἀνθει
3207 1309 3306 1377 τῆς
3335 1305 3580 1373 νεότητος
3611 1302 3714 1369 όφ-

462 1397 618 1452 Nunc
648 1414 748 1469 par
782 1411 867 1455 est
888 1409 971 1467 ut,
1006 1402 1133 1455 dum
1160 1402 1260 1458 llos
1291 1405 1392 1459 mvi
1426 1406 1590 1475 viget,
1615 1405 1813 1461 delicto
1837 1420 1923 1459 me
1955 1404 2033 1458 si-

2147 1399 2298 1469 θῆναι
2329 1400 2405 1469 τῷ
2436 1400 2773 1470 ποθουμένῳ,
2819 1400 2949 1470 πρὶν
3006 1398 3040 1468 ἢ
3092 1394 3582 1467 καταμαρανθῆναι
3631 1392 3715 1460 τῷ

464 1497 628 1555 stam,
660 1492 980 1561 priusquam
1002 1493 1181 1561 [senio
1224 1504 1530 1550 exarescat.
1557 1496 1709 1552 Alius
1744 1496 1931 1550 animo
1970 1494 2037 1548 ad

2147 1492 2326 1560 γήρει.
2358 1492 2585 1562 Ἕτερος
2617 1492 2673 1545 δέ
2690 1493 2948 1545 ἐπιπλέον
2972 1491 3291 1560 κινούμενος
3320 1489 3420 1556 τὴν
3446 1488 3712 1548 διάνοιαν,

465 1577 620 1645 plura
661 1579 907 1645 diducto,
942 1590 997 1636 et
1032 1583 1285 1638 oratione
1317 1586 1596 1653 copiosior
1622 1587 1750 1640 talia
1787 1588 2035 1656 quaadam

2147 1585 2236 1636 καὶ
2258 1577 2373 1637 οἷον
2408 1582 2547 1653 ῥέων
2579 1583 2659 1654 τῷ
2703 1583 2870 1653 λόγῳ,
2918 1581 3145 1636 τοιαῦτά
3197 1598 3323 1634 τινα
3373 1579 3710 1648 ἐφθέγγετο·

467 1668 796 1738 loquebatur
827 1690 840 1725 :
876 1671 1014 1726 Sunt
1042 1674 1262 1743 quidem
1300 1677 1547 1745 pulchra,
1571 1694 1691 1747 qua:
1710 1692 2039 1732 commemo-

2147 1669 2295 1728 Εἷναι
2331 1672 2430 1744 μὲν
2459 1673 2634 1727 ταῦτα
2672 1675 2834 1737 καλὰ,
2867 1672 3187 1742 διπερὲφης,
3236 1668 3378 1723 καλὰ
3406 1668 3503 1722 καὶ
3556 1669 3717 1739 ἡμεῖς

467 1760 624 1813 rasti.
666 1761 905 1815 Pulchra
932 1778 1076 1827 esse,
1112 1780 1289 1833 neque
1314 1782 1413 1821 nos
1437 1766 1763 1830 inliciamur,
1799 1776 1854 1821 et
1875 1782 1905 1819 a
1930 1765 2040 1821 Deo

2147 1765 2422 1834 σύνισμεν,
2471 1766 2566 1819 καὶ
2594 1766 2747 1836 παρὰ
2795 1763 2931 1817 Θεοῦ
2983 1763 3228 1817 δεδόσθαι
3274 1760 3480 1832 μέντοι,
3541 1759 3626 1827 ἐφ’
3672 1750 3719 1824 ᾧ

466 1866 766 1919 concessa;
793 1869 858 1908 ac
889 1856 1117 1924 proinde
1148 1857 1353 1926 gratias
1383 1857 1559 1915 eidem
1614 1860 1810 1913 merito
1830 1858 2038 1926 persol-

2147 1858 2303 1927 χάριν
2325 1858 2559 1912 εἰδέναιο
2592 1857 2712 1920 πῶς
2740 1858 2785 1910 δ’
2813 1856 2879 1911 ἂν
2906 1856 3179 1926 εἰδείημεν
3208 1855 3391 1925 χάριν,
3422 1855 3471 1905 εί
3507 1850 3587 1921 τῷ
3616 1851 3719 1903 πό-

464 1934 763 2023 νίηιιιεηΑι
796 1960 904 2014 qua
931 1947 1145 2002 ratione
1183 1950 1389 2017 gratias
1419 1964 1731 2019 ageremus,
1770 1950 1818 2004 si
1869 1950 2037 2003 nimia

2147 1944 2220 2014 θῳ
2242 1944 2450 1998 τούτων
2481 1945 2691 1999 ἐκείνου
2751 1942 3226 2014 διαζευγνύμεθα;
3267 1942 3371 1996 ποῦ
3421 1942 3477 1995 δὲ
3522 1940 3721 2011 φρενὸς

463 2033 662 2090 horum
689 2035 989 2107 cupiditate
1026 2039 1094 2092 ab
1125 2039 1221 2094 illo
1259 2040 1714 2111 sejungeremur?
1751 2040 2040 2107 Quomodo

2147 2036 2347 2099 εἰδυίας
2363 2036 2549 2103 καλὸν,
2587 2036 2649 2091 τὸ
2677 2037 2775 2108 μὲν
2803 2038 2976 2107 δῶρον
3018 2036 3224 2090 ἐθέλειν
3266 2037 3455 2105 τιμᾷν,
3515 2034 3616 2103 τῆς
3661 2032 3723 2085 δὲ

464 2140 621 2182 mens
650 2126 743 2183 illa
769 2144 941 2199 gnara
976 2130 1191 2200 pulchri
1222 2134 1406 2187 vocari
1446 2141 1644 2201 potest,
1680 2148 1802 2203 qua:
1833 2134 2040 2187 donum

2147 2128 2236 2180 τοῦ
2278 2128 2571 2193 δεδωκότος
2624 2130 2793 2200 τιμῆς
2834 2127 3261 2199 κατολιγωρεῖν;
3320 2128 3461 2181 καλὰ
3522 2125 3718 2179 ταῦτα.

462 2216 720 2284 honorat,
748 2221 1045 2277 donantem
1074 2226 1444 2292 aspernatur?
1468 2224 1705 2280 Pulchra
1736 2232 1865 2282 sunt
1894 2227 1997 2281 ista
2021 2241 2040 2291 ;

2155 2220 2295 2273 Ἀλλ’
2324 2221 2458 2284 εῐτις
2487 2221 2609 2275 ὅλον
2657 2221 2749 2274 τὸν
2778 2221 2904 2275 νοῦν
2950 2221 3087 2292 πρὸς
3143 2220 3283 2273 αὐτά
3335 2219 3579 2289 στρέφοι,
3627 2217 3724 2270 καὶ

463 2310 563 2365 sed
592 2311 639 2366 si
688 2312 816 2382 quis
846 2322 1018 2369 totam
1080 2331 1237 2370 suam
1275 2315 1666 2385 cogitationem
1701 2317 1768 2370 ad
1814 2332 1876 2373 ea
1910 2331 2042 2371 con-

2147 2312 2348 2366 τούτων
2370 2314 2536 2384 ἔρωτι
2556 2313 2652 2367 τοῦ
2690 2313 2859 2377 ὅντως
2890 2312 3057 2367 καλοῦ
3106 2314 3199 2366 τὸν
3249 2312 3427 2382 ἔρωτα
3483 2308 3725 2363 ἀποσϐέ-

464 2405 649 2469 vertit,
706 2414 762 2459 et
812 2415 1035 2476 propter
1072 2422 1263 2463 eorum
1307 2422 1573 2473 amorem,
1610 2410 1731 2479 ejus
1768 2411 1858 2478 qui
1915 2425 2044 2466 vere

466 2493 694 2562 pulcher
724 2503 829 2560 est,
867 2510 1107 2552 amorem
1155 2497 1492 2567 exstinguit,
1525 2498 1627 2553 iste
1680 2507 1736 2554 et
1770 2500 2044 2570 pessimus

465 2586 571 2639 sibi
620 2575 736 2655 ipsi'
780 2586 1033 2654 edicitur,
1065 2598 1119 2644 et
1176 2589 1344 2644 miser
1380 2590 1451 2645 ob
1482 2593 1837 2660 voluptatem,
1876 2608 2039 2660 quam

466 2674 596 2732 inde
618 2678 783 2748 capit,
814 2687 869 2734 et
898 2678 1058 2750 longe
1084 2680 1265 2735 adhuc
1297 2682 1555 2737 miserior
1579 2684 1649 2737 ob
1672 2698 1878 2752 poenas,
1902 2700 2040 2753 quas

465 2772 597 2827 dum
630 2774 796 2829 rebus
827 2775 1040 2831 modice
1069 2792 1292 2832 sensum
1320 2776 1672 2831 titillantibus
1712 2778 1908 2841 inhiat,
1941 2778 2042 2832 sibi

465 2864 711 2919 asciscit.
764 2863 1121 2936 Nequaquam
1181 2868 1352 2937 igitur
1406 2876 1712 2938 opportuna
1741 2877 1825 2924 est
1874 2869 2042 2922 animi

464 2956 636 3010 vestri
666 2956 723 3010 in
749 2972 851 3013 nos
879 2958 1284 3025 benevolentia,
1336 2975 1514 3029 neque
1556 2960 1702 3015 enim
1746 2960 2044 3030 quidquam

466 3046 820 3102 emolumenti
848 3048 1026 3103 aﬂ'ert.
1060 3050 1130 3104 At
1154 3050 1267 3105 haec
1300 3049 1484 3106 dulcia
1512 3060 1663 3117 sunt,
1697 3061 2045 3119 mentemque

468 3134 812 3189 devinciendi
842 3138 952 3191 vim
975 3137 1198 3196 habent.
1229 3138 1336 3194 Sed
1360 3138 1712 3209 pulchritudo
1742 3141 2046 3204 animaa_est

470 3226 939 3295 incomparabilis.
983 3228 1102 3283 Non
1158 3229 1337 3294 decet,
1397 3240 1455 3285 ut
1489 3232 1611 3300 quis
1665 3233 2047 3302 prtestantiore

469 3318 688 3385 relicto,
748 3320 901 3375 circa
952 3321 1196 3377 deterius
1235 3322 1478 3377 studium
1512 3333 1566 3379 et
1608 3338 1828 3394 operam
1859 3331 2043 3393 ponat.

469 3407 666 3465 Suavis
696 3419 782 3465 est
807 3427 1053 3482 praesens
1087 3414 1200 3469 vita
1230 3432 1246 3481 ;
1278 3415 1374 3470 sed
1410 3433 1589 3486 neque
1613 3418 1860 3471 umbram
1890 3417 2044 3487 ejus,

468 3516 592 3569 qua:
623 3516 725 3556 nos
747 3512 1048 3573 exspectat,
1084 3506 1212 3560 vita:
1246 3509 1652 3579 complectitur.
1695 3508 1815 3564 Non
1842 3510 2048 3564 [iniun-

470 3594 677 3643 turres
734 3599 940 3646 nostra;
984 3596 1367 3662 praesentibus.
1421 3596 1717 3668 Exspectat
1778 3616 1882 3654 nos
1940 3600 2046 3655 alia

470 3678 605 3743 vita,
630 3681 789 3750 cujus
818 3683 944 3740 ﬁnis
980 3687 1183 3743 nullus.
1216 3688 1334 3745 Non
1368 3691 1483 3746 abit
1507 3693 1577 3746 .in
1618 3694 1848 3748 nihilum
1877 3695 2042 3748 etiam

470 3769 665 3827 isthmc
692 3783 880 3828 nostra
904 3790 969 3830 ex
993 3777 1109 3832 luto
1132 3781 1254 3834 iicta
1286 3781 1509 3852 eﬂigies,
1537 3783 1753 3839 etiamsi
1785 3793 2048 3854 perpetuo

472 3862 633 3929 quasi
685 3866 936 3931 radatur,
971 3870 1254 3939 multoque
1295 3873 1479 3927 minus
1529 3876 1744 3940 anima;
1778 3874 1872 3928 sed
1908 3875 2047 3930 hanc

470 3952 690 4019 quidem
748 3956 1063 4014 insolubilis
1112 3968 1291 4015 status
1338 3972 1557 4027 manet;
1606 3962 1734 4017 huic
1784 3976 1915 4016 vero
1954 3977 2049 4030 per

469 4044 911 4115 dissolutionem,
945 4066 1068 4119 quae
1111 4054 1380 4117 cernitur,
1412 4056 1678 4108 transitus
1718 4064 1942 4124 paratur
1977 4054 2044 4108 ad

468 4144 672 4190 statum
705 4137 1166 4196 indissolubilem.
1198 4140 1264 4195 Et
1282 4143 1479 4197 anima:
1515 4143 1758 4211 quidem,
1788 4143 1834 4195 si
1865 4156 1896 4194 a
1921 4156 2047 4196 vera

469 4228 786 4297 cognitione
808 4244 920 4284 non
953 4231 1193 4295 aberret,
1226 4232 1281 4285 in
1310 4232 1597 4287 beatorum
1632 4232 1855 4286 sedibus
1894 4247 2047 4287 com-

468 4318 704 4372 moratio
721 4318 832 4387 jam
866 4320 1089 4374 decreta
1127 4330 1238 4387 est;
1268 4329 1326 4374 at
1359 4322 1407 4376 si
1442 4321 1511 4375 ad
1541 4322 1883 4375 contrarium
1927 4338 2049 4377 ver-

470 4417 584 4481 gat,
621 4410 799 4478 poauis
847 4426 973 4467 sese
1019 4412 1311 4467 obnoxiam
1366 4414 1543 4468 reddit
1581 4429 1594 4464 :
1643 4429 1843 4482 corpus
1869 4424 2046 4469 autem

2146 2431 2254 2477 σοι,
2284 2401 2439 2469 οὗτος
2469 2407 2731 2470 κάκιστος
2764 2406 2862 2477 μὲν
2886 2406 3089 2475 ἐαυτῷ,
3122 2404 3306 2468 ἄθλιος
3336 2404 3392 2456 δέ
3440 2403 3539 2473 τῆς
3584 2404 3723 2455 ἀπο-

2145 2506 2411 2566 λαύσεως,
2447 2497 2773 2567 ἀθλιώτερος
2801 2498 2858 2551 δὲ
2887 2497 2987 2566 τῆς
3022 2496 3248 2567 ζημίας,
3277 2496 3344 2567 ἢν
3400 2494 3495 2546 ἐπὶ
3536 2492 3709 2564 μικρά

2144 2594 2507 2657 δελεάζουσιν,
2541 2587 2860 2652 ἀντελέξατο
2891 2606 2905 2619 ·
2938 2589 3038 2641 οὐκ
3098 2587 3193 2641 οῦν
3236 2588 3367 2657 ὑμῖν
3422 2587 3482 2639 ἐν
3536 2584 3711 2655 καιρῷ

2144 2685 2207 2737 τὸ
2239 2683 2337 2752 τῆς
2367 2678 2592 2748 γνώμης
2617 2677 2917 2747 κηδόμενον
2950 2678 3034 2746 (ού
3077 2678 3187 2748 γὰρ
3234 2678 3432 2746 κτῆσιν
3494 2675 3718 2743 ἀγαθῶν

2146 2773 2468 2845 εἰσηγεῖται)
2496 2770 2607 2841 ἔχει
2653 2786 2706 2822 τι
2748 2768 2916 2822 ταῦτα
2964 2769 3305 2839 θελκτήριον,
3360 2768 3456 2822 καὶ
3500 2768 3727 2834 ὑπαγω-

2146 2867 2262 2935 γὺν,
2290 2864 2427 2917 ἀλλά
2452 2862 2511 2915 τὸ
2542 2860 2736 2921 κάλλος
2762 2860 3095 2931 ἀσύγκριτον
3125 2862 3228 2931 τῆς
3264 2860 3463 2931 ψυχῆς.
3511 2862 3587 2912 Οὐ
3622 2859 3725 2922 δεῖ,

2145 2958 2239 3011 τοῦ
2270 2957 2580 3027 κρείττονος
2635 2953 2965 3023 ἀφεμένους,
2987 2955 3116 3024 περὶ
3138 2954 3199 3007 τὸ
3234 2948 3397 3024 ἦττον
3428 2954 3527 3022 τὴν
3558 2969 3730 3006 σπου-

2146 3050 2240 3120 δὴν
2269 3048 2642 3120 ἐπιστρέφειν.
2680 3046 2890 3109 Γλυκὺς
2947 3047 2976 3099 ὁ
3011 3045 3201 3118 παρὼν
3234 3046 3371 3115 βίος,
3425 3045 3543 3099 ἀλλ’
3598 3045 3727 3096 ούδέ

2074 3168 2116 3228 C
2152 3141 2311 3195 σκιὰν
2332 3142 2431 3210 τῆς
2455 3144 2582 3211 ἡμῖν
2598 3141 2970 3211 ἀποκειμένης
2998 3138 3335 3208 γλυκύτητος
3394 3135 3729 3228 ἀναπληροῖ.

2149 3232 2224 3285 Ού
2259 3233 2420 3303 μέχρι
2458 3232 2663 3285 τούτων
2713 3233 2913 3301 ἕστηκε
2966 3232 3037 3283 τὰ
3092 3229 3359 3300 ἡμέτερα.
3408 3226 3727 3295 Ἐκδέχεται

2148 3325 2297 3394 ἡμᾶς
2315 3324 2450 3393 ἄλλη
2478 3324 2614 3394 ζωὴ,
2645 3318 2714 3393 ἧς
2749 3323 2848 3392 οὐχ
2878 3323 3111 3376 ἆπτεται
3157 3319 3332 3380 λύσις.
3362 3317 3476 3370 Οὐκ
3515 3315 3731 3386 οἴχεται

2149 3416 2288 3485 πρὸς
2317 3416 2378 3468 τὸ
2409 3416 2483 3485 μὴ
2514 3415 2594 3479 ὃν,
2630 3416 2744 3468 οὔθ’
2778 3407 2931 3477 οὗτος
2967 3412 3122 3484 ἡμῶν
3158 3415 3185 3465 ὁ
3212 3413 3435 3481 πήλινος
3479 3412 3729 3481 ἀνδριὰς,

2148 3508 2254 3561 κᾶν
2286 3508 2470 3577 ξέηται
2495 3508 2812 3573 διαπαντὸς,
2836 3506 2961 3561 οῦτε
2996 3506 3179 3574 πολλῷ
3208 3505 3524 3576 πρότερονή
3548 3503 3729 3574 ψυχὴ,

2149 3598 2287 3653 ἀλλά
2313 3601 2379 3668 τῇ
2413 3600 2510 3668 μὲν
2526 3598 2722 3661 ἄλυτος
2748 3600 2780 3667 ἡ
2812 3596 3063 3667 διαμονὴ,
3094 3596 3175 3667 τῷ
3200 3596 3277 3661 δὲ,
3302 3597 3393 3650 διὰ
3431 3596 3526 3663 τῆς
3576 3596 3729 3663 ὁρω-

2155 3693 2327 3762 μένης
2353 3692 2583 3757 λύσεως,
2635 3692 2773 3761 πρὸς
2824 3691 2884 3744 τὸ
2925 3690 3120 3743 ἄλυτον
3165 3691 3198 3760 ὴ
3248 3688 3589 3759 μετάϐασις’
3628 3686 3728 3741 καὶ

2149 3786 2217 3854 τῇ
2256 3785 2355 3855 μὲν
2404 3784 2478 3853 μὴ
2538 3782 2908 3854 ἀπολισθούσῃ
2950 3782 3049 3852 τῆς
3102 3781 3272 3842 ὅντως
3312 3778 3591 3848 γνώσεως,
3664 3781 3721 3830 ἐν

2156 3873 2405 3944 μακαρίᾳ
2436 3872 2769 3942 μεταστάσει
2800 3874 2831 3940 ἡ
2868 3870 3133 3939 διαγωγὴ,
3170 3870 3479 3940 ὑπαχθείσῃ
3507 3869 3563 3921 δὲ
3585 3866 3721 3937 πρὸς

2149 3965 2484 4030 τούναντίον,
2519 3963 2675 4034 λῆξις
2703 3964 2923 4032 ἀπαντᾷ
2948 3961 3246 4032 τιμωρίας·
3292 3961 3369 4031 τῷ
3406 3960 3464 4013 δὲ
3509 3960 3730 4029 ἀνάγκη

2152 4053 2565 4115 συναπολαύειν,
2594 4048 2669 4105 ὧν
2698 4052 2764 4106 ἂν
2788 4053 2971 4121 ἐκείνη
3002 4051 3213 4117 δεξιῶν,
3258 4052 3292 4122 ἢ
3338 4050 3561 4119 φαύλων
3625 4066 3727 4119 με-

2157 4148 2329 4216 τέχοι.
2366 4146 2429 4198 Εί
2463 4146 2562 4215 μὲν
2595 4141 2689 4199 οῦν
2723 4147 2781 4198 ἐν
2809 4144 2888 4215 τῷ
2915 4144 3144 4216 παρόντι
3168 4145 3228 4197 τὸ
3266 4143 3462 4206 κάλλος
3486 4142 3731 4213 τηρήσο-

2157 4254 2256 4306 μεν
2289 4237 2389 4305 τῆς
2426 4235 2605 4306 ψυχῆς
2633 4236 2874 4305 (τηροίτο
2928 4234 2971 4287 δ’
3004 4234 3092 4299 ἂν,
3154 4235 3204 4287 εί
3266 4234 3343 4305 μὴ
3395 4233 3733 4303 προδοίημεν

2149 4330 2248 4399 τὴν
2280 4328 2609 4397 εὐσέϐειαν),
2636 4327 2790 4380 ἔσται
2814 4329 2968 4396 ἡμῖν,
3007 4326 3160 4379 ἔσται
3201 4327 3296 4379 καὶ
3335 4328 3510 4379 ταῦτα
3551 4325 3617 4396 δὴ
3658 4325 3736 4378 τὰ

2148 4418 2243 4472 τοῦ
2269 4418 2522 4487 σώματος
2546 4419 2603 4470 ἐν
2635 4417 2883 4486 ἀμείνονι
2910 4418 3305 4488 διαμειϐόμενα
3346 4418 3609 4487 σχήματι.
3662 4418 3735 4470 Εἰ

471 4502 790 4555 necessario
832 4512 927 4558 aut
968 4503 1127 4559 bonis
1156 4511 1250 4557 aut
1284 4506 1462 4570 malis,
1499 4505 1702 4575 quibus
1746 4506 1884 4573 ipsa,
1920 4521 2043 4575 per-

2149 4512 2207 4562 δέ
2233 4511 2298 4579 τῇ
2321 4509 2466 4580 ψυχῇ
2502 4510 2977 4579 παραχωρήσομεν
2994 4508 3092 4572 τὰς
3125 4508 3226 4577 τῆς
3250 4508 3504 4570 ἀσεϐείας
3525 4507 3732 4577 κῆρας,

474 4592 770 4648 frueretur.
789 4592 847 4649 Si
879 4594 1120 4666 igiturin
1139 4596 1399 4667 praesenti
1429 4597 1540 4651 vita
1581 4596 2046 4666 pulchritudinem

472 4683 671 4739 animae
725 4698 1119 4742 conservemus
1146 4686 1616 4757 (conservabimus
1649 4694 1827 4741 autem
1856 4686 1901 4742 si
1930 4687 2051 4756 pie-

473 4785 639 4830 tatem
675 4793 784 4831 non
820 4778 1163 4849 prodamus),
1215 4779 1324 4835 hoc.
1346 4781 1464 4849 ipso
1497 4781 1659 4835 etiam
1689 4779 1905 4850 corpori
1936 4796 2049 4835 me-

470 4867 660 4923 liorem
696 4868 927 4924 formam
955 4880 1009 4925 et
1031 4872 1397 4927 conditionem
1427 4872 1867 4927 conciliabimus.
1892 4870 2046 4937 Quod

470 4959 518 5015 si
544 4960 817 5029 patiamur
852 4963 1094 5018 animam
1121 4966 1176 5018 in
1209 4965 1542 5034 impietatem
1577 4966 1812 5034 prolabi,
1840 4972 1895 5018 et
1922 4965 2049 5019 huic

467 5061 526 5106 et
565 5052 641 5107 illi
700 5053 933 5109 insidias
993 5057 1299 5111 tetendisse
1347 5057 1473 5126 jure
1522 5059 1732 5127 optimo
1783 5058 2046 5113 feremur.

468 5143 611 5208 Quid
644 5143 811 5213 igitur
855 5144 950 5199 illa
1009 5146 1168 5201 nobis
1225 5147 1453 5211 all‘crtis,
1509 5163 1634 5216 quae
1666 5164 1842 5217 neque
1876 5149 2047 5202 altera

467 5243 623 5301 parte
678 5235 971 5303 pulchrum
1012 5238 1358 5306 respiciunt?
1395 5240 1550 5304 Quod
1602 5240 1649 5294 si
1693 5247 1747 5293 et
1777 5240 1932 5295 vobis
1984 5255 2049 5294 ea

466 5340 590 5392 quae
646 5324 943 5389 delectant,
1002 5330 1157 5384 cordi
1212 5337 1363 5392 sunt,
1408 5330 1634 5400 quzerite
1658 5330 1799 5383 viam
1828 5347 1950 5400 qua:
1979 5333 2045 5386 ad

468 5428 599 5469 vere
624 5414 970 5472 delectabilia
989 5417 1163 5474 ducit.
1185 5418 1285 5473 Sin
1315 5419 1514 5485 minus,
1552 5420 1711 5476 nobis
1739 5430 1917 5475 autem
1936 5431 2048 5476 tota

469 5506 727 5574 cogitatio
766 5518 957 5566 nostra
990 5510 1057 5564 ad
1085 5512 1175 5566 illa
1210 5512 1408 5579 tendit,
1445 5529 1511 5569 ne
1535 5514 1825 5583 praesentia
1851 5530 2051 5585 propo-

471 5597 587 5651 nite
617 5612 633 5649 :
671 5600 807 5655 nihil
835 5619 939 5657 nos
972 5603 1103 5659 inde
1138 5605 1464 5661 abstrahere
1517 5616 1721 5675 potest,
1753 5608 1869 5662 sive
1891 5608 2048 5662 volu-

472 5694 701 5754 ptatem,
725 5691 841 5747 sive
871 5694 1155 5749 tristitiam
1186 5696 1385 5766 pariat.
1419 5697 1561 5764 Quid
1609 5699 1841 5768 gloriam
1884 5699 2047 5755 nobis

472 5774 831 5848 pollicemini,
872 5782 1033 5853 cujus
1082 5786 1291 5845 domini
1352 5803 1463 5845 non
1501 5789 1677 5847 estis?
1706 5788 1847 5855 Quid
1877 5790 2041 5857 datis,

2151 4602 2519 4671 λυμήνασθαι,
2548 4600 2859 4671 καὶταύτῃ,
2890 4601 3130 4671 κάκείνῳ
3160 4601 3603 4664 ἐπιϐουλεύοντες
3660 4601 3735 4654 ἂν

2150 4693 2474 4764 όφθείημεν.
2503 4693 2569 4747 Τί
2602 4692 2693 4746 οῦν
2725 4694 2910 4746 ἐκεῖνα
2943 4694 3075 4763 ἡμῖν
3133 4692 3464 4761 εἰσηγεῖσθε,
3519 4692 3555 4745 ἃ
3604 4692 3736 4762 μηδ’

2149 4786 2322 4856 ἑτέρῳ
2358 4786 2513 4855 μέρει
2540 4785 2674 4854 πρὸς
2693 4784 2854 4838 καλὸν
2872 4785 2973 4855 ὁρᾷ
2998 4800 3015 4850 ;
3058 4785 3118 4837 Εἰ
3156 4784 3255 4854 μὲν
3277 4785 3369 4837 καὶ
3399 4785 3527 4851 ὑμῖν
3575 4782 3736 4853 μέλει

2149 4878 2258 4930 τῶν
2286 4879 2558 4947 τερπνῶν,
2590 4876 2866 4947 ζητήσατε
2883 4877 2981 4946 τὴν
3010 4876 3150 4942 ὁδὸν,
3180 4878 3214 4947 ἢ
3235 4876 3544 4938 διαϐιϐάζει
3591 4876 3737 4945 πρὸς

2149 4968 2220 5022 τὰ
2248 4968 2418 5031 ὅντως
2449 4970 2677 5040 τερπνά.
2742 4970 2807 5021 Εἰ
2852 4968 2909 5020 δέ
2964 4968 3191 5039 μὴ,ἀλλ“
3222 4970 3353 5039 ἡμῖν
3397 4986 3461 5036 γε
3501 4969 3621 5021 ὅλον
3666 4968 3736 5020 τὸ

2151 5060 2407 5129 φρόνημα
2434 5059 2569 5131 πρὸς
2595 5061 2780 5111 ἐκεῖνα
2804 5059 3218 5129 μεταθεμένοις,
3252 5059 3329 5129 μὴ
3364 5061 3433 5113 τὰ
3485 5059 3737 5129 παρόντα

2150 5150 2484 5220 προτείνετε.
2512 5150 2680 5202 Οὐδὲν
2713 5152 2745 5221 ὴ
2759 5151 2864 5219 μᾶς
2901 5151 3109 5203 ἐκεῖθεν
3147 5151 3430 5220 μεθέλκειν
3479 5151 3733 5211 δύναται,

2154 5243 2252 5311 οὐχ
2286 5242 2385 5294 ὅσα
2415 5242 2572 5312 φέρει
2604 5240 2817 5311 τέρψιν,
2848 5243 2944 5311 οὐχ
2971 5244 3069 5295 ὅσα
3102 5242 3282 5296 λυπεῖ.
3309 5244 3375 5294 Τί
3408 5243 3565 5306 δόξαν
3596 5244 3736 5312 ἡμῖν

2149 5337 2520 5407 ὑπισχνεῖσθε,
2548 5331 2615 5408 ἧς
2664 5338 2762 5389 οὐκ
2796 5337 2918 5389 ἐστέ
2946 5338 3158 5407 κύριοι;
3212 5338 3267 5390 τί
3313 5339 3505 5401 δίδοτε,
3548 5337 3583 5391 ἂ
3631 5340 3737 5389 καὶ

2151 5430 2295 5500 ὑμᾶς
2316 5430 2511 5481 θᾶττον
2543 5428 2860 5495 ἀπολείπει;
2898 5430 2950 5481 τί
2979 5430 3044 5493 δ’,
3081 5430 3155 5493 ὡς
3210 5430 3463 5500 φοϐερὸν,
3508 5429 3600 5481 τὸν
3632 5429 3737 5481 θά-

2149 5515 2623 5582 νατονάπειλεῖτε,
2676 5519 2737 5583 ὃς
2768 5521 2971 5589 μᾶλλον
3004 5521 3135 5590 ὑμῖν
3185 5522 3406 5591 ἀπαντᾷ
3463 5520 3731 5590 φοϐερός;

2150 5610 2209 5665 ἓν
2265 5610 2702 5682 ἡμῖνλτερπνὸν,
2758 5611 2819 5664 τὸ
2883 5611 3024 5681 μετά
3075 5611 3314 5682 Χριστοῦ
3370 5610 3532 5666 εἷναι.
3570 5611 3628 5663 ἓν
3673 5611 3735 5663 δὲ

2151 5701 2404 5771 φοϐερὸν,
2441 5700 2525 5765 τὸ,
2553 5700 2762 5755 ἐκείνου
2802 5700 3154 5770 χωρίζεσθαι.
3213 5700 3381 5754 Ταῦθ’
3428 5704 3458 5754 ὀ
3500 5701 3600 5771 μέν
3644 5717 3734 5763 τις

2150 5794 2258 5849 τῶν
2301 5792 2574 5857 ἀθλητῶν,
2627 5788 2741 5847 οἷον
2786 5793 3029 5862 ,νιφάδας
3100 5793 3283 5857 ἀφιεὶς
3336 5795 3415 5857 είς
3480 5792 3733 5852 ἀφωνίαν
