4072 6506
427 456 532 517 1'77

1410 457 1690 519 ORATIO
1716 460 1836 520 XV.
1870 483 1937 495 --
1974 460 2051 521 ΙΝ
2093 461 2350 525 OMNES
2388 464 2752 528 SANCTOS.

3577 476 3683 541 178

418 568 698 635 περιέστη
757 566 857 630 τάς
945 566 1279 637 συνηγόρους
1326 567 1426 637 τῆς
1468 569 1681 640 πλάνης
1726 568 1994 637 γλώσσας.

2103 589 2222 642 quae
2252 576 2409 632 vobis
2434 577 2568 645 ipsis
2598 579 2739 633 forte
2766 577 3008 633 desunt?
3037 578 3179 645 Quid
3208 590 3471 653 tanquam
3517 589 3681 642 terri-

421 660 658 729 Ἕτερος
680 658 761 721 δὲ,
787 657 856 711 τά
889 657 1027 727 μέλη
1056 658 1342 728 προῦτεινε
1390 659 1528 730 πρὸς
1584 660 1845 731 ἐκτομὴν,
1904 662 1999 715 καὶ

413 751 564 822 πρὸς
592 750 693 821 τὴν
720 752 938 820 σφαγὴν
978 750 1071 803 τὸν
1113 750 1315 820 αὐχένα
1353 751 1546 817 ἐδίδου,
1602 752 1698 805 καὶ
1738 754 1812 823 μὴ
1872 754 2002 824 μέλ-

414 850 539 895 λειν
569 842 705 915 πρὸς
732 841 830 911 τὴν
863 844 1062 912 πεῖραν
1090 842 1199 894 τῶν
1223 841 1472 911 βασάνων
1506 844 1927 914 παρεκελεύετο.

2106 663 2264 718 ticam
2299 674 2529 720 mortem
2564 666 2870 731 minamini,
2919 683 3042 737 qua:
3074 670 3232 726 vobis
3280 674 3455 742 magis
3493 672 3686 730 formi-

2106 755 2284 809 danda
2315 758 2499 812 venit?
2546 757 2726 812 Unum
2755 760 2911 816 nobis
2930 761 3234 830 jucundum
3262 775 3364 830 est,
3404 781 3528 822 csse
3558 782 3682 822 cum

2106 846 2347 903 Christo.
2412 848 2591 904 Unum
2632 850 3078 921 formidandum,
3123 856 3369 924 separari
3425 857 3492 911 ab
3537 859 3679 927 ipso.

413 936 551 991 Haec
578 951 724 990 unus
745 950 811 990 ex
836 934 1163 989 athletarum
1194 952 1426 991 numero
1452 937 1793 1005 prolocutus,
1836 937 2114 993 silentium
2141 940 2403 1009 imposuit
2468 944 2674 998 erroris
2738 943 3038 999 advocatis.
3118 948 3274 1002 Alius
3330 962 3459 1003 vero
3508 963 3682 1003 mem-

412 1036 523 1085 bra
550 1029 933 1101 protendebat,
964 1037 1025 1083 ut
1053 1037 1493 1099 amputarentur,
1524 1037 1580 1084 et
1609 1030 1903 1094 cervicem,
1937 1038 1997 1084 ut
2030 1031 2440 1100 praacideretur,
2465 1041 2901 1106 cunctantesque
2951 1036 3021 1091 ad
3070 1042 3341 1093 tormenta
3397 1038 3683 1094 inferenda

411 1123 723 1180 excitabat.

508 1214 651 1269 Ἀλλ’
676 1216 710 1285 ἡ
745 1212 847 1285 μὲν
880 1213 991 1266 τῶν
1014 1212 1314 1284 προμάχων
1362 1214 1462 1282 τῆς
1500 1212 1779 1283 ἀληθείας,
1830 1214 2003 1278 οὕτως

416 1306 851 1374 ἀκατάπληκτος
889 1306 1191 1375 παρρησία.
1236 1305 1300 1357 Ἦ
1345 1305 1404 1358 δὲ
1435 1305 1658 1375 ποικίλη
1703 1305 1813 1358 τῶν
1852 1306 2006 1359 δικα-

419 1400 569 1453 στῶν
603 1398 884 1452 κακόνοια.
910 1396 1039 1458 Τοῖς
1066 1397 1164 1467 μὲν
1199 1396 1403 1459 εὐθέως
1452 1398 1677 1468 ὲπηφίει
1722 1396 1793 1449 τά
1829 1396 2003 1461 δεινά,

424 1492 526 1544 καὶ
554 1488 644 1542 διὰ
704 1486 816 1541 τῶν
868 1486 1263 1556 παλαισμάτων
1308 1486 1583 1558 ἐλάμϐανε
1628 1486 1860 1557 δοκιμὴν
1906 1485 2007 1555 τῆς

426 1600 488 1635 τε
562 1581 839 1651 ἀηττήτου
908 1576 1018 1632 τῶν
1083 1578 1332 1648 ἀθλητῶν
1403 1578 1674 1649 ἀνδρείας,
1742 1580 1836 1632 καὶ
1905 1580 2007 1649 τῆς

434 1676 578 1744 στρῶν
631 1675 821 1743 ἥττης.
884 1672 949 1724 OE
1008 1672 1065 1725 δὲ
1114 1672 1290 1725 καίτοι
1364 1672 1501 1743 πρὸς
1574 1674 1768 1741 φόνους
1844 1673 2007 1741 τεθη-

435 1768 650 1837 γμένοι,
709 1766 805 1819 καὶ
861 1764 1059 1834 ἥδιστα
1106 1763 1202 1816 τοῦ
1257 1765 1597 1835 μαρτυρικοῦ
1654 1765 1721 1819 ἂν
1772 1754 2005 1836 αἵματος

428 1859 734 1929 πιόντες,ἢ
788 1856 1007 1923 ὓδατος,
1065 1856 1146 1909 ἐτι
1198 1856 1260 1909 τὸ
1320 1858 1582 1928 μειλίχιον
1628 1859 2001 1927 ὑπεδείκνυον,

433 1952 531 2005 καὶ
557 1951 669 2006 τῶν
694 1950 944 2022 βασάνων
974 1951 1187 2020 ἀνεῖχον
1224 1949 1321 2021 τὴν
1343 1952 1556 2021 πεῖραν,
1586 1953 1680 2004 καὶ
1738 1952 1872 2022 πρὸς
1903 1952 2000 2006 λα-

427 2051 533 2113 ϐὰς
588 2050 783 2118 λόγων,
832 2050 1025 2119 πράως
1079 2048 1362 2110 δοκοῦντες
1412 2046 1575 2116 ἔχειν,
1624 2046 1702 2098 ἔτι
1737 2043 2001 2101 συνεπλέ-

429 2155 595 2190 κοντο
618 2179 633 2203 ,
669 2138 729 2190 Εἰ
756 2137 850 2189 καὶ
907 2136 1039 2205 ὑμῖν
1093 2134 1365 2202 λέγοντες,
1391 2136 1452 2188 οὐ
1503 2133 1846 2205 βουλομένοις
1872 2134 2004 2203 ὁρᾷν

434 2227 498 2277 τὸ
524 2225 820 2295 συμφέρον,
846 2222 1314 2293 περισπούδαστός
1350 2224 1500 2276 ἐστιν
1531 2223 1560 2273 ὁ
1618 2220 1762 2275 οὓτω
1807 2220 2003 2291 πικρὸς

444 2316 701 2378 θάνατος,
740 2315 848 2367 ἀλλ’
898 2316 1043 2385 ἡμᾶς
1085 2330 1150 2382 γε
1188 2310 1371 2376 οἶκτος
1421 2312 1753 2381 εἰσέρχεται,
1796 2312 1891 2363 καὶ
1940 2311 2001 2363 οὐ

447 2404 749 2474 βουλόμεθα
767 2404 942 2468 κακῶς
965 2405 1112 2475 ὑμᾶς
1143 2405 1423 2457 ὀλωλέναι.
1454 2404 1657 2474 Ἐχρῆν
1680 2403 1737 2456 δὲ
1780 2402 1999 2473 μᾶλλον,

441 2495 631 2566 ὥσπερ
662 2496 983 2567 διακαθᾶραι
1026 2496 1106 2567 τῷ
1146 2497 1210 2549 ἐκ
1260 2496 1435 2563 λόγων
1488 2496 1632 2564 φωτὶ¹
1685 2495 1787 2564 τὴν
1839 2512 1999 2566 περι-

434 2585 671 2655 σχοῦσαν
698 2587 842 2656 ὑμᾶς
880 2586 1110 2657 πλάνην,
1138 2587 1213 2650 ὡς
1246 2586 1312 2640 ἂν
1333 2586 1477 2640 οὕτω
1519 2587 1619 2657 τῆς
1663 2586 2002 2640 ἐπικινδύνου

424 2679 587 2748 δόξης
627 2680 983 2743 ἀποστάντες,
1034 2679 1191 2742 θεούς
1241 2694 1299 2732 τε
1350 2679 1471 2748 μεθ’
1526 2678 1684 2750 ἡμῶν
1735 2676 1999 2748 τιμῴητε,

424 2770 522 2821 καὶ
538 2771 644 2821 τῶν
677 2769 943 2836 βασιλέως
975 2769 1196 2839 ἀγαθῶν
1230 2769 1613 2841 κοινωνοίητε.,
1647 2770 1856 2840 Ἰησοῦς
1903 2768 2000 2839 μὲν

420 2859 534 2926 γάρ
555 2859 784 2921 ἐκεῖνος,
814 2859 873 2911 ὃν
900 2861 1113 2922 ἑαυτοῖς
1178 2859 1406 2928 βασιλέα
1469 2861 1851 2929 χειροτονεῖτε,
1911 2858 2003 2911 τὸν

421 2952 530 3004 τῶν
565 2950 897 3021 ,κακούργων
932 2950 1165 3005 θάνατον
1217 2950 1481 3013 ὑποστάς,
1514 2950 1614 3004 οὐκ
1653 2950 1810 3021 ἔσχεν
1838 2948 2002 3002 αὑτὸν

426 3040 661 3111 βοηθεῖν.
720 3041 847 3106 Πῶς
899 3036 993 3096 οὖν
1036 3043 1167 3112 ὑμῖν
1224 3043 1519 3112 ὲπαμύνει,
1553 3041 1613 3105 ὃς
1678 3042 1801 3113 μηδ’
1850 3039 2003 3111 αὑτῷ

426 3132 662 3202 ἧμυνεν;
703 3133 736 3205 ἢ
776 3132 892 3197 πῶς
922 3134 1032 3187 τῶν
1063 3134 1143 3196 είς
1196 3135 1364 3203 τιμὴν
1399 3133 1641 3202 ἡκόντων
1670 3150 1724 3185 τι
1760 3133 1998 3203 μεταδῷ,

424 3222 454 3271 ὁ
482 3220 657 3284 οὕτως
689 3222 899 3291 ἀτίμως
948 3220 1165 3289 θανών;
1208 3221 1475 3291 ὲπίγνωτε
1535 3223 1662 3284 τοὺς
1701 3222 2001 3291 εὐεργέτας

2170 1213 2277 1269 Sed
2307 1212 2424 1269 haec
2451 1213 2672 1284 quidem
2713 1215 2960 1271 veritatis
3010 1224 3480 1288 propugnatorum
3534 1220 3672 1276 adeo

2104 1307 2473 1376 imperterrita
2507 1308 2762 1375 loquendi
2786 1307 3016 1363 libertas
3041 1317 3179 1363 erat.
3223 1313 3291 1362 At
3318 1310 3533 1379 judiees
3574 1312 3677 1366 im—

2100 1399 2257 1471 probi
2289 1400 2387 1455 hos
2416 1400 2535 1454 sine
2566 1413 2719 1454 mora
2744 1401 3034 1455 tormentis
3080 1401 3405 1470 subdebant,
3434 1403 3681 1475 ipsisque

2100 1488 2501 1545 certaminibus
2538 1490 2973 1559 experimentum
3005 1493 3303 1549 sumebant
3344 1504 3401 1549 et
3449 1495 3516 1549 de
3544 1496 3683 1550 invi-

2101 1588 2191 1635 cto
2212 1580 2541 1635 athletarum
2578 1581 2796 1646 robore,
2832 1589 2888 1636 et
2919 1582 2988 1635 de
3027 1596 3127 1636 sua
3171 1583 3324 1638 clade
3355 1594 3409 1639 et
3440 1585 3683 1640 victoriae

2106 1673 2424 1727 amissione.
2456 1672 2562 1726 Alii
2601 1688 2736 1728 vero
2764 1674 3020 1743 quamvis
3053 1674 3285 1728 caedium
3323 1676 3526 1742 cupidi,
3565 1692 3682 1729 ma-

2102 1764 2295 1834 gisque
2334 1764 2620 1834 sanguinis
2652 1773 2978 1835 martyrum,
3029 1780 3194 1836 quam
3224 1780 3378 1835 aqua:
3406 1767 3679 1832 sitientes,

2101 1854 2399 1910 blanditias
2420 1855 2599 1909 adhuc
2617 1855 2971 1922 adhibebant,
2996 1865 3051 1911 et
3080 1873 3110 1910 a
3145 1858 3488 1914 cruciatibus
3512 1860 3681 1915 absti-

2103 1947 2327 2013 nebant,
2369 1953 2424 2000 et
2453 1946 2518 2001 ad
2552 1946 2859 2003 tendiculas
2883 1947 3207 2013 verborum,
3237 1964 3346 2019 quo
3383 1950 3682 2004 clementes

2103 2053 2226 2093 esse
2252 2038 2605 2101 viderentur,
2661 2052 2782 2093 sese
2841 2039 3253 2094 convertebant.
3307 2038 3457 2094 Licet
3505 2040 3677 2107 vobis,

2104 2130 2341 2195 aiebant,
2393 2130 2704 2185 nolentibus
2763 2144 2990 2185 cernere
3032 2130 3087 2185 id
3116 2131 3263 2199 quod
3308 2131 3676 2195 conducibile,

2103 2235 2290 2275 amara
2321 2235 2469 2274 mors
2496 2219 2801 2289 expetenda
2844 2218 3115 2283 videatur,
3158 2227 3212 2273 at
3238 2235 3339 2275 nos
3366 2221 3679 2276 misericor-

2102 2312 2391 2367 dia'vestri
2422 2311 2593 2381 tangit
2622 2327 2638 2377 ;
2682 2327 2858 2380 neque
2887 2326 2985 2365 vos
3019 2311 3160 2365 male
3188 2311 3368 2381 perire
3399 2312 3674 2367 volumus.

2101 2402 2290 2459 Satius
2338 2412 2520 2457 autem
2552 2410 2693 2468 erat,
2725 2413 2785 2456 ut
2817 2403 2966 2458 velut
3001 2403 3273 2459 orationis
3300 2403 3503 2458 lumine
3533 2418 3676 2468 eam,

2103 2508 2225 2564 quae
2253 2494 2411 2549 vobis
2438 2494 2780 2548 circumfusa
2807 2504 2912 2561 est,
2947 2495 3319 2564 deceptionem
3350 2509 3679 2565 expurgare-

2103 2588 2194 2652 tis,
2224 2595 2284 2640 ut
2319 2588 2400 2643 sic
2425 2586 2644 2642 deserta
2672 2587 2982 2657 periculosa
3015 2588 3392 2657 persuasione,
3426 2588 3558 2643 deos
3589 2603 3681 2642 no-

2102 2680 2312 2735 biscum
2344 2680 2623 2746 coleretis,
2646 2686 2702 2733 et
2731 2679 3022 2745 benorum,
3046 2694 3170 2749 quae
3196 2679 3489 2749 imperator
3518 2679 3680 2749 largi-

2104 2780 2211 2836 tur,
2243 2772 2543 2841 participes
2575 2770 2800 2827 essetis.
2826 2770 2961 2825 Nam
2988 2769 3153 2826 Jesus
3182 2756 3294 2834 ille,
3339 2786 3498 2840 quem
3526 2771 3681 2826 vobis

2104 2878 2284 2931 regem
2319 2862 2518 2932 legitis,
2546 2861 2920 2917 maleﬁcorum
2968 2870 3145 2916 morte
3196 2862 3399 2927 subita,
3437 2861 3541 2916 sibi
3566 2861 3683 2931 ipse

2102 2969 2259 3023 opem
2288 2952 2432 3007 ferre
2462 2955 2672 3023 nequit.
2696 2952 2984 3017 Quomodo
3004 2953 3172 3023 igitur
3196 2953 3353 3007 vobis
3370 2963 3680 3019 succurret,

2102 3046 2194 3114 qui
2223 3044 2327 3099 sibi
2363 3060 2473 3100 non
2502 3043 2606 3098 fuit
2640 3044 2881 3099 auxilio?
2904 3044 3013 3098 Aut
3043 3043 3319 3114 quomodo
3345 3044 3413 3108 is,
3439 3044 3533 3114 qui
3564 3051 3679 3097 tam

2102 3133 2524 3206 ignominiosam
2556 3144 2788 3189 mortem
2816 3133 3068 3203 oppetiit,
3092 3133 3281 3202 gloria:
3321 3131 3530 3200 aliquid
3550 3145 3682 3185 con-

2104 3223 2279 3278 feret?
2310 3224 2603 3295 Agnoscite
2635 3222 3015 3279 benefactores
3060 3230 3117 3276 et
3166 3230 3477 3278 servatores
3502 3221 3677 3276 'deos.

423 3312 518 3362 καὶ
535 3312 790 3380 σωτῆρας
846 3310 1022 3374 θεούς.
1070 3312 1183 3381 Οὐχ
1223 3311 1408 3380 ὁρᾶτε,
1459 3311 1580 3363 ὅθεν
1625 3309 1694 3362 τὰ
1740 3309 2000 3362 κάλλιστα

2104 3314 2295 3371 Nonne
2327 3317 2546 3382 videtis,
2610 3316 2754 3372 unde
2808 3317 3176 3387 pulcherrima
3210 3330 3442 3385 quaeque
3479 3313 3683 3368 ﬂuant?

428 3404 797 3473 παραγίνεται
823 3421 837 3469 ;
866 3403 1057 3465 Ἥλιος
1079 3403 1265 3455 οὑτοσὶ
1293 3402 1361 3455 τὰ
1408 3403 1584 3455 πάντα
1630 3401 1831 3472 πληροῖ
1887 3418 1999 3469 φω-

428 3495 539 3559 τὸς,
570 3494 749 3547 πάντα
777 3496 973 3564 πληροῖ
994 3495 1163 3564 ζωῆς.
1200 3495 1474 3563 Ἀγνοεῖτε
1513 3496 1704 3548 τούτου
1758 3495 1853 3562 τὴν
1905 3492 1999 3545 δύ-

427 3605 626 3657 ναμιν;
664 3588 738 3641 Ob
768 3587 883 3652 νὺξ,
916 3589 1010 3641 καὶ
1035 3589 1219 3658 ἡμέρα
1257 3591 1370 3652 τοῖς
1427 3588 1640 3641 ἐκείνου
1694 3588 2002 3657 ἀκαμάτοις

424 3679 649 3748 δρόμοις
695 3679 1009 3748 μερίζεταις
1051 3680 1127 3730 Οὐ
1172 3677 1280 3730 τῶν
1336 3678 1657 3748 θαυμασίων
1712 3677 1891 3747 ὡρῶν,
1942 3675 1999 3729 αἳ

424 3769 620 3839 ὥσπερ
656 3769 850 3839 σεμναί
878 3787 1021 3832 τινες
1040 3770 1199 3840 κόραι
1218 3770 1477 3841 ἀλλήλαις
1527 3757 1998 3843 περιχορεύουσιν,

422 3858 588 3925 οὗτός
650 3863 798 3916 ἐστιν
848 3863 1205 3930 αἱτιώτατος;
1250 3861 1380 3935 'Ap’
1430 3864 1611 3930 ὀλίγου
1677 3863 1819 3925 τινὸς
1876 3861 2002 3926 ἀξια

424 3956 624 4019 ταῦτα,
648 3957 744 4010 καὶ
770 3957 829 4009 οὐ
855 3957 1005 4020 θείας
1026 3957 1229 4026 τιμῆς;
1268 3957 1401 4009 Οὐδὲ
1443 3957 1676 4027 σελήνην
1727 3956 1863 4019 ἴστε,
1901 3956 2001 4007 ὅσα

427 4047 745 4118 ἀνθρώποις
776 4046 1087 4119 χαρίζεται;
1147 4049 1249 4101 ὅσα
1288 4047 1656 4118 συμϐάλλεται
1694 4046 1774 4117 τῷ
1808 4047 1998 4111 παντί;

423 4140 769 4209 Προσφέρειν
793 4140 886 4193 οὖν
920 4141 1001 4193 δεῖ
1032 4141 1320 4213 καὶταύτῃ
1366 4141 1428 4192 τὸ
1477 4141 1640 4203 σέϐας
1670 4156 1684 4168 ’
1747 4140 1837 4192 ναὶ
1894 4139 2001 4209 μὴν

422 4235 523 4287 καὶ
548 4236 663 4296 τοῖς
683 4231 865 4296 ἄλλοις
914 4234 1252 4304 φωστῆρσιν,
1280 4226 1356 4286 ὧν
1403 4234 1437 4304 ἡ
1473 4232 1747 4302 ἐπιτροπὴ
1807 4231 2003 4284 διοικο-

420 4326 586 4392 νομεῖ
613 4325 684 4378 τά
710 4324 1058 4394 ἀνθρώπινον
1093 4325 1188 4378 ἐπὶ
1236 4326 1372 4377 πᾶσι
1402 4324 1481 4393 δὲ,
1519 4323 1597 4395 τῷ
1646 4323 1782 4377 θεῶν
1813 4323 2003 4394 ὑπάτῳ

420 4415 602 4480 Διὶ,ὃς
624 4416 881 4469 ἀπάντων
912 4416 1093 4487 είληχε
1123 4417 1222 4488 τὴν
1250 4418 1449 4488 ἀρχήν.

495 4620 641 4690 Πρὸς
693 4620 866 4675 ταῦτα
916 4623 966 4675 οί
1027 4624 1126 4693 μὲν
1157 4621 1265 4675 τῶν
1313 4620 1630 4692 μαρτύρων,
1678 4625 1856 4692 σιωπῇ
1901 4624 2001 4692 τὴν

2106 3408 2200 3464 Sol
2254 3410 2359 3464 iste
2396 3411 2580 3463 omnia
2628 3410 2819 3478 implet
2854 3410 3083 3471 lumine,
3106 3409 3291 3462 omnia
3329 3407 3519 3476 implet
3548 3407 3680 3460 vita.

2099 3499 2240 3555 Num
2274 3502 2382 3554 vim
2408 3500 2526 3569 ejus
2555 3500 2862 3569 ignoratis?
2894 3500 2976 3553 An
3008 3515 3117 3552 non
3157 3513 3263 3552 nox
3296 3504 3352 3553 et
3369 3498 3485 3553 dies
3527 3497 3681 3553 inde-

2103 3595 2305 3651 sinenti
2338 3594 2459 3663 ejus
2487 3608 2657 3648 cursu
2687 3591 3091 3660 distinguitur?
3116 3590 3199 3644 An
3245 3604 3355 3645 non
3385 3589 3681 3644 admirabi-

2103 3685 2234 3739 lium
2265 3684 2548 3747 horarum,
2588 3696 2713 3752 quae
2759 3681 2907 3736 velut
2956 3680 3169 3735 decorae
3214 3678 3409 3749 puellae
3446 3680 3681 3734 choreas

2102 3776 2207 3831 sibi
2237 3782 2432 3828 mutuo
2460 3773 2821 3828 succedentes
2840 3771 3064 3842 agitant,
3093 3771 3199 3825 iste
3225 3769 3306 3824 vel
3339 3769 3577 3822 maxime
3597 3775 3683 3823 est

2102 3866 2325 3921 eifector
2348 3866 2381 3919 ?.
2402 3867 2485 3918 An
2519 3865 2634 3918 haec
2658 3865 2857 3934 exiguo
2883 3867 3115 3927 honore,
3143 3868 3199 3915 et
3226 3877 3335 3915 non
3379 3861 3569 3914 divino
3594 3859 3678 3911 di-

2102 3973 2207 4028 gna
2253 3959 2422 4013 sunt?
2466 3956 2577 4012 Nec
2612 3964 2819 4026 quanta
2879 3956 3004 4008 luna
3064 3953 3379 4006 hominibus
3437 3957 3678 4019 praestet,

2102 4049 2311 4104 nostis?
2337 4056 2543 4117 quanta
2568 4045 2856 4100 commoda
2900 4059 3084 4097 rerum
3115 4040 3459 4095 universitati
3505 4040 3681 4108 progi-

2103 4140 2266 4209 gnat?
2289 4140 2514 4209 Oportet
2542 4151 2700 4205 ergo,
2724 4145 2785 4188 ut
2824 4144 2878 4189 et
2897 4135 3015 4190 haec
3040 4133 3226 4188 debito
3262 4132 3412 4186 cultu
3441 4131 3679 4195 colatur,

2102 4237 2213 4291 imo
2240 4244 2295 4291 et
2323 4235 2448 4289 aliis
2488 4232 2878 4295 luminaribus,
2908 4245 3143 4300 quorum
3173 4243 3397 4282 munere
3441 4227 3679 4281 humana

2103 4326 2584 4389 administrantur,
2615 4323 2800 4379 cultus
2827 4332 2914 4377 cst
2942 4321 3310 4377 exhibendus.
3349 4320 3469 4375 Prae
3506 4319 3682 4375 omni-

2105 4418 2210 4473 bus
2241 4424 2444 4480 autem,
2474 4415 2660 4469 divum
2696 4428 2957 4483 supremo
2981 4409 3127 4479 Jovi,
3170 4412 3259 4467 cui
3306 4412 3593 4482 imperium
3624 4410 3680 4465 in

2105 4524 2297 4565 omnes
2325 4507 2699 4563 commissum.

2172 4620 2269 4676 His
2295 4621 2515 4687 auditis,
2549 4630 2851 4691 martyrum
2902 4619 3155 4676 nonnulli
3187 4620 3407 4674 silentio
3430 4632 3674 4672 errorem

418 4710 605 4763 αὐτῶν
622 4710 827 4780 πλάνην
886 4713 1228 4766 κατέστενονζ
1268 4715 1329 4765 Oi
1370 4714 1427 4765 δὲ
1469 4714 1562 4766 καὶ
1589 4714 1819 4784 δάκρυσι
1872 4731 2000 4768 κατ-

2109 4714 2510 4784 deplorabant:
2568 4714 2694 4767 aliis
2749 4714 2986 4768 ubertim
3057 4713 3310 4784 lacrynne
3364 4711 3679 4787 manabant,

419 4800 716 4867 ελείῦοντο,
744 4803 901 4854 τοῦτο
952 4802 1049 4872 μὲν
1077 4803 1171 4856 τοῦ
1196 4805 1541 4875 Δημιουργοῦ
1585 4805 1685 4875 τὴν
1716 4804 1895 4876 ὕϐριν
1938 4804 1999 4858 οὐ

418 4893 683 4961 φέροντες
704 4894 989 4965 ἀδακρυτὶ,
1021 4895 1181 4949 τοῦτο
1210 4898 1405 4966 δὲλκαὶ.
1433 4899 1559 4961 τοὺς
1605 4898 1999 4968 πλανωμένους

414 4984 525 5053 τῆς
555 4987 814 5050 ἀπονοίας
835 4988 1216 5056 οἰκτείροντες.
1269 4990 1461 5053 ’Λλλος
1509 4991 1567 5043 δέ
1627 5008 1711 5055 τις
1744 4991 1999 5059 γλῶσσαν

415 5072 806 5143 πολύφθογγον
834 5078 1169 5147 ἀνακινήσας
1203 5077 1279 5148 τῷ
1308 5079 1612 5147 Πνεύματι,
1664 5079 1772 5134 τῶν
1824 5080 1999 5148 λόγων

414 5162 481 5215 τὸ
503 5163 751 5232 μάταιον,
782 5165 959 5233 λόγοις
987 5169 1245 5238 ἀληθείας
1263 5171 1555 5240 ὲρῤάπιζε.
1605 5172 1740 5240 Περὶ
1773 5171 1872 5241 μὲν
1901 5174 2001 5240 τῆς

415 5256 513 5308 τοῦ
546 5257 815 5327 ἡμετέρου
832 5258 1095 5328 βασιλέως
1115 5261 1396 5332 δυνάμεως
1428 5263 1623 5331 λέγων’
1644 5259 1714 5315 Ὦ
1746 5263 1997 5329 δικαστά,

415 5347 477 5400 ιν
526 5348 663 5417 ἔφης
717 5352 809 5404 τὸν
853 5353 962 5405 τῶν
1006 5356 1334 5424 κακούργων
1385 5356 1618 5411 θάνατον
1675 5357 1997 5427 ὑπομεῖναι;

412 5443 535 5508 εῐγε
559 5442 868 5514 βουλομένῳ
900 5449 1036 5500 σοιὸ
1080 5447 1342 5518 λογισμὸς
1374 5450 1513 5520 πρὸς
1556 5450 1617 5502 τὸ
1662 5449 1794 5518 ὕψος
1830 5447 1998 5503 αὑτοῦ

414 5535 519 5602 τῆς
567 5534 989 5603 μεγαλειότητος
1018 5539 1373 5605 ἑνατενίζειν,
1404 5540 1596 5608 ἔγνως
1656 5540 1722 5594 ἂν
1774 5536 1886 5604 οἷός
1915 5541 2000 5604 τίς

418 5624 543 5675 ἐστι
564 5625 664 5694 τὴν
692 5625 947 5696 δύναμιν,
1006 5630 1102 5680 καὶ
1147 5627 1241 5681 τὸν
1282 5630 1532 5695 θάνατον,
1593 5630 1652 5683 ὃν
1692 5631 1996 5700 χλευάζεις,

413 5713 617 5784 ἡλίκην
678 5716 824 5787 ζωὴν
880 5718 1276 5789 προεξένησεν;
1348 5721 1487 5773 Ἀλλ’
1530 5722 1591 5774 οὐ
1663 5722 1816 5790 φίλον
1867 5724 2000 5792 ὑμῖν

412 5800 767 5872 ἀπηλλάχθαι
791 5804 891 5871 τῆς
922 5805 1083 5875 φίλης
1104 5807 1334 5877 πλάνης.
1370 5803 1466 5872 Οἷς
1497 5809 1552 5862 δὲ
1589 5812 1720 5882 περί
1750 5829 1808 5863 τε
1842 5811 1996 5882 ἡλίου

420 5890 518 5941 καὶ
544 5890 653 5944 τῶν
698 5892 875 5947 ἀλλων
908 5895 1197 5963 συνείρεις,
1233 5899 1333 5951 οὐκ
1390 5899 1697 5962 ἀγνοοῦμεν
1742 5902 1867 5963 τοὺς
1916 5900 2002 5954 λό-

2103 4808 2303 4879 partim
2329 4807 2458 4877 quia
2490 4813 2696 4861 tantam
2726 4807 2778 4861 in
2824 4808 3137 4862 Creatorem
3182 4802 3437 4873 injuriam
3474 4800 3681 4871 absque

2104 4899 2363 4970 lacrymis
2397 4898 2540 4953 ferre
2570 4915 2678 4953 non
2711 4906 2989 4969 poterant;
3023 4896 3239 4967 partim,
3263 4894 3389 4960 quia
3422 4894 3681 4963 deceptos

2104 4991 2240 5047 istos
2268 4991 2340 5046 ob
2370 4993 2663 5045 amentiam
2689 4991 3112 5045 miserabantur.
3138 4988 3293 5042 Alius
3325 4997 3507 5041 autem
3538 5001 3677 5041 rese-

2104 5093 2223 5138 rata
2253 5083 2458 5137 diserta
2484 5082 2668 5151 lingua
2720 5097 2817 5150 per
2844 5080 3134 5150 Spiritum,
3166 5079 3436 5135 orationis
3473 5080 3679 5131 vanita-

2105 5185 2235 5240 tem,
2288 5174 2505 5228 dicendi
2564 5174 2792 5227 veritate
2847 5171 3152 5242 castigabat
3187 5171 3272 5225 his
3302 5179 3356 5224 et
3409 5168 3681 5223 similibus

2102 5264 2286 5319 verbis
2316 5280 2329 5316 :
2375 5262 2451 5317 De
2509 5264 2679 5317 nostri
2715 5261 2883 5331 Regis
2932 5263 3199 5330 potentia,
3232 5275 3264 5313 ο
3286 5259 3479 5327 judex,
3513 5272 3676 5326 quem

2104 5358 2184 5411 ais
2210 5355 2582 5410 maleﬁcorum
2628 5369 2815 5408 necem
2866 5354 3125 5419 subiisse,
3158 5353 3205 5407 si
3250 5351 3343 5404 tibi
3376 5349 3680 5404 collibitum

2102 5452 2249 5499 esset
2283 5443 2445 5512 paulo
2470 5443 2730 5497 attentius
2762 5444 3025 5511 cogitare,
3057 5452 3112 5496 et
3160 5442 3214 5494 in
3247 5439 3681 5509 magnitudinem

2102 5534 2222 5604 ejus
2252 5535 2443 5588 oculos
2475 5532 2733 5606 deﬁgere,
2792 5535 3126 5603 intelligeres
3160 5532 3349 5599 utique
3386 5530 3507 5600 ejus
3549 5531 3659 5584 vim

2103 5628 2397 5696 simulque,
2427 5628 2647 5697 qualem
2679 5629 2875 5689 vitam,
2913 5641 3084 5691 mors,
3114 5640 3279 5696 quam
3313 5624 3481 5690 rides,
3517 5639 3671 5694 pepe-

2102 5716 2257 5770 rerit.
2284 5714 2353 5770 At
2380 5731 2489 5771 non
2520 5724 2735 5786 gratum
2775 5725 2860 5770 est
2890 5717 3071 5783 vobis,
3097 5726 3158 5769 ut
3197 5716 3266 5769 ab
3298 5730 3487 5769 errore
3527 5723 3680 5784 grato

2103 5809 2431 5864 libercmini.
2488 5809 2645 5875 Quod
2680 5824 2810 5863 vero
2861 5809 2929 5864 de
2982 5809 3098 5864 sole
3119 5817 3173 5863 et
3218 5807 3341 5864 aliis
3364 5806 3549 5870 aﬂ‘ers,
3572 5822 3679 5860 non

2107 5901 2447 5967 ignoramus,
2483 5918 2620 5968 quos
2654 5903 2920 5959 terminos
2951 5917 2980 5956 a
3006 5900 3263 5958 Creatore
3297 5898 3550 5970 praeﬁxos
3587 5898 3673 5952 lia-
