4072 6488
379 398 483 463 179

1607 404 1877 467 LEONIS
1933 406 2401 467 PHILOSOPHI

3532 407 3630 461 Ῑδυ

373 517 537 568 beant
558 550 574 578 ,
610 527 783 583 neque
812 512 865 567 id
894 528 995 568 nos
1030 512 1187 584 fugit,
1218 522 1426 584 quanta
1456 515 1523 570 ab
1552 516 1660 580 his,
1681 526 1942 589 tanquam

2065 535 2196 583 (aug,
2222 518 2314 581 οὓς
2339 518 2521 581 αὑτοῖς
2547 517 2699 571 ἔθετο
2727 517 2755 569 ὁ
2776 512 3153 589 Δημιουργόςλ
3209 514 3314 568 οὐδ’
3367 514 3465 567 ὅσα
3498 531 3629 584 χορ-

371 620 404 659 a
444 604 745 668 ministris,
783 614 1037 659 creatura
1092 609 1191 661 hac
1241 606 1505 662 inferiore
1554 610 1952 678 superioribus,

374 699 517 752 bona
564 697 903 767 proveniant.
961 696 1100 751 Sunt
1159 700 1305 753 enim
1358 699 1517 755 nobis
1557 702 1702 756 oculi
1735 701 1803 757 ad
1852 703 1957 760 hoc

374 787 821 860 perspiciendum
867 789 1007 845 satis
1029 792 1399 860 perspicaces.
1449 792 1721 859 Quocirca
1774 796 1958 851 existi-

375 883 670 936 mationem
696 897 861 951 quam
893 891 1175 938 merentur
1198 884 1265 938 de
1295 885 1407 941 illis
1439 885 1727 953 habemus,
1759 899 1812 944 et
1843 891 1958 958 pul-

374 973 506 1027 cbra
572 973 689 1027 haec
760 972 1032 1039 fatemur,
1107 991 1405 1046 rerumque
1458 979 1956 1047 pulcherrimarum

375 1078 610 1130 causas;
636 1065 828 1134 quidni
860 1067 1027 1133 enim,
1057 1083 1180 1123 cum
1221 1069 1336 1124 sint
1367 1071 1558 1140 optimi
1589 1072 1805 1141 opiﬁcis
1829 1073 1959 1129 eﬂ’e-

374 1156 503 1209 cta?
524 1156 595 1210 At
624 1157 766 1225 apud
790 1171 907 1223 vos,
943 1166 1003 1211 ut
1036 1160 1213 1213 honor
1234 1162 1373 1232 ipse,
1401 1178 1563 1232 quem
1593 1164 1680 1219 his
1702 1163 1955 1229 defertis,

375 1256 569 1303 contra
596 1263 812 1305 omnem
853 1259 939 1307 est
986 1254 1295 1320 rationem,
1348 1255 1425 1310 ita
1463 1262 1520 1311 et
1553 1271 1721 1312 causa
1778 1258 1957 1313 hono-

374 1340 557 1395 randi.
594 1340 732 1395 Nam
766 1358 905 1413 quas
962 1346 1182 1401 tandem
1213 1347 1281 1402 de
1304 1347 1413 1403 illis
1436 1348 1725 1418 opiniones
1755 1364 1958 1406 conce-

376 1432 576 1501 pistis?
600 1431 853 1487 Siderum
878 1434 1023 1489 enim
1046 1435 1295 1505 quaedam
1323 1453 1472 1493 nunc
1496 1438 1701 1508 optima
1731 1455 1960 1511 quaeque

375 1525 638 1580 elIiciunt.
666 1524 734 1579 Et
770 1542 918 1582 nunc
954 1529 1178 1597 quidem
1239 1544 1362 1584 cum
1406 1531 1461 1584 in
1518 1532 1623 1585 hac
1655 1542 1809 1602 parte
1842 1535 1961 1588 vol-

376 1624 617 1683 vuntur,
672 1619 1042 1673 necessariam
1074 1621 1182 1674 vim
1234 1630 1288 1676 et
1314 1621 1612 1677 efficaciam
1648 1624 1716 1678 ad
1770 1641 1857 1681 res
1886 1625 1961 1696 gi-

377 1708 624 1779 gnendas
670 1717 969 1776 exserunt;
1021 1717 1077 1764 at
1106 1727 1231 1766 cum
1273 1712 1402 1767 inde
1434 1713 1757 1780 abscedunt,
1794 1716 1959 1771 simul

378 1802 545 1856 etiam
580 1800 663 1855 vis
692 1811 745 1855 et
770 1801 1061 1857 ellicacitas
1088 1803 1444 1859 abscedit.At
1473 1819 1571 1873 par
1600 1820 1712 1860 non
1746 1817 1830 1861 est
1857 1807 1959 1861 hu-

374 1890 619 1961 jusmodi
645 1892 713 1947 de
739 1891 851 1946 Deo
876 1893 1267 1963 cogitationem
1295 1895 1596 1965 suscipere.
1636 1897 1740 1951 Sed
1776 1898 1959 1952 mitta-

378 1996 503 2037 mus
532 1982 666 2037 hasc.
694 1981 963 2036 Caeterum
989 1982 1282 2049 afﬁrmare,
1315 2001 1399 2051 ea,
1431 2003 1553 2057 qua:
1586 1988 1825 2042 animum
1857 1990 1961 2043 im-

378 2073 610 2144 probum
667 2073 923 2136 reddunt,
973 2090 1041 2128 ex
1094 2091 1285 2131 eorum
1323 2080 1715 2134 constitutione
1742 2079 1809 2134 ad
1844 2081 1963 2135 ani-

377 2179 527 2219 mum
552 2166 838 2234 pervenire
872 2164 1021 2220 fatali
1048 2168 1282 2238 quadam
1310 2170 1657 2234 necessitate,
1686 2173 1964 2240 quomodo

380 2275 492 2316 non
543 2268 741 2331 praeter
794 2276 1065 2316 summam
1119 2262 1452 2333 impietatem
1511 2266 1801 2334 omnisque
1867 2265 1963 2322 Dei

380 2354 817 2424 abnegationem,
849 2355 1092 2408 omnium
1124 2357 1459 2421 mortalium,
1492 2359 1584 2425 qui
1634 2357 1845 2424 legibus
1873 2372 1962 2415 re-

380 2455 604 2516 guntur,
653 2452 708 2501 et
740 2453 925 2502 vestro
976 2447 1143 2502 etiam
1192 2448 1384 2504 sensui
1418 2450 1635 2518 penitus
1663 2452 1965 2522 repugnat?

379 2538 500 2594 Non
532 2538 676 2593 enim
714 2540 949 2593 arbitror
977 2554 1044 2594 eo
1070 2539 1327 2610 nequitiae
1370 2556 1699 2612 quemquam
1743 2558 1965 2613 proces-

379 2629 541 2692 sisse,
570 2628 811 2683 utDeum
842 2630 1045 2684 bonum
1064 2645 1187 2687 esse
1216 2632 1443 2687 abnuat.
1506 2634 1623 2700 Qua
1683 2634 1849 2705 igitur
1872 2650 1965 2690 ra-

379 2720 532 2773 tione
554 2734 582 2771 a
618 2718 761 2775 bono
799 2721 942 2773 mala
973 2722 1333 2789 provenient?
1364 2724 1460 2778 Sin
1513 2725 1727 2791 minus,
1763 2728 1966 2797 poteris

379 2818 435 2865 et
461 2811 637 2881 ignem
670 2826 889 2866 causam
917 2812 1120 2867 caloris
1172 2815 1480 2883 nominare,
1515 2825 1569 2872 et
1599 2819 1777 2875 lucem
1809 2828 1963 2877 tene-

378 2902 628 2959 brarum.
656 2903 725 2957 At
751 2918 860 2959 non
892 2903 1153 2959 fatebitur
1179 2906 1301 2969 hoc,
1331 2908 1421 2961 cui
1448 2924 1601 2966 meus
1648 2926 1805 2967 sana.
1846 2913 1965 2979 Qua

379 2992 449 3046 de
503 3007 670 3047 causa
724 2994 869 3064 leges
901 2993 1038 3059 fers,
1091 3011 1213 3065 quae
1266 2997 1531 3066 improbis
1557 3014 1746 3068 pcnnas
1776 3005 1967 3059 decer-

379 3083 563 3136 nunt?
591 3082 650 3137 Si
699 3086 845 3139 enim
876 3086 1183 3149 {stellarum
1213 3090 1729 3149 rconstitutionibus
1774 3095 1967 3166 hujus-

378 3174 528 3228 modi
570 3175 869 3230 voluntatis
930 3177 1273 3247 prepositum
1297 3181 1688 3238 ascribendum
1717 3193 1821 3252 est,
1868 3203 1968 3242 cur
1994 3203 2039 3265 ρ

378 3281 571 3336 pcenas
613 3268 798 3337 poscis
825 3269 920 3338 qui
949 3277 1007 3323 ut
1041 3272 1278 3327 maxime
1314 3273 1601 3340 voluisset,
1636 3276 1849 3333 facinus
1880 3289 1964 3334 ta-

380 3374 502 3412 men
551 3358 681 3413 illud
717 3360 894 3416 vitare
932 3362 1303 3431 nequivisset?
1330 3364 1497 3422 Vides
1530 3368 1807 3436 quomodo
1856 3387 1965 3425 non

380 3459 593 3506 tantum
658 3452 727 3508 de
761 3452 872 3509 Deo
903 3454 1299 3510 convenienter
1345 3473 1453 3511 non
1482 3459 1753 3525 sentiatis,
1785 3462 1878 3516 sed
1910 3472 1967 3517 et

379 3550 558 3597 vestra
605 3541 859 3612 dogmata
887 3543 1201 3610 [evertatis.
1249 3546 1320 3599 At
1352 3562 1454 3601 nos
1500 3550 1963 3618 quemadmodum

379 3633 518 3699 dixi,
563 3634 935 3703 pulcherrima
993 3634 1089 3690 Dei
1124 3651 1292 3706 opera
1339 3653 1461 3693 esse
1518 3639 1870 3709 profitemur;
1912 3651 1966 3699 et

376 3729 748 3797 pulcherrima
778 3745 1011 3800 quaeque
1038 3732 1363 3801 producere,
1388 3734 1551 3803 idque
1575 3750 1641 3790 ex
1670 3738 1965 3793 commissa

378 3817 664 3873 funetione
693 3834 856 3888 quam
881 3835 909 3873 a
941 3821 1118 3890 primo
1141 3830 1266 3876 ortu
1291 3837 1322 3876 a
1345 3837 1529 3878 rerum
1556 3824 1853 3879 Conditore
1876 3841 1967 3880 ac-

377 3917 661 3977 ceperunt.
704 3908 811 3965 Vos
861 3927 992 3967 vero
1031 3912 1177 3967 haud
1232 3914 1351 3968 scio
1379 3956 1395 3981 ,
1436 3929 1675 3984 quonam
1731 3917 1965 3971 consilio

379 3999 549 4063 ducti,
570 4001 621 4054 ei
660 4000 748 4054 cui
770 4000 950 4055 honor
972 4000 1141 4056 adimi
1168 3998 1382 4073 nequit,
1410 4003 1676 4058 honorem
1701 4006 1967 4076 abrogare

376 4092 620 4156 tcntatis,
655 4101 710 4147 et
740 4092 875 4158 illis,
913 4093 1113 4162 quibus
1141 4094 1310 4150 divini
1352 4096 1582 4152 honoris
1631 4097 1785 4151 nulla
1813 4112 1965 4153 com-

377 4180 595 4246 munio,
625 4184 781 4253 quasi
835 4200 904 4239 eo
956 4185 1334 4254 dignissimis,
1364 4188 1618 4243 eumdem
1650 4189 1961 4265 impertitis.

378 4271 501 4338 Quo
520 4274 836 4330 testimonio
859 4277 1113 4343 permoti,
1142 4276 1346 4333 divinis
1377 4278 1682 4334 honoribus
1717 4278 1967 4336 afﬁcitis?

379 4364 608 4429 Qualem
638 4381 767 4421 vero
799 4368 908 4422 vim
932 4378 984 4423 et
1020 4369 1346 4438 potentiam,
1377 4386 1500 4440 qua:
1531 4372 1773 4426 divinam
1804 4383 1966 4428 natu-

379 4474 497 4512 ram
524 4465 780 4522 testetur,
804 4458 859 4511 in
880 4459 1015 4528 ipsis
1044 4460 1251 4527 intuiti,
1274 4460 1516 4517 divinam
1540 4465 1964 4532 appellationem

2056 614 2181 681 ηγεῖ
2219 611 2285 664 δι’
2339 610 2519 665 αὐτῶν
2548 651 2563 677 ,
2598 611 2674 674 ὡς
2717 610 3046 678 λειτουργοῖς
3105 604 3469 676 ἀναϐεϐηκόσι
3534 606 3632 673 τὴν

2058 700 2226 772 ἀλλην
2296 700 2706 771 ὑποϐεϐηκυῖαν
2767 701 3066 756 διατάττων
3149 698 3348 752 κτίσιν.
3425 698 3631 750 Ἔνεισι

2063 793 2263 865 μᾶλλον
2289 795 2421 863 ἡμῖν
2450 793 2718 863 ὀφθαλμοί
2747 793 3181 862 τηλαυγέστερον
3212 782 3620 858 διαϐλέσποντες.

2083 888 2183 942 Διὰ
2204 888 2361 942 τοῦτο
2387 888 2482 943 καὶ
2513 888 2639 951 τοὺς
2662 889 3036 957 προσήκοντας
3068 887 3253 949 αὑτοῖς
3318 883 3633 955 ἀρμόζομεν

2071 980 2285 1059 λόγους,
2306 980 2402 1033 καὶ
2435 980 2571 1033 καλά
2607 980 2704 1050 μὲν
2744 979 2915 1033 ταῦτά
2942 995 3146 1049 φαμεν,
3201 976 3296 1031 καὶ
3342 976 3451 1029 τῶν
3480 976 3635 1027 σκαλ-

2060 1070 2261 1125 λίστων
2289 1071 2574 1141 παραίτια.
2624 1070 2749 1133 Πῶς
2798 1070 2906 1142 γὰρ
2938 1071 3039 1123 οὑκ
3062 1068 3253 1139 ἔμελλε
3302 1066 3397 1120 τοῦ
3422 1064 3632 1134 ἀγαθοῦ

2058 1161 2189 1215 ὄντα
2219 1161 2717 1232 δημιουργήματα;
2746 1162 2874 1232 ὑμῖν
2915 1162 2971 1215 δὲ
3002 1161 3191 1232 ὥσπερ
3235 1160 3546 1230 παράλογος
3598 1160 3632 1229 ἡ

2061 1254 2191 1324 περὶ
2217 1253 2392 1308 ταῦτα
2424 1254 2583 1324 τιμὴ,
2615 1254 2757 1308 οὑτω
2790 1254 2926 1309 πολὺ
2949 1253 3012 1307 τὸ
3038 1253 3349 1324 παράλογον
3382 1251 3495 1322 ἔχει
3542 1251 3638 1304 καὶ

2060 1345 2212 1415 ὁτῆς
2230 1346 2410 1410 αἰτίας
2454 1346 2631 1415 λόγος.
2678 1340 2781 1399 Οἴα
2824 1346 2934 1417 γάρ
2981 1346 3075 1397 καὶ
3132 1346 3280 1399 δοκεῖ
3329 1343 3460 1413 ὑμῖν
3504 1343 3637 1408 περὶ

2064 1436 2300 1505 τοὺτων;
2335 1438 2429 1493 νῦν
2458 1438 2508 1491 οί
2542 1437 2641 1508 μὲν
2675 1437 2856 1491 αὐτῶν
2888 1438 2956 1490 τὰ
2984 1436 3125 1491 καλά
3155 1437 3415 1507 φέρουσιν
3466 1435 3596 1505 ὑμῖν
3620 1451 3634 1466 ·

2070 1529 2166 1582 νῦν
2190 1528 2246 1580 δὲ
2280 1531 2329 1583 οί
2362 1529 2518 1583 αὑτοὶ
2547 1529 2711 1583 πάλιν
2739 1528 2847 1581 τῶν
2873 1528 3155 1598 ιχειρόνων
3204 1526 3311 1580 είσὶ
3372 1525 3637 1596 δημιουρ-

2061 1621 2168 1688 γοί.
2204 1620 2319 1674 Καὶ
2371 1618 2467 1674 νῦν
2500 1621 2599 1691 μὲν
2644 1622 2703 1674 ἐν
2760 1620 2934 1690 τούτῳ
2987 1620 3142 1690 μέρει
3193 1618 3632 1679 ὲπιϐατεύοντες,

2060 1712 2269 1780 ἄμαχον
2306 1710 2486 1781 ἔχουσι
2541 1711 2657 1764 τόδε
2718 1729 2770 1765 τι
2822 1709 3076 1779 γενέσθαι
3153 1710 3371 1781 ροπήν,”
3430 1706 3527 1763 νῦν
3578 1707 3637 1760 δὲ

2062 1803 2270 1855 ἐκεῖθεν
2316 1802 2751 1872 ἀναχωροῦντες,
2818 1801 3207 1871 ἀναχωροῦσαν
3256 1800 3503 1870 ἔχουσιν,
3536 1798 3636 1869 τὴν

2062 1891 2311 1962 δύναμιν.
2334 1892 2408 1944 Οὑ
2432 1891 2541 1960 γάρ
2561 1892 2730 1957 ἀξιον,
2763 1890 3022 1952 τοιαύτας
3061 1889 3191 1959 περὶ
3234 1888 3328 1941 τοῦ
3355 1886 3510 1939 Θείου
3543 1890 3638 1956 φέ-

2067 2001 2178 2055 ρειν
2221 1983 2321 2046 τὰς
2375 1983 2695 2054 ὑπολήψεις.
2740 1982 2904 2036 Ἀλλά
2950 1980 3196 2050 ἀφείσθω
3244 1978 3421 2032 τοῦτο.
3460 1978 3534 2030 Τὸ
3590 1977 3637 2031 δ’

2062 2076 2274 2128 ἐκεῖθεν
2307 2077 2557 2145 φάσκειν,
2590 2075 2626 2130 ἀ
2669 2078 2768 2147 τὴν
2817 2074 2995 2151 ψυχὴν
3030 2074 3281 2141 κακὺνει,
3317 2073 3405 2125 ἐπ’
3467 2071 3638 2141 αὐτὴν

2062 2168 2239 2237 ¹ἣκειν,
2264 2167 2455 2242 ὥσπερ
2487 2169 2593 2223 τινὶ
2616 2168 2901 2237 ἀναγκαίῳ
2936 2167 3124 2238 κλήρῳ
3159 2166 3238 2237 τῷ
3295 2164 3472 2218 αὐτῶν
3504 2165 3637 2234 σχή-

2067 2278 2221 2331 ματι,
2261 2262 2377 2324 πῶς
2418 2280 2477 2316 ου
2528 2260 2869 2324 παντάπασι,
2925 2260 3066 2331 μετά
3121 2258 3213 2311 τοῦ
3250 2259 3426 2311 νοσεῖν
3472 2256 3632 2312 ἀθεό-

2062 2371 2222 2424 τητα,
2255 2356 2351 2407 καί⁵
2394 2357 2516 2418 ταῖς
2560 2355 2816 2408 ἁπάντων
2879 2352 3205 2424 ἀνθρώπων,
3269 2351 3384 2404 ὅσοι
3450 2350 3640 2418 νόμοις

2064 2447 2309 2515 ἄγονται,
2334 2446 2535 2511 δόξαις,
2568 2446 2664 2499 καὶ
2699 2448 2820 2509 ταῖς
2849 2444 3006 2514 ὑμῶν
3059 2444 3239 2497 αὑτῶν
3294 2442 3644 2511 πολεμιωτά-

2063 2555 2190 2601 τους
2220 2538 2551 2608 ἀποφαίνει;
2603 2536 2833 2606 Ἀγαθὸν
2865 2537 2969 2607 μὲν
2992 2531 3085 2591 οὖν
3130 2532 3272 2588 εἶναι
3338 2532 3430 2587 τὸν
3483 2532 3642 2601 Θεὸν,

2065 2629 2166 2682 οὑκ
2214 2626 2282 2681 ἂν
2338 2628 2431 2680 ἐπὶ
2470 2624 2730 2679 τοσοῦτον
2751 2627 2950 2688 κακίας
3002 2626 3185 2694 οίομαί
3238 2640 3362 2677 τινα
3421 2623 3642 2689 ἐλάσαι,

2069 2719 2144 2791 μὴ
2170 2718 2462 2773 κατάθεσιν
2486 2717 2693 2773 δοῦναι.
2730 2717 2855 2781 Πῶς
2886 2712 2980 2772 οῦν
3031 2720 3097 2771 ἐκ
3132 2716 3227 2770 τοῦ
3272 2714 3479 2785 ἀγαθοῦ
3542 2717 3641 2785 γέ-

2066 2811 2195 2865 νοιτ’
2223 2810 2287 2865 ἂν
2312 2809 2379 2866 τὰ
2398 2810 2572 2875 κακά;
2596 2811 2660 2864 Εἰ
2690 2810 2766 2881 μὴ
2817 2809 2927 2880 ἀρα
2952 2810 3017 2862 σὺ
3048 2810 3141 2863 καὶ
3172 2810 3233 2863 τὸ
3259 2810 3372 2881 πῦρ
3433 2809 3645 2881 ψύχους

2066 2903 2237 2957 αἴτιον
2266 2903 2488 2973 φήσαις,
2520 2904 2613 2957 καὶ
2643 2903 2705 2956 τὺ
2748 2920 2864 2972 φως
2893 2904 3143 2966 σκότους.
3201 2902 3343 2955 Ἀλλ’
3386 2903 3484 2973 οὑχ
3515 2905 3651 2973 ὁμο-

2066 2995 2216 3063 λογεῖ
2244 2994 2400 3048 τοῦτο
2429 2994 2752 3063 ὑγιαίνουσα
2779 2994 3057 3064 αίσθησις.
3091 2994 3155 3047 Τί
3184 2995 3240 3048 δὲ
3271 2996 3367 3049 καὶ
3409 2997 3648 3065 γράφεις

2068 3085 2232 3153 νόμον
2288 3084 2446 3148 δίκας
2485 3086 2598 3148 τοῖς
2631 3083 2859 3153 φαύλοις
2900 3085 3193 3157 ὁρίζοντας
3232 3085 3294 3139 Εἰ
3359 3084 3469 3157 γὰρ
3531 3086 3650 3147 τοῖς

2068 3178 2176 3229 τῶν
2230 3176 2479 3247 ἀστέρων
2541 3178 2946 3247 σχηματισμοῖς
3006 3176 3325 3244 ἀναγκαίως
3378 3178 3412 3247 ἠ
3465 3175 3651 3229 τοιάδε

2069 3268 2392 3338 προαίρεσις
2429 3267 2759 3338 συνηνέχθη,
2806 3268 2859 3321 τί
2914 3267 3072 3337 δίκην
3115 3263 3270 3332 οὗτος
3314 3268 3645 3337 εἰσπράττε-

2064 3378 2177 3420 ται,
2219 3361 2359 3430 ὑπὲρ
2392 3352 2456 3413 οὗ
2502 3359 2599 3413 καὶ
2659 3359 2975 3428 βουληθέντι
3022 3361 3216 3429 φυγεῖν
3276 3358 3376 3429 τὴν
3420 3358 3647 3430 πρᾶξιν,

2066 3447 2259 3522 οὺκῆν
2294 3451 2468 3513 ἄλλως
2499 3450 2793 3519 γενέσθαι;
2830 3451 3016 3521 Ὁρᾷς,
3046 3451 3195 3513 ὅπως
3246 3449 3384 3521 μετά
3435 3449 3527 3502 τοῦ
3569 3450 3649 3520 μὴ

2069 3544 2265 3609 σώζειν
2290 3545 2398 3614 τὴν
2421 3543 2541 3613 Θεῷ
2571 3543 2891 3613 πρέπουσαν
2939 3542 3119 3609 δόξαν,
3150 3544 3244 3596 καὶ
3279 3543 3350 3596 τὰ
3380 3543 3509 3613 ὑμῖν
3559 3543 3651 3595 δο-

2067 3636 2291 3702 κοῦντα,
2321 3634 2657 3700 καταλύετε;
2699 3635 2863 3703 Ἡμῖν
2892 3634 2970 3698 δὲ,
3007 3634 3198 3704 ὥσπερ
3239 3635 3476 3704 εἴρηται,
3514 3632 3654 3688 κάλ-

2063 3727 2219 3781 λιστά
2247 3744 2307 3779 τε
2364 3726 2646 3797 νομίζεται
2685 3724 2821 3779 Θεοῦ
2874 3726 3361 3797 δημιουργήματα,
3424 3727 3521 3780 καὶ
3576 3728 3649 3778 τὶ

2066 3819 2328 3874 κάλλιστα
2374 3822 2549 3872 ποιεῖν
2593 3819 2695 3888 τὴν
2761 3819 2975 3872 οίκείαν
3029 3816 3349 3889 πληροῦντα
3401 3817 3646 3888 λειτουρ-

2066 3911 2212 3979 γίαν,
2235 3910 2303 3980 ἢν
2341 3907 2399 3974 ἐξ
2424 3910 2600 3980 ἀρχῆς
2633 3909 2877 3976 διέταξεν
2905 3912 2933 3962 ὁ
2964 3911 3411 3981 Δημιουργήσας.
3455 3910 3647 3977 Ὑμεῖς

2065 4004 2143 4066 δὲ,
2191 4005 2293 4057 οὑκ
2341 3999 2437 4057 οἷδ’
2487 4005 2516 4056 ὃ
2561 4020 2614 4056 τι
2678 4001 2892 4067 δοκοῦν,
2938 3995 3001 4055 οὑ
3030 4004 3159 4073 (μὲν
3200 4003 3565 4073 ἀναφαίρετος
3613 4004 3651 4071 ἡ

2065 4094 2217 4167 τιμὴ,
2247 4095 2437 4148 τοῦτον
2496 4094 2759 4166 πειρᾶσθε
2809 4093 3014 4165 ταύτης
3073 4095 3526 4165 ἀποχειροτονεῖν,
3564 4086 3652 4156 οἷς

2065 4188 2122 4240 δὲ
2142 4187 2253 4240 οὐδ’
2297 4186 2479 4240 ὁτιοῦν
2534 4188 2758 4258 μέτεστι
2814 4187 3043 4259 ταύτης,
3101 4187 3178 4251 ὡς
3228 4188 3418 4251 αὐτοῖς
3457 4186 3653 4255 διαφέ-

2068 4296 2265 4350 ρουσαν
2288 4278 2609 4344 ἀνατίθετε,
2632 4279 2696 4331 Τί
2729 4278 2823 4333 οὑν
2869 4280 3133 4350 ἐχέγγυον
3155 4280 3439 4346 λαϐόντες,
3492 4278 3649 4342 θείας

2065 4374 2203 4427 αὑτά
2217 4374 2384 4445 τιμῆς
2399 4372 2635 4439 ἀξιοῦτε;
2651 4374 2819 4426 Ποίαν
2831 4372 2888 4424 δὲ
2899 4371 3149 4441 δύναμιν,
3166 4372 3199 4443 ἣ
3218 4370 3338 4441 Θεῷ
3356 4387 3651 4440 προσμαρ-

2065 4467 2331 4535 τυρεῖται,
2348 4464 2785 4535 κατανοήσαντες
2812 4465 2870 4515 ὲν
2899 4464 3084 4525 αὑτοῖς
3109 4462 3486 4533 προσηγορίας
3512 4479 3651 4531 μετ-

377 4548 462 4605 eis
493 4546 816 4604 tribuistis?
865 4548 1198 4619 Splendidus
1254 4560 1339 4606 est
1390 4553 1474 4607 sol
1532 4554 1657 4619 iste,
1700 4556 1962 4627 vitalique

2069 4555 2215 4608 ἐδοτε
2245 4573 2261 4622 ;
2285 4555 2554 4626 Λαμπρὸς
2597 4547 2754 4618 οὗτος
2784 4556 2811 4609 ὁ
2835 4554 3007 4625 ἥλιος,
3039 4554 3134 4607 καὶ
3160 4553 3458 4622 ζωογόνους
3482 4553 3651 4615 ἐνιεὶς

379 4639 597 4695 actione
623 4639 907 4708 praeditus.
935 4640 1148 4695 Eximia
1176 4643 1289 4697 haec
1332 4655 1479 4711 sunt,
1516 4646 1857 4719 planumque
1882 4649 1962 4706 fa-

378 4729 552 4795 ciunt,
593 4729 766 4784 solem
798 4729 943 4785 inter
963 4746 1052 4786 res
1078 4741 1293 4789 creatas
1322 4736 1584 4790 eximium
1606 4737 1785 4794 locum
1812 4742 1961 4796 obti-

376 4836 529 4876 nere.
564 4821 670 4876 Sed
715 4828 867 4876 tanta
915 4838 1026 4877 non
1056 4832 1206 4891 sunt,
1250 4835 1310 4880 ut
1346 4826 1415 4881 ad
1448 4828 1791 4888 divinitatem
1838 4849 1963 4891 eve-

376 4910 531 4964 hant.
560 4910 643 4963 An
676 4924 785 4965 non
816 4912 1044 4967 cernitis
1068 4951 1083 4979 ,
1122 4915 1346 4982 quantis
1392 4915 1677 4986 subjaceat
1711 4919 1961 4977 aﬂ‘cctio—

375 4999 576 5055 nibus?
609 4998 729 5065 Quo
770 5000 896 5068 jure
934 5003 1069 5057 tales
1103 5002 1332 5061 affectus
1361 5014 1415 5059 et
1458 5009 1789 5065 mutationes
1849 5012 1960 5066 Deo

375 5091 727 5162 assignabis?
760 5091 844 5145 An
902 5108 1014 5149 non
1070 5094 1291 5162 videtis,
1327 5098 1603 5166 quomodo
1650 5102 1794 5156 actio
1841 5102 1961 5171 ejus

375 5184 778 5254 dispertiatur?
808 5185 880 5238 At
905 5200 1027 5255 qua:
1052 5201 1186 5242 sana
1220 5202 1376 5243 mens
1411 5190 1577 5244 ullam
1612 5193 1960 5260 partitionem

374 5275 432 5329 in
484 5275 595 5331 Deo
632 5275 863 5330 statuit?
918 5275 1222 5334 Diversitas
1249 5288 1429 5333 autem
1473 5284 1759 5352 temporis,
1795 5299 1960 5352 quam

375 5386 545 5427 cursu
578 5388 681 5428 suo
710 5372 899 5439 eﬂicit,
942 5375 1219 5444 quomodo
1245 5389 1353 5429 non
1390 5385 1446 5428 et
1471 5377 1590 5446 ipsa
1619 5378 1959 5447 servitutem,

375 5479 540 5532 quam
573 5467 766 5531 servit,
797 5467 1073 5522 testatur?
1109 5466 1251 5534 Quid
1283 5470 1431 5525 enim
1460 5472 1569 5526 Deo
1596 5487 1733 5542 opus
1764 5479 1848 5527 est
1879 5472 1963 5527 lo-

376 5568 566 5608 corum
621 5558 962 5625 diversitate,
1017 5566 1077 5614 ut
1109 5560 1234 5631 ojam
1284 5560 1413 5626 hoc,
1442 5562 1571 5633 ljam
1623 5563 1768 5618 aliud
1800 5564 1960 5635 agat?

377 5644 519 5710 Quin
554 5655 608 5700 et
645 5663 739 5715 per
764 5650 876 5705 haec
907 5653 1027 5721 ipsa
1048 5650 1279 5710 tantum
1309 5669 1415 5711 non
1468 5671 1655 5713 vocem
1684 5656 1833 5725 edit;
1864 5656 1960 5712 sed

379 5733 533 5790 surdi
568 5750 688 5790 eam
723 5754 832 5793 non
861 5741 1183 5801 exaudiunt.

450 5824 626 5889 Quam
678 5826 1062 5888 inenarrabilis
1100 5841 1186 5890 est
1218 5836 1383 5905 ratio,
1436 5854 1545 5910 qua
1596 5839 1779 5898 sidera
1829 5848 1962 5897 sunt

2069 4646 2375 4718 ἐνεργείας.
2426 4645 2712 4718 Ἐξαίρετα
2742 4647 2937 4711 ταῦτα,
2984 4647 3078 4699 καί
3113 4648 3382 4718 μαρτυρεῖ
3413 4645 3651 4715 κτισμά-

2066 4757 2176 4794 των
2204 4740 2367 4794 αὑτδν
2412 4735 2554 4793 εἶναι
2603 4740 2906 4811 ἐξαίρετον.
2948 4738 3089 4792 Ἀλλ’
3143 4739 3243 4791 οὑκ
3284 4740 3363 4802 εἰς
3392 4737 3650 4808 θειότητά

2068 4832 2232 4887 ποθεν
2254 4831 2598 4896 ἀναϐιϐάζει.
2626 4831 2738 4901 Οὑχ
2753 4832 2938 4900 ὁρᾶτε,
2964 4825 3045 4893 οἷς
3074 4830 3373 4883 ὑποπίπτει
3405 4827 3605 4881 πάθεσι
3628 4845 3644 4893 ;

2073 4923 2186 4977 Ποῦ
2217 4922 2264 4976 δ’
2285 4924 2433 4977 ὅσιον
2461 4923 2634 4986 πάθος
2658 4923 2990 4994 προσνέμειν
3015 4921 3135 4992 Θεῷ
3161 4938 3175 4985 ;
3198 4920 3311 4991 Οὑχ
3339 4920 3523 4989 ὁρᾶτε,
3554 4936 3649 4987 με-

2072 5017 2363 5089 ριζομένην
2384 5017 2547 5071 αὐτοῦ
2565 5017 2662 5088 τὴν
2686 5016 2989 5087 ὲνέργειαν;
3013 5015 3124 5068 Ποῦ
3141 5015 3198 5067 δὲ
3222 5012 3417 5083 φρενὸς
3438 5008 3647 5078 ὑγιοῦς,

2072 5108 2332 5179 μεριστὸν
2363 5110 2420 5161 ὲν
2459 5109 2580 5180 θείᾳ
2613 5109 2775 5179 φύσει
2809 5111 2986 5174 νοεῖν;
3032 5105 3106 5160 Τὸ
3136 5105 3195 5160 δὲ
3254 5104 3511 5175 διάφορον
3539 5102 3648 5154 τῶν

2068 5200 2250 5270 ὡρῶν,
2279 5199 2346 5264 ἃς
2375 5200 2455 5271 τῷ
2500 5200 2746 5271 διαφόρῳ
2793 5200 2980 5271 δρόμῳ
3032 5200 3198 5262 ποιεῖ,
3229 5197 3347 5260 πῶς
3378 5196 3501 5266 οὐχὶ
3550 5196 3648 5248 καὶ

2067 5292 2226 5345 τοῦτο
2256 5292 2355 5364 τὴν
2400 5293 2645 5346 δουλείαν
2694 5291 2859 5345 αὑτοῦ
2896 5291 3135 5362 βεϐαιοῖ;
3176 5289 3242 5343 Τί
3269 5289 3376 5359 γὰρ
3423 5288 3503 5341 δεῖ
3530 5286 3650 5355 Θεῷ

2071 5383 2255 5437 τόπων
2307 5384 2595 5455 διαφορᾶς,
2639 5383 2729 5436 ἵνα
2768 5381 2864 5436 νῦν
2904 5382 3003 5453 μὲν
3034 5381 3217 5447 τοῦτο,
3241 5379 3337 5433 νῦν
3385 5378 3429 5431 δ’
3474 5379 3650 5430 ἐκεῖνο

2069 5475 2304 5544 ποιήσῃς
2357 5473 2531 5527 Ἀλλά
2585 5473 2680 5526 καὶ
2712 5471 2802 5526 διὰ
2846 5472 3067 5541 ,τούτων
3122 5466 3406 5541 μονονουχὶ
3464 5462 3649 5534 φωνὴν

2068 5566 2316 5637 ἀφίησιν·
2346 5565 2561 5618 ὲπαῖειν
2582 5564 2639 5618 δὲ
2663 5563 2771 5635 ἄρα
2800 5564 2861 5617 οὑ
2894 5564 3152 5618 δύνανται
3192 5560 3242 5614 οἱ
3276 5556 3479 5628 κωφοίω

2149 5844 2237 5909 Ὠς
2266 5842 2577 5915 ἀπδρρητος
2606 5843 2763 5913 λόγος
2789 5840 3148 5913 δημιουργίας
3176 5838 3379 5907 αὐτῶν,
3412 5839 3506 5899 τὰς
3531 5834 3647 5887 δια-
