4072 6464
312 399 414 457 181

1270 396 1549 458 ORATIO
1578 398 1699 458 XV:
1734 422 1804 432 -·
1849 396 1931 457 ΙΝ
1959 398 2217 460 OMNES
2258 401 2605 462 SANCTOS.

3455 399 3557 463 182

299 507 506 576 φόρους
538 503 834 574 ἐπιτρέπει
871 504 1220 573 μεταϐάσεις,
1244 508 1324 568 είς
1349 506 1612 577 ἐργασίαν
1652 507 1753 577 τῆς
1774 507 1884 560 τῶν

2011 518 2296 566 procreata.
2352 509 2528 566 Variis
2558 507 2978 563 transitionibus
3010 514 3062 562 et
3090 508 3483 565 mutationibus
3505 526 3568 566 ea

294 591 471 665 ὡρῶν
500 593 787 657 εὐταξίας.
830 594 1159 664 Θαυμαστόν
1205 612 1258 649 τι
1303 598 1399 651 καὶ
1444 598 1641 667 σελήνη
1675 598 1889 668 χρῆμα,

293 689 407 743 καὶ
436 685 678 757 χορηγὸς
706 683 1018 757 ἀνθρώποις
1049 686 1391 757 θαυμασίων,
1426 688 1790 744 λευκαίνουσά
1831 708 1889 744 τε

288 781 374 835 τὸ
401 777 729 849 σκυθρωπὸν
759 778 861 848 τῆς
905 779 1119 843 νυκτὸς,
1153 780 1248 834 καὶ
1277 781 1415 835 ἄλλα
1443 782 1581 835 ἄττα
1629 782 1890 836 διοικονο-

297 871 592 945 μουμένη,
635 870 755 926 ἀλλ’
784 871 1041 940 ὁμολογεί
1090 872 1184 925 καὶ
1206 873 1344 944 αὐτὴ
1371 875 1470 943 τὴν
1503 874 1766 939 δουλείαν,
1798 876 1894 929 καὶ

296 965 586 1022 σιωπῶσα
607 964 708 1035 τὴν
738 964 943 1019 ἔνδειαν
967 965 1256 1035 κέκραγεν.
1292 962 1386 1029 Οἷς
1410 966 1509 1036 μὲν
1544 967 1894 1033 λαμϐάνουσα

307 1056 652 1127 μεταδίδωσι
685 1053 783 1108 τοῦ
832 1053 1028 1123 φωτὸς,
1056 1050 1137 1117 οἷς
1164 1055 1210 1107 δ’
1249 1056 1309 1108 οὐ
1367 1055 1743 1126 λαμϐάνουσα,
1796 1057 1896 1111 οὐκ

308 1150 458 1220 ἔχει,
519 1147 575 1201 τί
628 1146 867 1218 μεταδῷ.
919 1146 1308 1217 Συμπληροῦσί
1335 1164 1399 1215 γε
1450 1147 1557 1218 μὴν
1611 1146 1687 1218 τῷ
1734 1147 1896 1201 παντί

308 1242 513 1313 χρείαν
541 1241 639 1293 καὶ
665 1239 956 1311 φωστῆρες
984 1238 1155 1292 ἄλλοι.
1196 1239 1585 1310 Συμπληροῦσι
1626 1240 1671 1293 δ’
1702 1239 1801 1310 οὐχ
1829 1241 1897 1311 ἢν

316 1338 349 1388 ὁ
378 1335 614 1403 μάταιος
640 1332 826 1387 δίδωσι
861 1332 1043 1397 λόγος,
1066 1331 1177 1384 οὐδ’
1206 1331 1274 1400 ἣν
1297 1331 1599 1402 ἀποκληροί
1624 1331 1835 1394 τούτοις
1863 1333 1897 1400 ἡ

320 1426 501 1493 πλάνη
536 1424 879 1489 δεσποτείαν,
916 1424 1031 1477 ἀλλ’
1062 1424 1405 1494 ὑπηρετικὴν
1430 1440 1552 1477 τινα
1600 1423 1755 1476 τοῦδε
1799 1422 1896 1476 τοῦ

322 1518 524 1579 παντὸς
552 1516 941 1586 διακόσμησιν.
987 1516 1079 1587 Μὴ
1125 1515 1225 1586 τὴν
1258 1515 1540 1583 εὐγένειαν
1578 1514 1899 1584 ἀφαιρεῖσθε

330 1608 571 1672 ἑαυτοὺς,
611 1608 679 1679 ἣν
710 1608 853 1678 χειρὶ
881 1607 1017 1660 Θεοῦ
1048 1606 1311 1670 πλασθεὶς
1345 1608 1636 1677 τετίμηται
1685 1606 1901 1678 ἀνθρω-

334 1719 451 1765 πος,
489 1701 584 1755 καὶ
623 1700 768 1753 οὕτω
791 1699 980 1762 κακῶς
1006 1699 1203 1767 ἀγαθοὶ
1235 1699 1413 1753 δοῦλοι
1460 1701 1779 1770 κτισμάτων
1812 1699 1900 1767 γί-

332 1792 501 1857 νεσθε,
543 1793 620 1863 μὴ
663 1792 764 1861 τῆς
791 1791 1166 1862 προαιρέσεως
1217 1791 1277 1843 τὸ
1309 1791 1595 1863 ἐλεύθερον
1638 1791 1903 1845 καταδου-

324 1886 499 1942 λοῦτε.
525 1886 661 1940 Τίνα
678 1884 788 1955 γὰρ
819 1884 934 1955 ἔχει
954 1885 1134 1952 λόγον,
1175 1883 1367 1955 ἄρχειν
1392 1885 1492 1955 τῆς
1526 1886 1585 1938 ὲν
1617 1886 1753 1955 ἡμῖν
1796 1884 1897 1937 αύ-

321 1978 606 2043 τεξουσίου
638 1978 839 2049 ὁρμῆς,
875 1977 911 2030 ἃ
945 1977 1320 2048 προαιρέσεως
1369 1979 1622 2048 ἀμοιρεῖ;
1659 1977 1803 2029 Ἀλλ’
1828 1972 1898 2047 ἦν

321 2072 438 2140 ἄρα
486 2070 587 2125 καὶ
624 2068 783 2124 τοῦτο
815 2069 1131 2132 ἀκόλουθον,
1183 2070 1606 2132 ἐκπεπτωκότας
1635 2069 1736 2137 τῆς
1762 2066 1898 2121 Θεοῦ

323 2163 688 2234 οἰκειότητος,
720 2162 814 2215 καὶ
852 2161 1001 2229 σφῶν
1020 2161 1201 2214 αὐτῶν
1224 2161 1498 2215 ἐκπεσεῖν.
1542 2158 1657 2213 Ἵνα
1690 2159 1765 2230 μὴ
1801 2159 1901 2228 μό-

330 2271 427 2307 νον
460 2253 623 2317 Θεοῦ,
677 2253 811 2307 ἀλλὰ
841 2254 933 2306 καὶ
976 2252 1185 2307 ἑαυτῶν
1214 2252 1375 2316 ὄντας
1416 2252 1898 2320 ἀλλοτριωτάτους,

338 2344 697 2398 παντάπασιν
717 2343 1043 2416 ἀϐοηθήτους
1062 2344 1222 2407 ὄντας
1245 2346 1277 2414 ἡ
1300 2344 1475 2413 πλάνη
1502 2343 1897 2414 ἀνδραποδίζοι,

342 2435 485 2503 πρὸς
512 2436 778 2506 μηδεμίαν
808 2436 1028 2506 ἔχοντας
1062 2436 1400 2507 ἐπιστροφὴν
1424 2436 1755 2503 ἀνενεγκεῖν.
1789 2434 1904 2487 Οὐκ

334 2530 551 2599 ἀπέχρη
576 2528 643 2594 δ’,
675 2528 751 2592 ὡς
792 2528 961 2595 ἔοικε,
1002 2528 1063 2582 τὸ
1094 2531 1149 2581 ὲν
1191 2528 1386 2598 ἀγνοίᾳ
1428 2523 1569 2581 εἶναι
1618 2528 1778 2597 μόνον
1809 2525 1902 2578 τοῦ

326 2620 486 2681 ὄντος
512 2618 671 2685 Θεοῦ,
716 2619 833 2672 ἀλλ’
887 2620 937 2673 εί
968 2619 1060 2671 καὶ
1103 2617 1179 2689 μὴ
1208 2617 1389 2688 πλήθη
1421 2615 1558 2671 θεῶν
1609 2616 1902 2686 ὲξεύροιτε,

325 2710 487 2764 οὐδέν
510 2728 563 2763 τι
589 2710 731 2781 μέγα
757 2709 934 2781 ᾤεσθε
964 2709 1335 2781 διανοηθῆναι.
1395 2709 1488 2772 Ὠς
1536 2709 1629 2761 καὶ
1664 2708 1759 2761 νῦν
1782 2709 1906 2759 ἐπι-

322 2801 561 2855 τάσσει-ε
610 2800 770 2864 θεοὺς
824 2803 1010 2871 τιμᾷν.
1070 2802 1163 2853 Δεῖ
1204 2801 1338 2868 γὰρ,
1385 2799 1461 2861 ὼς
1499 2798 1665 2863 ἔοικε,
1725 2797 1906 2867 πλήθη

326 2894 469 2947 θεῶν
505 2893 819 2963 ἐφιστάνειν
864 2895 1032 2964 ὑμᾶς,
1068 2893 1155 2946 ἵνα
1181 2893 1254 2962 μὴ
1295 2891 1406 2945 τῶν
1441 2890 1909 2961 ἐπιτροπευόντων

332 2985 586 3058 ἀσθενείᾳ
614 2987 785 3057 κάμοι
813 2987 884 3040 τά
913 2988 1236 3058 πράγματα.
1280 2986 1438 3039 Ἀλλά
1470 2987 1654 3049 κακῶς
1689 2985 1785 3054 μὲν
1810 2987 1910 3056 τῆς

336 3076 570 3147 ἀληθοῦς
598 3077 859 3146 γνώσεως
886 3078 1021 3131 Θεοῦ
1046 3078 1453 3149 παρηνέχθητε,
1482 3077 1618 3131 πολὺ
1643 3076 1700 3130 δὲ
1728 3078 1911 3146 χεῖρον

332 3169 395 3221 τὸ
427 3170 488 3221 ἓν
510 3170 613 3240 τῆς
639 3169 916 3241 θεότητος,
951 3172 1031 3233 εἰς
1058 3170 1263 3239 πλῆθος
1284 3168 1669 3240 ἀπομερίζετε.
1712 3167 1906 3236 ⁹ι’λιιρθο-

332 3261 457 3316 νίαν
484 3262 597 3335 γάρ
617 3261 757 3315 θεῶν
781 3263 1224 3333 ἀνευρίσκοντες,
1262 3263 1343 3324 εἰς
1369 3260 1431 3313 τὸ
1448 3259 1727 3324 παντελῶς
1749 3259 1908 3313 ἄθεον

335 3352 713 3424 περιίστασθε.
747 3353 919 3407 Παντὶ
947 3352 1047 3421 μὲν
1071 3347 1249 3422 οἶμαι,
1275 3349 1354 3420 τῷ
1387 3350 1519 3420 περὶ
1546 3348 1682 3402 Θεοῦ
1755 3349 1909 3401 ἀδια-

342 3443 579 3513 στρόφοο
641 3444 855 3507 ἑννοίας
914 3442 1142 3507 σώζοντι
1176 3442 1375 3513 χρῆναι
1440 3439 1909 3511 ἀνομολογεῖσθαι,

340 3535 611 3604 ἀπροσδεῆ
644 3552 703 3588 τε
732 3529 871 3589 εἶναι
902 3535 992 3588 τὸν
1023 3534 1175 3599 Θεὸν,
1212 3534 1309 3587 καὶ
1334 3535 1427 3586 ἐπὶ
1461 3533 1637 3586 πάντα
1663 3531 1763 3602 τὴν
1810 3531 1910 3583 αὑ-

338 3622 435 3675 τοῦ
477 3622 727 3691 ἐξαρκεῖν
750 3622 1002 3693 δύναμιν,
1031 3622 1224 3693 μηδενὶ
1253 3623 1449 3693 πέρατι
1480 3621 1826 3693 ὁριζομένην.
1850 3622 1914 3674 Ei

344 3714 449 3784 μὲν
482 3711 577 3767 οὖν
603 3714 827 3785 τοιαύτη
868 3732 951 3778 τις
978 3715 1158 3775 ἔννοια
1194 3716 1322 3786 ὑμῖν
1349 3715 1773 3785 ὲνέσπαρται,τί
1802 3730 1915 3767 κοι-

334 3809 543 3871 νωνοὺς
578 3806 729 3877 αὺτῷ
778 3808 878 3878 τῆς
903 3806 1150 3874 ἐξουσίας
1203 3807 1539 3877 προσνέμετε
1570 3823 1586 3873 ;
1613 3806 1831 3860 Μᾶλλον
1858 3807 1916 3860 δὲ

338 3902 456 3964 suis;
487 3900 550 3953 οὐ
605 3900 800 3969 γέλως,
842 3900 1128 3954 κοινωνίαν
1175 3899 1442 3965 ἐξουσίας,
1478 3898 1790 3968 δωρεῖσθαι,
1834 3894 1917 3961 οἷς

346 3991 464 4043 κατ’
486 3989 641 4044 οὐδὲν
670 3990 821 4042 ἔσται
866 3990 1072 4060 ταύτης
1128 3990 1396 4060 μετέχειν,
1430 3990 1686 4043 ἁπάντων
1708 3990 1813 4043 ὑπὸ
1838 3990 1918 4060 τῷ

342 4080 546 4152 πρώτῳ
598 4081 1148 4153 περιδεδραγμένων;
1205 4080 1269 4134 Εἰ
1310 4080 1353 4133 δ’
1395 4082 1423 4134 ὅ
1450 4081 1500 4146 τί
1536 4098 1667 4134 ποτε
1694 4080 1918 4153 πρώτην

334 4171 519 4241 ἀρχὴν
540 4170 740 4236 οῐεσθε,
762 4172 860 4224 εἴθ’
883 4174 911 4225 ὁ
940 4172 1143 4234 ὕπατος
1164 4173 1291 4242 ὑμῖν
1316 4174 1474 4239 Ζεὺς,
1500 4175 1608 4226 εἴτε
1634 4191 1718 4237 τις
1735 4174 1915 4240 ἄλλος,

336 4265 403 4317 οὐ
424 4264 662 4335 διαρκής
699 4266 815 4318 ἐστι
845 4264 967 4318 καθ’
1002 4265 1187 4331 αὑτὸν,
1226 4265 1321 4318 καὶ
1358 4266 1447 4320 διὰ
1487 4266 1668 4330 τοῦτο,
1699 4267 1780 4319 δεῖ
1807 4283 1920 4320 κοι-

337 4356 559 4417 νωνοὺς.
581 4354 767 4409 λαϐεῖν
811 4355 975 4409 αὐτὸν
1028 4355 1127 4425 τῆς
1166 4356 1363 4428 ἀρχῆς,
1404 4356 1524 4420 πῶς
1551 4356 1615 4410 ἂν
1644 4358 1730 4427 εἴη
1763 4358 1917 4421 Θεὸς,

335 4446 401 4508 ὃς
429 4444 830 4515 παραπλησίως
850 4443 1159 4514 ἀνθρώποις
1176 4446 1275 4498 οὐκ
1299 4445 1726 4518 ἀποκεχώρηκεν
1754 4447 1920 4501 ἀσθε-

1929 1869 1973 1925 Β

1935 3211 1980 3272 C

1992 603 2275 667 insmixit,
2303 614 2362 656 ut
2385 603 2649 673 temporis
2673 600 3015 671 aptissimum
3040 598 3287 655 ordinem
3312 599 3569 655 efﬁciant.

1992 693 2146 747 Luna
2188 694 2377 749 itidem
2422 708 2512 748 res
2564 694 2727 763 plane
2760 700 2845 747 est
2896 690 3237 757 admiranda,
3278 706 3575 763 rerumque

1994 791 2398 846 admirabilium
2448 789 2867 860 suppeditatrix,
2916 803 3038 859 quae
3072 788 3250 842 noctis
3280 788 3571 859 caliginem

1995 884 2253 949 illustrat,
2281 892 2336 936 et
2390 882 2443 937 id
2492 898 2665 954 genus
2712 884 2819 936 alia
2864 882 3032 936 multa
3082 887 3323 951 praestat.
3372 879 3477 935 Sed
3521 890 3574 934 et

2001 975 2119 1046 ipsa
2149 973 2470 1029 servitutem
2504 988 2657 1028 suam
2687 973 2904 1039 fatetur,
2939 982 2991 1027 et
3020 973 3168 1027 clara
3194 985 3331 1025 voce
3360 980 3573 1040 egesta-

1996 1075 2106 1121 tem
2142 1080 2298 1122 suam
2334 1073 2702 1129 contestatur,
2752 1065 2883 1119 dum
2925 1064 3130 1119 lumen.
3167 1063 3312 1133 quod
3350 1062 3571 1132 accipit,

1996 1154 2388 1221 communicat,
2413 1164 2486 1219 et,
2518 1154 2564 1211 si
2594 1153 2729 1208 nihil
2763 1153 2985 1209 aliunde
3014 1159 3218 1215 sumat,
3249 1152 3387 1206 nihil
3419 1167 3572 1205 com—

1997 1246 2263 1300 municat.
2318 1244 2441 1297 Alia
2488 1260 2706 1314 quoque
2759 1244 2885 1299 cteli
2945 1244 3127 1297 sidera
3185 1242 3391 1297 mundo
3448 1243 3576 1295 huic

1998 1335 2365 1390 ministerium
2397 1350 2556 1390 suum
2581 1334 2838 1388 exhibent
2868 1351 2883 1398 ;
2912 1332 3055 1401 quod
3088 1339 3271 1387 tamen
3301 1346 3411 1387 non
3439 1347 3573 1385 con-

1999 1429 2144 1483 sistit
2169 1429 2223 1483 in
2254 1442 2320 1483 eo
2353 1427 2537 1493 modo,
2571 1442 2733 1497 quem
2763 1441 2903 1480 vana
2939 1427 3082 1480 ratio
3113 1424 3575 1480 comminiscitur.

2000 1536 2178 1589 neque
2215 1520 2270 1574 in
2305 1518 2601 1590 potestate,
2650 1532 2816 1588 quam
2865 1532 3024 1573 error
3056 1517 3137 1571 eis
3170 1516 3396 1570 ascribit
3428 1557 3443 1580 ,
3480 1515 3577 1570 sed

1999 1611 2055 1664 in
2085 1609 2342 1665 facultate
2367 1610 2599 1680 quadam
2628 1609 2759 1664 huic
2779 1623 2962 1664 rerum
2991 1608 3336 1662 universitati
3360 1607 3581 1662 subser-

2000 1702 2209 1757 viendi.
2244 1700 2323 1755 Ne
2363 1703 2730 1771 vosmetipsos
2777 1701 3024 1770 spolietis
3069 1701 3230 1754 insita
3272 1698 3577 1761 nobilitate,

2002 1808 2109 1865 qua
2137 1792 2402 1847 Conditor
2427 1792 2703 1845 hominem
2731 1791 3038 1845 exornavit.
3068 1789 3161 1844 Ne
3186 1798 3296 1842 tam
3330 1788 3578 1857 improbe

2000 1885 2054 1939 in
2076 1892 2453 1941 creaturarum
2480 1883 2800 1940 servitutem
2824 1882 3160 1937 concedatis.
3190 1878 3378 1950 Neque
3407 1879 3577 1934 liber-

2000 1985 2167 2032 tatem
2196 1977 2411 2031 arbitrii
2446 1976 2500 2030 in
2528 1977 2848 2031 servitutem
2879 1974 3127 2044 redigite.
3161 1973 3278 2038 Qua
3313 1970 3457 2027 enim
3488 1975 3600 2025 ra-‘

2002 2068 2150 2124 tione
2182 2067 2353 2122 astrui
2390 2072 2589 2135 potest,
2624 2079 2686 2118 ea
2712 2079 2833 2132 qua:
2881 2063 3052 2117 libero
3090 2062 3319 2117 arbitrio
3368 2068 3579 2127 carent,

1998 2155 2090 2227 jus
2130 2167 2184 2212 et
2216 2163 2544 2226 potestatem
2597 2154 2652 2208 in
2709 2162 2960 2209 nostrum
3008 2153 3242 2208 liberum
3287 2151 3577 2206 arbitrium

2002 2249 2243 2304 habere?
2290 2250 2361 2302 At
2404 2261 2749 2315 consequens
2784 2254 2902 2300 erat
2941 2253 3024 2307 ut,
3066 2254 3357 2316 postquam
3405 2260 3436 2299 a
3487 2243 3580 2299 Dei

2003 2339 2375 2395 familiaritate
2395 2347 2448 2394 et
2469 2338 2861 2409 conjunctione
2894 2336 3237 2398 exciderant,
3265 2334 3581 2390 exciderent

2004 2448 2224 2503 quoque
2267 2448 2298 2487 a
2344 2432 2675 2499 semetipsis,
2724 2445 2780 2486 et
2820 2445 2931 2484 non
2981 2433 3160 2485 solum
3189 2444 3218 2481 a
3250 2427 3380 2491 Deo,
3412 2426 3506 2482 sed
3551 2441 3580 2479 ιι

2005 2528 2201 2597 seipsis
2232 2526 2555 2581 alienissimi
2585 2525 2951 2588 edicerentur,
2985 2534 3045 2577 ut
3080 2523 3230 2577 omni
3271 2536 3372 2591 ope
3410 2520 3583 2575 desti-

2005 2627 2152 2675 tutos
2178 2633 2338 2673 error
2368 2618 2545 2689 magis
2588 2617 2643 2671 in
2692 2616 3065 2687 captivitatem
3105 2613 3400 2683 abriperet,
3433 2612 3583 2666 nullo

2006 2710 2249 2781 penitus,
2298 2724 2408 2779 quo
2457 2724 2518 2763 se
2568 2708 2897 2778 reciperent,
2933 2703 3185 2775 perfugio
3218 2703 3433 2757 relicto.
3466 2699 3583 2754 Non

2007 2802 2314 2859 sufﬁciebat
2338 2809 2516 2856 autem
2541 2800 2722 2864 vobis,
2743 2808 2802 2853 ut
2828 2796 3067 2858 videtur,
3090 2793 3401 2864 ignorantia
3423 2792 3586 2847 unius

2007 2903 2063 2951 et
2086 2895 2199 2948 veri
2230 2894 2344 2958 Dei,
2373 2894 2465 2949 sed
2490 2892 2594 2949 nisi
2625 2893 2899 2963 ingentem
2931 2890 3157 2944 deorum
3182 2886 3586 2943 multitudinem

2008 2983 2428 3051 excogitaretis,
2484 2983 2621 3037 nihil
2664 2982 2824 3040 laude
2893 2982 3117 3050 dignum
3170 2994 3270 3034 vos
3319 2978 3590 3047 reperisse

2009 3077 2428 3133 existimabatis.
2460 3075 2612 3142 Quos
2631 3076 2796 3131 etiam
2826 3084 2888 3130 ut
2922 3076 3255 3130 honoremus
3286 3071 3588 3143 imperatis.

2012 3168 2244 3240 Oportet
2273 3168 2418 3223 enim
2444 3181 2562 3231 vos,
2593 3176 2650 3223 ut
2670 3173 2915 3237 apparet,
2954 3180 3207 3235 magnum
3233 3163 3457 3218 deorum
3484 3176 3591 3215 nu-

2011 3278 2222 3317 merum
2254 3262 2418 3316 rebus
2446 3259 2747 3330 praeﬁcere,
2782 3274 2850 3313 ne
2878 3265 3194 3313 curatorum
3222 3262 3275 3308 et
3294 3252 3592 3324 praesidum

2013 3352 2387 3409 imbecillitate
2428 3366 2517 3405 res
2541 3350 2683 3406 male
2719 3349 3196 3407 administrentur.
3221 3348 3396 3400 Porro
3430 3356 3595 3414 prave

2011 3447 2231 3516 quidem
2267 3460 2296 3497 a
2329 3459 2463 3499 vera
2495 3442 2587 3498 Dei
2618 3443 2931 3513 cognitione
2961 3441 3181 3495 abducti
3216 3438 3376 3493 estis.
3409 3436 3595 3506 Longe

2011 3553 2143 3593 vero
2185 3536 2342 3608 pejus
2381 3535 2645 3590 unitatem
2683 3534 2777 3589 Dei
2824 3534 2881 3588 in
2914 3532 3103 3601 plures
3133 3528 3413 3585 sccuistis.
3459 3525 3594 3579 Nam

2015 3647 2112 3702 per
2162 3630 2529 3684 introductam
2585 3627 2815 3683 deorum
2866 3627 3082 3695 copiam
3137 3624 3193 3677 in
3263 3620 3591 3675 atheismum

2016 3723 2352 3779 incurristis.
2397 3721 2648 3776 Arbitror
2697 3734 2937 3789 namque
2989 3731 3205 3772 omnem
3253 3714 3429 3777 illum,
3500 3705 3597 3782 qui

2014 3813 2486 3869 existimationem
2519 3810 2588 3867 de
2617 3810 2728 3866 Deo
2750 3816 3148 3879 competentem
3182 3805 3447 3869 custodit,
3464 3819 3599 3859 con-

2018 3907 2156 3960 iitcri
2189 3905 2408 3970 debere,
2438 3903 2607 3959 Deum
2637 3902 2842 3957 nullius
2868 3916 2992 3956 esse
3023 3899 3289 3969 indigum,
3312 3907 3366 3952 et
3402 3904 3599 3965 poten-

2018 4000 2144 4052 tiam
2170 3996 2293 4065 ejus
2339 3995 2508 4049 nullis
2532 3993 2782 4048 terminis
2805 3989 3302 4059 circumscriptam,
3327 3987 3392 4041 ad
3415 3987 3599 4040 omnia

2019 4088 2285 4144 sufﬁcere.
2337 4085 2394 4141 Si
2437 4087 2603 4155 igitur
2628 4082 2943 4153 lmjusmodi
2974 4083 3042 4138 de
3080 4080 3190 4136 Deo
3218 4078 3411 4134 notitia
3444 4092 3598 4132 men-

2018 4182 2165 4236 tibus
2209 4178 2410 4235 vestris
2453 4184 2538 4233 est
2588 4176 2754 4231 insita
2785 4216 2801 4241 ,
2843 4189 2945 4230 cur
2994 4173 3177 4230 socios
3225 4171 3509 4242 potestatis
3550 4170 3599 4224 ei

2020 4271 2360 4343 adjungitis?
2390 4270 2487 4326 Vel
2512 4268 2698 4340 potius
2720 4268 2999 4339 quomodo
3026 4266 3319 4321 ridiculum
3357 4278 3465 4318 non
3493 4271 3600 4328 est,

2021 4365 2462 4420 communionem
2488 4363 2777 4433 potestatis
2799 4360 2983 4431 largiri
3012 4360 3120 4424 his,
3144 4358 3235 4428 qui
3261 4357 3425 4425 huius
3456 4355 3605 4408 nullo

2024 4454 2192 4510 modo
2229 4462 2461 4524 possunt
2485 4467 2610 4507 esse
2644 4451 2953 4521 participes,
2988 4450 3189 4520 quippe
3216 4446 3474 4503 omnibus
3502 4444 3605 4499 sub

339 4538 518 4603 νείας,
558 4538 673 4589 ἀλλ’
704 4540 783 4598 εἰς
806 4536 874 4588 τά
896 4536 1178 4603 δοκοῦντα,
1211 4537 1382 4590 δεῖται
1411 4538 1504 4590 τοῦ
1530 4540 1909 4610 ἐπικουρήσον-

2025 4547 2203 4617 primo
2245 4546 2339 4600 illo
2384 4560 2567 4599 rerum
2621 4552 2848 4613 parente
2889 4539 3342 4611 comprehensis?
3369 4536 3524 4603 Quod
3556 4536 3603 4590 si

336 4645 465 4695 τος;
509 4628 541 4699 ἦ
568 4628 684 4691 πῶς
720 4628 1006 4698 συνάρχειν
1031 4629 1252 4699 ἐτέρους
1287 4630 1725 4696 ἐγκαθιστῶντες
1746 4632 1917 4703 αὐτῷ,

339 4722 445 4789 οὐχ
478 4720 597 4789 ἅμα
628 4737 687 4772 τε
714 4720 902 4773 τοῦτον
956 4721 1054 4790 τῆς
1102 4722 1276 4793 ἀρχῆς
1326 4722 1668 4794 ἀφαιρεῖσθε,
1706 4724 1800 4777 καὶ
1828 4724 1922 4787 οὒς

338 4813 639 4883 συνάρχειν
669 4811 1036 4875 καθίστασθες
1092 4814 1155 4865 Εἰ
1193 4812 1292 4878 μὲν
1342 4813 1453 4884 γὰρ
1482 4814 1683 4878 πάντες
1722 4816 1922 4884 ὁμοίως

338 4903 593 4973 ἄρξουσι,
628 4903 680 4955 τί
705 4902 895 4956 τούτου
925 4904 1144 4973 μᾶλλον,
1173 4904 1203 4974 ἢ
1236 4906 1460 4958 ἐκείνων
1492 4907 1525 4975 ἡ
1563 4908 1735 4977 ἀρχῆς
1767 4905 1831 4958 Εἰ
1854 4905 1913 4957 δὲ

344 4996 423 5065 μὴ
456 4996 659 5058 πάντες
687 4996 911 5066 ὁμοίως,
965 4997 1082 5060 πῶς
1112 5000 1171 5051 ἐν
1200 4992 1244 5065 ᾧ
1278 4999 1703 5069 ὑποϐεϐήκασιν,
1738 5000 1835 5051 οὐκ
1866 5000 1924 5051 ἐν

338 5089 410 5155 τῇ
438 5085 553 5139 τῶν
583 5087 901 5157 ἀρχομένων
929 5087 1038 5142 εἷεν
1066 5090 1282 5159 μερίδι;
1312 5093 1379 5143 Ὂ
1402 5090 1457 5143 δὲ
1483 5091 1557 5161 μὴ
1596 5091 1773 5161 ἄρχει,
1807 5088 1923 5150 πῶς

339 5180 410 5233 ἄν
438 5182 527 5246 εἰη
558 5179 726 5245 Θεός;
757 5182 942 5246 Οὕτως
978 5184 1105 5252 ὑμῖν
1148 5183 1209 5236 τὸ
1237 5183 1394 5238 ἄθεον
1422 5183 1501 5253 τῷ
1530 5182 1774 5253 πολυθὲῳ
1799 5199 1925 5235 συν-

339 5272 570 5341 έρχεται
597 5287 610 5303 '
660 5273 753 5325 οὐδ
764 5274 913 5343 ιμῶς
932 5274 1026 5328 οῦν
1057 5275 1160 5345 χρὴ
1192 5277 1273 5339 είς
1297 5274 1499 5345 πλῆθος
1524 5276 1585 5327 τὸ
1610 5275 1765 5328 Θείον
1792 5275 1927 5327 ἁπο-

344 5364 618 5435 μερίζειν,
649 5365 771 5419 οὐδὲ
801 5367 860 5433 ἐξ
890 5361 949 5421 οὗ
981 5370 1096 5430 τοῖς
1125 5368 1308 5431 ἄλλοις
1349 5370 1383 5439 ἡ
1418 5368 1625 5438 μετοχὴ
1651 5366 1746 5420 τοῦ
1781 5367 1918 5431 ἑνὸς,

340 5456 557 5509 ἐκεῖθεν
597 5458 707 5528 γάρ
742 5459 959 5511 κάτεισι
997 5458 1057 5512 τὸ
1088 5459 1147 5511 ἓν
1176 5462 1235 5512 ἐν
1264 5461 1377 5524 τοῖς
1412 5461 1747 5524 σκεδαστοῖς,
1770 5460 1928 5512 τοῦτο

340 5551 695 5620 ἀποστερεῖν,
712 5551 740 5603 ὃ
760 5551 944 5604 δίδωσι
966 5553 1078 5614 τοῖς
1099 5551 1301 5616 ἄλλοις.
1326 5552 1417 5624 Μὴ
1437 5557 1631 5623 τομαῖς
1651 5553 1710 5605 τὸ
1728 5553 1928 5607 ὲνιαῖον

339 5640 444 5709 τῆς
481 5642 804 5712 κυριότητος
834 5643 1193 5697 ὑποϐάλλετε.
1222 5643 1398 5715 Μηδὲ,
1420 5643 1481 5697 τὸ
1515 5645 1617 5715 μέν
1642 5662 1693 5698 τι
1722 5644 1927 5715 ταύτης

343 5734 729 5806 ὑπερκεῖσθαι,
781 5738 842 5789 τὸ
893 5737 940 5791 δ’
989 5736 1394 5808 ύποϐεϐηκέναι
1450 5738 1758 5809 νομίζοιτε;
1791 5737 1929 5808 μηδὲ

340 5825 671 5898 ἀφελόμενοι
697 5826 792 5881 τοῦ
819 5828 1056 5884 Κτίστου
1086 5827 1181 5899 τὴν
1234 5829 1627 5899 προσκύνησιν,
1675 5831 1784 5894 τοῖς
1809 5829 1925 5884 κτί-

2025 4639 2209 4709 aliquo
2240 4636 2460 4691 tandem
2493 4634 2656 4689 modo
2686 4636 2922 4703 primum
2954 4632 3309 4703 principium,
3332 4630 3448 4685 sive
3469 4628 3604 4682 illud

2024 4731 2098 4785 sit
2146 4744 2439 4799 supremus
2483 4726 2718 4798 Jupiter,
2752 4729 2871 4782 sive
2899 4727 3045 4780 aliud
3086 4724 3371 4795 quiddam,
3403 4721 3606 4777 virtute

2025 4821 2329 4876 suiliciente
2354 4835 2446 4889 per
2474 4836 2533 4874 se
2558 4834 2668 4874 non
2696 4818 2885 4888 pollet,
2911 4826 2965 4872 et
2996 4817 3069 4872 ob
3106 4816 3158 4869 id
3192 4814 3405 4882 imperii
3438 4813 3607 4869 sociis

2024 4920 2168 4980 eget,
2216 4908 2492 4979 quomodo
2532 4909 2677 4963 Deus
2721 4910 2850 4971 erit,
2892 4906 2989 4975 qui
3038 4907 3215 4961 instar
3250 4904 3531 4958 hominum
3576 4917 3606 4955 a

2026 5002 2315 5073 potestatis
2335 5008 2389 5056 et
2410 5000 2607 5055 virium
2640 4999 3020 5054 imbecillitate
3050 5012 3160 5052 non
3183 5006 3266 5053 est
3300 5002 3605 5065 exemptus,

2024 5095 2119 5149 sed
2158 5093 2224 5147 ad
2255 5107 2341 5159 ea,
2379 5107 2503 5162 qua:
2547 5091 2774 5159 exsequi
2818 5088 3030 5156 statuit,
3077 5088 3421 5159 adiutoribus
3454 5090 3610 5155 ‘opus

2026 5183 2234 5238 habet?
2262 5182 2327 5235 Et
2348 5181 2624 5252 quomodo
2646 5195 2769 5234 cum
2799 5178 2982 5234 socios
3001 5176 3215 5247 imperii
3242 5176 3291 5231 ei
3318 5172 3612 5230 constitui-

2026 5278 2121 5342 tis,
2165 5291 2275 5330 non
2308 5275 2475 5330 simul
2521 5281 2576 5328 et
2621 5273 2768 5326 hunc
2801 5270 3033 5341 imperio
3066 5268 3320 5340 privatis,
3360 5278 3415 5321 et
3460 5264 3607 5331 illos,

2027 5384 2167 5439 quos
2216 5368 2265 5423 ei
2315 5366 2675 5437 opitulatores
2718 5362 3075 5434 adjungitis?
3126 5362 3183 5417 Si
3227 5359 3373 5415 enim
3415 5373 3611 5414 omnes

2027 5461 2311 5531 aequaliter
2349 5458 2638 5526 imperent,
2668 5471 2769 5511 cur
2813 5456 2980 5523 hujus
3038 5468 3202 5523 quam
3247 5450 3396 5506 illius
3431 5450 3610 5518 magis

2029 5551 2101 5605 sit
2129 5548 2420 5618 imperium
2452 5547 2475 5599 ?
2504 5547 2575 5599 At
2614 5548 2660 5601 si
2705 5560 2897 5600 omnes
2942 5558 3054 5598 non
3092 5542 3369 5614 gaudeant
3410 5541 3609 5610 mquali

2031 5641 2102 5697 im
2112 5641 2283 5710 pcrio,
2305 5638 2584 5706 quomodo
2604 5651 2669 5691 ea
2692 5635 2906 5690 ratione
2922 5650 3032 5705 qua
3059 5642 3189 5690 sunt
3211 5632 3473 5696 minores,
3496 5648 3606 5687 non

2032 5732 2408 5789 censebuntur
2439 5731 2494 5786 in
2528 5743 2719 5785 eorum
2750 5728 2847 5798 qui
2882 5728 3119 5785 subsunt
3151 5726 3431 5782 numero?
3460 5724 3609 5792 Quo-

2032 5826 2194 5882 modo
2212 5824 2355 5884 Deus
2380 5832 2486 5893 est,
2518 5822 2611 5894 qui
2640 5837 2746 5878 non
2776 5833 2972 5891 praeest
2996 5822 3019 5877 ἲ
3045 5820 3122 5878 Ita
3147 5820 3370 5878 tandem
3398 5818 3605 5876 atheis-
