4072 6482
421 404 521 467 183

1652 395 1925 457 LEONIS
1951 395 2415 456 PHILOSOPHI
2460 400 2465 405 ’

3550 392 3650 457 184

418 531 567 571 mum
613 513 929 582 nullumque
974 510 1142 565 Deum
1183 524 1308 565 cum
1361 509 1588 565 deorum
1634 508 1984 563 multitudine

2114 524 2257 577 τμασι
2273 509 2476 579 ταύτην
2495 509 2683 562 δίδοτε.
2705 508 3087 580 Ἀναϐλέψατε,
3099 507 3393 580 ἄνθρωποι,
3410 509 3659 579 λογισμῷ

417 604 685 662 miscetis.
722 603 902 669 Quare
933 603 1089 657 nullo
1131 603 1296 658 modo
1327 601 1685 657 dividendum
1729 610 1815 656 est
1855 600 1995 654 divi-

419 712 550 751 num
580 695 791 750 Numen
823 695 879 748 in
910 694 1089 764 plura,
1126 710 1304 764 neque
1333 694 1409 759 id,
1434 693 1577 750 unde
1600 694 1723 748 aliis
1750 707 1995 747 commu-

418 790 511 842 nio
558 786 790 841 unitatis
819 795 1008 839 manat
1040 786 1189 856 (inde
1230 787 1376 840 enim
1414 786 1483 840 ad
1517 801 1629 851 res,
1663 801 1784 854 quae
1809 785 1995 855 plures

416 888 471 934 et
508 879 770 946 dispersae
800 887 949 944 sunt,
986 880 1166 933 unitas
1191 878 1362 946 venit)
1401 893 1500 947 par
1530 887 1618 934 est
1652 880 1871 948 privare
1907 892 1993 946 eo,

415 968 563 1040 quod
592 968 823 1040 largitur
845 969 990 1024 aliis.
1024 967 1213 1039 Neque
1236 969 1631 1038 partitionibus
1658 977 1712 1023 et
1733 969 1997 1025 sectioni-

420 1064 522 1117 bus
545 1062 812 1115 unitatem
843 1061 1238 1116 dominationis
1268 1061 1545 1130 subjicite,
1577 1076 1753 1131 neque
1784 1070 1996 1131 partem

423 1152 547 1220 ejus
574 1152 935 1221 superiorem,
972 1160 1182 1220 partem
1217 1165 1345 1206 vero
1394 1150 1708 1206 inferiorem
1735 1166 1855 1207 esse
1880 1152 1998 1206 exi-

420 1242 665 1306 stimate,
696 1257 875 1311 neque
902 1240 1150 1296 detracto
1183 1255 1213 1293 a
1245 1241 1508 1297 Creatore
1546 1243 1733 1298 debito
1762 1243 1914 1298 cultu
1943 1250 2000 1299 et

423 1333 767 1399 adoratione,
820 1349 941 1389 eam
989 1337 1262 1392 creaturis
1314 1336 1562 1393 tribuite.
1615 1336 1916 1407 Respicite,
1967 1352 2001 1391 o

422 1430 703 1492 mortales,
724 1428 783 1482 in
800 1428 1025 1482 coelum.
1050 1428 1275 1490 Discite,
1299 1430 1428 1496 quis
1448 1428 1647 1484 caelum
1674 1428 2000 1484 extenderit.

418 1516 558 1580 Quis
608 1517 767 1585 quasi
820 1515 1065 1571 siderum
1104 1516 1336 1573 floribus
1390 1518 1523 1573 illud
1573 1519 1820 1572 variarit.
1868 1518 2003 1584 Quis

421 1607 727 1663 luminibus
759 1608 867 1663 illis
894 1608 1146 1663 ordinem
1170 1609 1593 1679 praescripserit.
1626 1609 1759 1674 Quis
1788 1611 2005 1664 univer-

420 1699 640 1753 sitatem
712 1700 854 1754 hanc
916 1700 1203 1755 ordinarit.
1260 1700 1398 1765 Quis
1466 1701 1834 1756 immensitate
1891 1716 2005 1757 suae

422 1789 666 1843 scientiae
704 1805 794 1846 res
827 1806 1019 1846 onmes
1054 1798 1165 1845 tam
1197 1793 1470 1846 concinne
1507 1791 1845 1861 disposuerit
1875 1810 1889 1847 :
1932 1794 2003 1847 ita

422 1889 481 1933 ut
526 1896 623 1950 per
658 1880 778 1950 ejus
828 1883 1293 1953 elegantissimam
1348 1884 1789 1952 dispositionem,
1838 1884 1997 1954 quasi

420 1986 517 2039 per
578 1973 1053 2029 ordinatissimum
1104 1976 1336 2030 chorum
1392 1976 1663 2044 sapientia
1718 1975 2000 2032 Creatoris

420 2060 763 2129 decantetur,
805 2074 861 2119 et
895 2066 1347 2135 praestantissima
1387 2082 1619 2137 quaeque
1651 2067 1795 2122 dona
1835 2068 2002 2124 homo

422 2154 702 2225 percipiat.
738 2155 943 2213 Discite
979 2158 1115 2225 haec,
1154 2166 1210 2214 et
1247 2160 1533 2229 repudiato
1569 2175 1751 2214 rerum
1782 2170 2001 2216 creata-

419 2263 540 2299 rutn
585 2249 759 2315 cultu,
801 2248 1002 2307 discite
1036 2265 1293 2321 magnum
1324 2251 1524 2306 divinae
1573 2251 2003 2321 dispensationis

418 2337 566 2390 circa
584 2338 833 2394 homines
857 2341 1197 2410 mysterium.
1217 2341 1502 2407 Quomodo
1526 2349 1744 2411 prepter
1761 2342 1995 2397 salutem

422 2429 703 2484 hominum
734 2431 879 2487 Deus
908 2432 1072 2486 homo
1098 2432 1278 2487 factus
1307 2434 1401 2488 sit.
1436 2433 1502 2486 Et
1525 2435 1798 2503 quomodo
1821 2451 1993 2502 mors,

2093 601 2176 663 είς
2201 600 2293 653 τὸν
2323 601 2554 671 οὐρανόν
2580 618 2594 631 ·
2620 602 2989 673 καταμάθετε,
3018 603 3102 665 τίς
3125 604 3154 654 6
3182 601 3421 665 τανύσας
3451 602 3617 655 αὐτόν
3642 619 3657 633 ο

2093 692 2179 755 τίς
2210 694 2238 745 6
2260 693 2512 757 ποικίλας
2549 694 2712 747 αὐτὸν
2768 695 2846 765 τῷ
2886 694 3120 766 ἀστρῴῳ
3149 694 3334 762 ἄνθει,
3367 695 3449 758 τίς
3475 697 3503 747 6
3541 694 3662 748 δια-

2094 783 2262 849 τάξας
2289 783 2487 853 δρόμον
2538 788 2856 855 φωστῆρσι,
2908 785 2994 849 τίς
3044 787 3073 839 6
3136 783 3362 855 θέμενος
3406 782 3560 848 τάξιν
3585 782 3665 852 τῷ

2096 876 2260 930 παντὶ
2284 917 2298 942 ,
2327 876 2413 940 τίς
2437 879 2466 931 6
2499 877 2715 948 ἀπείρῳ
2748 879 3031 951 ἐπιστήμῃ
3060 877 3201 931 οὕτω
3226 878 3339 939 τοῖς
3372 878 3538 930 πᾶσιν
3568 876 3665 944 ἁρ-

2099 968 2292 1039 μονίαν
2319 968 2567 1038 θέμενος,
2594 966 2747 1043 δι’ἦς
2774 970 2965 1042 ὥσπερ
2994 969 3327 1041 τεταγμένου
3349 968 3512 1040 χοροῦ
3534 968 3568 1038 ἦ
3602 985 3664 1021 τε

2098 1062 2262 1131 σοφία
2286 1061 2380 1115 τοῦ
2404 1062 2735 1133 Ποιήσαντος
2762 1065 3150 1131 ἀναφωνεῖται,
3183 1063 3278 1116 καὶ
3305 1063 3373 1117 τὰ
3402 1062 3667 1116 κάλλιστα

2099 1153 2325 1206 πλουτεῖ
2351 1152 2658 1223 ἄνθρωπος.
2690 1152 3055 1222 Καταμάθετε
3083 1151 3276 1218 ταῦτα,
3326 1151 3420 1203 καὶ
3456 1148 3670 1211 τούτοις

2098 1243 2497 1307 ἀνανεύσαντες
2519 1243 2619 1314 τῆς
2650 1243 2759 1297 τῶν
2798 1243 3113 1314 κτισμάτων
3160 1241 3426 1304 δουλείας,
3466 1240 3668 1310 μάθετε

2100 1337 2161 1392 τὸ
2197 1337 2341 1407 μέγα
2361 1336 2461 1407 τῆς
2495 1335 2625 1405 περὶ¹
2655 1335 2979 1406 ἀνθρώπους
3002 1333 3320 1403 οἰκονομίας
3368 1332 3671 1402 μυστήριον

2099 1432 2193 1486 τοῦ
2223 1430 2360 1484 Θεοῦ
2386 1471 2402 1496 ,
2434 1429 2555 1494 πῶς
2600 1429 2698 1500 μὲν
2721 1428 2811 1483 διὰ
2844 1426 3117 1497 σωτηρίαν
3165 1424 3481 1496 ἀνθρώπου,
3534 1422 3675 1485 Θεὸς

2102 1521 2391 1591 ἄνθρωπος
2418 1521 2646 1590 γίνεται,
2680 1520 2795 1583 πῶς
2828 1519 2872 1573 δ’
2896 1522 2923 1573 6
2956 1518 3205 1580 θάνατος,
3233 1517 3292 1569 δν
3312 1515 3511 1585 χλεύην
3545 1531 3670 1566 ποι-

2103 1613 2270 1678 εῖσθε,
2307 1611 2453 1681 ζωῆς
2470 1611 2791 1674 αἰτιώτατος
2810 1610 3053 1679 γέγονεν,
3076 1608 3332 1662 ἀσθένεια
3353 1608 3481 1676 ὑμῖν
3502 1606 3672 1671 ἔδοξε,

2102 1705 2185 1767 τὸ,
2212 1703 2602 1775 προσηλῶσθαι
2630 1703 2869 1774 σταυρῷ,
2894 1703 2988 1756 καὶ
3014 1702 3118 1773 μὴν
3150 1703 3361 1771 ἄμαχος
3389 1699 3484 1752 τοῦ
3513 1716 3675 1752 σταυ-

2110 1795 2202 1869 ροῦ
2234 1798 2266 1866 ή
2295 1796 2545 1865 δύναμις.
2584 1795 2739 1865 Ἀμα
2771 1811 2831 1847 τε
2855 1793 2962 1864 γὰρ
2995 1791 3228 1862 σταυρὸς
3259 1791 3550 1858 ἐπεπήγει,
3580 1789 3676 1841 καὶ

2101 1886 2213 1939 τῶν
2235 1886 2365 1956 παρ’
2396 1885 2551 1957 ὑμῶν
2576 1883 2883 1955 σεϐομένων
2907 1882 3222 1953 δαιμονίων,
3246 1880 3306 1944 ἐξ
3334 1878 3543 1933 ἐκείνου
3574 1876 3677 1947 μέ-

2103 1995 2195 2049 χρι
2226 1978 2319 2032 καὶ
2343 1976 2457 2043 νῦν,
2479 1979 2512 2047 ή
2544 1976 2777 2046 δύναμις
2806 1975 3068 2045 ὑπολήγει
3092 1989 3107 2006 ·
3140 1974 3342 2035 ἐκεῖνος
3362 1972 3391 2024 6
3421 1969 3675 2032 θάνατος.

2103 2071 2167 2124 τὸ
2203 2069 2402 2141 πικρὸν
2421 2070 2516 2123 τοῦ
2559 2068 2811 2135 θανάτου,
2835 2068 2916 2132 είς
2945 2065 3262 2137 γλυκύτητα
3294 2064 3677 2134 μετενήνοχεν,

2105 2162 2182 2225 ὡς
2206 2162 2302 2215 καί¹
2323 2160 2418 2215 νῦν
2443 2161 2578 2231 ήμῐν
2622 2156 2734 2214 οἷόν
2760 2177 2814 2214 τι
2867 2159 3043 2228 γλυκὺ
3090 2158 3243 2228 πόμα
3270 2155 3339 2210 δι’
3385 2154 3681 2223 ἐπιθυμίας

2108 2256 2247 2320 ἐστὶ,
2292 2254 2360 2308 δι’
2385 2252 2556 2309 αὐτοῦ
2590 2253 2729 2326 πρὸς
2771 2253 2916 2323 ζωὴν
2949 2252 3394 2322 μεταϐαίνουσιν,
3426 2248 3500 2311 ὡς
3519 2247 3681 2317 εὐερο

2103 2346 2270 2414 γέτην
2297 2346 2675 2415 προσμένομεν
2718 2344 2909 2410 αὐτὸν,
2941 2346 3023 2398 ὅτι
3044 2344 3140 2396 τοῦ
3166 2341 3395 2412 πηλίνου
3440 2337 3683 2411 μετοικί-

2105 2434 2213 2498 ζων
2248 2434 2502 2504 σκήνους,
2531 2438 2612 2498 είς
2635 2434 2735 2498 τὰς
2754 2434 3038 2505 οὐρανίους
3054 2431 3418 2501 ἐγκατοικίζει
3451 2427 3679 2497 σκηνάς.

422 2534 586 2590 quam
631 2538 731 2577 vos
778 2524 963 2579 irrisui
1008 2533 1062 2579 et
1104 2523 1409 2595 despicatui
1460 2526 1695 2593 habetis,
1746 2528 1818 2583 sit
1868 2528 1994 2582 vita:
2021 2541 2212 2583 causa.
2245 2526 2580 2582 lnﬁrmitatis
2611 2527 2730 2581 loco
2760 2526 3019 2591 duxistis,
3077 2526 3223 2596 quod
3277 2523 3428 2579 cruci
3485 2520 3677 2578 aﬂixus

420 2625 529 2672 est.
569 2619 734 2687 Atqui
786 2618 1174 2688 insuperabilis
1217 2628 1302 2676 est
1334 2620 1515 2676 crucis
1560 2622 1759 2678 virtus.
1812 2621 1991 2677 Simul
2022 2631 2187 2693 atque
2216 2624 2361 2678 enim
2393 2637 2530 2676 crux
2564 2620 2668 2675 ﬁxa
2699 2629 2804 2686 est,
2830 2622 2897 2676 ab
2923 2636 2990 2677 eo
3054 2630 3333 2676 momento
3383 2634 3563 2689 usque
3610 2619 3677 2671 ad

423 2726 663 2779 praesens
704 2721 917 2780 tempus
965 2718 1209 2779 potestas
1258 2710 1590 2775 daemonum,
1646 2713 1741 2782 qui
1778 2728 1807 2767 a
1846 2714 2003 2769 vobis
2030 2714 2372 2776 colebantur,
2404 2712 2591 2768 desiit.
2637 2712 2739 2765 llla
2793 2726 2945 2767 mors
3000 2709 3421 2765 amaritudinem
3486 2710 3681 2763 mortis

426 2808 479 2860 in
505 2805 850 2860 dulcedinem
890 2806 1069 2871 vertit,
1096 2820 1220 2875 qua:
1246 2814 1303 2860 et
1335 2822 1482 2861 nunc
1516 2815 1777 2877 tanquam
1833 2809 2093 2879 poculum
2143 2816 2369 2879 gustatu
2402 2808 2560 2863 valde
2596 2806 2926 2877 jucundum,
2987 2804 3148 2860 nobis
3195 2814 3281 2860 est
3334 2806 3388 2859 in
3453 2805 3681 2874 optatis,

426 2908 612 2971 utpote
642 2901 800 2970 cujus
831 2900 1144 2956 interventu
1179 2901 1249 2954 ad
1284 2902 1451 2955 vitam
1489 2902 1816 2967 transimus,
1849 2912 1904 2959 et
1946 2912 2008 2959 ut
2032 2904 2100 2959 de
2151 2904 2309 2958 nobis
2360 2901 2503 2957 bene
2546 2908 2846 2957 merentem
2919 2908 3328 2969 exspectamus,
3403 2897 3531 2968 quia
3614 2910 3686 2952 ex

426 2995 574 3047 luteo
616 2992 967 3048 tabernaculo
1012 2993 1240 3048 eductos
1272 2993 1349 3048 'ad
1391 3002 1628 3050 aeternas
1654 2995 1831 3064 {sedes
1880 2996 2137 3052 traducit.

499 3081 625 3137 Hatc
645 3093 945 3153 martyrum
966 3085 1239 3155 quispiam
1271 3086 1589 3154 prolocutus
1613 3087 1821 3142 invicto
1839 3088 2007 3142 animi

429 3172 648 3237 robore,
695 3166 1015 3242 disert'aque
1054 3181 1107 3228 et
1141 3174 1302 3229 docta
1338 3174 1598 3230 facundia
1628 3177 1843 3247 tyranni
1867 3178 2003 3231 iram

2187 3081 2357 3142 Εἶπέν
2382 3104 2467 3152 τις
2496 3087 2667 3143 ταῦτα
2701 3086 2810 3140 τῶν
2839 3084 3159 3157 μακαρίων,
3195 3080 3430 3151 γενναίῳ
3459 3080 3556 3152 μὲν
3576 3098 3689 3133 παι

2117 3181 2449 3251 ραστήματι,
2480 3178 2690 3249 εὐλάλῳ
2732 3178 2905 3233 δὲκαὶ
2935 3178 3070 3246 σοφῇ
3106 3177 3171 3246 τῇ
3198 3174 3441 3243 γλώσσῃ,
3474 3172 3569 3225 καὶ
3592 3170 3692 3223 τοῦ

430 3264 702 3329 accendit,
738 3264 941 3334 quibus
973 3266 1119 3335 quod
1154 3268 1534 3336 responderet,
1579 3269 1717 3323 nihil
1748 3277 2007 3339 suppete-

2114 3273 2375 3340 τυράννου
2406 3269 2669 3333 ἐξέκαυσε
2726 3268 2818 3321 τὸν
2868 3266 3059 3336 θυμὸν,
3096 3260 3178 3328 οἷς
3231 3264 3523 3355 ἀντειπεῖν,
3553 3261 3685 3355 ἡπό-

432 3355 543 3407 hat.
580 3355 645 3408 Et
677 3354 767 3409 ubi
796 3366 1083 3418 tormenta,
1118 3357 1523 3413 vociferabatur
1550 3358 1574 3412 ?
1614 3359 1715 3416 Ubi
1747 3359 1956 3429 flagella
1989 3360 2013 3413 ?

431 3442 745 3497 Aﬂ‘erantur
788 3452 944 3499 rotae.
993 3445 1407 3502 lnﬂamntentur
1456 3447 1735 3505 fornaces.
1803 3448 1870 3503 Et
1925 3450 2013 3505 his

434 3543 689 3606 tanquam
716 3553 930 3606 aurum,
958 3554 1151 3596 aureas
1178 3557 1306 3598 vere
1329 3542 1552 3611 pietatis
1580 3544 1868 3616 imagines,
1893 3561 2016 3615 pro-

436 3628 659 3682 habant.
714 3629 848 3695 Quis
892 3646 1083 3686 eorum
1144 3633 1200 3687 in
1261 3634 1630 3705 perpetiendis
1672 3638 2013 3693 cruciatibus

433 3721 807 3774 constantiam
858 3732 913 3776 et
957 3724 1308 3779 tolerantiam
1366 3727 1530 3797 digne
1592 3738 1943 3796 repraesentet
1993 3732 2017 3783 ?

438 3807 749 3878 Pracparata
781 3821 933 3865 erant
971 3814 1336 3870 instrumenta
1365 3817 1432 3871 ad
1455 3817 1738 3874 cruciatus
1770 3819 2013 3875 inferen-

436 3899 538 3953 dos
589 3902 861 3970 apposita.
907 3902 974 3957 Et
1007 3904 1130 3960 laeto
1162 3906 1340 3971 vultu,
1381 3908 1544 3977 quasi
1586 3909 1930 3965 medicamen
1961 3920 2016 3965 et

436 3988 681 4045 levamen
727 3993 855 4048 inde
897 3996 1207 4064 percepturi
1254 4007 1460 4066 essent,
1518 3998 1778 4054 lictorum
1820 4015 2015 4057 manus

439 4081 816 4150 intuebantur,
864 4087 1020 4155 quasi
1071 4103 1177 4142 non
1215 4098 1509 4157 tormenta,
1543 4090 1640 4147 scd
1674 4092 2015 4163 voluptatem

439 4174 512 4226 ab
544 4174 679 4242 ipsis
711 4187 1113 4246 exspectarent.
1146 4179 1212 4232 Et
1246 4181 1300 4234 hi
1341 4182 1560 4251 quidem
1593 4182 1660 4237 ad
1690 4198 1817 4240 ossa
1844 4200 2017 4254 usque

438 4279 535 4317 eos
566 4264 853 4321 radebant.
884 4269 951 4320 At
978 4270 1078 4334 illi,
1110 4271 1256 4325 sicut
1282 4273 1482 4340 plantae
1514 4275 1565 4327 in
1592 4274 1868 4343 profundo
1897 4276 2019 4344 pin-

439 4354 725 4425 guefactze,
765 4355 1099 4414 floridiorem
1141 4360 1302 4436 ﬁdem
1340 4364 1723 4417 ostendebant.
1771 4364 2016 4420 Membra

440 4447 551 4499 illis
581 4449 966 4516 amputabant;
998 4459 1053 4505 at
1084 4463 1354 4523 martyres
1390 4454 1579 4509 laudes
1618 4455 1729 4509 Deo
1758 4456 2016 4520 decanta-

440 4537 592 4599 bant,
634 4546 687 4590 et
736 4537 863 4605 quia
910 4539 1207 4609 impietatis
1256 4542 1488 4614 caligine
1524 4544 1850 4623 circumfusi
1906 4562 2015 4601 non

2120 3380 2224 3436 ρει.
2256 3363 2365 3415 Καὶ⁵
2391 3360 2492 3414 ποῦ
2521 3363 2577 3415 αἱ
2615 3359 2997 3432 στρεϐλώσεις,
3032 3357 3194 3422 ἐϐόας
3232 3354 3342 3410 Ποῦ
3382 3354 3439 3407 δὲ
3473 3354 3529 3406 αί
3581 3353 3689 3422 μά-

2120 3470 2338 3523 στιγεςς
2380 3452 2729 3524 Ἀχθήτωσαν
2760 3451 2818 3504 δὲ
2871 3450 2922 3503 οί
2964 3449 3168 3521 τροχοὶ,
3191 3443 3607 3511 ἐξαπτέσθωσάν
3632 3460 3691 3496 τε

2120 3546 2215 3600 καὶ
2239 3547 2297 3599 αί
2337 3545 2581 3614 κάμινοι,
2620 3544 2717 3597 καὶ
2763 3541 2976 3605 τούτοις
3016 3539 3259 3611 ὡσπερεὶ
3301 3538 3523 3610 χρυσὸν,
3566 3536 3692 3599 τοὺς

2119 3636 2354 3708 χρυσοῦς
2384 3636 2552 3700 ὅντως
2576 3635 2900 3706 ἀνδριάντας
2924 3636 3022 3704 τῆς
3046 3632 3325 3694 εὐσεϐείας
3349 3628 3691 3700 ἐδοκίμαζον.

2120 3728 2219 3790 Τίς
2245 3727 2343 3798 τὴν
2383 3727 2520 3798 πρὸς
2568 3728 2639 3780 τά
2667 3726 2816 3780 δεινά
2865 3724 3166 3796 καρτερίαν
3208 3723 3388 3777 αὐτῶν
3420 3721 3689 3791 παραστήο

2123 3834 2240 3885 σει;
2277 3818 2615 3886 Εὐτρέπιστο
2645 3818 2715 3870 τὰ
2751 3816 3151 3886 βασανιστήρια
3198 3813 3433 3885 ὄργανα,
3456 3812 3549 3864 καὶ
3576 3811 3683 3879 χαί-

2123 3928 2270 3981 ροντι
2303 3909 2606 3981 προσώπῳ,
2636 3909 2887 3981 καθάπερ
2918 3906 3057 3977 πρὸς
3091 3905 3391 3977 θεραπείαν
3440 3903 3542 3965 τὰς
3580 3900 3689 3954 τῶν

2120 4003 2329 4073 δημίων
2376 4003 2565 4073 χεῖρας
2607 4001 2938 4065 ἀπέϐλεπον,
2973 3999 3162 4070 ὥσπερ
3225 3998 3286 4050 ού
3343 3996 3525 4058 πόνου,
3577 3991 3691 4045 αλλ’

2120 4093 2317 4164 ήδονῆς
2358 4090 2420 4156 ἐξ
2464 4092 2647 4145 αὐτῶν
2683 4090 2851 4160 οὔσης
2894 4088 3287 4161 προσδοκίμου.
3344 4086 3455 4140 Καὶ
3499 4084 3549 4137 οί
3596 4084 3695 4151 μὲν

2121 4184 2268 4249 ἔξεον
2302 4184 2495 4254 μέχρις
2517 4182 2738 4238 ὀστέων.
2773 4183 2837 4237 OE
2870 4180 2947 4246 δὲ,
2977 4180 3164 4250 ὥσπερ
3192 4177 3337 4247 φυτά
3366 4175 3508 4230 κατά
3531 4173 3695 4244 βάθος

2122 4278 2471 4346 πιαινόμενα,
2535 4274 2933 4343 εύανθεστέραν
2991 4270 3089 4343 τὴν
3155 4270 3342 4323 πίστιν
3396 4267 3693 4321 ἐδείκνυον.

2135 4366 2459 4435 Ἀπέκειρον
2484 4364 2554 4417 τὰ
2583 4364 2744 4434 μέλη.
2781 4364 2848 4415 Οἱ
2877 4362 2934 4415 δέ
2954 4361 3054 4432 τὴν
3091 4361 3170 4423 είς
3196 4359 3329 4412 Θεὸν
3365 4355 3696 4423 δοξολογίαν,

2124 4458 2376 4527 καθάπερ
2429 4456 2675 4527 καρποὺς
2705 4454 3067 4523 ἀναφέροντες
3094 4494 3108 4519 ,
3154 4447 3234 4515 οἷς
3260 4452 3289 4503 6
3313 4452 3414 4520 τῆς
3443 4448 3698 4508 ἀσεϐείας

2123 4550 2223 4604 οὐκ
2261 4549 2547 4602 ἐπεσκότει
2578 4550 2798 4617 γνόφος,
2833 4546 3155 4617 ὼραιότεροι
3182 4543 3552 4627 ἀνεφαίνοντο.
3596 4539 3697 4593 Καὶ

440 4636 619 4694 erant,
665 4630 1030 4699 speciosiores
1079 4642 1132 4686 et
1173 4632 1497 4703 fulgidiores
1547 4640 1900 4705 apparebant.
1934 4639 2010 4693 Illi

2125 4644 2173 4697 οί
2220 4643 2317 4713 μὲν
2346 4641 2746 4711 διεσπάρασσον
2790 4638 3005 4701 δνυξιν·
3066 4638 3114 4688 οί
3150 4635 3194 4689 δ’
3230 4635 3438 4703 ελεγον,
3486 4633 3694 4686 Λεπτύ-

441 4723 659 4790 ungulis
693 4723 1031 4778 lacerabant.
1057 4724 1151 4778 lsti
1174 4741 1303 4780 vero
1332 4728 1643 4783 clamabant
1674 4747 1686 4782 :
1718 4729 2022 4787 Extenuate

442 4813 627 4867 carnis
662 4815 884 4882 molem,
934 4825 983 4870 et
1033 4819 1191 4885 quasi
1235 4819 1501 4883 tunicam,
1545 4836 1704 4887 quam
1737 4834 2018 4890 peccatum

443 4920 686 4960 crassam
711 4908 911 4961 ell‘ccit.
934 4908 1246 4964 Abradatur
1270 4911 1357 4965 his
1382 4912 1762 4970 instrumentis
1791 4918 2019 4982 malitia,

441 5012 551 5065 qua
578 4998 765 5053 divino
796 5002 948 5070 operi
995 5003 1267 5073 malignus
1299 5006 1506 5059 nocuit.
1547 5005 1704 5062 Nunc
1737 5008 1866 5063 dum
1897 5024 2022 5065 ossa

445 5103 614 5144 carne
662 5089 964 5157 nudantur,
1006 5095 1192 5149 tunica
1234 5095 1350 5161 illa,
1391 5111 1499 5165 qua
1542 5098 1611 5151 ab
1650 5098 1809 5153 initio
1848 5100 2024 5157 induti

445 5198 685 5247 eramus,
720 5184 882 5240 nobis
927 5185 1114 5257 denuo.
1151 5196 1515 5259 praeparetur.
1542 5190 1714 5245 'Nunc
1747 5192 1905 5247 beata
1941 5195 2030 5249 illa

447 5277 774 5333 constitutio
840 5285 895 5332 et
958 5277 1252 5349 habitudo,
1310 5298 1475 5352 quam
1551 5299 1649 5352 per
1696 5286 2027 5356 voluptatem

448 5369 750 5435 amisimus,
788 5369 844 5424 in
880 5370 1005 5434 hac,
1036 5387 1157 5442 quae
1182 5374 1339 5428 vobis
1368 5376 1602 5441 videtur,
1629 5356 2026 5434 tormentorum

451 5460 752 5515 acerbitate
784 5462 943 5517 nobis
976 5463 1311 5518 restituitur.
1341 5465 1488 5532 Quas
1526 5470 1707 5538 regias
1729 5471 2024 5541 dignitates

452 5555 508 5600 et
531 5564 663 5617 opes
680 5551 1044 5610 libentissime
1069 5571 1178 5611 non
1201 5556 1443 5613 insumat
1463 5560 1587 5629 quis
1612 5570 1667 5614 et
1706 5563 2021 5631 profundat,

454 5646 515 5687 ut
560 5640 705 5694 hunc
750 5650 859 5696 tam
903 5644 1115 5700 felicem
1159 5657 1361 5703 statum
1416 5661 1705 5720 recuperet
1742 5654 1764 5704 ?
1798 5657 1867 5708 At
1924 5655 2026 5709 hac

455 5727 651 5794 exigua
695 5736 945 5805 corporis
977 5738 1124 5794 velut
1152 5757 1413 5812 expensa,
1455 5753 1509 5798 et
1542 5744 1789 5814 impensa
1839 5746 2023 5801 divina

456 5816 549 5870 illa
573 5816 809 5887 dignitas
840 5824 1103 5882 redditur.
1137 5832 1279 5895 Quin
1307 5836 1487 5898 potius
1522 5850 1699 5901 neque
1726 5853 2021 5902 expensam

2126 4751 2255 4787 νατε
2287 4734 2381 4786 τὸν
2411 4733 2511 4802 τῆς
2546 4730 2748 4801 σαρκὸς
2788 4728 3012 4799 χιτῶνα,
3047 4727 3106 4779 ὃν
3145 4728 3179 4794 ἡ
3217 4725 3463 4795 ἁμαρτία
3488 4723 3699 4791 ἐπάχν-

2126 4844 2236 4879 νεν,
2280 4822 2613 4888 Ἀποξεέσθω
2646 4821 2737 4874 διὰ
2764 4820 2971 4873 τούτων
3001 4820 3191 4882 κακία,
3296 4821 3323 4870 6
3368 4815 3602 4886 πονηρὸς
3623 4812 3701 4883 τῷ

2126 4918 2559 4989 θείῳὺφάσματι
2591 4915 2917 4984 ἐλυμήνατο.
2975 4912 3089 4965 Νῦν
3137 4912 3293 4979 ἡμῖν,
3327 4908 3395 4961 δι’
3442 4899 3517 4960 ὧν
3567 4906 3701 4958 ἀπο-

2125 5010 2457 5080 γυμνοῦνται
2495 5009 2594 5077 τῆς
2627 5005 2827 5077 σαρκὸς
2849 5005 2917 5058 τὰ
2946 5005 3101 5064 ὀστᾶ,
3132 5003 3297 5074 χιτὼν
3322 5004 3527 5063 ἐκεῖνος
3554 5000 3581 5051 ὁ
3606 4999 3702 5052 ἀπ’

2128 5104 2305 5174 ἀρχῆς
2374 5099 2747 5171 ἐτοιμάξεται.
2799 5098 2914 5153 Νῦν
2979 5099 3112 5167 ήμϊν
3166 5097 3227 5149 τὸ
3285 5096 3556 5165 μακάριον
3604 5092 3703 5161 τῆς

2129 5192 2363 5258 εὐεξίας,
2417 5190 2446 5242 6
2477 5190 2544 5242 δι’
2598 5189 2792 5258 ἡδονῆς
2837 5188 3223 5255 ἀπωλέσαμεν,
3265 5187 3323 5237 ἐν
3369 5186 3437 5254 τῇ
3472 5180 3703 5250 δοκούσῃ

2129 5286 2421 5355 πικρότητι
2454 5283 2563 5335 τῶν
2587 5282 2833 5351 βασάνων
2873 5280 3330 5333 ἀποκαθίσταται.
3361 5277 3510 5329 Πόσα
3536 5273 3601 5327 ἄν
3622 5291 3705 5336 τις,

2127 5376 2403 5447 βασιλείας
2429 5374 2704 5436 ἀπολέσας
2734 5373 3045 5441 ἀξιώματα,
3094 5371 3264 5441 ήδέως
3301 5369 3576 5422 ἀνάλωσεν
3618 5367 3706 5430 ἂν,

2126 5469 2214 5520 ἵνα
2256 5467 2415 5520 τοῦτο
2462 5466 2624 5519 πάλιν
2672 5465 3044 5534 ἀνακτήσηται
3070 5482 3085 5529 ;
3113 5462 3227 5516 Νῦν
3265 5463 3398 5531 ἡμῖν
3442 5461 3504 5513 τὸ
3564 5459 3708 5511 θεῖοι

2132 5559 2350 5626 ἀξίωμα
2401 5559 2467 5628 τῇ
2501 5557 2660 5629 ὀλίγῃ
2718 5555 2890 5628 ταύτῃ
2954 5553 3222 5608 ἀναλώσει
3284 5550 3380 5603 τοῦ
3433 5548 3707 5615 σώματος,

2130 5650 2460 5714 ἀποδίδοται,
2500 5650 2699 5719 μᾶλλον
2747 5647 2805 5702 δὲ
2835 5647 2957 5699 οὐδὲ
3015 5645 3285 5706 ἀνάλωσις
3319 5640 3478 5694 τοῦτό
3532 5641 3703 5702 ἐστιν,

2133 5744 2247 5798 ἀλλ’
2297 5738 2409 5795 οἷον
2452 5741 2629 5812 σπορά
2669 5758 2777 5808 τις,
2831 5738 3219 5807 εὐανθέστερον
3252 5736 3386 5804 ήμῑν
3436 5732 3497 5785 τὸ
3543 5729 3706 5798 σῶμα

2133 5835 2485 5903 προΐσχουσα.
2542 5831 2608 5887 Τί
2652 5830 2794 5901 μέγα
2844 5828 3133 5890 τοσαύταις
3186 5824 3490 5895 ἐνεργείαις
3531 5837 3707 5875 κατα-
