4072 6456
449 335 548 397 187

1665 330 1937 391 LEONIS
1964 325 2424 388 PIIILOSOPHI

3594 323 3697 386 188

445 443 679 499 Domino
711 458 812 499 suo
836 444 1113 499 cruciatus
1134 448 1475 512 paterentur.
1506 441 1609 495 Alii
1635 452 1790 494 metae
1819 441 2010 502 instar1

2124 437 2404 504 στεφάνων
2439 435 2641 505 μείζων
2675 434 2709 503 ἡ
2733 432 3050 497 ἀπόλαυσις.
3082 431 3201 485 Ὀτι
3228 431 3309 502 τῷ
3331 431 3502 502 ὁμοίῳ
3531 434 3695 488 πάθει

442 536 677 606 impuris
698 535 968 596 manibus,
987 549 1083 604 per
1104 534 1411 590 castissima
1434 548 1665 603 corpora
1683 533 1808 589 telis
1834 540 2020 586 trans-

439 630 752 711 figebantur
782 645 797 692 ;
843 635 897 683 et
942 628 1263 682 vulneribus
1301 626 1426 681 inde
1458 627 1719 695 acceptis.
1756 634 2019 695 tanquam

445 721 700 791 pretiosis
716 719 990 789 lapidibus
1008 720 1294 789 conspicui
1313 719 1736 773 decorabantur.
1753 717 2022 783 Quorum-

443 810 567 863 dam
606 810 894 880 suppliciis
943 813 1164 881 tyranni
1201 810 1412 878 fatigati
1458 824 1554 880 spe
1594 809 1744 863 omni
1781 808 2016 877 abjecta,

442 908 748 967 creaturas,
779 918 918 972 quas
951 902 1229 965 colebant,
1262 901 1330 955 ad
1363 914 1459 955 eos
1494 898 1802 969 puniendos
1843 912 2022 951 arma-

443 993 595 1057 bant,
640 1003 697 1049 et
743 996 882 1051 alios
929 995 1146 1066 quidem
1188 994 1374 1059 undis,
1410 995 1545 1049 alios
1590 993 1844 1057 flammis,
1880 993 2020 1047 alios

444 1083 623 1153 gelido
668 1083 859 1155 frigori
897 1084 1241 1139 tradiderunt
1285 1092 1341 1139 et
1378 1091 1773 1154 exposuerunt.
1820 1082 2017 1137 Verum

443 1176 559 1230 hate
586 1177 760 1247 magis
788 1192 884 1231 eos
918 1189 1280 1246 agnoverunt,
1313 1192 1479 1246 quam
1506 1176 1606 1230 illi.
1636 1176 2023 1247 Agnoscehant

441 1268 586 1322 enim
610 1283 727 1333 eos,
750 1268 843 1337 qui
867 1268 1182 1324 Creatorem
1207 1268 1570 1333 honorabant,
1592 1276 1645 1323 et
1672 1268 1792 1337 plus
1816 1266 2021 1328 cultus,

441 1373 607 1427 quam
650 1358 910 1413 molestia:
952 1359 1275 1413 attulerunt.
1320 1356 1455 1411 Nam
1498 1357 1639 1428 ignis
1685 1357 1878 1411 crebro
1925 1370 2021 1410 eos

442 1450 537 1519 qui
590 1450 1027 1505 circumstabant
1088 1450 1407 1515 absumens,
1457 1450 1769 1505 veneranda
1827 1462 2020 1503 eorum

443 1555 675 1610 corpora
705 1541 910 1596 intacta
938 1541 1303 1597 conservavit.
1328 1542 1485 1607 Quod
1514 1557 1645 1598 vero
1673 1542 1854 1617 anima
1888 1556 2019 1595 evo-

445 1631 606 1693 taret,
631 1631 685 1687 id
717 1647 826 1685 non
858 1632 1000 1701 ignis
1035 1632 1304 1701 supplicio
1335 1632 1721 1687 ascribendum
1750 1645 1893 1697 erat,
1922 1633 2020 1690 sed

445 1721 673 1791 majoris
718 1722 1003 1791 cujusdam
1037 1723 1336 1777 voluntatis
1362 1731 1417 1777 et
1462 1724 1705 1790 virtutis,
1737 1739 1857 1793 quae
1898 1740 2017 1779 eam

442 1812 775 1882 excipiebat.
810 1811 1036 1881 Hocque
1068 1812 1418 1868 manifestum
1453 1821 1635 1880 est,et
1667 1814 1853 1869 videre
1880 1830 2020 1869 non-

2124 527 2492 596 ὑπεϐέϐληντο
2528 526 2622 579 τοῦ
2668 525 2961 580 Δεσπότου.
2996 524 3237 594 Ἕτεροι,
3275 522 3524 594 καθάπερ
3566 541 3696 576 σκο-

2122 622 2226 684 πὸς
2274 622 2463 691 χερσὶν
2506 619 2779 687 ἀνάγνοις,
2821 618 2887 672 τά
2920 617 3189 685 ἁγνότατα
3238 615 3467 687 σώματα
3514 616 3695 687 βέλεσι

2120 712 2476 784 διεπείροντο,
2517 711 2611 765 καὶ
2651 715 2763 774 τοῖς
2812 711 3019 764 ἐκεῖθεν
3060 711 3387 781 τραύμασιν,
3414 712 3490 774 ὼς
3529 711 3696 776 λίθοις

2124 804 2441 874 πολυτίμοις
2490 803 2986 873 περιανθιξόμενοι,
3030 802 3347 874 ὠραῖζοντο.
3384 804 3509 866 Τοῖς
3544 804 3599 856 δὲ
3646 806 3694 857 oi

2122 896 2374 968 τύραννοι
2403 896 2540 966 πρὸς
2568 896 2664 958 τὰς
2695 895 2963 964 βασάνους
2990 893 3446 964 ἀπαγορεύοντες,
3480 894 3545 963 ἢν
3576 894 3698 949 ἐλά-

2121 1004 2313 1055 τρευον
2338 986 2514 1039 κτίσιν
2548 986 2683 1055 πρὸς
2704 985 2975 1055 τιμωρίαν
3001 982 3314 1048 ἐξώπλιζον.
3346 984 3454 1035 Καὶ
3482 982 3575 1047 οὒς
3599 984 3697 1053 μὲν

2125 1078 2298 1140 ὕδατι,
2331 1076 2424 1141 οὓς
2449 1077 2507 1129 δὲ
2536 1076 2692 1147 πυρὶ,
2748 1075 2844 1129 καὶ
2885 1076 3102 1146 ἐτέρους
3138 1075 3333 1145 αἰθρίῳ
3366 1074 3524 1146 κρύει
3558 1093 3699 1146 παρ-

2134 1168 2399 1221 εδίδοσαν.
2454 1166 2593 1219 Ἀλλ’
2621 1162 2689 1237 ἦν
2717 1167 2941 1220 ἐκείνων
2977 1166 3145 1219 ταῦτα
3181 1165 3379 1237 μᾶλλον
3406 1165 3696 1235 συναίσθη-

2124 1279 2208 1314 σιν
2269 1262 2479 1330 ἔχοντα.
2536 1260 2903 1328 Ἐπεγίνωσκε
2949 1259 3054 1330 γὰρ
3108 1261 3235 1323 τοὺς
3279 1260 3558 1329 τιμῶντας
3603 1262 3699 1311 τὴν

2128 1353 2389 1422 Κτίστην,
2419 1353 2514 1406 καὶ⁹
2538 1352 2698 1404 πλέον
2741 1351 2926 1421 ἐτίμα,
2966 1351 2999 1421 ἢ
3046 1350 3353 1422 κατετόλμα
3387 1353 3596 1407 λυπεῖν.
3623 1354 3699 1405 Τὸ

2128 1444 2225 1513 μὲν
2274 1444 2381 1515 γάρ
2422 1444 2533 1514 πῦρ
2582 1442 2841 1506 πολλάκις
2878 1444 3003 1506 τοὺς
3051 1441 3156 1507 ἔξω
3203 1443 3697 1513 καταϐοσκόμενον,

2123 1535 2301 1588 αὐτῶν
2333 1535 2398 1589 τά
2433 1535 2704 1605 σεϐάσμια
2741 1533 2969 1604 σώματα
2999 1535 3234 1605 ἀκέραια
3259 1535 3598 1603 διεφύλαττε.
3626 1537 3699 1588 Τὸ

2123 1627 2177 1680 δὲ
2210 1629 2474 1699 ἐκπτῆναι
2521 1627 2618 1699 τὴν
2652 1625 2849 1697 ψυχὴν,
2915 1626 3014 1679 οὐκ
3056 1622 3123 1697 ἦν
3156 1627 3253 1697 τῆς
3295 1626 3389 1679 τοῦ
3419 1627 3589 1698 πυρὸς
3615 1644 3698 1679 τι·

2128 1721 2358 1790 μωρίας,
2388 1719 2524 1773 ἀλλὰ
2564 1719 2665 1789 τῆς
2704 1718 3135 1787 ὑποδεδεγμένης
3182 1719 3353 1788 αὐτὴν
3380 1719 3475 1772 τοῦ
3518 1719 3700 1790 κρείτ-

2124 1829 2273 1875 τονος
2304 1812 2568 1875 εὐδοκίας.
2602 1811 2713 1865 Καὶ
2743 1806 2897 1863 τοῦτο
2950 1810 3105 1879 δῆλον
3145 1810 3236 1879 ἀφ’
3264 1804 3339 1864 ὧν
3385 1812 3555 1863 ἐνίοτε
3597 1810 3700 1881 τὴν

443 1919 722 1973 nunqnam
770 1912 908 1968 erat,
960 1913 1170 1959 vestem
1228 1905 1373 1958 illam
1428 1915 1728 1977 martyrum
1770 1907 2010 1972 illaesam,

2124 1905 2468 1977 μαρτυρικὴν
2498 1906 2721 1975 ἐσθῆτα,
2741 1904 2929 1974 ῶσπερ
2957 1906 3013 1957 ἐν
3042 1903 3299 1973 κιϐωτίῳ,
3329 1904 3475 1958 σώαν
3499 1899 3567 1977 ἦν
3596 1923 3699 1958 κα-

441 1996 598 2064 quasi
650 1996 705 2050 in
754 2010 880 2049 arca
928 1996 1227 2059 conditam,
1257 2004 1311 2051 et
1354 1998 1516 2066 quasi
1564 2013 1672 2052 non
1718 1998 1917 2054 fuisset
1962 2001 2010 2054 in

2122 1996 2308 2067 θορᾷν,
2364 1996 2478 2050 ἀλλ’
2526 1998 2626 2049 οὐκ
2655 1999 2713 2049 ἐν
2756 1996 2915 2064 φλογὶ
2960 1995 3217 2066 καμίνου,
3270 1997 3470 2059 παντὸς
3521 1998 3698 2067 ίχνονς

438 2086 682 2150 flamma,
712 2088 781 2141 ab
809 2087 955 2141 omni
991 2086 1130 2155 ignis
1156 2088 1384 2158 vestigio
1410 2085 1570 2158 plane
1601 2088 1921 2145 immunem.
1950 2090 2010 2145 At

2122 2088 2292 2158 πυρὸς
2315 2087 2523 2156 ἀπαθῆ,
2559 2089 2592 2157 ἡ
2615 2088 2669 2139 δὲ
2708 2087 2848 2158 ὑγρά
2872 2087 2965 2139 τοῦ
2997 2086 3185 2151 ὓδατος
3215 2086 3394 2155 φύσις,
3432 2088 3699 2158 θεραπευ-

443 2192 571 2231 vero
611 2177 833 2231 humida
881 2194 1037 2248 aquae
1072 2186 1270 2232 natura
1303 2179 1497 2233 iisdem
1534 2182 1869 2253 martyribus
1916 2184 2010 2237 mi-

2119 2180 2289 2240 τικῶς
2317 2179 2488 2233 ἐδίδου
2535 2179 2601 2232 τά
2631 2179 2795 2235 νῶτα.
2831 2180 2955 2242 Τοῖς
3007 2178 3106 2249 μὲν
3134 2179 3241 2249 γάρ
3277 2178 3375 2248 τὴν
3424 2180 3699 2250 μακαρίαν

439 2269 731 2325 nisterium
785 2284 948 2325 suum
1006 2286 1116 2325 non
1170 2271 1496 2341 denegabat.
1551 2270 1845 2331 Nonnullis
1874 2276 2010 2331 enim

2119 2269 2296 2341 ψυχὴν
2326 2268 2725 2341 παραθεμένοις
2756 2267 2894 2337 Θεῷ,
2924 2267 3180 2339 στρωμνὴ
3198 2266 3548 2331 ἀπολαύσεως
3572 2269 3697 2335 ἐγέ-

440 2376 566 2415 cum
598 2362 812 2415 beatam
855 2362 1093 2415 animam
1130 2363 1241 2417 Deo
1284 2363 1660 2430 tradidissent,
1693 2374 1812 2419 erat
1862 2368 2010 2423 strati

2122 2380 2262 2428 νετο,
2289 2361 2397 2416 τῶν
2429 2362 2636 2433 μυρίων
2653 2360 2847 2423 αὐτοὺς
2861 2360 3119 2430 καμάτων
3140 2358 3380 2428 ὡσπερεὶ
3403 2359 3697 2413 διαναπαύ-

441 2452 636 2523 instar,
658 2453 712 2506 in
735 2468 843 2522 quo
862 2456 1292 2522 requiescerent,
1314 2463 1368 2507 et
1396 2455 1463 2508 ab
1488 2455 1717 2509 infinitis
1742 2456 2010 2513 laboribus

2119 2472 2274 2508 ουσα.
2307 2454 2432 2517 Τοῖς
2461 2454 2517 2506 δὲ
2551 2453 2630 2505 ἐτι
2673 2452 3185 2522 διαπεραιουμένοις
3230 2454 3328 2522 τὴν
3364 2452 3530 2523 ζωὴν,
3579 2452 3695 2515 ὁδός

442 2545 797 2615 respirarent.
814 2543 949 2599 Aliis
975 2552 1181 2609 autem,
1205 2548 1297 2614 qui
1323 2545 1490 2600 vitam
1515 2544 1695 2600 adhuc
1716 2549 2018 2615 agitabant,

444 2637 663 2706 planam
685 2644 740 2690 et
765 2637 944 2690 omnis
967 2636 1230 2691 molestiae
1252 2644 1531 2706 expertem
1558 2636 1700 2691 viam
1724 2640 2018 2707 praebebat.

441 2729 502 2782 In
530 2728 677 2781 hunc
700 2728 922 2783 modum
949 2728 1156 2792 omnia,
1186 2726 1433 2781 miranda
1461 2728 1784 2793 mutatione,
1816 2730 2021 2785 sanctis

442 2819 871 2874 famulabantnr.
917 2820 988 2873 At
1015 2819 1289 2889 quomodo
1328 2827 1600 2890 martyres
1632 2819 1698 2874 ad
1742 2821 1856 2875 haec
1899 2821 2017 2877 adi-

442 2912 573 2965 bant
599 2912 621 2964 ?
648 2910 932 2977 Videlicet,
960 2919 1020 2964 ut
1048 2913 1102 2965 in
1127 2912 1559 2981 incorruptionis
1588 2914 1891 2976 lavacrum,
1910 2915 2017 2969 lani

2119 2563 2204 2607 τις
2242 2545 2381 2610 λεία,
2418 2545 2512 2599 καὶ
2565 2544 2731 2615 μηδὲν
2765 2545 3020 2597 ἐπίπονον
3070 2544 3335 2614 φέρουσα.
3378 2544 3516 2597 Ἀλλ’
3555 2543 3689 2598 οὕτω

2122 2638 2222 2707 μὲν
2261 2636 2437 2689 ταῦτα
2479 2638 2820 2706 μετεποιεῖτο
2866 2637 2946 2699 είς
3000 2634 3295 2704 θεραπείαν
3343 2636 3451 2689 τῶν
3498 2636 3687 2702 ἁγίων.

2120 2728 2247 2791 Πῶς
2276 2729 2334 2781 δὲ
2371 2729 2421 2781 οί
2473 2727 2749 2798 μάρτυρες
2779 2727 2915 2796 πρὸς
2961 2726 3134 2779 ταῦτα
3182 2727 3461 2799 ἐχώρουν;
3505 2728 3692 2798 ῶσπερ

2118 2821 2198 2881 εἰς
2224 2818 2532 2889 ἀφθαρσίας
2578 2817 2822 2889 λουτρὸν,
2864 2817 3080 2887 φαιδροὶ
3124 2818 3261 2888 πρὸς
3297 2818 3358 2870 τὸ
3401 2818 3542 2889 ὓδωρ
3582 2821 3691 2871 etcr-

2127 2914 2315 2986 ῄεσαν,
2341 2913 2415 2976 ὡς
2445 2914 2524 2977 είς
2544 2912 2840 2975 παστάδας,
2872 2911 2967 2972 τάς
2999 2911 3261 2981 καμίνους
3284 2911 3577 2974 ἐνέϐαινον,
3598 2910 3693 2963 καὶ

441 3001 497 3055 in
548 3002 723 3057 undas
758 3002 1229 3073 ingrediebantur,
1270 3010 1325 3057 et
1374 3004 1431 3057 in
1464 3003 1739 3068 fornaces,
1766 3006 1925 3075 quasi
1960 3007 2010 3060 in

2117 3006 2197 3076 τῷ
2242 3005 2437 3077 αἰθρίῳ
2466 3004 2643 3073 κρύει,
2687 3004 2761 3068 ὡς
2824 3003 2993 3075 ἱλαρῷ
3031 3002 3450 3074 ἐπαυριζόμενοι
3492 3002 3692 3071 ἐγεγά-

441 3092 709 3150 thalamos
741 3108 802 3150 se
825 3093 1151 3158 inferebant,
1185 3105 1241 3149 et
1273 3095 1449 3167 rigido
1475 3097 1619 3168 gelu,
1642 3098 1787 3153 velut
1816 3100 2015 3170 jucun-

441 3184 672 3239 dissima
706 3198 839 3239 aura
871 3186 1283 3240 recreabantur.

510 3275 660 3329 Talis
697 3274 1024 3329 invictorum
1057 3276 1300 3346 pugilum
1329 3287 1449 3331 crat
1486 3279 1722 3346 species.
1760 3276 1874 3333 Hac
1924 3296 2014 3335 ra-

437 3368 589 3422 tione
623 3368 826 3432 omnia,
855 3383 975 3439 quaa
1023 3368 1262 3422 terrifica
1308 3368 1656 3435 videbantur,
1689 3371 2011 3428 irridebant.

438 3459 556 3515 Hoc
576 3459 740 3514 modo
756 3474 1021 3530 generose
1051 3459 1238 3530 fugato
1265 3475 1478 3526 errore,
1501 3462 1717 3530 pietatis
1745 3471 2013 3533 tropaeum

436 3562 752 3613 erexerunt,
810 3550 1041 3620 abiectis
1094 3553 1351 3607 omnibus
1406 3553 1570 3622 hujus
1604 3554 2015 3612 vitae'oblecta-

440 3645 662 3706 mentis,
696 3652 751 3697 et
785 3656 946 3697 exuta
968 3644 1117 3698 omni
1142 3653 1350 3700 naturae
1374 3647 1722 3713 necessitate,
1754 3649 1811 3704 in
1841 3651 2013 3706 solam

437 3743 666 3790 mortem
706 3750 806 3805 pro
836 3735 1058 3791 Christo
1101 3738 1402 3791 obeundam
1436 3740 1655 3794 intenti.
1703 3741 2014 3797 Mactaban-

433 3837 549 3889 tur,
581 3834 636 3881 et
658 3827 751 3895 qui
781 3826 1111 3892 mactabant,
1147 3826 1437 3883 cadebant.
1485 3828 1843 3898 Ligabantur,
1889 3847 2012 3889 eos-

438 3932 547 3987 que
568 3917 661 3986 qui
712 3916 954 3986 ligabant
997 3916 1145 3970 omni
1177 3916 1372 3987 agendi
1405 3914 1725 3973 emcacitate
1746 3917 2011 3973 destitue-

434 4008 586 4063 bant.
623 4008 1087 4081 Flagellabantur,
1134 4016 1189 4063 et
1248 4008 1406 4063 dolor
1448 4024 1542 4065 eos
1582 4010 1676 4080 qui
1706 4012 2008 4077 credebant,

431 4100 739 4154 cruciabat.
774 4098 1092 4155 Tormentis
1146 4099 1521 4169 excogitandis
1558 4101 1883 4157 deﬁciebant
1913 4113 1999 4176 ty-

434 4191 612 4244 ranni.
654 4190 1114 4245 Emarcescebant
1142 4191 1403 4245 lictorum
1436 4207 1653 4258 manus,
1681 4202 1737 4248 et
1767 4194 1886 4262 ipso
1914 4211 2008 4249 su-

432 4282 565 4337 dore
584 4296 685 4337 suo
709 4281 1096 4349 speciosiorem
1125 4280 1478 4337 reddiderunt
1493 4282 1715 4352 pietatis
1745 4286 2004 4354 speciem.

2114 3115 2282 3153 νωντο
2312 3098 2603 3168 πνεύματι.

2189 3280 2424 3349 Τοιαύτη
2460 3281 2494 3351 ἡ
2520 3280 2630 3333 τῶν
2662 3281 2946 3351 ἀηττήτων
2978 3280 3320 3349 παράστασις
3348 3278 3689 3349 ἀγωνιστῶν,

2114 3372 2286 3437 οὕτως
2331 3373 2589 3427 ἁπάντων
2631 3372 2878 3443 φοϐερῶν
2924 3373 3265 3439 κατεγέλων·
3318 3370 3460 3424 οὕτω
3514 3389 3689 3425 νεανιο

2114 3467 2227 3531 κῶς
2253 3466 2614 3537 τροπούμενοι
2646 3466 2743 3536 τὴν
2777 3466 3005 3537 πλάνην,
3036 3466 3096 3518 τὸ
3133 3466 3234 3534 τῆς
3288 3464 3567 3529 εὐσεϐείας
3596 3467 3689 3519 ἀν⁹

2121 3558 2285 3612 ίστων
2342 3558 2633 3629 τρόπαιον,
2696 3557 2910 3611 ἅπαντα
2973 3557 3227 3628 ῥίψαντες
3284 3557 3398 3626 βίου
3446 3557 3688 3629 τερπνὰ,

2114 3650 2332 3705 ἃπασαν
2379 3650 2623 3719 ἀνάγκην
2694 3648 2909 3717 φύσεως
2968 3648 3323 3717 ἀποθέμενοι,
3376 3649 3469 3702 καὶ
3529 3648 3686 3718 μόνον

2114 3742 2207 3796 τοῦ
2275 3742 2415 3812 ὑπὲρ
2482 3742 2718 3813 Χριστοῦ
2782 3742 2961 3796 θανεῖν
3023 3742 3394 3812 ἀντεχόμενοι.
3457 3742 3677 3809 Ἐσφάτ-

2112 3851 2284 3901 τοντο,
2326 3835 2419 3887 καὶ
2449 3835 2772 3903 σφάττοντες
2801 3833 3047 3888 ἔπιπτον.
3074 3833 3449 3903 Ἐδεσμοῦντο,
3476 3836 3567 3887 καὶ
3593 3834 3675 3885 ἀν-

2113 3927 2440 3997 ενεργήτους
2487 3926 2759 3980 ἐδείκνυον
2804 3927 2930 3989 τοὺς
2981 3925 3359 3995 δεσμεύοντας.
3430 3926 3680 3996 Ἐμαστι-

2112 4019 2325 4086 γοῦντο,
2357 4019 2451 4071 καὶ
2480 4018 2538 4073 αἱ
2560 4018 2742 4071 ὀδύναι
2771 4018 2899 4081 τοὺς
2931 4018 3329 4090 μαστιγοῦντας
3356 4017 3682 4085 ἐλάμϐανον.

2125 4107 2500 4180 Ἐξηπόρησαν
2530 4108 2665 4179 πρὸς
2691 4108 2790 4181 τὴν
2820 4107 3038 4179 εὕρεσιν
3070 4108 3180 4162 τῶν
3224 4107 3472 4177 βασάνων
3494 4108 3540 4161 οί
3588 4108 3683 4160 τύ-

2114 4217 2318 4270 ραννοι.
2366 4199 2791 4267 Ἐξενευρίζοντο
2838 4200 2936 4262 τάς
2987 4202 3176 4270 χεῖρας
3216 4199 3265 4252 οἱ
3309 4199 3513 4269 δήμιοι.
3550 4199 3681 4251 Φαι-

2110 4290 2370 4361 δροτέραν
2404 4290 2730 4360 εἰργάσαντο
2775 4292 2889 4353 τοῖς
2937 4290 3156 4360 ἱδρῶσιν
3201 4290 3379 4344 αὐτῶν
3414 4291 3508 4361 τῆς
3532 4292 3679 4345 εὐσε-

435 4370 747 4426 lfoestitiam
780 4371 1044 4440 impietati
1073 4372 1459 4426 conciliarunt.
1484 4372 1765 4430 Daemones
1794 4375 2005 4445 ejulan-

2115 4380 2259 4445 ϐείας
2301 4382 2399 4450 τὴν
2425 4382 2733 4453 ὡραιότητα
2758 4398 2772 4414 ο
2804 4383 2864 4436 τὸ
2918 4382 3239 4452 σκυθρωπὸν
3278 4387 3342 4455 τῇ
3392 4384 3680 4455 δυσσεϐείᾳ

431 4478 515 4524 tes
545 4467 897 4538 aufugerunt,
930 4467 1256 4521 conculcato
1287 4482 1478 4521 eorum
1534 4469 1591 4523 in
1647 4484 1875 4539 corpore
1909 4487 2005 4526 su-

433 4559 680 4631 percilio.
718 4558 777 4612 In
830 4559 1107 4613 silentium
1159 4558 1535 4628 deceptionem
1570 4561 1802 4615 mutavit
1833 4562 2004 4616 mali-

430 4668 570 4723 gnus
600 4666 851 4723 serpens,
881 4667 1005 4707 cum
1038 4650 1273 4717 videret,
1314 4667 1504 4708 omnes
1539 4652 1864 4710 insidiarum
1888 4670 2001 4710 ma-

430 4746 619 4799 chinas
648 4744 704 4799 in
729 4758 889 4799 suum
910 4752 1074 4813 caput
1100 4743 1382 4819 recidisse.

497 4834 615 4889 Jam
646 4836 793 4890 enim
842 4844 897 4891 et
940 4835 1201 4891 mulieres
1258 4835 1511 4891 alacriter
1542 4836 1597 4891 in
1642 4852 1862 4893 arenam
1900 4838 1997 4894 de-

431 4927 775 4993 scendentes,
801 4927 871 4981 ob
901 4926 1130 4997 primam
1158 4936 1439 4999 parentem
1472 4929 1774 5000 deceptam,
1806 4946 1996 5002 poenas

433 5019 497 5073 ab
534 5032 601 5073 eo
630 5019 1009 5088 reposcebant,
1041 5020 1219 5089 capite
1242 5019 1362 5088 ejus
1396 5028 1618 5075 strenue
1648 5022 1993 5086 conculcata,

430 5112 543 5178 illo,
582 5111 827 5181 inquam,
873 5112 1072 5181 capite,
1111 5112 1254 5181 quod
1282 5112 1415 5165 illud
1475 5112 1741 5167 malorum
1802 5129 1995 5184 agmen

430 5199 734 5269 progenuit.
766 5197 921 5254 Nunc
961 5201 1328 5269 excogitatum
1379 5201 1447 5257 ab
1484 5202 1576 5255 illo
1608 5204 1946 5259 mendacium
1977 5223 1993 5259 :

433 5289 593 5344 Erilis
647 5290 785 5344 sicut
833 5290 908 5343 dii
968 5291 1034 5357 ιδ,
1068 5302 1266 5360 praeter
1299 5306 1516 5347 onmem
1567 5308 1740 5362 spem,
1778 5295 1996 5350 veritati

435 5396 756 5451 :onsonans,
791 5382 1169 5437 acerbissimis
1222 5398 1345 5437 eum
1380 5385 1718 5442 cruciatibus
1754 5394 1991 5456 torquet.

434 5468 557 5524 Nam
586 5481 856 5545 martyres
882 5473 1101 5529 Christo
1131 5474 1187 5528 in
1220 5475 1569 5544 passionibus
1603 5478 1719 5533 suis
1747 5480 1994 5549 conligu-

432 5566 549 5630 rati,
578 5566 742 5622 etiam
769 5568 968 5625 divinae
988 5570 1173 5642 gloria:
1204 5571 1525 5645 conligurati
1548 5585 1696 5631 sunt.
1733 5573 1888 5631 Nunc
1919 5575 1988 5630 ab

504 5742 547 5774 “*
589 5741 727 5797 Gen.
762 5759 842 5808 ιιι,
878 5745 930 5800 5.

2104 4473 2546 4543 κατεπράξαντο,
2596 4473 2846 4544 δαίμονες
2901 4474 3149 4545 ἀπῄεσαν
3198 4475 3513 4546 ὀδυρόμενοι
3578 4476 3679 4545 τῆς

2103 4564 2304 4635 ὀφρύος
2336 4566 2514 4620 αὐτῶν
2538 4568 2595 4620 ἐν
2627 4566 2840 4638 σώματι
2872 4568 3239 4639 πατόυμένης,
3280 4569 3572 4639 μετέϐαλεν
3598 4571 3678 4633 εἰς

2106 4658 2262 4729 σιγὴν
2295 4658 2392 4728 τὴν
2434 4658 2647 4727 ἀπάτην
2672 4660 2700 4711 ὁ
2749 4658 2981 4729 πονηρὸς
3012 4659 3156 4727 ὄφις,
3188 4659 3249 4712 τὸ
3291 4662 3399 4713 πᾶν
3421 4662 3519 4731 τῆς
3556 4662 3677 4714 ἐπι-

2102 4751 2300 4819 ϐουλῆς
2329 4749 2578 4817 καθορῶν
2603 4751 3066 4821 ἐπιστρεφόμενον
3089 4752 3227 4822 πρὸς
3252 4753 3437 4807 αὐτόν.

2177 4842 2314 4912 Ἤδη
2341 4843 2450 4912 γάρ
2496 4842 2589 4894 καὶ
2628 4844 2883 4910 γυναῖκες
2924 4843 3353 4913 ἀποδυσάμεναι,
3384 4846 3521 4918 πρὸς
3572 4864 3676 4900 πα-

2100 4928 2374 5003 λαίσματα
2402 4935 2503 5003 τῆς
2548 4934 2895 5003 προμήτορος
2919 4971 2934 4996 ,
2979 4934 3139 4988 αὑτὸν
3190 4936 3544 5007 εἰσέπραττον
3576 4940 3674 5007 τὴν

2100 5025 2338 5095 ἀπάτην,
2381 5027 2643 5088 νεανικῶς
2684 5025 2783 5095 τὴν
2812 5025 3051 5096 κεφαλὴν
3100 5026 3387 5095 πατοῦσαι,
3436 5031 3673 5102 κεφαλὴν

2100 5118 2337 5189 ἐκείνην,
2368 5117 2401 5187 ἢ
2427 5117 2519 5170 τὸν
2548 5116 2714 5186 ἐσμὸν
2739 5118 2837 5187 τῆς
2877 5119 3143 5190 πονηρίας
3174 5121 3428 5176 ἀπέτεκε.
3463 5122 3577 5175 Νῦν
3615 5125 3672 5177 τὸ

2105 5208 2564 5280 μεμηχανημένον
2590 5208 2736 5279 αὐτῷ
2779 5208 2992 5277 ψεῦδος,
3032 5211 3112 5278 τὸ,
3142 5212 3401 5269 Ἕσεσθε
3428 5215 3508 5280 ὡς
3530 5215 3672 5281 θεοί,

2100 5300 2253 5372 παρὰ
2284 5301 2463 5354 πᾶσαν
2512 5299 2702 5352 ἐλπίδα
2742 5300 2877 5372 πρὸς
2924 5303 3184 5373 ἀλήθειαν
3218 5304 3452 5371 ἐξελθὸν,
3483 5307 3670 5375 δριμυ·

2095 5392 2284 5454 τάταις
2311 5390 2597 5460 ἀλγηδόσιν
2624 5391 2784 5444 αὐτὸν
2817 5392 3144 5462 περιϐάλλει.
3173 5396 3232 5447 Ol
3258 5396 3366 5466 γάρ
3397 5396 3667 5466 μάρτυρες

2099 5482 2582 5553 συμμορφούμενοι
2617 5485 2811 5563 ἐντοῖς
2852 5484 3049 5539 πάθεσι
3089 5486 3168 5558 τῷ
3197 5487 3438 5559 Χριστῷ,
3481 5489 3574 5541 καὶ
3607 5490 3669 5558 τῇ

2097 5576 2218 5646 θείᾳ
2253 5575 2381 5647 δόξῃ
2412 5577 2929 5649 σννεμορφώθησαν,
2958 5578 3051 5635 νῦν
3086 5577 3165 5645 οἷς
3212 5581 3535 5654 διεϐάσκηνε
3572 5582 3669 5649 τῆς
