4072 6520
409 321 512 385 189

1359 317 1641 378 ORATlO
1679 316 1804 377 XV.
1836 338 1903 351 -
1950 316 2033 376 ΙΝ
2065 315 2319 377 OMNES
2349 316 2703 378 SANCTOS.

3549 324 3650 385 190

405 433 651 493 ἀπαθοῦς
701 433 1124 503 μακαριότητος,
1183 429 1286 484 ὑπὸ
1334 429 1541 483 τούτων
1597 427 1979 500 περιϐάλλεται

2084 429 2214 492 illis,
2269 431 2467 500 quibus
2500 430 2936 487 ‘beatitudinem
3006 432 3304 498 invidebat,
3365 438 3653 491 tormentis

406 527 627 583 πάθεσι.
657 525 734 578 Οὐ
764 524 873 593 γὰρ
896 524 1061 594 μόνον
1088 522 1153 575 δι’
1182 514 1277 587 ὧν,
1310 520 1447 590 μετά
1478 520 1657 589 πάσης
1688 518 1853 573 αὐτοῦ
1883 520 1983 588 τῆς

407 617 667 690 στρατιᾶς
706 614 1153 685 συμπλεκόμενος
1202 612 1364 674 αὐτὸς
1410 610 1797 683 κατῃσχύνετο,
1845 610 1981 663 ἐπα-

408 727 556 781 σχεν,
594 708 709 763 ἀλλ’
745 701 835 760 οἵα
860 705 1055 776 πάσχει
1084 706 1180 759 καὶ
1204 703 1323 770 νῦν,
1349 706 1469 767 ταῖς
1513 704 1579 757 ὲκ
1603 703 1791 772 τάφων
1844 720 1981 774 προ-

300 863 313 872 ,
406 802 615 867 ’ἰούσαις
642 800 925 871 δυνάμεσι.
946 798 1062 852 Νῦν
1092 797 1202 851 τῶν
1226 796 1539 851 πολυάθλων
1565 796 1738 851 ὀστῶν
1760 794 1983 851 ἐκείνων

409 892 583 964 πυρὸς
605 890 809 961 βολίδες
824 888 1198 960 πεμπόμεναι,
1218 886 1288 941 τὰ
1301 887 1505 941 τούτων
1525 886 1983 957 καταφλογίζουσι

405 984 679 1054 πρόσωπα
702 998 717 1012 ·
765 980 990 1050 καὶτῆς.
1019 980 1221 1052 σαρκὸς
1276 979 1376 1051 τὴν
1419 978 1589 1046 κόνιν,
1622 980 1689 1049 ἣν
1720 978 1983 1050 πολυτρόο

404 1089 523 1135 πως
549 1070 802 1139 διέξηναν
829 1068 1238 1137 συσφίγγουσαν
1267 1068 1442 1139 ψυχὰς
1469 1068 1723 1140 ὁρῶντες,
1750 1069 1844 1122 κα)⁸
1880 1067 1982 1122 σώ-

406 1180 575 1234 ματα,
609 1161 763 1214 αὐτοὶ
804 1159 1078 1224 ἀλύοντες,
1124 1161 1221 1214 καὶ
1270 1160 1594 1232 παρειμένοι
1633 1160 1979 1231 πορεύονται.

416 1252 580 1306 Ἀλλά
608 1250 718 1322 γάρ
737 1249 877 1321 αῦτη
912 1249 1021 1302 τῶν
1058 1249 1375 1320 ἀοιδίμωνή
1421 1251 1571 1321 νίκη.
1607 1251 1862 1305 Τοιοῦτον
1883 1251 1980 1321 τῆς

403 1344 661 1416 ἀληθείας
687 1342 748 1397 τὸ
769 1342 1048 1414 τρόπαιον.
1076 1340 1264 1407 Οῦτως
1295 1342 1346 1395 οἱ
1372 1343 1470 1411 τῆς
1498 1342 1754 1407 ἀσεϐείας
1778 1343 1981 1414 ὑπηρέ-

402 1454 495 1491 ται
524 1434 622 1489 σὺν
659 1433 737 1505 τῷ
785 1433 937 1503 σφῶν
980 1434 1223 1505 ἄρχοντι,
1250 1435 1345 1488 καὶ
1378 1438 1810 1506 πρωταγωνιστῇ
1860 1435 1979 1488 δια-

402 1529 563 1599 ϐόλῳ,
596 1526 703 1581 ὐπὸ
741 1526 851 1579 τῶν
893 1524 1195 1597 προμάχων
1224 1526 1324 1597 τῆς
1362 1526 1622 1598 ἀληθείας
1647 1526 1975 1598 ἡττήθησαν.

414 1620 746 1691 Ἐκρότησαν
777 1618 869 1671 ὲπὶ
894 1618 1105 1682 τούτοις
1130 1619 1338 1674 ἀνωθεν
1378 1618 1621 1688 ἄγγελοι,
1654 1620 1979 1690 εὐφήμησαν

402 1708 823 1765 καταπεσόντων
851 1707 959 1761 τῶν
1001 1708 1337 1781 ἀλαστόρων,
1379 1710 1663 1781 ἐκπλήξει,
1695 1710 1794 1764 καὶ
1834 1712 1978 1783 χαρᾷ

402 1800 739 1873 ἐμερίζοντο.
772 1799 1030 1871 Ἐχαιρον
1065 1801 1151 1870 ἐφ’
1182 1773 1263 1864 οἷς
1308 1773 1402 1854 τοῦ
1434 1773 1697 1872 βασίλέως
1735 1803 1769 1872 ἡ
1794 1773 1977 1874 at;de
2010 1773 2053 1828 Β

399 1893 575 1958 ταξις,
604 1893 732 1957 τοὺς
769 1892 997 1965 ἐχθροὺς
1036 1890 1239 1963 ἔργοις,
1264 1894 1358 1948 καὶ⁵
1398 1894 1578 1964 λόγοις
1608 1894 1975 1966 ὲτροπώσατο.

415 1983 838 2055 Ἐξεπλήττοντο
890 1983 1181 2056 σαρκίνους
1226 1984 1460 2056 ὁρῶντες
1506 1985 1615 2039 τῶν
1671 1985 1978 2056 ἀσωμάτων

406 2074 861 2146 περιγενομένους
883 2089 899 2105 ·
930 2074 959 2126 ό
1001 2072 1279 2143 βασιλεὺς,
1310 2073 1451 2144 ὑπὲρ
1481 2068 1544 2127 οῦ
1596 2076 1640 2127 ἰί
1680 2070 1853 2140 ἆθλοι,
1884 2076 1979 2127 καὶ

406 2165 477 2219 τὰ
518 2164 893 2236 παλαίσματα,
932 2163 1001 2217 τά
1040 2163 1270 2234 βραδεῖα
1292 2164 1633 2235 εὐτρέπιζεν.
1674 2163 1979 2232 Ἠνοίγοντο

414 2256 582 2310 πύλαι
628 2255 737 2309 τῶν
772 2255 1038 2326 οὐρανῶν,
1071 2256 1349 2327 ἀοιδίμους
1380 2255 1609 2326 θερμαῖς
1643 2255 1722 2308 ἔτι
1757 2256 1979 2323 σταγόσι

422 2346 643 2417 ῥέοντας
712 2346 1023 2417 ὐπεδέχοντο
1044 2388 1060 2414 ,
1123 2347 1533 2417 Παντοκράτορι
1602 2344 1979 2416 δεξιουμένους

418 2437 590 2509 δεξιᾷ.

496 2523 711 2593 anno
729 2532 962 2599 γενναῖοι
990 2529 1085 2585 τοῦ
1106 2530 1341 2602 Χριστοῦ
1365 2530 1715 2600 στρατιῶται,
1739 2529 1790 2581 τί
1812 2545 1979 2599 προσ-

406 2620 640 2692 εροῦμεν
676 2622 863 2691 artic;
930 2622 1317 2692 Ἀνθρώπους;
1384 2620 1524 2673 Ἀλλ’
1558 2622 1591 2691 ή
1631 2621 1794 2690 φύσις
1839 2620 1978 2688 ίλιγ-

404 2714 502 2785 γιᾷ
551 2712 885 2767 οἰκειοῦσθαι
924 2712 1063 2783 πρὸς
1112 2712 1239 2775 τοὺς
1288 2712 1509 2780 ἀγῶνας
1546 2711 1699 2783 ὐμῶν
1751 2712 1843 2764 καὶ
1882 2711 1979 2781 τὴν

401 2805 575 2875 αὐτῆς
594 2804 828 2875 δύναμιν
856 2804 1266 2859 ἀποσκοποῦσα.
1294 2804 1630 2874 Φωστῆρας;
1680 2803 1842 2857 Ἀλλά
1861 2807 1980 2867 ταῖς

399 2896 700 2966 ὑμετέραις
738 2896 933 2964 αὐγαῖς
960 2895 1023 2948 τὸ
1062 2894 1262 2964 φέγγος
1316 2893 1495 2948 αὐτῶν
1540 2894 1977 2965 ἀποκρύπτεται.

415 2986 749 3056 ’Δγγέλους;
799 2985 957 3040 Ἀλλά
1004 2985 1103 3057 τὴν
1151 2986 1484 3057 καρτερίαν,
1536 2986 1631 3041 καὶ
1675 2986 1775 3057 τὴν
1824 2986 1979 3057 νίκην

2083 522 2397 591 subjicitur.
2436 521 2556 579 Non
2587 524 2732 579 enim
2764 523 2915 579 solus
2956 524 3203 580 devictus
3234 532 3289 580 et
3335 526 3653 583 confusione

2081 614 2323 682 repletus
2357 622 2462 682 est,
2493 630 2614 669 cum
2639 628 2829 669 omnes
2860 629 2988 669 suas
3019 616 3210 684 copias
3238 616 3293 670 in
3321 617 3491 673 aciem
3526 634 3653 688 pro-

2082 706 2257 769 duxit,
2287 705 2383 761 sed
2436 714 2489 761 et
2530 722 2677 761 nunc
2705 706 2757 760 vi
2784 707 2897 770 illa,
2930 708 3079 760 velut
3118 708 3295 776 igneis
3334 708 3555 778 jaculis,
3590 726 3654 765 ex

2082 797 2299 852 ossibus
2350 797 2481 863 illis,
2529 813 2650 867 qua:
2702 805 2782 851 tot
2809 799 3110 853 certamina
3162 800 3496 865 tolerarunt,
3527 817 3650 871 pru-

2081 888 2301 954 deunte,
2325 889 2509 946 vultus
2539 904 2729 945 eorum
2765 888 3201 952 inﬂammantur,
3255 906 3495 963 cumque
3536 907 3653 947 cor-

2080 983 2229 1051 poris
2258 983 2556 1052 pulverem,
2583 998 2741 1053 quem
2772 984 2874 1052 ipsi
2902 983 3052 1037 varie
3079 990 3427 1052 carpserunt,
3452 990 3506 1038 et
3527 985 3653 1039 ani-

2080 1088 2201 1129 mas
2227 1081 2283 1129 et
2332 1089 2563 1145 corpora
2596 1075 3066 1145 constringentem
3124 1074 3431 1141 intuentur,
3471 1075 3655 1132 tristes

2080 1163 2183 1233 ipsi
2216 1172 2269 1217 et
2300 1162 2703 1234 despcrabundi
2740 1164 3048 1234 autugiunt.
3098 1161 3219 1218 Haec
3267 1165 3655 1233 praestantissi-

2079 1271 2295 1312 morum
2321 1256 2649 1315 athletarum
2678 1257 2928 1311 victoria.
2954 1255 3282 1325 llujusmodi
3304 1257 3552 1313 veritatis
3573 1267 3655 1312 est

2079 1354 2364 1417 tropaeum.
2405 1347 2563 1402 Hunc
2585 1348 2640 1401 in
2672 1349 2892 1402 modum
2926 1347 3228 1417 impietatis
3259 1348 3498 1402 ministri
3529 1362 3653 1401 cum

2080 1454 2183 1496 suo
2212 1440 2352 1496 duce
2370 1446 2425 1495 et
2451 1441 2698 1511 principe
2725 1439 2944 1495 diabolo
2986 1454 3017 1493 a
3050 1439 3301 1495 veritatis
3345 1454 3655 1509 propugna-

2080 1532 2290 1591 toribus
2322 1532 2526 1588 deviCti
2564 1541 2714 1588 sunt.
2749 1531 3007 1587 Plausum
3044 1531 3130 1587 his
3153 1531 3423 1586 dederunt
3453 1547 3485 1586 e
3513 1532 3655 1585 cmlo

2079 1625 2281 1695 angeli,
2335 1624 2534 1681 faustis
2581 1623 3072 1679 acclamationibus
3130 1623 3654 1691 exsultarunt,cum

2086 1716 2260 1772 malos
2287 1715 2476 1787 genios
2503 1724 2806 1785 prostratos
2833 1721 3158 1781 cernerent;
3211 1714 3487 1784 simulque
3534 1720 3655 1768 stu-

2080 1822 2214 1878 pore
2246 1815 2300 1862 et
2347 1806 2546 1878 gaudio
2597 1807 3054 1878 pereellebantur.
3112 1805 3433 1860 Gaudebant
3484 1805 3653 1868 enim,

2078 1898 2225 1969 quod
2258 1898 2404 1970 regis
2435 1897 2606 1962 acies,
2632 1904 2688 1952 et
2718 1896 2879 1952 factis
2905 1904 2959 1951 et
3004 1896 3186 1951 verbis
3218 1896 3429 1952 hostem
3473 1895 3657 1950 debel-

2078 1989 2270 2045 lasset.
2298 1988 2798 2059 Obstupescebant,
2832 2003 2957 2042 eum
2997 1986 3475 2057 conspicarentur,
3491 2000 3655 2040 carne

2078 2082 2307 2135 vestitos
2352 2079 2663 2149 superiores
2717 2079 2893 2133 factos
2922 2076 2991 2132 iis
3024 2077 3121 2147 qui
3160 2090 3326 2131 carne
3371 2076 3649 2131 carebant.

2078 2169 2193 2226 Rex
2221 2185 2321 2241 pro
2348 2185 2457 2241 quo
2492 2171 2829 2241 pugnabant,
2871 2169 3094 2239 praemia
3138 2169 3386 2239 parabat.
3427 2168 3651 2237 Aperie-

2078 2265 2280 2319 bantur
2330 2263 2595 2318 caelorum
2663 2269 2853 2331 portae,
2906 2268 2961 2315 et
3010 2261 3256 2315 illustres
3317 2259 3441 2313 illos
3475 2258 3650 2313 calido

2081 2356 2259 2411 adhuc
2290 2353 2542 2424 perfusos
2574 2357 2587 2403 ξ
2600 2352 2803 2408 sudore
2827 2392 2843 2416 ,
2878 2351 3238 2420 recipiebant,
3276 2350 3651 2421 Omnipotenti

2081 2454 2342 2515 exceptos
2364 2443 2611 2497 dextera.

2152 2532 2280 2597 Sed,
2308 2547 2341 2586 ο
2366 2530 2555 2585 invicti
2586 2529 2788 2585 milites
2806 2528 3036 2594 Christi,
3063 2544 3168 2600 quo
3196 2528 3417 2583 nomine
3440 2542 3538 2583 vos
3560 2543 3654 2598 ap-

2079 2622 2446 2696 pellabimus?
2478 2623 2561 2676 An
2584 2621 2873 2676 homines?
2903 2620 2973 2675 At
2997 2629 3195 2675 natura
3226 2627 3417 2674 nostra
3467 2618 3656 2674 horret

2080 2718 2147 2772 ad
2185 2724 2366 2770 vestra
2403 2712 2726 2778 certamina,
2760 2726 2886 2766 cum
2908 2711 3100 2765 oculos
3127 2710 3192 2763 ad
3231 2709 3342 2763 vim
3382 2723 3534 2763 suam
3568 2721 3655 2761 re—

2079 2807 2272 2863 ﬂectit.
2302 2806 2385 2859 An
2411 2803 2629 2860 sidera?
2656 2801 2764 2857 Sed
2797 2810 2980 2857 vestro
3006 2800 3301 2870 splendore
3324 2800 3505 2853 lumen
3536 2798 3656 2853 illo-

2079 2917 2203 2959 rum
2235 2899 2561 2957 occultatur.
2587 2897 2670 2951 An
2707 2896 2973 2966 angelos?
2998 2894 3067 2947 At
3100 2894 3450 2949 tolerantiam
3491 2899 3544 2945 et
3570 2891 3621 2945 vi

2080 2995 2307 3051 ctoriam
2336 3000 2574 3047 vestram
2596 2988 2775 3061 angeli
2807 2988 3230 3056 obstupuerunt.
3257 2983 3315 3037 ln
3355 2996 3519 3053 quam
3552 2980 3655 3049 igi-

370 3072 385 3085 ’
405 3077 699 3149 ἐξέστησαν
723 3076 964 3145 ἄγγελοι.
986 3077 1078 3141 Εἰς
1104 3076 1261 3130 ποίαν
1285 3072 1377 3131 οῦν
1399 3076 1567 3147 ἄλλην
1591 3076 1979 3147 μεταποιηθέν-

2082 3101 2170 3144 tur
2206 3086 2366 3140 aliam
2401 3092 2650 3138 naturam
2685 3077 3056 3140 transmutati,
3104 3075 3243 3130 adeo
3269 3073 3454 3129 omnia
3493 3086 3655 3128 exce-

402 3188 494 3233 τες
523 3170 707 3241 φύσιν,
748 3170 889 3225 οὕτω
921 3171 1098 3225 πάντα
1143 3168 1585 3240 ὐπερεῦάλεσθε;
1628 3170 1742 3223 Οὐκ
1770 3170 1976 3239 ἐμάλα-

402 3261 500 3328 ξαν
553 3262 621 3315 τὰ
662 3261 979 3333 θελκτήρια,
1030 3261 1133 3315 οὐκ
1183 3259 1483 3330 ὲκλάσθητε
1529 3262 1643 3323 τοῖς
1692 3260 1962 3331 φοϐεροῖς.

401 3352 551 3422 Ποίῳ
589 3351 830 3424 τοσούτῳ
857 3352 999 3423 πυρὶ
1041 3350 1325 3423 δυνάμεως
1357 3351 1418 3404 τὸ
1462 3350 1571 3422 πῦρ
1609 3351 1718 3405 τῶν
1761 3352 1976 3424 πικρῶν

408 3443 657 3514 βασάνων
715 3443 1015 3510 ὲσϐέσατε;
1072 3442 1273 3513 Δρόσος
1325 3442 1454 3514 ὑμῖν
1512 3441 1732 3513 μᾶλλον,
1778 3441 1813 3512 ἢ
1864 3441 1976 3512 πῦρ

408 3534 696 3602 ἐλογίζετο,
729 3534 764 3605 ἢ
807 3533 984 3606 δῆλον,
1021 3531 1096 3596 ὡς
1128 3531 1206 3602 τῷ
1240 3532 1374 3603 πυρὶ
1411 3532 1512 3602 τῆς
1563 3531 1714 3597 θείας
1757 3532 1977 3602 ἀγάπης

406 3626 867 3698 πυρπολούμενοι,
895 3627 1072 3678 ἐκεῖνο
1098 3624 1159 3677 τὸ
1198 3624 1309 3697 πῦρ
1340 3626 1584 3695 ὲνεργεῖν
1612 3624 1680 3677 τά
1711 3625 1886 3679 οἰκεῖα
1913 3624 1973 3677 οὐ

402 3720 758 3789 συνεχωρεῖτε
780 3734 793 3783 ;
817 3716 951 3769 ἀλλά
970 3716 1091 3770 ἀντὶ
1115 3715 1214 3786 μὲν
1229 3713 1325 3768 τοῦ
1348 3716 1586 3786 φλέγειν,
1600 3714 1786 3785 δρόσος
1802 3717 1974 3784 ἐγνω-

401 3807 586 3881 ρίζετο
606 3824 619 3836 ·
640 3806 745 3860 Τοῦ
774 3807 819 3859 δ’
849 3809 908 3860 έν
933 3807 1064 3877 ὑμῖν
1087 3804 1232 3858 θείου
1265 3808 1435 3877 πυρὸς
1459 3806 1789 3877 ὑπέκκαυμα
1820 3806 1974 3874 γενό-

402 3918 586 3971 μενον,
608 3899 996 3971 λαμπροτέραν
1029 3898 1238 3968 ἀνῆπτε
1263 3899 1436 3969 φλόγα
1457 3902 1555 3972 τῆς
1580 3900 1815 3970 Χριστοῦ
1839 3901 1977 3968 ἀγα-

404 3993 645 4062 πήσεως,
686 3985 746 4045 οῦ
772 3989 866 4044 νῦν
906 3989 1129 4061 ὡραίοις
1156 3989 1284 4043 ποσὶ
1325 3991 1415 4045 τὸν
1442 3991 1663 4061 φαιδρὸν
1712 3990 1976 4062 νυμφῶνα

401 4084 873 4156 χοροστατοῦντες,
901 4081 1257 4154 εὐφραίνεσθε
1299 4083 1420 4137 ἀντὶ
1467 4082 1575 4137 τῶν
1631 4082 1977 4153 δριμυτάτων

399 4176 747 4245 ἀλγηδόνων,
800 4176 1089 4247 ἡδυτάταις
1151 4173 1524 4245 ἐντρυφῶντες
1584 4172 1971 4228 ἀπολαύσεσιν.

414 4268 561 4320 ’Δντὶ
610 4265 704 4320 τοῦ
754 4266 928 4337 πυρὸς
954 4306 970 4331 ,
1029 4265 1170 4337 μετὰ
1219 4264 1327 4319 τῶν
1387 4265 1670 4336 φλογερῶν
1720 4282 1976 4336 συμπαρ-

404 4356 626 4410 ίστασθε
655 4356 879 4423 τάξεων.
919 4358 1122 4424 Ἦπου,
1158 4357 1255 4411 καὶ
1294 4356 1500 4412 τούτων
1528 4357 1807 4428 ἐγγυτέρω
1834 4356 1977 4427 (τολ-

2081 3178 2246 3236 ditis?
2273 3178 2393 3234 Non
2418 3174 2770 3231 emollierunt
2795 3186 2893 3226 vos
2918 3168 3290 3224 blandimenta
3313 3183 3328 3233 ;
3360 3180 3469 3219 non
3492 3163 3654 3218 fracti

2080 3275 2212 3328 estis
2246 3269 2573 3326 terroribus.
2600 3265 2846 3332 Quonam
2876 3271 3029 3317 tanto
3055 3262 3177 3332 igne
3209 3260 3390 3330 ignem
3413 3256 3657 3312 acerbis-

2080 3363 2346 3420 simorum
2372 3352 2775 3413 tormentorum‘
2796 3349 3178 3408 exstinxistis?
3218 3350 3417 3403 [torem
3449 3345 3652 3416 potius,

2080 3468 2242 3527 quam
2266 3454 2442 3523 ignem
2473 3444 2831 3519 reputabatis.
2864 3444 2964 3507 gAn
3004 3443 3197 3511 liquet,
3232 3454 3331 3494 vos
3360 3439 3484 3508 igne
3519 3436 3653 3490 cha-

2080 3545 2260 3602 ritatis
2289 3543 2485 3598 divinae
2509 3539 2876 3595 inﬂammatos
2898 3550 3006 3589 non
3035 3531 3399 3595 concessisse,
3429 3536 3488 3583 ut
3515 3528 3654 3581 alter

2080 3637 2224 3708 ignis
2248 3650 2311 3689 ea
2333 3648 2454 3704 qua:
2486 3638 2616 3685 sunt
2646 3635 2860 3683 naturae
2892 3639 3006 3680 sua:
3035 3628 3404 3677 consentanea
3430 3616 3656 3687 ageret?

2079 3706 2183 3786 nec
2209 3727 2426 3789 urebat,
2469 3723 2562 3777 sed
2590 3718 2731 3775 roris
2766 3717 2943 3771 instar
2967 3712 3273 3769 recreabat.
3308 3709 3449 3776 Quin
3485 3717 3540 3763 et
3568 3706 3653 3762 di-

2080 3820 2271 3875 vinum
2319 3816 2499 3886 ignem
2564 3808 2952 3871 exsuscitans,
3010 3805 3168 3874 longe
3223 3798 3655 3872 splendidiorem

2079 3912 2354 3967 ﬂammam
2384 3902 2682 3959 dilectione
2715 3896 2918 3954 Christi
2969 3891 3241 3949 accendit.
3307 3890 3480 3960 Cujus
3510 3901 3657 3941 nunc

2080 3998 2347 4073 speciosis
2372 3994 2602 4066 pedibus
2625 3989 2925 4044 thalamum
2950 3982 3448 4042 circumsistentes,
3471 3978 3658 4034 exsul-

2081 4070 2233 4156 tatis,
2290 4090 2411 4144 loco
2448 4081 2971 4140 immanissitnorum
3021 4073 3362 4155 cruciatuum
3393 4070 3658 4126 suavissi-

2082 4183 2186 4240 mis
2208 4175 2580 4249 voluptatibus
2608 4169 2839 4242 perfusi.
2871 4168 3016 4222 Loco
3043 4164 3183 4235 ignis
3222 4161 3486 4217 assistitis
3509 4174 3658 4213 nunc

2081 4288 2207 4332 cum
2241 4267 2505 4325 ﬂammeis
2550 4266 2663 4320 illis
2699 4260 2987 4318 Ordinibus
3022 4273 3037 4311 :
3084 4256 3195 4312 imo
3223 4262 3279 4311 et
3316 4253 3403 4308 his
3431 4252 3658 4324 prepius

2084 4364 2283 4437 (audeo
2307 4358 2512 4428 dicere)
2539 4364 2745 4427 quanto
2779 4350 3006 4423 propius
3035 4348 3202 4437 etiam
3247 4344 3556 4437 imitatione
3588 4344 3657 4437 ad

402 4451 571 4521 μησει
618 4449 728 4521 γὰρ
763 4451 859 4502 καὶ
908 4448 1069 4502 τοῦτο
1113 4448 1289 4501 εἰπεῖν
1321 4449 1349 4500 ὁ
1374 4447 1576 4515 λόγος),
1626 4447 1751 4500 ὅσον
1783 4446 1879 4498 καὶ
1903 4448 1969 4517 τῇ

2080 4430 2390 4527 passionem
2420 4446 2633 4505 Christi
2663 4441 3007 4499 accessistis.
3055 4436 3202 4492 Loco
3234 4430 3656 4527 conﬂictationis

398 4541 703 4612 ὲκμιμήσει
731 4542 839 4595 τῶν
884 4539 1228 4611 παθημάτων
1267 4538 1574 4610 ἐγγύτεροι,
1614 4539 1733 4592 ἀντὶ
1777 4539 1876 4608 τῆς
1917 4538 1976 4591 ὲν

398 4631 569 4703 λιμῷ,
602 4631 696 4685 καὶ
719 4632 861 4703 δίψει
882 4632 1282 4704 ταλαιπωρίας,
1322 4631 1359 4685 ἀ
1401 4629 1710 4701 ὀφθαλμὸς
1739 4631 1850 4684 οὐκ
1887 4622 1975 4683 of—

399 4725 531 4788 δεν,
559 4721 659 4775 καὶ
683 4717 793 4786 οὖς
819 4722 928 4776 οὐκ
951 4720 1202 4790 ἤκουσε,
1232 4720 1331 4774 καί
1356 4719 1455 4773 ἐπὶ
1481 4717 1732 4787 καρδίαν
1756 4716 1979 4786 ἀνθρώο

400 4829 525 4867 που
546 4814 658 4867 οὐκ
676 4812 880 4881 ἀνέϐη,
908 4812 1222 4883 προτίθεται
1242 4811 1491 4880 τράπεζα
1510 4810 1755 4882 φέρουσα
1775 4810 1976 4879 ἀγαθά.

412 4906 566 4961 Ἀντὶ
594 4906 692 4976 τῆς
720 4908 779 4959 ὲν
820 4904 1122 4975 γυμνότητι
1174 4903 1413 4973 πήξεως,
1469 4900 1751 4973 στολισμὸν
1800 4900 1978 4970 φωτὸς

401 4996 819 5071 περιϐάλλεσθε.
878 4997 1026 5050 ’Δντὶ
1070 4993 1165 5048 τοῦ
1218 4992 1561 5065 σκορπισμοῦ
1614 4993 1724 5048 τῶν
1777 4991 1975 5063 μελῶν,

401 5091 506 5161 τὴν
556 5088 882 5158 ὁλοκληρίαν
928 5086 1031 5157 τῆς
1075 5086 1311 5158 ἀρχαίας
1364 5083 1666 5139 ἀπελάὸετε
1708 5082 1980 5144 πλάσεως.

416 5182 565 5237 ’Δντὶ
615 5178 726 5233 τῶν
779 5178 1125 5233 κενωθέντων
1169 5178 1437 5247 αἱμάτων,
1487 5177 1587 5240 τὰς
1635 5176 1819 5246 πηγάς
1849 5191 1983 5245 προ·-

405 5277 552 5345 χεῖτε
578 5272 692 5325 τῶν
723 5270 989 5341 ἰαμάτων.
1029 5268 1225 5339 Χαίρει
1256 5269 1291 5338 ἡ
1326 5268 1399 5336 γῆ
1428 5268 1541 5330 τοῖς
1586 5267 1618 5338 ἡ
1629 5265 1744 5336 μῶν
1785 5265 1986 5333 ἀγωνί-

2083 4521 2205 4604 eum
2231 4545 2375 4599 fame
2405 4550 2459 4598 et
2478 4540 2591 4607 siti,
2616 4536 2940 4609 proponitur
2972 4530 3131 4587 vobis
3162 4542 3353 4583 mensa
3383 4521 3657 4594 ejusmodi

2084 4634 2462 4700 ferensgbona,
2493 4644 2617 4700 quae
2646 4642 2824 4698 neque
2853 4623 3036 4678 oculus
3063 4618 3235 4680 .vidit,
3261 4632 3352 4671 nec
3378 4615 3526 4668 auris
3556 4628 3658 4700 αιι-

2084 4726 2236 4791 divit,
2269 4698 2362 4777 nec
2390 4722 2444 4776 ιή
2465 4698 2554 4773 cor
2593 4715 2819 4771 hominis
2845 4711 3189 4766 ascenderunt
3214 4706 3282 4760 “5.
3323 4703 3471 4757 Loco
3494 4698 3658 4755 nudi-

2083 4816 2236 4881 tatis,
2291 4811 2432 4869 stola
2479 4808 2622 4864 lucis
2677 4804 2860 4861 amicti
2888 4802 3042 4858 estis.
3085 4798 3230 4852 Loco
3283 4793 3658 4848 membrorum

2082 4908 2437 4977 disjectorum
2470 4902 2739 4971 integram
2768 4893 3250 4964 illamsprimaevam
3285 4884 3656 4977 haereditatem

2084 4974 2265 5067 adepti
2300 4992 2457 5051 estis.
2486 4990 2634 5045 Loco
2659 4987 2817 5043 elusi
2864 4981 3168 5055 sanguinis,
3210 4977 3387 5034 fontes
3416 4974 3659 5031 curatio-

2078 5104 2210 5146 num
2245 5085 2494 5143 t'unditis.
2540 5079 2754 5138 Gaudet
2804 5086 2950 5133 terra
2997 5072 3196 5129 vestris
3233 5067 3655 5125 certaminibus.

2078 5179 2318 5236 Laztatur
2336 5175 2558 5236 caelum,
2587 5183 2713 5225 cum
2749 5161 3064 5234 huiusmodi
3110 5160 3413 5215 victoribus
3452 5166 3657 5211 corona

2078 5267 2350 5326 redimitis
2377 5262 2636 5320 ambitur.
2668 5257 2803 5311 Cum
2833 5252 3044 5324 angelis
3067 5248 3386 5313 exsultatis,
3407 5252 3462 5301 et
3493 5260 3521 5297 a
3552 5256 3654 5296 no-

407 5335 632 5437 σμασιν.
670 5335 1035 5433 Εὐφίραίνεται
1062 5335 1311 5432 οὐρανὸς,
1339 5335 1617 5422 τοιούτοις
1634 5335 1979 5428 στεφανίταις

2082 5362 2171 5417 bis
2193 5374 2302 5414 non
2338 5348 2689 5428 separamini.
2721 5347 2827 5414 Qui
2853 5342 3243 5401 tentationibus
3265 5338 3440 5408 pressi
3465 5335 3532 5390 ad
3559 5347 3656 5437 vos

410 5424 932 5530 χοροστατούμενος.
969 5424 1141 5507 Μετά-
1182 5444 1428 5521 ἀγγέλων
1468 5424 1845 5523 εὐφραίνεσθε,
1888 5449 1979 5503 καὶ

2089 5424 2431 5522 confugiunt,
2482 5448 2733 5514 paratum
2787 5434 3090 5493 remedium
3162 5430 3471 5485 inveniunt.
3553 5424 3658 5491 Qui

608 5549 671 5601 οὐ
723 5519 1047 5618 ίωρίζεσθε.
1077 5545 1142 5598 Οί
1182 5545 1242 5597 ὲν
1269 5519 1617 5616 -πειρασμοίς
1664 5541 1799 5614 πρὸς
1841 5541 1979 5613 ὑμᾶς

2091 5519 2508 5617 tranquillitatis
2564 5545 2809 5605 tempore
2858 5531 2912 5586 in
2950 5527 3107 5584 vobis
3157 5522 3430 5580 anchoras
3464 5519 3658 5590 ﬁgunt,

520 5731 564 5763 ³⁵
592 5727 701 5786 lsa.
742 5740 892 5791 thv,
924 5722 996 5792 4;
1034 5720 1205 5779 lCor.
1235 5736 1296 5786 lt,
1331 5719 1385 5777 8.
