4072 6454
414 331 513 402 191
1646 312 1920 375 LEONIS
1950 304 2410 369 PIIILOSOPHI
3565 292 3673 351 199,

406 446 650 523 jucunde
673 446 730 501 in
758 443 879 498 vitm
912 439 1075 509 hujus
1099 435 1219 492 solo
1256 432 1589 488 cousismnt.
1621 429 1723 493 Qui
1758 428 1813 479 in
1843 424 1988 479 bello
2018 431 2036 483 ι

2137 419 2550 487 ιταφεύγοντες,
2591 412 2815 483 ἑτοίμην
2856 409 2956 481 τὴν
2990 407 3149 461 λύσιν
3199 405 3574 478 εὑρίσκουσιν.
3612 408 3677 458 Οἱ

2227 512 2280 523 .-
2376 509 2388 523 ο
2460 508 2475 523 ο
2531 510 2552 523 ιι
2652 506 2664 523 \
2755 502 2885 523 εμπ]
2908 519 2997 523 -___
3037 501 3284 523 x!-I,._-._-‘
3354 496 3555 523 l‘l..-."".-
3583 496 3677 523 Αἱ...

410 496 513 597 Jvos
538 553 638 609 pro
663 529 1085 605 propugnaculis
1117 527 1343 589 habent,
1381 524 1422 577 ii
1450 528 1778 585 servantur;
1802 516 1898 586 qui
1936 514 1991 569 in

2137 531 2152 566 ρ
2189 509 2427 581 εὐθυμία
2453 508 2581 579 ὑμῖν
2610 506 2709 569 τὰς
2745 502 2997 572 ἀγκύρας
3028 501 3305 572 ῥίψαντες,
3354 496 3555 567 ἱλαρῶς
3583 496 3678 550 τὸν

414 647 571 704 pace,
606 629 683 683 illi
709 635 891 681 vestro
923 620 1177 692 praesidio
1218 618 1381 680 bona,
1431 627 1553 683 quas
1585 624 1863 679 nunquam
1891 608 1995 660 im-

2137 605 2209 657 ίον
2257 601 2713 657 ἀποσαλεύουσιν.
2750 600 2813 651 Οί
2854 598 2913 650 ἐν
2966 596 3226 663 πολέμοις
3276 592 3420 661 ὑμᾶς
3462 591 3680 659 ἔχοντες

416 682 760 780 Irnintiuntur,
790 682 1125 785 percipiunt.
1158 682 1494 763 Multitttdini
1528 705 1832 759 libertatem
1859 713 1994 766 sup-

2137 695 2363 765 ‘tSpyoug,
2393 691 2768 755 διασώζονται.
2798 690 2862 740 Οἱ
2885 690 2940 741 ἐν
2969 688 3182 757 εἰρήνῃ.
3214 686 3334 746 ταῖς
3366 682 3521 752 ὑμῶν
3562 684 3683 733 ἐπι-

418 813 704 885 peditatis;
743 824 866 862 nam
892 821 987 860 eos
1021 804 1115 874 qui
1143 803 1243 856 sub
1277 798 1485 868 peccati
1510 796 1643 866 jugo
1673 792 1873 863 captivi
1914 800 1994 843 tc-

2137 786 2348 848 τασίαις
2377 784 2624 855 ἀμείωτα
2649 781 2891 851 τρυγῶσι
2921 781 2988 833 τὰ
3013 777 3213 845 ἀγαθά.
3241 775 3395 844 Ἔχει
3415 774 3484 828 τὰ
3502 773 3681 843 πλήθη
3732 804 3738 810 -

2100 880 2369 951 χορηγοὺς
2396 874 2704 943 ἐλευθερίας
2741 875 2906 943 ὑμᾶς.
2932 874 3071 933 Τοὺς
3096 870 3204 941 γὰρ
3232 869 3338 922 ὑπὸ
3366 867 3467 935 τ’ἧς
3489 867 3679 936 ἀμαρ-

2100 971 2222 1033 τίας
2247 966 2625 1037 ’διωκομένους
2671 964 2752 1017 ἔτι
2804 964 2897 1015 καὶ
2945 961 3040 1014 νῦν
3079 960 3385 1028 ἐγείροντες
3423 957 3682 1025 τρόπαια,

2102 1062 2202 1131 τῆς
2237 1057 2615 1130 αἰχμαλωσίας
2668 1053 3062 1125 ἀπολυτροῦτε,
3098 1052 3194 1104 καὶ
3243 1049 3352 1103 τῶν
3396 1048 3586 1102 παθῶν
3625 1050 3688 1099 τ’)

2107 1152 2318 1215 σκότος,
2358 1153 2481 1213 ταῖς
2528 1147 2817 1210 ἀνατολαῖς
2853 1146 2963 1200 τῶν
2995 1144 3150 1214 ὑμῶν
3205 1141 3366 1214 ἱερῶν
3410 1140 3690 1211 μνημοσύ-

2112 1262 2220 1297 νων
2267 1239 2669 1306 διασκεδάζετε.
2704 1242 2927 1309 Ἔχουσι
2967 1237 3140 1308 μύρον
3171 1237 3318 1305 ὑμᾶς
3359 1235 3417 1287 αἱ
3455 1233 3690 1303 Ἐκκλη-

2112 1337 2246 1401 σίαι,
2293 1335 2387 1388 τοῦ
2434 1334 2535 1387 ἐπὶ
2570 1331 2678 1386 τὸν
2712 1331 2985 1397 πώγωνα,
3024 1329 3121 1381 καὶ
3172 1327 3288 1396 τὴν
3314 1326 3439 1379 ῶαν
3474 1325 3697 1393 Ἀαρὼν

2110 1425 2579 1488 καταϐαίνοντος
2608 1421 2990 1490 εὐωδέστερον,
3034 1416 3231 1486 στολῆς
3275 1414 3615 1486 εὐπρέπειαν
3643 1416 3695 1467 οἱ

2114 1518 2301 1587 ἱερεῖς,
2355 1515 2592 1584 διάδημα
2631 1512 2789 1583 δόξης
2827 1513 2877 1564 οἱ
2922 1509 3181 1581 βασιλεῖς,
3240 1509 3393 1562 πᾶσα
3445 1509 3478 1577 ἡ
3508 1508 3696 1559 οἰκου-

2117 1609 2251 1677 μένη
2287 1607 2566 1677 σωτῆρας.
2607 1605 2684 1658 Δι’
2712 1604 2867 1673 ὑμῶν
2893 1604 3002 1672 γὰρ
3045 1599 3431 1667 ἐξαπέστειλεν
3473 1600 3699 1667 ἀγαπη-

419 915 640 971 nentur,
679 899 950 962 liberatis,
1007 896 1208 950 erectis
1264 892 1378 962 jam
1412 891 1543 944 olim
1589 896 1645 942 et
1697 886 1996 940 etiamnum

419 996 658 1067 tropa-is,
721 1001 773 1047 et
811 990 1129 1060 passionum
1178 985 1493 1051 caliginem,
1544 987 1670 1033 ortu
1718 976 1862 1039 diei,
1892 988 2000 1043 quo

422 1088 681 1142 memoria
719 1083 886 1138 vestri
937 1080 1219 1142 recolitur,
1258 1072 1571 1143 dispellitis.
1609 1068 1868 1122 Ecclesiae
1897 1081 2001 1119 un-

423 1189 684 1251 guentum
704 1177 860 1239 estis,
884 1175 1043 1241 longe
1067 1169 1426 1238 fragrantins,
1445 1179 1606 1235 quam
1630 1160 1767 1231 quod
1793 1158 2004 1212 descen-

423 1249 502 1326 dit
528 1273 582 1324 in
608 1269 824 1323 barbam
856 1265 1036 1317 Aaron
1067 1272 1115 1315 et
1142 1277 1292 1315 oram
1325 1253 1616 1311 vestimenti
1642 1254 1704 1304 ¹⁶.
1739 1249 2005 1304 Sacerdo-

428 1365 576 1417 tibus
596 1361 733 1415 estis
767 1363 1153 1411 ornamentum
1179 1352 1353 1416 stolae,
1388 1348 1611 1418 regibus
1660 1358 1864 1399 corona
1893 1344 2009 1410 glo-

428 1455 542 1520 riae,
574 1452 673 1505 toti
710 1459 983 1505 terrarum
1007 1445 1129 1499 orbi
1159 1454 1590 1497 conservatores.
1644 1435 1751 1489 Per
1777 1449 1873 1488 vos
1903 1431 2007 1484 mi-

428 1548 501 1602 sit
533 1546 693 1599 Pater
722 1544 980 1597 dilectum
1024 1538 1248 1601 Filium,
1308 1534 1402 1604 qui
1437 1531 1756 1602 praeclarum
1793 1526 1926 1581 illud
1959 1535 2012 1579 et

429 1637 772 1694 salutiferam
810 1644 1070 1701 tropaeum
1120 1628 1333 1692 statuit,
1365 1634 1809 1691 crcaturamque,
1841 1633 2005 1688 quam

438 1727 728 1800 tyrannide
762 1741 860 1780 sua
898 1721 1241 1793 opprimebat
1266 1720 1499 1781 dazmon,
1545 1689 1720 1784 ejecto
1754 1712 2015 1766 adversa-

2137 1699 2212 1752 :bv
2244 1698 2431 1749 Υίὸνὸ
2485 1698 2699 1765 Πατὴρ,
2731 1695 2792 1747 τὸ
2850 1694 2991 1763 μέγα
3042 1692 3136 1744 καὶ
3187 1690 3456 1760 σωτήριον
3506 1689 3699 1759 ἤγειρε

436 1822 538 1884 rio,
572 1832 768 1873 rursus
801 1815 1038 1883 subjecit
1071 1812 1183 1866 Deo
1215 1818 1270 1864 et
1317 1808 1466 1863 Patri
1517 1808 1608 1876 qui
1642 1812 1863 1874 propter
1894 1800 2012 1856 exi—

432 1915 597 1967 miam
627 1908 1055 1969 confessionem,
1090 1919 1198 1974 qua
1235 1917 1357 1957 eum
1394 1899 1620 1968 confessi
1654 1897 1778 1951 estis
1830 1908 2011 1947 coram

432 2004 728 2058 hominibus
755 2001 818 2065 ”,
852 2000 905 2053 in
956 2006 1255 2065 conspectu
1295 1992 1476 2046 Patris
1512 2000 1816 2045 consortes
1864 1986 2016 2056 regni

434 2111 533 2149 vos
592 2092 880 2155 confitens,
946 2104 1150 2143 corona
1211 2084 1399 2156 gloria:
1474 2082 1826 2146 condecorat,
1886 2079 2014 2148 quia

437 2190 583 2243 illius
606 2197 689 2241 est
726 2199 953 2255 regnum
985 2191 1038 2236 et
1064 2180 1235 2252 gloria
1262 2179 1316 2233 in
1347 2176 1571 2232 srecnla.
1608 2173 1803 2227 Amen.

1018 2512 1275 2571 ORATIO
1315 2510 1458 2566 XVI.

450 2637 642 2697 Oratio
671 2634 724 2689 in
748 2629 1149 2686 decollationem
1169 2625 1343 2681 sancti
1387 2632 1438 2678 et
1492 2620 1712 2697 gloriosi
1763 2618 2025 2690 prophetae

691 2715 741 2760 et
777 2703 1131 2757 I’rwcursoris
1153 2710 1202 2752 et
1229 2697 1482 2765 Baptista:
1496 2691 1541 2745 ‘J
1547 2694 1762 2747 cannis.

2121 1791 2402 1861 τρόπαιον,
2460 1788 2554 1841 καὶ
2588 1784 2655 1860 ἧς
2683 1787 2962 1857 ἐτυράννει
3016 1786 3248 1846 κτίσεως
3287 1783 3378 1834 τὸν
3426 1780 3701 1851 ἀλάστορα

2122 1880 2387 1946 καθελὼν,
2424 1879 2605 1941 καλῶς
2630 1879 2800 1947 αὐτὴν
2848 1878 3010 1929 πάλιν
3038 1873 3273 1938 ὑπέταξε
3320 1871 3398 1943 τῷ
3431 1871 3574 1942 Θεῷ,
3605 1873 3703 1924 καὶ

2124 1975 2323 2045 Πατρὶ,
2373 1974 2433 2035 ὃς
2467 1972 2588 2025 ἀντὶ
2616 1974 2714 2041 τῆς
2762 1970 2936 2040 καλῆς
2988 1968 3281 2037 ὁμολογίας
3328 1968 3395 2037 ἢν
3444 1964 3705 2018 ἐνώπιον

2124 2068 2450 2135 ἀνθρώπων
2469 2064 2916 2134 ὡμολογήσατε,
2944 2063 3176 2115 ἐνώπιον
3204 2060 3299 2113 τοῦ
3344 2058 3558 2128 Πατρός
3584 2076 3704 2110 κοι-

2125 2158 2325 2217 νωνοὺς
2378 2156 2477 2223 τῆς
2531 2153 2809 2222 βασιλείας
2841 2152 3139 2222 ὁμολογῶν,
3184 2151 3264 2220 τῷ
3305 2151 3552 2218 στεφάνῳ
3604 2149 3704 2216 τῆς

2120 2243 2276 2313 δόξης
2307 2243 2669 2312 κατακοσμεῖ,
2720 2242 2801 2294 ὅτι
2834 2242 2998 2295 αὑτοῦ
3050 2244 3197 2294 ἐστιν
3233 2241 3269 2311 ἡ
3315 2238 3578 2309 βασιλεία,
3612 2235 3708 2288 καὶ

2122 2340 2157 2408 ὴ
2186 2338 2314 2403 δόξα
2344 2337 2425 2400 είς
2452 2337 2577 2399 τοὺς
2607 2334 2833 2398 αἰῶνας.
2875 2331 3071 2405 ’Λμήν.
3170 2356 3173 2357 ν

2724 2496 2942 2551 ΛΟΓΟΣ
2990 2494 3109 2563 ις’.

2139 2613 2251 2669 Τοῦ
2274 2611 2460 2667 αὐτοῦ
2502 2612 2737 2681 Ὀμιλία
2777 2612 2865 2676 είς
2896 2608 3011 2681 τὴν·
3052 2604 3507 2681 ᾁποτομῂνῌτῇς
3543 2604 3707 2674 ἁγίας

2206 2685 2305 2737 καὶ
2332 2682 2493 2752 ἱερᾶς
2526 2676 2795 2752 κεφαλῆς
2824 2680 2931 2752 τοῦ
2960 2676 3135 2747 ἁγίου
3161 2676 3533 2752 καὶλὲν-δόξου
3568 2692 3709 2742 προ-

2200 2746 2415 2822 φήτού,
2449 2746 2793 2836 Προῧρόμοὺ
2822 2751 2921 2808 καὶ
2951 2746 3293 2803 Βάπτιστοῦ
3344 2746 3645 2801 Ἰωάννου.

1667 2894 1997 2961 (Causam,
2042 2901 2083 2946 t.
2111 2890 2229 2957 XV,
2265 2906 2321 2961 p.
2353 2888 2505 2959 522.)

524 3025 659 3092 Quis
703 3022 855 3077 dabit
906 3029 962 3074 ut
994 3017 1265 3089 prophetae
1321 3015 1526 3084 forcipe
1569 3029 1631 3069 os
1666 3028 1849 3068 meum
1884 3011 2022 3064 bene

2194 3007 2289 3069 Τίς
2322 3004 2483 3059 δώσει
2519 3002 2694 3056 λαὸίδι
2724 3002 3037 3073 προφητικῇ
3061 2995 3513 3068 διευπομῶσθαι,
3532 2998 3627 3051 καὶ
3650 3000 3731 3068 τῷ

454 3117 852 3175 conformetur,
882 3120 938 3164 et
964 3109 1203 3164 carbone
1232 3107 1325 3161 illo
1378 3106 1519 3161 labia
1552 3120 1673 3159 mea
1702 3118 2024 3174 expurgen—

458 3218 549 3263 tur
586 3206 666 3259 ‘3?
712 3205 784 3260 lis
822 3202 967 3259 enim
1025 3217 1172 3254 nunc
1222 3214 1359 3269 Opus
1403 3197 1634 3252 maxime
1663 3197 1858 3260 habeo,
1905 3210 2030 3249 cum

458 3316 584 3358 eum
614 3299 861 3353 oratione
890 3293 1274 3364 depraedicem,
1331 3306 1492 3360 quem
1546 3289 1690 3343 inter
1742 3288 2034 3359 prophetas

461 3393 700 3447 maxime
729 3403 967 3444 sonorus
1023 3394 1077 3439 et
1129 3383 1522 3454 grandiloquus
1550 3380 1857 3451 prmeinuit.
1902 3377 2037 3443 Quis

460 3483 610 3538 velut
636 3497 797 3550 supra
827 3484 1066 3533 montem
1101 3473 1490 3543 cogitationum
1523 3471 1861 3527 sublimitate
1905 3470 2038 3525 sub-

466 3574 625 3629 vehet
688 3586 836 3633 eum,
891 3568 983 3636 qni
1029 3581 1219 3619 vocem
1253 3563 1417 3619 Verbi
1466 3563 1750 3618 dilaudare
1781 3562 2040 3626 instituit,

466 3672 885 3732 prteconcmquc
913 3655 1090 3726 regis?
1117 3654 1284 3708 Adest
1305 3653 1455 3707 enim
1502 3655 1801 3707 etiamnum
1850 3665 2044 3720 magna

467 3750 560 3805 illa
589 3746 923 3820 paenitentiae
949 3744 1101 3808 tuba,
1145 3743 1329 3797 divina
1360 3743 1569 3797 monita
1623 3742 1904 3805 intonans,
1936 3756 2045 3794 non

464 3844 577 3914 jam
605 3858 670 3897 ex
703 3838 873 3895 eremi
908 3837 1222 3908 regionibus
1248 3874 1263 3897 ,
1308 3835 1403 3890 sed
1449 3849 1513 3890 ex
1550 3832 1811 3888 floriferis
1856 3832 2048 3886 Eccle-

468 3935 566 3991 siae
586 3932 822 3989 vallibus
851 3928 1174 4001 procedens.
1201 3926 1391 3990 Adest,
1425 3925 1777 3994 minaturque
1811 3923 2047 3978 securim

471 4117 838 4179 exustionem,
873 4112 1246 4181 frumentique
1285 4110 1340 4165 in
1383 4110 1568 4164 divina
1618 4111 1813 4164 horrea
1845 4110 2053 4178 impor-

474 4208 739 4261 tationem
796 4203 1108 4257 annuntiat.
1144 4201 1256 4255 Nec
1294 4216 1402 4255 una
1430 4210 1702 4255 terrarum
1731 4211 1885 4271 parte
1917 4217 2053 4255 con-

476 4297 742 4365 spicitur;
779 4293 874 4349 sed
911 4308 1017 4362 qua
1043 4292 1283 4346 mundus
1326 4298 1493 4362 patet,
1525 4293 1770 4345 cernitur
1797 4291 2053 4346 omnibus

478 4389 610 4454 illis,
629 4387 723 4454 qui
753 4385 942 4439 oculos
976 4384 1076 4438 hoc
1102 4382 1415 4454 spectaculo
1445 4384 1638 4453 dignos
1659 4384 1881 4448 habent,
1900 4384 2055 4440 'lucis

480 4477 701 4531 lucerna
734 4472 921 4528 radios
958 4474 1154 4529 salutis
1182 4472 1459 4528 emittens.
1520 4470 1720 4527 Fundit
1752 4474 2053 4528 etiamnum

482 4569 666 4637 lingua
706 4566 876 4630 illius,
910 4565 1086 4620 instar
1108 4564 1229 4635 puri
1256 4563 1421 4619 fontis
1457 4563 1719 4619 doctrinae
1755 4562 1956 4620 fluenta
1984 4566 2055 4621 ὀ.

480 4658 632 4713 Licet
656 4656 800 4712 enim
829 4655 941 4726 jam
976 4655 1107 4709 olim
1147 4663 1438 4725 tyrannus,
1462 4657 1547 4709 vel
1586 4656 1768 4724 potius
1797 4656 2055 4712 adulterii

480 4749 815 4819 mancipium
853 4754 1016 4818 caput
1053 4746 1173 4816 ejus
1205 4754 1493 4820 amputare
1522 4762 1630 4801 non
1665 4749 1940 4804 horruerit
1968 4751 2052 4818 ἰς

481 4849 539 4894 at
578 4855 685 4893 una
742 4855 853 4895 non
904 4837 1139 4894 abscidit
1183 4838 1528 4908 eloquentem
1584 4839 1733 4895 illam
1786 4840 2052 4910 linguam.

481 4930 762 4985 Abstinuit
795 4928 1009 4999 gladius
1066 4929 1135 4983 ab
1189 4929 1548 4995 abscissione,
1611 4946 1738 4986 cum
1771 4930 2057 4985 incidisset

482 5024 723 5092 linguam
759 5021 909 5075 omni
940 5022 1183 5077 sectione
1216 5023 1721 5091 penetrabiliorem.
1771 5023 2055 5089 Quomodo

482 5112 630 5167 enim
663 5110 778 5166 fieri
806 5118 1017 5180 poterat
1040 5119 1098 5164 ut
1126 5113 1333 5182 lingua,
1367 5128 1489 5182 quae
1521 5122 1729 5167 natura:
1753 5115 2055 5168 necessita-

487 5212 593 5258 tem
625 5210 932 5272 superarat,
954 5211 1305 5269 superaretur
1321 5203 1388 5256 ab
1409 5204 1517 5257 ictu
1546 5204 1746 5274 gladii?
1771 5204 2059 5269 Quomodo

485 5308 584 5364 par
613 5302 751 5355 erat,
779 5300 837 5345 ut
874 5292 919 5346 is
955 5293 1046 5361 qui
1078 5300 1328 5347 materno
1352 5294 1532 5347 adhuc
1579 5306 1737 5348 utero
1760 5296 2056 5349 conclusus

484 5398 549 5436 os
576 5383 631 5436 in
656 5382 820 5437 verba
855 5382 1206 5447 formaverat,
1243 5385 1426 5437 carnis
1451 5384 1565 5455 jam
1615 5387 1847 5442 nexibus
1894 5403 2055 5442 exso-

489 5475 660 5541 lutus,
703 5488 733 5528 a
786 5475 1043 5545 loquendi
1111 5474 1369 5530 facultate
1414 5478 1840 5548 prohiberetur?
1891 5479 2059 5548 Igitur

489 5564 676 5634 lingua
733 5582 841 5621 non
900 5575 986 5623 est
1016 5576 1258 5635 exsecta,
1292 5584 1393 5625 nec
1425 5586 1531 5625 vox
1563 5587 1879 5643 compressa
1912 5590 1926 5627 :
1962 5574 2057 5629 sed

2137 3095 2487 3167 ἄνθαρακιτὰ
2518 3093 2669 3165 χείλη
2697 3090 3117 3163 καθῃρᾶσθαιΠ.
3139 3089 3502 3161 κεκαθᾶρθαι]
3525 3089 3730 3157 ;Ἐκεί-

2134 3204 2240 3239 νων
2269 3187 2377 3255 γάρ
2405 3203 2493 3255 μοι
2525 3184 2591 3238 τά
2624 3183 2718 3237 νῦν
2744 3184 2976 3254 μάλιστα
3008 3182 3088 3235 δεῖ
3102 3180 3178 3251 τῷ
3200 3180 3341 3248 λόγῳ
3356 3180 3730 3251 περιηχοῦντι,

2135 3278 2194 3332 ὃν
2214 3281 2242 3332 ό
2272 3278 2780 3349 μεγαλοφωνότατος
2802 3276 3178 3346 προανήχησεν
3204 3275 3260 3327 ἐν
3282 3274 3611 3345 προφήταις.
3634 3272 3730 3335 Τίς

2139 3368 2251 3424 οἷον
2286 3370 2373 3423 ἐπ’
2408 3368 2565 3439 ὅρους
2591 3366 2769 3438 ὑψηλῇ
2793 3366 3001 3437 διανοίᾳ
3028 3364 3372 3423 ἀναϐιϐάσει,
3398 3364 3738 3434 ὡρμημένον

2146 3461 2444 3532 κηρύσσειν
2484 3462 2583 3531 τὴν
2614 3460 2796 3531 φωνὴν
2828 3459 2922 3512 τοῦ
2960 3459 3158 3526 Λόγου,
3200 3457 3294 3509 τοῦ
3327 3457 3603 3519 Βασιλέως
3640 3455 3738 3508 τὸν

2146 3555 2404 3625 κήρυκα;
2432 3554 2671 3622 Πάρεστι
2706 3551 2815 3623 γάρ
2854 3551 2948 3605 καὶ
2994 3550 3089 3604 νῦν
3119 3552 3152 3619 ἡ
3195 3549 3404 3619 μεγάλη
3431 3550 3531 3617 τῆς
3565 3566 3730 3618 μετα-

2149 3644 2296 3705 νοίας
2334 3644 2589 3711 σάλπιγξ,
2621 3644 2690 3695 τὰ
2736 3642 2857 3695 θεῖα
2887 3640 3224 3704 σαλπίζουσα
3272 3639 3731 3708 παραγγέλματα,

2147 3738 2248 3789 οὐκ
2288 3735 2572 3807 ἐρημικῶν
2612 3736 2950 3806 προῖσχουσα
2986 3733 3224 3804 χωρίων,
3262 3732 3396 3786 ἀλλὰ
3420 3732 3530 3785 τῶν
3565 3732 3724 3799 ἀνθη-

2150 3830 2333 3900 φὸρων
2361 3830 2460 3899 τῆς
2499 3826 2827 3897 Ἐκκλησίας
2871 3826 3153 3880 κοιλάδων.
3188 3825 3457 3895 Πάρεστιν
3494 3822 3723 3877 ἀπειλῶν

2094 3989 2099 3996 _
2149 3921 2250 3992 τὴν
2288 3920 2500 3990 ἀξίνην,
2545 3920 2641 3972 καὶ
2672 3918 2770 3989 τὴν
2796 3918 2970 3989 τομὴν
2994 3919 3105 3979 τοῖς
3153 3916 3448 3987 ἀκάρποις,
3493 3917 3588 3969 καὶ
3631 3914 3730 3983 τὴν

470 4025 832 4082 infructuosis
880 4031 938 4078 et
962 4020 1238 4077 excidium
1268 4021 1335 4086 ‘9,
1385 4028 1440 4074 et
1489 4020 1770 4090 palearum
1811 4017 1879 4072 ab
1929 4019 2053 4087 igne
2097 4059 2100 4061 Α

2154 4013 2259 4065 ὑπὸ
2285 4012 2377 4064 τοῦ
2397 4011 2579 4082 ,πυρὸς
2598 4009 2691 4063 τοῦ
2728 4009 2932 4079 ἀχύρου
2969 4007 3186 4074 καῦσιν,
3219 4007 3314 4060 καὶ
3342 4007 3442 4078 τὴν
3461 4006 3557 4059 τοῦ
3588 4005 3737 4059 σίτου

2156 4107 2236 4167 εἰς
2267 4102 2336 4156 τά
2363 4103 2481 4155 θεῖα
2515 4104 2742 4172 ταμιεῖα
2776 4100 3138 4168 καταγγέλλει
3182 4100 3462 4152 ἀπόθεσιν.
3512 4098 3739 4168 Ὀρᾶται

2098 4270 2101 4275 _
2156 4196 2256 4267 οὐχ
2288 4196 2370 4250 ἐνὶ
2407 4196 2564 4265 μέρει
2594 4197 2691 4265 τῆς
2719 4194 2842 4263 γῆς,
2868 4193 2983 4247 ἀλλ’
3016 4195 3122 4247 ἀνά
3153 4194 3332 4246 πᾶσαν
3353 4192 3452 4264 τὴν
3480 4191 3738 4261 οἰκουμέ-

2159 4308 2278 4361 νην,
2314 4284 2395 4353 of;
2439 4289 2561 4359 ὄψις
2591 4288 2684 4342 τοῦ
2736 4287 2981 4342 τοιούτου
3030 4287 3324 4358 θεάματος,
3370 4287 3463 4340 τοῦ
3507 4286 3685 4355 φωτὸς
3713 4288 3740 4337 ὁ

2157 4382 2372 4452 λύχνος,
2410 4381 2513 4450 τῆς
2548 4380 2819 4451 σωτηρίας
2852 4380 3194 4450 προπέμπων
3220 4379 3320 4443 τὰς
3365 4378 3740 4448 λαμπηδόνας.

2161 4476 2451 4546 Προχεῖται
2481 4474 2576 4526 καὶ
2598 4472 2694 4527 νῦν
2736 4476 2836 4541 τῆς
2864 4471 3072 4525 ἐκείνου
3120 4471 3369 4541 γλώσσης
3408 4470 3596 4538 ὥσπερ
3634 4488 3741 4543 πητ

2158 4567 2261 4636 γῆς
2310 4564 2558 4634 καθαρᾶς
2594 4563 2693 4633 τῆς
2737 4562 3087 4626 διδασκαλίας
3142 4562 3213 4616 τὰ
3244 4563 3482 4632 νάματα.
3529 4562 3592 4613 Ei
3632 4560 3743 4629 γὰρ

2158 4660 2255 4712 καὶ
2282 4656 2383 4727 τὴν
2429 4655 2671 4726 κεφαλὴν
2705 4655 2872 4708 πάλαι
2906 4656 3189 4726 τύραννος,
3241 4655 3442 4724 μᾶλλον
3476 4653 3534 4706 δὲ
3569 4670 3743 4723 μοιχι-

2159 4748 2257 4803 κοῦ
2288 4747 2474 4811 δοῦλος
2499 4746 2687 4814 ἄγους,
2710 4748 2961 4816 ἐκτεμεῖν
3009 4736 3316 4815 ὲφρυάξατο
3338 4785 3352 4810 ,
3384 4744 3500 4798 ἀλλ’
3523 4744 3582 4796 οὐ
3615 4760 3743 4795 συν-

2165 4840 2409 4907 απέτεμε
2443 4838 2541 4909 τὴν
2574 4837 2802 4891 εύλαλον
2827 4837 3097 4904 γλῶσσαν.
3145 4837 3418 4908 Ἐστράφη
3448 4836 3547 4908 τὴν
3570 4835 3746 4907 τομὴν

2163 4930 2223 4984 τὸ
2254 4930 2425 4999 ξίφος,
2453 4929 2684 4999 όξυτέρᾳ
2709 4926 3078 4998 περιτυχοῦσα
3119 4929 3258 4997 τομῇ
3282 4927 3382 4996 τῆς
3412 4928 3505 4980 τοῦ
3540 4928 3746 4979 Βαπτιο

2164 5022 2289 5075 στοῦ
2322 5020 2591 5091 γλώσσης.
2628 5020 2737 5073 Ποῦ
2763 5021 2871 5090 γὰρ
2918 5015 2986 5091 ἦν
3024 5019 3244 5089 θεμιτὸν
3276 5019 3601 5089 διατεμόντα
3641 5021 3746 5072 πᾶ-

2165 5131 2264 5167 σαν
2317 5115 2563 5185 ἀνάγκην
2603 5114 2703 5183 τῆς
2762 5113 2997 5182 φύσεως,
3054 5113 3202 5182 ἥττω
3250 5112 3499 5179 γενέσθαι
3558 5111 3746 5179 ξίφους

2163 5206 2372 5276 τομῆς;
2404 5205 2516 5257 Ποῦ
2537 5204 2594 5257 δὲ
2622 5204 2768 5267 εἰκὸς
2796 5204 2888 5255 τὸν
2921 5205 2978 5255 ὲν
3008 5202 3342 5274 σπαργάνοις
3366 5201 3555 5270 νηδύος
3580 5202 3749 5268 φθεγ-

2163 5298 2412 5367 γὸμενον,
2464 5296 2652 5349 τοῦτον
2697 5297 2926 5348 λυθέντα
2970 5295 3078 5347 τῶν
3131 5295 3404 5363 σαρκίνων
3460 5295 3748 5364 δεσμάτων

2164 5388 2481 5462 [ἁμμάτων]
2534 5389 2630 5460 τὴν
2706 5389 2949 5460 φθογγὴν
3006 5388 3353 5458 κωλυθῆναις
3394 5386 3602 5440 Οὐκοῦν
3645 5388 3749 5438 οὐκ

2164 5480 2377 5551 ἐτμήθη
2415 5482 2449 5551 ἡ
2496 5478 2737 5548 γλῶσσα,
2768 5480 2876 5533 οὐδ’
2908 5481 2942 5550 ἡ
2987 5481 3139 5550 φωνὴ
3177 5478 3469 5549 ἐπεσχέθη,
3516 5477 3631 5531 ἀλλ’
3664 5476 3747 5528 ἔτι

2166 5574 2263 5624 καὶ
2323 5569 2419 5624 νῦν
2472 5569 2570 5642 τὴν
2613 5570 2857 5641 Ἡρώδου
2918 5570 3166 5641 μοιχείαν
3212 5569 3382 5623 λαλεῖ.
3442 5568 3584 5622 Ἀλλ’
3633 5567 3749 5621 ἄνω

568 5740 764 5801 “Psal.
796 5747 1078 5817 cxxxrt,2.
1114 5750 1153 5784 ι’
1186 5748 1379 5807 Matth.
1408 5767 1457 5820 ι,
1481 5752 1569 5807 52.
1607 5753 1650 5785 ⁸⁸
1675 5750 1779 5810 lsa.
1800 5769 1875 5821 vt,
1896 5752 1950 5812 6.
1989 5753 2031 5786 ¹⁰
2060 5752 2250 5810 Matth.
2278 5752 2465 5821 ut,10;
2491 5752 2625 5811 Luc.
2648 5753 2802 5821 nt,9.
2833 5752 2880 5787 ¹⁰
2903 5751 3239 5820 Joan.v,35.
3273 5754 3315 5786 ἰ
3348 5752 3525 5808 Marc.
3552 5748 3739 5814 vr,‘23.
