4072 6432
284 284 385 346 193

779 280 1063 341 ORATIO
1104 282 1256 342 XVI.
1302 282 1455 343 —IN
1497 282 1885 342 DECOLLAT

1990 278 2143 341 NEM
2166 280 2225 339 S.
2264 278 2587 340 JOANNIS
2628 278 3027 340 ΒΑΡΤΙΞΤίΕ.

3453 276 3560 342 194

276 401 418 472 πρὸς
446 398 544 460 τὰς
580 395 746 450 αὑτοῦ
780 395 944 462 γονάς
974 394 1140 448 ἀνιὼν
1173 397 1202 448 ὀ
1238 396 1415 464 λόγος,
1449 396 1571 449 ὅλον
1617 397 1750 466 ἡμῖν
1778 396 1869 447 τὸν

1993 391 2137 447 todic
2162 392 2328 447 etiam
2364 391 2599 448 Herodis
2630 390 2957 445 adulterium
3008 390 3207 459 arguit.
3234 390 3304 444 At
3346 405 3564 448 revoce‘

277 492 490 547 ἐκείνου
526 489 637 559 βίον
662 487 1073 555 ἀπαγγειλάτω,
1108 488 1204 541 καὶ
1244 488 1342 557 ὅλη
1371 488 1469 557 τῆς
1499 488 1711 540 ἐκείνου
1744 486 1873 555 βιώ-

279 605 424 650 σεως
470 584 690 645 εὐωδία,
740 583 840 652 τὴν
884 582 1109 652 λογικὴν
1150 581 1403 651 αἴσθησιν
1457 581 1869 649 κατατερπέτω.

274 680 535 735 Μάλιστα
566 678 665 747 μὲν
699 674 810 745 γὰρ
850 674 993 744 μέγα
1021 672 1211 743 κέρδος
1244 672 1305 724 τὸ
1349 672 1446 725 καὶ
1487 672 1687 741 μέρους
1729 669 1874 733 τινὸς

272 771 379 825 τοῦ
412 770 622 823 ἐκείνου
656 767 774 839 βίου
805 766 987 820 λαλεῖν
1030 765 1092 817 τὸ
1118 764 1395 835 ὠφέλιμον
1420 782 1434 796 ·
1471 766 1699 835 ἄπειρον
1726 763 1783 817 δέ
1820 781 1873 816 τι

274 866 347 918 τὸ
375 863 672 931 σύμπασαν
721 857 822 929 τὴν
857 855 1066 910 ἐκείνου
1112 856 1337 909 ἐπιόντα
1386 854 1554 927 ζωὴν,
1593 853 1874 922 συλλέγειν

274 956 355 1009 τά
391 953 594 1024 ἀγαθά.

364 1216 502 1288 Ἤδη
558 1216 660 1287 μὲν
715 1211 809 1272 οὖν
864 1217 979 1280 τοῖς
1028 1211 1238 1281 δούλοις
1276 1217 1305 1271 ὁ
1331 1213 1587 1288 βασιλεὺς
1628 1218 1687 1270 ἐν
1712 1216 1877 1287 ὁμοία

290 1314 475 1384 μορφῇ
539 1310 899 1383 προσομιλεῖν
942 1309 1243 1380 ἐκεκρίκει,
1300 1309 1526 1363 καὶτοῦ
1559 1308 1727 1379 ὕψους
1778 1310 1877 1380 τῆς

287 1407 478 1476 θεῖκῆς
500 1403 928 1474 συγκαταὸἀντα
945 1403 1105 1474 δόξης
1133 1403 1438 1475 ἐνδημῆσαι
1472 1405 1537 1474 τῇ
1571 1402 1878 1475 ἀνθρώπων

284 1499 537 1569 ἐσχατιᾷ.
565 1497 715 1551 Ἔδει
744 1496 803 1550 δὲ
841 1495 953 1568 ἄρα
979 1495 1082 1565 τῆς
1113 1495 1256 1567 ὑπὲρ
1276 1496 1433 1564 λόγον
1466 1494 1671 1567 ταύτης
1694 1494 1880 1565 ἐπιδη-

286 1590 423 1662 μίας
480 1590 657 1662 μέγαν
709 1588 837 1643 τινὰ
900 1588 1158 1658 γενέσθαι
1233 1585 1602 1661 προάγγελον,
1661 1588 1877 1643 Γίνεται

298 1683 575 1753 Ἰωάννης,
613 1674 675 1736 οὗ
707 1680 910 1753 μείζων
940 1677 1118 1745 οὐδεὶς
1150 1682 1207 1734 ἐν
1241 1683 1522 1752 γεννητοῖς
1564 1680 1872 1749 γυναικῶν*

1973 501 2099 544 mus
2139 488 2444 540 orationem
2482 484 2550 539 ad
2598 484 2719 554 ejus
2753 494 2935 538 ortum
2966 491 3020 539 et
3071 483 3424 548 incunabula,
3483 496 3564 539 ιο-
3630 550 3636 563 λ

1974 578 2194 648 tiusque
2216 578 2342 633 vitae
2370 577 2667 632 decursum
2714 576 2875 631 nobis
2896 576 3176 639 denarret,
3214 584 3268 631 et
3301 583 3414 631 teta
3443 577 3566 632 vits‘
3616 568 3632 597 ³

1975 670 2044 725 ab
2069 671 2163 724 illo
2202 678 2499 725 transacta;
2530 668 2829 738 fragrantia
2864 683 3088 723 sensum
3129 668 3363 723 rationis
3393 669 3568 738 parti-

1974 761 2150 831 cipem
2201 761 2458 817 oblectet.
2516 760 2574 814 ln
2614 759 2852 814 maxime
2882 759 3028 812 enim
3064 758 3218 813 lucro
3250 760 3567 829 ponendum

1973 860 2082 917 est,
2136 866 2594 918 commemorare,
2644 866 2785 921 quas
2828 851 2914 905 vel
2948 865 3057 905 una
3086 850 3210 904 vitae
3261 840 3409 906 illius
3441 866 3569 921 pars

1976 944 2246 1000 utilitates
2276 945 2698 1015 complectatur,
2734 943 2983 998 intinitos
3007 951 3187 998 autem
3230 944 3447 1000 fructus
3476 961 3569 1015 pa-

1976 1040 2071 1104 rit,
2106 1041 2154 1097 si
2204 1042 2328 1112 quis
2360 1043 2529 1097 totius
2568 1042 2692 1096 vitae
2744 1042 2890 1096 illius
2940 1041 3084 1097 bona
3118 1040 3174 1095 in
3207 1057 3378 1097 unum
3411 1043 3570 1098 colli-

1978 1146 2108 1201 gere
2139 1134 2516 1211 aggrediatur.

2054 1224 2200 1297 Ergo
2225 1225 2339 1293 jam
2399 1224 2512 1281 Rex
2547 1227 2793 1283 caelestis
2866 1242 2991 1281 cum
3033 1228 3213 1283 servis
3239 1228 3375 1294 suis,
3401 1225 3571 1282 simili

1983 1318 2218 1374 vestitus
2251 1315 2455 1381 forma,
2501 1319 2708 1374 versari
2753 1328 2806 1372 et
2852 1318 3127 1385 habitare,
3168 1329 3221 1374 et
3270 1335 3332 1374 ex
3371 1319 3567 1373 altitu-

1981 1405 2109 1461 dine
2153 1404 2354 1460 divina:
2385 1406 2576 1475 gloriae
2613 1406 2679 1460 ad
2737 1406 2837 1460 has
2883 1406 3023 1460 imas
3066 1406 3357 1459 hominum
3404 1404 3571 1460 sedes

1981 1495 2324 1553 descendere
2366 1496 2722 1563 decreverat;
2755 1496 3042 1567 oportebat
3090 1497 3262 1566 igitur
3317 1504 3375 1550 ut
3407 1496 3571 1565 hujus

1982 1590 2284 1646 descensus
2341 1600 2396 1645 et
2450 1591 2721 1644 adventus
2756 1604 2975 1644 omnem
3017 1590 3288 1643 rationem
3336 1602 3572 1656 exsupe-

1982 1683 2159 1738 rantis
2203 1682 2439 1754 insignis
2508 1682 2841 1752 deligeretur
2892 1682 3256 1751 praenuntius.
3315 1678 3570 1735 Nascitur

285 1776 384 1829 καὶ
417 1773 720 1844 προφθάνει
745 1773 904 1827 τόκον
940 1772 1199 1844 ὑπερφυῆ
1231 1774 1526 1845 παρθένου,
1555 1774 1713 1837 τόκος
1739 1788 1885 1825 στει-

1990 1773 2252 1840 Joannes,
2315 1789 2426 1845 quo
2461 1774 2641 1842 major
2692 1775 2833 1828 inter
2872 1782 3029 1828 natos
3082 1773 3373 1828 mulierum
3409 1786 3572 1827 nemo

287 1866 561 1938 ρευούσης
611 1865 952 1937 παράδοξοςο
1003 1866 1098 1919 καὶ
1146 1866 1408 1936 προανθεί
1442 1865 1674 1935 στάχυος
1712 1864 1882 1919 ἀσπό-

286 1976 410 2031 ρου,
446 1958 856 2028 μαραινομένης
899 1956 1057 2029 ῥίζης
1097 1956 1348 2027 βλαστὸς,
1400 1959 1496 2011 καὶ
1541 1957 1658 2010 λύει
1693 1956 1885 2027 ὥσπερ

288 2049 484 2118 νηδύος
524 2050 623 2121 τὴν
678 2049 990 2119 στείρωσιν,
1050 2047 1196 2103 οὕτω
1247 2050 1341 2103 καὶ
1391 2048 1651 2119 γλώσσης
1679 2047 1879 2117 δεσμά.

290 2140 433 2196 Οὐδὲ
461 2141 570 2211 γὰρ
601 2140 708 2193 ἔδει
729 2141 912 2210 φωνῆς
939 2140 1362 2212 ἀποτεχθείσης,
1389 2140 1482 2193 τὸν
1511 2141 1742 2195 τεκόντα
1768 2158 1883 2210 φω-

294 2234 398 2303 νῆς
426 2234 696 2304 ἀμοιρεῖν,
730 2232 835 2285 οὐδ’
870 2232 1149 2302 ἄφθογγον
1188 2229 1331 2287 εῖναι
1371 2233 1464 2287 τὸν
1516 2234 1615 2304 τῆς
1651 2234 1885 2302 σάλπιγ-

298 2338 403 2389 γος
427 2321 622 2377 αἴτιον.
660 2320 853 2374 Λύεται
882 2322 1066 2375 τοίνυν
1095 2323 1194 2392 τῆς
1224 2323 1381 2394 δίκης
1407 2324 1508 2394 τῆς
1539 2324 1752 2394 σιωπῆς
1781 2325 1887 2378 Ζα-

307 2411 524 2483 χαρίας,
547 2411 801 2476 λύσαντος
831 2412 931 2478 τὰς
960 2413 1153 2478 ὠδῖνας
1175 2414 1268 2467 τοῦ
1299 2413 1531 2486 βρέφους
1554 2432 1567 2445 ·
1600 2416 1695 2470 καὶ
1720 2415 1888 2485 φθέγ-

300 2521 456 2572 γεται
517 2505 641 2557 νέαν
674 2504 879 2577 φωνὴν,
910 2507 1009 2575 τῆς
1045 2506 1271 2577 πρώτης
1299 2507 1511 2578 ἀμείνω
1555 2510 1650 2562 καὶ
1684 2508 1887 2563 θειοτέ-

293 2614 421 2667 ραν,
451 2598 549 2661 τήν
572 2614 634 2650 τε
665 2598 1005 2669 Δεσποτικὴν
1037 2600 1329 2670 ἐπίσκεψιν
1375 2601 1678 2669 ἁναφωνῶν
1717 2603 1775 2654 ἐν
1809 2601 1886 2673 τῷ

290 2687 597 2759 Πνεύματι,
644 2691 740 2743 καὶ
766 2691 867 2763 τὴν
889 2692 985 2746 τοῦ
1021 2694 1211 2758 παιδὸς
1240 2696 1498 2767 πορείαν,
1535 2697 1602 2765 ἢν
1644 2697 1751 2768 πρὸ
1791 2698 1885 2750 τοῦ

300 2781 564 2851 Ὑψίστου
596 2783 953 2855 πορεύσεται,
983 2786 1361 2857 ὑφηγούμενος
1381 2805 1395 2818 ·
1445 2790 1507 2841 οὐ
1550 2790 1707 2859 μόνον
1737 2790 1792 2842 δὲ
1821 2788 1886 2861 δὴ

299 2874 458 2946 μέχρι
477 2877 751 2948 Ζαχαρίου
777 2878 987 2931 ἵσταται
1011 2879 1080 2934 τά
1111 2881 1436 2951 τελούμενα,
1465 2882 1602 2937 ἀλλὰ
1631 2883 1726 2936 καὶ
1764 2883 1888 2950 δογ-

306 2968 485 3037 μάτων
523 2969 824 3040 ὁρωμένων
851 2971 1150 3044 βαθύτερον
1171 2975 1229 3027 ἐν
1255 2974 1466 3038 τούτοις
1513 2976 1888 3047 καταθεωρεί-

304 3075 412 3114 ται.
456 3059 515 3114 '0
545 3063 658 3132 γάρ
685 3078 769 3116 τοι
801 3062 1032 3127 παλαιὸς
1058 3066 1222 3136 νόμος
1272 3066 1370 3137 τὴν
1400 3085 1470 3137 γη
1482 3068 1637 3138 ραιὰν
1664 3068 1773 3120 τῶν
1802 3072 1890 3121 ἐν·

300 3150 588 3223 ταλμάτων
648 3154 831 3226 φωνὴν
878 3157 959 3218 είς
1012 3159 1210 3229 καινὴν
1263 3164 1600 3228 μετεποιεῖτο
1640 3160 1716 3230 τῷ
1744 3162 1888 3215 κατὰ

303 3246 534 3318 1ἰριστον
562 3247 797 3319 δόγματι
823 3250 1221 3323 καινιζόμενος.
1270 3252 1432 3305 Ἀλλὰ
1463 3254 1572 3324 γὰρ
1612 3253 1754 3309 οὕτω
1791 3254 1890 3323 μὲν

296 3338 619 3409 παραδόξως
642 3339 881 3410 γαστρὸς
903 3342 1133 3395 ἀτέκνου
1159 3343 1408 3411 πρόεισιν
1449 3344 1726 3411 Ἰωάννης,
1787 3344 1889 3414 ἤδη

302 3429 399 3482 τοῦ
429 3430 621 3501 καιροῦ
650 3430 943 3497 καλοῦντος
974 3434 1111 3505 πρὸς
1152 3436 1436 3488 εὐτεκνίαν
1464 3435 1562 3506 τὴν
1588 3436 1888 3505 ἱερωτάτην

302 3521 399 3576 τοῦ
422 3524 758 3593 Μονογενοῦς
794 3525 1034 3596 νύμφην.
1062 3526 1521 3598 Παραδοξοτέρων
1568 3528 1612 3581 δ’
1644 3527 1889 3600 ἀπάρχε-

301 3634 414 3681 ται,
464 3617 756 3688 θαυμαστὰ
811 3620 1146 3691 θαυμαστοῖς
1197 3622 1507 3685 συνάπτων,
1538 3622 1635 3675 καὶ
1666 3622 1888 3691 ὑψηλοῖς

299 3709 504 3781 ὑψηλά.
539 3711 614 3763 Οὐ
634 3712 1004 3782 γὰρκατὰτὴν
1025 3714 1424 3784 νενομισμένην
1444 3716 1509 3784 τῇ
1537 3713 1695 3783 φύσει
1716 3713 1887 3767 αἰῶνα

300 3802 549 3876 [ᾑώνιζε]
581 3804 748 3875 ζωὴν,
770 3806 893 3859 ούδέ
920 3808 1031 3869 τοῖς
1049 3807 1199 3860 κάτω
1216 3806 1487 3860 δουλεύειν
1512 3807 1773 3878 ὑπέμεινε
1800 3807 1889 3859 νό-

305 3914 446 3963 μοις,
475 3897 595 3950 ἀλλ’
621 3897 699 3951 ὦο
712 3915 815 3970 περ
845 3898 951 3965 ἔξω
978 3900 1157 3967 πάσης
1190 3901 1453 3972 σαρκίνης
1487 3901 1733 3971 ἀνάγκης
1765 3902 1886 3969 μετ’

306 3990 552 4057 ἀγγέλων
578 3991 751 4054 ἐόίου,
776 3993 871 4045 καὶ
898 3996 963 4065 τῇ
992 3994 1216 4047 ἐκείνων
1258 3996 1593 4066 συνανήγετο
1619 3994 1883 4064 πολιτείᾳ.

300 4084 412 4136 Καὶ
436 4084 569 4151 γοῦν
622 4086 945 4139 καταλείπει
993 4088 1097 4147 τὰς
1142 4090 1198 4139 ἐν
1225 4088 1378 4141 ἄστει
1401 4086 1706 4158 διατριϐὰς,
1732 4087 1889 4138 οὐδα-

300 4174 420 4244 μῶς
476 4175 801 4246 ἀνθρώπους
848 4178 1023 4247 μισῶν
1077 4179 1218 4250 (πῶς
1266 4179 1377 4250 γάρ
1410 4181 1439 4232 ὀ
1502 4177 1887 4249 φιλανθρώπου

294 4268 574 4320 Δεσπότου
604 4268 803 4338 κῆρυξ,
855 4270 950 4323 καὶ
981 4270 1083 4341 τῆς
1107 4271 1217 4325 τῶν
1262 4270 1568 4342 ἀνθρώπων
1611 4274 1888 4342 σωτηρίας

294 4356 696 4428 εύαγγελιστής
716 4375 731 4423 ;
755 4358 772 4429 )
797 4376 810 4389 ο
844 4360 960 4412 ἀλλ’
987 4362 1178 4433 ἐχρῆν,
1209 4362 1284 4425 ώς
1335 4362 1502 4429 ἔοικε,
1540 4364 1630 4417 τὸν
1657 4364 1887 4434 δορυφό-

1988 1866 2256 1923 exatitit:
2298 1874 2633 1936 partumque
2677 1865 2925 1919 divinum
2963 1864 3206 1936 Virginis
3253 1864 3568 1929 antevertit,

1984 1968 2180 2031 partus
2212 1960 2530 2029 inopinatus
2564 1959 2872 2014 infecundae
2896 1959 3114 2024 matris,
3147 1965 3204 2013 et
3229 1957 3386 2028 prius
3417 1956 3570 2011 efﬂo-

1990 2052 2160 2107 rescit
2194 2065 2363 2122 quam
2400 2052 2554 2122 spica
2587 2065 2697 2105 non
2753 2060 2893 2116 sata,
2940 2051 3149 2104 arentis
3203 2049 3404 2103 radicis
3446 2062 3570 2119 ger-

1988 2157 2137 2197 men.
2173 2142 2241 2196 Et
2267 2150 2323 2195 ut
2348 2143 2561 2198 ventris
2590 2142 2938 2198 sterilitatem
2977 2183 2992 2208 ,
3036 2142 3108 2195 ita
3132 2150 3185 2195 et
3221 2142 3419 2210 linguae
3453 2140 3569 2193 vin-

1988 2235 2112 2289 cula
2142 2236 2331 2292 solvit.
2363 2233 2482 2289 Non
2516 2236 2663 2290 enim
2697 2235 2947 2303 decebat,
2984 2243 3041 2289 ut
3064 2233 3241 2304 genita
3270 2248 3423 2297 voce,
3474 2248 3570 2299 ge-

1993 2328 2143 2382 nitor
2204 2342 2406 2397 expers
2458 2327 2612 2382 vocis
2672 2334 2959 2391 maneret;
2997 2334 3255 2378 mutusve
3284 2339 3431 2378 esset
3456 2324 3568 2387 ille,

1988 2422 2083 2490 qui
2120 2419 2265 2475 tuba:
2288 2435 2456 2475 causa
2487 2421 2805 2474 exstiterat.
2832 2418 3147 2473 Absolvitur
3168 2418 3334 2487 igitur
3370 2415 3569 2470 Zacha-

1990 2514 2104 2570 rias
2131 2528 2161 2567 a
2193 2513 2422 2569 silentio
2460 2528 2571 2584 quo
2615 2513 2906 2567 damnatus
2944 2512 3142 2577 fuerat,
3179 2510 3387 2565 infante
3413 2509 3570 2564 dolo-

1988 2621 2081 2662 res
2111 2605 2488 2662 dissolvente:
2516 2615 2825 2675 vocemque
2886 2604 3069 2659 fundit
3136 2618 3353 2671 novam,
3388 2604 3570 2672 priore

1990 2699 2083 2754 illa
2112 2699 2274 2769 longe
2302 2698 2588 2754 meliorem
2615 2705 2669 2754 et
2690 2697 3036 2762 diviniorem,
3065 2698 3192 2751 dum
3249 2695 3462 2750 Domini
3492 2696 3569 2750 vi-

1990 2793 2307 2849 sitationem
2334 2793 2391 2847 in
2442 2791 2651 2862 Spiritu
2677 2792 2952 2855 decantat,
2984 2790 3251 2859 puerique
3273 2789 3436 2854 viam,
3464 2802 3570 2858 qua

1990 2893 2121 2939 ante
2150 2884 2351 2939 faciem
2391 2883 2663 2938 Altissitni
2696 2883 2879 2938 iturus
2929 2890 3071 2946 erat,
3103 2882 3351 2950 exponit.
3389 2882 3570 2950 Neque

1990 2975 2278 3029 miraculis
2311 2976 2463 3029 circa
2492 2973 2817 3029 Zachariam
2843 2975 3015 3045 gestis
3047 2988 3137 3028 res
3163 2972 3373 3027 ﬁnitur.
3428 2971 3571 3039 Quin

1992 3067 2410 3137 profundiorem
2435 3067 2734 3137 quamdam
2770 3066 3104 3129 doctrinam,
3134 3082 3299 3135 quam
3327 3066 3399 3121 sit
3456 3068 3573 3119 vut-

1998 3159 2168 3228 garis,
2202 3167 2258 3213 et
2290 3173 2415 3227 quae
2458 3158 2515 3211 in
2546 3159 2795 3212 omnium
2841 3168 3141 3229 conspectu
3173 3158 3370 3229 posita,
3408 3159 3459 3211 in
3488 3160 3574 3215 his

1994 3250 2355 3305 considerare
2399 3250 2550 3305 licet.
2606 3248 2748 3303 Nam
2811 3250 2895 3305 lex
2950 3260 3107 3305 vetus
3156 3262 3393 3306 veterem
3426 3252 3572 3304 illam

1993 3344 2375 3398 mandatorum
2408 3357 2597 3398 vocem
2632 3343 2687 3397 in
2711 3358 2907 3398 novam
2938 3345 3315 3409 commutavit,
3349 3359 3444 3413 per
3479 3360 3573 3398 sa-

1994 3437 2229 3490 lutarem
2290 3436 2501 3490 Christi
2549 3436 2956 3491 institutionem
3006 3447 3290 3492 renovata.
3338 3438 3397 3491 ln
3427 3438 3573 3491 hunc

1993 3531 2217 3585 modum
2263 3545 2331 3583 ex
2393 3529 2696 3584 infecundo
2747 3536 2904 3583 utero
2926 3539 3122 3599 praeter
3156 3530 3470 3598 opinionem
3519 3539 3574 3582 et

1990 3622 2461 3693 exspectationem
2489 3621 2735 3677 Joannes
2764 3623 3139 3691 pronascitur,
3164 3622 3413 3691 cumjam
3436 3633 3575 3677 tem-

1993 3730 2096 3785 pus
2133 3714 2571 3770 sacratissimam
2604 3714 2911 3787 Virginem,
2947 3724 3001 3770 et
3054 3714 3330 3787 Unigeniti
3374 3732 3575 3786 parcn-

1992 3817 2100 3863 tem
2128 3809 2194 3861 ad
2229 3807 2629 3864 fecunditatem
2669 3818 2912 3873 vocaret,
2949 3811 3233 3880 multoque
3258 3811 3437 3865 adhuc
3473 3811 3572 3863 ad-

1992 3899 2303 3954 mirabilius
2334 3901 2459 3955 vitze
2479 3916 2710 3957 cursum
2736 3902 2979 3965 inchoat,
3016 3902 3264 3955 miranda
3286 3902 3573 3966 mirandis,

1990 3998 2047 4045 et
2071 3990 2328 4046 sublimia
2360 3990 2692 4046 sublimibus
2725 3993 3106 4047 accumulans.
3134 3992 3250 4046 Non
3292 3993 3436 4047 enim
3492 3994 3576 4045 vi-

1992 4086 2102 4131 tam
2132 4078 2258 4134 aliis
2288 4079 2555 4134 usitatam
2587 4079 2843 4151 degebat,
2874 4096 3051 4152 neque
3079 4084 3313 4139 terrenis
3336 4082 3574 4138 decretis

1993 4174 2201 4228 servire
2244 4172 2505 4242 dignatus
2542 4181 2663 4239 est;
2689 4173 2785 4229 sed
2828 4174 2987 4245 quasi
3050 4175 3235 4230 carnis
3268 4177 3417 4231 mole
3455 4177 3571 4246 jam

1993 4272 2192 4320 exutus
2225 4279 2351 4319 eum
2377 4265 2590 4334 angelis
2623 4264 2970 4329 versabatur,
3019 4279 3322 4336 eorumque
3362 4268 3579 4323 vivendi

1994 4358 2267 4412 rationem
2310 4358 2652 4412 sectabatur.
2690 4358 2745 4410 In
2795 4358 2933 4411 urbe
2979 4359 3312 4413 commorari
3372 4359 3577 4422 renuit,

295 4466 393 4521 ρον
412 4449 510 4503 τοῦ
538 4450 719 4520 πάσης
747 4453 1006 4506 ἐπέκεινα
1026 4454 1185 4525 δόξης
1202 4458 1297 4509 καὶ
1326 4456 1577 4522 εὐταξίας
1598 4457 1884 4527 βασιλέως,

1996 4466 2105 4505 non
2129 4451 2256 4505 odio
2297 4451 2582 4505 hominum
2614 4451 2914 4520 (quomodo
2947 4452 3092 4505 enim
3130 4467 3307 4521 prmco
3344 4453 3579 4516 Domini,

296 4540 589 4610 κρείττονα
627 4538 765 4597 εῖναι
796 4545 1039 4599 ἀστικῶν
1070 4548 1325 4619 ταραχῶν
1346 4590 1361 4612 ,
1410 4551 1506 4602 καὶ
1557 4552 1885 4623 ταπεινότη-

294 4651 415 4698 τος.
446 4634 600 4705 Ἀμα
647 4638 703 4690 δὲ
754 4639 850 4691 καὶ
896 4639 1196 4709 μελλούσης
1238 4644 1361 4711 ἄρτι
1394 4646 1509 4706 τοῖς
1547 4643 1888 4698 δουλεύουσιν

301 4729 555 4801 ἁμαρτίᾳ
580 4729 666 4784 διά
690 4732 791 4802 τῆς
827 4734 887 4787 ἐν
919 4736 1103 4803 χάριτι
1127 4736 1404 4800 πολιτείας
1429 4738 1742 4810 ἐλευθερίας
1786 4758 1887 4809 μη-

299 4827 553 4887 νύεσθαι,
588 4827 883 4882 ἀκόλουθον
905 4824 975 4899 ἦν
999 4829 1058 4895 ἐξ
1100 4832 1338 4901 ἐρημίας
1369 4832 1431 4884 τὸ
1462 4835 1684 4903 μήνυμα
1709 4835 1887 4903 ἥκειν,

297 4919 495 4990 ὥσπερ
520 4920 584 4990 δὴ
609 4922 703 4973 καὶ
738 4919 818 4991 τῷ
852 4922 1211 4992 πρεσϐυτέρῳ
1256 4924 1474 4995 Ἰσραὴλ
1506 4925 1605 4994 τῆς
1633 4926 1692 4977 έν
1720 4928 1891 4994 Δίγυ-

302 5028 426 5082 πτῳ
454 5011 696 5075 δουλείας
720 5011 781 5076 ἐξ
810 5012 969 5084 ὄρους
990 5009 1093 5083 ἧκε
1123 5015 1384 5084 Μωῦσῆς,
1410 5016 1771 5084 ἀπαγγέλλων
1794 5016 1892 5084 τὴν

302 5105 705 5176 ἀπολύτρωσιν.
724 5107 866 5170 Ἕως
896 5107 998 5177 μὲν
1023 5107 1116 5161 οἶίν
1144 5109 1174 5159 ὁ
1202 5108 1476 5178 βασιλεὺς,
1503 5110 1890 5171 ταπεινώσεως

300 5197 541 5267 πλούτῳ,
575 5198 675 5268 τῆς
718 5199 912 5252 ἑαυτοῦ
950 5199 1110 5267 δόξης
1134 5201 1225 5252 τὸν
1270 5200 1503 5253 πλοῦτον
1538 5201 1888 5265 ὑπέστελλεν,

300 5288 536 5358 ἀφανέσι
562 5290 785 5360 χωρίοις
825 5293 920 5344 καὶ
955 5293 983 5343 ὁ
1018 5294 1356 5363 στρατιώτης
1402 5294 1702 5364 ἐνόιῃτᾶτο.
1739 5295 1892 5346 Ἐπεὶ

297 5384 357 5436 δὲ
390 5385 421 5437 ὁ
453 5384 642 5452 καιρὸς
695 5384 1013 5454 ἐφεστήκει,
1051 5385 1175 5438 καθ’
1223 5386 1282 5438 ὃν
1332 5384 1461 5451 ἔδει,
1489 5386 1588 5438 ὅσα
1617 5386 1768 5456 παρὰ
1796 5385 1892 5438 τοῦ

304 5477 520 5546 [ἰατρὸς
544 5478 574 5529 ό
629 5478 941 5548 Μονογενὴς
976 5479 1202 5548 ἢκουσε,
1238 5479 1625 5550 χρηματίζειν,
1672 5480 1793 5533 τότε
1827 5477 1893 5551 δὴ

300 5576 395 5628 καὶ
419 5575 562 5638 τότε,
594 5575 690 5627 καὶ
717 5577 745 5627 ὁ
782 5575 881 5644 τῆς
907 5576 1118 5645 ἐρήμου
1147 5576 1437 5646 τρόφιμος,
1480 5575 1686 5629 ἄνωθεν
1712 5575 1893 5628 λαϐὼν

297 5670 357 5721 τὸ
410 5667 699 5738 ἐνδόσιμον
737 5665 833 5718 τοῦ
886 5666 1243 5737 κηρύγματος
1275 5708 1289 5729 ,
1323 5668 1553 5737 ἄρχεται
1610 5668 1893 5737 ὁμαλίζειν

297 5760 520 5831 τρίϐους
536 5758 822 5829 τραχείας,
843 5758 961 5829 ἦτοι
989 5757 1218 5828 καρδίας
1236 5759 1578 5831 ἀτεράμονας
1601 5762 1666 5831 τῇ
1690 5763 1892 5815 Δεσπο-

635 5857 905 5915 l’ATnOL.
941 5856 1057 5915 Gn.
1099 5854 1284 5915 Ci’ll.

1996 4545 2093 4613 qui
2128 4544 2384 4598 homines
2418 4551 2705 4612 tantopere
2741 4545 2985 4609 amabat,
3025 4552 3080 4598 et
3105 4545 3303 4599 salutis
3331 4546 3583 4599 humana:

1997 4636 2367 4707 evangelista,
2397 4636 2649 4692 homines
2677 4638 2963 4706 odisset?),
2998 4637 3093 4693 sed
3127 4639 3254 4707 quia
3272 4640 3579 4707 oportebat,

2000 4740 2059 4786 ut
2091 4732 2359 4786 credibile
2411 4741 2521 4796 est,
2552 4732 2842 4787 satellitem
2877 4731 3062 4799 Regis,
3093 4732 3182 4801 qui
3221 4730 3369 4786 omni
3411 4731 3583 4800 gloria

1999 4836 2052 4881 ct
2083 4826 2275 4880 ordine
2303 4825 2559 4895 superior
2578 4834 2688 4886 est,
2714 4824 3071 4879 excelsiorem
3100 4838 3223 4878 esse
3254 4823 3403 4876 omni
3433 4824 3581 4876 civili

1999 4923 2161 4975 turba
2192 4929 2245 4975 et
2277 4919 2608 4988 abjectionc.
2639 4919 2890 4981 Accedit,
2917 4916 3061 4988 quod
3094 4931 3220 4971 cum
3251 4916 3317 4971 iis
3344 4917 3437 4986 qui
3469 4934 3587 4988 ρος·
3643 4944 3651 4967 ,η

1998 5026 2125 5069 cato
2162 5016 2501 5075 serviebant.
2535 5015 2768 5069 libertas
2792 5029 2890 5084 per
2916 5021 3119 5068 statum
3140 5013 3335 5084 gratiae
3374 5013 3584 5073 futura.

2001 5107 2381 5163 annuntianda
2416 5114 2586 5171 esset,
2627 5121 2979 5176 consequens
3009 5116 3151 5169 erat,
3199 5113 3257 5159 ut
3284 5121 3349 5159 ex
3388 5107 3589 5159 solitu-

1999 5202 2129 5257 dine
2150 5204 2382 5256 nuntius
2414 5201 2518 5257 iste
2550 5199 2819 5269 prodiret,
2857 5200 3322 5268 quemadmodum
3360 5198 3589 5267 antiquo

2002 5294 2195 5349 lsraeli
2226 5310 2292 5348 ex
2340 5299 2529 5347 monte
2562 5285 2783 5360 Moyses
2837 5291 3043 5346 missus
3090 5300 3198 5355 est,
3250 5290 3590 5343 annuntians

1998 5386 2206 5456 populo
2246 5382 2680 5455 redemptionem
2700 5398 2769 5438 ex
2805 5382 3074 5438 servitute
3096 5380 3377 5451 Egyptia.
3408 5378 3591 5443 Quan-

2001 5478 2094 5532 diu
2150 5493 2280 5545 ergo
2318 5492 2412 5531 rex
2456 5476 2668 5532 divitiis
2709 5474 3070 5536 humilitatis,
3133 5473 3358 5528 divitias
3398 5472 3592 5541 gloria:

2001 5576 2240 5645 tegebat,
2276 5572 2469 5627 tandiu
2525 5572 2694 5627 etiam
2729 5572 2887 5626 miles
2918 5571 3068 5626 illius
3094 5580 3150 5626 et
3208 5579 3591 5639 propugnator

2003 5670 2223 5724 abditus
2271 5668 2325 5723 in
2366 5668 2505 5724 locis
2555 5667 2691 5722 solis
2733 5665 3072 5721 morabatur.
3119 5665 3191 5718 At
3222 5679 3346 5718 cum
3374 5670 3594 5731 tempus

2005 5762 2248 5827 advenit,
2294 5778 2403 5834 quo
2438 5761 2616 5818 Filius
2673 5761 2880 5828 omnia,
2922 5775 3043 5830 qua:
3093 5774 3120 5814 a
3149 5759 3307 5813 Patre
3335 5757 3584 5813 audierat

3224 5852 3253 5915 7
