4072 6468
472 326 573 391 195

1690 322 1965 383 LEONIS
2002 321 2130 381 PH]
2144 320 2466 382 LOSOPHI

3602 318 3704 383 136

467 439 677 497 mundo
702 438 1006 510 patefacere
1031 436 1283 502 debebat,
1325 445 1456 492 tunc
1484 447 1535 491 et
1570 435 1739 492 eremi
1772 436 2029 489 alumnus

2143 436 2258 505 τικῇ
2292 433 2385 486 καὶ
2414 432 2536 502 θείᾳ
2561 430 2899 502 διδασκαλίᾳ,
2930 430 3024 486 καὶ
3055 430 3260 502 ἀπηχεῖ
3285 430 3383 501 μὲν
3409 431 3511 502 τῆς
3543 448 3708 502 μετα-

468 541 694 602 accepto
714 547 744 586 e
769 532 926 586 cmlis
961 529 1366 599 praedicationis
1390 528 1707 583 inchoanda:
1729 528 1905 599 signo,
1946 528 2033 582 in-

472 624 609 694 cipit
639 622 759 678 vias
786 620 1167 689 asperas“'",
1192 620 1405 674 animas
1433 618 1687 673 videlicet
1713 617 2035 673 inflexibiles

468 722 524 769 et
570 713 759 773 duras,
806 710 993 765 divina
1037 710 1289 765 doctrina
1330 710 1575 779 planare,
1637 718 1691 763 et
1740 707 2035 777 aequabiles

469 801 718 858 reddere.
745 800 811 854 Et
834 801 1213 872 paenitentiam
1254 802 1473 871 quidem
1501 800 1812 866 annuntiat,
1833 800 2036 871 quippe

470 893 732 948 salutaris
780 891 940 947 Verbi
971 907 1097 957 vox,
1132 906 1336 962 eosque
1370 893 1462 961 qui
1485 892 1880 947 emundatione
1905 906 2037 961 ege-

467 985 621 1047 bant,
643 983 872 1039 mundat
899 984 1066 1039 verbo
1094 992 1149 1039 et
1178 999 1341 1054 aqua,
1362 994 1418 1039 et
1450 999 1572 1039 eum
1601 984 1717 1054 qui,
1737 984 1783 1038 si
1821 991 2038 1052 tempus

471 1084 711 1144 spectes,
746 1076 1027 1145 posterius
1054 1083 1302 1140 venerat,
1338 1074 1514 1144 major
1554 1082 1735 1130 autem
1772 1082 1889 1128 erat
1911 1073 2038 1127 infi-

474 1170 646 1221 nitate
674 1168 950 1237 potentiae,
1000 1168 1175 1239 magis
1214 1182 1379 1237 quam
1412 1181 1648 1236 unquam
1678 1175 1836 1220 antea
1870 1179 2040 1234 appa-

472 1262 652 1323 ruisse
679 1259 900 1323 clamat,
950 1275 1108 1328 quem
1133 1266 1188 1313 et
1214 1258 1453 1326 perfecte
1480 1258 1533 1311 in
1568 1258 1765 1325 spiritu
1794 1256 2041 1326 baptiza-

471 1354 655 1402 turum
692 1356 941 1411 testatur,
973 1348 1188 1419 Agnum
1215 1348 1282 1411 ὀ,
1315 1347 1407 1417 qui
1462 1355 1815 1417 apparuerat,
1847 1354 2038 1401 osten-

471 1438 577 1506 dit,
612 1440 773 1510 cujus
797 1440 1081 1510 sanguinis
1110 1448 1298 1509 guttai,
1342 1455 1372 1494 a
1403 1440 1612 1509 peccati
1637 1439 1897 1495 sordibus
1942 1452 2032 1493 0r-

473 1530 595 1585 bctn
626 1538 897 1585 terrarum
925 1538 1318 1601 expurgarunt,
1363 1545 1526 1599 quem
1554 1538 1607 1585 et
1638 1530 1695 1584 in
1737 1538 1894 1585 utero
1940 1529 2038 1583 ad-

475 1621 582 1676 huc
622 1622 864 1683 abditus,
899 1622 1166 1692 agnoscit,
1197 1617 1535 1676 etJordauis
1571 1635 1715 1690 aqua
1745 1620 2037 1675 Dominum

475 1713 726 1767 similiter
777 1728 842 1767 ac
873 1728 1060 1769 servos
1091 1712 1287 1782 abluit,
1316 1712 1805 1782 testimoniumque
1826 1709 1966 1765 Filio
2003 1726 2035 1766 a
2064 1699 2110 1759 Β

472 1802 636 1857 Patre
665 1802 849 1856 datum
878 1802 1122 1858 exaudit.

547 1890 851 1961 Oportebat
886 1907 1039 1959 vero,
1071 1898 1127 1946 ut
1192 1906 1301 1946 non
1336 1899 1549 1946 tantum
1600 1898 1847 1947 mortuos
1877 1891 2039 1957 inter,

476 1987 574 2041 sed
604 1995 658 2041 et
704 1987 844 2040 inter
880 2000 999 2050 eos,
1022 1999 1162 2054 quos
1208 1984 1370 2039 inferi
1408 1984 1686 2050 tenebant,
1739 1998 2045 2055 praecursor

478 2083 647 2140 esset,
712 2074 990 2144 ferretque
1044 2073 1241 2129 iisdem
1288 2074 1629 2130 laetissimum
1670 2072 1739 2129 de
1793 2074 2044 2131 libertate

477 2168 754 2233 nuntium,
777 2167 843 2222 de
866 2166 1081 2221 Domini
1106 2167 1360 2223 videlicet
1383 2167 1616 2223 adventu
1648 2175 1703 2223 et
1728 2168 2043 2237 praesentia.

472 2260 742 2328 Quocirca
771 2261 986 2314 cultura
1006 2261 1272 2316 sermonis
1294 2267 1509 2331 pectora
1533 2260 1672 2315 dura
1699 2261 1956 2315 excolens
1976 2260 2045 2315 ad

473 2369 600 2408 eum
644 2369 883 2424 quoque,
920 2354 1016 2423 qui
1068 2368 1135 2408 eo
1169 2363 1411 2423 tempore
1442 2353 1583 2424 apud
1616 2351 1833 2410 Judaeos
1862 2368 2045 2409 rerum

477 2444 807 2513 potiebatur,
848 2442 1122 2513 pervenit,
1158 2443 1362 2499 sterilis
1417 2451 1474 2497 et
1501 2441 1830 2498 infructuosi
1878 2444 2043 2498 animi

478 2533 803 2589 medicinam
849 2534 1153 2603 explicans,
1187 2534 1272 2589 vel
1308 2535 1493 2604 potius
1530 2533 1788 2589 exitiales
1834 2535 2045 2605 peccati

479 2626 694 2681 fructus
746 2626 1022 2681 libertatis
1080 2626 1134 2680 in
1200 2624 1653 2696 reprehendendo
1689 2627 1849 2696 quasi
1910 2626 2048 2683 falce

478 2727 798 2788 amputans.
838 2716 974 2771 Nam
997 2718 1088 2788 qui
1124 2717 1367 2772 omnium
1400 2716 1640 2773 maxime
1670 2718 1818 2789 leges
1853 2726 2046 2773 custo-

476 2808 596 2864 dire
622 2808 876 2870 debebat,
927 2808 1219 2879 legumque
1261 2808 1654 2864 observatione
1692 2808 1951 2864 subditos
1980 2808 2048 2861 ad

481 2899 570 2955 sui
622 2898 1033 2954 observantiam
1074 2898 1347 2954 adducere
1397 2899 1603 2969 (solent
1650 2900 1796 2954 enim
1846 2899 2048 2954 subditi

478 3005 605 3045 cum
667 3006 878 3055 eorum,
920 2992 1011 3059 qui
1042 3001 1305 3061 praesunt,
1336 2991 1633 3046 virtutibus
1681 2991 1767 3045 vel
1805 2991 1954 3046 vitiis
1985 3006 2046 3047 se

480 3083 805 3153 plerumque
826 3082 1224 3149 conformare),
1248 3084 1351 3138 iste
1376 3083 1679 3155 praeterjus
1708 3093 1762 3138 et
1792 3082 1875 3139 fas
1890 3083 2046 3138 adul-

479 3178 605 3233 terii
642 3178 847 3249 flagitio
892 3192 950 3232 se
1000 3178 1398 3243 contaminans,
1456 3177 1628 3247 legem
1680 3177 1884 3232 violare
1937 3192 2045 3232 non

480 3267 883 3334 erubescebat;
916 3282 1093 3337 neque
1118 3268 1292 3321 solum
1315 3266 1583 3323 adulterio
1617 3281 1739 3322 sese
1767 3268 2041 3336 inquinat.

483 3356 581 3413 sed
611 3365 666 3412 ct
719 3357 907 3412 fratris
940 3366 1061 3412 toro
1109 3356 1367 3427 injuriam
1401 3358 1585 3423 infert,
1614 3373 1795 3427 quem,
1836 3357 1884 3413 si
1921 3357 2047 3427 quis

477 3448 624 3504 alius
658 3448 713 3502 in
741 3464 865 3504 eum
892 3448 1195 3518 injuriosus
1225 3448 1547 3512 exstitisset,
1582 3448 1651 3504 ab
1671 3448 1820 3504 omni
1845 3456 2045 3504 contu-

477 3541 642 3595 melia
672 3540 1018 3611 cognationis
1041 3540 1167 3609 jure
1191 3538 1473 3594 vindicare
1509 3540 1820 3609 oportebat,
1855 3554 2046 3609 quem-

474 3647 585 3702 que
617 3642 876 3702 tanquam
904 3634 1183 3703 proprium
1207 3647 1404 3688 curare
1430 3632 1661 3687 debebat
1696 3632 1877 3688 :hunc
1900 3632 2045 3702 ipse-

478 3734 590 3780 met
622 3725 949 3791 incestabat,
975 3740 1152 3795 neque
1188 3724 1497 3796 sanguinis,
1539 3740 1717 3796 neque
1754 3725 1890 3795 legis
1936 3725 2045 3780 ulla

478 3819 694 3873 ratione
723 3818 933 3882 habita,
966 3827 1025 3873 ut
1056 3834 1086 3872 a
1120 3819 1337 3889 piaculo
1367 3818 1688 3886 desisteret;
1736 3817 1833 3876 sed
1872 3835 2046 3890 quan-

476 3918 589 3973 tus,
618 3918 863 3978 quantus
892 3919 1032 3974 erat,
1064 3908 1307 3963 libidinis
1337 3909 1668 3980 mancipium
1703 3918 1844 3976 erat,
1875 3918 1928 3965 et
1977 3910 2044 3966 ad

475 4000 847 4072 improbitatis
878 4001 1224 4066 barathrum,
1280 4000 1440 4071 quasi
1467 4001 1674 4055 clausis
1700 4002 1874 4057 oculis
1903 4000 2044 4057 fere-

472 4092 655 4147 batur.
714 4092 833 4158 Quo
880 4100 1127 4163 tempore
1165 4108 1358 4163 magna
1396 4094 1489 4148 illa
1537 4091 1700 4149 Verbi
1742 4109 1847 4148 vox
1882 4094 2046 4150 silere

475 4198 583 4238 non
626 4186 804 4253 potuit
846 4201 859 4237 :
903 4185 1001 4239 sed
1067 4185 1401 4255 objurgavit,
1431 4184 1617 4254 reique
1659 4186 2043 4240 enormitatem

476 4274 694 4345 publice
724 4274 969 4329 traduxit
998 4285 1051 4329 et
1083 4275 1384 4345 redarguit.
1415 4275 1683 4329 Caeterum
1716 4286 1769 4330 et
1795 4275 1900 4329 hoc
1937 4275 2042 4329 lle-

2134 526 2281 589 νοίας
2305 527 2398 578 τὸν
2421 525 2677 593 φθόγγον,
2702 519 2790 578 οἷα
2815 525 2879 594 δὴ
2907 524 3001 577 τοῦ
3033 525 3302 594 σωτηρίου
3328 524 3486 592 λόγου
3532 524 3708 595 φωνὴ,

2132 619 2227 671 καὶ
2266 617 2393 679 τοὺς
2428 617 2716 687 δεομένους
2763 616 3084 685 καθάρσεως
3126 616 3380 687 καθαίρει
3420 616 3563 688 λόγῳ
3614 617 3711 669 καὶ

2136 710 2308 765 ὕδατι.
2353 710 2769 778 Ἀναφανεῖσθαι
2791 711 2837 764 δ’
2879 712 3004 765 ὅσον
3035 709 3189 764 οὔπω
3238 710 3710 781 προκαταγγέλλει

2134 803 2227 856 τὸν
2251 802 2477 856 ὄπισθεν
2512 803 2611 873 μὲν
2640 806 2706 873 τῇ
2732 804 2799 856 δι’
2827 804 2975 873 ἡμᾶς
3002 804 3060 856 ὲν
3089 803 3265 873 χρόνῳ
3291 803 3561 874 γεννήσει,
3598 803 3715 872 μεί-

2138 895 2267 960 ζονα
2295 894 2353 948 δὲ
2376 895 2452 966 τῷ
2505 894 2922 966 ἀπειροδυνάμῳ
2963 895 3177 965 κράτει,
3211 894 3270 947 ὃν
3299 894 3395 948 καὶ
3428 894 3710 964 βαπτίσειν

2141 986 2477 1057 μαρτύρεται
2501 986 2721 1051 τελείως
2751 988 2810 1039 ὲν
2838 983 3138 1055 Πνεύματι.
3180 986 3290 1039 Καὶ
3315 985 3446 1055 γοῦν
3475 984 3714 1054 φανέντα

2138 1079 2230 1132 τὸν
2272 1078 2469 1149 ’Δμνὸν
2518 1079 2889 1132 ὐποδεικνύει’
2946 1072 3007 1133 οὗ
3059 1077 3273 1147 ῥανίδες
3322 1078 3570 1147 αἵματος,
3613 1076 3711 1129 τοῦ

2138 1169 2336 1240 λύθρου
2369 1170 2469 1242 τῆς
2523 1170 2796 1241 ἁμαρτίας
2828 1171 2925 1242 τὴν
2958 1170 3280 1239 οἰκουμένην
3304 1168 3582 1238 ἐκάθηραν
3604 1184 3617 1197 ·
3651 1168 3713 1221 ὃν

2140 1261 2233 1312 καὶ
2261 1261 2390 1331 περὶ
2421 1260 2489 1313 τὰ
2515 1260 2763 1313 σκοτεινὰ
2795 1258 2894 1328 τῆς
2926 1257 3161 1329 γαστρὸς
3200 1256 3279 1310 ἔτι
3313 1257 3486 1326 χωρία
3514 1256 3717 1324 γνωρί-

2139 1354 2223 1419 ζει
2250 1352 2393 1407 είλού
2402 1369 2580 1423 μενος,
2605 1353 2699 1405 καὶ
2728 1354 2842 1414 τοῖς
2872 1350 3134 1421 Ἰορδάνου
3158 1348 3396 1419 ῥείθροις
3421 1346 3717 1418 παραπλη-

2141 1446 2271 1509 σίως
2302 1445 2392 1499 τὸν
2425 1444 2703 1514 Δεσπότην
2724 1442 2873 1495 λούει
2906 1444 3016 1505 τοῖς
3036 1440 3262 1504 δούλοις,
3294 1440 3389 1494 καὶ
3416 1440 3523 1509 ,τὴν
3569 1454 3714 1508 μαρ-

2140 1537 2331 1608 τυρίαν
2388 1537 2481 1616 ἐπὶ
2527 1535 2608 1606 τῷ
2659 1535 2819 1589 Παιδὶ
2857 1533 3211 1604 φωνουμένην
3258 1531 3352 1585 τοῦ
3384 1531 3714 1601 Γεννήτορος

2141 1630 2413 1701 ὲνηχεῖται
2424 1667 2436 1681 .
2931 1658 2940 1665 -

2222 1893 2369 1948 Ἔδει
2394 1894 2450 1946 δὲ
2473 1894 2582 1962 ἄρα
2604 1892 2665 1945 οὐ
2696 1893 2854 1962 μόνον
2878 1893 2936 1944 ὲν
2967 1890 3102 1955 ζῶσι
3126 1889 3436 1961 Πρόδρομος
3462 1889 3715 1959 ὀφθῆναι,

2144 1987 2280 2043 ἀλλά
2303 1987 2399 2040 καὶ
2428 1988 2540 2049 τοῖς
2568 1986 2626 2038 ὲν
2658 1984 2785 2057 ᾅδου
2820 1984 3068 2054 φθάνειν,
3108 1984 3205 2037 καὶ
3229 1983 3415 2052 φέρειν
3442 1982 3717 2044 κάκείνοις

2144 2081 2239 2150 τῆς
2262 2077 2573 2149 ἐλευθερίας
2597 2077 2664 2131 τά
2694 2074 2981 2145 εὐαγγέλια
3003 2116 3018 2140 ,
3060 2074 3159 2145 τὴν
3187 2073 3520 2143 Δεσποτικὴν
3551 2071 3717 2141 εὐαγ-

2145 2170 2493 2241 γελιζόμενον
2514 2169 2842 2238 παρουσίαν.
2881 2166 3182 2237 Τοιγαροῦν
3220 2167 3287 2237 τῇ
3336 2166 3583 2236 γεωργίᾳ
3617 2162 3716 2229 τοῦ

2145 2262 2306 2330 λόγου
2333 2258 2434 2322 τὰς
2471 2256 2893 2329 κεχερσωμένας
2914 2255 3177 2327 γεωργῶν
3214 2254 3464 2326 καρδίας,
3496 2254 3717 2324 ἔρχεται

2146 2353 2240 2408 καὶ
2285 2350 2476 2422 μέχρις
2514 2347 2680 2402 αὑτοῦ
2730 2347 2825 2400 τοῦ
2873 2348 2993 2401 κατ’
3026 2348 3200 2400 ὲκεῖνο
3224 2346 3481 2416 λαχόντος
3522 2344 3719 2416 καιροῦ

2145 2443 2241 2498 τοῦ
2279 2441 2545 2496 Ἰουδαίων
2598 2440 2784 2502 ἔθνους
2830 2439 3073 2509 κρατεῖν,
3124 2438 3224 2506 τὴν
3271 2437 3571 2507 θεραπείαν
3616 2437 3719 2505 τῆς

2148 2535 2399 2605 ἀκάρπου
2421 2531 2645 2602 καρδίας
2669 2529 3080 2601 εἰσηγούμενος,
3107 2528 3306 2599 μᾶλλον
3326 2528 3383 2583 δὲ
3405 2528 3497 2583 τὸν
3522 2527 3711 2599 φθορο-

2151 2626 2304 2681 ποιὸν
2344 2624 2622 2694 ἐκτέμνων
2651 2622 2750 2692 τῆς
2777 2622 3051 2693 ἁμαρτίας
3077 2621 3309 2692 καρπὸν,
3356 2620 3457 2691 τῆς
3497 2621 3712 2691 mpm-

2151 2720 2271 2782 σίας
2307 2715 2414 2771 τῶν
2441 2715 2679 2785 ἐλέγχων
2710 2715 2870 2785 τομῇ.
2913 2712 2970 2767 '0
2999 2714 3107 2784 γάρ
3136 2730 3217 2766 τοι
3238 2712 3456 2766 πάντων
3485 2712 3718 2783 μάλιστα

2148 2808 2540 2879 νομοφυλακεῖν
2565 2807 2816 2874 ὀφείλων,
2843 2808 2936 2860 καὶ
2960 2808 3025 2878 τῇ
3069 2804 3190 2860 καθ’
3220 2804 3414 2859 ἑαυτὸν
3446 2806 3721 2875 συντηρή-

2151 2917 2233 2953 σει
2257 2899 2353 2953 τοῦ
2387 2899 2553 2970 νόμου
2585 2901 2665 2963 είς
2699 2899 2864 2970 τιμὴν
2916 2897 3081 2952 αὐτοῦ
3117 2898 3178 2950 τὸ
3208 2897 3515 2968 ἀρχόμενον
3559 2912 3724 2966 προσ-

2152 2990 2429 3047 καλεῖσθαι
2443 2991 2678 3061 (πέφυκε
2690 2992 2797 3060 γάρ
2822 3007 2941 3054 πως
2954 2990 3016 3042 τὸ
3032 2988 3333 3060 ἀρχόμενον
3348 2992 3469 3051 ταῖς
3499 2990 3728 3059 ἀρεταῖς

2146 3079 2179 3149 ἦ
2229 3079 2444 3143 κακίαις
2500 3080 2576 3142 ὡς
2638 3080 2865 3133 ἐπιπολὺ
2921 3078 3030 3131 τῶν
3089 3078 3434 3149 κρατούντων
3504 3078 3725 3131 συνδια-

2144 3171 2435 3239 τίθεσθαι),
2481 3164 2640 3234 οὗτος
2678 3172 2741 3242 δὴ
2773 3173 3128 3242 παρανομῶν,
3181 3172 3273 3225 καὶ
3323 3172 3569 3242 μοιχείας
3597 3172 3727 3240 ἄγει

2146 3263 2678 3334 καταμολυνόμενος,
2705 3265 2784 3328 εἰς
2811 3265 2972 3317 αὑτὸν
3005 3264 3278 3335 παροινῶν
3303 3266 3404 3318 οὐκ
3433 3264 3725 3335 ᾐσχύνετο·

2147 3355 2242 3410 καὶ
2267 3357 2329 3408 οὐ
2361 3355 2519 3409 τοῦτο
2548 3357 2708 3427 μόνον
2737 3356 3002 3427 μοιχείας,
3051 3357 3189 3411 ἀλλά
3217 3358 3312 3410 καὶ
3349 3355 3582 3425 ἀδελφοῦ
3638 3359 3727 3411 ἐν.

2147 3448 2360 3519 υ6ρίζει
2386 3449 2594 3517 κοίτην,
2622 3447 2690 3519 ἣν
2723 3447 2829 3501 ἔδει
2859 3448 2953 3503 καί
2980 3466 3121 3511 τινος
3144 3449 3425 3520 ἀλλοτρίου
3468 3449 3731 3518 ὑϐρίζον-

2145 3557 2257 3604 τος,
2285 3539 2629 3610 ὲπαμύνοντα
2671 3539 2749 3609 τῷ
2786 3539 2982 3611 δικαίῳ
3037 3542 3137 3610 τῆς
3177 3540 3494 3609 συγγενείας
3527 3543 3729 3594 ἀνεπι-

2147 3630 2437 3684 ϐούλευτον
2489 3630 2786 3701 πειρᾶσθαι
2829 3632 3137 3703 διατηρεῖν·
3183 3633 3252 3703 ἣν
3278 3632 3385 3686 ἔδει
3411 3633 3721 3703 περιέπειν,

2145 3721 2219 3788 ὡς
2250 3722 2477 3791 οἰκείαν,
2511 3722 2713 3796 ταύτην
2762 3723 2927 3787 αὐτὸς
2975 3723 3263 3797 ἀνώρυσσε
3314 3724 3382 3778 δι’
3415 3726 3583 3780 αὑτοῦ
3604 3742 3619 3757 °
3642 3725 3720 3797 μὴ

2145 3820 2257 3882 τοῖς
2286 3819 2343 3884 ἐξ
2368 3818 2618 3888 αἵματος,
2637 3818 2731 3888 ,μὴ
2753 3820 2865 3881 τοῖς
2889 3820 2954 3871 ὲκ
2982 3818 3148 3889 νόμου
3172 3819 3310 3889 ἔχων
3346 3821 3440 3875 ἐπὶ
3463 3820 3716 3889 λογισμὸν

2144 3909 2458 3979 ἀναφέρειν,
2491 3908 2702 3962 καὶτοῦ
2749 3909 3059 3978 μιάσματος
3095 3910 3421 3980 ἀποστῆναι,
3459 3910 3572 3964 ἀλλ’
3596 3910 3720 3974 ὅλος

2145 4004 2244 4073 τῆς
2279 4002 2471 4072 ἡδονῆς
2519 4000 2593 4054 ὣν
2626 4002 2976 4074 ἀνδράποδον,
3027 4003 3122 4057 καὶ
3174 4002 3310 4073 πρὸς
3340 4004 3400 4057 τὸ
3447 4002 3723 4076 βάραθρον

2143 4096 2242 4164 τῆς
2265 4094 2605 4166 παρανομίας
2626 4094 2815 4166 ὥσπερ
2843 4095 2907 4166 δὴ
2934 4094 3085 4166 μύων
3129 4097 3571 4167 καταφερόμενος
3588 4114 3603 4129 ·
3631 4098 3728 4152 ὅτε

2143 4186 2229 4257 δὴ,
2259 4187 2348 4241 ὅτε
2390 4190 2424 4256 ὴ
2476 4187 2685 4258 μεγάλη
2719 4187 2813 4240 τοῦ
2865 4187 3041 4256 Λόγου
3073 4187 3225 4258 φωνὴ
3256 4189 3413 4259 σιγᾷν
3444 4189 3545 4243 οὐκ
3575 4189 3730 4258 ﬁve!-

2143 4296 2291 4348 χετο,
2326 4278 2440 4331 ἀλλ’
2472 4277 2753 4349 ἐξήλεγχε,
2805 4278 2901 4331 καὶ
2947 4279 3047 4348 τῆς
3084 4279 3336 4351 πράξεως
3365 4280 3425 4333 τὸ
3453 4280 3726 4351 ἔκθεσμον

477 4368 631 4423 rodis
672 4368 890 4438 ingenio
916 4368 1293 4433 conveniebat,
1324 4378 1383 4423 ut
1429 4383 1536 4422 non
1576 4369 1737 4423 modo
1781 4368 2037 4422 emenda-

2144 4369 2506 4440 ὲστηλίτευεν.
2564 4367 2673 4424 Ἦν
2724 4370 2781 4422 δὲ
2805 4370 2899 4422 καὶ
2936 4370 3093 4423 τοῦτο
3128 4370 3391 4442 Ἡρώδου,
3449 4372 3523 4443 μὴ
3558 4374 3725 4442 μόνον

477 4460 646 4515 tionis
676 4474 832 4530 spem
866 4460 1070 4513 nullam
1102 4460 1342 4529 prazberc
1364 4501 1379 4523 ,
1411 4459 1506 4514 sed
1553 4470 1606 4516 et
1639 4461 2043 4530 improbitatem

476 4551 707 4619 majoris
769 4550 1017 4604 criminis
1050 4550 1367 4604 accessione
1392 4559 1638 4619 augeret.
1673 4550 1849 4605 Probe
1898 4550 2044 4604 enim

476 4654 758 4716 parentem
819 4659 979 4698 suum
1037 4643 1363 4698 homicidam
1408 4644 1750 4709 imitabatur,
1782 4651 1835 4698 et
1863 4660 1921 4699 se
1950 4660 2044 4713 ge-

476 4736 719 4790 nuinqu
748 4735 896 4789 illius
920 4734 1088 4788 filium
1116 4748 1237 4789 esse
1278 4737 1456 4804 reipsa
1488 4736 1900 4805 comprobabat.
1955 4734 2047 4792 ille

475 4827 624 4881 enim
657 4827 894 4897 aequales
924 4826 1149 4896 Antiqui
1176 4825 1410 4891 dierum,
1441 4827 1532 4899 qui
1556 4835 1777 4897 propter
1812 4844 1912 4884 nos
1965 4830 2047 4883 in-

477 4919 703 4973 fantiam
732 4920 926 4979 subiit,
960 4927 1221 4989 tanquam
1252 4920 1435 4989 spicas
1458 4921 1806 4983 immaturas,
1836 4936 1900 4975 ex
1946 4921 2047 4975 hac

474 5012 588 5063 vita
616 5009 839 5067 demetit
870 5029 882 5062 :
919 5010 1008 5063 ille
1040 5025 1167 5063 vero
1199 5025 1525 5079 praeconem,
1569 5012 1659 5081 qui
1717 5012 2044 5066 medicinam

476 5099 762 5164 afferebat,
790 5098 1242 5169 putredinemquc
1268 5100 1461 5153 animae
1482 5100 1854 5165 exscindebat,
1876 5101 2045 5155 inter-

476 5192 610 5255 ficit,
652 5200 704 5243 ct
738 5191 907 5244 miser
946 5205 1069 5243 cum
1097 5190 1189 5258 qui
1232 5202 1289 5244 ut
1319 5190 1538 5245 vincula
1594 5192 1845 5257 solveret,
1881 5193 2043 5247 adve-

473 5285 652 5340 nerat,
681 5277 733 5329 in
759 5276 973 5328 vincula
1009 5273 1268 5343 conjicit;
1300 5277 1506 5345 quique
1552 5280 1619 5332 ab
1650 5280 1824 5333 oculis
1854 5282 2040 5349 caligi-

473 5383 595 5421 nem
634 5367 931 5436 voluptatis
970 5367 1338 5436 abstergebat,
1362 5368 1600 5423 Carceris
1632 5370 1872 5425 tenebris
1907 5386 2041 5424 con-

472 5458 661 5510 cludit.
700 5458 899 5512 Dcinde
934 5458 1171 5510 natalem
1203 5459 1345 5511 diem
1381 5458 1641 5524 celebrat,
1675 5477 1833 5530 quem
1867 5462 2040 5515 satius

474 5547 650 5601 fuerat
700 5551 873 5603 lucem
945 5551 1107 5621 hujus
1166 5551 1300 5605 solis
1358 5566 1639 5622 nunquam
1725 5556 2036 5619 aspexisse,

544 5722 659 5755 “"9
684 5722 813 5778 Luc.
840 5740 918 5790 ιιι,
954 5729 1012 5780 .‘i.
1092 5729 1308 5785 “’Joan.
1342 5732 1489 5795 1,99.

2143 4462 2238 4514 καὶ
2267 4460 2623 4514 καθίστασθαι
2652 4461 2787 4531 πρὸς
2822 4460 3129 4531 διόρθωσιν,
3159 4462 3296 4516 ἀλλά
3329 4464 3424 4517 καὶ
3468 4465 3528 4517 τὸ
3551 4466 3727 4518 κακὸν

2144 4550 2417 4616 αὐξάνειν,
2451 4551 2695 4623 μείζονος
2722 4552 3009 4624 προσθήκῃ
3054 4553 3249 4624 κακοῦ.
3305 4555 3574 4624 Ἀκριϐὦς
3608 4558 3724 4627 γὰρ

2142 4646 2234 4700 τὸν
2258 4646 2522 4715 φονευτὴν
2551 4645 2800 4714 ἐμιμεῖτο
2834 4644 3067 4717 πατέρα,
3100 4646 3195 4699 καὶ
3234 4646 3310 4710 ὡς
3351 4646 3559 4701 ἐκείνου
3588 4664 3731 4717 γνη-

2147 4738 2238 4791 σία
2264 4737 2441 4807 σπορὰ
2464 4735 2736 4789 ἐϐεϐαίου.
2778 4735 2835 4789 '0
2866 4737 2963 4806 μὲν
2986 4737 3096 4808 γὰρ
3134 4738 3260 4801 τοὺς
3298 4738 3593 4808 ἡλικιώτας
3625 4740 3727 4794 τοῦ

2145 4828 2385 4883 Παλαιοῦ
2416 4827 2525 4879 τῶν
2564 4827 2786 4898 ἡμερῶν
2827 4827 2894 4901 δι’
2928 4829 3076 4898 ἡμᾶς
3121 4830 3504 4900 νηπιάσαντος,
3539 4826 3629 4884 οἷα
3656 4831 3729 4901 δὴ

2147 4920 2346 4989 στάχυς
2372 4918 2583 4988 ἀώρους
2606 4920 2704 4989 τῆς
2731 4918 2877 4988 ζωῆς
2904 4918 3220 4991 ἀποκείρει’
3242 4923 3270 4973 ό
3299 4920 3356 4973 δὲ
3389 4921 3479 4975 τὸν
3503 4923 3727 4993 κήρυκα

2143 5012 2239 5081 τὴν
2266 5012 2564 5080 θεραπείαν
2608 5009 3023 5081 εἰσηγούμενον,
3069 5012 3162 5065 καὶ
3198 5011 3300 5083 τὴν
3329 5013 3595 5083 σηπεδόνα
3629 5014 3728 5067 τέ-

2149 5121 2346 5174 μνοντα
2371 5104 2470 5171 τῆς
2500 5102 2698 5172 ψυχῆς,
2735 5104 3094 5171 ἀποσφάττει.
3136 5106 3247 5158 Καὶ
3277 5107 3305 5158 ὁ
3353 5106 3584 5170 δείλαιος
3628 5107 3728 5161 τὸν

2142 5194 2324 5247 λύσειν
2350 5194 2510 5248 αὑτὸν
2539 5193 2753 5263 δεσμῶν
2790 5193 3205 5266 βεϐουλημένον,
3241 5195 3457 5266 δεσμοῖς
3483 5196 3727 5250 ὑποϐάλ-

2147 5287 2248 5339 λει·
2281 5286 2495 5338 καὶτὸν
2548 5284 2990 5356 ἁποκαθαίροντα
3023 5287 3130 5339 τῶν
3187 5286 3480 5358 ὀφθαλμῶν
3525 5288 3623 5358 τὴν
3664 5289 3729 5356 ἐξ

2148 5380 2338 5451 ἡδονῆς
2361 5378 2548 5448 ἀχλὺν,
2580 5378 2756 5449 σκότῳ
2780 5380 3021 5450 φρουρᾶς
3055 5380 3367 5433 ἀποκλείει·
3407 5377 3526 5434 εἶτα
3567 5399 3731 5449 γενεο

2151 5470 2280 5522 σίων
2335 5469 2525 5540 ἑορτὴν
2573 5475 2883 5543 συγκροτεῖ,
2937 5466 2981 5540 ᾦ
3011 5472 3234 5543 ἄμεινον
3264 5469 3354 5543 ἦν,
3414 5474 3539 5544 μηδ’
3583 5476 3728 5537 ὅλως
3820 5502 3843 5511 κ

2149 5562 2284 5631 πρὸς
2309 5561 2478 5630 αύγάς
2508 5563 2660 5633 ἡλίου
2690 5565 2882 5629 ἐλθεῖν,
2917 5568 3010 5619 καὶ
3042 5568 3204 5621 παῖδα
3242 5568 3342 5637 τῆς
3386 5568 3729 5640 συμφθειρο-
