4072 6468
285 339 389 401 197

794 340 1080 402 ORATIO
1115 337 1267 401 XVI.
1303 366 1373 376 -
1414 341 1493 400 ΙΝ
1530 336 2167 400 DECOLLATIONEM
2206 336 2263 403 Si.
2306 337 2630 399 JOANNIS
2652 338 3054 400 BAPTIS’I‘A‘E.

3444 337 3548 402 198

288 453 455 523 μένης
472 452 554 513 εἰς
573 449 804 526 δρχησιν
830 453 1207 521 προύκαλεῖτο,
1233 451 1327 505 καὶ
1356 452 1452 505 ἐπὶ
1470 450 1691 512 θεαταῖς
1719 450 1867 518 ἐτέρ-

1978 448 2255 519 ﬁliamque
2283 450 2544 506 adultera:
2574 453 2643 507 ad
2693 454 3045 510 saltationem
3089 452 3446 525 provocabat,
3492 461 3549 509 et

284 559 436 603 πετο,
463 535 534 612 ἧς
568 540 677 593 ἔδει
718 542 815 594 καὶ
849 543 1011 610 μόνον
1033 542 1315 613 ὁρωμένης
1356 541 1725 610 ἀποστρέφειν
1773 540 1873 602 τὰς

279 631 455 699 ὄψεις,
479 629 554 693 ὡς
590 629 865 699 φερούσης
910 631 1032 684 τινὰ
1063 632 1400 702 ὲρυθρίασιν,
1431 633 1515 700 ἐφ’
1540 625 1622 693 οἷς
1650 632 1716 699 τῇ
1747 628 1875 681 ταύ·

271 741 376 794 της
408 724 580 793 μητρὶ
632 724 1095 794 ωνησέλγαινενο
1144 726 1173 777 6
1220 724 1279 778 δὲ
1329 725 1422 778 καὶ
1469 725 1549 787 εἰς
1612 721 1873 786 ἐπίδειξιν

271 817 424 883 ἄγει,
458 816 555 870 καὶ⁴
603 816 803 879 θεατὰς
846 816 986 886 ἔχων
1030 816 1131 887 τῆς
1178 816 1480 886 παρανοίας
1526 814 1868 886 σεμνύνεται.

275 909 514 980 Προσέτι
543 910 640 963 καὶ
664 908 831 979 τιμῆς
857 908 1077 962 ὠνεῖται
1111 910 1210 979 τὴν
1240 909 1491 981 ὄρχησιν,
1514 909 1609 962 καὶ
1638 909 1739 978 τὴν
1770 906 1869 978 βα-

276 1000 489 1055 σιλείαν
520 998 831 1071 μερίζεται,
864 999 1085 1071 ἐρώτων
1110 1001 1206 1053 καὶ
1237 1000 1408 1072 μέθης
1453 1000 1545 1053 τὸν
1571 998 1754 1053 ἄθλιον
1783 999 1872 1051 λο-

273 1093 477 1162 γισμὸν
507 1091 966 1156 ταλαντευόντων,
1006 1092 1101 1144 καὶ
1139 1091 1325 1145 δίδωσι
1360 1091 1626 1161 κεφαλὴν,
1671 1090 1869 1161 κειμή-

280 1187 393 1239 λιον
411 1184 508 1237 τοῦ
544 1184 888 1254 Πνεύματος,
943 1180 1107 1237 ἆθλον
1139 1185 1419 1255 ὀρχήσεως
1469 1184 1721 1254 ἐναγοῦς,
1750 1184 1870 1237 ἀντὶ

285 1278 374 1330 τοῦ
402 1277 500 1346 τῆς
530 1275 811 1346 βασιλείας
840 1275 1078 1346 ἡμίσους
1101 1291 1116 1307 ο
1149 1270 1218 1347 ἦς
1246 1277 1348 1329 οὐκ
1370 1271 1439 1347 ἦν
1471 1276 1591 1339 ὅλος
1611 1279 1639 1330 6
1665 1277 1870 1346 κόσμος

278 1367 560 1433 ἀντάξιος·
594 1369 692 1421 καὶ
723 1367 967 1421 δείκνυσι
1001 1367 1233 1439 φοϐερὸν
1265 1370 1381 1438 ἅμα
1414 1370 1508 1423 καὶ
1543 1368 1869 1439 σκυθρωπὸν

275 1462 393 1525 τοῖς
421 1459 829 1530 εὐωχουμένοις
859 1459 1062 1530 θέαμα.
1093 1461 1160 1514 Τί
1189 1465 1387 1526 ποιεῖς,
1422 1461 1679 1533 ἄνθρωπε
1705 1480 1721 1529 ;
1752 1462 1867 1527 εἴγε

271 1551 358 1607 δεῖ
382 1551 567 1605 καλεῖν
586 1550 897 1623 ἄνθρωπον,
921 1550 1014 1603 τὸν
1044 1551 1223 1605 πάντα
1270 1551 1532 1622 λογισμὸν
1576 1551 1868 1625 ,ἀφῃρημέ-

269 1659 367 1697 νον
390 1640 757 1713 ἁνθρώπινον.
789 1640 1010 1706 Καλεῖς,
1034 1642 1119 1710 ἐφ’
1142 1634 1187 1710 ᾧ
1210 1643 1534 1713 εὐφρανεῖς;
1562 1643 1865 1714 ἑορτάζεις,

1978 553 2085 591 una
2154 555 2280 594 cum
2335 542 2738 608 spectatoribus
2787 544 3181 609 delectabatur,
3233 559 3264 599 a
3306 560 3412 615 qua
3463 544 3550 597 vel

1974 631 2153 699 primo
2192 644 2439 702 aspectu,
2475 636 2668 690 oculos
2725 649 2975 693 avertere
3022 638 3278 704 debebat,
3306 645 3370 692 ut
3429 652 3551 707 qua:

1974 723 2230 779 ruborem
2256 726 2551 793 incuteret,
2591 744 2657 784 eo
2678 730 2827 800 quod
2858 746 2980 786 cum
3008 742 3183 785 matre
3212 730 3360 785 illius
3383 729 3553 799 turpi-

1974 823 2055 868 ter
2102 828 2512 874 consuesceret.
2561 820 2632 875 At
2696 837 2826 877 vero
2883 822 2991 878 iste
3030 838 3150 877 eam
3176 825 3233 877 in
3269 823 3549 892 publicum

1973 906 2251 975 producit,
2281 917 2336 963 et
2365 925 2485 964 cum
2509 914 2748 968 vesaniae
2779 924 3121 984 spectatores
3156 916 3401 978 haberet,
3432 915 3550 985 glo-

1973 996 2261 1055 riabatur.
2302 1001 2502 1058 Adhaec
2531 1004 2741 1062 honore
2767 1009 2927 1060 etiam
2960 1008 3304 1062 saltationem
3332 1024 3549 1063 merca-

1974 1096 2082 1153 tur,
2111 1098 2165 1144 et
2200 1106 2424 1161 regnum
2468 1096 2725 1163 partitur,
2760 1112 2947 1153 amore
2980 1107 3035 1153 et
3062 1100 3327 1154 ebrietate
3380 1099 3549 1154 mise-

1970 1194 2088 1234 ram
2119 1193 2349 1237 mentem
2371 1184 2475 1239 huc
2498 1187 2733 1257 illucque
2752 1189 3108 1253 distrahente,
3133 1190 3334 1260 datque
3362 1197 3547 1260 caput,

1974 1270 2216 1341 Spiritus
2245 1277 2423 1330 sancti
2459 1276 2800 1342 thesaurum,
2834 1281 3251 1334 remunerandae
3274 1282 3549 1351 sacrilega:

1971 1365 2275 1427 saltationi,
2302 1367 2424 1423 loco
2458 1368 2672 1422 dimidii
2711 1372 2887 1440 regni,
2922 1388 3032 1440 quo
3054 1374 3231 1442 capite
3257 1389 3433 1443 neque
3468 1382 3550 1428 to-

1969 1461 2061 1508 tus
2090 1456 2326 1512 mundus
2355 1458 2648 1527 pretiosior
2677 1470 2817 1526 erat,
2840 1452 3112 1531 infertqtfe
3146 1463 3201 1516 in
3234 1464 3549 1518 convivium

1970 1548 2276 1603 terriﬁcum
2307 1550 2471 1606 simul
2506 1561 2562 1606 et
2593 1552 2753 1607 triste
2783 1556 3179 1623 spectaculum.
3213 1555 3356 1623 Quid
3406 1557 3546 1627 agis,

1967 1653 2002 1694 o
2029 1639 2231 1694 homo?
2255 1641 2303 1695 si
2333 1641 2498 1696 homo
2524 1642 2806 1699 vocandus
2833 1654 2937 1711 est,
2971 1647 3063 1716 qui
3097 1647 3247 1701 omni
3307 1648 3549 1703 humano

269 1731 367 1788 ῖνα
394 1731 734 1804 φαιδρότητα
764 1731 1095 1801 ἐμποιήσῃς,
1129 1733 1226 1785 καὶ
1253 1731 1397 1786 οὕτω
1442 1732 1744 1803 κατηφείας
1774 1734 1867 1787 καὶ

1972 1744 2135 1787 sensu
2171 1739 2256 1786 est
2282 1735 2538 1791 orbatus.
2570 1732 2773 1803 Vocas,
2799 1745 2858 1791 ut
2894 1738 3128 1806 laeteris;
3174 1741 3410 1796 natalem
3461 1755 3552 1796 ce-

272 1799 739 1894 σκυθρωπότητος
852 1799 1158 1893 συμπόσιον
1176 1826 1353 1887 ποιεῖς
1384 1799 1615 1893 μεστόνς
1643 1824 1739 1888 Τίς
1757 1827 1865 1898 γὰρ

1972 1821 2173 1888 lebras,
2219 1833 2278 1876 ut
2325 1833 2557 1880 cunctos
2607 1827 2906 1894 exhilares,
2960 1839 3017 1886 et
3058 1839 3207 1884 tanta
3263 1832 3547 1898 maestitia,

268 1917 377 1971 οὐκ
405 1915 472 1971 ἂν
518 1915 633 1969 τῶν
684 1914 973 1985 παρόντων
1023 1914 1147 1967 τότε
1174 1914 1480 1986 κατηφείας
1510 1916 1850 1988 ὲνεπλήσθη;

269 2008 362 2073 τίς
384 2008 490 2061 οὐκ
517 2006 586 2063 ἂν
620 2006 829 2078 ῆλγησε
873 2007 974 2077 τὴν
1017 2005 1219 2078 ψυχὴν,
1271 2007 1357 2076 ἐφ’
1389 2006 1535 2061 οὓτω
1578 2007 1737 2078 ξένῳ,
1764 2006 1860 2059 καὶ

271 2095 391 2155 οἷον
413 2102 517 2155 οὐκ
543 2097 653 2154 εἶδέ
679 2116 814 2153 ποτε
836 2099 1107 2171 τράπεζα,
1142 2099 1411 2171 θεάματι;
1453 2101 1648 2154 Ὁπότε
1673 2100 1737 2171 δὴ
1771 2098 1867 2153 καὶ

273 2194 347 2247 σύ
374 2208 442 2262 γε
470 2193 631 2256 αὐτὸς
658 2191 720 2246 οὔ
759 2195 929 2263 χωρὶς
960 2192 1137 2262 λύπης
1174 2191 1538 2246 διατεθεῖσθαι
1569 2195 1863 2264 προσποιῇ,

276 2284 369 2348 τίς
407 2283 626 2354 ἐκείνην
676 2284 893 2357 θεωρῶν
924 2283 1026 2356 τὴν
1053 2283 1318 2356 κεφαλὴν,
1347 2283 1447 2338 οὐκ
1469 2284 1537 2339 ἂν
1573 2278 1656 2349 οἷς
1688 2286 1866 2355 ἐκόμα

281 2379 517 2450 ἀγαθοῖς
541 2377 736 2435 ἐννοῶν
756 2419 773 2445 ,
801 2379 999 2451 θάμϐει
1039 2396 1101 2433 τε
1130 2378 1460 2450 κατεσχέθη,
1494 2380 1591 2433 καὶ
1623 2378 1723 2451 τὴν
1766 2379 1866 2451 σὴν

281 2470 398 2526 τῶν
427 2470 683 2539 γενεσίων
702 2471 914 2544 ἡμέραν
944 2471 1296 2544 ἐπηράσατο;
1327 2470 1527 2534 Καλῶς
1570 2488 1635 2541 γε
1669 2472 1869 2542 σὺίτῆς

276 2563 381 2634 σῆς
404 2563 623 2617 ἀνοσίου
646 2562 817 2634 γονῆς
838 2563 942 2634 τὴν
970 2563 1187 2634 ἡμέραν
1208 2563 1377 2634 τιμᾷς
1398 2576 1414 2591 ⁸
1436 2565 1495 2616 ἐν
1524 2558 1558 2636 ᾖ
1587 2564 1755 2636 ἐχρῆν
1776 2564 1870 2618 καὶ

268 2658 363 2711 τὸν
394 2656 722 2713 αἰτιώτατον
744 2658 1006 2712 ἀπολύειν
1036 2658 1292 2724 Θανάτου,
1339 2661 1397 2712 ἐν
1418 2658 1594 2731 ταύτῃ
1622 2659 1715 2713 τὸν
1746 2659 1869 2731 μεί-

267 2749 405 2813 ζονα
438 2749 662 2803 πάντων
687 2750 985 2822 προφητῶν
1021 2750 1248 2820 ὑπάγων
1282 2749 1532 2821 θανάτῳο
1576 2751 1700 2805 καθ’
1723 2752 1792 2823 ἢν
1820 2751 1872 2805 εῐ

268 2858 324 2896 τι
376 2841 691 2909 κάλλιστον,
750 2845 847 2897 καὶ
888 2842 1025 2914 πρὸς
1079 2844 1361 2914 χαρμονὴν
1427 2844 1870 2915 ἐπιτηδειότατον

275 2931 444 3005 ἐχρῆν
474 2934 849 3005 προστιθέναι,
879 2936 937 2987 ἐν
963 2933 1137 3004 ταύτῃ
1164 2935 1411 3006 κεφαλὴν
1441 2936 1540 2988 τοῦ
1580 2936 1681 3005 τῆς
1728 2954 1868 3006 σφα-

278 3026 386 3096 γῆς
426 3026 844 3092 ἁποστάζουσαν
872 3029 1105 3099 αἵματος
1137 3029 1438 3101 προτιθείς.
1519 3029 1608 3094 Ὠς
1637 3030 1870 3095 δείλαιος

1967 1913 2393 1985 animorumque
2451 1918 2909 1975 consternatione
2966 1920 3285 1975 convivium
3335 1922 3553 1993 reples?

1967 2004 2104 2073 Quis
2132 2007 2279 2062 enim
2311 2010 2663 2079 praesentium
2720 2012 2873 2082 gravi
2910 2013 3132 2068 tristitia
3169 2022 3301 2070 tunc
3330 2025 3551 2072 nonest

1967 2098 2289 2154 sauciatus?
2314 2097 2451 2165 Quis
2480 2114 2592 2155 non
2620 2101 2804 2156 animo
2836 2102 3072 2158 indoluit
3106 2103 3177 2159 ob
3226 2113 3337 2158 tam
3389 2122 3551 2175 pere-

1966 2193 2208 2264 grinum.
2231 2202 2286 2248 et
2307 2194 2468 2264 quale
2487 2196 2577 2250 vix
2603 2196 2711 2249 ulla
2737 2212 2927 2252 mensa
2973 2197 3129 2262 vidit,
3151 2202 3551 2269 spectaculum,

1968 2287 2191 2357 quando
2222 2293 2277 2340 et
2314 2294 2372 2340 tu
2404 2286 2522 2356 ipse.
2556 2297 2610 2342 te
2640 2302 2879 2342 maerore
2907 2288 3159 2343 aﬁ‘ectum
3189 2306 3311 2346 esse
3347 2309 3458 2361 prae
3499 2301 3554 2349 te

1969 2373 2104 2429 fers.
2135 2372 2271 2439 Quis
2296 2382 2465 2444 caput
2492 2373 2625 2428 illud
2657 2374 2883 2430 intuens
2912 2387 2966 2430 et
2996 2377 3200 2447 quibus
3245 2378 3407 2435 bonis
3455 2379 3554 2437 ﬁo-

1968 2470 2136 2528 reret,
2168 2474 2352 2519 mente
2394 2472 2679 2533 reputans,
2739 2474 2971 2533 stupore
3018 2482 3128 2521 non
3176 2477 3260 2523 est
3314 2470 3552 2538 deﬁxus,

1969 2565 2079 2607 non
2107 2550 2227 2609 sine
2259 2553 2463 2608 natalis
2487 2554 2569 2608 tui
2590 2557 3013 2612 exsecratione?
3044 2556 3281 2615 Pulchre
3307 2561 3554 2631 profecto

1969 2644 2279 2699 detestandi
2311 2654 2470 2701 ortus
2502 2645 2579 2700 tui
2608 2645 2754 2701 diem
2793 2646 3068 2704 honoras!
3108 2650 3159 2704 in
3215 2666 3323 2722 qua
3355 2670 3557 2712 nocen—

1969 2736 2222 2792 tissimus
2244 2736 2482 2807 quisque
2518 2751 2549 2790 a
2575 2744 2754 2791 morte
2782 2736 3098 2796 liberandus
3120 2751 3261 2809 erat,
3299 2744 3406 2799 hac
3434 2760 3553 2799 ma-

1967 2826 2144 2897 jorem
2172 2828 2430 2882 omnibus
2460 2826 2744 2897 prophetis
2768 2831 2931 2882 morti
2969 2830 3163 2886 tradis.
3190 2831 3307 2898 Qua
3330 2834 3383 2888 id
3408 2836 3553 2905 quod

1970 2918 2232 2975 omnibus
2286 2917 2698 2989 pulchritudine
2730 2920 3050 2989 praestabat,
3084 2931 3139 2978 et
3191 2922 3256 2976 ad
3310 2924 3552 2980 laetitiam

1972 3009 2324 3064 excitandam
2379 3007 2617 3063 maxime
2662 3009 2901 3073 valebat,
2936 3013 3354 3082 proponendum
3410 3031 3550 3084 erat,

279 3118 381 3189 μὲν
401 3119 510 3172 τῶν
530 3121 761 3185 ὠθίνων,
790 3121 859 3185 ἃς
892 3122 985 3174 ἐπὶ
1013 3121 1093 3191 τῷ
1121 3121 1322 3175 σαυτοῦ
1338 3121 1535 3186 ἔλυσας
1564 3123 1722 3194 κακῷ
1747 3127 1760 3176 l
1792 3125 1867 3187 ὼς

1972 3104 2077 3157 hac
2125 3110 2185 3157 tu
2239 3110 2402 3172 caput
2435 3102 2762 3173 sanguinem
2828 3118 2895 3158 ex
2953 3106 3157 3160 recenti
3192 3108 3341 3163 czede
3374 3111 3555 3166 adhuc

272 3207 511 3273 δείλαιος
537 3210 597 3263 δὲ
620 3210 731 3264 τῶν
762 3210 1092 3282 ἀκαθάρτων
1118 3212 1356 3283 ἐρώτων,
1378 3207 1459 3275 οἷς
1492 3192 1720 3284 κάτοχος
1748 3213 1867 3278 ὅλος

1975 3194 2216 3260 stillans,
2238 3194 2521 3263 proponis.
2589 3192 2635 3250 Ο
2670 3194 2921 3252 infelices
2942 3205 3099 3254 ortus
3147 3200 3226 3253 tui
3254 3202 3553 3266 cruciatus,

270 3298 589 3369 γενόμενος,
622 3300 765 3372 πρὸς
786 3300 930 3355 οὕτω
957 3302 1240 3373 προήχθης
1264 3301 1495 3356 ἔκτοπον
1517 3303 1774 3374 τόλμημα
1795 3304 1809 3357 !

350 3557 481 3618 Οἷον
502 3563 563 3618 δὲ
588 3565 688 3619 καὶ.
713 3564 775 3619 τὸ
805 3566 997 3637 σχῆμα
1028 3567 1125 3622 τοῦ
1171 3569 1246 3642 μὴ
1300 3570 1507 3624 ἐθέλειν
1555 3571 1872 3626 ἀνανεύσειν

276 3655 418 3723 πρὸς
443 3656 544 3728 τὴν
568 3657 811 3727 σφαγὴν,
838 3658 973 3729 μηδὲ
996 3660 1098 3715 τὴν
1115 3662 1332 3731 αἴτησιν
1358 3662 1623 3731 ἀσελγοῦς
1646 3668 1872 3732 γυναίου

269 3742 742 3814 διακρούσασθαι;
776 3744 876 3799 Διά
908 3746 1018 3817 γὰρ
1042 3748 1173 3811 τοὺς
1206 3749 1623 3820 ἀνακειμένους,
1657 3753 1754 3805 καὶ
1784 3754 1873 3807 ἵνα

272 3836 399 3901 τοὺς
453 3836 659 3906 ὅρκους
711 3835 1125 3908 ἐμπεδώσηται,
1148 3840 1249 3911 τὴν
1288 3841 1503 3913 σφαγὴν
1562 3844 1869 3914 ἐπιτρέπει,

280 3930 375 3980 καὶ
404 3929 517 3999 μὴν
541 3930 593 3982 εἰ
620 3928 716 3981 καὶ⁸
736 3928 825 3982 διὰ
846 3930 1015 4000 μηδὲν
1034 3931 1185 3995 ἄλλο,
1211 3933 1301 3988 διά
1320 3951 1385 4003 γε
1418 3935 1591 3989 ταῦτα
1616 3937 1785 4008 ἐχρῆν
1811 3937 1872 3991 τὸ

280 4016 503 4086 γύναιον
527 4021 961 4092 ἀποπέμπεσθαι
984 4061 1002 4086 ,
1034 4022 1123 4077 ἵνα
1150 4041 1211 4077 τε
1255 4025 1331 4096 μὴ
1371 4026 1664 4092 ἀνιαθεῖεν,
1697 4028 1872 4093 οῦτως

274 4111 669 4184 ἀπανθρώπως
717 4114 767 4167 οἱ
823 4114 1178 4186 ἀνακείμενοι
1225 4118 1615 4188 εὐωχούμενοι,
1659 4122 1755 4173 καὶ
1784 4122 1871 4174 ἵνα

272 4204 355 4273 μὴ
383 4205 601 4274 γέλωτα
627 4205 823 4280 ὅφλῃς,
861 4207 982 4261 ἀντὶ
1022 4208 1117 4262 τοῦ
1148 4209 1326 4263 δοκεῖν
1355 4211 1625 4283 εύορκείνο
1648 4212 1733 4277 τίς
1761 4213 1871 4286 γὰρ

268 4297 435 4367 ὤφθη
474 4299 722 4352 τοιοῦτόν
774 4317 908 4355 ποτε
937 4299 1111 4373 δῶρον
1135 4302 1578 4374 ὑπισχνημένος;
1642 4306 1784 4359 Ἀλλ’
1808 4307 1871 4360 ού

273 4390 443 4459 μόνον
464 4390 687 4444 ἀνίατον
712 4393 745 4460 ἡ
773 4392 960 4463 μανία,
995 4396 1093 4447 καὶ
1135 4394 1371 4464 μάλιστα
1407 4397 1508 4468 ὅση
1547 4397 1609 4462 ἐξ
1649 4397 1870 4469 ἐρώτων

1973 3284 2067 3354 qui
2095 3286 2253 3338 tanto
2272 3292 2369 3339 tuo
2400 3284 2546 3341 malo
2571 3293 2700 3341 sunt
2723 3286 2909 3341 soluti.
2943 3287 3116 3353 Quam
3162 3292 3332 3347 miser
3362 3309 3441 3357 es,
3483 3296 3556 3350 ob

1974 3379 2222 3448 impuros
2263 3393 2482 3435 amores
2504 3419 2520 3444 ,
2571 3392 2808 3450 quorum
2861 3378 3047 3436 furore
3079 3394 3273 3450 captus
3306 3396 3361 3440 et
3398 3387 3556 3443 abre-

1976 3483 2101 3539 ptus
2133 3470 2187 3524 in
2217 3480 2326 3525 tam
2359 3470 2655 3528 nefandum
2689 3473 2905 3528 facinus
2938 3474 3257 3545 prorupisti.

2045 3562 2235 3630 Qualis
2274 3579 2408 3619 vero
2438 3564 2530 3619 ille
2576 3573 2892 3635 praetextus,
2928 3566 3072 3622 nolle
3106 3567 3160 3621 in
3190 3568 3392 3624 caedem
3424 3585 3557 3625 con-

1975 3656 2220 3723 sentire;
2253 3665 2310 3710 et
2346 3665 2529 3711 tamen
2563 3656 2781 3713 lasciva).
2811 3658 3057 3713 mulieris
3086 3660 3403 3729 petitionem
3445 3679 3557 3719 non

1976 3748 2310 3818 repudiare?
2371 3747 2508 3803 Nam
2541 3756 2768 3822 pr0pter
2818 3751 2982 3806 simul
3027 3751 3457 3822 discumbentes,
3501 3764 3559 3812 et

1975 3848 2035 3895 ut
2087 3841 2482 3910 jusjurandum
2561 3842 2828 3907 ﬁrmaret,
2899 3843 3103 3898 eadem
3172 3848 3439 3914 permittit
3486 3846 3574 3926 ²¹.ξ

1974 3929 2137 4000 Atqui
2172 3932 2219 3986 si
2250 3945 2358 3984 non
2401 3930 2537 3985 alias
2570 3932 2643 3985 ob
2668 3945 2885 3996 causas,
2911 3944 3060 3985 certe
3081 3933 3153 3987 ob
3196 3933 3296 3987 has
3327 3935 3575 3990 mulier.Y

1975 4023 2097 4077 cula
2147 4020 2494 4076 amandanda
2567 4030 2708 4087 erat,
2746 4037 2817 4077 ne
2848 4022 2941 4092 qui
2993 4022 3155 4077 simul
3188 4025 3559 4093 epulabantur

1976 4122 2089 4168 tam
2148 4111 2455 4167 inhumano
2485 4112 2808 4182 spectaculo
2842 4114 3337 4182 contristarentur,
3374 4128 3431 4173 et
3486 4103 3573 4181 neé

1976 4206 2275 4261 ludibrium
2316 4204 2501 4273 ﬁeres,
2535 4205 2664 4261 dum
2698 4214 2891 4262 sancte
2919 4206 3142 4277 jurasse
3168 4208 3341 4264 videri
3375 4189 3575 4282 cupis}.

1976 4296 2113 4364 Quis
2146 4296 2294 4352 enim
2344 4311 2589 4366 unquam
2635 4295 2745 4351 tale
2766 4296 2977 4351 donum
3006 4298 3287 4368 pollicitus
3318 4302 3441 4356 est?
3488 4288 3573 4379 At:

1976 4406 2087 4445 non
2116 4391 2296 4446 solum
2328 4391 2553 4445 vesania
2583 4389 3008 4446 immedicabilis
3039 4400 3146 4454 est,
3208 4394 3576 4462 potissimum?

271 4482 370 4536 καὶ
398 4481 603 4553 μέθης,
631 4483 770 4537 ἀλλὰ
795 4485 888 4538 καὶ
916 4485 1141 4557 δόκησιν
1185 4489 1410 4557 ἐμποιεῖ
1444 4492 1722 4556 τοιούτους
1761 4494 1867 4547 ἐτέ-

1976 4484 2090 4547 illa,
2115 4498 2237 4553 quae
2263 4498 2333 4538 ex
2361 4497 2548 4538 amore
2563 4488 2618 4537 et
2636 4482 2904 4539 ebrietate
2936 4485 3208 4551 nascitur,
3233 4489 3328 4541 sed
3354 4496 3409 4542 et
3436 4476 3577 4575 Opi-‘3

275 4548 709 4643 ρους-ἡγεῖσθαι,
757 4569 972 4647 οἷοίπερ
1008 4548 1168 4631 αὐτοὶ
1198 4548 1264 4649 τῇ
1317 4580 1550 4651 ἀληθείᾳ
1574 4548 1738 4638 εἰσίν.
1778 4584 1867 4650 Ὠς

1974 4572 2196 4627 nionem
2252 4573 2563 4641 ingenerat,
2597 4573 2754 4641 quasi
2804 4582 2860 4627 et
2915 4573 3009 4627 alii
3041 4574 3153 4630 sint
3174 4576 3337 4640 tales,
3365 4548 3576 4649 quales?

271 4666 370 4719 καὶ
394 4664 494 4717 νῦν
529 4665 775 4735 Ἡρώδης
806 4667 901 4720 τοῦ
924 4670 1266 4739 προφητικοῦ
1289 4670 1461 4741 διψῶν
1486 4672 1738 4742 αἳματος,
1758 4692 1863 4728 πα-

276 4754 534 4826 ραπαίων
566 4757 647 4816 εἰς
666 4756 1020 4826 ἐκπλήρωσιν
1042 4757 1146 4828 τῆς
1173 4760 1472 4831 ἐπιθυμίας
1501 4760 1690 4825 αὐτοῦ,
1739 4760 1869 4823 τοὺς

276 4850 780 4919 συνανακειμένους
842 4850 1229 4920 προϐάλλεται,
1265 4853 1342 4915 ὡς
1396 4853 1499 4905 οὐκ
1535 4852 1603 4906 ἂν
1640 4851 1869 4905 ἐκείνων

274 4942 404 4997 οῖων
431 4959 496 4995 τε
524 4941 694 4996 ὄντων
720 4944 822 5014 τὴν
847 4943 1075 5014 ἀνόητον
1095 4944 1303 5015 ταύτην
1346 4945 1643 5014 διαγνῶναι
1690 4962 1864 5017 προσ-

275 5034 520 5105 ποίησιν.
558 5034 708 5106 Πλὴν
734 5036 765 5089 6
793 5035 1108 5107 Βαπτιστὴς
1152 5038 1522 5108 ἀποτέμνεται
1570 5040 1670 5109 τὴν
1696 5055 1868 5107 κεφα-

275 5124 396 5197 λὴν,
456 5125 552 5178 καὶ
606 5124 905 5196 προθύεται
937 5125 1033 5179 τοῦ
1065 5127 1315 5197 αἴροντος
1352 5126 1552 5199 Ἀμνοῦ
1584 5128 1682 5192 τὰς
1707 5128 1870 5199 ἡμῶν

272 5217 580 5289 ἁμαρτίας,
627 5217 819 5288 ῶσπερ
852 5218 930 5288 τῷ
969 5221 1116 5290 τόκῳ
1144 5219 1389 5291 μετέχων
1410 5220 1508 5274 τοῦ
1537 5219 1685 5273 θείου
1706 5220 1870 5273 τόκου

274 5307 373 5361 τοῦ
408 5306 712 5377 θαύματος,
747 5309 817 5362 δι’
864 5303 938 5363 ὧν
979 5312 1044 5363 ἐκ
1086 5312 1474 5384 στειρευούσης
1506 5311 1746 5384 προῆλθε
1766 5328 1871 5380 γα-

276 5399 467 5470 στρὸς,
504 5399 648 5453 οὕτω
676 5403 775 5455 καὶ
803 5405 868 5474 τῇ
893 5404 959 5455 ἐκ
983 5403 1094 5456 τῶν
1118 5402 1271 5456 κάτω
1307 5403 1440 5474 πρὸς
1468 5404 1540 5456 τὰ
1567 5402 1682 5457 ἄνω
1705 5418 1875 5472 μετα-

276 5495 527 5563 χωρήσει
550 5494 828 5547 κοινωνῶν
850 5498 917 5564 τῇ
950 5495 1169 5567 πορείᾳ,
1202 5495 1269 5548 δι’
1296 5489 1372 5549 ὧν
1389 5495 1485 5548 τοῦ
1507 5494 1709 5548 ἁθύτου
1724 5512 1875 5564 σφα-

274 5586 401 5653 γῖου
438 5586 942 5655 προσφαγιάζεται,
988 5588 1085 5641 καὶ
1138 5588 1350 5655 γίνεται
1398 5588 1589 5658 ὥσπερ
1618 5591 1684 5659 τῇ
1722 5586 1874 5641 λύσει

276 5678 389 5731 τῶν
435 5677 665 5745 ὠδίνων,
698 5678 841 5734 οὕτω
865 5682 961 5734 καὶ
997 5683 1066 5753 τῇ
1104 5683 1183 5745 εἰς
1210 5680 1338 5753 ᾇδου
1367 5681 1615 5751 φοιτήσει
1647 5681 1739 5735 τοῦ
1773 5684 1872 5734 Δε-

355 5860 397 5888 ²¹
438 5853 614 5910 Marc.
652 5869 725 5919 Vt,
756 5854 846 5910 ‘26.

1976 4667 2101 4736 ipsi.
2133 4666 2211 4720 ιω
2271 4665 2325 4719 in
2358 4665 2615 4734 prasenti
2650 4663 2897 4721 Herodes
2924 4667 3247 4737 sanguinem
3281 4656 3576 4736 prophetaei

1975 4758 2194 4821 sitiens,
2224 4757 2516 4827 cupiditati
2548 4771 2663 4813 suae
2690 4757 2974 4826 explenda:
3000 4757 3165 4811 simul
3214 4758 3562 4813 discumben-

1975 4859 2057 4906 tes
2086 4850 2285 4906 stolide
2312 4850 2586 4921 praetexit,
2618 4864 2683 4904 ac
2708 4850 2753 4905 si
2793 4858 3009 4905 tantum
3038 4850 3275 4907 rationis
3303 4867 3410 4905 uon
3458 4852 3560 4906 ha-

1973 4941 2165 4996 berent
2186 4981 2200 5006 ,
2232 4951 2290 4995 ut
2321 4950 2429 4994 tam
2467 4941 2673 4994 fatuam
2726 4940 3138 4996 simulationem
3167 4933 3572 5012 agnoscerent.

1970 5032 2240 5088 Caeterum
2274 5041 2439 5103 caput
2468 5031 2728 5102 Baptista:
2784 5040 3122 5103 amputatur,
3172 5043 3226 5089 et
3279 5035 3563 5099 sacriﬁca-
3635 5032 3642 5047 '

1971 5136 2063 5181 tur
2099 5124 2255 5195 prius
2316 5126 2411 5180 illo
2454 5126 2633 5194 Agno,
2682 5124 2777 5193 qui
2834 5125 2979 5180 tollit
3012 5137 3234 5196 peccata
3266 5126 3479 5193 mundi,
3506 5134 3564 5183 et

1972 5216 2437 5288 quemadmodum
2473 5217 2537 5271 in
2591 5202 2753 5285 partu
2814 5216 3072 5271 miraculi
3132 5217 3308 5272 divini
3364 5228 3562 5289 partus

1972 5312 2256 5382 particeps
2316 5310 2444 5374 fuit,
2477 5324 2545 5365 ex
2597 5308 2772 5363 sterili
2819 5316 3012 5363 ventre
3038 5319 3372 5380 prognatus;
3402 5312 3483 5367 sic
3509 5296 3571 5365 et

1974 5405 2212 5459 transitu
2273 5402 2344 5458 ab
2393 5402 2482 5456 his
2542 5400 2672 5456 imis
2706 5401 2773 5456 ad
2825 5415 3062 5469 superna
3109 5407 3561 5460 communionem

1974 5513 2099 5551 eum
2128 5496 2317 5551 eodem
2344 5493 2538 5548 habuit
2574 5494 2629 5546 in
2651 5508 2741 5557 eo,
2783 5491 2935 5562 quod
2973 5500 3100 5546 ante
3134 5491 3285 5549 illam
3315 5509 3426 5547 non
3454 5488 3575 5577 ἰιιι-ξ

1977 5588 2237 5642 uiolatam
2297 5584 2533 5637 hostiam
2596 5583 2940 5647 immolatur,
3005 5581 3200 5652 ﬁtque,
3243 5590 3304 5635 ut
3338 5592 3463 5637 ortu
3492 5601 3563 5639 ex

1980 5690 2137 5734 utero
2194 5684 2465 5740 materno,
2524 5674 2600 5729 ita
2671 5683 2726 5728 et
2779 5672 2846 5728 ad
2880 5672 3093 5730 inferos
3136 5672 3288 5729 abitu
3338 5673 3565 5731 Domina
