4072 6460
468 334 568 397 1'39

1694 320 1970 383 LEONIS
2004 310 2469 380 PHILOSOPHI

3627 304 3737 368 200

466 439 837 510 prmnuntius,
898 439 953 492 et
1005 432 1115 496 bis.
1165 428 1263 501 qui
1327 428 1382 483 in
1418 424 1655 481 vinculis
1696 433 1751 480 et
1783 421 2045 478 :ernmnis

2157 416 2349 470 σπότου
2384 414 2747 486 προάγγελος,
2779 416 2875 468 καὶ
2924 414 3037 477 τοῖς
3071 413 3129 466 ἐν
3156 411 3377 482 δεσμοῖς
3427 410 3524 465 καὶ
3548 427 3737 465 στενοι

466 534 853 595 γρτεοὶκιηιυτ,
888 524 1331 595 redemptionem
1365 518 1662 591 signiﬁcat,
1716 524 1773 571 et
1797 513 2046 570 exsulta-

466 623 634 677 tionis
651 620 805 692 quasi
834 616 1007 672 radiis
1037 625 1091 671 et
1118 610 1414 685 splendore
1455 609 1615 681 prius
1638 604 1923 678 perfundit
1952 617 2047 656 eos

466 717 560 785 qui
603 715 659 769 in
685 712 881 767 umbra
918 710 1119 765 mortis
1148 717 1205 763 et
1249 705 1483 776 caligine
1508 700 1839 757 calamitatis
1889 698 2047 753 sede-

465 810 614 871 bant,
650 813 705 858 et
752 814 1018 873 tanquam
1045 798 1248 855 lucifer
1272 795 1619 867 praesentiam
1652 791 1786 847 solis
1817 789 2046 845 indicat.

464 898 534 951 At
591 911 712 967 qua:
749 895 942 949 inferis
978 894 1030 946 in
1076 891 1191 945 oris
1223 896 1377 960 gesta
1413 892 1545 941 sunt
1589 881 1875 953 mysteria,
1909 894 2047 950 pra:-

465 988 791 1043 cedentibus
820 983 998 1055 magis
1064 989 1195 1038 sunt
1244 992 1451 1035 arcana
1487 984 1543 1033 et
1589 973 1896 1030 recondita.
1936 969 2046 1024 Sed

463 1080 650 1149 qualia
684 1078 799 1142 illa,
851 1090 974 1147 qua:
1009 1073 1256 1129 Herodes
1286 1069 1505 1144 patrat?
1559 1067 1724 1122 Disco
1747 1062 2046 1149 imponitur

465 1148 649 1237 caput,
709 1166 799 1220 cui
847 1162 1167 1234 recipiendo
1200 1160 1336 1215 nihil
1368 1174 1488 1230 par,
1527 1156 1677 1210 illius
1714 1162 1900 1223 caput,
1949 1148 2045 1220 qui

465 1263 735 1316 intactum
774 1266 936 1327 caput
962 1263 1237 1317 tenuerat,
1288 1251 1507 1321 fertque
1536 1246 1751 1317 abiecta
1803 1251 1859 1298 et
1886 1242 2047 1297 furiis

467 1354 671 1422 agitata
702 1350 882 1421 puella
922 1349 1070 1403 illam
1101 1352 1351 1413 fcomam,
1384 1357 1550 1414 quam
1610 1338 1790 1411 angeli
1832 1349 2049 1392 revere-

469 1444 694 1506 bantur,
753 1432 983 1508 eamque
1045 1438 1296 1493 muneris
1346 1438 1467 1492 loco
1507 1435 1709 1506 accipit
1742 1433 1898 1489 malae
1925 1430 2047 1485 tiliae

470 1535 622 1603 pejor
654 1540 848 1596 mater,
892 1542 1013 1584 rata
1042 1544 1101 1585 se
1133 1529 1296 1599 hujus
1332 1527 1705 1598 amputatione
1734 1528 2048 1594 amputatu-

471 1641 587 1679 ram
623 1638 841 1694 quoque
864 1622 1346 1692 reprehensiones,
1378 1634 1501 1690 qua:
1522 1626 1711 1688 pectus
1749 1616 1868 1686 ejus
1890 1610 2047 1668 vellio

2150 509 2349 580 χωρία,
2396 509 2591 579 μηνύει
2634 508 2734 580 τὴν
2766 507 3167 577 ἀπολύτρωσιν,
3219 506 3315 559 καὶ
3342 505 3739 577 προανατέλλει

2147 602 2245 670 τῆς
2297 598 2674 668 ἀγαλλιάσεως
2704 598 2804 663 τάς
2831 597 3007 667 αὐγὰς
3052 598 3166 660 τοῖς
3213 597 3273 649 ἐν
3320 597 3449 667 σκιᾷ
3475 595 3735 663 θανάτου,

2148 693 2245 745 καὶ
2272 692 2448 762 σκότῳ
2475 691 2711 759 θλίψεως
2743 690 3103 762 καθημένοις,
3126 688 3155 740 ὁ
3200 687 3478 756 ἑωσφόρος
3510 686 3737 758 μηνύων

2146 783 2241 837 τοῦ
2266 783 2418 854 ἡλίου
2445 783 2542 854 τὴν
2565 783 2891 853 παρουσίαν.
2923 782 3005 836 Τὰ
3036 780 3136 851 μὲν
3160 779 3224 851 δὴ
3252 778 3403 833 κάτω
3430 779 3739 847 τελούμενα

2148 876 2375 930 τοιαῦτα
2405 875 2501 929 ἐπὶ
2532 874 2869 946 προλαϐοῦσι
2897 873 3239 944 μυστηρίοις,
3275 873 3549 943 μυστήρια
3572 872 3742 943 ἀπορ-

2151 967 2443 1039 ῥητότερα.
2478 970 2548 1021 “'A
2604 968 2661 1021 δέ
2711 966 2961 1039 Ἡρώδης
3010 968 3122 1021 ἄνω
3154 965 3482 1035 διατίθησιν,
3536 967 3737 1032 ὁποῖος

2149 1060 2408 1114 Πινάκιον
2440 1060 2675 1131 δέχεται.
2728 1055 2796 1131 ἦς
2825 1059 2977 1112 οὐδὲν
3011 1058 3215 1128 δοχεῖον
3269 1056 3517 1121 ἐπάξιον,
3562 1072 3741 1125 κεφα-

2148 1155 2267 1226 λὴν,
2297 1154 2541 1224 κεφαλὴν
2572 1154 2785 1207 ἐκείνου
2813 1152 2907 1206 τοῦ
2940 1154 3315 1222 κρατήσαντος
3335 1150 3433 1221 τὴν
3462 1149 3743 1219 ἄψαυστον
3792 1154 3809 1165 “

2150 1248 2413 1318 κεφαλὴν,
2448 1247 2543 1301 καὶ
2574 1247 2735 1319 φέρει
2767 1248 2913 1317 κόμη
2944 1247 3114 1315 κόρης
3145 1244 3519 1314 σεσοϐημένης
3537 1244 3741 1311 κόμην,

2148 1340 2217 1411 ἢν
2244 1340 2467 1410 ἄγγελοι
2493 1339 2907 1410 κατῃδέσθησαν
2927 1354 2941 1368 ⁸
2979 1339 3075 1392 καὶ
3100 1337 3371 1407 λαμϐάνει
3399 1336 3605 1404 ταύτην
3632 1337 3740 1389 δῶ-

2150 1450 2244 1504 ρον
2277 1432 2515 1504 πονηροῦ
2570 1432 2767 1486 τέκνου
2827 1433 3008 1503 μήτηρ
3071 1430 3435 1502 πονηροτέρα,
3490 1428 3741 1499 οίηθείσα

2160 1524 2261 1594 μὲν
2290 1526 2355 1595 τῇ
2386 1525 2593 1594 ταύτης
2623 1526 2762 1595 τομῇ
2790 1523 3069 1593 διακόψειν
3089 1522 3219 1585 τοὺς
3256 1521 3535 1590 ἐλέγχους,
3561 1520 3612 1574 οἳ
3640 1520 3743 1590 τὴν

2147 1618 2319 1689 αὐτῆς
2361 1617 2591 1689 καρδίαν
2636 1618 2962 1688 συνέτρεφον
3013 1614 3457 1688 [συνέστρεφον]·
3496 1614 3744 1684 ἐλελήθει

469 1717 690 1769 cabant.
740 1715 810 1767 At
848 1713 1020 1768 inscia
1044 1713 1098 1766 in
1132 1712 1369 1780 majores
1396 1719 1449 1765 et
1476 1709 1651 1780 magis
1702 1704 2048 1762 inevitabiles

2157 1712 2207 1767 δέ
2238 1712 2439 1783 μᾶλλον
2461 1712 2646 1774 αὐτοῖς
2671 1709 3059 1779 ἀφυκτοτέροις
3097 1710 3523 1780 περιπίπτουσα.
3569 1709 3745 1777 Πονηο

470 1807 686 1861 incidit.
726 1804 979 1859 Pessima
1010 1803 1219 1857 bestia!
1252 1800 1528 1871 quomodo
1560 1800 1664 1853 hoc
1691 1796 1790 1851 tibi
1821 1796 1875 1849 in
1899 1808 2051 1848 men-

468 1909 578 1951 tem
632 1895 817 1951 venit?
876 1893 1105 1949 Voluisti
1168 1891 1509 1962 impuritatis
1552 1898 1662 1944 tute
1726 1894 1949 1949 testem,
1996 1892 2053 1940 et

468 1990 624 2062 quasi
646 1990 958 2044 columnam
978 1998 1244 2050 sternere,
1261 1984 1484 2039 immota
1501 1996 1767 2055 quassare
1782 1992 2005 2052 agressa
2032 1994 2049 2044 ;

470 2097 593 2135 nam
629 2095 799 2150 supra
851 2077 1058 2149 gradus
1099 2076 1434 2131 illustriores
1466 2070 1783 2139 collocasti,
1832 2069 2049 2140 adjecto

468 2173 535 2227 ad
592 2171 920 2225 adulterium
975 2176 1131 2222 tuum
1192 2166 1529 2233 homicidio;
1591 2175 1648 2220 et
1707 2164 1906 2219 insano
1956 2170 2053 2215 tuo

469 2280 660 2321 amore
683 2265 844 2332 quasi
881 2262 936 2315 in
971 2261 1227 2315 columna
1283 2260 1348 2314 ad
1386 2258 1777 2329 sempiternam
1816 2252 2053 2325 ignomi-

470 2359 617 2411 niam
654 2354 943 2423 inscripto.
991 2351 1359 2423 EXStinguere
1392 2350 1590 2404 niteris
1618 2349 1898 2401 lucernam
1930 2358 2053 2414 qua:

472 2460 565 2503 tua
598 2462 761 2517 opera
793 2445 1143 2499 tenebrarum
1173 2443 1455 2513 arguebat.
1492 2442 1562 2494 At
1604 2438 1779 2508 magis
1798 2437 2055 2492 accendis

485 2539 819 2608 lampadem,
850 2551 969 2603 qua:
996 2533 1233 2588 nefanda
1261 2544 1353 2587 tua
1388 2532 1594 2602 flagitia
1628 2531 1848 2601 prodat.
1873 2527 2055 2584 Verti-

475 2631 601 2700 gine
629 2630 779 2683 velut
813 2626 1135 2696 corripcris,
1169 2625 1239 2679 ob
1271 2626 1380 2678 vim
1414 2632 1468 2679 et
1499 2622 1906 2678 vehementiam
1930 2634 2057 2689 pro-

472 2721 705 2792 phetica:
763 2720 984 2789 linguae,
1021 2733 1128 2788 qua
1165 2717 1400 2788 putredo
1458 2714 1878 2770 incontinentia:
1941 2721 2054 2767 tua}

473 2811 863 2882 disrumpitur.
902 2810 971 2863 At
1009 2823 1157 2863 nunc
1179 2807 1496 2863 acerbiores
1545 2806 1835 2862 cruciatus
1883 2804 2054 2861 susti-

472 2919 594 2959 ηεε.

546 2996 722 3066 Caput
765 2994 1090 3064 amputasti,
1123 2991 1399 3055 Herodes,
1464 2989 1879 3061 obiurgationes
1923 3003 2057 3041 vero

2156 1804 2247 1875 ρὸν
2307 1802 2520 1875 θηρίον,
2577 1801 2697 1865 πῶς
2748 1801 2907 1855 τοῦτο
2943 1800 3318 1871 διανενόησαι;
3361 1798 3743 1870 Καθαιρήσειν

2154 1894 2456 1963 ἐϐουλήθης
2503 1894 2603 1965 τῆς
2629 1896 2730 1966 σῆς
2756 1894 3049 1962 ἀσελγείας
3078 1894 3178 1964 τὴν
3222 1893 3451 1964 στήλην,
3477 1892 3593 1946 ἀλλ’
3620 1893 3742 1945 ἀκί-

2154 2006 2290 2058 νητα
2314 1986 2564 2041 σαλεύειν
2587 1987 2976 2057 ἐπεχείρησας.
3004 1986 3244 2055 Ἕστηκε
3264 1986 3374 2055 γάρ
3401 1984 3601 2054 μᾶλλον
3628 1978 3744 2037 οἷον

2154 2082 2247 2135 ἐπὶ
2275 2080 2373 2150 βάθ
2383 2097 2481 2149 ρας
2503 2081 2991 2150 περιφανεστέρας,
3021 2072 3101 2142 οἷς
3117 2081 3183 2150 τῇ
3210 2078 3427 2149 μοιχείᾳ
3466 2078 3556 2131 τὸν
3581 2077 3745 2145 φόνον

2156 2169 2548 2239 προστέθεικας
2593 2169 2687 2222 τὸν
2723 2167 2815 2221 σὺν
2863 2164 3080 2238 οἶστρον
3135 2165 3549 2239 στηλιτεύουσα.
3578 2166 3744 2220 Σ6εν-

2154 2265 2300 2315 νύειν
2331 2262 2629 2332 ἐπιχειρεῖς
2654 2260 2745 2315 τὸν
2762 2259 2975 2330 λύχνον,
3006 2258 3074 2313 τά
3098 2258 3166 2312 σά
3212 2258 3307 2312 τοῦ
3340 2260 3565 2322 σκότους
3602 2258 3746 2331 ἔργα

2155 2354 2468 2424 ἐλέγχοντα·
2510 2353 2626 2408 ἀλλ’
2656 2352 2983 2421 ἀναφλέγεις
3010 2352 3172 2406 πλέον
3200 2351 3299 2423 τὴν
3321 2352 3604 2423 λαμπάδα,
3642 2352 3746 2421 τὴν

2158 2445 2257 2516 σὴν
2299 2444 2696 2518 ἀρῤητοίποιίαν
2739 2444 3115 2503 δεικνύουσαν.
3166 2444 3424 2516 Ἰλιγγιᾷς
3478 2444 3616 2515 πρὸς
3643 2444 3745 2516 τὴν

2156 2540 2342 2608 ἀκμὴν
2372 2538 2472 2607 τῆς
2500 2538 2850 2610 προφητικῆς
2876 2537 3147 2610 γλώσσης,
3182 2531 3265 2604 οἷς
3294 2540 3327 2611 ή
3360 2537 3609 2610 σηπεδὼν
3644 2541 3740 2607 τῆς

2160 2630 2260 2698 σῆς
2296 2630 2592 2692 ἀκολασίας
2630 2629 3131 2702 διασπαράττεται⁶
3166 2630 3305 2685 ἀλλὰ
3346 2630 3443 2685 νῦν
3486 2630 3739 2703 δριμυτέ-

2160 2738 2269 2791 ρων
2298 2720 2531 2795 αἰσθάνῃ
2554 2720 2661 2777 τῶν
2688 2721 2912 2777 ὀδυνῶν.

2234 2991 2487 3061 Ἔτεμες,
2542 2990 2778 3061 Ἡρώδη,
2812 2990 2913 3058 τὴν
2964 2988 3228 3061 κεφαλὴν,
3260 2989 3375 3043 ἀλλ’
3409 2990 3472 3043 οὐ
3533 3005 3748 3043 συναπο

476 3105 587 3143 non
632 3086 954 3156 amputasti.
1008 3085 1249 3139 Auditur
1293 3085 1595 3139 etiamnum
1640 3100 1745 3138 vox
1786 3085 1873 3137 illa
1906 3085 2053 3138 clare

2162 3083 2357 3151 έτεμες
2405 3081 2515 3135 τῶν
2548 3082 2787 3153 ἐλέγχων
2822 3083 2921 3153 τὴν
2973 3084 3193 3152 φωνήν·
3232 3082 3491 3137 ἀκούεται
3524 3084 3619 3136 καὶ
3650 3084 3749 3136 νῦν

473 3180 772 3234 insonans:
799 3174 924 3229 Non
956 3176 1075 3229 licet
1100 3176 1194 3230 tibi
1222 3176 1413 3231 habere
1434 3192 1651 3231 uxorem
1670 3176 1857 3246 fratris
1888 3177 1963 3228 tui
1986 3179 2051 3236 ",

473 3286 595 3341 qua!
643 3270 1069 3339 increpationes,
1125 3284 1265 3340 quas
1322 3270 1504 3325 celare
1565 3270 1813 3333 tentasti,
1862 3278 1919 3324 et
1964 3268 2052 3321 fu-

476 3366 633 3418 neSta
666 3370 757 3417 tua
792 3360 994 3431 ﬂagitia
1020 3368 1138 3415 toto
1168 3369 1443 3415 terrarum
1476 3360 1611 3415 orbe
1644 3359 1922 3414 decantat.
1955 3358 2057 3412 \"e-

471 3470 597 3508 rum
647 3454 931 3506 mittamus
981 3453 1119 3507 istos
1147 3465 1271 3505 cum
1312 3450 1554 3506 infandis
1587 3451 1702 3506 suis
1728 3450 2054 3504 sceleribus.

473 3545 557 3599 Ad
586 3544 888 3615 Baptistam
915 3551 1226 3600 revertatur
1255 3544 1456 3607 oratio,
1487 3554 1541 3597 et
1565 3542 1728 3597 hodie
1758 3558 1823 3596 ex
1881 3552 2056 3595 terre-

476 3640 578 3694 stri
604 3639 965 3692 tabernaculo
992 3635 1359 3706 egredientem
1388 3634 1699 3696 comitetur,
1718 3640 1772 3687 et
1803 3632 1867 3686 ad
1900 3632 2057 3687 sedes

478 3733 722 3785 materiae
762 3738 1040 3799 expertes,
1090 3743 1228 3798 quas
1273 3728 1439 3782 etiam
1488 3726 1543 3780 in
1598 3740 1830 3794 corpore
1878 3725 2058 3779 adhuc

476 3834 646 3889 agens
687 3819 984 3880 incolebat,
1039 3820 1364 3881 abeuntem,
1398 3824 1665 3886 quantum
1701 3815 1816 3869 lieri
1852 3826 2053 3885 potest,

474 3913 644 3967 oﬂicii
691 3926 860 3965 causa
905 3911 1165 3966 deducat.
1221 3908 1335 3964 Etsi
1358 3910 1503 3965 enim
1532 3908 1764 3979 dignitas
1790 3906 1912 3977 ejus
1943 3920 2060 3960 ma-

470 4007 648 4076 jorem
673 4004 1115 4076 prmdicationem
1148 4003 1452 4069 desiderat,
1483 4017 1649 4072 quam
1686 4001 1740 4055 in
1775 4000 2054 4055 hominem

472 4101 671 4165 cadat;
724 4106 967 4152 attamen
1027 4096 1332 4166 periculum
1386 4102 1613 4149 nonest
1651 4092 1771 4148 fore
1828 4100 1887 4147 ut
1914 4092 2059 4146 hanc

474 4190 697 4247 dicendi
751 4191 1097 4245 voluntatem
1152 4188 1429 4257 repudiet,
1465 4202 1589 4243 cum
1648 4196 1877 4258 propter
1926 4185 2056 4249 alia,

484 4292 601 4335 tum
650 4281 782 4350 quia
840 4281 1089 4335 omnium
1144 4280 1433 4335 vilissimis
1480 4289 1535 4334 et
1566 4279 2057 4349 contemptissimis

474 4383 773 4429 contentus
833 4388 955 4428 esse
982 4372 1293 4427 consuevit.
1328 4371 1437 4427 Sed
1464 4372 1648 4442 qualia
1680 4372 1861 4426 oratio
1894 4386 2059 4427 enco-

474 4469 583 4522 mia
618 4464 899 4520 adducet?
929 4464 1107 4531 Quam
1145 4464 1522 4519 laudationem
1557 4465 1809 4520 instituet
1850 4464 1922 4529 ei,
1954 4479 2056 4519 cu-

470 4561 563 4631 jus
586 4558 781 4613 laudes
812 4558 930 4629 ipsa
964 4555 1058 4610 Dei
1092 4556 1362 4625 sapientia
1387 4557 1711 4611 contemnit?
1737 4556 1875 4621 Quis
1924 4570 2056 4610 vero

475 4660 529 4707 te
550 4647 894 4719 compellans
923 4648 1165 4717 reperiat
1186 4647 1635 4716 appellationem,
1658 4663 1780 4718 quae
1797 4648 2053 4718 exiguum

473 4742 740 4797 honorem
799 4740 894 4795 tibi
939 4740 1133 4793 creet?
1186 4740 1268 4793 Au
1298 4739 1436 4793 nihil
1466 4740 1769 4810 proprium,
1805 4741 2056 4811 nihilque

473 4822 675 4889 novum
734 4832 1203 4903 excogitandum;
1260 4830 1355 4885 sed
1416 4846 1477 4887 ea
1535 4833 1711 4886 solum
1755 4834 2055 4902 promenda

474 4936 626 4993 sunt,
676 4942 800 4998 quae
852 4942 1045 4982 omnes
1101 4926 1201 4980 tibi
1243 4926 1512 4990 tribuunt,
1566 4934 1752 4982 vetera
1793 4927 2054 4981 nimirum

473 5022 591 5088 illa,
630 5035 756 5091 quae
784 5020 968 5073 divina
1009 5020 1230 5075 oracula
1284 5018 1354 5074 de
1414 5030 1465 5074 te
1508 5018 2057 5090 prazcinuerunt?Te

414 5095 438 5137 ³
471 5121 618 5175 enim
669 5117 1027 5173 nominarunt
1055 5132 1246 5173 vocem
1278 5117 1605 5172 clamantem
1651 5118 1706 5169 in
1735 5117 1954 5171 deserto
1988 5116 2053 5182 ²³;

397 5203 803 5296 ’ἒξεοιιιιιιοηιοηι
860 5209 1081 5279 quidem
1110 5211 1166 5263 in
1194 5210 1413 5264 deserto
1440 5246 1455 5273 ,
1514 5208 1608 5263 sed
1635 5209 1850 5263 cunctis
1879 5217 2055 5263 terra-

418 5296 590 5359 "rum
626 5301 832 5358 finibus
855 5310 1229 5367 resonantem,
1258 5308 1441 5355 rectas
1497 5298 1791 5353 facientem
1833 5302 2060 5355 semitas

473 5395 715 5460 Domini,
772 5408 969 5464 aspera
1021 5394 1076 5447 in
1128 5392 1338 5447 directa
1386 5392 1715 5455 flectentem,
1748 5406 2057 5461 prteconem

483 5487 675 5543 salutis
721 5483 916 5551 Israel,
953 5483 1294 5539 exaltantem
1327 5497 1518 5537 vocem
1564 5496 1721 5536 suam
1768 5482 1822 5537 in
1856 5484 2059 5538 virtute.

473 5572 629 5627 Sion.
700 5574 1017 5631 All‘erantur
1048 5574 1215 5630 etiam
1266 5574 1514 5645 parentis
1547 5572 1624 5628 tui
1682 5574 1891 5640 laudes,
1922 5589 2060 5646 quas

546 5748 591 5779 ¹¹
616 5747 781 5801 Marc.
810 5766 885 5815 vi,
926 5754 1012 5807 18.
1127 5757 1300 5811 "lsa.
1338 5773 1423 5827 XL,
1450 5760 1504 5813 '5.

2088 4416 2136 4474 ι)

2158 3172 2481 3243 διαπρύσιον
2527 3173 2823 3242 ἐμϐοῶσα·
2884 3174 3007 3227 Οὐκ
3060 3172 3269 3238 ἒξεστί
3307 3189 3403 3227 σοι
3429 3174 3594 3243 ἔχειν
3630 3175 3754 3240 τὴν

2159 3265 2418 3335 γυναῖκα
2463 3265 2572 3320 τοῦ
2620 3265 2890 3334 ἀδελφοῦ
2940 3283 3078 3321 σου.
3131 3267 3247 3321 Νῦν
3300 3265 3393 3330 οὓς
3442 3267 3749 3337 ἐπειράθης

2158 3359 2417 3430 ἐλέγχους
2446 3359 2842 3429 ἀποκρύπτειν,
2885 3359 3200 3429 ἁπανταχοῦ
3228 3358 3332 3429 γῆς
3360 3360 3459 3430 τὴν
3483 3360 3580 3430 σὴν
3611 3361 3749 3413 ἀθε-

2162 3450 2484 3521 μιτουργίαν
2543 3450 2906 3522 περιηχοῦσα,
2974 3451 3114 3504 Ἀλλ’
3147 3446 3292 3506 οὗτοι
3341 3452 3443 3521 μὲν
3478 3452 3621 3522 μετά
3645 3454 3754 3524 τῆς

2158 3541 2340 3595 αὐτῶν
2363 3541 2758 3613 ἀρῤητοποιίας
2777 3540 3129 3609 ἀφιέσθωςαν
3152 3557 3165 3572 ·
3199 3542 3293 3594 ἐπὶ
3318 3541 3376 3594 δὲ
3417 3541 3509 3594 τὸν
3538 3542 3753 3594 Βαπτι-

2160 3634 2292 3705 στὴν
2313 3637 2340 3686 ό
2364 3634 2518 3704 λόγος
2549 3635 2921 3705 ἀναχωρείτω,
2952 3635 3147 3702 ἐξιόντι
3176 3636 3417 3706 σήμερον
3437 3634 3530 3688 τοῦ
3557 3637 3752 3706 γηϊνου

2162 3725 2523 3796 σκηνῶματος
2556 3726 2988 3792 συνακολουθῶν,
3023 3727 3117 3779 καὶ
3141 3728 3277 3799 πρὸς
3301 3729 3401 3790 τὰς
3424 3728 3622 3790 ἀύλους
3650 3744 3743 3796 μου

2160 3819 2257 3881 νάς
2281 3818 2533 3882 ἀπιόντα,
2581 3814 2669 3883 αἷς
2719 3819 2972 3889 συνῴκει,
3015 3822 3107 3873 καὶ
3147 3822 3283 3890 μετά
3319 3819 3586 3889 σώματος,
3617 3821 3747 3871 ὅσον

2159 3906 2270 3965 οἷόν
2299 3928 2360 3965 τε
2398 3910 2574 3982 τιμῶν
2604 3910 2701 3966 καὶ
2731 3911 3158 3982 προπομπεύων.
3195 3911 3257 3964 Ei
3296 3915 3405 3982 γὰρ
3440 3913 3535 3965 καὶ
3568 3909 3754 3980 μείζο-

2160 4020 2250 4067 νος
2281 4003 2315 4074 ῆ
2349 4003 2493 4057 κατά
2523 4004 2776 4073 γλῶσσαν
2812 4003 3163 4074 ἀνθρωπίνην
3209 4004 3289 4057 δεῖ
3330 4005 3429 4075 τῆς
3470 4004 3756 4075 εὐφημίας

2160 4095 2332 4167 αὐτῷ,
2362 4096 2478 4150 ἀλλ’
2492 4095 2586 4150 οὖν
2618 4096 2720 4150 οὐκ
2741 4096 2857 4149 ἐστι
2892 4096 3011 4159 δέος
3039 4096 3374 4161 ἀπαξιώσειν
3400 4096 3501 4169 τὴν
3528 4097 3624 4151 τοῦ
3656 4097 3755 4149 λό-

2161 4207 2260 4260 γου
2292 4190 2615 4262 προαίρεσιν
2637 4190 2728 4244 διά
2749 4207 2809 4243 τε
2837 4188 2905 4243 τά
2935 4188 3091 4254 ἄλλα,
3126 4189 3223 4242 καὶ
3263 4191 3347 4243 ὅτι
3385 4192 3499 4252 τοῖς
3527 4189 3757 4242 πάντων

2162 4284 2569 4349 εὐτελεστάτοις
2599 4283 3003 4355 ἐξαρκούμενος
3050 4282 3291 4354 ἔχαιρεν.
3339 4281 3499 4336 Ἀλλά
3525 4282 3689 4335 τίνων
3721 4284 3756 4336 ό

2162 4376 2319 4445 λόγος
2360 4377 2653 4445 ἐγκωμίων
2698 4374 2932 4445 atomo;
2974 4374 3095 4428 τίνα
3125 4375 3404 4445 εὐφημίαν
3442 4373 3756 4445 προσοίσει,

2164 4462 2209 4537 ᾧ
2236 4469 2363 4531 τούς
2398 4467 2654 4530 ἐπαίνους
2694 4468 2728 4538 ή
2759 4466 2853 4520 τοῦ
2881 4465 3016 4519 Θεοῦ
3077 4467 3239 4536 σοφία
3270 4466 3550 4532 διέπλεξες
3586 4466 3670 4529 τίς
3693 4466 3757 4519 δέ

2167 4576 2228 4612 σε
2283 4557 2599 4631 προσειπὼν
2660 4557 2887 4628 μετρίαν
2946 4557 3028 4620 είς
3056 4557 3221 4628 τιμὴν
3266 4557 3505 4627 ἥκουσαν
3535 4555 3757 4627 ἐξεύροι

2165 4651 2572 4723 προσηγορίαν;
2609 4652 2679 4703 Ἢ
2702 4651 2855 4705 οὐδὲν
2874 4650 2971 4722 μὲν
3002 4650 3154 4715 ἴδιον,
3189 4651 3313 4704 οὐδὲ
3349 4650 3469 4704 νέον
3506 4649 3755 4722 εὕρημα,

2165 4744 2281 4799 ἀλλ’
2320 4745 2461 4798 αὐτὰ
2487 4740 2682 4809 ταῦτα,
2707 4744 2809 4796 ὅσα
2836 4744 2984 4797 πᾶσα
3011 4742 3235 4813 γλῶσσα
3258 4742 3577 4812 φθέγγεται,
3620 4759 3688 4793 πε
3697 4746 3761 4811 pi.

2166 4834 2261 4889 σοῦ
2291 4835 2360 4888 τὰ
2392 4835 2600 4888 παλαιὰ
2634 4836 2841 4902 ἐκεῖνα,
2875 4835 2912 4889 ὅ.
2940 4851 3001 4887 σε
3051 4834 3189 4888 θεῖοι
3242 4834 3484 4906 χρησμοὶ
3544 4850 3761 4903 προαν-

2167 4930 2452 5001 ύμνησαν;
2480 4930 2603 4983 τίνα
2630 4929 2812 5000 φωνὴν
2844 4928 3057 5000 βοῶσαν
3086 4930 3145 4982 ἐν
3191 4932 3257 4999 τῇ
3293 4930 3507 5000 ἐρήμῳ,
3539 4927 3762 4999 βοῶσαν

2167 5023 2269 5093 μὲν
2296 5025 2354 5077 ἐν
2397 5025 2613 5094 ἐρήμῳ,
2669 5023 2805 5075 πᾶσι
2838 5022 2894 5074 δὲ
2922 5022 3157 5094 πέρασιν
3199 5021 3611 5092 ἀπηχουμένην,
3654 5020 3761 5071 εὐ-
3785 5056 3802 5069 .

2164 5112 2492 5183 τρεπίζοντα
2524 5112 2748 5183 τρίϐους
2789 5111 2887 5177 τάς
2927 5113 3143 5175 εὐθείας
3179 5112 3409 5182 Κυρίου,
3455 5112 3526 5164 τά
3561 5110 3762 5163 σκολιὰ

2165 5204 2598 5269 κατευθύνοντα,
2638 5204 3034 5274 εὐαγγελιστὴν
3082 5202 3358 5273 σωτηρίας
3388 5202 3466 5272 τῷ
3511 5202 3758 5273 Ἰσραὴλ,

2163 5295 2403 5366 ὐφοῦντα
2452 5294 2552 5366 τὴν
2610 5295 2795 5365 φωνὴν
2854 5297 2912 5348 ἐν
2949 5296 3094 5366 ἰσχύϊ
3124 5298 3190 5366 τῇ
3226 5294 3405 5359 Σιών;
3434 5295 3653 5361 Λεγέτω
3686 5295 3760 5365 δὴ

2163 5390 2259 5441 καὶ
2287 5387 2381 5441 τοῦ
2407 5389 2733 5457 γεννήτορος
2762 5389 2886 5451 τούς
2919 5388 3223 5451 ἐπιτοκίους
3258 5390 3538 5451 ἐπαίνους,
3574 5386 3757 5456 βραχύ

2162 5497 2220 5532 τε
2252 5480 2630 5550 μεταποιήσας
2658 5480 2855 5543 αὐτοὺς
2882 5479 3017 5551 πρὸς
3041 5480 3099 5533 τὸ
3126 5479 3201 5551 τῷ
3227 5479 3407 5551 καιρῷ
3430 5478 3762 5552 προσφορώ-

2161 5592 2337 5645 τερον.
2380 5573 2492 5643 Πρὸ
2533 5573 2626 5627 τοῦ
2665 5574 2921 5643 Ὑψίστου
2954 5574 3420 5645 προπεπόρεύσαι,
3463 5574 3760 5646 προφήτης
