4072 6456
328 412 431 476 201

868 410 1151 473 ORATIO
1175 411 1327 475 XVI.
1356 435 1424 448 -
1456 411 1540 475 IN
1566 411 2201 475 DECOLLATIONEM
2236 410 2294 472 s.
2340 410 2665 473 JOANNIS
2694 393 3100 470 BAPTISM.

3491 409 3598 473 202

325 520 689 595 χρηματίζων
716 519 775 573 ἐν
802 520 984 591 νηπίῳ
1023 520 1101 593 τῷ
1141 521 1394 590 γάλακτι,
1434 522 1529 576 καὶ
1567 520 1768 590 γνῶσιν
1796 539 1907 575 σω..

2018 521 2311 591 subipsum
2360 528 2515 573 tuum
2547 524 2730 571 ortum
2758 517 2997 583 cecinit;
3034 521 3258 571 mutatae
3284 515 3594 585 paululum,

304 615 524 686 ,τηρίας
550 613 631 685 τῷ
677 610 794 684 λαῷ
837 612 1106 685 κηρύξας,
1134 614 1198 667 οὐ
1239 613 1399 684 μόνον
1426 614 1484 666 ἐν
1513 611 1748 683 σώματι,
1779 612 1916 679 ἀλλά

304 712 420 771 τκαὶ
449 706 630 779 δεσμά
656 707 757 777 τῆς
789 706 993 778 σαρκὸς
1038 705 1398 776 ἀποθέμενος.
1442 706 1778 777 Προσθῶμεν
1807 705 1917 759 ῶσ-

308 818 433 872 περ
459 799 586 852 τινὰ
607 797 877 870 κορυφὴν,
909 797 1006 850 καὶ
1026 796 1062 850 ἃ.
1081 796 1181 867 τῆς
1210 798 1394 866 πηγῆς
1421 796 1524 865 τῆς
1558 796 1751 865 σοφίας
1771 795 1916 867 ἔχεις

302 892 716 963 προσρήματα.
750 888 972 953 Μείζων
1001 890 1061 942 ἐν
1087 891 1372 960 γεννητοῖς
1421 889 1702 957 γυναικῶν
1739 889 1917 953 οὐδεὶς

319 984 480 1055 ὤφθη
503 1000 600 1036 σου
634 982 1075 1053 ἐξεγηγερμὲνος
1097 998 1114 1013 ³
1148 980 1449 1051 προφητῶν
1490 981 1750 1036 ἁπάντων
1780 982 1917 1035 ἀπο·

324 1077 466 1148 φέρῃ
496 1076 559 1129 τὸ
585 1074 1000 1146 περισσότερον,
1031 1076 1216 1127 ἐκεῖνα
1239 1074 1545 1146 θεωρήσας,
1590 1072 1777 1127 ἐκεῖνα
1811 1089 1918 1144 μη-

327 1169 515 1231 νύσας,
550 1167 767 1229 τούτοις
796 1166 1211 1237 λειτουργήσας,
1245 1164 1283 1220 ὃ.
1311 1166 1401 1221 διά
1424 1182 1487 1218 συ
1497 1165 1709 1236 μὸόλων
1732 1164 1918 1227 αὐτοῖς

332 1262 608 1315 ὠπτάνετο
627 1278 643 1292 ο
676 1259 884 1313 τούτων
909 1259 1227 1321 ἀπολαύσας
1248 1296 1265 1323 ,
1306 1251 1382 1314 ὧν
1428 1258 1787 1330 ἐπεθύμησαν
1816 1258 1918 1329 μὲν

327 1351 584 1417 ἅπαντες,
601 1351 762 1421 ἐτυχε
783 1350 840 1405 δὲ
854 1350 1052 1415 οὐδείς.
1084 1352 1242 1419 Ἀρτι
1267 1366 1370 1416 σοι,
1396 1351 1699 1417 Βαπτιστά,
1723 1351 1785 1404 τὸ
1812 1350 1913 1421 βά-

324 1460 538 1513 πτισμα
560 1443 944 1514 παραγίνεται,
966 1443 995 1497 ὂ
1020 1443 1187 1498 πάλαι
1205 1444 1306 1514 τῆς
1332 1443 1669 1512 Δεσποτικῆς
1704 1444 1917 1516 ἐζήτεις

320 1534 607 1606 παλάμης,
642 1536 705 1588 οὐ
758 1536 966 1607 νάμασι
1022 1535 1333 1607 ποταμίοις,
1377 1536 1515 1591 ἀλλά
1549 1536 1787 1608 ῥείθροις
1820 1534 1915 1590 τοῦ

321 1625 421 1679 σοῦ
457 1627 749 1697 λουόμενος
783 1628 1038 1698 αἵματος.
1069 1627 1239 1698 [mm
1280 1628 1377 1683 καὶ
1403 1628 1547 1682 οὕτω
1575 1629 1713 1700 πρὸς
1736 1630 1795 1683 σὲ
1823 1628 1916 1700 ἔρ-

315 1736 503 1789 χεται,
535 1713 580 1788 ᾧ
610 1721 781 1774 πάλαι
822 1720 885 1773 τὸ
914 1720 1051 1775 πολὺ
1085 1720 1187 1791 τῆς
1213 1722 1679 1788 συγκαταόάσεως
1722 1721 1914 1776 ἐνεκά-

317 1814 458 1876 λεις.
489 1812 730 1881 Φθὲγξαι
753 1814 936 1878 κάκεῖ,
963 1814 1097 1867 ὅπου
1130 1813 1224 1867 νῦν
1245 1813 1398 1879 ἄπει,
1420 1812 1515 1866 τοῦ
1539 1813 1685 1867 θείου
1712 1814 1770 1867 Ἀ
1781 1811 1915 1884 μνοῦ

2022 621 2081 669 ut
2118 613 2232 669 sint
2268 610 2748 667 convenientiores
2777 608 3034 677 tempori.
3066 607 3207 661 Ante
3247 607 3597 665 Altissimum

2018 702 2301 776 praeivisti,
2353 701 2619 772 pr0pbeta
2673 700 2988 755 nominatus
3021 697 3090 765 ’⁵,
3142 714 3269 754 cum
3298 700 3481 755 adhuc
3515 702 3586 756 ab

2020 802 2196 856 ubere
2220 798 2420 856 matris
2440 798 2732 869 penderes,
2764 804 2818 851 et
2843 794 3044 865 populo
3084 794 3377 850 scientiam
3401 796 3599 853 salutis

2018 892 2384 958 annuntiasti,
2415 905 2525 946 non
2551 890 2728 947 solum
2765 889 2822 944 in
2854 901 3108 959 corpore,
3142 886 3239 943 sed
3270 886 3435 941 etiam
3469 904 3600 944 cor-

2018 986 2171 1058 poris
2223 986 2459 1041 nexibus
2511 983 2818 1039 exsolutus.
2878 980 3161 1035 Addamus
3220 979 3425 1051 fastigii
3479 981 3600 1036 loco

2018 1079 2134 1145 illa,
2169 1091 2293 1147 quae
2316 1077 2384 1132 ab
2409 1076 2530 1146 ipso
2573 1073 2858 1144 sapientiae
2886 1071 3041 1128 fonte
3068 1078 3386 1125 manarunt.
3424 1068 3600 1140 Major

2021 1180 2075 1225 te
2128 1169 2273 1225 inter
2306 1176 2471 1223 natos
2517 1166 2813 1221 mulierum
2847 1179 2958 1219 non
3009 1164 3260 1234 apparuit
3288 1164 3358 1228 ’⁵,
3404 1175 3600 1217 omnes

2020 1261 2318 1332 prepbetas
2343 1270 2399 1315 tu
2427 1257 2735 1322 antecedis,
2761 1257 2852 1312 illa
2894 1255 3299 1325 contemplans,
3329 1254 3420 1309 illa
3450 1268 3597 1308 nun-

2023 1354 2197 1419 tians,
2220 1360 2275 1407 et
2303 1352 2419 1407 illis
2465 1348 2845 1410 subserviens,
2881 1362 3005 1418 quae
3035 1346 3204 1417 prisci
3237 1361 3335 1415 per
3360 1348 3599 1400 obscura

2018 1446 2285 1500 duntaxat
2318 1443 2566 1515 symbola
2590 1449 2960 1512 aspexerunt;
2993 1440 3062 1495 iis
3112 1439 3312 1495 fruitus
3346 1453 3429 1502 es,
3481 1452 3603 1507 qua:

2018 1551 2211 1593 omnes
2239 1536 2461 1608 quidem
2496 1533 2910 1599 desiderarunt,
2939 1539 2997 1587 at
3024 1546 3185 1586 nemo
3230 1529 3460 1601 adeptus
3494 1537 3601 1584 est.

2017 1627 2199 1690 Nunc,
2227 1641 2260 1680 ο
2295 1625 2563 1696 Baptista,
2589 1624 2748 1680 adest
2775 1623 3080 1693 baptisma,
3113 1620 3259 1691 quod
3292 1636 3322 1673 a
3389 1618 3604 1673 Domini

2019 1732 2186 1771 mann
2209 1715 2342 1771 olim
2372 1715 2714 1787 postulabas,
2740 1727 2850 1768 non
2876 1712 3034 1767 ﬂuvii
3069 1711 3260 1776 undis,
3297 1709 3392 1765 sed
3431 1708 3606 1763 liuen-

2020 1811 2091 1866 tis
2121 1811 2199 1866 tui
2239 1809 2526 1881 sanguinis
2552 1808 2795 1865 ablutus.
2825 1806 3097 1861 Caeterum
3131 1814 3184 1859 et
3211 1804 3318 1857 hoc
3351 1801 3512 1856 modo
3537 1800 3606 1854 ad

315 1906 422 1976 τὴν
456 1904 761 1977 ἐνέργειαν,
790 1906 893 1978 τὴν
922 1906 990 1959 δι’
1025 1907 1236 1960 ἐκεῖνον
1276 1906 1387 1985 τῶν
1416 1908 1704 1979 ἁμαρτιῶν
1734 1908 1913 1977 ἄρσιν,

2020 1911 2073 1959 te
2105 1902 2255 1958 venit
2289 1902 2406 1967 ille,
2443 1901 2515 1956 de
2547 1901 2707 1971 cujus
2742 1898 2915 1955 nimia
2938 1896 3275 1953 demissione
3304 1895 3436 1949 olim
3465 1907 3600 1963 que-

317 2001 421 2053 καὶ
451 1998 854 2070 ἀπολύτρωσιν.
886 1999 1104 2054 Μᾶλλον
1141 2000 1187 2053 δ’
1215 2000 1308 2054 ἐπὶ
1352 1999 1530 2071 τούτῳ
1561 1999 1913 2072 προφθάνεις,

321 2092 414 2143 ἵνα
465 2092 561 2145 καὶ
589 2090 805 2155 τούτοις
846 2091 908 2144 τὸ
938 2091 1030 2144 σὸν
1085 2091 1267 2162 ἠχήσῃ
1300 2092 1584 2162 κήρυγμα,
1630 2089 1915 2161 ἐλεύθερον

324 2182 585 2253 ἀπειλῆς.
614 2185 690 2237 Οὐ
720 2184 826 2255 γὰρ
851 2184 1036 2253 δεήσει
1075 2186 1139 2256 τῇ
1167 2184 1326 2256 ἀξίνῃ
1357 2186 1452 2238 καὶ
1499 2187 1568 2255 τῇ
1612 2186 1754 2255 τομῇ
1789 2185 1915 2250 τοὺς

328 2275 453 2325 ἐκεῖ
483 2273 1029 2346 ταλαιπωρουμένους
1078 2275 1283 2344 φοϐεῖν,
1335 2276 1458 2329 οὐδὲ
1491 2275 1553 2328 τὺ
1593 2274 1705 2346 πῦρ
1734 2277 1825 2328 καὶ
1853 2276 1915 2329 τὸ

332 2363 546 2433 ἄχυρον
569 2364 998 2436 προσεπιλέγειν,
1030 2365 1166 2419 ἀλλὰ
1195 2364 1404 2437 φθέγξῃ
1445 2364 1633 2436 φωνὴν
1657 2366 1916 2436 ψυχαγωο

332 2453 465 2519 γίας
487 2454 709 2525 μεστὴν,
736 2456 910 2527 χαρὰν
952 2455 1368 2521 ἀποστάζουσαν
1388 2472 1403 2487 ⁸
1436 2457 1651 2528 όφθήσῃ
1673 2458 1786 2520 τοῖς
1818 2456 1921 2511 ἀπ’

324 2546 526 2608 αίῶνος
555 2548 614 2599 ἐν
642 2545 770 2617 ᾅδου
799 2548 1060 2619 δεσμίοις,
1088 2548 1269 2617 θέαμα
1288 2548 1558 2615 ποθεινὸν,
1583 2551 1913 2620 προφήταις,

318 2636 722 2709 πατριάρχαις,
803 2639 1055 2703 δικαίοις.
1134 2638 1487 2704 Ἀναϐιώσεις
1545 2638 1743 2703 αὐτοὺς
1803 2640 1916 2700 τοῖς

316 2729 709 2799 εὐαγγελίοις,
765 2732 861 2785 καὶ
910 2734 1016 2802 πρὸ
1075 2731 1179 2802 τῆς
1232 2732 1350 2785 ἐκεῖ
1403 2730 1762 2794 καταϐάσεως
1814 2730 1916 2800 τῆς

318 2822 497 2891 Ζωῆςο

2019 1992 2526 2049 rebaris.Praadica
2578 1999 2635 2047 et
2681 1989 2867 2055 isthic,
2918 2002 3031 2059 quo
3062 2002 3212 2042 nunc
3261 1985 3408 2051 abis,
3436 1982 3604 2039 divini

2017 2085 2154 2154 Agni
2184 2085 2292 2139 vim
2318 2092 2373 2138 et
2404 2082 2699 2146 actionem,
2731 2095 3007 2151 operaque
3036 2078 3447 2148 illius,peecata
3469 2076 3602 2130 sub-

2019 2178 2186 2232 latum
2214 2217 2229 2242 ,
2278 2184 2334 2233 et
2375 2176 2810 2247 redemptionem
2842 2174 3107 2229 donatum
3175 2172 3265 2226 iri.
3315 2170 3458 2237 Quin
3498 2169 3606 2224 hoc

2018 2272 2264 2328 consilio
2297 2286 2365 2328 eo
2418 2271 2571 2342 prior
2593 2279 2647 2326 te
2680 2268 2904 2339 recipis,
2937 2275 2999 2322 ut
3028 2276 3082 2322 et
3134 2266 3258 2320 istis
3288 2263 3606 2334 praedicatio

2023 2372 2115 2418 tua
2146 2363 2479 2426 innotescat,
2516 2359 2586 2413 ab
2617 2358 2876 2413 omnibus
2925 2356 3037 2425 jam
3066 2355 3235 2409 libera
3257 2354 3453 2419 minis;
3483 2366 3593 2405 non

2018 2455 2162 2509 enim
2194 2453 2308 2523 jam
2358 2451 2542 2507 securi
2584 2457 2640 2504 et
2666 2448 2953 2503 excisione
3009 2460 3151 2515 opus
3178 2444 3285 2500 erit
3322 2454 3601 2513 perterre-

2016 2543 2196 2600 facere
2244 2544 2390 2609 illos,
2425 2543 2518 2613 qui
2570 2541 2672 2595 tibi
2702 2554 2828 2594 cum
2886 2538 3148 2594 aerumnis
3195 2534 3604 2598 conflictantur,

2020 2652 2199 2708 neque
2233 2636 2417 2709 ignem
2451 2644 2507 2689 et
2530 2632 2717 2704 paleas
2741 2624 3208 2693 Commemorare;
3265 2628 3362 2683 sed
3414 2642 3603 2681 vocem

2018 2727 2426 2784 consolationis
2476 2722 2859 2794 plenissimam
2894 2719 3163 2791 proferes,
3223 2732 3413 2773 vocem
3471 2732 3607 2786 gau-

2021 2821 2170 2876 dium
2198 2819 2520 2876 stillantem.
2556 2814 2753 2871 Venies
2794 2812 2997 2869 vinctis
3025 2828 3057 2865 a
3095 2810 3297 2868 saeculo
3328 2806 3473 2879 apud
3520 2810 3606 2861 in-

323 2914 486 2978 feros,
512 2922 743 2985 aspectu
764 2916 1227 2985 jucundissimns,
1250 2915 1554 2988 prophetis,
1585 2912 1937 2987 patriarchis,
1957 2912 2143 2984 justis.
2179 2907 2561 2969 Resuscitabis
2601 2922 2698 2962 eos
2737 2905 2803 2961 ad
2830 2905 2995 2959 vitam
3032 2908 3113 2961 his
3143 2914 3254 2957 tam
3296 2902 3434 2957 laetis
3458 2916 3608 2957 nun-

328 3008 439 3075 tiis,
466 3011 634 3065 etiam
669 3020 967 3082 antequam
988 3010 1109 3066 Vita
1140 3025 1208 3067 eo
1235 3008 1557 3066 descendat.

402 3192 769 3263 Ἠσθήσονται
798 3193 1038 3263 Μωῦσῆς
1067 3194 1161 3247 καὶ
1190 3192 1403 3264 Ἀαρὼν
1434 3192 1636 3258 ἰδόντες
1662 3193 1755 3247 τὸν
1781 3209 1910 3261 συγ·-

2085 3190 2447 3247 Laetabuntur
2498 3188 2715 3260 Moyses
2760 3197 2816 3246 et
2846 3189 3034 3244 Aaron
3096 3186 3220 3243 viso
3258 3196 3495 3259 cognato
3536 3204 3604 3245 ex

320 3286 457 3355 γενῆ
489 3286 583 3339 τὸν
617 3287 683 3338 ὲκ
736 3285 836 3355 τῆς
900 3285 1303 3356 ’Λαρωνίτιδος.
1348 3286 1669 3340 Ἀκούσεται
1726 3286 1782 3340 δὲ
1818 3288 1911 3340 καὶ

333 3379 566 3440 Ἡσαΐας
589 3376 877 3448 φωνούσης
906 3378 976 3430 τὰ
998 3376 1117 3431 θεῖα
1143 3379 1437 3449 μυστήρια,
1457 3373 1526 3451 ἧς
1550 3377 1911 3444 πάλαιᾘνεύ-

333 3486 503 3541 ματος
547 3470 643 3523 ἀντὶ
672 3470 803 3541 θείῳ
842 3470 1026 3541 φωνῆς
1079 3470 1405 3542 ἐπήκουσεν.
1455 3470 1683 3543 ’ᾼσεται
1722 3470 1778 3525 δὲ
1817 3472 1912 3524 καὶ

329 3561 497 3614 Δασὶδ
544 3563 572 3615 ὁ
605 3562 894 3634 προφήτης
949 3563 1046 3617 καὶ
1103 3562 1380 3633 βασιλεὺς,
1414 3564 1511 3618 καὶ
1547 3562 1771 3635 κρούσει
1814 3565 1913 3637 τὴν

326 3654 518 3726 λύραν.
571 3656 935 3727 Σκιρτήσουσι
993 3656 1195 3720 πάντες
1241 3658 1292 3709 οί
1332 3656 1552 3723 δίκαιοι,
1615 3657 1714 3711 καὶ
1768 3658 1914 3727 φίλοι

322 3750 486 3815 Θεοῦ,
517 3751 613 3804 τὸν
641 3751 975 3821 Βαπτιστὴν,
1028 3753 1122 3805 καὶ
1151 3752 1323 3820 φίλον,
1359 3753 1457 3806 καὶ
1486 3753 1695 3807 δίκαιον
1743 3772 1914 3825 προσ-

321 3842 627 3913 εληλυθότα
648 3842 934 3914 θεώμενοι.
974 3843 1116 3897 Ἀλλ’
1136 3838 1182 3899 ὦ
1206 3845 1527 3916 παραδόξως
1552 3846 1651 3917 μὲν
1679 3847 1910 3917 τεχθεὶς,

328 3931 769 4007 παράδοξοτέραν
801 3936 859 3990 δὲ
885 3937 1145 4002 διανύσας
1169 3937 1339 4010 ζωὴν,
1358 3938 1455 3995 καὶ
1488 3939 1579 3994 διὰ
1611 3940 1915 4011 μαρτυρίου

329 4028 467 4095 πρὸς
510 4027 612 4097 τὴν
670 4028 939 4082 ἀθάνατον
969 4029 1115 4101 ζωὴν
1148 4031 1566 4102 μεταχωρήσας,
1612 4032 1774 4103 δέχου
1816 4032 1917 4102 μὲν

321 4116 486 4188 ἡμῶν
529 4117 687 4185 ἵλεως
706 4118 805 4192 τὴν
835 4120 1065 4195 μετρίαν
1100 4123 1308 4196 ταύτην
1353 4121 1448 4180 τοῦ
1479 4123 1640 4196 λόγου
1683 4126 1917 4199 προσὲντ

321 4210 465 4276 εξιν,
488 4213 639 4285 πόθῳ
664 4213 1084 4287 τεθαρρηκότων
1113 4217 1353 4288 ἅψασθαι
1389 4219 1498 4274 τῶν
1514 4218 1625 4272 σῶν
1655 4221 1915 4286 ἐπαίνων,

322 4303 490 4356 ἵλεων
511 4304 571 4356 δὲ
602 4305 915 4377 ἀπέργασαι
942 4308 1034 4362 τὸν
1068 4310 1370 4381 Δεσπότην,
1424 4310 1519 4364 καὶ
1546 4313 1682 4382 ἡμῖν
1713 4312 1810 4383 μὲν
1838 4307 1919 4377 οἷς

321 4397 389 4449 τὸ
419 4395 589 4449 αὐτοῦ
616 4398 867 4468 ποίμνιον
893 4399 965 4454 δι’
986 4401 1194 4471 ἄφατον
1217 4402 1555 4474 ἐνεχείρισας
1580 4403 1917 4476 ἀγαθότητα,

322 4489 425 4542 καὶ
485 4489 565 4559 τῷ
594 4490 830 4562 ποιμνίῳ
858 4493 935 4555 δὲ,
972 4492 1045 4546 δι’
1091 4494 1187 4559 οὓς
1217 4496 1281 4549 τὸ
1312 4495 1613 4568 καθάρσιον
1640 4494 1779 4569 αἷμα
1805 4501 1916 4553 ἐκέ-

324 4599 501 4635 νωσεο
526 4584 621 4636 καὶ
643 4582 738 4637 νῦν
762 4584 860 4653 μὲν
881 4585 1024 4639 δίδου
1056 4588 1205 4658 ἡμᾶς
1238 4587 1396 4658 ἄγειν
1422 4606 1485 4643 τε
1511 4592 1606 4645 καὶ
1641 4590 1916 4646 ἰθύνεσθαι

324 4674 440 4727 τῶν
476 4674 703 4745 θηρίων,
737 4677 852 4730 ὅσοι
881 4694 941 4730 τε
971 4678 1245 4750 ὁρώμενοι
1293 4681 1625 4749 ἐπιπηδῶσι,
1663 4684 1759 4737 καὶ
1802 4684 1920 4738 ὅσοι

323 4767 557 4836 ἀφανῶς
586 4769 985 4839 ἐνεδρεύουσιν,
1012 4772 1389 4843 ἀπημάντους,
1410 4774 1508 4828 καὶ
1527 4776 1919 4831 ἀνεπιϐουλεύ-

322 4876 477 4924 τους.
516 4862 673 4914 Ἔστι
702 4880 785 4916 σοι
833 4864 896 4917 τὸ
941 4865 1164 4937 θαρρεῖν
1201 4866 1277 4931 ὡς
1315 4868 1456 4939 φίλῳ
1480 4870 1575 4922 καὶ
1616 4870 1917 4942 Βαπτιστῇ.

325 4952 391 5005 Εἰ
419 4951 480 5003 δὲ
513 4954 610 5005 καὶ
634 4952 733 5023 τῆς
761 4954 1013 5010 ἐντεῦθεν
1042 4956 1192 5026 ζωῆς
1222 4958 1678 5030 μεταχωροίῄιεν
1698 5003 1713 5024 ,
1771 4961 1925 5013 ἀνεύ-

323 5041 491 5094 θυνον
525 5043 676 5113 αὐτῷ
697 5046 1033 5115 παραδοῦναι
1060 5049 1151 5131 τὸν
1180 5049 1339 5117 λόγον
1366 5052 1465 5119 τῆς
1511 5051 1806 5121 βασιλείας,
1855 5047 1922 5123 ἧς

324 5132 717 5203 ἐπιτροπεύειν
738 5137 1062 5208 κατέστησε,
1082 5138 1181 5191 καὶ
1208 5140 1308 5208 τῆς
1334 5140 1618 5210 ἀδιαδόχου
1640 5141 1799 5211 δόξης
1823 5144 1922 5213 τῆς

321 5223 497 5277 αὑτοῦ
531 5224 813 5295 βασιλείας
833 5228 1155 5300 ἀξιωθῆναι,
1174 5225 1258 5295 οἷς
1284 5232 1486 5297 πάντες
1510 5236 1929 5308 ἀπολαύσαιμεν

322 5318 418 5370 καὶ
435 5317 600 5384 ἐλέει,
625 5320 723 5372 καὶ
747 5319 1130 5395 φιλανθρωπίᾳ
1158 5324 1322 5379 αὐτοῦ
1350 5325 1447 5379 τοῦ
1474 5329 1916 5400 πτωχεύσαντος,

325 5410 427 5463 καὶ
455 5409 575 5463 υἱοῦ
604 5410 893 5482 ἀνθρώπου
916 5416 1359 5485 χρηματίσαντος
1387 5418 1455 5471 δι’
1478 5421 1647 5491 ἡμᾶς,
1681 5421 1747 5476 ἵν’
1773 5425 1921 5495 ἡμᾶς

327 5502 601 5577 πλουτίσῃ
631 5505 728 5559 καὶ
756 5507 907 5570 υίοὺς
934 5505 1073 5560 Θεοῦ
1106 5508 1513 5581 ἀπεργάσηται,
1536 5505 1581 5581 ᾧ
1611 5514 1644 5585 ὴ
1674 5513 1801 5579 δόξα
1825 5516 1923 5570 καὶ

319 5594 387 5648 τὸ
408 5595 619 5667 κράτος
641 5596 736 5651 νῦν
761 5599 859 5653 καὶ
886 5600 997 5665 ἀεὶ,
1032 5600 1123 5654 καὶ
1150 5600 1233 5666 είς
1261 5603 1389 5667 τοὺς
1421 5603 1624 5670 αίῶνας
1650 5605 1760 5663 τῶν
1788 5609 1921 5664 αίώ-

326 5705 453 5745 νων.
498 5688 695 5761 Ἀμήν.

396 5871 455 5936 ³⁸,
484 5867 618 5926 Luc.
656 5885 693 5937 ι,
723 5870 813 5929 76.
892 5875 937 5908 "
964 5872 1256 5947 Matthxi,
1296 5876 1354 5934 ll
1383 5895 1398 5948 ε
1424 5875 1561 5939 Luc.
1584 5896 1681 5952 νη,
1702 5878 1799 5941 28.

2018 3282 2257 3339 Aaronis
2280 3282 2415 3336 filia.
2445 3281 2648 3338 Audiet
2678 3288 2734 3336 et
2760 3280 2935 3337 Isaias
2957 3294 3148 3335 vocem
3184 3281 3451 3351 mysteria
3476 3294 3614 3352 pan-

1986 3371 2252 3440 dentem,
2288 3388 2453 3444 quam
2506 3374 2636 3428 olim
2666 3372 2778 3443 jam
2832 3371 3017 3427 divina
3058 3370 3297 3442 Spiritus
3332 3386 3468 3427 voce
3514 3387 3615 3429 au-

2015 3467 2217 3523 dierat.
2282 3469 2456 3522 Canet
2495 3480 2717 3537 quoque
2767 3464 2942 3520 David
2982 3465 3249 3536 pr0pheta
3298 3473 3355 3520 et
3404 3480 3524 3528 rex,
3557 3474 3616 3522 et

2014 3556 2192 3627 lyram
2225 3555 2488 3625 pulsabit.
2515 3554 2785 3609 Exsilient
2812 3568 3007 3609 omnes
3041 3552 3177 3623 justi
3204 3561 3261 3609 et
3293 3554 3461 3609 amici
3516 3555 3615 3611 Dei

2017 3660 2143 3701 cum
2189 3645 2431 3699 viderint
2463 3644 2769 3715 Baptistam
2799 3654 2853 3700 et
2895 3645 3158 3711 amicum,
3188 3651 3244 3700 et
3266 3645 3480 3713 justum
3516 3644 3617 3700 ad-

2015 3736 2394 3802 ventasse.At,
2415 3750 2449 3789 ο
2466 3737 2559 3806 qui
2594 3747 2789 3807 praeter
2811 3736 3122 3805 opinionem
3152 3745 3315 3793 natus
3338 3751 3421 3805 es,
3441 3744 3491 3793 et
3516 3737 3618 3791 ad-

2018 3827 2125 3883 huc
2148 3828 2319 3898 magis
2341 3837 2540 3898 praeter
2568 3829 2882 3899 opinionem
2911 3823 3275 3884 cursumvita:
3300 3827 3615 3894 confecisti,

2016 3916 2109 3986 qui
2138 3930 2234 3984 per
2263 3916 2586 3987 martyrium
2613 3916 2683 3970 ad
2716 3914 3081 3971 immortalem
3112 3916 3291 3971 vitam
3313 3917 3610 3980 transiisti,

2019 4010 2207 4078 accipe
2252 4009 2524 4079 pr0pitius
2593 4008 2697 4063 hoc
2744 4006 3026 4063 levidense
3084 4007 3354 4062 orationis
3410 4016 3616 4061 nostrre

2022 4104 2426 4170 munusculum,
2460 4100 2605 4174 quod
2627 4103 2898 4160 desiderio
2919 4100 3257 4159 laudestuas
3297 4100 3614 4159 celebrandi

2020 4193 2210 4258 offero,
2286 4193 2694 4264 propitiumque
2761 4190 2927 4246 redde
2975 4190 3295 4257 Dominum,
3348 4193 3615 4259 etnoliis,

2022 4285 2223 4356 quibus
2250 4284 2433 4357 gregis
2457 4283 2605 4339 illius
2638 4298 2733 4352 per
2753 4283 3079 4337 immensam
3109 4290 3258 4336 tuam
3292 4283 3616 4348 bonitatem,

2022 4391 2214 4433 curam
2243 4375 2592 4441 commisisti,
2639 4382 2694 4429 et
2720 4374 2825 4444 ipsi
2868 4374 3040 4445 gregi,
3073 4375 3234 4445 cujus
3281 4374 3617 4431 emundandi

2025 4468 2201 4538 gratia
2239 4467 2561 4537 sanguinem
2598 4464 2755 4521 fudit.
2785 4464 2850 4519 Et
2880 4481 3028 4520 nunc
3066 4466 3330 4531 concede,
3374 4476 3434 4522 nt
3462 4482 3619 4537 rega-

1951 4543 1993 4596 D
2029 4572 2153 4612 mus
2212 4565 2267 4611 et
2322 4570 2604 4627 regamur,
2649 4569 2682 4610 a
2735 4555 2955 4621 bestiis,
3012 4563 3125 4610 tam
3168 4571 3292 4625 quae
3339 4557 3618 4619 videntur,

2024 4661 2190 4717 quam
2257 4662 2380 4717 qure
2410 4646 2632 4702 occulte
2688 4646 2924 4701 insidias
2959 4647 3219 4711 tendunt,
3253 4647 3528 4702 immunes
3562 4658 3618 4702 et

2022 4738 2203 4795 illaesi.
2226 4736 2455 4793 Fiducia
2478 4737 2573 4793 tibi
2602 4738 2844 4809 suppetit
2888 4747 3149 4808 tanquam
3201 4740 3384 4793 amico
3430 4751 3482 4792 et
3512 4738 3617 4793 Ba-

2024 4829 2227 4898 ptistae.
2295 4827 2455 4894 Quod
2499 4829 2546 4885 si
2598 4829 2727 4883 hinc
2762 4829 3122 4895 excedamus,
3169 4830 3343 4894 ellice,
3376 4830 3619 4884 utinuo-

2026 4921 2178 4979 aiam
2201 4928 2256 4976 et
2278 4920 2524 4977 criminis
2552 4929 2832 4992 expertem
2869 4920 3138 4975 rationem
3164 4920 3467 4977 reddamus
3513 4923 3619 4977 im-

2022 5013 2159 5085 perii
2186 5014 2583 5077 administrati,
2609 5014 2697 5069 cui
2728 5028 2830 5068 nos
2866 5012 3142 5083 praefecit;
3164 5022 3220 5069 et
3252 5022 3313 5070 ut
3346 5023 3618 5086 perpetua

2023 5107 2174 5178 regni
2205 5106 2450 5162 cmlestis
2480 5106 2654 5175 gloria
2705 5105 2853 5174 digni
2898 5104 3222 5171 habeamur,
3247 5122 3357 5177 qua
3402 5108 3615 5161 utinam

2022 5213 2213 5253 omnes
2259 5196 2512 5252 fruamur
2544 5195 2926 5251 misericordia
2991 5205 3046 5253 et
3076 5197 3423 5253 humanitate
3471 5198 3617 5267 ejus,

2028 5289 2122 5360 qui
2174 5303 2274 5359 pro
2306 5288 2466 5343 nobis
2521 5300 2729 5356 egenus
2757 5285 2957 5354 factus,
2986 5294 3041 5342 et
3066 5287 3211 5343 filius
3243 5286 3487 5360 hominis,
3512 5301 3617 5358 ap-

2031 5381 2221 5451 pellari
2270 5381 2525 5450 dignatus
2575 5386 2679 5443 est,
2741 5387 2803 5433 ut
2858 5394 2961 5437 nos
3014 5379 3214 5436 divites
3255 5387 3309 5436 et
3340 5380 3485 5437 filios
3518 5380 3613 5436 Dei

2030 5472 2286 5537 elliceret,
2319 5470 2411 5524 cui
2436 5468 2612 5540 gloria
2640 5478 2693 5523 et
2714 5471 2954 5539 potentia
3020 5484 3167 5524 nunc
3203 5478 3257 5525 et
3283 5484 3516 5540 semper,
3561 5480 3617 5527 et

2032 5563 2090 5620 in
2127 5561 2329 5621 szecula
2348 5560 2697 5619 saeculorum.
2722 5560 2919 5618 Amen.
