4072 6454
448 334 557 403 803

1012 461 1271 517 ORATIO
1300 461 1465 516 XVII.

451 556 666 622 Leonis,
695 555 897 611 Christi
923 554 1077 625 Regis
1116 559 1302 611 (νιενηὶ
1338 559 1541 627 gratia,
1572 558 1930 624 imperaloris.
1968 558 2023 610 in

522 627 915 683 celeberrimum
944 628 1396 690 arcliiprirsulem,
1434 628 1684 683 Ecclesia:
1714 627 2034 696 splendidis-

526 701 719 754 simum
744 698 1010 752 luminare
1050 700 1336 769 miriﬁcum
1366 714 1616 768 magnum
1653 700 1963 753 Nicolaum.

1682 350 1958 408 LEONIS
1988 349 2447 408 PIHIUSOPUI

2063 474 2109 524 Α

3611 344 3717 408 204

2747 466 2963 520 ΛῡΓυΣ
3001 466 3102 521 ΙΖ’.

2132 554 2391 623 Λέοντος
2432 557 2532 627 (ι).
2581 557 2649 608 ἐν
2682 554 2913 623 Χριστῷ
2955 554 3213 619 ,βασιλεῖ
3267 554 3485 621 αἰωνίῳ
3535 553 3723 627 βασι-

2210 628 2384 691 λέως,
2410 631 2498 691 εἰς
2533 628 2641 679 τὸν
2673 628 2742 678 ἐν
2782 627 3125 695 ἀρχιερεῦσι
3152 626 3300 680 Θεοῦ
3344 626 3717 695 περιϐόητρν,

2210 698 2310 749 καὶ
2356 697 2468 765 τῆς
2518 692 2893 763 Ἐκκλησιάξ
2948 692 3355 765 ἡφαεινότατον
3396 692 3723 765 λαμπτῆρα

2212 767 2666 837 θαυματουργύν
2686 767 2882 835 μέγαν
2895 769 3226 822 Νικόλαον.

896 863 1082 925 (Edidit
1105 863 1282 913 Petrus
1304 863 1552 924 Possums,
1576 863 1842 915 Soeietatis
1866 865 1985 915 .lesu
2014 862 2302 928 presbyter,
2334 861 2527 911 Tolosae
2563 862 2860 922 MDCXLIV,
2887 863 3017 925 in-t,
3042 863 3100 911 t7
3129 861 3268 925 pag.)

520 946 974 1016 Quandoquidem
999 948 1302 1002 delectatur
1327 946 1470 1003 Deus
1489 963 1772 1003 servorum
1799 963 2026 1004 suorum

449 1037 754 1094 honoribus
780 1055 796 1104 ;
826 1052 931 1092 non
962 1036 1109 1109 quod
1136 1053 1395 1108 magnum
1427 1046 1585 1109 putet
1616 1040 1875 1095 honorari
1907 1039 2032 1096 illos

449 1145 592 1202 quos
618 1131 736 1201 ipse
759 1128 901 1200 apud
934 1144 995 1185 se
1020 1130 1316 1201 occupavit
1341 1130 1553 1187 honore
1577 1133 1861 1189 cumulare
1889 1150 1905 1201 ;
1934 1132 2031 1189 sed

450 1222 595 1294 quod
625 1222 678 1277 in
706 1221 824 1290 ejus
857 1220 1034 1276 laudis
1063 1229 1322 1277 auctores
1351 1223 1625 1292 pratcipna
1661 1239 1729 1279 ex
1766 1238 1831 1279 ea
1875 1238 2033 1279 com-

448 1314 613 1369 moda
653 1313 982 1379 redundent,
1036 1322 1225 1385 utpote
1273 1324 1427 1371 tanto
1472 1315 1759 1371 illustriori
1785 1316 2032 1373 vicissim

447 1408 636 1481 gratia:
662 1408 841 1464 reditu
872 1409 1310 1465 remunerandos
1338 1418 1547 1480 quanto
1576 1416 1631 1465 et
1663 1410 2033 1467 abundantius

448 1500 652 1556 habent
673 1501 819 1556 unde
842 1500 1130 1571 magniﬁce
1158 1500 1462 1570 largiantur
1488 1500 1525 1555 ii
1546 1502 1641 1571 qui
1664 1500 2030 1567 honorantur,

447 1601 504 1647 et
533 1594 602 1647 ad
630 1592 767 1664 grati
798 1594 967 1649 animi
1003 1592 1267 1648 tuendum
1299 1592 1537 1648 oﬂicium
1572 1593 1850 1650 civiliores
1878 1602 2031 1659 sunt,

449 1701 549 1757 age
588 1695 904 1741 nostrarum
955 1701 1141 1742 rerum
1182 1686 1431 1741 omnium
1479 1687 1720 1741 maxima
1772 1700 2033 1759 magnum

448 1780 505 1833 in
553 1777 905 1849 pontificibus
954 1776 1048 1833 Dei
1100 1778 1411 1849 pontiﬁcem
1469 1777 1828 1835 honoremus.
1888 1777 2033 1845 Quid

449 1882 629 1927 autem
666 1872 807 1927 tanti
850 1879 937 1927 est
962 1875 1154 1943 quanti
1184 1872 1383 1937 oratio,
1413 1887 1521 1943 qua
1545 1887 1654 1927 una
1682 1871 1897 1929 caeteris
1930 1885 2029 1927 ex-

448 1964 699 2020 cellimus
743 1965 1011 2034 cujusque
1055 1964 1322 2020 beneficio
1367 1963 1696 2021 Deiformem
1740 1975 1947 2035 partem
1997 1979 2030 2018 a

448 2054 699 2110 terrestri
746 2056 1101 2110 concretione
1144 2064 1503 2125 repurgantes
1547 2055 1866 2125 quicunque
1920 2069 2031 2109 non

448 2148 675 2204 hebetes
698 2148 764 2203 ad
814 2148 1207 2203 conscientiam
1239 2148 1556 2219 originariae
1602 2148 2030 2218 pulchritudinis

450 2254 647 2296 sensus
678 2240 878 2295 mentis
904 2239 1129 2303 habent,
1162 2239 1443 2310 archetypi
1476 2239 1838 2295 similitudine
1867 2254 2031 2295 revo.

451 2331 649 2390 cauda.
670 2331 941 2385 nobilitati
967 2331 1216 2401 pristinae
1241 2331 1537 2387 restituunt
1558 2331 1849 2402 imaginem
1873 2332 2031 2397 :hac,

453 2422 703 2491 inquam,
735 2436 863 2475 vere
886 2421 1127 2477 hominis
1156 2423 1374 2491 prepria
1408 2438 1465 2477 re
1487 2436 1717 2491 magnus
1734 2423 2035 2478 honoretur

452 2511 726 2567 Nicolaus.
764 2510 904 2578 Quid
937 2522 1051 2567 tum
1075 2514 1218 2567 enim
1247 2513 1350 2568 etsi
1382 2512 1451 2568 ad
1488 2513 1876 2569 sublimitatem
1911 2514 2033 2582 ejus

453 2602 872 2673 magnificentia:
920 2602 1104 2658 minus
1148 2602 1378 2657 accedat
1422 2604 1651 2665 denum,
1685 2613 1740 2657 at
1784 2603 2029 2658 animum

452 2703 599 2748 certe
650 2707 761 2747 non
806 2693 1213 2762 aspernabitur.
1262 2692 1360 2749 Est
1408 2694 1659 2764 profecto
1695 2695 1905 2750 sanctis
1937 2692 2031 2763 qui

452 2789 592 2858 apud
646 2788 812 2844 Deum
862 2804 1037 2842 aevum
1084 2787 1314 2857 degunt,
1346 2795 1433 2843 est
1466 2787 1671 2843 aﬁ‘atim
1718 2788 1813 2844 illa
1859 2786 2036 2859 gloria

453 2897 558 2951 qua
587 2881 640 2935 in
681 2882 840 2936 caelis
869 2880 1080 2950 fulgent
1110 2898 1123 2935 :
1153 2881 1486 2951 minimeque
1513 2880 1582 2935 iis
1611 2894 1749 2951 opus
1771 2888 1858 2936 est
1887 2880 2035 2950 peri-

454 2974 594 3029 turis
616 2974 869 3028 laudibus
894 2974 1092 3044 liuguae
1117 2973 1385 3035 mortalis.
1414 2974 1613 3027 Amant
1648 2981 1829 3028 tamen
1860 2988 2034 3043 genus

455 3065 600 3120 unde
630 3067 733 3118 orti
782 3074 912 3120 sunt
941 3081 956 3130 ;
993 3080 1058 3119 ac
1091 3064 1231 3120 laetis
1260 3064 1441 3119 oculis
1485 3063 1762 3133 aspiciunt
1801 3080 1921 3132 qua:
1950 3063 2036 3118 of-

456 3156 709 3213 feruntur
737 3172 767 3210 a
802 3156 1000 3210 nobis:
1035 3171 1145 3210 non
1190 3155 1259 3210 ad
1293 3156 1547 3211 meritum
1588 3154 1874 3224 dignitatis
1903 3170 2035 3226 pro-

457 3250 588 3321 priae
618 3265 820 3304 munus
849 3249 1165 3318 exigentes:
1199 3263 1389 3303 verum
1420 3256 1644 3303 ostenso
1673 3248 1797 3304 licet
1828 3256 2038 3303 tantum

454 3345 741 3416 proposito
769 3343 1010 3399 liberalis
1040 3343 1208 3397 animi
1237 3341 1463 3411 perfecti
1487 3342 1648 3397 olIicii
1687 3342 1904 3398 laudem
1938 3344 2042 3398 im-

456 3443 737 3508 putantes.
776 3434 958 3503 Atque
1016 3435 1148 3490 hinc
1193 3450 1354 3489 nemo
1397 3435 1655 3505 privatim
1699 3434 2044 3492 deterrentur

455 3540 719 3597 tanquam
753 3528 823 3584 ab
854 3530 1073 3598 incepto
1098 3528 1392 3584 temerario
1418 3543 1484 3583 ac
1526 3528 1839 3584 facultatem
1878 3544 2044 3600 supe-

457 3630 633 3675 rante.
671 3620 974 3675 Commune
1001 3618 1105 3674 hoc
1129 3619 1332 3690 quippe
1364 3620 1611 3674 omnium
1650 3639 1662 3675 :
1697 3622 1886 3690 utique
1913 3634 2040 3675 cum

458 3708 743 3767 subsidere
776 3708 918 3764 infra
949 3709 1210 3765 verticem
1254 3710 1465 3768 metite:
1510 3710 1843 3767 laudationis
1873 3710 2042 3767 etiam

460 3816 689 3857 summa:
710 3801 1039 3870 eloquentia:
1059 3815 1285 3857 necesse
1306 3802 1380 3856 sit
1403 3800 1689 3857 Nicolaum
1714 3803 2039 3859 celebranti.

459 3892 664 3949 Vertun
701 3903 761 3947 ut
795 3894 1122 3963 parentibus
1157 3893 1213 3947 in
1248 3893 1473 3964 copiosa
1509 3909 1569 3950 re
1604 3893 1865 3950 familiari
1893 3896 2045 3952 nullo

460 3988 753 4043 admodum
781 3988 1069 4058 egentibus
1114 3987 1160 4041 si
1191 3984 1321 4056 quid
1356 3986 1700 4058 gratificandi
1731 4002 1898 4044 causa
1925 3990 2043 4045 col-

458 4080 631 4135 latum
664 4079 738 4136 sit
778 4094 807 4133 a
849 4078 973 4133 filiis
1005 4093 1351 4149 nequaquam
1377 4079 1429 4133 id
1458 4079 1870 4149 opportunitate
1903 4096 2043 4136 usu-

460 4186 570 4241 que
590 4173 674 4226 sui
699 4170 1030 4237 voluptatem
1063 4168 1464 4238 accipientibus
1498 4169 1776 4236 admovet,
1809 4171 1902 4225 sed
1934 4186 2042 4225 una

460 4260 680 4330 pietatis
712 4260 945 4329 imagine
978 4273 1044 4313 ac
1081 4259 1260 4314 ﬁlialis
1299 4259 1505 4331 amoris
1536 4269 1935 4317 monumento:
1964 4264 2046 4318 sic

464 4367 784 4408 communes
809 4352 1054 4405 omnium
1082 4350 1296 4414 Patres,
1319 4351 1521 4421 quibus
1548 4366 1655 4406 non
1678 4368 1746 4407 ex
1763 4354 2046 4411 voluntate

464 4444 650 4498 carnis
682 4443 776 4498 sed
806 4459 868 4497 ex
904 4442 1016 4497 Deo
1049 4444 1217 4509 geniti
1255 4459 1470 4507 sumus,
1512 4459 1640 4514 erga
1678 4446 1917 4503 honores
1950 4448 2043 4519 qui

2220 946 2555 1018 Ἐπειδήπερ
2610 946 2789 1017 χαίρει
2840 946 2974 1009 Θεὸς
3022 948 3145 1008 ταῖς
3166 945 3275 998 τῶν
3307 943 3525 998 οἰκείων
3554 944 3725 1016 θερα-

2138 1040 2351 1094 πόντων
2389 1041 2579 1108 τιμαῖς
2605 1054 2620 1070 ⁶
2648 1039 2709 1091 οὐ
2748 1038 2832 1095 ,δι’
2893 1030 2968 1091 ὧν
3019 1036 3289 1107 τιμῶνται
3324 1035 3419 1100 οὒς
3448 1035 3558 1105 ἔχει
3590 1035 3727 1107 παρ’

2139 1134 2287 1204 αὐτῷ
2314 1134 2576 1203 τιμήσας,
2608 1131 2723 1186 ἀλλ’
2753 1132 2835 1184 ὅτι
2882 1131 2976 1186 καὶ
3015 1132 3129 1193 τοῖς
3159 1129 3419 1201 ἐργάταις
3450 1128 3546 1182 τοῦ
3578 1130 3725 1201 πρά-

2139 1242 2350 1296 γματος
2395 1224 2464 1278 τὰ
2511 1225 2577 1278 ὲκ
2622 1223 2816 1277 τούτου
2874 1222 3043 1294 κέρδη
3085 1221 3419 1291 ἀσύγκριτα,
3456 1221 3728 1285 τοσοῦτον

2142 1316 2492 1387 ὲντιμοτέρας
2535 1316 2772 1387 ἀμοιϐῆς
2859 1315 3046 1377 αὐτοῖς
3103 1313 3677 1383 ἀντιπαραγινομένης
3710 1354 3726 1379 ,

2139 1408 2264 1461 ὅσον
2292 1408 2372 1471 εἰς
2401 1425 2461 1461 τε
2507 1409 2567 1461 τὸ
2596 1412 2902 1479 παρασχεῖν
2949 1406 3405 1477 μεγαλοπρεπῶς
3426 1405 3641 1475 ἔχουσιν
3675 1409 3726 1459 οἰ

2138 1498 2464 1569 τιμώμενοι,
2516 1499 2611 1552 καὶ
2662 1499 2838 1569 μέτρα
2896 1501 3085 1570 τηρεῖν
3144 1498 3571 1568 εὐγνωμοσύνης
3621 1500 3730 1552 εἰσὶ

2138 1590 2468 1660 δεξιώτεροι.
2504 1590 2640 1660 Φέρε
2671 1590 2838 1660 δὴτῷ
2869 1592 3112 1661 μεγίστῳ
3143 1590 3251 1644 τῶν
3282 1590 3414 1661 παρ’
3443 1592 3601 1661 ἡμῖν,
3633 1590 3728 1644 τὸν

2140 1684 2316 1753 μέγαν
2353 1684 2411 1735 ὲν
2431 1681 2751 1752 ἀρχιερεῦσι
2806 1682 2941 1735 Θεοῦ
2975 1682 3226 1752 τιμῶμεν
3262 1682 3550 1753 ἀρχιερέα.
3581 1682 3649 1735 Τί
3668 1682 3726 1735 δὲ

2134 1770 2401 1835 τοιοῦτον,
2430 1765 2544 1825 οἷον
2575 1772 2755 1839 λόγος,
2787 1766 2831 1839 ᾧ
2856 1773 3003 1842 μόνῳ
3025 1772 3133 1823 τῶν
3163 1770 3338 1825 ἄλλων
3384 1769 3723 1842 κρατοῦμεν,

2067 1852 2112 1911 Β
2140 1866 2235 1918 καὶ
2266 1858 2311 1933 ᾧ
2339 1864 2399 1917 τὸ
2421 1864 2652 1927 θεοειδές
2673 1865 2772 1933 τῆς
2801 1862 3038 1932 γεώδους
3067 1864 3209 1926 ἰλύος
3231 1864 3720 1934 ἀνακαθαίροντες,

2130 1957 2247 2011 ὅσοι
2272 1974 2337 2025 γε
2362 1956 2424 2010 οὐ
2450 1955 2709 2027 ῥᾳθύμως
2729 1956 2823 2010 τοῦ
2858 1956 3059 2008 οἰκείου
3094 1955 3325 2019 κάλλους
3367 1956 3728 2010 ἐπαισθάνον-

2129 2068 2243 2115 ται,
2270 2049 2348 2119 τῷ
2371 2047 2664 2119 ἀρχετύπῳ
2680 2048 2779 2117 τὴν
2801 2048 2985 2101 εἰκόνα
3006 2048 3403 2117 έξευγενίζουσι
3425 2049 3635 2118 ςτούτῳ
3654 2048 3725 2122 δὴ

2130 2142 2208 2211 τῷ
2232 2141 2307 2204 ὼς
2340 2140 2556 2211 άληθῶς
2580 2138 2870 2210 ἀνθρώπου
2903 2141 3090 2211 οἰκείῳ
3114 2142 3355 2210 χρήματι
3382 2140 3411 2192 ὁ
3439 2140 3611 2210 μέγας
3634 2157 3722 2194 τι-

2135 2233 2327 2304 μάσθω
2379 2232 2669 2296 Νικόλαος.
2692 2230 2758 2284 Τί
2788 2232 2919 2301 γὰρ,
2964 2232 3013 2283 εἰ
3048 2232 3141 2283 καὶ
3177 2230 3251 2302 μὴ
3297 2232 3436 2301 πρὸς
3462 2230 3595 2301 ὕψος
3618 2232 3725 2302 τῆς

2132 2324 2345 2378 ἐκείνου
2405 2322 2883 2393 μεγαλοπρεπείας
2937 2322 3000 2375 τὸ
3035 2322 3246 2394 δῶρον;
3310 2322 3450 2377 ἀλλὰ
3503 2325 3606 2395 τήν
3656 2342 3725 2394 γε

2133 2416 2453 2486 προαίρεσιν
2510 2416 2613 2469 οὐκ
2666 2414 2948 2484 ἀτιμάσει.
2986 2415 3143 2484 Ἔχει
3186 2415 3283 2484 μὲν
3315 2416 3423 2487 γὰρ
3448 2416 3574 2487 ἤδη.
3610 2416 3726 2487 ἔχει

2132 2510 2248 2572 τοῖς
2280 2508 2432 2577 παρὰ
2482 2506 2603 2575 Θεῷ
2650 2505 2818 2570 ζῶσιν
2869 2508 2904 2576 ἡ
2952 2507 3011 2560 ὲν
3056 2507 3306 2579 οὐρανοῖς
3353 2507 3726 2579 ἀποχρώντως

2133 2601 2291 2672 τιμὴ,
2319 2602 2412 2654 καλ⁸
2438 2600 2639 2670 ἥκιστα
2661 2599 2885 2671 προσδεῖ
2930 2601 3148 2665 τούτοις
3175 2600 3427 2673 γλώσσης
3455 2602 3720 2672 έπικήρου

2136 2692 2418 2763 λυομένων
2452 2690 2711 2745 ἐπαίνων.
2758 2689 3043 2757 Ἀγαπῶσι
3090 2690 3136 2743 δ’
3159 2690 3311 2759 ὅμως
3339 2691 3438 2744 καὶ
3473 2689 3533 2743 τὸ
3565 2691 3725 2758 γένος

2136 2783 2260 2837 ὅθεν
2295 2783 2545 2853 ἀνέσχον,
2576 2780 2672 2835 καὶ
2701 2781 2874 2852 ἡδέως
2923 2781 3093 2852 ὁρῶσι
3134 2783 3228 2834 καὶ
3261 2783 3371 2845 τοῖς
3403 2780 3539 2853 πρὸς
3561 2782 3726 2853 ἡμῶν

2138 2876 2458 2948 φερομένοις
2485 2891 2502 2908 ο
2545 2876 2608 2929 οὐ
2659 2875 2799 2946 πρὸς
2845 2874 2945 2945 τὴν
2990 2874 3201 2929 οἰκείαν
3229 2874 3433 2944 ἀρετὴν
3462 2874 3523 2927 τὸ
3548 2874 3728 2944 δῶρον

2140 2966 2543 3039 σταθμώμενοι,
2593 2969 2662 3039 τῇ
2695 2968 2754 3021 δὲ
2783 2966 3104 3038 προαιρέσει
3145 2965 3207 3020 τὸ
3236 2966 3347 3019 πᾶν
3385 2966 3615 3036 ἀπέχειν
3647 2966 3739 3037 (2)

2138 3063 2454 3134 ἡγούμενοι.
2488 3061 2599 3114 Καὶ
2628 3060 2747 3122 δέος
2768 3059 3002 3115 ἐνταῦθα
3028 3060 3289 3130 παρέστω
3334 3058 3585 3127 οὐδαμῶς
3617 3058 3733 3129 ἰδίᾳ

2139 3155 2271 3219 τινὶ,
2328 3153 2405 3217 ὡς
2456 3152 2740 3216 ἀδυνάτοις
2794 3150 3128 3207 ὲπιϐαλόντι.
3168 3150 3379 3212 Κοινῶς
3416 3149 3525 3220 γὰρ
3552 3148 3732 3202 ἆπασι

2147 3246 2367 3319 μέτεστι
2389 3246 2604 3309 τούτου,
2639 3244 2946 3315 ὑστερίζειν
2992 3244 3100 3296 τῶν
3152 3242 3541 3313 προσηκόντων
3563 3243 3735 3295 ἐπαί-

2144 3357 2273 3404 νων,
2296 3337 2362 3392 ἂν
2381 3337 2617 3409 μάλιστά
2642 3353 2727 3400 τις
2741 3335 2834 3390 ἐπὶ
2858 3337 3030 3405 λόγων
3057 3336 3290 3408 δυνάμει
3321 3337 3558 3407 προήκῃ.
3586 3334 3735 3389 Ἀλλ’

2142 3431 2334 3503 ὥσπερ
2358 3431 2619 3495 ἐπιεικῶς
2639 3430 2863 3502 ἔχοντας
2890 3429 3127 3484 πλούτου
3169 3432 3415 3501 πατέρας
3451 3429 3485 3499 ἡ
3509 3430 3575 3481 ὲκ
3597 3428 3737 3482 παί-

2141 3525 2249 3579 δων
2278 3522 2602 3595 χαρίζεσθαι
2629 3522 3005 3591 διεγνωκότων
3043 3522 3343 3593 γιγνομένη
3372 3520 3736 3592 συνεισφορά,

2142 3617 2205 3671 οὐ
2226 3619 2295 3688 τῇ
2324 3616 2485 3688 χρείᾳ
2511 3614 2647 3687 πρὸς
2671 3614 2865 3686 ἡδονὴν
2914 3615 3011 3670 καὶ
3043 3614 3321 3687 ἀποδοχὴν
3351 3617 3621 3683 ἀνακινεῖ,
3650 3616 3733 3688 τῷ

2142 3710 2202 3764 δὲ
2252 3711 2383 3782 περὶ
2442 3709 2643 3773 αὐτοὺς
2676 3709 2825 3781 μόνῳ
2846 3708 3089 3781 φίλτρῳ·
3124 3707 3299 3773 οὕτως
3335 3709 3433 3764 κοιλ⁸
3463 3711 3591 3773 τοὺς
3612 3726 3727 3762 κοι-

2146 3801 2273 3867 νούς
2309 3801 2566 3856 ἁπάντων
2606 3799 2873 3872 πατέρας,
2916 3794 2997 3865 οἷς
3032 3800 3133 3853 οὐκ
3169 3801 3235 3853 ὲκ
3266 3799 3572 3871 θελήματος
3597 3815 3723 3868 cap-

2144 3894 2263 3961 κὸς,
2305 3892 2426 3947 ἀλλ’
2465 3892 2531 3946 ὲκ
2587 3892 2725 3946 Θεοῦ
2782 3891 3177 3963 ἐγεννήθημεν,
3230 3890 3539 3946 διακεῖσθαι
3589 3890 3729 3960 πρὸς

2142 3988 2243 4051 τὰς
2274 3985 2334 4052 ἐξ
2353 3984 2658 4056 ἀνθρώπων
2677 3985 2847 4056 τιμὰς
2902 3985 3111 4039 οἴεσθαι
3153 3986 3283 4055 χρή.
3308 3983 3528 4059 Μᾶλλον
3560 3983 3617 4036 δὲ
3644 3982 3733 4052 (οὐ

2144 4078 2253 4149 γὰρ
2282 4078 2362 4142 εἰς
2388 4078 2680 4148 ἀκρίόειαν
2712 4077 2745 4146 ἡ
2774 4075 2939 4129 εἰκὼν
2962 4075 3101 4146 αὐτη
3135 4074 3298 4139 σώζει
3330 4076 3430 4143 τὴν
3446 4074 3735 4145 μίμησιν),

2143 4172 2335 4244 ὥσπερ
2357 4172 2419 4225 τὸ
2443 4173 2692 4241 κρεῖττον
2734 4169 2951 4234 οὐδενὸς
3003 4170 3102 4238 μὲν
3158 4169 3268 4222 τῶν
3318 4169 3605 4239 ἡμετέρων
3651 4169 3736 4230 εἰς

2143 4264 2337 4337 χρείαν
2392 4265 2737 4331 καθίσταται,
2804 4264 2965 4334 μόνου
2996 4263 3041 4317 δ’
3072 4263 3259 4316 ἕνεκεν
3314 4261 3409 4315 τοῦ
3444 4261 3545 4329 τῆς
3594 4261 3735 4329 παρ’

2146 4356 2310 4415 αὐτοῦ
2344 4358 2669 4426 μεταδοῦναι
2706 4356 2951 4429 χάριτος,
2985 4356 3057 4409 τὰ
3101 4356 3160 4423 ἐξ
3191 4355 3498 4425 ἀνθρώπων
3518 4352 3738 4423 λαμϐά-

2144 4465 2248 4503 νει.
2283 4448 2395 4518 Οὐχ
2415 4447 2492 4512 ὡς
2524 4447 2584 4501 οὐ
2612 4450 2818 4518 προῖκα.
2841 4446 3187 4520 δωρούμενος
3219 4447 3422 4517 (πάντα
3451 4447 3557 4515 γὰρ
3584 4443 3740 4498 οὕτω

463 4536 604 4605 ipsis
650 4534 719 4589 ab
760 4534 1075 4589 hominibus
1104 4534 1454 4599 adhibentur,
1488 4534 1578 4588 tali
1616 4538 1852 4607 quodam
1882 4539 2036 4594 modo

2150 4541 2262 4612 ῥέει
2324 4539 2426 4608 τῆς
2486 4537 2760 4594 ἀκενώτου
2808 4538 3034 4609 πηγῆς),
3060 4539 3175 4593 ἀλλ’
3220 4538 3297 4597 ὡς
3335 4538 3528 4606 ἐκείνῳ
3554 4536 3739 4609 ταύτῃ

463 4627 685 4682 affectos
717 4627 1033 4682 existit-tare
1055 4633 1289 4696 oportet.
1326 4627 1433 4680 Aut
1464 4629 1645 4696 potius
1670 4628 1870 4699 (neque
1893 4632 2039 4685 enim

463 4722 598 4776 satis
627 4720 693 4775 ad
726 4734 912 4774 verum
940 4733 1005 4774 ea
1051 4719 1353 4773 similitudo
1396 4734 1511 4774 rem
1542 4720 1821 4791 exprimit)
1852 4736 2043 4790 quem-

2150 4628 2623 4701 προσεγγιζόντων
2670 4628 2848 4699 ἡμῶν,
2898 4627 3042 4681 οὕτω
3088 4645 3148 4680 τε
3187 4627 3389 4697 μᾶλλον
3433 4626 3545 4680 τῶν
3592 4630 3735 4696 παρ’

2149 4720 2315 4776 αὐτοῦ
2352 4720 2487 4793 πρὸς
2543 4722 2691 4791 ἡμᾶς
2739 4720 3145 4775 διαϐαινόντων.
3181 4721 3390 4791 Ὥσπερ
3419 4718 3484 4791 δὴ
3519 4720 3621 4773 κάν
3648 4718 3737 4789 τῷ

1964 4812 1969 4818 ’
2002 4812 2239 4870 ΝΟΤΛΕ.

537 4906 615 4976 (i)
638 4905 714 4959 Ex
774 4904 1509 4976 bibliotheca}llustrissimi
1534 4905 1723 4976 iCaroli
1757 4906 1825 4961 de
1853 4905 2035 4961 Mont-

463 4974 607 5041 chal,
658 4976 1056 5047 archiepiscopi
1106 4974 1386 5030 Tolosani.
1420 5006 1488 5015 -—
1530 4975 1729 5032 Leonis
1780 4976 2037 5047 Augusti,

465 5056 828 5117 cognomento
884 5046 1227 5117 Philesophi,
1261 5062 1351 5117 res
1381 5057 1756 5117 exsequuntur
1793 5046 2038 5116 Cui-opa-

463 5115 622 5179 lates,
659 5116 961 5181 Cedrenus,
997 5115 1261 5181 Zonaras,
1291 5116 1511 5187 Glycas.
1531 5115 1609 5171 Ex
1640 5118 1840 5186 quibus
1871 5115 2039 5171 Baro.

465 5192 592 5244 nius
620 5188 935 5257 collegit,et
962 5187 1215 5256 digessit.
1248 5188 1592 5257 Scriptorum
1631 5188 1839 5242 indices
1876 5187 2037 5241 exhi-

465 5260 594 5314 hent
625 5256 923 5319 Gesnérus,
950 5258 1218 5312 Simlerus
1257 5268 1312 5311 et
1348 5256 1702 5313 Possevinus.
1727 5259 1850 5323 Qui,
1887 5258 2035 5327 quod

463 5330 629 5398 hujus
675 5330 943 5384 orationis
974 5344 1081 5381 non
1114 5328 1483 5383 meminerunt
1525 5329 1571 5382 si
1607 5329 1733 5396 quis
1777 5328 1831 5381 in
1875 5342 2044 5396 argu-

469 5412 713 5455 mentum
742 5399 960 5453 trahere
989 5398 1148 5453 vellet
1179 5398 1465 5451 dubitandi
1502 5400 1568 5452 de
1622 5408 1869 5460 auclore,
1905 5400 2045 5451 sciat

466 5483 683 5525 exstare
706 5470 757 5523 in
786 5468 1052 5524 Vaticana
1080 5468 1413 5522 bibliotheca
1442 5484 1593 5521 num.
1615 5468 1743 5532 805,
1785 5478 1841 5521 ut
1874 5468 2043 5522 Baro-

468 5538 595 5594 nius
632 5550 884 5606 testatur,
937 5541 1180 5608 codicem
1222 5554 1333 5608 quo
1371 5536 1723 5593 coutineu'tur
1765 5540 2046 5595 orationes

468 5617 581 5679 tres
606 5615 660 5662 et
694 5610 914 5679 triginta
968 5610 1131 5678 hujus
1159 5607 1381 5673 Letmis,
1435 5623 1669 5677 quarum
1708 5625 1828 5676 qua:
1855 5610 2047 5665 ordine

469 5676 647 5747 prima
676 5687 731 5747 et
770 5676 1146 5742 vicesiniaest,
1196 5676 1610 5747 inseriptiimem
1658 5681 1818 5732 habet
1843 5680 2037 5747 hujus-

472 5746 622 5798 modi
653 5761 667 5796 :
712 5745 770 5797 1η
793 5748 1234 5813 fulgentis-simum
1261 5745 1508 5803 Ecclesia:
1533 5750 1704 5801 lmuen
1721 5745 2024 5803 Nicolaum.

473 5813 647 5877 Quam
698 5817 941 5870 eamdem
985 5818 1114 5874 huic
1160 5836 1375 5885 otioque
1428 5821 1701 5885 prmlixam
1752 5823 1918 5880 leuis.
1970 5832 2030 5878 ut

2143 4907 2394 4963 dubitare
2424 4923 2533 4962 non
2570 4908 2770 4963 debeas
2797 4907 2929 4977 quin
2964 4908 3081 4963 lucc
3108 4908 3223 4977 ipsa
3255 4907 3510 4974 sitquam
3546 4903 3731 4963 eidem

2143 4981 2391 5048 Augusto
2444 4978 2773 5047 Philosopho
2816 4980 3169 5033 vindicabant
3215 4978 3269 5031 in
3308 4978 3499 5032 codice
3544 4986 3735 5048 vetere

2145 5046 2292 5103 unde
2314 5051 2579 5118 exscripsi
2615 5046 2825 5119 aliquot
2853 5048 3074 5103 iambici
3112 5063 3304 5103 versus
3348 5048 3536 5119 nescio
3564 5046 3732 5114 cujus

2142 5117 2721 5189 Grzccigraminatici,‘
2761 5134 3107 5189 nequaquam
3166 5122 3303 5175 satis
3351 5117 3632 5187 elegantes
3664 5124 3729 5170 ut

2142 5188 2381 5245 editione
2402 5188 2550 5260 digni
2574 5191 2682 5243 siut
2710 5189 2833 5244 visi.

2214 5261 2290 5330 (Ξ)
2327 5258 2580 5331 Ἀπέχειν
2631 5274 2737 5313 non
2773 5260 2918 5314 valet
2974 5260 3061 5315 hic.
3099 5260 3405 5331 διὶσταμαι,
3448 5258 3734 5331 sedum-

2142 5330 2427 5399 λαμϐάνω.
2466 5329 2599 5395 ‘Quo
2631 5346 2792 5384 sensu
2830 5332 3093 5384 dicuntur
3135 5332 3169 5383 ii
3221 5330 3424 5397 quibus
3450 5345 3515 5382 ex
3542 5330 3733 5385 debito

2145 5401 2474 5464 satisdatur,
2512 5401 2739 5469 ἀπέχειν
2768 5400 2831 5452 τὸ
2863 5401 3204 5469 γιγνόμενον.
3232 5399 3297 5452 Ει
3330 5400 3567 5469 operarii
3600 5402 3730 5468 qui-

2147 5471 2248 5525 bus
2278 5482 2363 5526 est
2390 5469 2675 5541 persoluta
2697 5486 2928 5533 merces.
2972 5473 3198 5541 ἀπέχειν
3230 5472 3321 5522 τὸν
3355 5469 3570 5537 μισθὸν.
3605 5470 3725 5527 lmo

2145 5543 2291 5610 quod
2320 5539 2491 5610 magis
2526 5541 2631 5611 huc
2655 5539 2804 5605 facit,
2832 5541 3060 5611 ἀπέχειν
3083 5539 3243 5611 χάριν
3269 5541 3536 5609 Synesius
3560 5540 3727 5606 dixit,

2145 5627 2314 5667 sensu
2340 5610 2639 5675 consimili,
2672 5613 2816 5679 quod
2865 5610 3077 5666 Latinis
3107 5612 3363 5678 accipere,
3390 5619 3584 5672 tenere,
3615 5612 3723 5663 im-

2145 5693 2333 5749 putare
2362 5684 2570 5749 gratim,
2620 5690 2727 5734 ctc.
2763 5683 2991 5737 Confido
3044 5699 3128 5739 me
3165 5682 3267 5736 loci
3301 5682 3627 5736 sententiam
3662 5682 3723 5736 in

2148 5752 2602 5824 interpretatione
2635 5753 2894 5810 tenuisse.
