  <div class='ocr_page' id='page_1' title='image "/cluster/home/n/w/nwhite01/storage/ocr_20150623/107/coo.31924054870112/148.png"; bbox 0 0 4072 6448; ppageno 0'>
   <div class='ocr_carea' id='block_1_1' title="bbox 329 401 437 465">
    <p class='ocr_par' dir='ltr' id='par_1_1' title="bbox 329 401 437 465">
     <span class='ocr_line' id='line_1_1' title="bbox 329 401 437 465; baseline 0 0"><span class='ocrx_word' id='word_1_1' title='bbox 329 401 437 465; x_wconf 69' lang='grc'><strong>205</strong></span> 
     </span>
    </p>
   </div>
   <div class='ocr_carea' id='block_1_2' title="bbox 1120 385 2828 453">
    <p class='ocr_par' dir='ltr' id='par_1_2' title="bbox 1120 385 2828 453">
     <span class='ocr_line' id='line_1_2' title="bbox 1120 385 2828 453; baseline -0.002 0"><span class='ocrx_word' id='word_1_2' title='bbox 1120 392 1408 453; x_wconf 83' lang='lat' dir='ltr'><strong>ORATIO</strong></span> <span class='ocrx_word' id='word_1_3' title='bbox 1440 391 1630 452; x_wconf 82' lang='lat' dir='ltr'><strong>XVII.</strong></span> <span class='ocrx_word' id='word_1_4' title='bbox 1658 414 1725 424; x_wconf 94' lang='grc'><strong>-</strong></span> <span class='ocrx_word' id='word_1_5' title='bbox 1757 388 1839 449; x_wconf 85' lang='grc' dir='ltr'><strong>ΙΝ</strong></span> <span class='ocrx_word' id='word_1_6' title='bbox 1868 387 1927 446; x_wconf 88' lang='lat' dir='ltr'><strong>S.</strong></span> <span class='ocrx_word' id='word_1_7' title='bbox 1958 385 2357 448; x_wconf 83' lang='lat' dir='ltr'><strong>NICOLAUM</strong></span> <span class='ocrx_word' id='word_1_8' title='bbox 2386 388 2828 450; x_wconf 80' lang='lat' dir='ltr'><strong>MYRENSEM.</strong></span> 
     </span>
    </p>
   </div>
   <div class='ocr_carea' id='block_1_3' title="bbox 3500 391 3607 453">
    <p class='ocr_par' dir='ltr' id='par_1_3' title="bbox 3500 391 3607 453">
     <span class='ocr_line' id='line_1_3' title="bbox 3500 391 3607 453; baseline 0 0"><span class='ocrx_word' id='word_1_9' title='bbox 3500 391 3607 453; x_wconf 75' lang='lat'><strong>206</strong></span> 
     </span>
    </p>
   </div>
   <div class='ocr_carea' id='block_1_4' title="bbox 334 501 1930 585">
    <p class='ocr_par' dir='ltr' id='par_1_4' title="bbox 334 502 1916 585">
     <span class='ocr_line' id='line_1_4' title="bbox 334 502 1916 585; baseline -0.009 -18"><span class='ocrx_word' id='word_1_10' title='bbox 334 510 658 585; x_wconf 72' lang='grc' dir='ltr'><strong>πλησιάζειν</strong></span> <span class='ocrx_word' id='word_1_11' title='bbox 688 507 826 581; x_wconf 76' lang='grc' dir='ltr'>ἡλίῳ</span> <span class='ocrx_word' id='word_1_12' title='bbox 863 506 1262 576; x_wconf 80' lang='grc' dir='ltr'>πλουσιωτέρου</span> <span class='ocrx_word' id='word_1_13' title='bbox 1296 504 1371 575; x_wconf 79' lang='grc'><strong>(5)</strong></span> <span class='ocrx_word' id='word_1_14' title='bbox 1415 504 1592 574; x_wconf 82' lang='grc' dir='ltr'>φωτὸς</span> <span class='ocrx_word' id='word_1_15' title='bbox 1630 502 1916 573; x_wconf 85' lang='grc' dir='ltr'>μεταλαμ-</span> 
     </span>
    </p>
   </div>
   <div class='ocr_carea' id='block_1_5' title="bbox 2034 501 3608 585">
    <p class='ocr_par' dir='ltr' id='par_1_5' title="bbox 2034 501 3608 579">
     <span class='ocr_line' id='line_1_5' title="bbox 2034 501 3608 579; baseline 0.006 -25"><span class='ocrx_word' id='word_1_16' title='bbox 2034 501 2313 556; x_wconf 69' lang='lat' dir='ltr'><strong>idmodum</strong></span> <span class='ocrx_word' id='word_1_17' title='bbox 2342 503 2554 558; x_wconf 89' lang='lat' dir='ltr'><strong>Numen</strong></span> <span class='ocrx_word' id='word_1_18' title='bbox 2578 504 3051 574; x_wconf 70' lang='lat' dir='ltr'><strong>praestantissime</strong></span> <span class='ocrx_word' id='word_1_19' title='bbox 3073 507 3275 563; x_wconf 90' lang='lat' dir='ltr'><strong>mentis</strong></span> <span class='ocrx_word' id='word_1_20' title='bbox 3305 507 3456 562; x_wconf 89' lang='lat' dir='ltr'><strong>nulla</strong></span> <span class='ocrx_word' id='word_1_21' title='bbox 3485 509 3608 579; x_wconf 82' lang='lat' dir='ltr'><strong>qni-</strong></span> 
     </span>
    </p>
   </div>
   <div class='ocr_carea' id='block_1_6' title="bbox 333 596 1916 672">
    <p class='ocr_par' dir='ltr' id='par_1_6' title="bbox 333 596 1916 672">
     <span class='ocr_line' id='line_1_6' title="bbox 333 596 1916 672; baseline -0.01 -9"><span class='ocrx_word' id='word_1_22' title='bbox 333 610 556 666; x_wconf 83' lang='grc' dir='ltr'>6άνοῡσι</span> <span class='ocrx_word' id='word_1_23' title='bbox 585 606 705 667; x_wconf 80' lang='grc' dir='ltr'>τοίς</span> <span class='ocrx_word' id='word_1_24' title='bbox 735 600 1044 672; x_wconf 76' lang='grc' dir='ltr'>ἐγγίζουσι.</span> <span class='ocrx_word' id='word_1_25' title='bbox 1091 601 1295 668; x_wconf 82' lang='grc' dir='ltr'>Κοινῆς</span> <span class='ocrx_word' id='word_1_26' title='bbox 1332 599 1376 651; x_wconf 80' lang='grc' dir='ltr'>δ’</span> <span class='ocrx_word' id='word_1_27' title='bbox 1409 598 1611 652; x_wconf 72' lang='grc' dir='ltr'>ἅπασιν</span> <span class='ocrx_word' id='word_1_28' title='bbox 1661 596 1774 649; x_wconf 81' lang='grc' dir='ltr'>ὅσοι</span> <span class='ocrx_word' id='word_1_29' title='bbox 1805 596 1916 658; x_wconf 88' lang='grc' dir='ltr'>τοῖς</span> 
     </span>
    </p>
   </div>
   <div class='ocr_carea' id='block_1_7' title="bbox 329 687 1911 770">
    <p class='ocr_par' dir='ltr' id='par_1_7' title="bbox 329 687 1911 770">
     <span class='ocr_line' id='line_1_7' title="bbox 329 687 1911 770; baseline -0.01 -17"><span class='ocrx_word' id='word_1_30' title='bbox 329 701 444 755; x_wconf 84' lang='grc' dir='ltr'>ἇνω</span> <span class='ocrx_word' id='word_1_31' title='bbox 481 695 777 770; x_wconf 73' lang='grc' dir='ltr'><strong>βασιλείοις</strong></span> <span class='ocrx_word' id='word_1_32' title='bbox 795 692 1113 755; x_wconf 77' lang='grc' dir='ltr'><strong>αὐλίζονται</strong></span> <span class='ocrx_word' id='word_1_33' title='bbox 1158 689 1363 759; x_wconf 79' lang='grc' dir='ltr'><strong>ταύτης</strong></span> <span class='ocrx_word' id='word_1_34' title='bbox 1412 687 1579 756; x_wconf 75' lang='grc' dir='ltr'>οὔσης</span> <span class='ocrx_word' id='word_1_35' title='bbox 1601 688 1701 758; x_wconf 84' lang='grc' dir='ltr'>τῆς</span> <span class='ocrx_word' id='word_1_36' title='bbox 1724 702 1911 757; x_wconf 85' lang='grc' dir='ltr'>προαι-</span> 
     </span>
    </p>
   </div>
   <div class='ocr_carea' id='block_1_8' title="bbox 332 777 1917 863">
    <p class='ocr_par' dir='ltr' id='par_1_8' title="bbox 332 777 1917 863">
     <span class='ocr_line' id='line_1_8' title="bbox 332 777 1917 863; baseline -0.009 -19"><span class='ocrx_word' id='word_1_37' title='bbox 332 791 560 863; x_wconf 81' lang='grc' dir='ltr'>ρέσεως,</span> <span class='ocrx_word' id='word_1_38' title='bbox 591 785 738 859; x_wconf 71' lang='grc' dir='ltr'>φημὶ</span> <span class='ocrx_word' id='word_1_39' title='bbox 784 784 850 855; x_wconf 84' lang='grc' dir='ltr'>δὴ</span> <span class='ocrx_word' id='word_1_40' title='bbox 889 782 987 836; x_wconf 80' lang='grc' dir='ltr'>τοῦ</span> <span class='ocrx_word' id='word_1_41' title='bbox 1025 781 1310 854; x_wconf 81' lang='grc' dir='ltr'>βούλεσθαι</span> <span class='ocrx_word' id='word_1_42' title='bbox 1363 781 1477 841; x_wconf 89' lang='grc' dir='ltr'>τοῖς</span> <span class='ocrx_word' id='word_1_43' title='bbox 1514 778 1665 832; x_wconf 90' lang='grc' dir='ltr'>κάτω</span> <span class='ocrx_word' id='word_1_44' title='bbox 1692 777 1917 848; x_wconf 78' lang='grc' dir='ltr'>χαρίζε-</span> 
     </span>
    </p>
   </div>
   <div class='ocr_carea' id='block_1_9' title="bbox 335 871 1920 949">
    <p class='ocr_par' dir='ltr' id='par_1_9' title="bbox 335 871 1920 949">
     <span class='ocr_line' id='line_1_9' title="bbox 335 871 1920 949; baseline -0.009 -10"><span class='ocrx_word' id='word_1_45' title='bbox 335 885 483 949; x_wconf 88' lang='grc' dir='ltr'>σθαι,</span> <span class='ocrx_word' id='word_1_46' title='bbox 514 883 615 935; x_wconf 84' lang='grc' dir='ltr'><strong>οὐκ</strong></span> <span class='ocrx_word' id='word_1_47' title='bbox 640 880 790 933; x_wconf 76' lang='grc' dir='ltr'>ἐστιν</span> <span class='ocrx_word' id='word_1_48' title='bbox 846 879 1031 947; x_wconf 87' lang='grc' dir='ltr'>εὑρεῖν</span> <span class='ocrx_word' id='word_1_49' title='bbox 1058 877 1243 929; x_wconf 81' lang='grc' dir='ltr'>ὅντινα</span> <span class='ocrx_word' id='word_1_50' title='bbox 1284 872 1485 946; x_wconf 80' lang='grc' dir='ltr'>μᾶλλον</span> <span class='ocrx_word' id='word_1_51' title='bbox 1514 871 1722 943; x_wconf 79' lang='grc' dir='ltr'><strong>ταύτης</strong></span> <span class='ocrx_word' id='word_1_52' title='bbox 1760 872 1920 943; x_wconf 74' lang='grc' dir='ltr'>ἴσμεν</span> 
     </span>
    </p>
   </div>
   <div class='ocr_carea' id='block_1_10' title="bbox 330 956 1921 1048">
    <p class='ocr_par' dir='ltr' id='par_1_10' title="bbox 330 956 1921 1048">
     <span class='ocr_line' id='line_1_10' title="bbox 330 956 1921 1048; baseline -0.009 -17"><span class='ocrx_word' id='word_1_53' title='bbox 330 978 431 1048; x_wconf 84' lang='grc' dir='ltr'>τῆς</span> <span class='ocrx_word' id='word_1_54' title='bbox 458 974 838 1048; x_wconf 80' lang='grc' dir='ltr'>προαιρέσεως</span> <span class='ocrx_word' id='word_1_55' title='bbox 866 964 930 1026; x_wconf 75' lang='grc' dir='ltr'>οὗ</span> <span class='ocrx_word' id='word_1_56' title='bbox 955 956 1051 1024; x_wconf 68' lang='grc' dir='ltr'>νῦν</span> <span class='ocrx_word' id='word_1_57' title='bbox 1082 970 1180 1041; x_wconf 87' lang='grc' dir='ltr'><strong>τὴν</strong></span> <span class='ocrx_word' id='word_1_58' title='bbox 1204 967 1483 1038; x_wconf 78' lang='grc' dir='ltr'>εὐφημίαν</span> <span class='ocrx_word' id='word_1_59' title='bbox 1514 967 1593 1029; x_wconf 89' lang='grc' dir='ltr'><strong>είς</strong></span> <span class='ocrx_word' id='word_1_60' title='bbox 1618 965 1779 1038; x_wconf 72' lang='grc' dir='ltr'>ἔργον</span> <span class='ocrx_word' id='word_1_61' title='bbox 1808 964 1921 1018; x_wconf 80' lang='grc' dir='ltr'>θεῖ-</span> 
     </span>
    </p>
   </div>
   <div class='ocr_carea' id='block_1_11' title="bbox 331 1057 1924 1139">
    <p class='ocr_par' dir='ltr' id='par_1_11' title="bbox 331 1057 1924 1139">
     <span class='ocr_line' id='line_1_11' title="bbox 331 1057 1924 1139; baseline -0.008 -16"><span class='ocrx_word' id='word_1_62' title='bbox 331 1088 421 1123; x_wconf 86' lang='grc' dir='ltr'><strong>ναι</strong></span> <span class='ocrx_word' id='word_1_63' title='bbox 466 1064 961 1139; x_wconf 84' lang='grc' dir='ltr'>προτεθυμήμεθα.</span> <span class='ocrx_word' id='word_1_64' title='bbox 992 1062 1158 1115; x_wconf 80' lang='grc' dir='ltr'>Ὥστε</span> <span class='ocrx_word' id='word_1_65' title='bbox 1204 1060 1300 1114; x_wconf 74' lang='grc' dir='ltr'><strong>καὶ</strong></span> <span class='ocrx_word' id='word_1_66' title='bbox 1332 1060 1491 1114; x_wconf 81' lang='grc' dir='ltr'>τοῦτο</span> <span class='ocrx_word' id='word_1_67' title='bbox 1531 1060 1757 1132; x_wconf 82' lang='grc' dir='ltr'>ἀφορμὴ</span> <span class='ocrx_word' id='word_1_68' title='bbox 1785 1057 1924 1129; x_wconf 85' lang='grc' dir='ltr'>πρὸς</span> 
     </span>
    </p>
   </div>
   <div class='ocr_carea' id='block_1_12' title="bbox 335 1150 1922 1229">
    <p class='ocr_par' dir='ltr' id='par_1_12' title="bbox 335 1150 1922 1229">
     <span class='ocr_line' id='line_1_12' title="bbox 335 1150 1922 1229; baseline -0.008 -12"><span class='ocrx_word' id='word_1_69' title='bbox 335 1165 423 1218; x_wconf 74' lang='grc' dir='ltr'><strong>τὸν</strong></span> <span class='ocrx_word' id='word_1_70' title='bbox 467 1162 692 1215; x_wconf 76' lang='grc' dir='ltr'>ἔπαινον</span> <span class='ocrx_word' id='word_1_71' title='bbox 736 1160 805 1229; x_wconf 83' lang='grc' dir='ltr'>τῇ</span> <span class='ocrx_word' id='word_1_72' title='bbox 862 1154 1156 1228; x_wconf 75' lang='grc' dir='ltr'>περιουσίᾳ</span> <span class='ocrx_word' id='word_1_73' title='bbox 1204 1153 1306 1224; x_wconf 82' lang='grc' dir='ltr'>τῆς</span> <span class='ocrx_word' id='word_1_74' title='bbox 1338 1153 1433 1207; x_wconf 84' lang='grc' dir='ltr'>τοῦ</span> <span class='ocrx_word' id='word_1_75' title='bbox 1469 1152 1664 1224; x_wconf 83' lang='grc' dir='ltr'>ἀνδρὸς</span> <span class='ocrx_word' id='word_1_76' title='bbox 1697 1151 1835 1223; x_wconf 75' lang='grc' dir='ltr'>πρὸς</span> <span class='ocrx_word' id='word_1_77' title='bbox 1860 1150 1922 1205; x_wconf 83' lang='grc' dir='ltr'><strong>τὸ</strong></span> 
     </span>
    </p>
   </div>
   <div class='ocr_carea' id='block_1_13' title="bbox 339 1244 1920 1322">
    <p class='ocr_par' dir='ltr' id='par_1_13' title="bbox 339 1244 1920 1322">
     <span class='ocr_line' id='line_1_13' title="bbox 339 1244 1920 1322; baseline -0.008 -12"><span class='ocrx_word' id='word_1_78' title='bbox 339 1257 396 1310; x_wconf 83' lang='grc' dir='ltr'><strong>εὖ</strong></span> <span class='ocrx_word' id='word_1_79' title='bbox 429 1257 603 1308; x_wconf 83' lang='grc' dir='ltr'>ποιεῖν</span> <span class='ocrx_word' id='word_1_80' title='bbox 634 1251 969 1322; x_wconf 82' lang='grc' dir='ltr'>προθυμίας,</span> <span class='ocrx_word' id='word_1_81' title='bbox 998 1250 1152 1321; x_wconf 84' lang='grc' dir='ltr'>ἡμῖν,</span> <span class='ocrx_word' id='word_1_82' title='bbox 1185 1246 1582 1318; x_wconf 74' lang='grc' dir='ltr'>ἐλαττουμένου</span> <span class='ocrx_word' id='word_1_83' title='bbox 1608 1245 1703 1300; x_wconf 83' lang='grc' dir='ltr'>τοῦ</span> <span class='ocrx_word' id='word_1_84' title='bbox 1729 1244 1920 1315; x_wconf 80' lang='grc' dir='ltr'>φόϐου.</span> 
     </span>
    </p>
   </div>
   <div class='ocr_carea' id='block_1_14' title="bbox 339 1339 1920 1415">
    <p class='ocr_par' dir='ltr' id='par_1_14' title="bbox 339 1339 1920 1415">
     <span class='ocr_line' id='line_1_14' title="bbox 339 1339 1920 1415; baseline -0.006 -14"><span class='ocrx_word' id='word_1_85' title='bbox 339 1350 497 1402; x_wconf 85' lang='grc' dir='ltr'>Ποῖον</span> <span class='ocrx_word' id='word_1_86' title='bbox 522 1346 633 1415; x_wconf 83' lang='grc' dir='ltr'>γὰρ</span> <span class='ocrx_word' id='word_1_87' title='bbox 662 1342 941 1414; x_wconf 82' lang='grc' dir='ltr'>θαλάσσης</span> <span class='ocrx_word' id='word_1_88' title='bbox 974 1342 1211 1411; x_wconf 84' lang='grc' dir='ltr'>πέλαγος</span> <span class='ocrx_word' id='word_1_89' title='bbox 1263 1340 1531 1411; x_wconf 81' lang='grc' dir='ltr'>ἀμέτοχον</span> <span class='ocrx_word' id='word_1_90' title='bbox 1576 1339 1686 1394; x_wconf 80' lang='grc' dir='ltr'><strong>τῶν</strong></span> <span class='ocrx_word' id='word_1_91' title='bbox 1711 1339 1920 1393; x_wconf 87' lang='grc' dir='ltr'>ἐκείνου</span> 
     </span>
    </p>
   </div>
   <div class='ocr_carea' id='block_1_15' title="bbox 336 1430 1921 1507">
    <p class='ocr_par' dir='ltr' id='par_1_15' title="bbox 336 1430 1921 1507">
     <span class='ocr_line' id='line_1_15' title="bbox 336 1430 1921 1507; baseline -0.005 -15"><span class='ocrx_word' id='word_1_92' title='bbox 336 1436 519 1492; x_wconf 84' lang='grc' dir='ltr'>καλῶν</span> <span class='ocrx_word' id='word_1_93' title='bbox 543 1436 662 1507; x_wconf 79' lang='grc'><strong>(4);</strong></span> <span class='ocrx_word' id='word_1_94' title='bbox 712 1435 874 1489; x_wconf 83' lang='grc' dir='ltr'>Ποϊαι</span> <span class='ocrx_word' id='word_1_95' title='bbox 912 1433 970 1489; x_wconf 81' lang='grc' dir='ltr'>δὲ</span> <span class='ocrx_word' id='word_1_96' title='bbox 1029 1434 1136 1503; x_wconf 83' lang='grc' dir='ltr'>γῆς</span> <span class='ocrx_word' id='word_1_97' title='bbox 1181 1433 1433 1503; x_wconf 73' lang='grc' dir='ltr'>ἐσχατιαὶ</span> <span class='ocrx_word' id='word_1_98' title='bbox 1483 1431 1546 1486; x_wconf 85' lang='grc' dir='ltr'><strong>οὐ</strong></span> <span class='ocrx_word' id='word_1_99' title='bbox 1583 1430 1685 1495; x_wconf 86' lang='grc' dir='ltr'>τὰς</span> <span class='ocrx_word' id='word_1_100' title='bbox 1710 1431 1921 1485; x_wconf 84' lang='grc' dir='ltr'>ἐκείνου</span> 
     </span>
    </p>
   </div>
   <div class='ocr_carea' id='block_1_16' title="bbox 334 1522 1923 1600">
    <p class='ocr_par' dir='ltr' id='par_1_16' title="bbox 334 1522 1923 1600">
     <span class='ocr_line' id='line_1_16' title="bbox 334 1522 1923 1600; baseline -0.006 -15"><span class='ocrx_word' id='word_1_101' title='bbox 334 1528 663 1600; x_wconf 80' lang='grc' dir='ltr'>γνωρίζουσι</span> <span class='ocrx_word' id='word_1_102' title='bbox 695 1526 974 1598; x_wconf 85' lang='grc' dir='ltr'>χάριτας;</span> <span class='ocrx_word' id='word_1_103' title='bbox 1032 1522 1301 1578; x_wconf 82' lang='grc' dir='ltr'>Τοσοῦτον</span> <span class='ocrx_word' id='word_1_104' title='bbox 1352 1522 1500 1594; x_wconf 84' lang='grc' dir='ltr'>αὐτῷ</span> <span class='ocrx_word' id='word_1_105' title='bbox 1530 1522 1593 1577; x_wconf 86' lang='grc' dir='ltr'><strong>τὸ</strong></span> <span class='ocrx_word' id='word_1_106' title='bbox 1653 1522 1923 1593; x_wconf 75' lang='grc' dir='ltr'>ἐπίσημον</span> 
     </span>
    </p>
   </div>
   <div class='ocr_carea' id='block_1_17' title="bbox 333 1613 1923 1693">
    <p class='ocr_par' dir='ltr' id='par_1_17' title="bbox 333 1613 1923 1693">
     <span class='ocr_line' id='line_1_17' title="bbox 333 1613 1923 1693; baseline -0.006 -18"><span class='ocrx_word' id='word_1_107' title='bbox 333 1622 416 1693; x_wconf 80' lang='grc' dir='ltr'>τῷ</span> <span class='ocrx_word' id='word_1_108' title='bbox 440 1619 685 1692; x_wconf 86' lang='grc' dir='ltr'>περιόντι</span> <span class='ocrx_word' id='word_1_109' title='bbox 727 1618 837 1673; x_wconf 85' lang='grc' dir='ltr'>τῶν</span> <span class='ocrx_word' id='word_1_110' title='bbox 859 1615 1082 1689; x_wconf 82' lang='grc' dir='ltr'>δωρεῶν</span> <span class='ocrx_word' id='word_1_111' title='bbox 1134 1615 1267 1670; x_wconf 84' lang='grc' dir='ltr'>ὥσθ’</span> <span class='ocrx_word' id='word_1_112' title='bbox 1298 1615 1435 1687; x_wconf 79' lang='grc' dir='ltr'>ὅπερ</span> <span class='ocrx_word' id='word_1_113' title='bbox 1483 1616 1621 1684; x_wconf 75' lang='grc' dir='ltr'>πρὸς</span> <span class='ocrx_word' id='word_1_114' title='bbox 1646 1614 1799 1686; x_wconf 76' lang='grc' dir='ltr'>ἥλιον</span> <span class='ocrx_word' id='word_1_115' title='bbox 1828 1613 1923 1668; x_wconf 83' lang='grc' dir='ltr'>ἀν-</span> 
     </span>
    </p>
   </div>
   <div class='ocr_carea' id='block_1_18' title="bbox 335 1707 1920 1786">
    <p class='ocr_par' dir='ltr' id='par_1_18' title="bbox 335 1707 1920 1786">
     <span class='ocr_line' id='line_1_18' title="bbox 335 1707 1920 1786; baseline -0.008 -15"><span class='ocrx_word' id='word_1_116' title='bbox 335 1716 550 1786; x_wconf 80' lang='grc' dir='ltr'>θρωποι</span> <span class='ocrx_word' id='word_1_117' title='bbox 582 1712 660 1784; x_wconf 88' lang='lat'><strong>(5)</strong></span> <span class='ocrx_word' id='word_1_118' title='bbox 696 1710 837 1783; x_wconf 81' lang='grc' dir='ltr'><strong>μετά</strong></span> <span class='ocrx_word' id='word_1_119' title='bbox 867 1709 1185 1782; x_wconf 81' lang='grc' dir='ltr'>χειμερινὴν</span> <span class='ocrx_word' id='word_1_120' title='bbox 1218 1709 1369 1780; x_wconf 84' lang='grc' dir='ltr'>ὥραν</span> <span class='ocrx_word' id='word_1_121' title='bbox 1414 1707 1741 1777; x_wconf 78' lang='grc' dir='ltr'>πεπόνθασι,</span> <span class='ocrx_word' id='word_1_122' title='bbox 1776 1707 1920 1762; x_wconf 87' lang='grc' dir='ltr'>πάν-</span> 
     </span>
    </p>
   </div>
   <div class='ocr_carea' id='block_1_19' title="bbox 2021 592 3608 666">
    <p class='ocr_par' dir='ltr' id='par_1_19' title="bbox 2021 592 3608 666">
     <span class='ocr_line' id='line_1_19' title="bbox 2021 592 3608 666; baseline 0.005 -19"><span class='ocrx_word' id='word_1_123' title='bbox 2021 592 2143 648; x_wconf 89' lang='lat' dir='ltr'><strong>dem</strong></span> <span class='ocrx_word' id='word_1_124' title='bbox 2196 609 2379 649; x_wconf 86' lang='lat' dir='ltr'><strong>rerqu</strong></span> <span class='ocrx_word' id='word_1_125' title='bbox 2429 605 2747 650; x_wconf 89' lang='lat' dir='ltr'><strong>nostrarum</strong></span> <span class='ocrx_word' id='word_1_126' title='bbox 2793 612 2933 666; x_wconf 88' lang='lat' dir='ltr'><strong>opus</strong></span> <span class='ocrx_word' id='word_1_127' title='bbox 2984 597 3182 663; x_wconf 89' lang='lat' dir='ltr'><strong>habet;</strong></span> <span class='ocrx_word' id='word_1_128' title='bbox 3232 602 3427 655; x_wconf 80' lang='lat' dir='ltr'><strong>nostra</strong></span> <span class='ocrx_word' id='word_1_129' title='bbox 3475 614 3608 656; x_wconf 89' lang='lat' dir='ltr'><strong>vero</strong></span> 
     </span>
    </p>
   </div>
   <div class='ocr_carea' id='block_1_20' title="bbox 2021 686 3610 755">
    <p class='ocr_par' dir='ltr' id='par_1_20' title="bbox 2021 686 3610 755">
     <span class='ocr_line' id='line_1_20' title="bbox 2021 686 3610 755; baseline 0.004 -15"><span class='ocrx_word' id='word_1_130' title='bbox 2021 686 2137 740; x_wconf 85' lang='lat' dir='ltr'><strong>sola</strong></span> <span class='ocrx_word' id='word_1_131' title='bbox 2176 700 2365 749; x_wconf 87' lang='lat' dir='ltr'><strong>causa,</strong></span> <span class='ocrx_word' id='word_1_132' title='bbox 2398 702 2508 755; x_wconf 92' lang='lat' dir='ltr'><strong>quo</strong></span> <span class='ocrx_word' id='word_1_133' title='bbox 2546 687 2805 741; x_wconf 85' lang='lat' dir='ltr'><strong>nimirum</strong></span> <span class='ocrx_word' id='word_1_134' title='bbox 2846 689 3195 745; x_wconf 83' lang='lat' dir='ltr'><strong>occasionem</strong></span> <span class='ocrx_word' id='word_1_135' title='bbox 3249 691 3447 745; x_wconf 88' lang='lat' dir='ltr'><strong>habeat</strong></span> <span class='ocrx_word' id='word_1_136' title='bbox 3493 694 3610 747; x_wconf 79' lang='lat' dir='ltr'><strong>suis</strong></span> 
     </span>
    </p>
   </div>
   <div class='ocr_carea' id='block_1_21' title="bbox 2021 777 3608 850">
    <p class='ocr_par' dir='ltr' id='par_1_21' title="bbox 2021 777 3608 850">
     <span class='ocr_line' id='line_1_21' title="bbox 2021 777 3608 850; baseline 0.004 -21"><span class='ocrx_word' id='word_1_137' title='bbox 2021 790 2125 829; x_wconf 90' lang='lat' dir='ltr'><strong>nos</strong></span> <span class='ocrx_word' id='word_1_138' title='bbox 2150 777 2349 845; x_wconf 90' lang='lat' dir='ltr'><strong>opibus</strong></span> <span class='ocrx_word' id='word_1_139' title='bbox 2382 777 2753 846; x_wconf 89' lang='lat' dir='ltr'><strong>impertiendi,</strong></span> <span class='ocrx_word' id='word_1_140' title='bbox 2789 794 3015 833; x_wconf 89' lang='lat' dir='ltr'><strong>munera</strong></span> <span class='ocrx_word' id='word_1_141' title='bbox 3049 778 3330 833; x_wconf 86' lang='lat' dir='ltr'><strong>hominum</strong></span> <span class='ocrx_word' id='word_1_142' title='bbox 3356 781 3608 850; x_wconf 90' lang='lat' dir='ltr'><strong>suscipit.</strong></span> 
     </span>
    </p>
   </div>
   <div class='ocr_carea' id='block_1_22' title="bbox 2022 868 3694 940">
    <p class='ocr_par' dir='ltr' id='par_1_22' title="bbox 2022 868 3694 940">
     <span class='ocr_line' id='line_1_22' title="bbox 2022 868 3694 940; baseline 0 -16"><span class='ocrx_word' id='word_1_143' title='bbox 2022 868 2141 924; x_wconf 84' lang='lat' dir='ltr'><strong>Non</strong></span> <span class='ocrx_word' id='word_1_144' title='bbox 2164 877 2426 939; x_wconf 85' lang='lat' dir='ltr'><strong>tanquam</strong></span> <span class='ocrx_word' id='word_1_145' title='bbox 2448 870 2533 924; x_wconf 89' lang='lat' dir='ltr'><strong>vel</strong></span> <span class='ocrx_word' id='word_1_146' title='bbox 2556 869 2609 923; x_wconf 87' lang='lat' dir='ltr'><strong>id</strong></span> <span class='ocrx_word' id='word_1_147' title='bbox 2638 869 2818 939; x_wconf 90' lang='lat' dir='ltr'><strong>ipsum</strong></span> <span class='ocrx_word' id='word_1_148' title='bbox 2843 870 2990 940; x_wconf 88' lang='lat' dir='ltr'><strong>quod</strong></span> <span class='ocrx_word' id='word_1_149' title='bbox 3014 884 3079 924; x_wconf 90' lang='lat' dir='ltr'><strong>eo</strong></span> <span class='ocrx_word' id='word_1_150' title='bbox 3106 870 3331 924; x_wconf 82' lang='lat' dir='ltr'><strong>nomine</strong></span> <span class='ocrx_word' id='word_1_151' title='bbox 3356 871 3611 925; x_wconf 88' lang='lat' dir='ltr'><strong>retribuit</strong></span> <span class='ocrx_word' id='word_1_152' title='bbox 3682 870 3694 881; x_wconf 85' lang='lat'>&#39;</span> 
     </span>
    </p>
   </div>
   <div class='ocr_carea' id='block_1_23' title="bbox 2022 959 3611 1031">
    <p class='ocr_par' dir='ltr' id='par_1_23' title="bbox 2022 959 3611 1031">
     <span class='ocr_line' id='line_1_23' title="bbox 2022 959 3611 1031; baseline 0.001 -18"><span class='ocrx_word' id='word_1_153' title='bbox 2022 975 2131 1014; x_wconf 92' lang='lat' dir='ltr'><strong>non</strong></span> <span class='ocrx_word' id='word_1_154' title='bbox 2169 961 2338 1030; x_wconf 81' lang='lat' dir='ltr'><strong>gratis</strong></span> <span class='ocrx_word' id='word_1_155' title='bbox 2374 960 2540 1014; x_wconf 91' lang='lat' dir='ltr'><strong>donet</strong></span> <span class='ocrx_word' id='word_1_156' title='bbox 2568 959 2760 1031; x_wconf 83' lang='lat' dir='ltr'><strong>(gratis</strong></span> <span class='ocrx_word' id='word_1_157' title='bbox 2794 961 2942 1015; x_wconf 89' lang='lat' dir='ltr'><strong>enim</strong></span> <span class='ocrx_word' id='word_1_158' title='bbox 2981 969 3130 1014; x_wconf 87' lang='lat' dir='ltr'><strong>certe</strong></span> <span class='ocrx_word' id='word_1_159' title='bbox 3160 976 3224 1015; x_wconf 84' lang='lat' dir='ltr'><strong>ex</strong></span> <span class='ocrx_word' id='word_1_160' title='bbox 3282 960 3611 1017; x_wconf 83' lang='lat' dir='ltr'><strong>inexhausto</strong></span> 
     </span>
    </p>
   </div>
   <div class='ocr_carea' id='block_1_24' title="bbox 2022 1050 3613 1123">
    <p class='ocr_par' dir='ltr' id='par_1_24' title="bbox 2022 1050 3613 1123">
     <span class='ocr_line' id='line_1_24' title="bbox 2022 1050 3613 1123; baseline 0 -17"><span class='ocrx_word' id='word_1_161' title='bbox 2022 1051 2119 1107; x_wconf 90' lang='lat' dir='ltr'><strong>illo</strong></span> <span class='ocrx_word' id='word_1_162' title='bbox 2149 1050 2299 1107; x_wconf 80' lang='lat' dir='ltr'><strong>fonte</strong></span> <span class='ocrx_word' id='word_1_163' title='bbox 2327 1052 2469 1107; x_wconf 91' lang='lat' dir='ltr'><strong>bona</strong></span> <span class='ocrx_word' id='word_1_164' title='bbox 2494 1050 2723 1105; x_wconf 83' lang='lat' dir='ltr'><strong>eiliuuut</strong></span> <span class='ocrx_word' id='word_1_165' title='bbox 2749 1052 2978 1122; x_wconf 86' lang='lat' dir='ltr'><strong>omnia),</strong></span> <span class='ocrx_word' id='word_1_166' title='bbox 3012 1052 3105 1107; x_wconf 91' lang='lat' dir='ltr'><strong>sed</strong></span> <span class='ocrx_word' id='word_1_167' title='bbox 3130 1052 3280 1121; x_wconf 86' lang='lat' dir='ltr'><strong>quod</strong></span> <span class='ocrx_word' id='word_1_168' title='bbox 3311 1068 3374 1107; x_wconf 89' lang='lat' dir='ltr'><strong>ea</strong></span> <span class='ocrx_word' id='word_1_169' title='bbox 3390 1054 3613 1123; x_wconf 51' lang='lat' dir='ltr'><strong>religio-2</strong></span> 
     </span>
    </p>
   </div>
   <div class='ocr_carea' id='block_1_25' title="bbox 2023 1143 3609 1213">
    <p class='ocr_par' dir='ltr' id='par_1_25' title="bbox 2023 1143 3609 1213">
     <span class='ocr_line' id='line_1_25' title="bbox 2023 1143 3609 1213; baseline -0.001 -13"><span class='ocrx_word' id='word_1_170' title='bbox 2023 1160 2091 1200; x_wconf 87' lang='lat' dir='ltr'><strong>ne</strong></span> <span class='ocrx_word' id='word_1_171' title='bbox 2139 1143 2253 1199; x_wconf 92' lang='lat' dir='ltr'><strong>Deo</strong></span> <span class='ocrx_word' id='word_1_172' title='bbox 2295 1158 2397 1199; x_wconf 92' lang='lat' dir='ltr'><strong>nos</strong></span> <span class='ocrx_word' id='word_1_173' title='bbox 2426 1143 2863 1211; x_wconf 89' lang='lat' dir='ltr'><strong>admoveamus;</strong></span> <span class='ocrx_word' id='word_1_174' title='bbox 2907 1143 3142 1213; x_wconf 89' lang='lat' dir='ltr'><strong>indeque</strong></span> <span class='ocrx_word' id='word_1_175' title='bbox 3198 1143 3416 1199; x_wconf 81' lang='lat' dir='ltr'><strong>facilius</strong></span> <span class='ocrx_word' id='word_1_176' title='bbox 3464 1145 3609 1200; x_wconf 88' lang='lat' dir='ltr'><strong>bona</strong></span> 
     </span>
    </p>
   </div>
   <div class='ocr_carea' id='block_1_26' title="bbox 2023 1235 3609 1307">
    <p class='ocr_par' dir='ltr' id='par_1_26' title="bbox 2023 1235 3609 1307">
     <span class='ocr_line' id='line_1_26' title="bbox 2023 1235 3609 1307; baseline 0.001 -17"><span class='ocrx_word' id='word_1_177' title='bbox 2023 1252 2143 1307; x_wconf 71' lang='lat' dir='ltr'><strong>quae</strong></span> <span class='ocrx_word' id='word_1_178' title='bbox 2171 1236 2239 1291; x_wconf 91' lang='lat' dir='ltr'><strong>ab</strong></span> <span class='ocrx_word' id='word_1_179' title='bbox 2261 1251 2328 1292; x_wconf 93' lang='lat' dir='ltr'><strong>eo</strong></span> <span class='ocrx_word' id='word_1_180' title='bbox 2354 1242 2577 1290; x_wconf 85' lang='lat' dir='ltr'><strong>manant</strong></span> <span class='ocrx_word' id='word_1_181' title='bbox 2599 1244 2968 1305; x_wconf 81' lang='lat' dir='ltr'><strong>propagentur</strong></span> <span class='ocrx_word' id='word_1_182' title='bbox 2996 1235 3064 1289; x_wconf 89' lang='lat' dir='ltr'><strong>ad</strong></span> <span class='ocrx_word' id='word_1_183' title='bbox 3089 1252 3210 1290; x_wconf 87' lang='lat' dir='ltr'><strong>nos.</strong></span> <span class='ocrx_word' id='word_1_184' title='bbox 3240 1235 3609 1302; x_wconf 85' lang='lat' dir='ltr'><strong>Quemadmo-</strong></span> 
     </span>
    </p>
   </div>
   <div class='ocr_carea' id='block_1_27' title="bbox 2024 1326 3611 1399">
    <p class='ocr_par' dir='ltr' id='par_1_27' title="bbox 2024 1326 3611 1399">
     <span class='ocr_line' id='line_1_27' title="bbox 2024 1326 3611 1399; baseline 0 -16"><span class='ocrx_word' id='word_1_185' title='bbox 2024 1328 2154 1384; x_wconf 86' lang='lat' dir='ltr'><strong>dum</strong></span> <span class='ocrx_word' id='word_1_186' title='bbox 2181 1329 2275 1399; x_wconf 90' lang='lat' dir='ltr'><strong>qui</strong></span> <span class='ocrx_word' id='word_1_187' title='bbox 2309 1328 2375 1382; x_wconf 90' lang='lat' dir='ltr'><strong>ad</strong></span> <span class='ocrx_word' id='word_1_188' title='bbox 2408 1327 2582 1383; x_wconf 92' lang='lat' dir='ltr'><strong>solem</strong></span> <span class='ocrx_word' id='word_1_189' title='bbox 2613 1326 2887 1382; x_wconf 87' lang='lat' dir='ltr'><strong>accedunt</strong></span> <span class='ocrx_word' id='word_1_190' title='bbox 2931 1327 3183 1397; x_wconf 89' lang='lat' dir='ltr'><strong>propius,</strong></span> <span class='ocrx_word' id='word_1_191' title='bbox 3217 1343 3284 1384; x_wconf 93' lang='lat' dir='ltr'><strong>eo</strong></span> <span class='ocrx_word' id='word_1_192' title='bbox 3321 1329 3611 1383; x_wconf 86' lang='lat' dir='ltr'><strong>abundan-</strong></span> 
     </span>
    </p>
   </div>
   <div class='ocr_carea' id='block_1_28' title="bbox 2024 1419 3608 1493">
    <p class='ocr_par' dir='ltr' id='par_1_28' title="bbox 2024 1419 3608 1493">
     <span class='ocr_line' id='line_1_28' title="bbox 2024 1419 3608 1493; baseline 0 -16"><span class='ocrx_word' id='word_1_193' title='bbox 2024 1422 2135 1478; x_wconf 88' lang='lat' dir='ltr'><strong>tius</strong></span> <span class='ocrx_word' id='word_1_194' title='bbox 2174 1422 2503 1492; x_wconf 79' lang='lat' dir='ltr'><strong>participant</strong></span> <span class='ocrx_word' id='word_1_195' title='bbox 2545 1421 2751 1476; x_wconf 84' lang='lat' dir='ltr'><strong>lumen.</strong></span> <span class='ocrx_word' id='word_1_196' title='bbox 2794 1419 2976 1490; x_wconf 85' lang='lat' dir='ltr'><strong>Atque</strong></span> <span class='ocrx_word' id='word_1_197' title='bbox 3004 1422 3111 1476; x_wconf 88' lang='lat' dir='ltr'><strong>hoc</strong></span> <span class='ocrx_word' id='word_1_198' title='bbox 3140 1422 3313 1475; x_wconf 91' lang='lat' dir='ltr'><strong>animi</strong></span> <span class='ocrx_word' id='word_1_199' title='bbox 3351 1422 3608 1493; x_wconf 79' lang='lat' dir='ltr'><strong>proposi-</strong></span> 
     </span>
    </p>
   </div>
   <div class='ocr_carea' id='block_1_29' title="bbox 2024 1510 3611 1580">
    <p class='ocr_par' dir='ltr' id='par_1_29' title="bbox 2024 1510 3611 1580">
     <span class='ocr_line' id='line_1_29' title="bbox 2024 1510 3611 1580; baseline 0 -12"><span class='ocrx_word' id='word_1_200' title='bbox 2024 1522 2160 1579; x_wconf 84' lang='lat' dir='ltr'><strong>tum,</strong></span> <span class='ocrx_word' id='word_1_201' title='bbox 2187 1514 2433 1569; x_wconf 90' lang='lat' dir='ltr'><strong>studium</strong></span> <span class='ocrx_word' id='word_1_202' title='bbox 2451 1510 2575 1567; x_wconf 89' lang='lat' dir='ltr'><strong>dico</strong></span> <span class='ocrx_word' id='word_1_203' title='bbox 2596 1512 2737 1567; x_wconf 85' lang='lat' dir='ltr'><strong>bene</strong></span> <span class='ocrx_word' id='word_1_204' title='bbox 2758 1512 3003 1566; x_wconf 87' lang='lat' dir='ltr'><strong>merendi</strong></span> <span class='ocrx_word' id='word_1_205' title='bbox 3021 1511 3088 1567; x_wconf 88' lang='lat' dir='ltr'><strong>de</strong></span> <span class='ocrx_word' id='word_1_206' title='bbox 3110 1513 3458 1580; x_wconf 87' lang='lat' dir='ltr'><strong>mortalibus,</strong></span> <span class='ocrx_word' id='word_1_207' title='bbox 3484 1529 3611 1569; x_wconf 90' lang='lat' dir='ltr'><strong>cum</strong></span> 
     </span>
    </p>
   </div>
   <div class='ocr_carea' id='block_1_30' title="bbox 2025 1603 3611 1676">
    <p class='ocr_par' dir='ltr' id='par_1_30' title="bbox 2025 1603 3611 1676">
     <span class='ocr_line' id='line_1_30' title="bbox 2025 1603 3611 1676; baseline 0.001 -17"><span class='ocrx_word' id='word_1_208' title='bbox 2025 1619 2319 1660; x_wconf 86' lang='lat' dir='ltr'><strong>commune</strong></span> <span class='ocrx_word' id='word_1_209' title='bbox 2334 1604 2406 1660; x_wconf 91' lang='lat' dir='ltr'><strong>sit</strong></span> <span class='ocrx_word' id='word_1_210' title='bbox 2433 1603 2678 1658; x_wconf 90' lang='lat' dir='ltr'><strong>omnium</strong></span> <span class='ocrx_word' id='word_1_211' title='bbox 2702 1604 2795 1674; x_wconf 88' lang='lat' dir='ltr'><strong>qui</strong></span> <span class='ocrx_word' id='word_1_212' title='bbox 2825 1604 2879 1657; x_wconf 90' lang='lat' dir='ltr'><strong>in</strong></span> <span class='ocrx_word' id='word_1_213' title='bbox 2909 1604 3120 1660; x_wconf 89' lang='lat' dir='ltr'><strong>coelesti</strong></span> <span class='ocrx_word' id='word_1_214' title='bbox 3149 1604 3297 1676; x_wconf 86' lang='lat' dir='ltr'><strong>regia</strong></span> <span class='ocrx_word' id='word_1_215' title='bbox 3323 1605 3611 1662; x_wconf 80' lang='lat' dir='ltr'><strong>diversan-</strong></span> 
     </span>
    </p>
   </div>
   <div class='ocr_carea' id='block_1_31' title="bbox 2024 1697 3604 1769">
    <p class='ocr_par' dir='ltr' id='par_1_31' title="bbox 2024 1697 3604 1769">
     <span class='ocr_line' id='line_1_31' title="bbox 2024 1697 3604 1769; baseline 0.004 -17"><span class='ocrx_word' id='word_1_216' title='bbox 2024 1705 2136 1763; x_wconf 86' lang='lat' dir='ltr'><strong>tur,</strong></span> <span class='ocrx_word' id='word_1_217' title='bbox 2168 1697 2379 1752; x_wconf 91' lang='lat' dir='ltr'><strong>nullum</strong></span> <span class='ocrx_word' id='word_1_218' title='bbox 2407 1705 2590 1752; x_wconf 90' lang='lat' dir='ltr'><strong>tamen</strong></span> <span class='ocrx_word' id='word_1_219' title='bbox 2639 1697 2883 1767; x_wconf 86' lang='lat' dir='ltr'><strong>reperire</strong></span> <span class='ocrx_word' id='word_1_220' title='bbox 2905 1706 2989 1753; x_wconf 90' lang='lat' dir='ltr'><strong>est</strong></span> <span class='ocrx_word' id='word_1_221' title='bbox 3013 1714 3175 1769; x_wconf 84' lang='lat' dir='ltr'><strong>quem</strong></span> <span class='ocrx_word' id='word_1_222' title='bbox 3209 1699 3604 1757; x_wconf 89' lang='lat' dir='ltr'><strong>illustriorihus</strong></span> 
     </span>
    </p>
   </div>
   <div class='ocr_carea' id='block_1_32' title="bbox 337 1788 1930 1905">
    <p class='ocr_par' dir='ltr' id='par_1_32' title="bbox 337 1800 1924 1878">
     <span class='ocr_line' id='line_1_32' title="bbox 337 1800 1924 1878; baseline -0.006 -15"><span class='ocrx_word' id='word_1_223' title='bbox 337 1825 446 1873; x_wconf 88' lang='grc' dir='ltr'><strong>τας</strong></span> <span class='ocrx_word' id='word_1_224' title='bbox 473 1806 571 1861; x_wconf 84' lang='grc' dir='ltr'>ἐπὶ</span> <span class='ocrx_word' id='word_1_225' title='bbox 595 1805 812 1878; x_wconf 76' lang='grc' dir='ltr'>τρυφὴν</span> <span class='ocrx_word' id='word_1_226' title='bbox 840 1805 952 1859; x_wconf 85' lang='grc' dir='ltr'><strong>τῶν</strong></span> <span class='ocrx_word' id='word_1_227' title='bbox 983 1804 1218 1859; x_wconf 84' lang='grc' dir='ltr'>ἀκτίνων</span> <span class='ocrx_word' id='word_1_228' title='bbox 1256 1802 1570 1868; x_wconf 82' lang='grc' dir='ltr'>καλοῦντες,</span> <span class='ocrx_word' id='word_1_229' title='bbox 1601 1801 1761 1855; x_wconf 81' lang='grc' dir='ltr'>τοῦτο</span> <span class='ocrx_word' id='word_1_230' title='bbox 1818 1800 1924 1856; x_wconf 83' lang='grc' dir='ltr'><strong>κάν</strong></span> 
     </span>
    </p>
   </div>
   <div class='ocr_carea' id='block_1_33' title="bbox 2034 1788 3611 1905">
    <p class='ocr_par' dir='ltr' id='par_1_33' title="bbox 2034 1788 3611 1905">
     <span class='ocr_line' id='line_1_33' title="bbox 2034 1788 3611 1861; baseline 0.003 -17"><span class='ocrx_word' id='word_1_231' title='bbox 2034 1798 2243 1845; x_wconf 85' lang='lat' dir='ltr'><strong>constet</strong></span> <span class='ocrx_word' id='word_1_232' title='bbox 2300 1788 2654 1845; x_wconf 87' lang='lat' dir='ltr'><strong>documentis</strong></span> <span class='ocrx_word' id='word_1_233' title='bbox 2712 1790 2769 1843; x_wconf 91' lang='lat' dir='ltr'><strong>in</strong></span> <span class='ocrx_word' id='word_1_234' title='bbox 2803 1789 2896 1844; x_wconf 90' lang='lat' dir='ltr'><strong>tali</strong></span> <span class='ocrx_word' id='word_1_235' title='bbox 2923 1804 3051 1861; x_wconf 82' lang='lat' dir='ltr'><strong>erga</strong></span> <span class='ocrx_word' id='word_1_236' title='bbox 3084 1791 3336 1848; x_wconf 89' lang='lat' dir='ltr'><strong>homines</strong></span> <span class='ocrx_word' id='word_1_237' title='bbox 3366 1807 3490 1848; x_wconf 90' lang='lat' dir='ltr'><strong>esse</strong></span> <span class='ocrx_word' id='word_1_238' title='bbox 3517 1809 3611 1848; x_wconf 89' lang='lat' dir='ltr'><strong>vo-</strong></span> 
     </span>
     <span class='ocr_line' id='line_1_34' title="bbox 2034 1880 3608 1905; baseline 0 0"><span class='ocrx_word' id='word_1_239' title='bbox 2034 1882 2238 1905; x_wconf 65' lang='grc' dir='ltr'><strong>Ι-...ι..ιΑ</strong></span> <span class='ocrx_word' id='word_1_240' title='bbox 2292 1895 2454 1905; x_wconf 67' lang='grc' dir='ltr'><strong>-..ι-..κ</strong></span> <span class='ocrx_word' id='word_1_241' title='bbox 2499 1896 2620 1905; x_wconf 68' lang='grc' dir='ltr'><strong>,ιι-...ι</strong></span> <span class='ocrx_word' id='word_1_242' title='bbox 2662 1881 2816 1905; x_wconf 72' lang='lat'><strong>....3....</strong></span> <span class='ocrx_word' id='word_1_243' title='bbox 2858 1880 2910 1905; x_wconf 70' lang='grc' dir='ltr'><strong>ξ--</strong></span> <span class='ocrx_word' id='word_1_244' title='bbox 2947 1882 3263 1905; x_wconf 63' lang='grc' dir='ltr'><strong>..ΔΑ-...Α-..ΙΑ</strong></span> <span class='ocrx_word' id='word_1_245' title='bbox 3299 1883 3608 1905; x_wconf 60' lang='lat' dir='ltr'><strong>|-_-J-.!-__-</strong></span> 
     </span>
    </p>
   </div>
   <div class='ocr_carea' id='block_1_34' title="bbox 334 1880 1930 1974">
    <p class='ocr_par' dir='ltr' id='par_1_34' title="bbox 334 1893 1924 1974">
     <span class='ocr_line' id='line_1_35' title="bbox 334 1893 1924 1974; baseline -0.004 -19"><span class='ocrx_word' id='word_1_246' title='bbox 334 1904 406 1974; x_wconf 78' lang='grc' dir='ltr'>τῇ</span> <span class='ocrx_word' id='word_1_247' title='bbox 438 1903 628 1974; x_wconf 77' lang='grc' dir='ltr'>μνήμῃ</span> <span class='ocrx_word' id='word_1_248' title='bbox 677 1900 755 1971; x_wconf 83' lang='grc' dir='ltr'><strong>(ϐ)</strong></span> <span class='ocrx_word' id='word_1_249' title='bbox 809 1897 906 1952; x_wconf 81' lang='grc' dir='ltr'>τοῦ</span> <span class='ocrx_word' id='word_1_250' title='bbox 935 1897 1078 1951; x_wconf 85' lang='grc' dir='ltr'>θείου</span> <span class='ocrx_word' id='word_1_251' title='bbox 1105 1897 1299 1967; x_wconf 82' lang='grc' dir='ltr'>ἀνδρὸς</span> <span class='ocrx_word' id='word_1_252' title='bbox 1338 1896 1623 1967; x_wconf 85' lang='grc' dir='ltr'>γινόμενον</span> <span class='ocrx_word' id='word_1_253' title='bbox 1651 1893 1766 1949; x_wconf 76' lang='grc' dir='ltr'>ἔστι</span> <span class='ocrx_word' id='word_1_254' title='bbox 1788 1895 1924 1949; x_wconf 87' lang='grc' dir='ltr'>καθ-</span> 
     </span>
    </p>
   </div>
   <div class='ocr_carea' id='block_1_35' title="bbox 2034 1880 3613 1974">
    <p class='ocr_par' dir='ltr' id='par_1_35' title="bbox 2034 1880 3613 1951">
     <span class='ocr_line' id='line_1_36' title="bbox 2034 1880 3613 1951; baseline 0.003 -15"><span class='ocrx_word' id='word_1_255' title='bbox 2034 1882 2261 1945; x_wconf 87' lang='lat' dir='ltr'><strong>luntate,</strong></span> <span class='ocrx_word' id='word_1_256' title='bbox 2289 1895 2458 1951; x_wconf 90' lang='lat' dir='ltr'><strong>quam</strong></span> <span class='ocrx_word' id='word_1_257' title='bbox 2495 1896 2622 1935; x_wconf 91' lang='lat' dir='ltr'><strong>eum</strong></span> <span class='ocrx_word' id='word_1_258' title='bbox 2660 1881 2819 1951; x_wconf 86' lang='lat' dir='ltr'><strong>cujus</strong></span> <span class='ocrx_word' id='word_1_259' title='bbox 2858 1880 2913 1935; x_wconf 92' lang='lat' dir='ltr'><strong>in</strong></span> <span class='ocrx_word' id='word_1_260' title='bbox 2946 1882 3267 1936; x_wconf 82' lang='lat' dir='ltr'><strong>adornanda</strong></span> <span class='ocrx_word' id='word_1_261' title='bbox 3299 1883 3613 1940; x_wconf 87' lang='lat' dir='ltr'><strong>laudatione</strong></span> 
     </span>
    </p>
   </div>
   <div class='ocr_carea' id='block_1_36' title="bbox 336 1986 1927 2065">
    <p class='ocr_par' dir='ltr' id='par_1_36' title="bbox 336 1986 1927 2065">
     <span class='ocr_line' id='line_1_37' title="bbox 336 1986 1927 2065; baseline -0.005 -18"><span class='ocrx_word' id='word_1_262' title='bbox 336 1993 495 2065; x_wconf 82' lang='grc' dir='ltr'>ορᾷν,</span> <span class='ocrx_word' id='word_1_263' title='bbox 531 1991 733 2064; x_wconf 80' lang='grc' dir='ltr'>μᾶλλον</span> <span class='ocrx_word' id='word_1_264' title='bbox 762 1990 820 2045; x_wconf 84' lang='grc' dir='ltr'>δὲ</span> <span class='ocrx_word' id='word_1_265' title='bbox 848 1988 985 2043; x_wconf 88' lang='grc' dir='ltr'><strong>πολύ</strong></span> <span class='ocrx_word' id='word_1_266' title='bbox 1013 1987 1180 2042; x_wconf 85' lang='grc' dir='ltr'>πλέον</span> <span class='ocrx_word' id='word_1_267' title='bbox 1244 1986 1484 2043; x_wconf 80' lang='grc' dir='ltr'>ἐνταῦθα</span> <span class='ocrx_word' id='word_1_268' title='bbox 1509 1987 1743 2057; x_wconf 88' lang='grc' dir='ltr'>γίνεται.</span> <span class='ocrx_word' id='word_1_269' title='bbox 1779 1987 1927 2039; x_wconf 84' lang='grc' dir='ltr'>Ἐκεῖ</span> 
     </span>
    </p>
   </div>
   <div class='ocr_carea' id='block_1_37' title="bbox 343 2077 1924 2157">
    <p class='ocr_par' dir='ltr' id='par_1_37' title="bbox 343 2077 1924 2157">
     <span class='ocr_line' id='line_1_38' title="bbox 343 2077 1924 2157; baseline -0.007 -17"><span class='ocrx_word' id='word_1_270' title='bbox 343 2086 448 2157; x_wconf 74' lang='grc' dir='ltr'>μὲν</span> <span class='ocrx_word' id='word_1_271' title='bbox 486 2083 597 2155; x_wconf 86' lang='grc' dir='ltr'><strong>γάρ</strong></span> <span class='ocrx_word' id='word_1_272' title='bbox 642 2083 782 2137; x_wconf 76' lang='grc' dir='ltr'>είσὶν</span> <span class='ocrx_word' id='word_1_273' title='bbox 820 2081 873 2135; x_wconf 80' lang='grc' dir='ltr'>οἳ</span> <span class='ocrx_word' id='word_1_274' title='bbox 924 2080 1030 2134; x_wconf 72' lang='grc' dir='ltr'>ὐπὸ</span> <span class='ocrx_word' id='word_1_275' title='bbox 1088 2079 1189 2151; x_wconf 83' lang='grc' dir='ltr'>τῆς</span> <span class='ocrx_word' id='word_1_276' title='bbox 1230 2079 1646 2149; x_wconf 77' lang='grc' dir='ltr'>καταλαϐούσης</span> <span class='ocrx_word' id='word_1_277' title='bbox 1668 2077 1924 2149; x_wconf 85' lang='grc' dir='ltr'>ἀσχολίας</span> 
     </span>
    </p>
   </div>
   <div class='ocr_carea' id='block_1_38' title="bbox 341 2168 1925 2245">
    <p class='ocr_par' dir='ltr' id='par_1_38' title="bbox 341 2168 1925 2245">
     <span class='ocr_line' id='line_1_39' title="bbox 341 2168 1925 2245; baseline -0.005 -15"><span class='ocrx_word' id='word_1_278' title='bbox 341 2169 458 2230; x_wconf 70' lang='grc' dir='ltr'>οἷον</span> <span class='ocrx_word' id='word_1_279' title='bbox 490 2172 857 2245; x_wconf 77' lang='grc' dir='ltr'>πεπεδημένοι</span> <span class='ocrx_word' id='word_1_280' title='bbox 888 2171 1131 2242; x_wconf 81' lang='grc' dir='ltr'>μένουσι,</span> <span class='ocrx_word' id='word_1_281' title='bbox 1183 2170 1396 2242; x_wconf 87' lang='grc' dir='ltr'>χαίρειν</span> <span class='ocrx_word' id='word_1_282' title='bbox 1452 2170 1698 2233; x_wconf 76' lang='grc' dir='ltr'>εἰπόντες</span> <span class='ocrx_word' id='word_1_283' title='bbox 1724 2171 1791 2240; x_wconf 78' lang='grc' dir='ltr'>τῇ</span> <span class='ocrx_word' id='word_1_284' title='bbox 1817 2168 1925 2222; x_wconf 87' lang='grc' dir='ltr'><strong>τῶν</strong></span> 
     </span>
    </p>
   </div>
   <div class='ocr_carea' id='block_1_39' title="bbox 347 2259 1927 2336">
    <p class='ocr_par' dir='ltr' id='par_1_39' title="bbox 347 2259 1927 2336">
     <span class='ocr_line' id='line_1_40' title="bbox 347 2259 1927 2336; baseline -0.004 -17"><span class='ocrx_word' id='word_1_285' title='bbox 347 2266 588 2319; x_wconf 85' lang='grc' dir='ltr'>ἀκτίνων</span> <span class='ocrx_word' id='word_1_286' title='bbox 642 2265 839 2336; x_wconf 74' lang='grc' dir='ltr'>τρυφῇ,</span> <span class='ocrx_word' id='word_1_287' title='bbox 893 2260 1132 2315; x_wconf 79' lang='grc' dir='ltr'>ἐνταῦθα</span> <span class='ocrx_word' id='word_1_288' title='bbox 1188 2261 1269 2323; x_wconf 83' lang='grc' dir='ltr'><strong>δὲ,</strong></span> <span class='ocrx_word' id='word_1_289' title='bbox 1329 2259 1560 2331; x_wconf 82' lang='grc' dir='ltr'>οὐδεμία</span> <span class='ocrx_word' id='word_1_290' title='bbox 1598 2259 1742 2313; x_wconf 74' lang='grc' dir='ltr'>οὕτω</span> <span class='ocrx_word' id='word_1_291' title='bbox 1774 2259 1927 2330; x_wconf 86' lang='grc' dir='ltr'>βιαία</span> 
     </span>
    </p>
   </div>
   <div class='ocr_carea' id='block_1_40' title="bbox 352 2349 1926 2426">
    <p class='ocr_par' dir='ltr' id='par_1_40' title="bbox 352 2349 1926 2426">
     <span class='ocr_line' id='line_1_41' title="bbox 352 2349 1926 2426; baseline -0.003 -19"><span class='ocrx_word' id='word_1_292' title='bbox 352 2354 696 2426; x_wconf 78' lang='grc' dir='ltr'>πραγμάτων</span> <span class='ocrx_word' id='word_1_293' title='bbox 720 2350 937 2423; x_wconf 85' lang='grc' dir='ltr'>ἀσχολία</span> <span class='ocrx_word' id='word_1_294' title='bbox 980 2351 1015 2421; x_wconf 82' lang='grc' dir='ltr'>ἢ</span> <span class='ocrx_word' id='word_1_295' title='bbox 1061 2349 1265 2403; x_wconf 79' lang='grc' dir='ltr'>δύναιτ’</span> <span class='ocrx_word' id='word_1_296' title='bbox 1300 2350 1368 2404; x_wconf 84' lang='grc' dir='ltr'><strong>ἂν</strong></span> <span class='ocrx_word' id='word_1_297' title='bbox 1423 2351 1713 2419; x_wconf 84' lang='grc' dir='ltr'>ἀπείργειν</span> <span class='ocrx_word' id='word_1_298' title='bbox 1735 2350 1835 2421; x_wconf 81' lang='grc' dir='ltr'>τῆς</span> <span class='ocrx_word' id='word_1_299' title='bbox 1861 2352 1926 2403; x_wconf 87' lang='grc' dir='ltr'><strong>ἐκ</strong></span> 
     </span>
    </p>
   </div>
   <div class='ocr_carea' id='block_1_41' title="bbox 351 2440 1927 2516">
    <p class='ocr_par' dir='ltr' id='par_1_41' title="bbox 351 2440 1927 2516">
     <span class='ocr_line' id='line_1_42' title="bbox 351 2440 1927 2516; baseline -0.004 -17"><span class='ocrx_word' id='word_1_300' title='bbox 351 2447 461 2500; x_wconf 77' lang='grc' dir='ltr'>τῶν</span> <span class='ocrx_word' id='word_1_301' title='bbox 497 2444 654 2516; x_wconf 87' lang='grc' dir='ltr'>ίερῶν</span> <span class='ocrx_word' id='word_1_302' title='bbox 689 2442 1048 2515; x_wconf 90' lang='grc' dir='ltr'>μνημοσύνων</span> <span class='ocrx_word' id='word_1_303' title='bbox 1095 2440 1191 2494; x_wconf 82' lang='grc' dir='ltr'>τοῦ</span> <span class='ocrx_word' id='word_1_304' title='bbox 1232 2440 1469 2511; x_wconf 85' lang='grc' dir='ltr'>μεγάλου</span> <span class='ocrx_word' id='word_1_305' title='bbox 1516 2442 1758 2512; x_wconf 84' lang='grc' dir='ltr'>κήρυκος</span> <span class='ocrx_word' id='word_1_306' title='bbox 1791 2441 1927 2493; x_wconf 85' lang='grc' dir='ltr'>ἀπο-</span> 
     </span>
    </p>
   </div>
   <div class='ocr_carea' id='block_1_42' title="bbox 344 2532 1928 2604">
    <p class='ocr_par' dir='ltr' id='par_1_42' title="bbox 344 2532 1928 2604">
     <span class='ocr_line' id='line_1_43' title="bbox 344 2532 1928 2604; baseline -0.003 -14"><span class='ocrx_word' id='word_1_307' title='bbox 344 2537 612 2600; x_wconf 85' lang='grc' dir='ltr'>λαύσεως.</span> <span class='ocrx_word' id='word_1_308' title='bbox 643 2536 739 2599; x_wconf 87' lang='grc' dir='ltr'><strong>Τίς</strong></span> <span class='ocrx_word' id='word_1_309' title='bbox 760 2534 904 2588; x_wconf 80' lang='grc' dir='ltr'>οὕτω</span> <span class='ocrx_word' id='word_1_310' title='bbox 928 2533 1164 2603; x_wconf 82' lang='grc' dir='ltr'>σάλπιγξ</span> <span class='ocrx_word' id='word_1_311' title='bbox 1192 2534 1254 2586; x_wconf 85' lang='grc' dir='ltr'><strong>τὸ</strong></span> <span class='ocrx_word' id='word_1_312' title='bbox 1306 2532 1553 2587; x_wconf 87' lang='grc' dir='ltr'>ἐνυάλιον</span> <span class='ocrx_word' id='word_1_313' title='bbox 1589 2532 1928 2604; x_wconf 85' lang='grc' dir='ltr'>ἀπηχήσασα</span> 
     </span>
    </p>
   </div>
   <div class='ocr_carea' id='block_1_43' title="bbox 340 2621 1928 2699">
    <p class='ocr_par' dir='ltr' id='par_1_43' title="bbox 340 2621 1928 2699">
     <span class='ocr_line' id='line_1_44' title="bbox 340 2621 1928 2699; baseline -0.003 -16"><span class='ocrx_word' id='word_1_314' title='bbox 340 2628 679 2699; x_wconf 76' lang='grc' dir='ltr'>παρατάξεις</span> <span class='ocrx_word' id='word_1_315' title='bbox 703 2629 977 2699; x_wconf 87' lang='grc' dir='ltr'>ἀνέρωσεν</span> <span class='ocrx_word' id='word_1_316' title='bbox 1004 2627 1079 2691; x_wconf 86' lang='grc' dir='ltr'>ὡς</span> <span class='ocrx_word' id='word_1_317' title='bbox 1100 2621 1255 2690; x_wconf 77' lang='grc' dir='ltr'>οὗτος</span> <span class='ocrx_word' id='word_1_318' title='bbox 1283 2626 1372 2681; x_wconf 75' lang='grc' dir='ltr'>διὰ</span> <span class='ocrx_word' id='word_1_319' title='bbox 1395 2626 1496 2697; x_wconf 82' lang='grc' dir='ltr'>τῆς</span> <span class='ocrx_word' id='word_1_320' title='bbox 1553 2628 1774 2697; x_wconf 82' lang='grc' dir='ltr'>μνήμης</span> <span class='ocrx_word' id='word_1_321' title='bbox 1798 2625 1928 2681; x_wconf 89' lang='grc' dir='ltr'>σαλ-</span> 
     </span>
    </p>
   </div>
   <div class='ocr_carea' id='block_1_44' title="bbox 338 2717 1931 2793">
    <p class='ocr_par' dir='ltr' id='par_1_44' title="bbox 338 2717 1931 2793">
     <span class='ocr_line' id='line_1_45' title="bbox 338 2717 1931 2793; baseline -0.003 -17"><span class='ocrx_word' id='word_1_322' title='bbox 338 2723 509 2787; x_wconf 84' lang='grc' dir='ltr'>πίσας</span> <span class='ocrx_word' id='word_1_323' title='bbox 542 2724 736 2793; x_wconf 66' lang='grc' dir='ltr'>ἤγειρε</span> <span class='ocrx_word' id='word_1_324' title='bbox 787 2720 885 2784; x_wconf 85' lang='grc' dir='ltr'><strong>τάς</strong></span> <span class='ocrx_word' id='word_1_325' title='bbox 928 2719 1108 2790; x_wconf 77' lang='grc' dir='ltr'>ψυχάς</span> <span class='ocrx_word' id='word_1_326' title='bbox 1138 2736 1152 2786; x_wconf 92' lang='grc'><strong>;</strong></span> <span class='ocrx_word' id='word_1_327' title='bbox 1183 2719 1295 2773; x_wconf 84' lang='grc' dir='ltr'><strong>τῶν</strong></span> <span class='ocrx_word' id='word_1_328' title='bbox 1333 2718 1632 2789; x_wconf 84' lang='grc' dir='ltr'>προθύμων</span> <span class='ocrx_word' id='word_1_329' title='bbox 1667 2717 1847 2783; x_wconf 80' lang='grc' dir='ltr'>αὐξων</span> <span class='ocrx_word' id='word_1_330' title='bbox 1869 2718 1931 2772; x_wconf 86' lang='grc' dir='ltr'><strong>τὸ</strong></span> 
     </span>
    </p>
   </div>
   <div class='ocr_carea' id='block_1_45' title="bbox 340 2809 1925 2884">
    <p class='ocr_par' dir='ltr' id='par_1_45' title="bbox 340 2809 1925 2884">
     <span class='ocr_line' id='line_1_46' title="bbox 340 2809 1925 2884; baseline -0.003 -17"><span class='ocrx_word' id='word_1_331' title='bbox 340 2816 652 2884; x_wconf 80' lang='grc' dir='ltr'>πρόθυμον.</span> <span class='ocrx_word' id='word_1_332' title='bbox 677 2811 785 2866; x_wconf 85' lang='grc' dir='ltr'>τῶν</span> <span class='ocrx_word' id='word_1_333' title='bbox 810 2812 986 2865; x_wconf 88' lang='grc' dir='ltr'>ἀναπε</span> <span class='ocrx_word' id='word_1_334' title='bbox 998 2810 1288 2863; x_wconf 85' lang='grc' dir='ltr'>πτωκότων</span> <span class='ocrx_word' id='word_1_335' title='bbox 1309 2809 1543 2863; x_wconf 84' lang='grc' dir='ltr'>διαλύων</span> <span class='ocrx_word' id='word_1_336' title='bbox 1563 2810 1626 2862; x_wconf 84' lang='grc' dir='ltr'><strong>τὸ</strong></span> <span class='ocrx_word' id='word_1_337' title='bbox 1650 2809 1925 2880; x_wconf 75' lang='grc' dir='ltr'>ῥᾴθυμον;</span> 
     </span>
    </p>
   </div>
   <div class='ocr_carea' id='block_1_46' title="bbox 352 2899 1930 2976">
    <p class='ocr_par' dir='ltr' id='par_1_46' title="bbox 352 2899 1930 2976">
     <span class='ocr_line' id='line_1_47' title="bbox 352 2899 1930 2976; baseline -0.002 -18"><span class='ocrx_word' id='word_1_338' title='bbox 352 2905 468 2958; x_wconf 71' lang='grc' dir='ltr'><strong>Ἀεὶ</strong></span> <span class='ocrx_word' id='word_1_339' title='bbox 497 2905 600 2976; x_wconf 84' lang='grc' dir='ltr'><strong>μὲν</strong></span> <span class='ocrx_word' id='word_1_340' title='bbox 624 2904 653 2955; x_wconf 87' lang='grc' dir='ltr'><strong>ό</strong></span> <span class='ocrx_word' id='word_1_341' title='bbox 673 2900 769 2956; x_wconf 82' lang='grc' dir='ltr'>τοῦ</span> <span class='ocrx_word' id='word_1_342' title='bbox 800 2902 995 2970; x_wconf 82' lang='grc' dir='ltr'>γένους</span> <span class='ocrx_word' id='word_1_343' title='bbox 1024 2900 1318 2964; x_wconf 86' lang='grc' dir='ltr'>ἀντίπαλος</span> <span class='ocrx_word' id='word_1_344' title='bbox 1352 2899 1446 2953; x_wconf 76' lang='grc' dir='ltr'><strong>ἐπὶ</strong></span> <span class='ocrx_word' id='word_1_345' title='bbox 1474 2901 1594 2964; x_wconf 85' lang='grc' dir='ltr'>ταῖς</span> <span class='ocrx_word' id='word_1_346' title='bbox 1621 2899 1730 2952; x_wconf 84' lang='grc' dir='ltr'>τῶν</span> <span class='ocrx_word' id='word_1_347' title='bbox 1758 2900 1930 2968; x_wconf 88' lang='grc' dir='ltr'>ἁγίων</span> 
     </span>
    </p>
   </div>
   <div class='ocr_carea' id='block_1_47' title="bbox 345 2990 1929 3067">
    <p class='ocr_par' dir='ltr' id='par_1_47' title="bbox 345 2990 1929 3067">
     <span class='ocr_line' id='line_1_48' title="bbox 345 2990 1929 3067; baseline -0.003 -18"><span class='ocrx_word' id='word_1_348' title='bbox 345 2996 530 3067; x_wconf 75' lang='grc' dir='ltr'>τιμαῖς</span> <span class='ocrx_word' id='word_1_349' title='bbox 560 2994 784 3065; x_wconf 82' lang='grc' dir='ltr'>καιρίας</span> <span class='ocrx_word' id='word_1_350' title='bbox 814 2992 1031 3064; x_wconf 86' lang='grc' dir='ltr'>δέχεται</span> <span class='ocrx_word' id='word_1_351' title='bbox 1076 2992 1177 3056; x_wconf 85' lang='grc' dir='ltr'>τὰς</span> <span class='ocrx_word' id='word_1_352' title='bbox 1224 2991 1463 3061; x_wconf 85' lang='grc' dir='ltr'>πληγὰς,</span> <span class='ocrx_word' id='word_1_353' title='bbox 1491 2990 1929 3061; x_wconf 80' lang='grc' dir='ltr'>σκυθρωπάζων,</span> 
     </span>
    </p>
   </div>
   <div class='ocr_carea' id='block_1_48' title="bbox 345 3082 1932 3160">
    <p class='ocr_par' dir='ltr' id='par_1_48' title="bbox 345 3082 1932 3160">
     <span class='ocr_line' id='line_1_49' title="bbox 345 3082 1932 3160; baseline -0.002 -18"><span class='ocrx_word' id='word_1_354' title='bbox 345 3089 441 3143; x_wconf 78' lang='grc' dir='ltr'>καὶ</span> <span class='ocrx_word' id='word_1_355' title='bbox 491 3087 786 3160; x_wconf 78' lang='grc' dir='ltr'>συμφορὰν</span> <span class='ocrx_word' id='word_1_356' title='bbox 849 3086 987 3141; x_wconf 81' lang='grc' dir='ltr'>ἰδίαν</span> <span class='ocrx_word' id='word_1_357' title='bbox 1038 3084 1137 3154; x_wconf 81' lang='grc' dir='ltr'>τὴν</span> <span class='ocrx_word' id='word_1_358' title='bbox 1161 3084 1271 3139; x_wconf 84' lang='grc' dir='ltr'>τῶν</span> <span class='ocrx_word' id='word_1_359' title='bbox 1336 3082 1545 3138; x_wconf 86' lang='grc' dir='ltr'>πιστῶν</span> <span class='ocrx_word' id='word_1_360' title='bbox 1586 3083 1932 3155; x_wconf 85' lang='grc' dir='ltr'>εὐφροσύνην</span> 
     </span>
    </p>
   </div>
   <div class='ocr_carea' id='block_1_49' title="bbox 2025 1973 3611 2048">
    <p class='ocr_par' dir='ltr' id='par_1_49' title="bbox 2025 1973 3611 2048">
     <span class='ocr_line' id='line_1_50' title="bbox 2025 1973 3611 2048; baseline 0.001 -18"><span class='ocrx_word' id='word_1_361' title='bbox 2025 1988 2175 2030; x_wconf 87' lang='lat' dir='ltr'><strong>nunc</strong></span> <span class='ocrx_word' id='word_1_362' title='bbox 2204 1973 2443 2030; x_wconf 80' lang='lat' dir='ltr'><strong>maxime</strong></span> <span class='ocrx_word' id='word_1_363' title='bbox 2472 1989 2685 2030; x_wconf 90' lang='lat' dir='ltr'><strong>sumus.</strong></span> <span class='ocrx_word' id='word_1_364' title='bbox 2712 1973 2856 2040; x_wconf 78' lang='lat' dir='ltr'><strong>Quin</strong></span> <span class='ocrx_word' id='word_1_365' title='bbox 2888 1974 3004 2029; x_wconf 86' lang='lat' dir='ltr'><strong>haec</strong></span> <span class='ocrx_word' id='word_1_366' title='bbox 3033 1975 3172 2030; x_wconf 92' lang='lat' dir='ltr'><strong>adeo</strong></span> <span class='ocrx_word' id='word_1_367' title='bbox 3203 1974 3400 2031; x_wconf 82' lang='lat' dir='ltr'><strong>ﬁducia</strong></span> <span class='ocrx_word' id='word_1_368' title='bbox 3432 1976 3611 2048; x_wconf 89' lang='lat' dir='ltr'><strong>impc-</strong></span> 
     </span>
    </p>
   </div>
   <div class='ocr_carea' id='block_1_50' title="bbox 2027 2066 3609 2139">
    <p class='ocr_par' dir='ltr' id='par_1_50' title="bbox 2027 2066 3609 2139">
     <span class='ocr_line' id='line_1_51' title="bbox 2027 2066 3609 2139; baseline 0.001 -16"><span class='ocrx_word' id='word_1_369' title='bbox 2027 2077 2143 2123; x_wconf 91' lang='lat' dir='ltr'><strong>tum</strong></span> <span class='ocrx_word' id='word_1_370' title='bbox 2174 2068 2337 2124; x_wconf 90' lang='lat' dir='ltr'><strong>nohis</strong></span> <span class='ocrx_word' id='word_1_371' title='bbox 2368 2067 2590 2139; x_wconf 83' lang='lat' dir='ltr'><strong>expedit</strong></span> <span class='ocrx_word' id='word_1_372' title='bbox 2615 2069 2682 2123; x_wconf 90' lang='lat' dir='ltr'><strong>ad</strong></span> <span class='ocrx_word' id='word_1_373' title='bbox 2721 2066 3009 2122; x_wconf 88' lang='lat' dir='ltr'><strong>audaciam</strong></span> <span class='ocrx_word' id='word_1_374' title='bbox 3046 2067 3251 2138; x_wconf 87' lang='lat' dir='ltr'><strong>incepti</strong></span> <span class='ocrx_word' id='word_1_375' title='bbox 3284 2069 3445 2136; x_wconf 88' lang='lat' dir='ltr'><strong>tanti,</strong></span> <span class='ocrx_word' id='word_1_376' title='bbox 3473 2083 3609 2139; x_wconf 84' lang='lat' dir='ltr'><strong>pre-</strong></span> 
     </span>
    </p>
   </div>
   <div class='ocr_carea' id='block_1_51' title="bbox 2028 2159 3613 2229">
    <p class='ocr_par' dir='ltr' id='par_1_51' title="bbox 2028 2159 3613 2229">
     <span class='ocr_line' id='line_1_52' title="bbox 2028 2159 3613 2229; baseline 0.001 -13"><span class='ocrx_word' id='word_1_377' title='bbox 2028 2161 2299 2218; x_wconf 83' lang='lat' dir='ltr'><strong>lixissima</strong></span> <span class='ocrx_word' id='word_1_378' title='bbox 2364 2162 2699 2217; x_wconf 83' lang='lat' dir='ltr'><strong>liberalitate</strong></span> <span class='ocrx_word' id='word_1_379' title='bbox 2732 2160 2834 2217; x_wconf 84' lang='lat' dir='ltr'><strong>viri</strong></span> <span class='ocrx_word' id='word_1_380' title='bbox 2867 2160 2937 2216; x_wconf 90' lang='lat' dir='ltr'><strong>ad</strong></span> <span class='ocrx_word' id='word_1_381' title='bbox 2990 2159 3356 2216; x_wconf 78' lang='lat' dir='ltr'><strong>condonanda</strong></span> <span class='ocrx_word' id='word_1_382' title='bbox 3399 2163 3613 2229; x_wconf 86' lang='lat' dir='ltr'><strong>omnia,</strong></span> 
     </span>
    </p>
   </div>
   <div class='ocr_carea' id='block_1_52' title="bbox 2027 2252 3607 2326">
    <p class='ocr_par' dir='ltr' id='par_1_52' title="bbox 2027 2252 3607 2326">
     <span class='ocr_line' id='line_1_53' title="bbox 2027 2252 3607 2326; baseline 0.002 -17"><span class='ocrx_word' id='word_1_383' title='bbox 2027 2254 2241 2309; x_wconf 81' lang='lat' dir='ltr'><strong>veniam</strong></span> <span class='ocrx_word' id='word_1_384' title='bbox 2268 2267 2492 2324; x_wconf 90' lang='lat' dir='ltr'><strong>quoque</strong></span> <span class='ocrx_word' id='word_1_385' title='bbox 2517 2253 2659 2309; x_wconf 88' lang='lat' dir='ltr'><strong>male</strong></span> <span class='ocrx_word' id='word_1_386' title='bbox 2682 2252 2987 2324; x_wconf 68' lang='lat' dir='ltr'><strong>perfunctze</strong></span> <span class='ocrx_word' id='word_1_387' title='bbox 3015 2253 3353 2310; x_wconf 85' lang='lat' dir='ltr'><strong>laudationis</strong></span> <span class='ocrx_word' id='word_1_388' title='bbox 3380 2270 3607 2326; x_wconf 85' lang='lat' dir='ltr'><strong>sperare</strong></span> 
     </span>
    </p>
   </div>
   <div class='ocr_carea' id='block_1_53' title="bbox 2033 2345 3614 2416">
    <p class='ocr_par' dir='ltr' id='par_1_53' title="bbox 2033 2345 3614 2416">
     <span class='ocr_line' id='line_1_54' title="bbox 2033 2345 3614 2416; baseline 0.001 -16"><span class='ocrx_word' id='word_1_389' title='bbox 2033 2345 2197 2401; x_wconf 89' lang='lat' dir='ltr'><strong>nobis</strong></span> <span class='ocrx_word' id='word_1_390' title='bbox 2259 2345 2566 2412; x_wconf 88' lang='lat' dir='ltr'><strong>suadente;</strong></span> <span class='ocrx_word' id='word_1_391' title='bbox 2623 2360 3029 2415; x_wconf 87' lang='lat' dir='ltr'><strong>successusque</strong></span> <span class='ocrx_word' id='word_1_392' title='bbox 3072 2360 3269 2416; x_wconf 85' lang='lat' dir='ltr'><strong>parum</strong></span> <span class='ocrx_word' id='word_1_393' title='bbox 3333 2346 3460 2401; x_wconf 87' lang='lat' dir='ltr'><strong>boni</strong></span> <span class='ocrx_word' id='word_1_394' title='bbox 3508 2346 3614 2401; x_wconf 83' lang='lat' dir='ltr'><strong>mi-</strong></span> 
     </span>
    </p>
   </div>
   <div class='ocr_carea' id='block_1_54' title="bbox 2030 2436 3615 2510">
    <p class='ocr_par' dir='ltr' id='par_1_54' title="bbox 2030 2436 3615 2510">
     <span class='ocr_line' id='line_1_55' title="bbox 2030 2436 3615 2510; baseline 0.001 -17"><span class='ocrx_word' id='word_1_395' title='bbox 2030 2446 2234 2494; x_wconf 89' lang='lat' dir='ltr'><strong>nucnte</strong></span> <span class='ocrx_word' id='word_1_396' title='bbox 2300 2446 2528 2494; x_wconf 90' lang='lat' dir='ltr'><strong>metum.</strong></span> <span class='ocrx_word' id='word_1_397' title='bbox 2580 2436 2738 2505; x_wconf 82' lang='lat' dir='ltr'><strong>Quod</strong></span> <span class='ocrx_word' id='word_1_398' title='bbox 2794 2439 2941 2494; x_wconf 91' lang='lat' dir='ltr'><strong>enim</strong></span> <span class='ocrx_word' id='word_1_399' title='bbox 3002 2439 3175 2495; x_wconf 85' lang='lat' dir='ltr'><strong>maris</strong></span> <span class='ocrx_word' id='word_1_400' title='bbox 3232 2438 3454 2505; x_wconf 80' lang='lat' dir='ltr'><strong>fretum,</strong></span> <span class='ocrx_word' id='word_1_401' title='bbox 3491 2455 3615 2510; x_wconf 77' lang='lat' dir='ltr'><strong>qua:</strong></span> 
     </span>
    </p>
   </div>
   <div class='ocr_carea' id='block_1_55' title="bbox 2030 2530 3615 2604">
    <p class='ocr_par' dir='ltr' id='par_1_55' title="bbox 2030 2530 3615 2604">
     <span class='ocr_line' id='line_1_56' title="bbox 2030 2530 3615 2604; baseline 0.003 -21"><span class='ocrx_word' id='word_1_402' title='bbox 2030 2532 2209 2603; x_wconf 80' lang='lat' dir='ltr'><strong>pelagi</strong></span> <span class='ocrx_word' id='word_1_403' title='bbox 2268 2532 2544 2597; x_wconf 85' lang='lat' dir='ltr'><strong>vastitas,</strong></span> <span class='ocrx_word' id='word_1_404' title='bbox 2623 2546 2734 2587; x_wconf 84' lang='lat' dir='ltr'><strong>non</strong></span> <span class='ocrx_word' id='word_1_405' title='bbox 2813 2530 2935 2601; x_wconf 87' lang='lat' dir='ltr'><strong>ejus</strong></span> <span class='ocrx_word' id='word_1_406' title='bbox 2999 2531 3282 2587; x_wconf 89' lang='lat' dir='ltr'><strong>miraculis</strong></span> <span class='ocrx_word' id='word_1_407' title='bbox 3349 2532 3615 2604; x_wconf 86' lang='lat' dir='ltr'><strong>insignita</strong></span> 
     </span>
    </p>
   </div>
   <div class='ocr_carea' id='block_1_56' title="bbox 2018 2616 3614 2689">
    <p class='ocr_par' dir='ltr' id='par_1_56' title="bbox 2018 2616 3614 2689">
     <span class='ocr_line' id='line_1_57' title="bbox 2018 2616 3614 2689; baseline 0.001 -11"><span class='ocrx_word' id='word_1_408' title='bbox 2018 2622 2155 2678; x_wconf 67' lang='lat' dir='ltr'><strong>‘est?</strong></span> <span class='ocrx_word' id='word_1_409' title='bbox 2208 2621 2313 2689; x_wconf 88' lang='lat' dir='ltr'><strong>Qui</strong></span> <span class='ocrx_word' id='word_1_410' title='bbox 2365 2638 2497 2678; x_wconf 89' lang='lat' dir='ltr'><strong>vero</strong></span> <span class='ocrx_word' id='word_1_411' title='bbox 2549 2616 2743 2677; x_wconf 10' lang='lat' dir='ltr'><strong>saltus»</strong></span> <span class='ocrx_word' id='word_1_412' title='bbox 2779 2636 2844 2676; x_wconf 91' lang='lat' dir='ltr'><strong>ac</strong></span> <span class='ocrx_word' id='word_1_413' title='bbox 2892 2622 3223 2679; x_wconf 86' lang='lat' dir='ltr'><strong>solitudines</strong></span> <span class='ocrx_word' id='word_1_414' title='bbox 3284 2633 3447 2679; x_wconf 80' lang='lat' dir='ltr'><strong>terrae</strong></span> <span class='ocrx_word' id='word_1_415' title='bbox 3500 2639 3614 2680; x_wconf 90' lang='lat' dir='ltr'><strong>non</strong></span> 
     </span>
    </p>
   </div>
   <div class='ocr_carea' id='block_1_57' title="bbox 2030 2712 3614 2785">
    <p class='ocr_par' dir='ltr' id='par_1_57' title="bbox 2030 2712 3614 2785">
     <span class='ocr_line' id='line_1_58' title="bbox 2030 2712 3614 2785; baseline -0.001 -15"><span class='ocrx_word' id='word_1_416' title='bbox 2030 2714 2151 2784; x_wconf 89' lang='lat' dir='ltr'><strong>ejus</strong></span> <span class='ocrx_word' id='word_1_417' title='bbox 2224 2712 2432 2784; x_wconf 81' lang='lat' dir='ltr'><strong>gratias</strong></span> <span class='ocrx_word' id='word_1_418' title='bbox 2510 2714 2890 2785; x_wconf 79' lang='lat' dir='ltr'><strong>experimento</strong></span> <span class='ocrx_word' id='word_1_419' title='bbox 2954 2715 3208 2785; x_wconf 87' lang='lat' dir='ltr'><strong>cognitas</strong></span> <span class='ocrx_word' id='word_1_420' title='bbox 3279 2714 3614 2771; x_wconf 88' lang='lat' dir='ltr'><strong>habuerunt.</strong></span> 
     </span>
    </p>
   </div>
   <div class='ocr_carea' id='block_1_58' title="bbox 2031 2805 3618 2874">
    <p class='ocr_par' dir='ltr' id='par_1_58' title="bbox 2031 2805 3618 2874">
     <span class='ocr_line' id='line_1_59' title="bbox 2031 2805 3618 2874; baseline 0.001 -15"><span class='ocrx_word' id='word_1_421' title='bbox 2031 2805 2163 2871; x_wconf 77' lang='lat' dir='ltr'><strong>Qua:</strong></span> <span class='ocrx_word' id='word_1_422' title='bbox 2185 2813 2294 2858; x_wconf 91' lang='lat' dir='ltr'><strong>tam</strong></span> <span class='ocrx_word' id='word_1_423' title='bbox 2319 2816 2581 2861; x_wconf 87' lang='lat' dir='ltr'><strong>constans</strong></span> <span class='ocrx_word' id='word_1_424' title='bbox 2624 2805 3032 2874; x_wconf 82' lang='lat' dir='ltr'><strong>magniﬁcentia</strong></span> <span class='ocrx_word' id='word_1_425' title='bbox 3076 2805 3346 2861; x_wconf 90' lang='lat' dir='ltr'><strong>donorum</strong></span> <span class='ocrx_word' id='word_1_426' title='bbox 3397 2814 3509 2861; x_wconf 89' lang='lat' dir='ltr'><strong>tam</strong></span> <span class='ocrx_word' id='word_1_427' title='bbox 3535 2807 3618 2861; x_wconf 87' lang='lat' dir='ltr'><strong>in-</strong></span> 
     </span>
    </p>
   </div>
   <div class='ocr_carea' id='block_1_59' title="bbox 2032 2897 3614 2971">
    <p class='ocr_par' dir='ltr' id='par_1_59' title="bbox 2032 2897 3614 2971">
     <span class='ocr_line' id='line_1_60' title="bbox 2032 2897 3614 2971; baseline -0.003 -17"><span class='ocrx_word' id='word_1_428' title='bbox 2032 2899 2241 2971; x_wconf 79' lang='lat' dir='ltr'><strong>signem</strong></span> <span class='ocrx_word' id='word_1_429' title='bbox 2269 2913 2395 2953; x_wconf 90' lang='lat' dir='ltr'><strong>eum</strong></span> <span class='ocrx_word' id='word_1_430' title='bbox 2417 2898 2580 2968; x_wconf 85' lang='lat' dir='ltr'><strong>vulgo</strong></span> <span class='ocrx_word' id='word_1_431' title='bbox 2610 2897 2880 2967; x_wconf 84' lang='lat' dir='ltr'><strong>reddidit;</strong></span> <span class='ocrx_word' id='word_1_432' title='bbox 2918 2907 2997 2966; x_wconf 88' lang='lat' dir='ltr'><strong>ut,</strong></span> <span class='ocrx_word' id='word_1_433' title='bbox 3043 2898 3191 2968; x_wconf 90' lang='lat' dir='ltr'><strong>quod</strong></span> <span class='ocrx_word' id='word_1_434' title='bbox 3226 2900 3404 2953; x_wconf 88' lang='lat' dir='ltr'><strong>solent</strong></span> <span class='ocrx_word' id='word_1_435' title='bbox 3433 2897 3614 2951; x_wconf 90' lang='lat' dir='ltr'><strong>homi-</strong></span> 
     </span>
    </p>
   </div>
   <div class='ocr_carea' id='block_1_60' title="bbox 2032 2986 3617 3059">
    <p class='ocr_par' dir='ltr' id='par_1_60' title="bbox 2032 2986 3617 3059">
     <span class='ocr_line' id='line_1_61' title="bbox 2032 2986 3617 3059; baseline -0.003 -15"><span class='ocrx_word' id='word_1_436' title='bbox 2032 3005 2131 3046; x_wconf 87' lang='lat' dir='ltr'><strong>nes</strong></span> <span class='ocrx_word' id='word_1_437' title='bbox 2160 2990 2207 3045; x_wconf 91' lang='lat' dir='ltr'><strong>si</strong></span> <span class='ocrx_word' id='word_1_438' title='bbox 2245 2988 2388 3045; x_wconf 82' lang='lat' dir='ltr'><strong>forte</strong></span> <span class='ocrx_word' id='word_1_439' title='bbox 2440 2996 2568 3059; x_wconf 89' lang='lat' dir='ltr'><strong>post</strong></span> <span class='ocrx_word' id='word_1_440' title='bbox 2616 2988 2870 3044; x_wconf 88' lang='lat' dir='ltr'><strong>brumam</strong></span> <span class='ocrx_word' id='word_1_441' title='bbox 2919 2988 3167 3044; x_wconf 88' lang='lat' dir='ltr'><strong>serenior</strong></span> <span class='ocrx_word' id='word_1_442' title='bbox 3197 2989 3476 3045; x_wconf 87' lang='lat' dir='ltr'><strong>eluccscat</strong></span> <span class='ocrx_word' id='word_1_443' title='bbox 3509 2986 3617 3053; x_wconf 79' lang='lat' dir='ltr'><strong>sol,</strong></span> 
     </span>
    </p>
   </div>
   <div class='ocr_carea' id='block_1_61' title="bbox 2033 3081 3616 3155">
    <p class='ocr_par' dir='ltr' id='par_1_61' title="bbox 2033 3081 3616 3155">
     <span class='ocr_line' id='line_1_62' title="bbox 2033 3081 3616 3155; baseline 0.001 -18"><span class='ocrx_word' id='word_1_444' title='bbox 2033 3092 2148 3138; x_wconf 91' lang='lat' dir='ltr'><strong>tum</strong></span> <span class='ocrx_word' id='word_1_445' title='bbox 2179 3082 2379 3155; x_wconf 81' lang='lat' dir='ltr'><strong>gestire</strong></span> <span class='ocrx_word' id='word_1_446' title='bbox 2404 3081 2461 3136; x_wconf 92' lang='lat' dir='ltr'><strong>in</strong></span> <span class='ocrx_word' id='word_1_447' title='bbox 2493 3081 2685 3153; x_wconf 92' lang='lat' dir='ltr'><strong>aprico</strong></span> <span class='ocrx_word' id='word_1_448' title='bbox 2728 3081 2857 3152; x_wconf 82' lang='lat' dir='ltr'><strong>ipsi,</strong></span> <span class='ocrx_word' id='word_1_449' title='bbox 2895 3091 3012 3139; x_wconf 91' lang='lat' dir='ltr'><strong>tum</strong></span> <span class='ocrx_word' id='word_1_450' title='bbox 3041 3084 3180 3139; x_wconf 85' lang='lat' dir='ltr'><strong>alios</strong></span> <span class='ocrx_word' id='word_1_451' title='bbox 3211 3084 3277 3139; x_wconf 90' lang='lat' dir='ltr'><strong>ad</strong></span> <span class='ocrx_word' id='word_1_452' title='bbox 3307 3083 3616 3153; x_wconf 88' lang='lat' dir='ltr'><strong>jucundum</strong></span> 
     </span>
    </p>
   </div>
   <div class='ocr_carea' id='block_1_62' title="bbox 344 3174 1930 3260">
    <p class='ocr_par' dir='ltr' id='par_1_62' title="bbox 344 3175 1930 3251">
     <span class='ocr_line' id='line_1_63' title="bbox 344 3175 1930 3251; baseline -0.005 -15"><span class='ocrx_word' id='word_1_453' title='bbox 344 3181 693 3251; x_wconf 85' lang='grc' dir='ltr'>ποιούμενος.</span> <span class='ocrx_word' id='word_1_454' title='bbox 745 3178 861 3233; x_wconf 79' lang='grc' dir='ltr'><strong>Νῦν</strong></span> <span class='ocrx_word' id='word_1_455' title='bbox 931 3178 990 3233; x_wconf 84' lang='grc' dir='ltr'><strong>δέ</strong></span> <span class='ocrx_word' id='word_1_456' title='bbox 1032 3177 1255 3231; x_wconf 81' lang='grc' dir='ltr'>τοσοῦτο</span> <span class='ocrx_word' id='word_1_457' title='bbox 1311 3175 1472 3230; x_wconf 80' lang='grc' dir='ltr'>πλέον</span> <span class='ocrx_word' id='word_1_458' title='bbox 1521 3176 1799 3248; x_wconf 88' lang='grc' dir='ltr'>κερδαίνει</span> <span class='ocrx_word' id='word_1_459' title='bbox 1833 3179 1930 3249; x_wconf 79' lang='grc' dir='ltr'>τῆς</span> 
     </span>
    </p>
   </div>
   <div class='ocr_carea' id='block_1_63' title="bbox 2034 3174 3623 3260">
    <p class='ocr_par' dir='ltr' id='par_1_63' title="bbox 2036 3174 3623 3253">
     <span class='ocr_line' id='line_1_64' title="bbox 2036 3174 3623 3253; baseline -0.003 -17"><span class='ocrx_word' id='word_1_460' title='bbox 2036 3190 2279 3253; x_wconf 89' lang='lat' dir='ltr'><strong>teporem</strong></span> <span class='ocrx_word' id='word_1_461' title='bbox 2327 3180 2609 3234; x_wconf 88' lang='lat' dir='ltr'><strong>radiorum</strong></span> <span class='ocrx_word' id='word_1_462' title='bbox 2665 3178 2930 3235; x_wconf 91' lang='lat' dir='ltr'><strong>solarium</strong></span> <span class='ocrx_word' id='word_1_463' title='bbox 2981 3190 3289 3233; x_wconf 88' lang='lat' dir='ltr'><strong>convocare</strong></span> <span class='ocrx_word' id='word_1_464' title='bbox 3334 3174 3623 3247; x_wconf 82' lang='lat' dir='ltr'><strong>perfruen-</strong></span> 
     </span>
    </p>
   </div>
   <div class='ocr_carea' id='block_1_64' title="bbox 344 3269 1934 3345">
    <p class='ocr_par' dir='ltr' id='par_1_64' title="bbox 344 3269 1934 3345">
     <span class='ocr_line' id='line_1_65' title="bbox 344 3269 1934 3345; baseline -0.003 -17"><span class='ocrx_word' id='word_1_465' title='bbox 344 3274 661 3345; x_wconf 70' lang='grc' dir='ltr'>συμφορᾶς,</span> <span class='ocrx_word' id='word_1_466' title='bbox 692 3274 820 3327; x_wconf 84' lang='grc' dir='ltr'>ὅσον</span> <span class='ocrx_word' id='word_1_467' title='bbox 858 3271 939 3335; x_wconf 88' lang='grc' dir='ltr'><strong>είς</strong></span> <span class='ocrx_word' id='word_1_468' title='bbox 969 3270 1186 3325; x_wconf 74' lang='grc' dir='ltr'>ἅπαντα</span> <span class='ocrx_word' id='word_1_469' title='bbox 1218 3269 1434 3340; x_wconf 86' lang='grc' dir='ltr'>πέρατα</span> <span class='ocrx_word' id='word_1_470' title='bbox 1471 3269 1534 3323; x_wconf 83' lang='grc' dir='ltr'><strong>τὸ</strong></span> <span class='ocrx_word' id='word_1_471' title='bbox 1558 3269 1660 3341; x_wconf 87' lang='grc' dir='ltr'>τῆς</span> <span class='ocrx_word' id='word_1_472' title='bbox 1685 3270 1934 3342; x_wconf 87' lang='grc' dir='ltr'>πανηγύ-</span> 
     </span>
    </p>
   </div>
   <div class='ocr_carea' id='block_1_65' title="bbox 351 3348 1934 3439">
    <p class='ocr_par' dir='ltr' id='par_1_65' title="bbox 351 3348 1934 3439">
     <span class='ocr_line' id='line_1_66' title="bbox 351 3348 1934 3439; baseline -0.004 -17"><span class='ocrx_word' id='word_1_473' title='bbox 351 3380 490 3439; x_wconf 69' lang='grc' dir='ltr'>ρεως</span> <span class='ocrx_word' id='word_1_474' title='bbox 545 3365 862 3436; x_wconf 80' lang='grc' dir='ltr'>ἀγαλλίαμα</span> <span class='ocrx_word' id='word_1_475' title='bbox 906 3364 1191 3418; x_wconf 79' lang='grc' dir='ltr'>διαϐαίνει.</span> <span class='ocrx_word' id='word_1_476' title='bbox 1239 3361 1381 3416; x_wconf 82' lang='grc' dir='ltr'>Ἀλλ’</span> <span class='ocrx_word' id='word_1_477' title='bbox 1407 3348 1598 3435; x_wconf 74' lang='grc' dir='ltr'>ὥσπερ</span> <span class='ocrx_word' id='word_1_478' title='bbox 1648 3363 1728 3425; x_wconf 90' lang='grc' dir='ltr'><strong>είς</strong></span> <span class='ocrx_word' id='word_1_479' title='bbox 1756 3362 1934 3434; x_wconf 85' lang='grc' dir='ltr'>ἀρχὴν</span> 
     </span>
    </p>
   </div>
   <div class='ocr_carea' id='block_1_66' title="bbox 352 3454 1935 3527">
    <p class='ocr_par' dir='ltr' id='par_1_66' title="bbox 352 3454 1935 3527">
     <span class='ocr_line' id='line_1_67' title="bbox 352 3454 1935 3527; baseline -0.003 -15"><span class='ocrx_word' id='word_1_480' title='bbox 352 3457 627 3522; x_wconf 78' lang='grc' dir='ltr'>καταστὰς</span> <span class='ocrx_word' id='word_1_481' title='bbox 677 3459 706 3512; x_wconf 85' lang='grc' dir='ltr'><strong>ό</strong></span> <span class='ocrx_word' id='word_1_482' title='bbox 738 3457 897 3526; x_wconf 83' lang='grc' dir='ltr'>λόγος</span> <span class='ocrx_word' id='word_1_483' title='bbox 947 3455 1215 3527; x_wconf 86' lang='grc' dir='ltr'>πρότερον</span> <span class='ocrx_word' id='word_1_484' title='bbox 1254 3454 1784 3526; x_wconf 88' lang='grc' dir='ltr'>διαμνημονευσάτω</span> <span class='ocrx_word' id='word_1_485' title='bbox 1824 3454 1935 3508; x_wconf 85' lang='grc' dir='ltr'>τῶν</span> 
     </span>
    </p>
   </div>
   <div class='ocr_carea' id='block_1_67' title="bbox 349 3548 1930 3622">
    <p class='ocr_par' dir='ltr' id='par_1_67' title="bbox 349 3548 1930 3622">
     <span class='ocr_line' id='line_1_68' title="bbox 349 3548 1930 3622; baseline -0.003 -17"><span class='ocrx_word' id='word_1_486' title='bbox 349 3550 837 3622; x_wconf 80' lang='grc' dir='ltr'>ἐντίμων’ὠδίνων.</span> <span class='ocrx_word' id='word_1_487' title='bbox 892 3550 948 3604; x_wconf 83' lang='grc' dir='ltr'><strong>αἶ</strong></span> <span class='ocrx_word' id='word_1_488' title='bbox 992 3549 1086 3604; x_wconf 79' lang='grc' dir='ltr'><strong>τὸν</strong></span> <span class='ocrx_word' id='word_1_489' title='bbox 1132 3548 1305 3618; x_wconf 85' lang='grc' dir='ltr'>ἄνδρα</span> <span class='ocrx_word' id='word_1_490' title='bbox 1359 3548 1437 3619; x_wconf 86' lang='grc' dir='ltr'>τῷ</span> <span class='ocrx_word' id='word_1_491' title='bbox 1472 3548 1574 3620; x_wconf 86' lang='grc' dir='ltr'><strong>βίῳ</strong></span> <span class='ocrx_word' id='word_1_492' title='bbox 1619 3548 1930 3621; x_wconf 67' lang='grc' dir='ltr'>παρέσχον*</span> 
     </span>
    </p>
   </div>
   <div class='ocr_carea' id='block_1_68' title="bbox 348 3639 1936 3713">
    <p class='ocr_par' dir='ltr' id='par_1_68' title="bbox 348 3639 1936 3713">
     <span class='ocr_line' id='line_1_69' title="bbox 348 3639 1936 3713; baseline -0.005 -12"><span class='ocrx_word' id='word_1_493' title='bbox 348 3646 498 3701; x_wconf 76' lang='grc' dir='ltr'>οὕτω</span> <span class='ocrx_word' id='word_1_494' title='bbox 534 3664 594 3699; x_wconf 89' lang='grc' dir='ltr'><strong>τε</strong></span> <span class='ocrx_word' id='word_1_495' title='bbox 620 3644 746 3699; x_wconf 84' lang='grc' dir='ltr'>καθ’</span> <span class='ocrx_word' id='word_1_496' title='bbox 776 3644 894 3699; x_wconf 82' lang='grc' dir='ltr'>ὁδὸν</span> <span class='ocrx_word' id='word_1_497' title='bbox 924 3643 1020 3698; x_wconf 78' lang='grc' dir='ltr'>ἐπὶ</span> <span class='ocrx_word' id='word_1_498' title='bbox 1074 3642 1146 3697; x_wconf 74' lang='grc' dir='ltr'>τὰ</span> <span class='ocrx_word' id='word_1_499' title='bbox 1195 3640 1434 3712; x_wconf 89' lang='grc' dir='ltr'>πρόσθεν</span> <span class='ocrx_word' id='word_1_500' title='bbox 1474 3641 1740 3713; x_wconf 89' lang='grc' dir='ltr'>χωρείτω.</span> <span class='ocrx_word' id='word_1_501' title='bbox 1764 3639 1936 3693; x_wconf 81' lang='grc' dir='ltr'>Τοῦτο</span> 
     </span>
    </p>
   </div>
   <div class='ocr_carea' id='block_1_69' title="bbox 345 3732 1934 3810">
    <p class='ocr_par' dir='ltr' id='par_1_69' title="bbox 345 3732 1934 3810">
     <span class='ocr_line' id='line_1_70' title="bbox 345 3732 1934 3810; baseline -0.004 -17"><span class='ocrx_word' id='word_1_502' title='bbox 345 3740 407 3793; x_wconf 86' lang='grc' dir='ltr'>δὲ</span> <span class='ocrx_word' id='word_1_503' title='bbox 475 3736 868 3810; x_wconf 87' lang='grc' dir='ltr'>προθυμείσθω</span> <span class='ocrx_word' id='word_1_504' title='bbox 918 3735 979 3788; x_wconf 80' lang='grc' dir='ltr'><strong>οὐ</strong></span> <span class='ocrx_word' id='word_1_505' title='bbox 1012 3735 1178 3806; x_wconf 88' lang='grc' dir='ltr'>νόμον</span> <span class='ocrx_word' id='word_1_506' title='bbox 1207 3733 1502 3803; x_wconf 75' lang='grc' dir='ltr'>ἐγκωμίων</span> <span class='ocrx_word' id='word_1_507' title='bbox 1559 3735 1690 3805; x_wconf 79' lang='grc' dir='ltr'>περὶ</span> <span class='ocrx_word' id='word_1_508' title='bbox 1738 3732 1934 3787; x_wconf 86' lang='grc' dir='ltr'>πολλοῦ</span> 
     </span>
    </p>
   </div>
   <div class='ocr_carea' id='block_1_70' title="bbox 345 3825 1937 3901">
    <p class='ocr_par' dir='ltr' id='par_1_70' title="bbox 345 3825 1937 3901">
     <span class='ocr_line' id='line_1_71' title="bbox 345 3825 1937 3901; baseline -0.003 -18"><span class='ocrx_word' id='word_1_509' title='bbox 345 3832 703 3901; x_wconf 83' lang='grc' dir='ltr'>ποιούμενος,</span> <span class='ocrx_word' id='word_1_510' title='bbox 728 3828 787 3893; x_wconf 83' lang='grc' dir='ltr'><strong>ὃς</strong></span> <span class='ocrx_word' id='word_1_511' title='bbox 816 3826 1134 3898; x_wconf 85' lang='grc' dir='ltr'>βουλόμενος</span> <span class='ocrx_word' id='word_1_512' title='bbox 1162 3825 1418 3898; x_wconf 80' lang='grc' dir='ltr'>ἀφορμὴν</span> <span class='ocrx_word' id='word_1_513' title='bbox 1440 3826 1553 3889; x_wconf 80' lang='grc' dir='ltr'>τοῖς</span> <span class='ocrx_word' id='word_1_514' title='bbox 1582 3826 1824 3889; x_wconf 79' lang='grc' dir='ltr'>ἐπαίνοις</span> <span class='ocrx_word' id='word_1_515' title='bbox 1856 3826 1937 3890; x_wconf 89' lang='grc' dir='ltr'><strong>είς</strong></span> 
     </span>
    </p>
   </div>
   <div class='ocr_carea' id='block_1_71' title="bbox 349 3917 1937 3995">
    <p class='ocr_par' dir='ltr' id='par_1_71' title="bbox 349 3917 1937 3995">
     <span class='ocr_line' id='line_1_72' title="bbox 349 3917 1937 3995; baseline -0.005 -16"><span class='ocrx_word' id='word_1_516' title='bbox 349 3923 581 3995; x_wconf 68' lang='grc' dir='ltr'>αὔξησιν</span> <span class='ocrx_word' id='word_1_517' title='bbox 606 3924 932 3994; x_wconf 83' lang='grc' dir='ltr'>παρασχεῖν,</span> <span class='ocrx_word' id='word_1_518' title='bbox 964 3921 1176 3973; x_wconf 81' lang='grc' dir='ltr'>ἐκεῖθεν</span> <span class='ocrx_word' id='word_1_519' title='bbox 1204 3918 1485 3972; x_wconf 87' lang='grc' dir='ltr'>ἐπιτάττει</span> <span class='ocrx_word' id='word_1_520' title='bbox 1503 3917 1729 3983; x_wconf 83' lang='grc' dir='ltr'>τούτους</span> <span class='ocrx_word' id='word_1_521' title='bbox 1760 3936 1937 3989; x_wconf 88' lang='grc' dir='ltr'>παρα-</span> 
     </span>
    </p>
   </div>
   <div class='ocr_carea' id='block_1_72' title="bbox 350 4009 1938 4084">
    <p class='ocr_par' dir='ltr' id='par_1_72' title="bbox 350 4009 1938 4084">
     <span class='ocr_line' id='line_1_73' title="bbox 350 4009 1938 4084; baseline -0.004 -15"><span class='ocrx_word' id='word_1_522' title='bbox 350 4017 590 4084; x_wconf 63' lang='grc' dir='ltr'>κροτεω.</span> <span class='ocrx_word' id='word_1_523' title='bbox 615 4013 751 4067; x_wconf 80' lang='grc' dir='ltr'>Οὐδὲ</span> <span class='ocrx_word' id='word_1_524' title='bbox 781 4012 890 4083; x_wconf 83' lang='grc' dir='ltr'><strong>γὰρ</strong></span> <span class='ocrx_word' id='word_1_525' title='bbox 920 4010 971 4064; x_wconf 85' lang='grc' dir='ltr'><strong>εί</strong></span> <span class='ocrx_word' id='word_1_526' title='bbox 1022 4011 1118 4065; x_wconf 77' lang='grc' dir='ltr'><strong>καὶ</strong></span> <span class='ocrx_word' id='word_1_527' title='bbox 1145 4010 1216 4063; x_wconf 79' lang='grc' dir='ltr'><strong>τὰ</strong></span> <span class='ocrx_word' id='word_1_528' title='bbox 1271 4009 1511 4080; x_wconf 88' lang='grc' dir='ltr'>μάλιστα</span> <span class='ocrx_word' id='word_1_529' title='bbox 1555 4010 1862 4079; x_wconf 76' lang='grc' dir='ltr'>θαυμαστοὶ</span> <span class='ocrx_word' id='word_1_530' title='bbox 1887 4010 1938 4063; x_wconf 73' lang='grc' dir='ltr'><strong>οἱ</strong></span> 
     </span>
    </p>
   </div>
   <div class='ocr_carea' id='block_1_73' title="bbox 349 4099 1939 4177">
    <p class='ocr_par' dir='ltr' id='par_1_73' title="bbox 349 4099 1939 4177">
     <span class='ocr_line' id='line_1_74' title="bbox 349 4099 1939 4177; baseline 0.002 -24"><span class='ocrx_word' id='word_1_531' title='bbox 349 4106 701 4177; x_wconf 67' lang='grc' dir='ltr'>γεννήτορες,</span> <span class='ocrx_word' id='word_1_532' title='bbox 732 4105 833 4173; x_wconf 80' lang='grc' dir='ltr'>τῆς</span> <span class='ocrx_word' id='word_1_533' title='bbox 856 4103 1082 4159; x_wconf 83' lang='grc' dir='ltr'>ἐκείνων</span> <span class='ocrx_word' id='word_1_534' title='bbox 1110 4103 1269 4170; x_wconf 82' lang='grc' dir='ltr'>δόξης</span> <span class='ocrx_word' id='word_1_535' title='bbox 1307 4104 1340 4174; x_wconf 80' lang='grc' dir='ltr'>ἠ</span> <span class='ocrx_word' id='word_1_536' title='bbox 1366 4099 1459 4157; x_wconf 79' lang='grc' dir='ltr'>τοῦ</span> <span class='ocrx_word' id='word_1_537' title='bbox 1486 4101 1677 4165; x_wconf 79' lang='grc' dir='ltr'>παιδὸς</span> <span class='ocrx_word' id='word_1_538' title='bbox 1690 4102 1939 4173; x_wconf 85' lang='grc' dir='ltr'>εὐφημία</span> 
     </span>
    </p>
   </div>
   <div class='ocr_carea' id='block_1_74' title="bbox 350 4195 1939 4271">
    <p class='ocr_par' dir='ltr' id='par_1_74' title="bbox 350 4195 1939 4271">
     <span class='ocr_line' id='line_1_75' title="bbox 350 4195 1939 4271; baseline -0.003 -18"><span class='ocrx_word' id='word_1_539' title='bbox 350 4199 698 4271; x_wconf 81' lang='grc' dir='ltr'>προσδεῖται·</span> <span class='ocrx_word' id='word_1_540' title='bbox 727 4197 917 4269; x_wconf 82' lang='grc' dir='ltr'>ὥσπερ</span> <span class='ocrx_word' id='word_1_541' title='bbox 969 4196 1078 4251; x_wconf 89' lang='grc' dir='ltr'>οὐδ’</span> <span class='ocrx_word' id='word_1_542' title='bbox 1106 4196 1348 4267; x_wconf 73' lang='grc' dir='ltr'>ἔμφυτον</span> <span class='ocrx_word' id='word_1_543' title='bbox 1380 4195 1579 4260; x_wconf 87' lang='grc' dir='ltr'>κάλλος</span> <span class='ocrx_word' id='word_1_544' title='bbox 1614 4197 1713 4266; x_wconf 83' lang='grc' dir='ltr'>τῆς</span> <span class='ocrx_word' id='word_1_545' title='bbox 1746 4198 1806 4261; x_wconf 80' lang='grc' dir='ltr'>ἐξ</span> <span class='ocrx_word' id='word_1_546' title='bbox 1842 4196 1939 4249; x_wconf 89' lang='grc' dir='ltr'>ἀλ-</span> 
     </span>
    </p>
   </div>
   <div class='ocr_carea' id='block_1_75' title="bbox 350 4288 1936 4362">
    <p class='ocr_par' dir='ltr' id='par_1_75' title="bbox 350 4288 1936 4362">
     <span class='ocr_line' id='line_1_76' title="bbox 350 4288 1936 4362; baseline -0.001 -18"><span class='ocrx_word' id='word_1_547' title='bbox 350 4291 584 4362; x_wconf 81' lang='grc' dir='ltr'>λοτρίων</span> <span class='ocrx_word' id='word_1_548' title='bbox 609 4288 817 4344; x_wconf 81' lang='grc' dir='ltr'>ἀνθέων</span> <span class='ocrx_word' id='word_1_549' title='bbox 838 4288 1061 4360; x_wconf 87' lang='grc' dir='ltr'>χάριτος</span> <span class='ocrx_word' id='word_1_550' title='bbox 1102 4288 1197 4341; x_wconf 77' lang='grc' dir='ltr'>καὶ</span> <span class='ocrx_word' id='word_1_551' title='bbox 1222 4288 1588 4358; x_wconf 84' lang='grc' dir='ltr'>κομμωτικῆς</span> <span class='ocrx_word' id='word_1_552' title='bbox 1631 4288 1936 4360; x_wconf 82' lang='grc' dir='ltr'>περινοίας.</span> 
     </span>
    </p>
   </div>
   <div class='ocr_carea' id='block_1_76' title="bbox 352 4381 1939 4455">
    <p class='ocr_par' dir='ltr' id='par_1_76' title="bbox 352 4381 1939 4455">
     <span class='ocr_line' id='line_1_77' title="bbox 352 4381 1939 4455; baseline -0.001 -17"><span class='ocrx_word' id='word_1_553' title='bbox 352 4384 683 4455; x_wconf 72' lang='grc' dir='ltr'>Οὐδ’-ἡμέρα</span> <span class='ocrx_word' id='word_1_554' title='bbox 707 4383 845 4454; x_wconf 77' lang='grc' dir='ltr'>ἡλίῳ</span> <span class='ocrx_word' id='word_1_555' title='bbox 878 4382 1412 4453; x_wconf 85' lang='grc' dir='ltr'>καταπυρσευομένη</span> <span class='ocrx_word' id='word_1_556' title='bbox 1460 4381 1780 4454; x_wconf 85' lang='grc' dir='ltr'>προσθήκην</span> <span class='ocrx_word' id='word_1_557' title='bbox 1814 4383 1939 4436; x_wconf 77' lang='grc' dir='ltr'>ἐπι-</span> 
     </span>
    </p>
   </div>
   <div class='ocr_carea' id='block_1_77' title="bbox 354 4474 1941 4548">
    <p class='ocr_par' dir='ltr' id='par_1_77' title="bbox 354 4474 1941 4548">
     <span class='ocr_line' id='line_1_78' title="bbox 354 4474 1941 4548; baseline -0.001 -18"><span class='ocrx_word' id='word_1_558' title='bbox 354 4478 514 4544; x_wconf 83' lang='grc' dir='ltr'><strong>ζητεῖ</strong></span> <span class='ocrx_word' id='word_1_559' title='bbox 541 4476 928 4548; x_wconf 74' lang='grc' dir='ltr'>φαιδρότητος,</span> <span class='ocrx_word' id='word_1_560' title='bbox 970 4475 1060 4530; x_wconf 81' lang='grc' dir='ltr'>ἵνα</span> <span class='ocrx_word' id='word_1_561' title='bbox 1105 4474 1308 4545; x_wconf 80' lang='grc' dir='ltr'>μᾶλλον</span> <span class='ocrx_word' id='word_1_562' title='bbox 1371 4475 1633 4547; x_wconf 82' lang='grc' dir='ltr'>ροδοειδὲς</span> <span class='ocrx_word' id='word_1_563' title='bbox 1667 4476 1826 4548; x_wconf 80' lang='grc' dir='ltr'>φέροι</span> <span class='ocrx_word' id='word_1_564' title='bbox 1878 4477 1941 4531; x_wconf 84' lang='grc' dir='ltr'>τὸ</span> 
     </span>
    </p>
   </div>
   <div class='ocr_carea' id='block_1_78' title="bbox 2034 3266 3621 3339">
    <p class='ocr_par' dir='ltr' id='par_1_78' title="bbox 2034 3266 3621 3339">
     <span class='ocr_line' id='line_1_79' title="bbox 2034 3266 3621 3339; baseline -0.004 -10"><span class='ocrx_word' id='word_1_565' title='bbox 2034 3274 2163 3329; x_wconf 89' lang='lat' dir='ltr'><strong>dum</strong></span> <span class='ocrx_word' id='word_1_566' title='bbox 2199 3287 2213 3324; x_wconf 91' lang='lat'><strong>:</strong></span> <span class='ocrx_word' id='word_1_567' title='bbox 2243 3271 2385 3328; x_wconf 91' lang='lat' dir='ltr'><strong>idem</strong></span> <span class='ocrx_word' id='word_1_568' title='bbox 2415 3271 2482 3326; x_wconf 90' lang='lat' dir='ltr'><strong>ad</strong></span> <span class='ocrx_word' id='word_1_569' title='bbox 2518 3270 2838 3325; x_wconf 89' lang='lat' dir='ltr'><strong>memoriam</strong></span> <span class='ocrx_word' id='word_1_570' title='bbox 2876 3283 3099 3339; x_wconf 89' lang='lat' dir='ltr'><strong>quoque</strong></span> <span class='ocrx_word' id='word_1_571' title='bbox 3131 3267 3302 3322; x_wconf 82' lang='lat' dir='ltr'><strong>divini</strong></span> <span class='ocrx_word' id='word_1_572' title='bbox 3332 3266 3497 3335; x_wconf 90' lang='lat' dir='ltr'><strong>hujus</strong></span> <span class='ocrx_word' id='word_1_573' title='bbox 3517 3267 3621 3322; x_wconf 90' lang='lat' dir='ltr'><strong>viri</strong></span> 
     </span>
    </p>
   </div>
   <div class='ocr_carea' id='block_1_79' title="bbox 2035 3358 3620 3432">
    <p class='ocr_par' dir='ltr' id='par_1_79' title="bbox 2035 3358 3620 3432">
     <span class='ocr_line' id='line_1_80' title="bbox 2035 3358 3620 3432; baseline -0.004 -11"><span class='ocrx_word' id='word_1_574' title='bbox 2035 3366 2152 3421; x_wconf 91' lang='lat' dir='ltr'><strong>ﬁeri</strong></span> <span class='ocrx_word' id='word_1_575' title='bbox 2205 3365 2393 3421; x_wconf 88' lang='lat' dir='ltr'><strong>videre</strong></span> <span class='ocrx_word' id='word_1_576' title='bbox 2444 3364 2626 3429; x_wconf 87' lang='lat' dir='ltr'><strong>liceat,</strong></span> <span class='ocrx_word' id='word_1_577' title='bbox 2668 3362 2778 3418; x_wconf 91' lang='lat' dir='ltr'><strong>imo</strong></span> <span class='ocrx_word' id='word_1_578' title='bbox 2832 3362 2994 3432; x_wconf 85' lang='lat' dir='ltr'><strong>longe</strong></span> <span class='ocrx_word' id='word_1_579' title='bbox 3040 3360 3165 3432; x_wconf 90' lang='lat' dir='ltr'><strong>plus</strong></span> <span class='ocrx_word' id='word_1_580' title='bbox 3206 3360 3371 3431; x_wconf 88' lang='lat' dir='ltr'><strong>hujus</strong></span> <span class='ocrx_word' id='word_1_581' title='bbox 3397 3358 3620 3431; x_wconf 85' lang='lat' dir='ltr'><strong>quidem</strong></span> 
     </span>
    </p>
   </div>
   <div class='ocr_carea' id='block_1_80' title="bbox 2036 3451 3622 3526">
    <p class='ocr_par' dir='ltr' id='par_1_80' title="bbox 2036 3451 3622 3526">
     <span class='ocr_line' id='line_1_81' title="bbox 2036 3451 3622 3526; baseline -0.004 -13"><span class='ocrx_word' id='word_1_582' title='bbox 2036 3459 2141 3513; x_wconf 86' lang='lat' dir='ltr'><strong>hac</strong></span> <span class='ocrx_word' id='word_1_583' title='bbox 2176 3458 2229 3512; x_wconf 91' lang='lat' dir='ltr'><strong>in</strong></span> <span class='ocrx_word' id='word_1_584' title='bbox 2260 3464 2414 3526; x_wconf 89' lang='lat' dir='ltr'><strong>parte</strong></span> <span class='ocrx_word' id='word_1_585' title='bbox 2445 3457 2526 3509; x_wconf 86' lang='lat' dir='ltr'><strong>lit.</strong></span> <span class='ocrx_word' id='word_1_586' title='bbox 2554 3453 2629 3511; x_wconf 91' lang='lat' dir='ltr'><strong>lbi</strong></span> <span class='ocrx_word' id='word_1_587' title='bbox 2660 3454 2807 3509; x_wconf 86' lang='lat' dir='ltr'><strong>enim</strong></span> <span class='ocrx_word' id='word_1_588' title='bbox 2836 3461 2967 3508; x_wconf 87' lang='lat' dir='ltr'><strong>sunt</strong></span> <span class='ocrx_word' id='word_1_589' title='bbox 2997 3454 3090 3523; x_wconf 90' lang='lat' dir='ltr'><strong>qui</strong></span> <span class='ocrx_word' id='word_1_590' title='bbox 3114 3451 3370 3523; x_wconf 90' lang='lat' dir='ltr'><strong>occupati</strong></span> <span class='ocrx_word' id='word_1_591' title='bbox 3403 3451 3622 3524; x_wconf 83' lang='lat' dir='ltr'><strong>negotio</strong></span> 
     </span>
    </p>
   </div>
   <div class='ocr_carea' id='block_1_81' title="bbox 2035 3545 3620 3621">
    <p class='ocr_par' dir='ltr' id='par_1_81' title="bbox 2035 3545 3620 3621">
     <span class='ocr_line' id='line_1_82' title="bbox 2035 3545 3620 3621; baseline -0.004 -15"><span class='ocrx_word' id='word_1_592' title='bbox 2035 3553 2184 3608; x_wconf 88' lang='lat' dir='ltr'><strong>velut</strong></span> <span class='ocrx_word' id='word_1_593' title='bbox 2213 3549 2495 3621; x_wconf 69' lang='lat' dir='ltr'><strong>praepediti</strong></span> <span class='ocrx_word' id='word_1_594' title='bbox 2545 3556 2799 3611; x_wconf 89' lang='lat' dir='ltr'><strong>manent;</strong></span> <span class='ocrx_word' id='word_1_595' title='bbox 2842 3546 3161 3605; x_wconf 70' lang='lat' dir='ltr'><strong>amwnitate</strong></span> <span class='ocrx_word' id='word_1_596' title='bbox 3212 3545 3495 3600; x_wconf 89' lang='lat' dir='ltr'><strong>radiorum</strong></span> <span class='ocrx_word' id='word_1_597' title='bbox 3524 3560 3620 3601; x_wconf 90' lang='lat' dir='ltr'><strong>va-</strong></span> 
     </span>
    </p>
   </div>
   <div class='ocr_carea' id='block_1_82' title="bbox 2036 3636 3620 3713">
    <p class='ocr_par' dir='ltr' id='par_1_82' title="bbox 2036 3636 3620 3713">
     <span class='ocr_line' id='line_1_83' title="bbox 2036 3636 3620 3713; baseline -0.006 -13"><span class='ocrx_word' id='word_1_598' title='bbox 2036 3645 2150 3700; x_wconf 90' lang='lat' dir='ltr'><strong>lere</strong></span> <span class='ocrx_word' id='word_1_599' title='bbox 2172 3642 2349 3713; x_wconf 85' lang='lat' dir='ltr'><strong>jussa,</strong></span> <span class='ocrx_word' id='word_1_600' title='bbox 2382 3641 2471 3696; x_wconf 88' lang='lat' dir='ltr'><strong>hic</strong></span> <span class='ocrx_word' id='word_1_601' title='bbox 2497 3647 2677 3693; x_wconf 91' lang='lat' dir='ltr'><strong>autem</strong></span> <span class='ocrx_word' id='word_1_602' title='bbox 2712 3639 2860 3692; x_wconf 89' lang='lat' dir='ltr'><strong>nulla</strong></span> <span class='ocrx_word' id='word_1_603' title='bbox 2894 3647 3004 3691; x_wconf 91' lang='lat' dir='ltr'><strong>tam</strong></span> <span class='ocrx_word' id='word_1_604' title='bbox 3031 3638 3239 3692; x_wconf 89' lang='lat' dir='ltr'><strong>intenta</strong></span> <span class='ocrx_word' id='word_1_605' title='bbox 3268 3636 3620 3692; x_wconf 81' lang='lat' dir='ltr'><strong>fueritoccu-</strong></span> 
     </span>
    </p>
   </div>
   <div class='ocr_carea' id='block_1_83' title="bbox 2036 3735 3625 3813">
    <p class='ocr_par' dir='ltr' id='par_1_83' title="bbox 2036 3735 3625 3813">
     <span class='ocr_line' id='line_1_84' title="bbox 2036 3735 3625 3813; baseline -0.002 -18"><span class='ocrx_word' id='word_1_606' title='bbox 2036 3740 2186 3813; x_wconf 89' lang='lat' dir='ltr'><strong>patio</strong></span> <span class='ocrx_word' id='word_1_607' title='bbox 2236 3754 2359 3809; x_wconf 66' lang='lat' dir='ltr'><strong>qua:</strong></span> <span class='ocrx_word' id='word_1_608' title='bbox 2418 3736 2708 3807; x_wconf 89' lang='lat' dir='ltr'><strong>prohibere</strong></span> <span class='ocrx_word' id='word_1_609' title='bbox 2762 3745 2926 3805; x_wconf 84' lang='lat' dir='ltr'><strong>queat</strong></span> <span class='ocrx_word' id='word_1_610' title='bbox 2962 3735 3219 3792; x_wconf 86' lang='lat' dir='ltr'><strong>homines</strong></span> <span class='ocrx_word' id='word_1_611' title='bbox 3263 3751 3333 3791; x_wconf 91' lang='lat' dir='ltr'><strong>ne</strong></span> <span class='ocrx_word' id='word_1_612' title='bbox 3358 3751 3625 3807; x_wconf 66' lang='lat' dir='ltr'><strong>eamquaa</strong></span> 
     </span>
    </p>
   </div>
   <div class='ocr_carea' id='block_1_84' title="bbox 2036 3825 3619 3898">
    <p class='ocr_par' dir='ltr' id='par_1_84' title="bbox 2036 3825 3619 3898">
     <span class='ocr_line' id='line_1_85' title="bbox 2036 3825 3619 3898; baseline -0.003 -12"><span class='ocrx_word' id='word_1_613' title='bbox 2036 3847 2105 3886; x_wconf 81' lang='lat' dir='ltr'><strong>ex</strong></span> <span class='ocrx_word' id='word_1_614' title='bbox 2129 3843 2290 3885; x_wconf 89' lang='lat' dir='ltr'><strong>sacro</strong></span> <span class='ocrx_word' id='word_1_615' title='bbox 2320 3827 2499 3898; x_wconf 82' lang='lat' dir='ltr'><strong>magni</strong></span> <span class='ocrx_word' id='word_1_616' title='bbox 2536 3827 2702 3895; x_wconf 81' lang='lat' dir='ltr'><strong>hujus</strong></span> <span class='ocrx_word' id='word_1_617' title='bbox 2730 3825 3065 3882; x_wconf 83' lang='lat' dir='ltr'><strong>confessoris</strong></span> <span class='ocrx_word' id='word_1_618' title='bbox 3098 3832 3458 3883; x_wconf 88' lang='lat' dir='ltr'><strong>monumento</strong></span> <span class='ocrx_word' id='word_1_619' title='bbox 3486 3840 3619 3897; x_wconf 89' lang='lat' dir='ltr'><strong>per-</strong></span> 
     </span>
    </p>
   </div>
   <div class='ocr_carea' id='block_1_85' title="bbox 2038 3915 3624 3989">
    <p class='ocr_par' dir='ltr' id='par_1_85' title="bbox 2038 3915 3624 3989">
     <span class='ocr_line' id='line_1_86' title="bbox 2038 3915 3624 3989; baseline 0 -16"><span class='ocrx_word' id='word_1_620' title='bbox 2038 3918 2244 3989; x_wconf 89' lang='lat' dir='ltr'><strong>cipitur</strong></span> <span class='ocrx_word' id='word_1_621' title='bbox 2262 3916 2451 3988; x_wconf 66' lang='lat' dir='ltr'><strong>gratia:</strong></span> <span class='ocrx_word' id='word_1_622' title='bbox 2484 3916 2698 3985; x_wconf 90' lang='lat' dir='ltr'><strong>copiam</strong></span> <span class='ocrx_word' id='word_1_623' title='bbox 2730 3917 3116 3986; x_wconf 88' lang='lat' dir='ltr'><strong>participatum</strong></span> <span class='ocrx_word' id='word_1_624' title='bbox 3151 3923 3296 3971; x_wconf 88' lang='lat' dir='ltr'><strong>eant.</strong></span> <span class='ocrx_word' id='word_1_625' title='bbox 3332 3915 3465 3982; x_wconf 69' lang='lat' dir='ltr'><strong>Quae</strong></span> <span class='ocrx_word' id='word_1_626' title='bbox 3495 3917 3624 3973; x_wconf 86' lang='lat' dir='ltr'><strong>tuba</strong></span> 
     </span>
    </p>
   </div>
   <div class='ocr_carea' id='block_1_86' title="bbox 2039 4006 3723 4078">
    <p class='ocr_par' dir='ltr' id='par_1_86' title="bbox 2039 4006 3723 4078">
     <span class='ocr_line' id='line_1_87' title="bbox 2039 4006 3723 4078; baseline -0.002 -11"><span class='ocrx_word' id='word_1_627' title='bbox 2039 4010 2330 4067; x_wconf 78' lang='lat' dir='ltr'><strong>classicum</strong></span> <span class='ocrx_word' id='word_1_628' title='bbox 2365 4008 2624 4063; x_wconf 88' lang='lat' dir='ltr'><strong>intonans</strong></span> <span class='ocrx_word' id='word_1_629' title='bbox 2652 4008 2970 4078; x_wconf 89' lang='lat' dir='ltr'><strong>procinctos</strong></span> <span class='ocrx_word' id='word_1_630' title='bbox 3017 4006 3084 4060; x_wconf 86' lang='lat' dir='ltr'><strong>ad</strong></span> <span class='ocrx_word' id='word_1_631' title='bbox 3127 4022 3365 4078; x_wconf 81' lang='lat' dir='ltr'><strong>pugnam</strong></span> <span class='ocrx_word' id='word_1_632' title='bbox 3398 4007 3627 4063; x_wconf 87' lang='lat' dir='ltr'><strong>ordines</strong></span> <span class='ocrx_word' id='word_1_633' title='bbox 3720 4008 3723 4009; x_wconf 60' lang='grc'><strong><em>⁷</em></strong></span> 
     </span>
    </p>
   </div>
   <div class='ocr_carea' id='block_1_87' title="bbox 2040 4094 3627 4165">
    <p class='ocr_par' dir='ltr' id='par_1_87' title="bbox 2040 4094 3627 4165">
     <span class='ocr_line' id='line_1_88' title="bbox 2040 4094 3627 4165; baseline -0.004 -10"><span class='ocrx_word' id='word_1_634' title='bbox 2040 4100 2119 4155; x_wconf 88' lang='lat' dir='ltr'><strong>sic</strong></span> <span class='ocrx_word' id='word_1_635' title='bbox 2139 4096 2399 4153; x_wconf 87' lang='lat' dir='ltr'><strong>animavit</strong></span> <span class='ocrx_word' id='word_1_636' title='bbox 2429 4105 2490 4150; x_wconf 93' lang='lat' dir='ltr'><strong>ut</strong></span> <span class='ocrx_word' id='word_1_637' title='bbox 2517 4095 2606 4149; x_wconf 90' lang='lat' dir='ltr'><strong>hic</strong></span> <span class='ocrx_word' id='word_1_638' title='bbox 2636 4110 2732 4165; x_wconf 89' lang='lat' dir='ltr'><strong>per</strong></span> <span class='ocrx_word' id='word_1_639' title='bbox 2763 4095 2847 4150; x_wconf 91' lang='lat' dir='ltr'><strong>sui</strong></span> <span class='ocrx_word' id='word_1_640' title='bbox 2880 4094 3220 4150; x_wconf 88' lang='lat' dir='ltr'><strong>mentionem</strong></span> <span class='ocrx_word' id='word_1_641' title='bbox 3269 4095 3436 4149; x_wconf 88' lang='lat' dir='ltr'><strong>veluti</strong></span> <span class='ocrx_word' id='word_1_642' title='bbox 3472 4097 3627 4150; x_wconf 89' lang='lat' dir='ltr'><strong>clan-</strong></span> 
     </span>
    </p>
   </div>
   <div class='ocr_carea' id='block_1_88' title="bbox 2040 4188 3622 4264">
    <p class='ocr_par' dir='ltr' id='par_1_88' title="bbox 2040 4188 3622 4264">
     <span class='ocr_line' id='line_1_89' title="bbox 2040 4188 3622 4264; baseline -0.002 -16"><span class='ocrx_word' id='word_1_643' title='bbox 2040 4190 2430 4264; x_wconf 86' lang='lat' dir='ltr'><strong>gensconcivit</strong></span> <span class='ocrx_word' id='word_1_644' title='bbox 2447 4188 2685 4253; x_wconf 89' lang='lat' dir='ltr'><strong>animas,</strong></span> <span class='ocrx_word' id='word_1_645' title='bbox 2725 4190 3053 4244; x_wconf 89' lang='lat' dir='ltr'><strong>devotorum</strong></span> <span class='ocrx_word' id='word_1_646' title='bbox 3090 4188 3362 4244; x_wconf 77' lang='lat' dir='ltr'><strong>fervorem</strong></span> <span class='ocrx_word' id='word_1_647' title='bbox 3393 4205 3622 4261; x_wconf 85' lang='lat' dir='ltr'><strong>augens,</strong></span> 
     </span>
    </p>
   </div>
   <div class='ocr_carea' id='block_1_89' title="bbox 2042 4280 3625 4354">
    <p class='ocr_par' dir='ltr' id='par_1_89' title="bbox 2042 4280 3625 4354">
     <span class='ocr_line' id='line_1_90' title="bbox 2042 4280 3625 4354; baseline -0.003 -12"><span class='ocrx_word' id='word_1_648' title='bbox 2042 4284 2292 4343; x_wconf 89' lang='lat' dir='ltr'><strong>desidum</strong></span> <span class='ocrx_word' id='word_1_649' title='bbox 2340 4290 2622 4354; x_wconf 86' lang='lat' dir='ltr'><strong>torporem</strong></span> <span class='ocrx_word' id='word_1_650' title='bbox 2696 4280 3026 4338; x_wconf 81' lang='lat' dir='ltr'><strong>excutiens?</strong></span> <span class='ocrx_word' id='word_1_651' title='bbox 3088 4282 3320 4352; x_wconf 83' lang='lat' dir='ltr'><strong>Semper</strong></span> <span class='ocrx_word' id='word_1_652' title='bbox 3404 4282 3625 4352; x_wconf 82' lang='lat' dir='ltr'><strong>quidem</strong></span> 
     </span>
    </p>
   </div>
   <div class='ocr_carea' id='block_1_90' title="bbox 2044 4374 3627 4449">
    <p class='ocr_par' dir='ltr' id='par_1_90' title="bbox 2044 4374 3627 4449">
     <span class='ocr_line' id='line_1_91' title="bbox 2044 4374 3627 4449; baseline -0.004 -14"><span class='ocrx_word' id='word_1_653' title='bbox 2044 4378 2270 4435; x_wconf 88' lang='lat' dir='ltr'><strong>humani</strong></span> <span class='ocrx_word' id='word_1_654' title='bbox 2301 4375 2519 4449; x_wconf 79' lang='lat' dir='ltr'><strong>generis</strong></span> <span class='ocrx_word' id='word_1_655' title='bbox 2548 4374 2900 4431; x_wconf 89' lang='lat' dir='ltr'><strong>adversarius</strong></span> <span class='ocrx_word' id='word_1_656' title='bbox 2949 4374 3256 4429; x_wconf 83' lang='lat' dir='ltr'><strong>honoribus</strong></span> <span class='ocrx_word' id='word_1_657' title='bbox 3304 4386 3627 4430; x_wconf 89' lang='lat' dir='ltr'><strong>sanctorum</strong></span> 
     </span>
    </p>
   </div>
   <div class='ocr_carea' id='block_1_91' title="bbox 2042 4463 3629 4538">
    <p class='ocr_par' dir='ltr' id='par_1_91' title="bbox 2042 4463 3629 4538">
     <span class='ocr_line' id='line_1_92' title="bbox 2042 4463 3629 4538; baseline -0.007 -11"><span class='ocrx_word' id='word_1_658' title='bbox 2042 4472 2276 4527; x_wconf 88' lang='lat' dir='ltr'><strong>lethales</strong></span> <span class='ocrx_word' id='word_1_659' title='bbox 2308 4467 2509 4538; x_wconf 90' lang='lat' dir='ltr'><strong>accipit</strong></span> <span class='ocrx_word' id='word_1_660' title='bbox 2534 4467 2742 4538; x_wconf 86' lang='lat' dir='ltr'><strong>plagas,</strong></span> <span class='ocrx_word' id='word_1_661' title='bbox 2777 4465 3003 4535; x_wconf 87' lang='lat' dir='ltr'><strong>ringens</strong></span> <span class='ocrx_word' id='word_1_662' title='bbox 3056 4475 3112 4519; x_wconf 92' lang='lat' dir='ltr'><strong>et</strong></span> <span class='ocrx_word' id='word_1_663' title='bbox 3150 4479 3307 4519; x_wconf 89' lang='lat' dir='ltr'><strong>suam</strong></span> <span class='ocrx_word' id='word_1_664' title='bbox 3340 4463 3629 4518; x_wconf 83' lang='lat' dir='ltr'><strong>calamita-</strong></span> 
     </span>
    </p>
   </div>
   <div class='ocr_carea' id='block_1_92' title="bbox 352 4555 1930 4642">
    <p class='ocr_par' dir='ltr' id='par_1_92' title="bbox 352 4564 1930 4642">
     <span class='ocr_line' id='line_1_93' title="bbox 352 4564 1930 4642; baseline 0 -19"><span class='ocrx_word' id='word_1_665' title='bbox 352 4569 668 4641; x_wconf 82' lang='grc' dir='ltr'>πρόσωπον.</span> <span class='ocrx_word' id='word_1_666' title='bbox 706 4569 848 4624; x_wconf 85' lang='grc' dir='ltr'>Ἀλλ’</span> <span class='ocrx_word' id='word_1_667' title='bbox 870 4570 994 4623; x_wconf 83' lang='grc' dir='ltr'>ὅσον</span> <span class='ocrx_word' id='word_1_668' title='bbox 1017 4568 1281 4633; x_wconf 84' lang='grc' dir='ltr'>ἐπιδείξαι</span> <span class='ocrx_word' id='word_1_669' title='bbox 1304 4569 1498 4640; x_wconf 80' lang='grc' dir='ltr'>ὅτιπερ</span> <span class='ocrx_word' id='word_1_670' title='bbox 1528 4564 1617 4623; x_wconf 82' lang='grc' dir='ltr'>οἷα</span> <span class='ocrx_word' id='word_1_671' title='bbox 1641 4570 1842 4642; x_wconf 85' lang='grc' dir='ltr'>κλῆρον</span> <span class='ocrx_word' id='word_1_672' title='bbox 1874 4571 1930 4624; x_wconf 80' lang='grc' dir='ltr'><strong>ἐκ</strong></span> 
     </span>
    </p>
   </div>
   <div class='ocr_carea' id='block_1_93' title="bbox 2034 4555 3631 4642">
    <p class='ocr_par' dir='ltr' id='par_1_93' title="bbox 2046 4555 3631 4630">
     <span class='ocr_line' id='line_1_94' title="bbox 2046 4555 3631 4630; baseline -0.003 -12"><span class='ocrx_word' id='word_1_673' title='bbox 2046 4573 2154 4621; x_wconf 89' lang='lat' dir='ltr'><strong>tem</strong></span> <span class='ocrx_word' id='word_1_674' title='bbox 2211 4563 2452 4618; x_wconf 90' lang='lat' dir='ltr'><strong>ﬁdelium</strong></span> <span class='ocrx_word' id='word_1_675' title='bbox 2516 4559 2763 4615; x_wconf 64' lang='lat' dir='ltr'><strong>laztitiam</strong></span> <span class='ocrx_word' id='word_1_676' title='bbox 2793 4566 3077 4630; x_wconf 90' lang='lat' dir='ltr'><strong>reputans.</strong></span> <span class='ocrx_word' id='word_1_677' title='bbox 3108 4555 3268 4612; x_wconf 85' lang='lat' dir='ltr'><strong>Nunc</strong></span> <span class='ocrx_word' id='word_1_678' title='bbox 3321 4567 3503 4613; x_wconf 89' lang='lat' dir='ltr'><strong>autem</strong></span> <span class='ocrx_word' id='word_1_679' title='bbox 3564 4573 3631 4613; x_wconf 88' lang='lat' dir='ltr'><strong>eo</strong></span> 
     </span>
    </p>
   </div>
   <div class='ocr_carea' id='block_1_94' title="bbox 353 4662 1941 4734">
    <p class='ocr_par' dir='ltr' id='par_1_94' title="bbox 353 4662 1941 4734">
     <span class='ocr_line' id='line_1_95' title="bbox 353 4662 1941 4734; baseline 0 -16"><span class='ocrx_word' id='word_1_680' title='bbox 353 4663 611 4733; x_wconf 82' lang='grc' dir='ltr'>πατέρων</span> <span class='ocrx_word' id='word_1_681' title='bbox 655 4662 754 4733; x_wconf 76' lang='grc' dir='ltr'>τὴν</span> <span class='ocrx_word' id='word_1_682' title='bbox 828 4663 1029 4734; x_wconf 86' lang='grc' dir='ltr'>ἀρετὴν</span> <span class='ocrx_word' id='word_1_683' title='bbox 1080 4662 1418 4733; x_wconf 77' lang='grc' dir='ltr'>παραλαϐὼν</span> <span class='ocrx_word' id='word_1_684' title='bbox 1448 4702 1464 4727; x_wconf 91' lang='grc'><strong>,</strong></span> <span class='ocrx_word' id='word_1_685' title='bbox 1532 4662 1634 4716; x_wconf 90' lang='grc' dir='ltr'><strong>οὐκ</strong></span> <span class='ocrx_word' id='word_1_686' title='bbox 1688 4663 1941 4734; x_wconf 83' lang='grc' dir='ltr'>ἐνέμεινε</span> 
     </span>
    </p>
   </div>
   <div class='ocr_carea' id='block_1_95' title="bbox 352 4753 1942 4828">
    <p class='ocr_par' dir='ltr' id='par_1_95' title="bbox 352 4753 1942 4828">
     <span class='ocr_line' id='line_1_96' title="bbox 352 4753 1942 4828; baseline -0.001 -16"><span class='ocrx_word' id='word_1_687' title='bbox 352 4756 437 4828; x_wconf 84' lang='grc' dir='ltr'>τῷ</span> <span class='ocrx_word' id='word_1_688' title='bbox 466 4753 893 4827; x_wconf 83' lang='grc' dir='ltr'>παρασχεθέντι.</span> <span class='ocrx_word' id='word_1_689' title='bbox 934 4756 1070 4810; x_wconf 80' lang='grc' dir='ltr'>Οὐδὲ</span> <span class='ocrx_word' id='word_1_690' title='bbox 1097 4758 1210 4821; x_wconf 85' lang='grc' dir='ltr'>τοῖς</span> <span class='ocrx_word' id='word_1_691' title='bbox 1229 4756 1455 4810; x_wconf 82' lang='grc' dir='ltr'>ἐκείνων</span> <span class='ocrx_word' id='word_1_692' title='bbox 1483 4756 1730 4828; x_wconf 78' lang='grc' dir='ltr'>ἠρκέσθη</span> <span class='ocrx_word' id='word_1_693' title='bbox 1759 4757 1942 4811; x_wconf 84' lang='grc' dir='ltr'>ὡσπε-</span> 
     </span>
    </p>
   </div>
   <div class='ocr_carea' id='block_1_96' title="bbox 357 4844 1938 4922">
    <p class='ocr_par' dir='ltr' id='par_1_96' title="bbox 357 4844 1938 4922">
     <span class='ocr_line' id='line_1_97' title="bbox 357 4844 1938 4922; baseline 0.001 -19"><span class='ocrx_word' id='word_1_694' title='bbox 357 4849 447 4922; x_wconf 76' lang='grc' dir='ltr'>ρεὶ</span> <span class='ocrx_word' id='word_1_695' title='bbox 475 4849 916 4921; x_wconf 87' lang='grc' dir='ltr'>παραδείγμασιν</span> <span class='ocrx_word' id='word_1_696' title='bbox 944 4848 1309 4919; x_wconf 87' lang='grc' dir='ltr'>ἀκολουθῆσαι</span> <span class='ocrx_word' id='word_1_697' title='bbox 1340 4849 1542 4919; x_wconf 88' lang='grc' dir='ltr'>(καίτοι</span> <span class='ocrx_word' id='word_1_698' title='bbox 1569 4866 1632 4919; x_wconf 89' lang='grc' dir='ltr'><strong>γε</strong></span> <span class='ocrx_word' id='word_1_699' title='bbox 1660 4849 1822 4921; x_wconf 83' lang='grc' dir='ltr'>ἡλίκα</span> <span class='ocrx_word' id='word_1_700' title='bbox 1849 4844 1938 4904; x_wconf 76' lang='grc' dir='ltr'>οἷα</span> 
     </span>
    </p>
   </div>
   <div class='ocr_carea' id='block_1_97' title="bbox 352 4938 1941 5012">
    <p class='ocr_par' dir='ltr' id='par_1_97' title="bbox 352 4938 1941 5012">
     <span class='ocr_line' id='line_1_98' title="bbox 352 4938 1941 5012; baseline -0.001 -18"><span class='ocrx_word' id='word_1_701' title='bbox 352 4938 425 5012; x_wconf 76' lang='grc' dir='ltr'>ἦν</span> <span class='ocrx_word' id='word_1_702' title='bbox 444 4942 483 5010; x_wconf 80' lang='lat' dir='ltr'><strong>i)</strong></span> <span class='ocrx_word' id='word_1_703' title='bbox 518 4940 651 4995; x_wconf 86' lang='grc' dir='ltr'><strong>ἀλλά</strong></span> <span class='ocrx_word' id='word_1_704' title='bbox 669 4941 925 4994; x_wconf 83' lang='grc' dir='ltr'>τοσοῦτον</span> <span class='ocrx_word' id='word_1_705' title='bbox 953 4938 1258 5011; x_wconf 84' lang='grc' dir='ltr'>ἀμεινόνων</span> <span class='ocrx_word' id='word_1_706' title='bbox 1280 4940 1452 5012; x_wconf 78' lang='grc' dir='ltr'>ἐπέϐη</span> <span class='ocrx_word' id='word_1_707' title='bbox 1474 4939 1941 5011; x_wconf 84' lang='grc' dir='ltr'>κατορθωμάτων,</span> 
     </span>
    </p>
   </div>
   <div class='ocr_carea' id='block_1_98' title="bbox 353 5031 1943 5105">
    <p class='ocr_par' dir='ltr' id='par_1_98' title="bbox 353 5031 1943 5105">
     <span class='ocr_line' id='line_1_99' title="bbox 353 5031 1943 5105; baseline 0.001 -19"><span class='ocrx_word' id='word_1_708' title='bbox 353 5034 484 5086; x_wconf 84' lang='grc' dir='ltr'>ὅσον</span> <span class='ocrx_word' id='word_1_709' title='bbox 510 5032 656 5096; x_wconf 80' lang='grc' dir='ltr'>είκὸς</span> <span class='ocrx_word' id='word_1_710' title='bbox 687 5032 779 5085; x_wconf 74' lang='grc' dir='ltr'><strong>τδν</strong></span> <span class='ocrx_word' id='word_1_711' title='bbox 804 5032 885 5097; x_wconf 87' lang='grc' dir='ltr'><strong>είς</strong></span> <span class='ocrx_word' id='word_1_712' title='bbox 922 5032 1154 5105; x_wconf 73' lang='grc' dir='ltr'>οὐρανὸν</span> <span class='ocrx_word' id='word_1_713' title='bbox 1175 5032 1304 5102; x_wconf 84' lang='grc' dir='ltr'>ὅλην</span> <span class='ocrx_word' id='word_1_714' title='bbox 1335 5033 1435 5096; x_wconf 84' lang='grc' dir='ltr'>τὴν</span> <span class='ocrx_word' id='word_1_715' title='bbox 1455 5031 1601 5104; x_wconf 76' lang='grc' dir='ltr'>ζωὴν</span> <span class='ocrx_word' id='word_1_716' title='bbox 1631 5033 1943 5104; x_wconf 81' lang='grc' dir='ltr'>μεταθέμε-</span> 
     </span>
    </p>
   </div>
   <div class='ocr_carea' id='block_1_99' title="bbox 354 5123 1944 5198">
    <p class='ocr_par' dir='ltr' id='par_1_99' title="bbox 354 5123 1944 5198">
     <span class='ocr_line' id='line_1_100' title="bbox 354 5123 1944 5198; baseline -0.004 -16"><span class='ocrx_word' id='word_1_717' title='bbox 354 5144 469 5181; x_wconf 86' lang='grc' dir='ltr'>νον.</span> <span class='ocrx_word' id='word_1_718' title='bbox 515 5123 818 5196; x_wconf 83' lang='grc' dir='ltr'>Ἐπιτιμῴη</span> <span class='ocrx_word' id='word_1_719' title='bbox 849 5125 894 5179; x_wconf 86' lang='grc' dir='ltr'>δ’</span> <span class='ocrx_word' id='word_1_720' title='bbox 916 5125 1017 5179; x_wconf 88' lang='grc' dir='ltr'><strong>οὐκ</strong></span> <span class='ocrx_word' id='word_1_721' title='bbox 1078 5127 1144 5182; x_wconf 78' lang='grc' dir='ltr'>ἄν</span> <span class='ocrx_word' id='word_1_722' title='bbox 1172 5143 1258 5191; x_wconf 87' lang='grc' dir='ltr'><strong>τις</strong></span> <span class='ocrx_word' id='word_1_723' title='bbox 1280 5125 1359 5196; x_wconf 85' lang='grc' dir='ltr'>τῷ</span> <span class='ocrx_word' id='word_1_724' title='bbox 1396 5125 1542 5195; x_wconf 83' lang='grc' dir='ltr'>λόγῳ</span> <span class='ocrx_word' id='word_1_725' title='bbox 1584 5126 1816 5181; x_wconf 85' lang='grc' dir='ltr'>κατόπιν</span> <span class='ocrx_word' id='word_1_726' title='bbox 1845 5128 1944 5198; x_wconf 80' lang='grc' dir='ltr'>τῆς</span> 
     </span>
    </p>
   </div>
   <div class='ocr_carea' id='block_1_100' title="bbox 2045 4648 3630 4722">
    <p class='ocr_par' dir='ltr' id='par_1_100' title="bbox 2045 4648 3630 4722">
     <span class='ocr_line' id='line_1_101' title="bbox 2045 4648 3630 4722; baseline -0.008 -5"><span class='ocrx_word' id='word_1_727' title='bbox 2045 4655 2435 4717; x_wconf 87' lang='lat' dir='ltr'><strong>abundantiori</strong></span> <span class='ocrx_word' id='word_1_728' title='bbox 2488 4653 2681 4708; x_wconf 90' lang='lat' dir='ltr'><strong>dolore</strong></span> <span class='ocrx_word' id='word_1_729' title='bbox 2738 4651 3060 4706; x_wconf 89' lang='lat' dir='ltr'><strong>cumulatur</strong></span> <span class='ocrx_word' id='word_1_730' title='bbox 3089 4666 3201 4722; x_wconf 89' lang='lat' dir='ltr'><strong>quo</strong></span> <span class='ocrx_word' id='word_1_731' title='bbox 3232 4651 3344 4721; x_wconf 89' lang='lat' dir='ltr'><strong>jam</strong></span> <span class='ocrx_word' id='word_1_732' title='bbox 3374 4651 3432 4706; x_wconf 87' lang='lat' dir='ltr'><strong>in</strong></span> <span class='ocrx_word' id='word_1_733' title='bbox 3491 4648 3630 4705; x_wconf 86' lang='lat' dir='ltr'><strong>ﬁnes</strong></span> 
     </span>
    </p>
   </div>
   <div class='ocr_carea' id='block_1_101' title="bbox 2046 4741 3628 4817">
    <p class='ocr_par' dir='ltr' id='par_1_101' title="bbox 2046 4741 3628 4817">
     <span class='ocr_line' id='line_1_102' title="bbox 2046 4741 3628 4817; baseline -0.007 -11"><span class='ocrx_word' id='word_1_734' title='bbox 2046 4751 2155 4806; x_wconf 87' lang='lat' dir='ltr'><strong>late</strong></span> <span class='ocrx_word' id='word_1_735' title='bbox 2188 4762 2351 4804; x_wconf 90' lang='lat' dir='ltr'><strong>omne</strong></span> <span class='ocrx_word' id='word_1_736' title='bbox 2384 4743 2679 4817; x_wconf 86' lang='lat' dir='ltr'><strong>pauegyris</strong></span> <span class='ocrx_word' id='word_1_737' title='bbox 2732 4741 2898 4811; x_wconf 90' lang='lat' dir='ltr'><strong>hujus</strong></span> <span class='ocrx_word' id='word_1_738' title='bbox 2943 4741 3238 4796; x_wconf 89' lang='lat' dir='ltr'><strong>celebritas</strong></span> <span class='ocrx_word' id='word_1_739' title='bbox 3273 4749 3628 4812; x_wconf 83' lang='lat' dir='ltr'><strong>propagatur.</strong></span> 
     </span>
    </p>
   </div>
   <div class='ocr_carea' id='block_1_102' title="bbox 2048 4833 3631 4908">
    <p class='ocr_par' dir='ltr' id='par_1_102' title="bbox 2048 4833 3631 4908">
     <span class='ocr_line' id='line_1_103' title="bbox 2048 4833 3631 4908; baseline -0.006 -9"><span class='ocrx_word' id='word_1_740' title='bbox 2048 4841 2158 4899; x_wconf 86' lang='lat' dir='ltr'><strong>Sed</strong></span> <span class='ocrx_word' id='word_1_741' title='bbox 2209 4840 2357 4895; x_wconf 87' lang='lat' dir='ltr'><strong>velut</strong></span> <span class='ocrx_word' id='word_1_742' title='bbox 2421 4838 2478 4892; x_wconf 89' lang='lat' dir='ltr'><strong>in</strong></span> <span class='ocrx_word' id='word_1_743' title='bbox 2535 4835 2828 4908; x_wconf 82' lang='lat' dir='ltr'><strong>principiis</strong></span> <span class='ocrx_word' id='word_1_744' title='bbox 2880 4833 3062 4889; x_wconf 89' lang='lat' dir='ltr'><strong>adhuc</strong></span> <span class='ocrx_word' id='word_1_745' title='bbox 3124 4833 3392 4890; x_wconf 89' lang='lat' dir='ltr'><strong>insistens</strong></span> <span class='ocrx_word' id='word_1_746' title='bbox 3451 4835 3631 4890; x_wconf 86' lang='lat' dir='ltr'><strong>oratio</strong></span> 
     </span>
    </p>
   </div>
   <div class='ocr_carea' id='block_1_103' title="bbox 2048 4926 3631 5008">
    <p class='ocr_par' dir='ltr' id='par_1_103' title="bbox 2048 4926 3631 5008">
     <span class='ocr_line' id='line_1_104' title="bbox 2048 4926 3631 5008; baseline -0.004 -18"><span class='ocrx_word' id='word_1_747' title='bbox 2048 4936 2203 5008; x_wconf 88' lang='lat' dir='ltr'><strong>prius</strong></span> <span class='ocrx_word' id='word_1_748' title='bbox 2243 4938 2456 5003; x_wconf 87' lang='lat' dir='ltr'><strong>repetat</strong></span> <span class='ocrx_word' id='word_1_749' title='bbox 2487 4930 2812 4987; x_wconf 86' lang='lat' dir='ltr'><strong>memoriam</strong></span> <span class='ocrx_word' id='word_1_750' title='bbox 2866 4926 3167 4983; x_wconf 88' lang='lat' dir='ltr'><strong>illustrium</strong></span> <span class='ocrx_word' id='word_1_751' title='bbox 3216 4935 3506 4998; x_wconf 91' lang='lat' dir='ltr'><strong>parentum</strong></span> <span class='ocrx_word' id='word_1_752' title='bbox 3536 4930 3631 4998; x_wconf 89' lang='lat' dir='ltr'><strong>qui</strong></span> 
     </span>
    </p>
   </div>
   <div class='ocr_carea' id='block_1_104' title="bbox 2055 5023 3631 5097">
    <p class='ocr_par' dir='ltr' id='par_1_104' title="bbox 2055 5023 3631 5097">
     <span class='ocr_line' id='line_1_105' title="bbox 2055 5023 3631 5097; baseline -0.005 -9"><span class='ocrx_word' id='word_1_753' title='bbox 2055 5036 2201 5089; x_wconf 90' lang='lat' dir='ltr'><strong>hunc</strong></span> <span class='ocrx_word' id='word_1_754' title='bbox 2232 5031 2412 5085; x_wconf 86' lang='lat' dir='ltr'><strong>virum</strong></span> <span class='ocrx_word' id='word_1_755' title='bbox 2475 5028 2683 5084; x_wconf 89' lang='lat' dir='ltr'><strong>mundo</strong></span> <span class='ocrx_word' id='word_1_756' title='bbox 2719 5031 3066 5097; x_wconf 80' lang='lat' dir='ltr'><strong>genuerunt;</strong></span> <span class='ocrx_word' id='word_1_757' title='bbox 3125 5025 3201 5080; x_wconf 87' lang='lat' dir='ltr'><strong>ita</strong></span> <span class='ocrx_word' id='word_1_758' title='bbox 3265 5023 3487 5081; x_wconf 85' lang='lat' dir='ltr'><strong>demum</strong></span> <span class='ocrx_word' id='word_1_759' title='bbox 3546 5039 3631 5080; x_wconf 87' lang='lat' dir='ltr'><strong>se-</strong></span> 
     </span>
    </p>
   </div>
   <div class='ocr_carea' id='block_1_105' title="bbox 2051 5118 3635 5193">
    <p class='ocr_par' dir='ltr' id='par_1_105' title="bbox 2051 5118 3635 5193">
     <span class='ocr_line' id='line_1_106' title="bbox 2051 5118 3635 5193; baseline -0.004 -12"><span class='ocrx_word' id='word_1_760' title='bbox 2051 5125 2234 5181; x_wconf 89' lang='lat' dir='ltr'><strong>cunda</strong></span> <span class='ocrx_word' id='word_1_761' title='bbox 2287 5122 2547 5193; x_wconf 88' lang='lat' dir='ltr'><strong>deinceps</strong></span> <span class='ocrx_word' id='word_1_762' title='bbox 2597 5121 2687 5177; x_wconf 91' lang='lat' dir='ltr'><strong>via</strong></span> <span class='ocrx_word' id='word_1_763' title='bbox 2738 5121 2794 5175; x_wconf 91' lang='lat' dir='ltr'><strong>in</strong></span> <span class='ocrx_word' id='word_1_764' title='bbox 2857 5119 3159 5176; x_wconf 88' lang='lat' dir='ltr'><strong>anterioria</strong></span> <span class='ocrx_word' id='word_1_765' title='bbox 3215 5128 3428 5190; x_wconf 86' lang='lat' dir='ltr'><strong>pergat.</strong></span> <span class='ocrx_word' id='word_1_766' title='bbox 3477 5118 3635 5186; x_wconf 85' lang='lat' dir='ltr'><strong>Quod</strong></span> 
     </span>
    </p>
   </div>
   <div class='ocr_carea' id='block_1_106' title="bbox 1879 5219 2115 5277">
    <p class='ocr_par' dir='ltr' id='par_1_106' title="bbox 1879 5219 2115 5277">
     <span class='ocr_line' id='line_1_107' title="bbox 1879 5219 2115 5277; baseline -0.008 -2"><span class='ocrx_word' id='word_1_767' title='bbox 1879 5219 2115 5277; x_wconf 69' lang='lat' dir='ltr'><strong>NOTAE.</strong></span> 
     </span>
    </p>
   </div>
   <div class='ocr_carea' id='block_1_107' title="bbox 431 5310 1936 5383">
    <p class='ocr_par' dir='ltr' id='par_1_107' title="bbox 431 5310 1936 5383">
     <span class='ocr_line' id='line_1_108' title="bbox 431 5310 1936 5383; baseline 0.001 -15"><span class='ocrx_word' id='word_1_768' title='bbox 431 5310 511 5382; x_wconf 78' lang='lat'><strong>(5)</strong></span> <span class='ocrx_word' id='word_1_769' title='bbox 562 5311 877 5379; x_wconf 84' lang='lat' dir='ltr'><strong>Quamlibet</strong></span> <span class='ocrx_word' id='word_1_770' title='bbox 898 5310 1131 5383; x_wconf 70' lang='lat' dir='ltr'><strong>(copiam</strong></span> <span class='ocrx_word' id='word_1_771' title='bbox 1178 5311 1447 5379; x_wconf 83' lang='grc' dir='ltr'>’πλούσιος</span> <span class='ocrx_word' id='word_1_772' title='bbox 1490 5312 1697 5369; x_wconf 59' lang='lat' dir='ltr'><strong>Grecis</strong></span> <span class='ocrx_word' id='word_1_773' title='bbox 1734 5323 1936 5369; x_wconf 87' lang='lat' dir='ltr'><strong>sonat:</strong></span> 
     </span>
    </p>
   </div>
   <div class='ocr_carea' id='block_1_108' title="bbox 358 5384 1941 5455">
    <p class='ocr_par' dir='ltr' id='par_1_108' title="bbox 358 5384 1941 5455">
     <span class='ocr_line' id='line_1_109' title="bbox 358 5384 1941 5455; baseline 0 -17"><span class='ocrx_word' id='word_1_774' title='bbox 358 5384 503 5439; x_wconf 89' lang='lat' dir='ltr'><strong>adeo</strong></span> <span class='ocrx_word' id='word_1_775' title='bbox 531 5393 595 5455; x_wconf 90' lang='lat' dir='ltr'><strong>ut</strong></span> <span class='ocrx_word' id='word_1_776' title='bbox 614 5386 819 5455; x_wconf 1' lang='lat' dir='ltr'><strong>(nescio</strong></span> <span class='ocrx_word' id='word_1_777' title='bbox 846 5386 972 5454; x_wconf 89' lang='lat' dir='ltr'><strong>quis</strong></span> <span class='ocrx_word' id='word_1_778' title='bbox 1003 5385 1144 5455; x_wconf 90' lang='lat' dir='ltr'><strong>apud</strong></span> <span class='ocrx_word' id='word_1_779' title='bbox 1178 5384 1492 5454; x_wconf 86' lang='lat' dir='ltr'><strong>Euripidem</strong></span> <span class='ocrx_word' id='word_1_780' title='bbox 1518 5396 1782 5454; x_wconf 86' lang='lat' dir='ltr'><strong>queratur</strong></span> <span class='ocrx_word' id='word_1_781' title='bbox 1821 5385 1941 5438; x_wconf 85' lang='grc' dir='ltr'>δαί-</span> 
     </span>
    </p>
   </div>
   <div class='ocr_carea' id='block_1_109' title="bbox 362 5454 1943 5524">
    <p class='ocr_par' dir='ltr' id='par_1_109' title="bbox 362 5454 1943 5524">
     <span class='ocr_line' id='line_1_110' title="bbox 362 5454 1943 5524; baseline 0.002 -16"><span class='ocrx_word' id='word_1_782' title='bbox 362 5471 505 5524; x_wconf 87' lang='grc' dir='ltr'>μονα</span> <span class='ocrx_word' id='word_1_783' title='bbox 557 5454 661 5509; x_wconf 86' lang='lat' dir='ltr'><strong>sibi</strong></span> <span class='ocrx_word' id='word_1_784' title='bbox 687 5470 813 5510; x_wconf 87' lang='lat' dir='ltr'><strong>esse</strong></span> <span class='ocrx_word' id='word_1_785' title='bbox 855 5454 1114 5509; x_wconf 77' lang='grc' dir='ltr'>πλούσιον</span> <span class='ocrx_word' id='word_1_786' title='bbox 1147 5455 1364 5517; x_wconf 83' lang='grc' dir='ltr'>κακῶν,</span> <span class='ocrx_word' id='word_1_787' title='bbox 1403 5458 1472 5510; x_wconf 70' lang='lat' dir='ltr'><strong>&quot;ut</strong></span> <span class='ocrx_word' id='word_1_788' title='bbox 1505 5457 1685 5509; x_wconf 88' lang='lat' dir='ltr'><strong>minus</strong></span> <span class='ocrx_word' id='word_1_789' title='bbox 1723 5456 1943 5511; x_wconf 83' lang='lat' dir='ltr'><strong>mireris</strong></span> 
     </span>
    </p>
   </div>
   <div class='ocr_carea' id='block_1_110' title="bbox 361 5525 1688 5591">
    <p class='ocr_par' dir='ltr' id='par_1_110' title="bbox 361 5525 1688 5591">
     <span class='ocr_line' id='line_1_111' title="bbox 361 5525 1688 5591; baseline 0 -12"><span class='ocrx_word' id='word_1_790' title='bbox 361 5525 685 5580; x_wconf 88' lang='lat' dir='ltr'><strong>thesaurum</strong></span> <span class='ocrx_word' id='word_1_791' title='bbox 719 5526 814 5580; x_wconf 70' lang='lat' dir='ltr'><strong>ira:</strong></span> <span class='ocrx_word' id='word_1_792' title='bbox 838 5526 905 5580; x_wconf 91' lang='lat' dir='ltr'><strong>ad</strong></span> <span class='ocrx_word' id='word_1_793' title='bbox 937 5525 1098 5580; x_wconf 84' lang='lat' dir='ltr'><strong>Rom.</strong></span> <span class='ocrx_word' id='word_1_794' title='bbox 1133 5542 1195 5589; x_wconf 87' lang='lat' dir='ltr'><strong>tt,</strong></span> <span class='ocrx_word' id='word_1_795' title='bbox 1232 5526 1298 5591; x_wconf 85' lang='lat'><strong>5;</strong></span> <span class='ocrx_word' id='word_1_796' title='bbox 1326 5525 1516 5580; x_wconf 78' lang='lat' dir='ltr'><strong>Jacobi</strong></span> <span class='ocrx_word' id='word_1_797' title='bbox 1552 5543 1605 5589; x_wconf 79' lang='grc' dir='ltr'><strong>ν,</strong></span> <span class='ocrx_word' id='word_1_798' title='bbox 1634 5528 1688 5579; x_wconf 80' lang='lat'><strong>3.</strong></span> 
     </span>
    </p>
   </div>
   <div class='ocr_carea' id='block_1_111' title="bbox 435 5594 1941 5666">
    <p class='ocr_par' dir='ltr' id='par_1_111' title="bbox 435 5594 1941 5666">
     <span class='ocr_line' id='line_1_112' title="bbox 435 5594 1941 5666; baseline 0 -17"><span class='ocrx_word' id='word_1_799' title='bbox 435 5594 515 5666; x_wconf 74' lang='grc' dir='ltr'><strong>(ό)</strong></span> <span class='ocrx_word' id='word_1_800' title='bbox 541 5595 613 5666; x_wconf 85' lang='lat' dir='ltr'><strong>De</strong></span> <span class='ocrx_word' id='word_1_801' title='bbox 634 5595 919 5651; x_wconf 85' lang='lat' dir='ltr'><strong>miraculis</strong></span> <span class='ocrx_word' id='word_1_802' title='bbox 951 5612 981 5650; x_wconf 92' lang='lat' dir='ltr'><strong>a</strong></span> <span class='ocrx_word' id='word_1_803' title='bbox 1012 5603 1206 5652; x_wconf 87' lang='lat' dir='ltr'><strong>sancto</strong></span> <span class='ocrx_word' id='word_1_804' title='bbox 1228 5594 1455 5652; x_wconf 82' lang='lat' dir='ltr'><strong>Nicolao</strong></span> <span class='ocrx_word' id='word_1_805' title='bbox 1486 5596 1539 5649; x_wconf 92' lang='lat' dir='ltr'><strong>in</strong></span> <span class='ocrx_word' id='word_1_806' title='bbox 1572 5599 1804 5651; x_wconf 89' lang='lat' dir='ltr'><strong>salutem</strong></span> <span class='ocrx_word' id='word_1_807' title='bbox 1844 5613 1941 5650; x_wconf 90' lang='lat' dir='ltr'><strong>na-</strong></span> 
     </span>
    </p>
   </div>
   <div class='ocr_carea' id='block_1_112' title="bbox 356 5665 1943 5737">
    <p class='ocr_par' dir='ltr' id='par_1_112' title="bbox 356 5665 1943 5737">
     <span class='ocr_line' id='line_1_113' title="bbox 356 5665 1943 5737; baseline 0.002 -16"><span class='ocrx_word' id='word_1_808' title='bbox 356 5665 667 5737; x_wconf 80' lang='lat' dir='ltr'><strong>vigantium</strong></span> <span class='ocrx_word' id='word_1_809' title='bbox 710 5669 953 5722; x_wconf 80' lang='lat' dir='ltr'><strong>maximo</strong></span> <span class='ocrx_word' id='word_1_810' title='bbox 1002 5680 1232 5721; x_wconf 87' lang='lat' dir='ltr'><strong>numero</strong></span> <span class='ocrx_word' id='word_1_811' title='bbox 1259 5667 1424 5722; x_wconf 82' lang='lat' dir='ltr'><strong>factis</strong></span> <span class='ocrx_word' id='word_1_812' title='bbox 1457 5668 1795 5723; x_wconf 89' lang='lat' dir='ltr'><strong>consulenda</strong></span> <span class='ocrx_word' id='word_1_813' title='bbox 1824 5668 1943 5737; x_wconf 87' lang='lat' dir='ltr'><strong>ejus</strong></span> 
     </span>
    </p>
   </div>
   <div class='ocr_carea' id='block_1_113' title="bbox 357 5735 1690 5808">
    <p class='ocr_par' dir='ltr' id='par_1_113' title="bbox 357 5735 1690 5808">
     <span class='ocr_line' id='line_1_114' title="bbox 357 5735 1690 5808; baseline -0.003 -12"><span class='ocrx_word' id='word_1_814' title='bbox 357 5735 506 5808; x_wconf 76' lang='lat' dir='ltr'><strong>Acta</strong></span> <span class='ocrx_word' id='word_1_815' title='bbox 534 5744 593 5808; x_wconf 74' lang='lat' dir='ltr'><strong>et</strong></span> <span class='ocrx_word' id='word_1_816' title='bbox 616 5735 859 5808; x_wconf 69' lang='lat' dir='ltr'><strong>historiae</strong></span> <span class='ocrx_word' id='word_1_817' title='bbox 880 5745 1090 5793; x_wconf 85' lang='lat' dir='ltr'><strong>veteres</strong></span> <span class='ocrx_word' id='word_1_818' title='bbox 1122 5737 1277 5806; x_wconf 79' lang='lat' dir='ltr'><strong>juxta</strong></span> <span class='ocrx_word' id='word_1_819' title='bbox 1312 5748 1690 5808; x_wconf 75' lang='lat' dir='ltr'><strong>recentesque.</strong></span> 
     </span>
    </p>
   </div>
   <div class='ocr_carea' id='block_1_114' title="bbox 438 5804 1941 5878">
    <p class='ocr_par' dir='ltr' id='par_1_114' title="bbox 438 5804 1941 5878">
     <span class='ocr_line' id='line_1_115' title="bbox 438 5804 1941 5878; baseline 0.001 -15"><span class='ocrx_word' id='word_1_820' title='bbox 438 5807 517 5877; x_wconf 79' lang='lat'><strong>(5)</strong></span> <span class='ocrx_word' id='word_1_821' title='bbox 548 5804 861 5878; x_wconf 79' lang='lat' dir='ltr'><strong>Videndum</strong></span> <span class='ocrx_word' id='word_1_822' title='bbox 908 5824 979 5864; x_wconf 80' lang='lat' dir='ltr'><strong>an</strong></span> <span class='ocrx_word' id='word_1_823' title='bbox 1020 5804 1135 5862; x_wconf 85' lang='lat' dir='ltr'><strong>non</strong></span> <span class='ocrx_word' id='word_1_824' title='bbox 1174 5808 1339 5862; x_wconf 78' lang='lat' dir='ltr'><strong>fuerit</strong></span> <span class='ocrx_word' id='word_1_825' title='bbox 1382 5804 1724 5864; x_wconf 77' lang='lat' dir='ltr'><strong>consuetudo</strong></span> <span class='ocrx_word' id='word_1_826' title='bbox 1758 5808 1941 5878; x_wconf 85' lang='lat' dir='ltr'><strong>aliqua</strong></span> 
     </span>
    </p>
   </div>
   <div class='ocr_carea' id='block_1_115' title="bbox 365 5877 1938 5949">
    <p class='ocr_par' dir='ltr' id='par_1_115' title="bbox 365 5877 1938 5949">
     <span class='ocr_line' id='line_1_116' title="bbox 365 5877 1938 5949; baseline -0.001 -11"><span class='ocrx_word' id='word_1_827' title='bbox 365 5877 711 5939; x_wconf 82' lang='lat' dir='ltr'><strong>convocandi</strong></span> <span class='ocrx_word' id='word_1_828' title='bbox 736 5879 803 5935; x_wconf 87' lang='lat' dir='ltr'><strong>ad</strong></span> <span class='ocrx_word' id='word_1_829' title='bbox 838 5880 1009 5937; x_wconf 88' lang='lat' dir='ltr'><strong>solem</strong></span> <span class='ocrx_word' id='word_1_830' title='bbox 1058 5888 1178 5949; x_wconf 83' lang='lat' dir='ltr'><strong>post</strong></span> <span class='ocrx_word' id='word_1_831' title='bbox 1224 5879 1496 5936; x_wconf 85' lang='lat' dir='ltr'><strong>brumam.</strong></span> <span class='ocrx_word' id='word_1_832' title='bbox 1524 5878 1718 5946; x_wconf 80' lang='lat' dir='ltr'><strong>Qualia</strong></span> <span class='ocrx_word' id='word_1_833' title='bbox 1766 5877 1938 5937; x_wconf 73' lang='lat' dir='ltr'><strong>multa</strong></span> 
     </span>
    </p>
   </div>
   <div class='ocr_carea' id='block_1_116' title="bbox 2044 5305 3630 5376">
    <p class='ocr_par' dir='ltr' id='par_1_116' title="bbox 2044 5305 3630 5376">
     <span class='ocr_line' id='line_1_117' title="bbox 2044 5305 3630 5376; baseline -0.008 -5"><span class='ocrx_word' id='word_1_834' title='bbox 2044 5311 2375 5371; x_wconf 82' lang='lat' dir='ltr'><strong>Plutarchus</strong></span> <span class='ocrx_word' id='word_1_835' title='bbox 2415 5310 2468 5363; x_wconf 91' lang='lat' dir='ltr'><strong>in</strong></span> <span class='ocrx_word' id='word_1_836' title='bbox 2507 5306 2921 5376; x_wconf 63' lang='lat' dir='ltr'><strong>Qumstionibus</strong></span> <span class='ocrx_word' id='word_1_837' title='bbox 2964 5305 3232 5364; x_wconf 81' lang='lat' dir='ltr'><strong>Romanis</strong></span> <span class='ocrx_word' id='word_1_838' title='bbox 3266 5314 3322 5362; x_wconf 89' lang='lat' dir='ltr'><strong>et</strong></span> <span class='ocrx_word' id='word_1_839' title='bbox 3368 5306 3461 5362; x_wconf 87' lang='lat' dir='ltr'><strong>alii</strong></span> <span class='ocrx_word' id='word_1_840' title='bbox 3497 5321 3630 5361; x_wconf 84' lang='lat' dir='ltr'><strong>nar-</strong></span> 
     </span>
    </p>
   </div>
   <div class='ocr_carea' id='block_1_117' title="bbox 2048 5377 3633 5449">
    <p class='ocr_par' dir='ltr' id='par_1_117' title="bbox 2048 5377 3633 5449">
     <span class='ocr_line' id='line_1_118' title="bbox 2048 5377 3633 5449; baseline -0.004 -11"><span class='ocrx_word' id='word_1_841' title='bbox 2048 5395 2190 5440; x_wconf 89' lang='lat' dir='ltr'><strong>rant.</strong></span> <span class='ocrx_word' id='word_1_842' title='bbox 2224 5383 2386 5436; x_wconf 90' lang='lat' dir='ltr'><strong>&#39;I‘ales</strong></span> <span class='ocrx_word' id='word_1_843' title='bbox 2417 5380 2495 5434; x_wconf 91' lang='lat' dir='ltr'><strong>illi</strong></span> <span class='ocrx_word' id='word_1_844' title='bbox 2527 5380 2888 5449; x_wconf 69' lang='grc' dir='ltr'>εὐφημισμοὶ,</span> <span class='ocrx_word' id='word_1_845' title='bbox 2934 5377 3055 5446; x_wconf 79' lang='grc' dir='ltr'><strong>φῶς</strong></span> <span class='ocrx_word' id='word_1_846' title='bbox 3105 5377 3337 5445; x_wconf 84' lang='grc' dir='ltr'>ἀγαθόν,</span> <span class='ocrx_word' id='word_1_847' title='bbox 3371 5392 3497 5434; x_wconf 89' lang='lat' dir='ltr'><strong>cum</strong></span> <span class='ocrx_word' id='word_1_848' title='bbox 3542 5377 3633 5432; x_wconf 71' lang='lat' dir='ltr'><strong>lux</strong></span> 
     </span>
    </p>
   </div>
   <div class='ocr_carea' id='block_1_118' title="bbox 2044 5452 2837 5521">
    <p class='ocr_par' dir='ltr' id='par_1_118' title="bbox 2044 5452 2837 5521">
     <span class='ocr_line' id='line_1_119' title="bbox 2044 5452 2837 5521; baseline -0.008 -10"><span class='ocrx_word' id='word_1_849' title='bbox 2044 5454 2452 5510; x_wconf 87' lang='lat' dir='ltr'><strong>accendebatur</strong></span> <span class='ocrx_word' id='word_1_850' title='bbox 2481 5452 2657 5521; x_wconf 88' lang='lat' dir='ltr'><strong>prima</strong></span> <span class='ocrx_word' id='word_1_851' title='bbox 2698 5452 2837 5505; x_wconf 89' lang='lat' dir='ltr'><strong>l&#39;ace.</strong></span> 
     </span>
    </p>
   </div>
   <div class='ocr_carea' id='block_1_119' title="bbox 2119 5517 3635 5593">
    <p class='ocr_par' dir='ltr' id='par_1_119' title="bbox 2119 5517 3635 5593">
     <span class='ocr_line' id='line_1_120' title="bbox 2119 5517 3635 5593; baseline -0.005 -14"><span class='ocrx_word' id='word_1_852' title='bbox 2119 5525 2196 5593; x_wconf 87' lang='lat'><strong>(6)</strong></span> <span class='ocrx_word' id='word_1_853' title='bbox 2231 5517 2615 5593; x_wconf 76' lang='lat' dir='ltr'><strong>Ecclesiastica</strong></span> <span class='ocrx_word' id='word_1_854' title='bbox 2645 5518 3050 5574; x_wconf 86' lang='lat' dir='ltr'><strong>consuetudine</strong></span> <span class='ocrx_word' id='word_1_855' title='bbox 3080 5517 3347 5572; x_wconf 82' lang='lat' dir='ltr'><strong>memoria</strong></span> <span class='ocrx_word' id='word_1_856' title='bbox 3369 5518 3635 5593; x_wconf 73' lang='lat' dir='ltr'><strong>martyris</strong></span> 
     </span>
    </p>
   </div>
   <div class='ocr_carea' id='block_1_120' title="bbox 2048 5587 3634 5665">
    <p class='ocr_par' dir='ltr' id='par_1_120' title="bbox 2048 5587 3634 5665">
     <span class='ocr_line' id='line_1_121' title="bbox 2048 5587 3634 5665; baseline -0.005 -16"><span class='ocrx_word' id='word_1_857' title='bbox 2048 5587 2339 5665; x_wconf 12' lang='lat' dir='ltr'><strong>templum,</strong></span> <span class='ocrx_word' id='word_1_858' title='bbox 2362 5591 2620 5665; x_wconf 82' lang='lat' dir='ltr'><strong>martyris</strong></span> <span class='ocrx_word' id='word_1_859' title='bbox 2649 5599 2734 5665; x_wconf 77' lang='lat' dir='ltr'><strong>est</strong></span> <span class='ocrx_word' id='word_1_860' title='bbox 2780 5596 2876 5643; x_wconf 90' lang='lat' dir='ltr'><strong>aut</strong></span> <span class='ocrx_word' id='word_1_861' title='bbox 2913 5597 3355 5665; x_wconf 72' lang='lat' dir='ltr'><strong>monumentum.</strong></span> <span class='ocrx_word' id='word_1_862' title='bbox 3388 5587 3502 5665; x_wconf 82' lang='lat' dir='ltr'><strong>Nec</strong></span> <span class='ocrx_word' id='word_1_863' title='bbox 3530 5588 3634 5665; x_wconf 77' lang='lat' dir='ltr'><strong>du-</strong></span> 
     </span>
    </p>
   </div>
   <div class='ocr_carea' id='block_1_121' title="bbox 2052 5657 3636 5732">
    <p class='ocr_par' dir='ltr' id='par_1_121' title="bbox 2052 5657 3636 5732">
     <span class='ocr_line' id='line_1_122' title="bbox 2052 5657 3636 5732; baseline -0.005 -11"><span class='ocrx_word' id='word_1_864' title='bbox 2052 5657 2204 5721; x_wconf 83' lang='lat' dir='ltr'><strong>bium</strong></span> <span class='ocrx_word' id='word_1_865' title='bbox 2250 5664 2383 5732; x_wconf 89' lang='lat' dir='ltr'><strong>quin</strong></span> <span class='ocrx_word' id='word_1_866' title='bbox 2427 5657 2521 5717; x_wconf 61' lang='lat' dir='ltr'><strong>ad&#39;</strong></span> <span class='ocrx_word' id='word_1_867' title='bbox 2547 5660 2896 5716; x_wconf 81' lang='lat' dir='ltr'><strong>confessores</strong></span> <span class='ocrx_word' id='word_1_868' title='bbox 2926 5658 3155 5732; x_wconf 79' lang='lat' dir='ltr'><strong>extendi</strong></span> <span class='ocrx_word' id='word_1_869' title='bbox 3198 5659 3394 5732; x_wconf 89' lang='lat' dir='ltr'><strong>possit.</strong></span> <span class='ocrx_word' id='word_1_870' title='bbox 3430 5659 3515 5712; x_wconf 78' lang='lat' dir='ltr'><strong>An</strong></span> <span class='ocrx_word' id='word_1_871' title='bbox 3547 5657 3636 5713; x_wconf 86' lang='lat' dir='ltr'><strong>hic</strong></span> 
     </span>
    </p>
   </div>
   <div class='ocr_carea' id='block_1_122' title="bbox 2054 5730 3635 5805">
    <p class='ocr_par' dir='ltr' id='par_1_122' title="bbox 2054 5730 3635 5805">
     <span class='ocr_line' id='line_1_123' title="bbox 2054 5730 3635 5805; baseline -0.006 -14"><span class='ocrx_word' id='word_1_872' title='bbox 2054 5739 2160 5794; x_wconf 87' lang='lat' dir='ltr'><strong>ista</strong></span> <span class='ocrx_word' id='word_1_873' title='bbox 2185 5730 2334 5790; x_wconf 82' lang='lat' dir='ltr'><strong>notio</strong></span> <span class='ocrx_word' id='word_1_874' title='bbox 2367 5735 2521 5791; x_wconf 83' lang='lat' dir='ltr'><strong>vocis</strong></span> <span class='ocrx_word' id='word_1_875' title='bbox 2562 5732 2727 5805; x_wconf 86' lang='lat' dir='ltr'><strong>hujus</strong></span> <span class='ocrx_word' id='word_1_876' title='bbox 2777 5732 2871 5792; x_wconf 83' lang='lat' dir='ltr'><strong>sit.</strong></span> <span class='ocrx_word' id='word_1_877' title='bbox 2920 5731 3189 5802; x_wconf 87' lang='lat' dir='ltr'><strong>judiciutn</strong></span> <span class='ocrx_word' id='word_1_878' title='bbox 3239 5730 3512 5801; x_wconf 81' lang='lat' dir='ltr'><strong>integrum</strong></span> <span class='ocrx_word' id='word_1_879' title='bbox 3546 5742 3635 5783; x_wconf 83' lang='lat' dir='ltr'><strong>re-</strong></span> 
     </span>
    </p>
   </div>
   <div class='ocr_carea' id='block_1_123' title="bbox 2053 5805 2483 5879">
    <p class='ocr_par' dir='ltr' id='par_1_123' title="bbox 2053 5805 2483 5879">
     <span class='ocr_line' id='line_1_124' title="bbox 2053 5805 2483 5879; baseline -0.009 -16"><span class='ocrx_word' id='word_1_880' title='bbox 2053 5810 2239 5879; x_wconf 88' lang='lat' dir='ltr'><strong>linquo</strong></span> <span class='ocrx_word' id='word_1_881' title='bbox 2272 5805 2483 5863; x_wconf 84' lang='lat' dir='ltr'><strong>lectori.</strong></span> 
     </span>
    </p>
   </div>
  </div>
