4072 6478
417 389 524 451 207

1596 382 1788 442 LEON
1797 382 1865 441 IS
1904 379 2353 443 PHILOSOPHI

3558 370 3667 434 208

418 501 598 569 ipsum
631 516 698 555 ne
731 515 794 555 ea
826 508 1003 554 tamen
1030 498 1295 567 religione
1322 505 1479 552 curet
1507 500 1665 568 quasi
1695 498 1980 553 eneomio-

2098 498 2177 550 τοῦ
2212 496 2402 560 παιδὸς
2426 495 2581 560 ἀξίας
2615 494 2816 548 τιθέντι
2844 493 2971 556 τοὺς
3012 489 3227 562 γονέας.
3253 486 3667 559 Κεχαρισμένον

417 608 541 646 rum
573 592 741 661 legem
772 605 893 644 eam
929 589 1109 660 magni
1150 589 1378 651 faciens,
1438 605 1558 660 quae
1616 590 1669 644 id
1722 590 1890 659 agens
1924 600 1983 644 ιιι

417 681 648 752 augendi
681 689 827 733 recte
862 677 1005 732 facta
1056 678 1439 735 laudatoribus
1466 680 1812 733 occasionem
1846 695 1985 748 pra:-

418 771 543 827 bcat
595 768 721 823 inde
779 781 872 822 eos
933 768 1205 836 auspicari
1241 768 1415 836 jubet.
1471 766 1541 822 Ut
1571 770 1716 823 enim
1752 770 1989 822 maxime

420 863 702 918 mirabiles
741 869 995 928 parentes
1062 860 1223 928 hujus
1278 861 1504 919 fuerint.
1556 876 1744 914 eorum
1804 868 1987 912 tamen

419 961 861 1023 quantaecunque
890 952 1309 1021 participatione
1344 951 1531 1020 gloria:
1563 951 1654 1003 ﬁlii
1701 967 1809 1006 non
1843 951 1985 1005 iudi-

416 1052 505 1118 get
576 1041 842 1096 memoria
904 1057 1015 1096 non
1074 1042 1252 1111 magis
1314 1057 1477 1111 quam
1552 1042 1772 1095 nativus
1825 1042 1991 1096 decor

2089 590 2198 657 γάρ
2226 589 2287 654 δή
2323 605 2424 639 που
2456 589 2550 640 καὶ⁹
2579 588 2763 650 αὐτοῖς
2812 585 2969 638 τοῦτο
3014 584 3229 646 πάντως
3273 582 3367 634 καὶ
3415 580 3669 633 τοσοῦτον

2089 680 2318 741 ἐκείνοις
2341 680 2503 747 φέρον
2536 678 2804 747 ἐπιθήκην
2850 679 2929 738 είς
2987 675 3213 744 κόσμον,
3256 673 3383 726 ὅσον
3417 671 3670 739 ἀφαιρεῖν

2090 771 2233 834 ἔδοξε
2265 772 2361 837 τῆς
2394 769 2665 838 ἰσοτιμίας
2694 770 2785 821 τοῦ
2825 770 2884 834 ἐξ
2938 767 3118 821 αὐτῶν
3151 765 3478 835 πεφυκότος.
3506 763 3673 816 Ὥστε

2092 860 2325 913 ἐνταῦθα
2358 860 2557 929 μᾶλλον
2586 859 2787 930 ζημίαν
2816 860 2848 930 ἢ
2888 859 3078 929 κέρδος
3102 854 3408 926 προξενεῖή
3438 853 3672 924 ἀφαίρε-

2092 969 2197 1015 σις,
2233 950 2422 1022 ὥσπερ
2469 951 2755 1020 ποταμίων
2816 950 3099 1021 ῥευμάτων
3130 950 3188 1001 ἐν
3214 944 3400 1013 κύκλῳ
3439 942 3674 1010 ῥεόντων

2099 1046 2196 1099 καὶ
2226 1045 2680 1116 περιχωροῦντων
2737 1047 2816 1108 είς
2866 1045 3091 1113 ἄλληλα,
3136 1044 3197 1096 τὸ
3237 1043 3368 1114 παρ’
3404 1041 3673 1109 ἐκατέρου

418 1134 601 1188 alieno
631 1133 759 1188 fuco
799 1148 862 1188 ac
895 1134 1241 1189 emendicato
1296 1132 1432 1189 flore
1487 1134 1677 1203 gratiae
1708 1132 1996 1188 medicata:

2098 1134 2504 1206 ἀφαιρούμενον
2569 1135 2730 1188 πάλιν
2787 1135 3074 1205 προσθήκη
3134 1133 3348 1201 γίνεται
3390 1129 3469 1201 τῷ
3507 1127 3677 1183 δεδω-

416 1225 652 1280 artificio
674 1227 1023 1295 mangonico.
1042 1225 1228 1295 Neque
1246 1239 1376 1278 vero
1400 1224 1560 1295 pleno
1580 1225 1696 1280 sole
1713 1225 2002 1279 collustra-
2106 1229 2247 1282 κότι.

415 1327 471 1371 ta
508 1318 625 1373 dies
656 1318 970 1374 serenitatis
1000 1317 1589 1393 accessionemquaerit
1646 1326 1707 1370 ut
1764 1318 1936 1388 magis
2007 1332 2164 1374 rosea
2199 1319 2369 1374 niteat
2423 1317 2582 1374 facie.
2624 1317 2826 1374 Verum
2865 1318 2971 1372 hoc
3017 1326 3242 1371 eatenus
3329 1320 3663 1369 memoretur

415 1410 593 1463 solum
645 1419 706 1465 ut
767 1411 1193 1475 demonstretur,
1243 1419 1488 1465 nostrum
1523 1410 1691 1473 hunc,
1734 1408 1828 1479 qui
1880 1417 2140 1481 tanquam
2198 1411 2596 1468 haereditariam
2654 1425 2685 1465 a
2751 1409 3069 1480 parentibus
3136 1408 3392 1462 virtutem
3429 1402 3682 1473 accepis-

417 1511 522 1565 set,
561 1515 905 1570 nequaquam
943 1516 1007 1555 eo
1067 1502 1216 1556 velut
1256 1501 1582 1574 patrimonio
1628 1512 1967 1569 contentum,
2042 1505 2098 1559 in
2162 1507 2517 1576 expressione
2573 1502 2999 1559 domesticorum
3070 1501 3439 1570 exemplorum
3497 1495 3678 1551 laudis

420 1591 875 1662 acquiescendum
915 1593 1018 1648 sibi
1063 1595 1319 1650 statuisse
1363 1597 1697 1667 (quanquam
1742 1604 1947 1667 quanta
1984 1598 2075 1653 illa
2109 1600 2404 1670 qualiaque
2466 1597 2698 1669 erantl),
2734 1612 2921 1652 verum
2989 1594 3055 1650 ad
3086 1603 3237 1650 tanto
3295 1590 3679 1664 praestantiora

419 1686 665 1741 facinora
693 1687 1038 1757 suscipienda
1064 1703 1388 1758 generosum
1468 1688 1632 1743 animi
1698 1689 2038 1760 propositum
2075 1693 2356 1755 excitavit,
2424 1692 2603 1763 qualia
2654 1691 2911 1746 nimirum
2964 1696 3389 1744 consentaneum
3413 1691 3530 1741 erat
3554 1696 3677 1737 mo-

422 1781 509 1832 liri
542 1795 664 1841 eum
701 1779 795 1849 qui
848 1794 907 1834 se
943 1781 1219 1835 caelestem
1250 1796 1480 1850 prorsus
1514 1784 1581 1838 ad
1618 1783 1745 1839 vitae
1790 1794 1998 1841 sectam
2039 1802 2102 1841 ac
2160 1787 2424 1840 rationem
2474 1783 2866 1840 transtulisset.
2930 1780 3101 1837 Nemo
3171 1794 3334 1851 porro
3380 1775 3679 1847 reprehen-

420 1871 650 1929 dendam
692 1871 993 1925 orationem
1024 1886 1198 1926 meam
1237 1882 1386 1941 putet
1406 1874 1551 1943 qttod
1586 1889 1649 1930 ea
1703 1876 2005 1930 secundum
2047 1892 2077 1930 a
2110 1876 2220 1930 ﬁlio
2271 1875 2551 1947 dignitatis
2609 1875 2787 1929 locum
2840 1874 3155 1944 parentibus
3220 1871 3502 1926 attribuat.
3566 1866 3679 1922 Vo-

424 1965 662 2021 lcntibus
710 1980 843 2020 sane
892 1966 1024 2034 ipsis
1082 1981 1147 2020 ac
1196 1967 1508 2025 lubentibus
1569 1969 1835 2025 acciderit
1881 1969 1985 2025 hoc
2021 1970 2238 2039 quidem
2307 1988 2322 2024 :
2364 1970 2567 2040 quippe
2610 1969 2740 2023 hinc
2793 1977 2943 2023 tanto
2984 1967 3236 2023 uberiore
3270 1966 3329 2021 in
3359 1981 3455 2021 eos
3488 1972 3502 2015 ι
3537 1979 3682 2021 vera:

421 2058 606 2124 gloriae
634 2060 953 2115 accessione
988 2060 1355 2114 redundatura
1387 2072 1653 2132 quantum
1706 2064 1825 2135 ipsa
1891 2066 2230 2133 comparatio
2288 2062 2569 2134 dignitatis
2648 2061 2920 2117 ademisse
2971 2059 3290 2130 postpositis
3370 2057 3675 2112 videbatur.

420 2149 555 2203 Nam
594 2150 681 2204 hic
721 2151 937 2220 quidem
971 2152 1114 2220 quod
1158 2152 1402 2207 aufertur
1436 2169 1545 2209 non
1612 2156 1813 2211 damno
1846 2156 2016 2228 magis
2052 2156 2421 2227 deputandum
2470 2170 2632 2225 quam
2694 2154 2848 2208 lucro
2900 2160 3003 2217 est,
3038 2161 3095 2206 ut
3132 2151 3312 2206 fluviis
3341 2151 3393 2205 in
3459 2166 3520 2206 se
3582 2164 3681 2220 per

420 2242 606 2296 orbem
634 2242 1005 2309 refluentibus,
1063 2258 1292 2316 seseque
1337 2247 1735 2318 excipientibus
1773 2257 1964 2305 mutuo
2036 2265 2131 2320 per
2193 2250 2360 2316 vices,
2408 2249 2553 2320 quod
2627 2247 2888 2303 adimitur
2939 2246 3203 2302 continuo
3260 2242 3569 2300 refunditur
3626 2246 3678 2300 ei

422 2335 515 2404 qui
542 2335 788 2389 dederat.

494 2424 637 2492 Ergo
693 2424 786 2493 qui
842 2426 973 2480 huic
1026 2434 1215 2483 nostro
1249 2427 1401 2485 fuere
1424 2439 1681 2499 parentes
1715 2433 1767 2487 in
1802 2433 1995 2501 primis
2032 2438 2071 2493 Β

422 2513 688 2578 illustres,
724 2521 837 2568 tum
872 2515 938 2577 iis
973 2519 1315 2575 ornamentis
1358 2537 1480 2590 qua:
1510 2522 1707 2579 decent
1738 2540 1992 2594 corpora,

424 2620 661 2674 cumque
692 2596 1019 2676 corporibus
1048 2621 1473 2680 consumuntur,
1510 2622 1625 2669 tum
1662 2617 1729 2670 iis
1779 2633 1998 2689 quoque

423 2710 546 2763 qua:
602 2698 952 2768 sempiterna:
1023 2703 1147 2757 vitae
1209 2704 1500 2762 duratione
1536 2710 1766 2778 arqualia
1812 2721 1941 2765 sunt
1979 2731 2031 2767 ι.

424 2803 537 2871 quo
599 2792 891 2858 posteriori
948 2809 1151 2863 genere
1202 2797 1547 2865 potissimum
1580 2801 1815 2857 nitentes
1845 2804 2037 2872 prius“

420 2878 557 2933 illud
595 2884 1043 2941 contemnebant.
1080 2887 1261 2953 Quare
1291 2892 1481 2959 procul
1528 2908 1560 2947 a
1613 2894 1869 2951 civilibus
1901 2912 1997 2949 cu-

421 2969 502 3023 ris
536 2976 795 3044 tanquam
830 2986 860 3025 a
886 2974 1193 3042 procelloso
1249 2980 1385 3032 mari
1439 2980 1715 3050 subducti,
1752 2984 1807 3037 in
1837 2993 1999 3054 portu

421 3060 571 3116 beati
613 3065 1045 3140 otii_tranquillae
1072 3069 1196 3123 vitae
1226 3085 1447 3125 cursum
1481 3076 1832 3143 peragebant.
1870 3076 1999 3132 νυι-

420 3153 494 3205 tis
524 3152 613 3206 hic
652 3167 990 3224 apponamus
1021 3157 1203 3228 aliqua
1248 3161 1472 3217 virtutis
1500 3179 1690 3219 eorum
1721 3174 1871 3221 ccrta
1897 3167 1997 3223 do-
2046 3230 2050 3235 ,

423 3246 719 3305 cumenta?
745 3246 889 3312 Quid
923 3264 1052 3303 vero
1081 3266 1167 3305 me
1201 3268 1339 3322 opus
1372 3262 1458 3309 est
1508 3256 1577 3309 iis
1617 3272 1816 3313 vexare
1846 3260 2001 3314 colli-

420 3337 634 3417 gendis,
681 3352 807 3397 cum
849 3339 1089 3399 istorum
1123 3356 1303 3399 mores
1335 3345 1392 3399 in
1424 3345 1589 3401 rebus
1637 3363 1856 3418 quoque
1891 3365 1998 3404 cae-

420 3430 554 3488 teris
585 3431 776 3500 quales
812 3430 1015 3487 fuerint
1066 3450 1133 3489 ex
1174 3435 1321 3491 ultro
1360 3436 1575 3493 delecto
1609 3439 1734 3495 vita:
1801 3457 2000 3511 genere

421 3520 584 3578 facile
633 3524 703 3578 sit
746 3525 1071 3597 intelligere.
1106 3525 1318 3582 Etenim
1353 3543 1477 3583 cum
1511 3532 1832 3599 spectabiles
1866 3533 1999 3588 emi-

420 3629 553 3669 nere
581 3616 797 3685 possint
833 3633 901 3673 ex
938 3616 1221 3675 functione
1267 3620 1452 3691 aliqua
1489 3620 1688 3678 illustri
1719 3625 1997 3695 principa-

421 3704 492 3759 lis
521 3707 946 3775 procurationis,
976 3712 1054 3765 rei
1083 3710 1259 3781 digna:
1288 3713 1448 3783 vulgo
1478 3713 1699 3769 creditae
1734 3731 1834 3785 pro
1886 3733 1993 3787 qua

418 3796 632 3851 laboris
663 3799 798 3870 nihil
832 3802 1208 3858 contentionis
1241 3815 1547 3871 recusetur,
1605 3806 1659 3860 id
1703 3808 1781 3861 illi
1815 3816 1995 3863 tamen
2025 3789 2067 3843 (ἶ

419 3889 784 3956 praesentibus
833 3893 1101 3957 contenti,
1154 3894 1453 3950 ambitione
1508 3896 1734 3967 insuper
1787 3898 1994 3961 habita,

418 3994 650 4050 prorsus
703 3992 762 4037 ut
816 3997 931 4037 rem
994 3984 1151 4038 nihili
1205 3987 1583 4058 neglexerunt.
1625 3989 1815 4060 Neque
1866 4007 1997 4048 vero

418 4072 534 4127 suis
587 4074 761 4144 copiis
822 4077 890 4131 ad
963 4080 1300 4150 voluptatem
1361 4082 1769 4151 abutebantur;
1821 4101 1997 4156 neque

419 4165 632 4221 deliciis
697 4183 930 4245 quarum
999 4173 1125 4228 inde
1193 4172 1485 4229 affluebant
1532 4164 1998 4245 opportunitates,

419 4259 864 4314 resolvebantur.
956 4263 1063 4322 Sed
1140 4266 1401 4335 praeclare
1472 4268 1726 4336 persuasi
1818 4268 1997 4325 solum

419 4347 562 4401 hunc
591 4366 713 4405 esse
789 4352 1025 4408 habendi
1094 4354 1330 4411 fructum
1392 4358 1439 4418 si
1487 4359 1612 4430 quis
1659 4361 1733 4415 ita
1764 4376 1877 4417 rem
1913 4362 1998 4419 vi-

419 4437 596 4492 vendo
658 4439 1003 4511 dispensaret
1049 4454 1109 4500 ut
1153 4461 1217 4500 ea
1269 4448 1468 4504 deinde
1526 4452 1863 4511 conscientia
1909 4468 1999 4508 so-

420 4529 552 4584 latio
613 4545 737 4586 esse
766 4535 1018 4591 morienti
1070 4546 1273 4606 posset,
1332 4541 1696 4610 seminabant,
1746 4551 1805 4597 ut
1858 4543 1998 4598 dici-

418 4630 525 4684 tur,
561 4631 790 4693 utraque
826 4641 989 4681 manu
1041 4644 1139 4698 per
1196 4631 1353 4688 sinus
1400 4648 1704 4704 pauperum
1751 4634 1996 4700 divitias,

418 4713 563 4783 quod
598 4714 667 4768 ob
699 4717 951 4771 meritum
987 4731 1183 4786 praeter
1214 4733 1469 4779 cteteram
1505 4726 1812 4781 claritatem
1850 4727 1996 4781 illam

419 4807 582 4860 etiam
644 4822 675 4862 a
739 4824 1130 4871 remunerante
1188 4814 1301 4871 Deo
1357 4818 1535 4874 tulere
1591 4818 1900 4881 mercedem
1940 4815 1999 4873 ut

420 4896 613 4951 fierent
678 4909 938 4969 parentes
990 4903 1085 4959 lilii
1137 4907 1384 4962 mortalis
1426 4915 1641 4962 natura:
1679 4909 1901 4965 modum
1934 4925 1999 4964 ac

419 4996 640 5055 captum
674 4991 874 5047 virtute
925 5002 981 5049 et
1036 4997 1466 5061 admirabilitate
1506 5001 1844 5070 superaturi.
1889 5003 1996 5056 Alii

418 5081 639 5147 quidem
666 5081 719 5134 in
750 5098 946 5152 magna
978 5085 1254 5144 felicitatis
1300 5102 1454 5161 parte
1499 5107 1788 5145 numerare
1820 5094 1998 5148 solent

417 5171 642 5225 crebros
673 5182 884 5239 partus,
917 5190 1318 5247 numerosaque
1346 5180 1581 5249 gaudere
1602 5182 1811 5243 sobole,
1841 5184 1992 5238 velut

418 5263 484 5315 ad
522 5263 635 5317 hanc
666 5281 885 5335 quoque
911 5268 1057 5321 bona
1087 5284 1210 5325 sese
1237 5272 1566 5328 extendente
1594 5275 1847 5339 avaritia,
1868 5277 1990 5339 nul-,

420 5355 635 5425 lumque
677 5372 745 5412 ne
791 5359 878 5415 hic
907 5360 1124 5433 quidem
1170 5363 1455 5431 cupiditati
1488 5366 1649 5419 finem
1688 5375 1985 5427 statuente.

419 5444 661 5509 Quorum
693 5449 746 5502 in
779 5436 1104 5505 sententiain
1139 5453 1272 5509 irem
1299 5470 1397 5524 ego
1422 5472 1642 5527 quoque
1672 5457 1901 5527 pedibus
1940 5456 1989 5511 si

2030 5134 2071 5188 D

2180 2431 2342 2485 Ἀλλά
2374 2429 2483 2497 γὰρ
2516 2427 2723 2482 ἐκείνου
2745 2426 3066 2496 γεννήτορες
3084 2422 3268 2493 ἄκρως
3297 2422 3510 2491 ἔχοντες
3529 2437 3681 2491 περι-

2099 2522 2343 2589 φανείας,
2409 2521 2508 2589 ὅση
2562 2536 2621 2571 τε
2665 2518 2933 2586 σωμάτων
2966 2515 3059 2568 καὶ
3116 2515 3253 2584 μετά
3297 2514 3397 2583 τῆς
3445 2513 3674 2565 ἐκείνων

2101 2618 2462 2687 συναπολὴγει
2498 2614 2725 2676 λύσεως,
2765 2614 2859 2665 καὶ
2904 2612 3003 2680 ὅση
3049 2609 3127 2680 τῷ
3161 2612 3372 2681 μένοντι
3405 2608 3504 2678 βίῳ
3535 2624 3675 2678 συμ-

2100 2706 2522 2778 παρατείνεται·
2656 2706 2749 2758 καὶ
2807 2703 3005 2773 μᾶλλον
3056 2703 3468 2771 σεμνυνόμενοι,
3519 2699 3674 2768 παρά

2102 2802 2303 2870 φαῦλον
2342 2799 2439 2869 τὴν
2470 2799 2662 2868 ἑτέραν
2686 2797 2942 2850 ἐτίθεντο.
2962 2795 3059 2848 Διά
3083 2794 3243 2865 τοῦτο
3264 2794 3358 2847 καὶ
3383 2792 3679 2845 πολιτικῶν

2099 2890 2386 2961 διατριϐῶν
2416 2889 2603 2962 ὥσπερ
2626 2887 2893 2951 κλύδωνος
2925 2887 3029 2953 ἔξω
3044 2886 3369 2949 διαύιοῦντες
3387 2886 3680 2955 ἀπραγμο⁴

2102 2980 2236 3050 σύνῃ
2274 2978 2366 3032 τὸν
2399 2978 2512 3048 βίον
2558 2978 2835 3031 ἐσάλευον.
2885 2976 3145 3031 Βούλεσθέ
3191 2992 3315 3029 τινα
3347 2973 3679 3044 προσθῶμεν

2100 3073 2199 3143 τῆς
2219 3071 2445 3125 ἐκείνων
2477 3070 2681 3142 ἀρετῆς
2700 3070 3089 3140 γνωρίσματα;
3126 3068 3193 3122 Ἢ
3214 3068 3265 3120 τί
3290 3085 3357 3137 με
3381 3067 3460 3120 δεῖ
3488 3066 3680 3138 ὥσπερ

2101 3164 2360 3234 ἐνοχλεῖν,
2396 3163 2583 3236 ῥᾳδίου
2610 3162 2762 3224 ὄντος
2792 3159 3041 3214 ἐντεῦθεν
3076 3159 3167 3213 τὸν
3198 3160 3420 3211 ἐκείνων
3453 3159 3677 3229 τρόπον,

2100 3261 2281 3324 ὁποῖός
2300 3278 2381 3323 τις
2407 3256 2477 3331 ἦν
2493 3260 2593 3313 κάν
2611 3260 2723 3321 τοῖς
2747 3256 2947 3322 ἄλλοις,
2971 3256 3048 3326 τῷ
3064 3255 3479 3328 προαιρουμένῳ
3495 3271 3673 3308 κατα-

2106 3355 2432 3425 μανθάνειν;
2471 3354 2600 3421 Οἵγε
2647 3351 2936 3421 δυνάμενοι
2986 3351 3042 3403 ἐν
3082 3348 3304 3419 μεγάλῳ
3339 3348 3496 3419 μέρει
3532 3347 3682 3418 βασιο

2100 3448 2246 3501 λείου
2283 3447 2441 3517 δόξης
2468 3442 2853 3515 γνωρίζεσθαι,
2897 3441 3220 3512 πράγματος
3259 3442 3394 3492 πᾶσι
3434 3456 3679 3509 περιμα-

2102 3540 2289 3609 χήτου,
2331 3541 2379 3591 οἱ
2413 3537 2469 3590 δέ
2496 3536 2684 3605 ὥσπερ
2709 3550 2763 3586 τι
2792 3534 2901 3587 τῶν
2921 3532 3131 3603 ἀτίμων
3155 3530 3297 3584 οὕτω
3325 3530 3679 3600 παρέδραμον

2100 3628 2253 3694 αὐτὸ,
2299 3629 2411 3689 τοῖς
2456 3622 2724 3695 παροῦσιν
2779 3622 3127 3693 ἀρκούμενοι,
3182 3620 3244 3673 οὐ
3298 3619 3433 3689 πρὸς
3480 3619 3677 3688 ἡδονὴν

2103 3719 2485 3790 ἀποχρώμενοι
2511 3718 2577 3786 τῇ
2608 3713 2918 3786 περιουσίᾳ,
2949 3712 3069 3765 οὐδὲ
3109 3713 3231 3776 ταῖς
3267 3709 3474 3763 ἐκεῖθεν
3507 3726 3677 3780 προσ-

2099 3808 2372 3879 ανειμένοι
2402 3805 2787 3860 ἀπολαύσεσιν.
2831 3803 2993 3856 Ἀλλά
3011 3802 3215 3873 ταύτην
3246 3803 3415 3871 μόνην
3442 3796 3502 3854 εὖ
3540 3801 3670 3853 εἰδό-

2097 3920 2188 3965 τες
2214 3900 2532 3963 ἀπόλαυσιν,
2571 3897 2623 3951 εί
2648 3914 2732 3959 τις
2788 3897 2939 3949 ἀπίοι
2964 3897 3060 3964 τῆς
3091 3894 3235 3964 ζωῆς
3283 3891 3463 3948 λαϐὼν
3494 3908 3671 3962 παραο

2101 3995 2313 4064 μύθιον,
2348 3992 2686 4064 σπείροντες,
2721 3988 2749 4043 ὃ
2800 3988 2865 4063 δὴ
2897 3988 3135 4055 λέγεται,
3167 3987 3311 4058 χειρὶ
3349 3986 3586 4056 ἑκατέρᾳ
3617 3985 3676 4036 ἐν

2098 4090 2209 4150 τοῖς
2269 4085 2379 4139 τῶν
2414 4083 2635 4156 ἀπόρων
2692 4081 2940 4151 ἐγκάτοις
2970 4080 3061 4133 τὸν
3102 4079 3355 4142 πλοῦτον,
3400 4078 3488 4130 διὰ
3519 4076 3678 4131 τοῦτο

2102 4177 2241 4247 μετὰ
2267 4178 2368 4247 τῆς
2402 4176 2568 4246 ἄλλης
2597 4174 2841 4238 εὐδοξίας
2897 4173 2989 4227 καὶ
3017 4171 3174 4224 τοῦτο
3209 4169 3391 4223 θεόθεν
3414 4169 3678 4238 ἀντιλαμο

2099 4269 2342 4332 ὅάνουσι,
2390 4267 2577 4329 παιδὸς
2627 4264 2965 4336 χρηματίσαι
3005 4263 3239 4332 πατέρες
3294 4263 3599 4331 κρείττονος
3639 4260 3673 4330 ἢ

2098 4361 2239 4413 κατὰ
2274 4358 2473 4429 θνητὴν
2522 4357 2685 4425 φύσιν
2737 4355 2966 4426 ὀφθῆναι
3018 4353 3320 4424 μέλλοντος.
3357 4351 3538 4405 ’Ἀλλοι
3573 4350 3677 4420 μὲν

2099 4450 2191 4505 οῦν
2223 4451 2365 4519 μέγα
2415 4448 2581 4518 μέρος
2614 4445 2911 4516 εὐκληρίας
2964 4443 3401 4514 ὑπολαμϐάνουσι
3452 4442 3676 4510 συχναῖς

2099 4543 2429 4611 λειτουργεῖν
2451 4539 2624 4603 ὠδῖσι,
2687 4537 3018 4608 πολυπαιδίᾳ
3052 4537 3353 4607 χαίροντες,
3398 4534 3585 4603 ὥσπερ
3615 4533 3674 4585 ἐν

2099 4636 2208 4696 τοῖς
2238 4632 2437 4695 ἄλλοις,
2472 4630 2615 4684 οὕτω
2658 4628 2937 4683 κάνταῦθα
2993 4630 3301 4698 τερπούσης
3344 4626 3540 4687 αὐτοὺς
3573 4624 3675 4693 τῆς

2098 4727 2432 4793 πλεονεξίας.
2459 4726 2643 4796 Ἦμην
2667 4725 2709 4777 δ’
2732 4726 2798 4778 ἂν
2826 4722 2983 4791 κάγὼ
3013 4724 3117 4778 τῶν
3150 4720 3448 4791 τιθεμένων
3473 4718 3673 4791 ταύτῃ,

2099 4820 2147 4870 εί
2181 4817 2367 4884 ὥσπερ
2422 4818 2552 4886 μιᾶς
2597 4817 2907 4883 πεφυκότας
2963 4815 3117 4887 ῥίζης
3171 4816 3267 4867 καὶ
3310 4814 3417 4865 τῶν
3468 4810 3675 4863 ὠδίνων

2099 4906 2566 4980 κληρονομοῦντας
2613 4904 2801 4976 ἑώρων
2859 4904 2957 4973 (7).
3013 4903 3127 4957 Νῦν
3186 4903 3241 4955 δὲ
3286 4902 3420 4954 πολὺ
3473 4900 3675 4969 μᾶλλον

2098 4998 2295 5061 ἀνίσως
2332 4998 2551 5068 ἔχοντας
2578 4996 2611 5067 ἢ
2646 4996 2771 5057 τοὺς
2802 4995 3093 5057 δακτύλους
3139 4994 3374 5063 ὁρῶμεν,
3407 4992 3503 5044 καὶ
3532 5008 3675 5059 συμ-

2100 5088 2274 5149 6αίνει
2296 5087 2369 5157 τῷ
2400 5087 2498 5156 μέν
2544 5104 2598 5138 τι
2638 5086 2893 5152 παρεῖναι
2921 5083 3030 5137 τῶν
3071 5083 3328 5153 χρηστῶν
3369 5080 3447 5151 τῷ
3475 5081 3531 5133 δέ
3564 5079 3676 5131 τῶν

2101 5181 2320 5249 φαύλων
2339 5197 2351 5209 ·
2387 5178 2529 5231 ὥστε
2556 5178 2615 5231 ού
2652 5178 2851 5248 μᾶλλον
2881 5178 2972 5229 ἐπὶ
2998 5178 3108 5239 τοῖς
3140 5173 3406 5243 παροῦσιν
3447 5170 3677 5239 ἀγαθοῖς

2094 5271 2172 5342 τῷ
2206 5272 2355 5323 παιδὶ
2403 5272 2678 5341 χαιρήσει,
2735 5270 2767 5340 ἢ
2815 5270 2907 5323 ἐπὶ
2961 5271 3073 5330 τοῖς
3120 5268 3356 5338 χείροσιν
3406 5266 3434 5317 ὁ
3482 5262 3678 5332 γονεὺς

2092 5366 2395 5418 ἀνιάσεται.
2425 5366 2534 5418 Καὶ
2557 5365 2766 5431 γίνεται
2822 5364 3204 5434 παραπλήσιον
3259 5354 3372 5413 οἷον
3404 5358 3457 5409 εί
3485 5373 3570 5420 τις
3597 5358 3670 5428 τῇ

2101 5457 2198 5526 μὲν
2255 5459 2440 5525 στέφοι
2499 5458 2666 5527 χειρὶ,
2722 5460 2788 5527 τῇ
2824 5457 2881 5510 δὲ
2913 5456 3157 5526 ραπίζοι,
3206 5455 3263 5506 ἐν
3295 5452 3375 5522 τῷ
3412 5450 3676 5503 λυποῦντι

1923 5549 2192 5627 NOTAE.‘

489 5658 895 5731 (7)‘P.erplexus
940 5663 1095 5719 locus
1124 5672 1178 5719 et
1204 5664 1343 5718 haud
1378 5665 1492 5719 scio
1528 5681 1593 5717 an
1624 5682 1733 5721 non
1764 5666 1994 5721 mendo-

426 5726 1077 5805 sus._litterpretationein
1104 5737 1354 5803 expedivi
1386 5745 1442 5789 ut
1482 5739 1656 5805 potui.
1686 5736 1988 5790 Succurre-

428 5798 516 5851 hat
548 5797 685 5854 forte
717 5797 1002 5871 legendum
1036 5797 1237 5873 ὁμοίων
1268 5822 1366 5876 pro
1401 5797 1629 5860 ὠδίνων.
1663 5806 1779 5864 Nisi
1808 5808 1986 5865 verius

2103 5675 2186 5722 est
2227 5665 2390 5729 huius
2425 5664 2593 5717 nostri
2627 5672 2680 5715 et
2728 5660 2949 5715 Graecia:
2997 5661 3315 5714 citeriorum
3363 5667 3673 5726 temporum

2097 5741 2312 5805 propria
2334 5736 2566 5787 diali-clo
2591 5734 2782 5793 ὠδῖνας
2805 5743 3052 5805 parentes
3076 5732 3203 5805 dici.
3222 5730 3373 5805 Quod
3404 5730 3676 5805 satisque-

2096 5797 2290 5865 itiic'stc
2322 5814 2542 5875 apparet
2575 5821 2637 5859 cx
2668 5797 2893 5875 pag—12’.
2916 5802 3203 5871 superiori.
3240 5802 3377 5871 (Col.
3405 5797 3517 5857 206
3539 5797 3628 5867 υ.)
