4072 6442
324 373 436 441 209

1117 370 1400 433 ORATIO
1421 369 1607 432 XVII.
1633 394 1705 408 -
1726 368 1812 431 IN
1836 370 1899 432 S.
1929 369 2329 436 NICOLAUM
2354 374 2801 439 MYRENSEM.

3488 382 3597 448 210

318 480 737 557 ἀναχωροῦντος
768 480 864 536 τοῦ
911 479 1225 553 τέρποντος.
1276 481 1364 534 Διό
1404 496 1497 551 μοι
1546 478 1798 548 φαίνεται
1820 480 1918 534 καὶ

2022 489 2083 535 ut
2143 497 2211 536 ex
2274 498 2383 537 una
2437 484 2608 555 stirpe
2656 484 2985 556 procreato;
3016 484 3238 554 fratres,
3273 489 3349 545 ita
3374 491 3603 552 virtutis

318 578 470 635 κατὰ
495 578 655 632 τοῦτο
681 576 743 630 τὸ
770 576 957 647 μέρος,
988 575 1133 645 φημὶ
1164 573 1229 644 δὴ
1254 574 1356 644 τῆς
1405 573 1769 638 παιδοποιίας,
1797 575 1911 639 τοῖς

317 670 567 743 πατράσι
593 669 688 722 τοῦ
711 668 806 722 νῦν
825 666 1139 737 τιμωμένου
1170 667 1268 737 τὴν
1298 665 1439 719 κατὰ
1474 664 1583 718 τῶν
1605 663 1781 717 ἄλλων
1807 680 1913 716 πα-

238 780 245 789 '
316 766 497 836 τέρων
525 764 809 834 προσεῖναι
844 759 1139 830 ὑπεροχήν.
1170 758 1365 821 Ὀντος
1397 755 1505 828 γὰρ
1550 755 1610 810 ού
1639 754 1825 827 ῥᾳδίου
1854 756 1912 808 ἐν

319 860 474 929 πάσῃ
503 855 708 929 ἀρετῆς
734 854 855 926 ἰδέᾳ.
891 853 1092 923 ὁμοίως
1140 851 1474 921 εὐδοκιμεῖν,
1509 848 1624 911 ἀλλ’
1649 850 1707 902 ὲν
1737 845 1911 918 ταύτῃ

328 948 432 1021 μέν
456 964 579 1000 τινα
609 946 787 999 δοκεῖν
827 941 1030 1004 ἱκανῶς
1067 940 1236 1012 ἔχειν,
1278 942 1336 994 ὲν
1380 939 1556 1011 ταύτῃ
1607 938 1666 992 δὲ
1708 937 1914 1007 ἀποδη-

276 1056 281 1061 ·
321 1043 448 1112 μεῖν
478 1039 577 1109 (κ),
627 1040 741 1100 τοῖς
785 1036 884 1106 μὲν
935 1034 1117 1096 ἄλλοις
1158 1034 1307 1096 ὅσοις
1334 1031 1544 1102 ὑπῆρξε
1572 1030 1912 1102 χρηματίσαι

274 1116 289 1141 τ
323 1133 568 1204 γονεῦσι,
589 1129 686 1184 τοῦ
726 1129 826 1200 μὲν
848 1127 956 1180 τῶν
990 1127 1198 1181 παίδων
1222 1126 1425 1197 ταύτην
1442 1125 1784 1195 κεκτημένου
1813 1122 1914 1192 τὴν

330 1227 547 1297 ἀρετὴν,
602 1224 683 1295 τῷ
724 1223 784 1277 δὲ
816 1220 1131 1293 προσούσης
1167 1219 1361 1291 ἑτέρας
1394 1218 1484 1287 (τὰ
1505 1219 1613 1289 γὰρ
1636 1217 1807 1288 χείρω
1838 1233 1915 1269 σι-

326 1318 559 1389 γάσθω),
590 1316 885 1387 συμϐαίνει
915 1314 1106 1385 ὥσπερ
1126 1312 1186 1378 ἐξ
1214 1313 1412 1383 ἐράνου
1436 1311 1528 1364 τὸν
1558 1312 1764 1380 κόσμον
1792 1308 1917 1363 συλ-

323 1412 601 1481 λέγεσθαι,
631 1411 790 1481 εἴπερ
820 1408 991 1479 ἀρετὴ
1017 1407 1228 1461 παίδων
1255 1406 1461 1477 κόσμον
1488 1406 1643 1475 φέρει
1673 1405 1789 1465 τοῖς
1817 1420 1915 1472 γε-

323 1505 672 1576 γεννηκόσιν.
720 1500 987 1556 Ἐνταῦθα
1007 1500 1065 1553 δὲ
1112 1499 1231 1563 ἐνὸς
1259 1497 1413 1561 ὄντος
1445 1495 1545 1551 τοῦ
1580 1496 1763 1551 πάντα
1789 1495 1917 1549 συλ-

320 1599 581 1661 λαϐόντος
611 1599 679 1651 τὰ
704 1595 989 1661 κάλλιστα,
1016 1594 1224 1661 ἔξεστιν
1248 1591 1492 1657 εἰκάζειν
1503 1589 1582 1662 τῷ
1604 1588 1917 1661 βουλομένῳ

318 1692 385 1748 τὸ
428 1690 772 1761 ὑπερϐάλλον
822 1687 918 1740 τοῦ
978 1687 1323 1757 πράγματος.
1364 1684 1503 1737 Ἀλλ’
1553 1683 1772 1756 εἴρηται
1815 1681 1917 1751 μὲν

321 1786 459 1857 περὶ
487 1785 598 1837 τῶν
620 1781 966 1852 γεννητόρων
986 1782 1110 1833 ὅσον
1136 1777 1225 1831 ἐπ’
1251 1777 1434 1846 ὀλίγον
1450 1776 1563 1848 ,τῆς
1589 1774 1771 1830 αὐτῶν
1795 1775 1917 1845 ἀρε-

2019 580 2186 644 atque
2249 574 2454 632 indolis
2512 588 2805 647 parentum
2836 580 2989 634 velut
3021 580 3402 639 haereditatem
3434 588 3607 657 parti-

2018 666 2274 736 cipantes
2294 683 2362 722 ex
2388 683 2545 738 aequo
2573 670 2835 726 viderem.
2858 670 3015 727 Nunc
3055 675 3228 730 multo
3260 677 3437 747 major
3460 680 3606 734 inter

2017 772 2114 812 eos
2146 774 2309 827 quam
2344 761 2489 817 inter
2521 761 2724 833 digitos
2763 765 3110 835 inaequalitas
3143 770 3429 836 cernitur;
3464 788 3602 827 con-

2004 851 2291 922 tingitque
2330 852 2444 909 fere
2482 854 2552 909 ab
2601 865 2727 911 ortu
2777 859 2899 929 ipso
2953 862 3045 913 uni
3088 861 3363 918 laudabile
3422 863 3603 921 inesse

2015 942 2495 1013 quidpiam,alteri
2522 962 2654 1003 vero
2674 949 2963 1018 vitiosum;
2998 960 3058 1005 ut
3086 954 3304 1024 genitor
3337 970 3445 1010 non
3491 973 3606 1011 ma-

2013 1033 2189 1105 jorem
2218 1050 2246 1088 a
2277 1035 2436 1093 bonis
2472 1038 2690 1095 ltetandi
2713 1056 2935 1096 causam
2965 1058 3129 1114 quam
3149 1044 3366 1099 dolendi
3404 1045 3602 1101 habeat

2016 1140 2049 1181 a
2081 1126 2725 1202 malis:consimilequid
2743 1134 2957 1202 patiens
2982 1142 3149 1206 atque
3183 1136 3230 1191 si
3265 1137 3391 1206 quis
3430 1140 3602 1193 altera

2019 1216 2249 1286 quidem
2281 1217 2463 1289 ipsum
2522 1237 2685 1277 manu
2721 1234 3031 1289 coronaret,
3078 1227 3250 1281 altera
3306 1230 3600 1299 colaphum

2016 1308 2381 1381 impingeret;
2434 1312 2489 1367 in
2522 1328 2634 1384 quo
2692 1331 2823 1372 casu
2876 1318 3106 1375 honoris
3164 1321 3378 1376 fructus
3429 1322 3600 1392 plaga:

2017 1403 2349 1459 contumelia
2382 1404 2733 1463 obrueretur.
2771 1409 2955 1476 Quare
2990 1412 3121 1466 mihi
3155 1412 3415 1468 videntur
3434 1415 3601 1469 etiam

2014 1493 2073 1548 in
2100 1493 2202 1549 hac
2229 1503 2406 1566 parte,
2436 1496 2799 1566 fecunditate,
2832 1501 3080 1569 inquam,
3111 1516 3175 1556 ac
3208 1500 3473 1558 felicitate
3505 1520 3603 1572 ge-

2017 1587 2273 1652 nerandi,
2311 1598 2567 1658 parentes
2599 1591 2718 1660 ejus
2748 1607 2911 1662 quem
2938 1608 3087 1647 nunc
3116 1594 3480 1658 celebramus,
3511 1612 3603 1649 su-

2016 1692 2116 1748 pra
2145 1687 2380 1735 caeteros
2410 1681 2646 1736 aliorum
2700 1683 2981 1753 genitores
3015 1684 3302 1756 dignitatis
3350 1687 3601 1741 obtinere

2020 1771 2410 1843 principatum.
2452 1774 2588 1829 Cum
2618 1776 2763 1830 enim
2796 1776 2957 1832 facile
2988 1792 3094 1832 non
3125 1779 3196 1833 sit
3222 1781 3276 1833 in
3317 1781 3467 1834 omni
3502 1797 3600 1850 ge-

317 1851 427 1948 τῆξ
473 1876 796 1948 ὼσφράνθαι
826 1873 1031 1945 βραχέα
1062 1870 1139 1943 τῷ
1189 1871 1349 1941 λόγῳ.
1404 1870 1501 1940 Em
1535 1869 1580 1923 δ’
1621 1868 1689 1923 ἂν
1730 1867 1912 1922 καὶτὸ

2018 1879 2150 1921 nere
2182 1867 2403 1923 virtutis
2436 1883 2499 1922 ex
2529 1882 2690 1938 teque
2739 1866 2958 1932 ﬂorere.
2994 1871 3089 1925 sed
3152 1870 3264 1925 fere
3315 1871 3600 1928 videamus

320 1968 422 2023 νῦν
448 1967 740 2039 εἰρημένον
774 1963 1093 2035 μαρτύριον,
1126 1963 1203 2025 ὠς
1227 1962 1288 2015 τὸ
1309 1959 1458 2026 ἅπαξ
1485 1961 1585 2031 τὴν
1614 1958 1909 2029 καλλίστην

324 2061 547 2130 ἐκείνην
567 2059 734 2113 ὠδῖνα
768 2056 950 2119 λῦσαι,
998 2054 1253 2125 ἀμείνους
1297 2054 1493 2116 αὐτοὺς
1523 2054 1648 2121 ἄγει
1677 2050 1786 2104 τῶν
1816 2051 1910 2105 ἐπὶ

328 2154 554 2222 συχναῖς
583 2149 963 2218 ἐγνωσμένων.
995 2148 1070 2201 Τὸ
1113 2146 1157 2200 δ’
1214 2145 1467 2201 ἐντεῦθεν
1516 2144 1794 2217 πειράσθω
1822 2142 1913 2197 τὸν

329 2241 507 2296 παῖδα
535 2239 899 2310 ἐκδιηγεῖσθαι
949 2238 1042 2292 καὶ
1098 2237 1294 2304 δεῖξαι,
1326 2238 1394 2291 ἂν
1422 2237 1533 2307 ἄρα
1552 2236 1648 2290 καὶ
1684 2236 1913 2307 δύνηται

333 2333 593 2386 τοσοῦτον
622 2331 777 2404 ἔργον
804 2333 1122 2403 ὑποστῆναι,
1152 2331 1276 2394 ὅσος
1319 2330 1413 2384 καὶ
1440 2330 1628 2402 ἡλίκος
1660 2329 1910 2401 ἐχρημά-

336 2440 518 2478 τισεν.

2020 1958 2113 2028 qui
2151 1958 2209 2013 in
2244 1959 2478 2029 quadam
2540 1960 2699 2015 laude
2747 1962 3112 2031 aliquousque
3142 1979 3470 2034 progressus
3503 1966 3597 2031 sit,

2018 2052 2268 2107 eumdem
2300 2052 2370 2107 ab
2418 2053 2525 2106 alia
2566 2053 2783 2124 longius
2856 2054 3076 2119 abesse,
3133 2057 3347 2111 ueteris
3398 2057 3599 2127 quibus

2018 2144 2255 2214 contigit
2286 2143 2403 2199 fieri
2430 2146 2681 2214 patribus
2725 2147 2964 2216 plurium
3001 2147 3302 2203 liberorum
3332 2150 3599 2205 collatitio

2020 2234 2258 2305 quodam
2282 2237 2465 2308 gaudii
2486 2254 2685 2308 genere
2705 2238 2998 2293 laetandum
3022 2248 3125 2295 est.
3154 2239 3290 2295 Dum
3339 2258 3449 2296 uno
3472 2243 3598 2311 qui-

2021 2327 2146 2382 dem
2186 2326 2424 2383 tiliorum
2466 2345 2631 2384 unam
2685 2328 2953 2386 duntaxat
2973 2332 3228 2387 virtutem
3258 2333 3595 2402 possidente,

2019 2419 2126 2476 alio
2167 2423 2313 2487 vero!
2334 2438 2531 2478 rursus
2571 2423 2736 2478 aliam
2773 2425 2921 2495 (nam
2955 2426 3228 2480 deteriora
3278 2425 3595 2496 sileantur),

330 2518 656 2573 collectione
683 2516 816 2588 ipsis
848 2523 1014 2587 atque
1041 2528 1240 2570 acervo
1279 2514 1622 2571 emendicata
1650 2512 1837 2568 multis
1865 2527 1933 2567 ex
1973 2512 2111 2567 locis
2137 2513 2437 2582 gratulatio
2466 2516 2773 2585 completur
2808 2514 2875 2572 ad
2911 2517 3148 2584 aliquem
3184 2518 3405 2572 demum
3442 2532 3607 2570 orna-

326 2624 419 2669 tus
471 2613 720 2677 modum,
754 2612 802 2668 si
860 2612 983 2682 quis
1035 2627 1068 2665 a
1123 2612 1328 2665 virtute
1385 2608 1624 2664 filiorum
1671 2607 1911 2664 conferri
1984 2623 2151 2663 verus
2204 2616 2436 2666 ornatus
2485 2610 2542 2665 in
2613 2619 2871 2680 parentes
2916 2618 3114 2681 potest.
3157 2610 3259 2666 llic
3313 2626 3443 2666 vero
3474 2625 3598 2665 cum

323 2707 382 2761 in
434 2720 550 2760 uno
605 2705 785 2774 capite
835 2706 1064 2761 collecta
1099 2705 1288 2759 omnia
1342 2703 1540 2758 decora
1594 2711 1908 2767 teneantur,
1950 2700 2269 2768 conjectura
2297 2702 2422 2758 licet
2455 2705 2677 2773 assequi
2721 2712 2930 2775 quanto
3004 2719 3237 2759 excessu
3312 2706 3595 2773 vulgarem

324 2808 615 2871 parentum
649 2797 929 2853 fortunam
961 2797 1161 2853 horum
1200 2798 1442 2853 conditio
1482 2796 1777 2867 peculiaris
1844 2795 2158 2851 antecellat.
2199 2793 2379 2864 Atque
2409 2794 2523 2850 haec
2567 2797 2784 2866 quidem
2835 2797 2904 2851 de
2944 2795 3148 2851 Nicolai
3190 2800 3370 2866 magni
3437 2799 3593 2867 geni-

328 2893 541 2946 toribus
572 2890 657 2945 sic
689 2889 836 2945 dicta
865 2900 1070 2955 sunto;
1108 2905 1172 2944 ea
1205 2890 1471 2943 duntaxat
1493 2899 1653 2944 tenus
1680 2889 1904 2943 utvelut
1941 2888 2169 2943 odorata
2220 2886 2401 2941 obiter
2464 2887 2723 2941 virtutem
2820 2903 3011 2942 eorum
3051 2888 3212 2959 quasi
3274 2888 3594 2959 praeteriens

331 2987 501 3040 oratio
539 2983 817 3040 videatur.
870 2982 1014 3039 Sane
1069 2999 1193 3054 qua:
1247 2982 1488 3039 diximus
1526 2982 1746 3037 abunde
1788 2991 1915 3038 sunt
1954 2981 2020 3036 ad
2066 2980 2409 3050 probandum
2472 2980 2597 3036 illos
2654 2980 2821 3035 unico
2864 2980 2965 3036 hoc
2995 2982 3213 3051 quidem
3288 2991 3343 3036 at
3405 2982 3596 3037 eodem

329 3077 785 3146 pnestantissituo
834 3087 992 3146 partu
1045 3076 1337 3131 defunctos
1386 3075 1546 3145 longe
1584 3074 1907 3145 apparuisse
1946 3073 2212 3129 clariores
2261 3072 2331 3127 iis
2361 3072 2497 3144 ipsis
2525 3073 2867 3143 quinumero
2906 3073 3111 3130 sobolis
3135 3072 3285 3130 fuere
3361 3076 3594 3131 nobiles.

326 3172 597 3241 Deinceps
651 3172 707 3226 in
754 3172 863 3226 lilio
911 3170 1091 3241 qualis
1143 3186 1208 3225 ac
1259 3178 1503 3240 quantus
1593 3169 1696 3224 fuit
1776 3167 2210 3226 demonstrando
2269 3168 2700 3239 exornandoque
2781 3179 3013 3226 conatus
3057 3170 3325 3227 orationis
3357 3170 3587 3227 dcsudct

328 3277 551 3322 nostrae.
602 3263 661 3320 Si
718 3276 899 3319 tamen
941 3266 1160 3336 ingenio
1211 3274 1377 3334 atque
1432 3265 1706 3320 industria
1740 3265 2018 3321 sustinere
2049 3264 2356 3320 valebimus
2379 3278 2520 3335 opus
2542 3273 2780 3319 tantum.

401 3354 570 3422 υῦτος
633 3358 733 3428 μὲν
773 3355 867 3411 οὖν
884 3360 1228 3428 πρωτότοκος
1285 3358 1401 3428 ἅμα
1456 3359 1548 3412 καὶ
1594 3358 1938 3421 τελευταῖος(

2077 3357 2257 3412 Prima
2286 3356 2453 3413 fuitis
2480 3366 2866 3428 postremaque
2899 3358 3058 3413 matri
3080 3359 3262 3428 proles
3299 3374 3431 3414 sure.
3462 3360 3598 3414 Nam

332 3450 577 3504 τίκτεται
633 3453 699 3521 τῇ
752 3450 939 3521 μητρί.
974 3451 1184 3505 Αὐτίκα
1231 3453 1339 3520 γὰρ
1388 3453 1443 3504 αἱ
1491 3452 1618 3513 τοὺς
1662 3448 1913 3519 λογικοὺς

2018 3448 2104 3518 qui
2134 3448 2237 3503 ista
2268 3447 2528 3502 rationali
2553 3450 2707 3519 spica
2736 3446 3051 3503 eﬂloruerat
3096 3456 3306 3512 uterus,
3331 3448 3599 3502 exhausta

337 3544 537 3613 στάχυς
581 3542 840 3597 ἀνθοῦσαι
895 3542 1144 3610 λαγόνες,
1191 3543 1552 3612 ἐπιλιπούσης
1618 3541 1787 3605 αὑτὰς
1818 3541 1917 3612 τῆς

2018 3556 2139 3595 mox
2170 3539 2507 3598 fecunditate
2567 3546 2812 3595 mutatur
2866 3539 2921 3595 in
2993 3538 3261 3595 sterilem.
3332 3536 3464 3603 Deo,
3538 3545 3599 3592 ut

332 3632 639 3704 ἐνεργείας,
671 3632 914 3702 ἀγωνίαν
934 3633 1237 3701 ὴλάσσοντο
1263 3634 1414 3701 ’ἐμοὶ
1438 3633 1586 3686 δοκεῖ
1609 3630 1917 3695 δεικνύντος

2018 3633 2146 3687 mihi
2185 3633 2424 3699 videtur,
2451 3633 2865 3690 demonstrante
2894 3632 3223 3688 diviniorem
3258 3632 3497 3701 aliquam
3530 3631 3599 3685 ad

327 3727 423 3781 τοῦ
450 3728 781 3798 κρείττονος,
808 3726 884 3789 ὡς
909 3727 1076 3797 ἄλλης
1112 3727 1256 3789 τινὸς
1287 3725 1568 3796 θειοτέρας
1595 3724 1629 3795 ἢ
1656 3725 1797 3778 κατὰ
1819 3726 1918 3795 τὴν

330 3821 540 3890 συνήθη
571 3822 669 3889 τῆς
690 3822 953 3887 γενέσεως
984 3818 1165 3872 αἰτίαν
1213 3820 1297 3890 εἴη
1336 3817 1364 3868 ό
1388 3816 1671 3887 πεφυκὼς,
1712 3812 1801 3870 οἶα
1823 3817 1918 3870 ἐπὶ

333 3912 439 3964 τῶν
465 3912 647 3966 ἄλλων
673 3911 781 3964 τῶν
814 3902 969 3966 κατὰ
990 3912 1082 3965 τὸν
1143 3910 1257 3981 βίον
1310 3910 1521 3979 γίνεται
1573 3909 1914 3979 παραδόξων,

333 4004 369 4058 ἆ
419 4006 477 4057 ὲν
536 4006 775 4073 μακραῖς
813 4002 1024 4073 καιρῶν
1073 4002 1347 4072 περιόδοις
1403 4002 1661 4072 ἐπιδημεῖ
1707 4001 1809 4070 (9).
1852 4002 1917 4055 Ἡ

334 4099 433 4167 μὲν
467 4097 565 4150 οὖν
594 4097 786 4168 πρώτη
828 4096 938 4168 φυὴ
988 4094 1134 4151 οὕτω
1165 4095 1455 4167 θαυμαστὴ
1479 4099 1573 4149 καὶ
1599 4095 1710 4149 τῶν
1737 4096 1914 4150 ἄλλων

328 4192 391 4242 τὸ
418 4189 675 4259 διάφορον
702 4187 922 4258 ἔχουσα.
959 4186 1026 4241 Τί
1049 4187 1143 4253 δέ;
1176 4187 1331 4243 κοινὰ
1365 4187 1434 4241 τὰ
1460 4188 1607 4258 ἑξῆς,
1639 4182 1730 4240 οἷα
1758 4189 1815 4240 ἐν
1844 4189 1909 4259 τῇ

327 4282 443 4336 τῶν
472 4281 689 4351 βρεφῶν
715 4282 945 4335 εἴθισται
975 4281 1166 4351 ἀγωγῇ
1189 4297 1203 4347 ;
1224 4279 1523 4350 Οὗμενουν,
1545 4279 1911 4350 ἀλλὰ,θαῦμα,

331 4376 489 4445 φασὶ,
525 4373 762 4443 θαύματι
790 4375 1004 4429 ἕπεται.
1046 4373 1300 4443 Σαμουὴλ
1333 4372 1539 4426 ἐκεῖνον
1576 4371 1689 4443 (10)
1720 4371 1779 4436 ὃς
1812 4372 1914 4425 δῶ-

334 4483 431 4532 ρον
462 4464 630 4535 εὐχῆς
655 4465 885 4535 ὑπῆρξε,
945 4464 1042 4517 καὶ
1084 4462 1280 4525 ἄλλους
1306 4464 1369 4535 δή
1406 4481 1555 4527 τινας
1589 4464 1714 4535 ἄρτι
1742 4462 1914 4534 θηλῆς

329 4557 745 4629 πεπαυμένους,
770 4558 875 4611 ὑπὸ
898 4558 1008 4612 τῶν
1047 4558 1388 4629 γεννητόρων
1425 4556 1695 4629 ἀκούομεν
1726 4557 1915 4612 καθιε-

2015 3725 2306 3797 originem,
2350 3740 2461 3781 non
2512 3737 2696 3782 autem
2733 3725 2801 3780 ad
2835 3732 3131 3782 consuetas
3160 3725 3424 3782 nascendi
3464 3739 3599 3779 cau-

2015 3832 2106 3873 sas
2135 3826 2315 3873 ortum
2364 3818 2533 3887 bujus
2562 3820 2718 3890 pueri
2774 3819 3141 3890 pertinuisse;
3189 3819 3372 3890 qualia
3430 3818 3598 3873 certis
3654 3888 3661 3896 .

2014 3909 2247 3965 orbibus
2276 3908 2566 3964 redeuntia
2596 3916 2936 3979 temporum,
2983 3909 3267 3977 inopinata
3320 3909 3374 3962 in
3430 3909 3598 3964 rebus

2013 4001 2273 4057 humanis
2326 4000 2592 4056 miracula
2640 4008 2879 4056 exstant.
2927 4000 3151 4056 Primus
3197 4000 3288 4054 hic
3314 4000 3481 4071 igitur
3514 4000 3599 4054 in-

2014 4108 2237 4165 gressus
2260 4093 2318 4148 in
2346 4093 2515 4148 vitam
2545 4092 2622 4147 ita
2647 4092 2918 4148 mirabilis
2953 4100 3119 4163 atque
3174 4092 3312 4147 adeo
3372 4093 3601 4162 prazcel-

2019 4188 2138 4243 lens
2161 4200 2327 4257 supra
2363 4195 2594 4242 caeteros
2622 4184 2744 4241 fuit.
2793 4184 2935 4252 Quid
2970 4185 3191 4241 autem?
3236 4184 3321 4239 An
3352 4184 3597 4256 vulgaria

2019 4294 2144 4349 quae
2171 4278 2371 4335 deinde
2415 4287 2627 4345 secuta,
2681 4286 2737 4335 et
2771 4293 2801 4334 a
2837 4287 3035 4333 caetera
3080 4278 3484 4335 consuetudine
3514 4278 3602 4333 in-

2020 4369 2226 4425 fantilis
2250 4369 2428 4425 atatis
2457 4367 2996 4425 nihilabborrentia?
3025 4367 3281 4434 Minime;
3317 4369 3433 4434 sed,
3452 4370 3599 4437 quod

2021 4462 2198 4528 aiunt,
2217 4461 2543 4517 miraculum
2573 4460 2842 4516 miraculo
2875 4475 3081 4516 comes.
3111 4460 3421 4516 Samuelem
3446 4459 3601 4515 illum

2019 4555 2114 4625 qui
2146 4553 2436 4627 praemium
2466 4552 2738 4609 orationis
2788 4551 2893 4608 fuit
2947 4552 3194 4624 aliosque
3225 4554 3492 4623 quosdam
3526 4550 3603 4605 si-

1866 4710 2103 4769 NOTIE.

404 4806 487 4877 (8)
521 4806 858 4877 Suggerebat
878 4808 1095 4862 animus
1126 4807 1433 4863 rescribere
1463 4806 1822 4877 ἀποδοκιμεῖν
1848 4814 1911 4859 ut

2086 4806 2261 4877 Πλὴν
2297 4809 2336 4877 ἢ
2360 4806 2650 4877 βλέποιμι
2679 4806 2834 4876 πρὸς
2866 4807 3058 4860 πόθον
3082 4801 3449 4856 δεδωκότων.

331 4886 649 4949 opponatur
700 4878 779 4949 τῷ
826 4879 1135 4948 εὐδοκιμεῖν
1180 4881 1341 4948 paulo
1395 4879 1650 4949 superius
1709 4879 1910 4949 posito.

332 4946 482 5003 Sane
534 4946 881 5018 peregrinum
917 4951 985 5003 ab
1016 4946 1143 5003 hoc
1181 4946 1310 5002 loco
1338 4948 1558 5003 videtur
1603 4951 1665 5002 τὸ
1711 4946 1917 5018 ἀποδη-

334 5023 463 5087 μεῖν
496 5020 603 5073 nisi
638 5035 697 5073 se
744 5020 871 5089 jure
909 5022 1245 5088 metaphora:
1284 5028 1525 5074 tueatur.
1561 5019 1718 5085 Quod
1755 5019 1914 5089 equi-

332 5092 457 5145 dem
498 5091 770 5146 reveritus
792 5106 1012 5144 manum
1049 5091 1312 5146 abstinui.

402 5178 484 5247 (9)
516 5179 855 5235 Censorinus
885 5180 980 5233 lib.
1018 5179 1094 5234 De
1120 5180 1205 5234 die
1233 5180 1427 5242 natali,
1463 5195 1582 5249 cap.
1614 5180 1704 5246 l7,
1744 5178 1914 5235 refert

328 5264 396 5303 ex
428 5250 789 5305 Etruscorum
835 5251 1029 5306 libris:
1079 5269 1098 5302 ι
1137 5250 1295 5305 Initia
1345 5252 1673 5306 saeculorum
1710 5250 1917 5320 alioqui

333 5320 656 5375 hominibus
712 5322 1048 5388 incomperta
1101 5321 1308 5387 futura,
1361 5322 1629 5376 divinitus
1684 5321 1915 5377 ittdicari

330 5394 517 5463 solere
546 5393 891 5462 apparitione
918 5392 1317 5463 prodigiorum.
1352 5410 1372 5445 ι
1412 5392 1489 5446 Eo
1522 5392 1800 5462 reSpicere
1834 5392 1907 5445 vi.

329 5462 497 5516 detur
522 5462 612 5517 hic
638 5466 813 5519 locus.

404 5552 522 5624 (10)
546 5555 841 5626 Gregorius
864 5554 1178 5627 Theologus
1216 5555 1286 5610 de
1319 5545 1426 5610 vita
1463 5572 1602 5611 sua:

403 5646 1145 5718 .......τῷτὰρΘεῷ

400 5719 733 5789 ΙΙαμίσταμ*
763 5721 843 5785 ὡς
862 5722 1054 5788 ἀμνός
1092 5738 1183 5786 τις
1212 5720 1249 5788 ἢ
1273 5720 1511 5789 μόσχος
1536 5722 1716 5789 φίλος

410 5789 557 5857 θῦμ’
575 5792 820 5859 εὐγενές
860 5808 922 5843 τε
958 5792 1058 5843 καὶ
1083 5794 1243 5858 λόγῳ
1274 5791 1622 5859 τιμώμενον.

422 5859 614 5915 Ὀκνῶ
645 5863 752 5931 γὰρ
791 5862 982 5917 εἰπεῖν
1010 5862 1091 5929 ὡς
1124 5864 1411 5931 Σαμουὴλ
1439 5879 1521 5926 τις
1552 5862 1708 5931 νέος,

2021 4896 2154 4965 Quae
2176 4899 2261 4955 sic
2289 4901 2454 4954 vertit
2480 4899 2750 4969 interpres
2774 4916 2788 4952 :

2094 5033 2109 5045 .
2147 5029 2162 5044 .
2201 5032 2216 5046 .
2257 5032 2274 5047 .
2310 5030 2329 5046 .
2363 5030 2380 5047 .
2418 5033 2433 5047 .
2475 4990 2623 5046 Nunt
2652 4991 2760 5045 Deo
2789 4991 2953 5043 sister
2982 4989 3122 5043 velut

2103 5061 2313 5117 Vitulus
2340 5063 2417 5118 vel
2446 5079 2635 5130 agnus,
2669 5063 2881 5114 victima
2907 5071 2953 5113 et
2984 5057 3271 5128 pernobilis

2092 5131 2318 5187 Ratione
2340 5132 2566 5202 pollens.
2607 5132 2729 5185 Non
2757 5133 2895 5185 enim
2928 5131 3036 5198 fari
3068 5130 3236 5182 audeo

2093 5204 2360 5257 Samuelis
2389 5208 2579 5267 instar,
2609 5214 2730 5255 vota
2756 5202 2809 5253 ni
2839 5213 3065 5269 spectem
3098 5210 3146 5252 et
3175 5202 3321 5265 pium

2094 5272 2345 5329 Studium
2366 5289 2594 5342 superno
2616 5271 2858 5325 dantium
2887 5289 2967 5326 me
2996 5271 3225 5326 numini.

2021 5366 2187 5437 Atqui
2230 5365 2485 5437 τῷλόγῳ
2530 5362 2840 5433 τιμώμενον
2875 5380 2982 5437 non
3012 5372 3117 5437 est,
3150 5362 3357 5437 ratione
3378 5358 3601 5437 pollens,

2022 5430 2129 5492 sed.
2146 5437 2253 5490 Deo
2279 5430 2464 5489 Verbo
2485 5430 2872 5489 consecratum.
2919 5434 2975 5487 ιιι
3015 5433 3161 5487 enim
3221 5442 3274 5485 et
3304 5430 3602 5499 Gregorius

2025 5508 2192 5563 isthic
2219 5506 2287 5560 de
2314 5522 2373 5561 se
2401 5518 2456 5559 et
2492 5505 2560 5558 de
2583 5503 2811 5559 Nicolao
2842 5513 3030 5559 noster
3065 5505 3168 5556 hoc
3205 5503 3323 5555 loco
3356 5502 3632 5560 indicaret

2026 5580 2361 5632 voluerunt:
2398 5576 2565 5632 fuisse
2612 5582 2905 5645 utrumque
2952 5582 3187 5645 mature,
3212 5573 3371 5645 illum
3412 5586 3461 5645 Aa
3510 5585 3602 5645 pa-

2027 5647 2302 5711 rentibus,
2337 5647 2485 5701 hunc
2541 5660 2571 5699 a
2612 5640 2893 5714 seipso'ad
2951 5644 3172 5714 modum
3207 5642 3477 5714 Samuelis
3507 5640 3602 5714 ob~

2024 5718 2166 5773 latos
2208 5718 2451 5772 Christo.
2506 5716 2643 5772 Nam
2677 5712 2881 5786 alioqui
2909 5713 3185 5785 quomodo
3211 5730 3271 5769 se
3302 5712 3603 5786 Gregorius

2021 5792 2235 5843 ratione
2271 5790 2561 5857 pollentem
2590 5785 2934 5855 diceret’jam
2958 5795 3072 5839 tum
3095 5785 3487 5857 cumprimqu
3517 5790 3603 5839 cst

2020 5868 2202 5927 natus,
2237 5856 2363 5915 nam
2394 5878 2462 5917 eo
2492 5869 2740 5927 tempore
2774 5874 2834 5915 se
2866 5859 3111 5915 oblatum
3142 5856 3296 5913 dicit.
