4072 6502
322 402 338 427 ⁸
421 425 519 492 211

1654 418 1851 479 LEON
1860 419 1931 479 IS
1968 420 2103 479 PHI
2114 420 2249 479 LOS
2262 419 2409 480 0P1]
2422 419 2445 478 [

3598 406 3698 472 212

421 536 536 589 inut
593 539 759 603 atque
787 532 1004 603 depulsi
1054 546 1085 586 a
1132 531 1275 588 lacte
1306 530 1549 597 fuerant,
1615 532 1935 602 accepimus
1974 545 2005 585 a
2037 568 2049 599 Α

2150 532 2323 587 ῶσθαι
2350 533 2492 604 Θεῷ.
2510 524 2681 597 Οὗτος
2710 531 2767 585 δὲ
2788 528 2890 584 οὐκ
2917 526 3220 598 ἀναμείνας
3259 524 3360 598 τὴν
3380 527 3491 582 τῶν
3517 527 3702 580 τεκόνο

423 628 748 698 parentibus
779 626 891 683 Deo
914 626 1147 682 dicatos.
1192 624 1295 681 llic
1323 633 1506 679 autem
1547 624 1872 694 religionem
1914 638 2012 693 pa-

426 736 645 781 rentum
684 734 1033 791 nequaquam
1082 727 1416 788 exspectans
1462 718 1671 772 lactens
1710 717 2010 773 etiamnum

428 835 550 874 sese
611 817 721 869 Deo
775 821 1087 868 consecrat.
1120 812 1256 865 Cum
1287 810 1432 865 enim
1464 809 1633 863 vitam
1691 809 1759 863 ad
1790 823 2013 865 sacrum

433 922 706 964 canonem
746 905 859 976 jam
905 916 1017 958 tum
1059 902 1341 972 exigeret,
1404 901 1510 955 hoc
1552 901 1675 971 ipso
1714 915 2016 956 consecra-

432 1001 595 1056 tionis
652 999 802 1053 illius
859 996 1018 1051 fidem
1108 994 1366 1049 faciebat.
1427 991 1562 1047 Nam
1620 991 1745 1048 aliis
1796 992 2017 1061 quidem

432 1087 628 1142 diebus
688 1095 934 1140 materna
994 1084 1150 1137 illum
1215 1082 1460 1136 mamilla
1522 1082 1788 1153 pascebat
1840 1081 2022 1136 nutri-

434 1181 607 1236 menti
655 1180 869 1233 ratione
923 1177 1071 1232 aetati
1130 1190 1413 1246 congrua;
1468 1174 1578 1229 illis
1634 1188 1768 1229 vero
1822 1173 2020 1229 diebus

435 1288 670 1343 quarum
736 1286 845 1326 una
902 1270 1124 1341 quidem
1183 1269 1239 1323 in
1309 1266 1737 1337 Redemptorem
1812 1266 2023 1323 nefaria

437 1366 679 1421 coitione
751 1363 1149 1421 sceleratorum
1218 1360 1516 1417 concilium
1584 1368 2022 1431 congregatum,

438 1458 544 1514 alia
604 1472 735 1514 vero
795 1455 906 1511 Deo
978 1456 1036 1510 in
1089 1469 1258 1509 carne
1313 1468 1439 1509 cum
1498 1460 1675 1508 morte
1727 1466 2025 1525 congresso

441 1552 715 1606 exstincta
747 1563 897 1603 mors
932 1554 1039 1611 est,
1072 1546 1242 1601 semel
1299 1554 1520 1615 sumpto
1550 1546 1689 1602 lacte
1715 1558 2028 1616 persevera-

443 1643 538 1698 bat
561 1641 759 1697 deinde
783 1640 1032 1711 jejunus.
1067 1637 1160 1694 Sic
1185 1645 1341 1695 tanto
1383 1650 1511 1695 ante
1541 1647 1758 1694 aetatem
1783 1638 2026 1693 adultam

443 1735 557 1805 jam
599 1750 756 1790 sacer
820 1740 876 1790 et
924 1732 1068 1787 sacri
1118 1733 1262 1789 ritus
1294 1740 1415 1787 erat
1437 1747 1501 1788 ac
1530 1732 1784 1802 praecepti
1816 1731 2029 1803 peritus
2062 1760 2102 1816 Β

447 1844 558 1898 quo
591 1828 717 1883 talis
767 1826 1084 1882 observatio
1126 1825 1470 1896 praescripta.
1494 1822 1646 1881 Talis
1696 1823 1787 1879 hic
1816 1824 2030 1894 primus

450 1922 710 1977 surculus
756 1917 1098 1986 assurgentis
1154 1917 1301 1981 vitae,
1364 1917 1646 1989 talemque
1673 1902 1750 1970 ~ad
1803 1915 2031 1971 modum

449 2013 598 2069 velut
627 2026 657 2067 a
684 2011 915 2081 topiario
931 2010 1365 2067 autarboratore
1393 2014 1760 2080 temperantia
1789 2007 2031 2077 exculta,

452 2119 701 2178 puroque
748 2104 878 2158 hinc
906 2101 1164 2159 atlluente
1214 2103 1429 2173 liquore
1476 2102 1673 2173 rigata.
1729 2101 2032 2173 Postquam

455 2203 637 2247 autem
677 2201 795 2248 erat
855 2206 1206 2261 consequens
1248 2192 1489 2263 plantam
1526 2193 1595 2248 ad
1633 2192 1780 2250 hunc
1810 2194 2035 2250 modum

456 2286 603 2342 bono
650 2286 889 2354 primum
942 2294 1064 2340 satu
1097 2284 1324 2352 editam,
1352 2284 1689 2343 felicissimis
1718 2286 1917 2344 deinde
1948 2287 2032 2342 in-

457 2379 752 2433 crementis
765 2386 1006 2442 auctam,
1028 2386 1293 2448 proventu:
1313 2379 1550 2450 denique
1564 2379 1841 2435 fructuum
1863 2381 2038 2435 abun—

460 2469 611 2524 dare.
668 2468 897 2538 Jamque
949 2469 1291 2538 prteterierat
1340 2469 1589 2538 pueritia).
1633 2469 1772 2524 rude
1797 2480 2036 2539 tempus,

463 2567 735 2630 auctoque
770 2558 1102 2628 corpusculo
1135 2557 1583 2614 adolescentulus
1613 2574 1739 2615 esse
1771 2567 2037 2629 coeperat,

463 2664 588 2705 cum
619 2649 766 2703 varia
797 2664 927 2703 ecce
963 2649 1211 2718 quaedam
1266 2650 1522 2718 protinus
1569 2650 1755 2703 arrisit
1784 2650 2039 2705 decorum

464 2742 699 2811 Species.
757 2741 910 2795 Adeo
951 2740 1223 2810 siquidem
1259 2740 1523 2810 puerilem
1566 2756 1674 2795 non
1705 2742 1952 2797 ostendit
1986 2741 2043 2796 in

466 2835 712 2890 moribus
772 2833 1072 2899 levitatem,
1125 2840 1184 2886 ut
1234 2833 1549 2888 constantia
1598 2833 1779 2900 potius
1843 2834 2045 2889 mentis

468 2935 631 2997 atque
690 2925 979 2982 sententia:
1039 2924 1269 2979 senilem
1324 2924 1673 2993 prudentiam
1740 2924 2043 2980 exhiberet.

2111 644 2222 680 των
2248 626 2592 696 προαίρεσιν,
2619 625 2701 678 ἔτι
2746 622 2843 678 τοῦ
2888 622 3162 690 γάλακτος
3208 618 3553 685 ύποκλύζων,
3599 619 3705 673 δω-

2118 720 2294 789 ρεῖται
2324 717 2515 771 ἑαυτὸν
2548 716 2627 784 τῷ
2656 715 2797 788 Θεῷ.
2833 715 2912 768 Δι’
2959 709 3035 767 ὧν
3077 714 3186 782 γὰρ
3236 709 3377 765 κατὰ
3429 710 3707 781 θέσπισμα

2114 810 2176 863 τὸ
2207 812 2352 881 ἱερὸν
2379 808 2490 882 (ll)
2522 809 2691 871 ἐϐίου,
2752 807 2846 861 καὶ
2892 806 3181 878 ἐπιστοῦιτο
3210 804 3310 876 τὴν
3335 803 3691 875 καθιέρωσιν,

2117 901 2231 960 οἷον
2258 903 2316 957 δέ
2348 902 2411 956 τὸ
2439 904 2535 973 τῆς
2557 899 2945 972 καθιερώσεως
2978 898 3292 970 γνώρισμα;
3337 897 3430 951 Ἐν
3471 898 3570 968 μὲν
3613 895 3710 949 οὖν

2119 997 2241 1054 ταῖς
2270 994 2459 1058 ἄλλαις
2522 994 2630 1046 τῶν
2687 991 2914 1063 ἡμερῶν
2957 992 2991 1062 ή
3058 988 3289 1060 μητρῷα
3317 988 3480 1042 αὑτὸν
3515 986 3702 1041 είστία

2120 1086 2284 1157 θηλὴ,
2341 1085 2484 1140 κατὰ
2511 1085 2612 1156 τὴν
2664 1086 3049 1155 προσήκουσαν
3106 1085 3174 1154 τῇ
3214 1081 3406 1152 ἡλικίᾳ
3458 1081 3713 1151 τροφήν·

2122 1178 2182 1232 ἐν
2237 1179 2475 1243 ἐκείναις
2532 1177 2589 1231 δὲ
2638 1170 2713 1231 ὧν
2760 1179 2826 1246 τῇ
2863 1176 2961 1245 μὲν
3004 1176 3147 1229 κατὰ
3176 1173 3269 1228 τοῦ
3330 1170 3626 1242 Δυτρωτοῦ
3651 1167 3721 1223 τὸ

2124 1271 2441 1345 παράνομον
2467 1271 2705 1342 συνήχθη
2738 1269 3043 1339 συνέδριονο
3071 1270 3138 1337 τῇ
3168 1266 3226 1319 δὲ
3254 1266 3283 1319 ὁ
3325 1265 3555 1329 θάνατος
3606 1264 3722 1317 ἁπ-

2124 1366 2294 1419 ώλετο
2325 1363 2438 1433 (12)
2509 1362 2671 1436 σαρκὶ
2715 1361 2931 1431 θανάτῳ
2955 1358 3091 1412 Θεοῦ
3148 1357 3527 1430 ὁμιλήσαντος,
3566 1352 3723 1421 ἅπαξ

2131 1456 2568 1529 μεταλαμϐάνων
2625 1453 2721 1507 τοῦ
2769 1453 3063 1523 γάλακτος,
3103 1449 3166 1504 τὸ
3218 1451 3345 1521 ἑξῆς
3372 1450 3470 1517 τῆς
3499 1448 3721 1518 ἡμέρας

2127 1550 2440 1620 ἀπηγόρευε
2491 1547 2591 1619 τὴν
2635 1546 2869 1616 τροφήν.
2914 1542 3072 1597 Οὕτω
3105 1542 3299 1615 πόρῥω
3327 1541 3441 1612 (15)
3471 1540 3571 1611 τῆς
3602 1541 3723 1611 ήλι-

2129 1641 2254 1704 κίας
2277 1642 2421 1710 ἱερός
2453 1655 2512 1691 τε
2546 1634 2613 1709 ἦν
2648 1638 2743 1690 καὶ
2772 1635 2869 1689 τοῦ
2922 1634 3070 1707 ἱεροῦ
3116 1633 3274 1704 συνίη
3320 1631 3717 1702 διατάγματος,

2129 1730 2159 1785 ὅ
2186 1732 2355 1801 ταύτῃ
2407 1730 2509 1801 ζῇν
2559 1727 2870 1798 ἐπιτρέπει.
2906 1726 2972 1779 Ἢ
3019 1724 3120 1797 μὲν
3151 1723 3245 1778 οὖν
3284 1721 3476 1793 πρώτη
3508 1722 3719 1794 βλάστη

2131 1825 2379 1895 τοιαύτη,
2415 1822 2511 1876 καὶ
2534 1820 2707 1885 οὕτως
2766 1814 2877 1873 οἷον
2922 1817 3028 1872 ὑπὸ
3071 1818 3377 1887 φυτηκὸμῳ
3407 1814 3625 1886 τεχνίτῃ
3650 1816 3718 1886 τῇ

2133 1914 2431 1987 ἐγκρατείᾳ
2483 1911 2794 1983 τηρουμένη
2865 1910 2962 1965 καὶ
3030 1908 3111 1980 τῷ
3166 1907 3375 1962 ἐκεῖθεν
3446 1907 3720 1978 ἀρδομένη

2134 2006 2362 2079 καθαρῷ
2391 2007 2598 2079 νάματι
2626 2022 2641 2037 ·
2667 2004 2791 2058 ἐπεὶ
2830 2003 2877 2058 δ’
2908 1998 2979 2075 ἦν
3004 2003 3271 2073 ἑπόμενον
3317 1999 3418 2070 τὴν
3453 1998 3597 2053 οὕτω
3622 1999 3723 2069 μὲν

2136 2100 2196 2156 εὖ
2221 2098 2568 2171 ἁνασχοῦσαν
2626 2097 2788 2168 φυὴν,
2819 2094 2964 2150 οὕτω
3008 2094 3066 2148 δέ
3112 2093 3382 2147 κάλλιστα
3418 2090 3728 2161 αὐξομένην

2136 2195 2439 2265 εύφορῆσαι
2480 2193 2712 2256 καὶτοῖς
2746 2192 3002 2262 καρποῖς,
3036 2188 3132 2244 καὶ
3169 2188 3269 2260 ήδη
3296 2187 3544 2258 παρῆκεν
3568 2186 3597 2238 ὁ
3625 2203 3731 2256 νη-

2138 2291 2349 2357 πιάζων
2394 2289 2610 2361 καιρὸς,
2641 2288 2740 2341 καὶ
2788 2287 3073 2359 μειράκιον
3122 2279 3233 2356 ἦν,
3286 2283 3488 2346 εὐθέως
3528 2298 3732 2335 παντο-

2138 2385 2282 2456 δαπή
2313 2401 2398 2448 τις
2428 2382 2783 2455 προύκοπτεν
2818 2379 2930 2433 ίδέα
2961 2378 3163 2432 καλῶν.
3198 2377 3272 2431 Οὐ
3301 2376 3411 2445 γάρ
3445 2375 3604 2446 μόνον
3625 2374 3733 2427 οὐκ

2140 2474 2401 2545 ἐγνώριζε
2433 2475 2575 2528 κατά
2601 2472 2766 2527 παῖδα
2792 2472 2853 2525 τὸ
2874 2467 3027 2543 ἦθος,
3062 2469 3200 2524 ἀλλὰ
3230 2470 3326 2523 καὶ
3353 2464 3733 2539 πρεσϐυτικὴν

2141 2568 2220 2639 τῷ
2246 2567 2496 2621 εύσταθεῖ
2514 2566 2612 2629 τῆς
2639 2564 2866 2636 γνώμης
2897 2561 3216 2633 ἀπέκρυπτε
3235 2560 3472 2614 σύνεσιν.
3488 2556 3603 2611 Ἀεὶ
3630 2557 3732 2627 μὲν

2143 2656 2238 2716 οὖν
2268 2659 2496 2714 ἐπὶτῶν
2526 2657 2702 2713 ἄλλων
2730 2658 2847 2710 ὅσοι
2878 2658 2942 2710 ἐκ
2982 2654 3191 2708 παίδων
3209 2655 3287 2716 είς
3314 2651 3506 2714 κάλλος
3536 2647 3729 2719 ὤφθη-

2148 2770 2250 2808 σαν
2275 2750 2537 2823 βιοῦντες,
2578 2750 2700 2813 ἔθος
2746 2750 2866 2802 ἐστὶ
2915 2747 3095 2816 λέγειν
3125 2748 3237 2808 τοῖς
3283 2743 3621 2807 ἐπαινέταις,
3652 2741 3733 2804 ὡς

2147 2844 2289 2899 κατὰ
2316 2843 2501 2914 πῆχυν
2554 2842 2738 2905 αὐτοῖς
2785 2839 3097 2895 συνέϐαινεν
3134 2836 3429 2903 αὔξεσθαι·
3476 2833 3635 2888 τοῦτο
3673 2832 3736 2886 δὲ

2153 2938 2297 3008 μέγα
2333 2939 2501 3010 μέρος
2527 2935 2588 2989 ὃν
2618 2933 2933 3005 ἐγκωμίων,
2972 2932 3066 2986 ἐπὶ
3099 2932 3245 3002 μόνῳ
3276 2929 3356 3000 τῷ
3390 2926 3485 2982 νῦν
3515 2927 3739 2996 θαυμαο

468 3018 648 3085 Quare
710 3032 834 3089 qua:
863 3023 1129 3071 consueta
1161 3015 1339 3071 oratio
1386 3023 1472 3071 est
1500 3014 1847 3071 laudationes
1916 3029 2045 3084 per-

2150 3030 2362 3103 ζομένῳ
2390 3031 2512 3084 οὐδὲ
2534 3030 2597 3083 τὸ
2631 3026 2967 3101 βραχύτατον
2999 3022 3397 3095 ἀναπληρῶσαι
3421 3020 3623 3086 δόξειεν
3644 3017 3738 3073 ἄν.

467 3109 746 3165 orantium
780 3110 833 3163 in
864 3124 959 3164 eos
989 3107 1082 3179 qui
1106 3108 1274 3162 vitam
1315 3108 1591 3178 eleganter
1632 3107 1701 3162 ab
1731 3108 1849 3178 ipsa
1875 3108 2049 3178 prima

2153 3102 2227 3177 Ού
2263 3124 2373 3193 γὰρ
2415 3121 2594 3187 ἔξεστι
2650 3120 2794 3175 κατὰ
2852 3119 3034 3189 πῆχυν
3087 3116 3240 3188 αύτῷ
3293 3115 3743 3188 προσμαρτυρεῖν

469 3203 575 3257 visi
636 3210 766 3257 sunt
818 3202 1057 3273 pueritia
1109 3200 1802 3271 traduxisse:contigisse
1859 3215 2049 3271 nempe

2153 3209 2425 3280 ηὐξῆσθαι
2449 3210 2548 3281 τὴν
2603 3208 2828 3281 ἀρετὴν,
2859 3208 2974 3262 ἀλλ’
3027 3206 3144 3276 εἴγε
3188 3205 3371 3278 μέλλοι
3407 3223 3492 3269 τις
3517 3203 3742 3275 άληθῶς

471 3296 607 3365 ipsis
664 3305 724 3349 ut
778 3294 1115 3349 cubitalibus
1160 3293 1471 3363 augmentis
1525 3301 1862 3357 crescerent,
1906 3292 2049 3359 talis1

2156 3301 2319 3355 αὑτὸν
2341 3300 2754 3365 ἐπαινέσεσθαι,
2784 3300 2957 3369 αὐτὴν
2987 3299 3117 3369 ὃλην
3161 3297 3298 3369 φαίη
3324 3300 3383 3350 ἐν
3409 3296 3744 3368 ἀνθρωπείῳ

472 3390 721 3460 inquam,
757 3388 932 3443 oratio
960 3402 1083 3459 qua;
1108 3387 1161 3441 in
1205 3386 1440 3440 aliorum
1471 3385 1738 3441 encomiis
1767 3401 1962 3458 magna
1996 3386 2049 3441 in

2160 3396 2397 3465 σχήματι
2429 3393 2499 3447 δι’
2553 3392 2765 3447 ἐκείνου
2820 3391 3055 3463 ὀφθῆναι
3082 3391 3163 3462 τῷ
3201 3390 3324 3461 βίῳ.
3352 3389 3542 3453 Οὕτως
3589 3390 3745 3459 αὑτῷ

469 3483 652 3538 laudis
674 3489 828 3553 parte
854 3488 1202 3546 numeratur,
1229 3494 1343 3536 uno
1373 3480 1429 3535 in
1459 3479 1567 3536 isto
1596 3495 1757 3550 quem
1782 3496 1931 3536 nunc
1959 3479 2049 3537 ad-

2158 3488 2343 3557 παρῆν
2405 3486 2465 3551 ἐξ
2528 3486 2705 3558 ἀρχῆς
2752 3485 2863 3539 τῶν
2900 3484 3345 3556 κατορθωμάτων
3380 3484 3444 3537 τὸ
3488 3482 3695 3537 τέλειον
3726 3497 3743 3512 ο

473 3577 738 3630 miramur
769 3573 929 3643 quasi
964 3571 1106 3627 exile
1165 3570 1426 3641 quiddam
1480 3570 1713 3625 nimium
1742 3578 1796 3626 et
1827 3584 2049 3641 prorsus

2158 3577 2544 3649 ἀπαγορεύσας
2590 3578 2655 3649 δὴ
2710 3579 2879 3632 πᾶσιν
2912 3577 3004 3647 ὑφ’
3035 3571 3109 3631 ὧν
3146 3579 3176 3631 ὁ
3215 3577 3339 3640 νοῦς
3364 3576 3553 3646 ὥσπερ
3582 3575 3748 3644 βιαίῳ

474 3667 650 3737 impar
682 3666 863 3721 locum
896 3664 1101 3720 habere
1133 3678 1242 3718 non
1272 3663 1491 3719 videtur
1522 3677 1709 3733 posse.
1750 3660 1872 3718 Non
1903 3663 2049 3717 enim

2161 3668 2490 3738 πνευμάτων
2515 3667 2864 3740 ὀχλούμενος,
2899 3668 3163 3734 πολλάκις
3197 3669 3296 3740 μὲν
3336 3668 3465 3738 ὅλην
3494 3667 3742 3721 ἀπώλεσε

475 3760 605 3815 licet
656 3759 927 3815 allirmare
975 3756 1200 3814 cubitali
1258 3756 1615 3828 proportione
1657 3762 1875 3810 auctam
1910 3754 2049 3812 illius

2155 3760 2259 3828 τὴν
2302 3758 2579 3829 λαμπάδα,
2618 3759 2763 3831 μέγα
2804 3760 2852 3814 δ⁹
2905 3761 2955 3814 εἰ
3018 3763 3117 3815 καὶ
3166 3760 3393 3831 στυγνὸν
3448 3758 3740 3829 φαίνουσαν

476 3867 602 3909 esse
645 3854 906 3906 virtutem
945 3850 1082 3907 :sed
1117 3850 1164 3906 si
1198 3864 1384 3905 veram
1435 3846 1632 3903 atierre
1682 3846 2049 3903 laudationem

2159 3852 2510 3922 περισώσειε,
2545 3851 2728 3922 μόνοις
2751 3852 2981 3918 ἐκείνοις
3013 3853 3253 3925 προσῄει
3273 3850 3355 3917 οἷς
3386 3852 3559 3924 ἀρετὴ
3588 3850 3736 3919 φίλη,

420 4004 429 4015 ,
475 3946 597 4016 ejus
626 3945 863 4000 voluerit
899 3945 1174 4016 quispiam
1202 3982 1218 4007 ,
1256 3943 1510 3998 dicturus
1553 3941 1747 4012 utique
1778 3941 1851 3998 sit
1880 3949 2052 3996 totam

477 4037 651 4106 ipsam
681 4035 734 4089 in
766 4051 832 4090 co
859 4043 1067 4106 quanta
1116 4042 1202 4089 est
1234 4032 1475 4087 humano
1535 4030 1830 4087 formatam
1864 4031 2057 4087 habitu

479 4128 625 4182 inter
658 4127 910 4182 homines
960 4127 1135 4182 visam
1186 4140 1251 4180 ac
1297 4134 1571 4180 versatam
1615 4136 1739 4179 esse
1772 4121 2059 4177 virtutem.

479 4219 633 4274 Adeo
676 4216 1073 4288 perfectionem
1107 4217 1409 4273 ciliciorum
1444 4215 1693 4270 omnium
1741 4229 1960 4286 semper
2002 4215 2057 4270 in

2165 3943 2262 3999 καὶ
2296 3934 2372 3998 ὧν
2395 3942 2609 4014 ἔμελλε,
2639 3944 2818 4013 φωτὸς
2857 3943 2971 4008 υἱὸς
3020 3945 3377 4015 χρηματίζων
3422 3942 3749 4014 προσθήκην

2166 4034 2344 4105 φωτὸς
2368 4034 2689 4105 λαμϐάνειν,
2719 4036 2885 4106 ίεροῖς
2916 4035 3151 4106 μάλιστα
3193 4035 3476 4107 μαθήμασι
3503 4031 3749 4106 προσιὼν

2168 4126 2265 4179 καὶ
2291 4124 2411 4195 Θεῷ
2436 4124 2501 4178 δι’
2521 4124 2822 4179 ἀπαύστων
2855 4125 3173 4198 προσευχῶν
3214 4126 3419 4196 ὁμιλῶν
3453 4142 3512 4178 τε
3542 4125 3635 4179 καὶ
3670 4125 3755 4176 oi-

2167 4219 2508 4291 κειούμενος.
2556 4218 2705 4274 Ἔδει
2744 4220 2802 4274 δὲ
2835 4221 2946 4293 ἄρα
2995 4220 3098 4291 τῆς
3140 4220 3457 4291 σωματικῆς
3488 4220 3757 4291 λάπηρτη-

1996 4352 2232 4413 NOTAE.

559 4470 668 4540 (ll)
698 4470 887 4525 lnnuit
953 4471 1219 4541 canonem
1264 4470 1333 4525 68
1382 4471 1753 4541 apostolorum
1792 4485 1954 4541 quem
2005 4481 2060 4526 et

2168 4476 2535 4549 pernegarim,
2581 4476 2751 4549 te.pr
2791 4477 2882 4532 hic
2908 4476 3304 4549 Christianum
3358 4483 3537 4538 sonet,
3564 4470 3759 4549 habita

485 4544 684 4668 gagina
740 4542 988 4610 sequenti
1045 4540 1192 4612 ἱερὸν
1247 4540 1530 4609 διάταγμα
1576 4540 1841 4596 nominat.
1890 4540 1937 4593 Is
1980 4542 2139 4606 sicD
2169 4540 2380 4603 ratione
2425 4540 2846 4603 consuetudinis
2907 4548 3123 4603 illorum
3193 4556 3500 4615 temporum
3548 4543 3760 4612 quibus

529 4615 652 4668 abet
684 4631 696 4666 :
731 4613 798 4665 Εἴ
820 4629 902 4668 τις
944 4611 1261 4668 ἐπίσκοπος.
1314 4612 1347 4668 ἦ
1385 4611 1779 4668 πρεσϐύτερος.
1808 4612 1841 4668 ἢ
1878 4612 2062 4665 διάκο-
2171 4618 2473 4668 bantismtts
2507 4634 2613 4668 non
2644 4620 2756 4668 fere
2795 4619 2901 4668 nisi
2953 4618 3155 4668 adultis
3181 4617 3590 4668 conferebatur.

529 4611 652 4668 abet
684 4631 696 4666 :
731 4613 798 4665 Εἴ
820 4629 902 4674 τις
944 4611 1261 4682 ἐπίσκοπος,
1314 4612 1347 4681 ἦ
1385 4611 1779 4682 πρεσϐύτερος,
1808 4612 1841 4682 ἢ
1878 4612 2062 4665 διάκο-

488 4702 599 4749 νος,
629 4684 662 4753 ἢ
695 4684 1069 4752 ἁναγνώστης,
1122 4681 1153 4751 ἢ
1191 4681 1431 4753 ψάλτης,
1460 4683 1560 4751 τὴν
1586 4683 1747 4748 ἁγίαν
1782 4683 1824 4734 Τ
1828 4681 2065 4753 εσσαρατ-

489 4751 689 4825 κοστῆν
744 4754 840 4808 τοῦ
892 4751 1133 4825 Πάσχαη
1173 4751 1205 4823 ἣ
1240 4751 1495 4825 τετράδα,
1534 4753 1566 4822 ἢ
1608 4751 1970 4825 βαρασκευὴν
2001 4752 2063 4805 οὐ

491 4821 762 4896 νηστεύοι,
818 4821 1203 4896 καθαιρείσθω
1248 4821 1426 4896 ἐκτὸς,
1472 4825 1529 4896 Δεἰ
1673 4821 2064 4896 διδ-ἀσθένειαν

492 4892 814 4966 σωματικὴν
856 4892 1223 4965 ἐμποδίζοιτο.
1269 4895 1330 4946 ΕΞ
1365 4893 1422 4945 δὲ
1472 4892 1659 4966 λα’ίκὸς
1710 4893 1830 4966 εἴη,
1871 4893 2067 4966 ἀφοριῄ

492 4962 697 5030 ζέσθω·
729 4962 829 5020 hoc
849 4962 933 5022 est
972 4966 1070 5020 :Si
1095 4965 1211 5035 quis
1235 4965 1531 5032 episcopus,
1564 4964 1644 5035 pel
1679 4962 2068 5035 presbyter,'vel

493 5038 772 5099 diaconus,
805 5036 880 5091 vel
940 5033 1142 5101 lector,
1182 5037 1261 5090 vel
1303 5044 1512 5097 cantor,
1554 5033 1778 5088 Paschw
1814 5035 2070 5096 Quadra-

491 5108 747 5177 gcsimam
774 5124 879 5161 non
908 5107 1130 5176 iejunat,
1167 5108 1244 5160 vel
1282 5116 1534 5175 quartum
1558 5105 1731 5177 diem,
1787 5105 1865 5157 uel
1896 5104 2070 5157 Para-

493 5176 697 5241 sceven,
750 5189 1100 5248 prceterquam
1132 5178 1180 5231 si
1216 5176 1845 5248 propterjnﬁrmitatem
1881 5191 2071 5243 corpo-

494 5248 663 5303 ralem
693 5245 1035 5317 iinpediatur,
1067 5248 1383 5315 deponatur.
1429 5245 1489 5300 Si
1517 5247 1586 5300 sit
1644 5256 1825 5317 autent
1878 5248 2068 5309 laicus,

495 5316 810 5390 segregetur.
867 5320 1170 5390 Commune
1213 5319 1432 5387 quidem
1488 5316 1950 5390 eratomnium,
2014 5323 2074 5369 ut

495 5387 623 5446 mox
643 5387 976 5452 videbimus,
1009 5389 1450 5443 Christianorum
1479 5387 1752 5457 jejunium
1782 5397 1992 5454 quartae
2020 5393 2076 5457 et

500 5470 671 5516 sextae
699 5462 867 5518 ferite.
893 5460 1101 5515 Tamen
1122 5459 1252 5528 quia
1291 5459 1342 5513 id
1375 5456 1591 5513 clericis
1624 5458 1887 5526 peculiari
1914 5456 2076 5511 modo

502 5531 808 5599 injunctum
835 5541 972 5597 erat,
1011 5533 1162 5585 visus
1197 5540 1283 5584 est
1315 5528 1572 5583 Nieolaus
1604 5529 1723 5599 jam
1749 5537 1862 5580 tum
1890 5529 2077 5599 incu-

503 5597 591 5672 nis
645 5604 802 5672 quasi
830 5611 1026 5671 sponte
1041 5616 1162 5657 sese
1202 5602 1258 5654 in
1279 5600 1604 5672 clericorum
1630 5598 1875 5672 ordinem
1912 5597 2076 5672 obtu-

508 5667 637 5724 lisse
662 5667 807 5751 Ξ.ηυί
835 5667 895 5727 se
926 5674 1029 5727 iSta
1049 5672 1313 5752 peculiari
1336 5671 1661 5752 clericoran
1695 5669 2080 5752 observatione

508 5737 1074 5810 constrictumrquasi
1137 5744 1510 5810 profiteretur.
1580 5738 1890 5810 Notandum
1948 5737 2078 5810 _hoc

508 5803 613 5879 fuit
647 5816 706 5879 u_t
756 5803 1156 5879 intelligeretur
1179 5810 1347 5879 ,ηυοᾴ
1384 5826 1511 5864 ιιιοι
1540 5808 1826 5879 sequitur,
1890 5808 2081 5879 πόρρω

508 5874 614 5946 πρὸ
641 5876 740 5947 τῆς
760 5874 976 5945 ἡλικίας
1020 5878 1163 5946 ἱερός
1206 5874 1266 5933 τε
1313 5877 1402 5950 ἦν.
1437 5879 1554 5937 Nisi
1588 5874 1749 5945 forte,
1781 5878 1926 5949 quod
1965 5874 2082 5935 ἰίοιι

2170 4618 2473 4673 bantismus
2507 4634 2613 4672 non
2644 4620 2756 4673 fere
2795 4619 2901 4673 nisi
2953 4618 3155 4673 adultis
3181 4617 3590 4672 conferebatur.

2278 4633 2473 4673 ttsmus
2507 4634 2613 4672 non
2644 4633 2756 4673 tere
2795 4633 2901 4673 m8l
2953 4633 3155 4673 anulus
3181 4633 3590 4672 contemnatur.

2242 4633 2359 4759 flii)
2393 4687 2550 4744 Hunc
2586 4690 2762 4743 locum
2793 4698 3013 4743 enarret
3064 4689 3403 4759 Augustinus
3426 4687 3584 4759 epist.
3732 4700 3750 4736 :

2171 4754 2282 4813 Cur
2304 4754 2501 4824 autem,
2528 4760 2725 4829 inquit,
2745 4768 2941 4827 quarta
2956 4768 3006 4813 et
3023 4754 3175 4813 sexta
3205 4759 3340 4827 feria
3365 4754 3761 4829 niaxitnepjeju-

2173 4841 2257 4883 net
2275 4829 2535 4895 Ecclesia,
2550 4827 2646 4883 illa
2662 4831 2799 4882 ratio
2821 4829 2970 4899 reddi
2996 4830 3220 4892 videtur,
3238 4827 3400 4899 quod,
3422 4827 3763 4881 considerato

2177 4899 2490 4971 Evangelia,
2525 4903 2640 4970 ipsa
2660 4911 2855 4969 quarta
2888 4898 3131 4957 Sabbati.
3150 4917 3307 4969 quam
3325 4902 3477 4971 uulgo
3507 4906 3762 4971 quartam

2176 4966 2367 5041 feriant
2396 4966 2908 5041 vocant,con‘ciliunt
2940 4966 3275 5038 reperiuntur
3311 4970 3378 5041 ad
3398 4966 3755 5041 occidendum

2181 5037 2462 5095 Dominum
2487 5042 2673 5107 [ecisae
2700 5039 2899 5111 Judwi.
2943 5037 3008 5094 Et
3050 5042 3213 5111 paulo
3251 5039 3480 5095 inferius
3500 5037 3763 5111 :_P_a‘ssn_s

2175 5122 2255 5167 est
2323 5106 2579 5165 Dominus
2622 5110 2783 5181 (quod
2817 5112 2996 5165 nullus
3049 5106 3476 5181 ambigit)rsexta
3507 5106 3759 5181 Sublimi,

2177 5194 2493 5253 quapropter
2514 5191 2563 5237 et
2583 5176 2698 5253 ipsa
2718 5191 2867 5235 sexta
2893 5192 3028 5236 recte
3042 5176 3252 5251 jejunio
3278 5176 3612 5253 ἰίεριιιιιιιιν.⁸
3626 5176 3759 5253 llaec

2182 5247 2408 5308 sanctus
2421 5247 2634 5309 doctor.
2662 5251 2737 5305 Ex
2752 5254 2953 5321 quibus
2973 5247 3118 5321 patet
3134 5247 3570 5321 antiquissimam
3591 5247 3768 5321 fuisse

2182 5325 2342 5378 istam
2371 5317 2809 5379 observationem
2838 5317 3030 5392 jejunii
3049 5317 3561 5393 quartte'sextmque
3587 5317 3763 5393 feria-

2182 5409 2325 5464 rum.
2361 5394 2532 5464 Cujus
2560 5405 2753 5464 prazter
2780 5388 3113 5450 Clementem
3137 5388 3762 5464 Romanum,lgnatius,

2182 5461 2598 5528 Tertullia'nus',
2659 5463 2915 5519 Clemens
2997 5464 3436 5527 Alexandrinus,
3496 5461 3766 5529 Origenes

2184 5534 2386 5604 aliique
2444 5535 3137 5604 meminerunt,quorum
3196 5532 3511 5588 testimonia
3567 5529 3766 5584 recitat

2185 5603 2453 5659 Baronius
2487 5606 2555 5659 ad
2596 5620 2797 5659 annum
2830 5603 3038 5660 Christi
3068 5604 3138 5659 54
3166 5612 3219 5660 et
3248 5604 3335 5658 57.

2256 5675 2369 5744 (t5)
2391 5676 2537 5731 tuter
2561 5690 2744 5735 voces.
2770 5675 2964 5746 πόρρω
2993 5683 3050 5731 et
3084 5675 3209 5745 τῆς,
3228 5671 3599 5746 intindendam
3628 5677 3766 5746 puto

2186 5740 2513 5817 particulam
2568 5746 2698 5818 πρό.
2724 5740 2898 5802 Paulo
2957 5756 3103 5818 post.
3143 5740 3504 5818 ⁷ὁ⁵νηπιάζων
3549 5740 3763 5818 και-ρᾷς.

2189 5812 2434 5891 pueritiae
2469 5812 2709 5892 tempus,
2742 5818 2890 5889 quod
2916 5812 3112 5875 stultos
3141 5817 3253 5873 dies
3276 5812 3554 5873 ’Tibultus
3601 5812 3763 5868 dixit.
