4072 6446
347 365 454 431 ΞῙ3

1104 406 1107 407 ν
1140 374 1422 434 ORATIO
1458 375 1643 435 XVII.
1678 401 1748 414 —
1780 376 1877 457 [NQ
1902 377 1962 437 S.
1990 374 2383 436 NICOLAUM
2422 376 2870 437 MYRENSEM.

3504 374 3614 439 21a

346 480 550 565 σμένης
577 478 884 550 αὐξήσεως,
922 479 1017 533 καὶ
1047 481 1108 535 τὸ
1134 482 1228 551 τῆι,
1252 482 1430 554 ψυχῆς
1455 483 1659 537 τέλειον
1682 484 1925 554 ἐπίδηλον

2037 483 2154 537 suis
2208 484 2453 540 moribus
2516 484 2586 539 ab
2654 484 2777 554 ipso
2846 485 3118 556 principio
3188 489 3621 556 reprazsentarit.

343 573 693 643 γεγενῆσθαι,
720 573 816 626 καὶ
849 572 930 637 είς
964 574 1144 628 κοινὸν
1169 574 1382 644 ὄφελος,
1429 577 1554 629 ὅτου
1603 576 1929 646 πράγματος

343 664 515 734 μετῆν
547 661 770 726 ἱκανῶς,
803 665 1161 733 καταστῆναι.
1208 664 1363 717 Ἐπεὶ
1392 666 1488 719 καὶ
1534 666 1768 737 Χριστὸς
1789 665 1927 719 ὁτοῦ

338 758 550 827 κόσμου
599 754 791 825 Σωτὴρ
855 755 980 807 τότε
1028 754 1341 826 ἀνθρώποις
1376 756 1703 827 γνωρίζεται
1740 750 1815 812 ὧν
1843 758 1927 829 εἴη

341 848 606 917 ἐργάτης,
638 847 729 899 ὅτε
761 843 824 899 τὸ
871 845 1071 916 μέτρον
1116 846 1266 917 αὐτῷ
1305 849 1404 900 οὐκ
1431 847 1506 900 ἔτ’
1541 846 1647 911 ἔδει
1671 849 1770 918 τῆς
1807 849 1929 917 ἡλι-

342 941 492 1001 κίας.
536 939 727 1001 Ὀντος
759 934 852 992 οῦν
890 938 1156 1010 ἑπομένου
1192 938 1284 991 τὸν
1328 939 1625 1009 ὑπερφυῶς
1649 940 1744 993 καὶ
1772 956 1932 1009 γεγο-

340 1030 469 1083 νότα
490 1034 585 1083 καὶ
628 1029 955 1100 βεϐιωκότα,
1007 1032 1291 1101 οἰκονόμον
1345 1031 1579 1103 ὀφθῆναι
1624 1032 1731 1085 τῶν
1759 1031 1927 1104 ὑπερ-

294 1190 307 1205 ,
340 1124 515 1195 φυῶν,
546 1123 689 1178 οὕτω
737 1124 833 1178 καὶ
887 1125 1119 1192 γίνεται.
1167 1125 1283 1179 Ἵνα
1326 1127 1385 1180 δὲ
1505 1127 1703 1197 ἀμιγὲς
1729 1126 1931 1197 θνητῆς

346 1213 674 1283 ἐπικρίσεως
698 1215 793 1267 καὶ
820 1212 1074 1286 καθαρῶς
1104 1213 1247 1269 θεῖον
1276 1215 1336 1269 τὸ
1364 1218 1667 1288 γινόμενον,
1692 1217 1793 1270 οὐκ
1835 1219 1931 1271 ἀν·

343 1304 577 1373 θρὼπων
607 1305 671 1357 ἐκ
701 1305 804 1373 γῆς
826 1305 927 1374 τὴν
952 1306 1134 1375 ψῆφον
1166 1305 1502 1371 πιστεύεται,
1534 1307 1651 1360 ἀλλ’
1678 1308 1930 1379 οὐράνιος

340 1397 588 1467 χρησμὸς
633 1398 728 1450 ἐπὶ
774 1397 866 1450 τὸν
895 1399 1277 1469 ἀρχιερατικὸν
1298 1399 1460 1453 αὐτὸν
1508 1398 1678 1469 ἱδρύει
1715 1399 1927 1471 θρόνον.

340 1491 554 1561 Μικρὸν
582 1490 638 1543 δὲ
668 1489 877 1543 ἀνωθεν
930 1490 1217 1545 ἀναλαϐὼν
1254 1492 1285 1545 ὁ
1329 1490 1486 1560 λόγος
1529 1493 1837 1562 ἀπαγγελεῖ
1866 1493 1929 1547 τὸ

337 1580 605 1651 διήγημαο

2035 573 2302 629 Omnibus
2330 576 2439 631 illis
2472 577 2797 631 renuntians
2849 591 2879 630 a
2933 578 3135 646 quibus
3164 592 3323 635 mens
3354 586 3623 649 tanquam

2035 665 2383 721 vehementia
2432 676 2722 723 ventorum
2773 669 3050 739 exagitata
3079 684 3221 738 saepe
3266 670 3490 739 quidem
3531 671 3621 726 in-

2036 766 2247 832 tegram
2304 761 2727 817 exstinctionem
2810 764 2985 820 totius
3050 763 3325 834 lampadis
3394 766 3620 835 patitur,

2040 868 2412 924 magnumque
2475 854 2522 911 si
2580 856 2665 911 vel
2724 856 2958 911 luridam
3024 864 3079 912 et
3141 866 3396 912 maestam
3450 858 3616 912 semi-

2039 955 2274 1001 mortuae
2309 947 2447 1003 facis
2477 950 2780 1006 servaverit
2816 950 3148 1004 ﬂammulam
3180 987 3196 1013 ,
3229 965 3353 1005 cum
3385 950 3455 1006 iis
3487 950 3622 1007 solis

2031 1042 2358 1095 versabatur
2407 1042 2611 1110 quibus
2661 1043 2828 1099 chara
2881 1046 3094 1111 virtus;
3150 1057 3218 1098 ex
3270 1057 3620 1113 quorumque

2035 1133 2441 1188 consuetudine
2500 1134 2644 1189 ﬁlius
2701 1135 2822 1205 ipse
2883 1136 3026 1191 lueis
3087 1134 3373 1189 adventitii
3458 1136 3626 1189 lumi-

2030 1224 2122 1279 nis
2182 1233 2480 1294 augmento
2534 1227 2818 1297 proprimn
2882 1243 3044 1282 suum
3107 1228 3454 1291 cumularet,

2039 1314 2151 1371 eris
2178 1316 2417 1371 maxime
2473 1315 2793 1387 disciplinis
2832 1332 3038 1373 vacans
3082 1327 3137 1373 et
3180 1332 3306 1371 eum
3330 1317 3442 1371 Deo
3476 1332 3621 1370 nun-

2039 1420 2204 1476 quam
2260 1409 2598 1466 intermissis
2663 1411 3075 1481 precationibus
3127 1424 3316 1478 agens,
3350 1423 3517 1479 seque
3540 1407 3619 1461 illi

2039 1500 2356 1557 admovens.
2416 1502 2716 1573 Oportebat
2760 1517 2929 1573 porro
2966 1501 3076 1569 jam
3108 1500 3174 1554 ad
3219 1498 3620 1570 plenitudinem

2038 1591 2219 1648 aetatis
2249 1592 2436 1647 adulto
2480 1608 2745 1661 corpore,
2794 1593 2992 1647 animat
3037 1607 3258 1662 quoque
3310 1590 3618 1661 perfectum

335 1681 541 1731 statum
584 1688 853 1744 apparere
889 1674 1200 1741 manifesto,
1253 1685 1418 1746 atque
1474 1675 1529 1731 in
1578 1691 1927 1734 communem
1965 1683 2197 1751 produci
2233 1685 2520 1739 utilitatem
2555 1686 2609 1739 id
2643 1702 2755 1756 quo
2795 1686 2889 1740 ille
2933 1684 3168 1739 valebat.
3235 1683 3508 1750 Quoniam
3567 1688 3622 1739 et

337 1766 532 1819 mundi
565 1766 819 1820 Salvator
846 1766 1103 1822 Christus
1147 1776 1261 1822 tum
1308 1769 1527 1823 demum
1573 1786 1731 1827 suam
1770 1772 1920 1827 illam
1997 1774 2311 1833 hominibus
2372 1778 2659 1834 miriﬁcam
2682 1780 2790 1832 vim
2812 1779 3054 1833 ostendit
3087 1778 3308 1848 quando
3340 1776 3455 1847 jam
3480 1784 3618 1831 aeta-

334 1861 406 1915 tis
462 1857 567 1927 ipsi
622 1872 883 1912 mensura
938 1874 1047 1913 non
1099 1858 1310 1915 deerat.
1348 1860 1707 1932 Consequens
1757 1863 1926 1935 igitur
1960 1878 2086 1919 cum
2123 1876 2269 1924 esset
2295 1883 2421 1923 eum
2464 1870 2557 1940 qui
2590 1885 2754 1940 supra
2829 1880 3085 1924 naturam
3137 1878 3191 1923 et
3242 1878 3407 1926 natus
3468 1877 3616 1925 esset

333 1955 389 2003 et
430 1949 655 2004 vixissi:t
696 1954 749 2004 in
803 1950 1307 2020 supernaturalium
1350 1950 1792 2023 dispensatorem
1830 1969 2014 2009 rerum
2048 1968 2212 2027 atque
2263 1957 2651 2014 administrum
2726 1958 2949 2013 tandem
3012 1960 3268 2024 evadere,
3300 1961 3383 2016 sic
3451 1962 3618 2031 plane

333 2042 585 2111 contigit.
633 2042 703 2095 At
750 2049 809 2095 ut
874 2041 1024 2096 nullo
1077 2043 1330 2125 mortalis
1369 2045 1537 2098 ullius
1588 2045 1911 2116 prmjudicio
1951 2049 2137 2114 mista,
2168 2048 2264 2104 sed
2293 2066 2441 2106 mere
2462 2051 2646 2107 divina
2675 2067 2739 2107 ea
2768 2068 2856 2111 res
2899 2060 3069 2117 esset,
3122 2066 3236 2107 non
3327 2051 3378 2108 is
3442 2054 3618 2108 bomio

337 2149 468 2189 num
521 2132 868 2187 terrestrium
921 2131 1156 2199 calculo,
1204 2133 1300 2188 sed
1357 2134 1571 2189 caelesti
1606 2134 1834 2190 oraculo
1892 2135 1948 2191 iu
2025 2138 2326 2208 pontiﬁcali
2373 2140 2676 2197 collocatus
2720 2142 3053 2197 esttbrono.
3078 2143 3251 2213 Cujus
3300 2145 3378 2201 rei
3413 2160 3616 2199 narra-

335 2227 549 2283 tionem
576 2226 739 2296 paulo
767 2225 934 2280 altius
964 2224 1188 2279 ductam
1224 2226 1541 2295 subjiciam.

427 2319 488 2373 '0
507 2317 840 2390 πρὶνλαχὼν
864 2317 1072 2372 διέπειν
1092 2319 1388 2391 ἀρχιερεὺς
1421 2320 1521 2390 τὴν
1552 2319 1692 2389 μετά
1715 2319 1925 2393 ἀνθρώ-

2103 2317 2208 2384 Qui
2235 2328 2363 2374 ante
2394 2319 2543 2375 hunc
2567 2320 3093 2390 archiepiscopalem
3116 2330 3234 2377 erat
3265 2323 3619 2379 administra-

342 2429 463 2465 πων
515 2410 661 2481 ζωὴν
702 2410 871 2482 ᾤχετο
914 2406 1205 2474 λελοιπώς.
1263 2411 1663 2484 Ἐπιζητούσης
1705 2412 1763 2467 δὲ
1821 2413 1921 2484 τῆς

339 2505 615 2573 πανάγνου
648 2504 918 2566 παστάδος
967 2503 1058 2556 τὸν
1090 2504 1208 2559 ἀντ’
1238 2504 1452 2560 ἐκείνου
1502 2504 1759 2576 νυμφίον,
1797 2506 1922 2561 σύλ-

332 2594 491 2663 λογος
526 2593 692 2665 ίερὺς,
718 2594 843 2657 ὅσος
872 2593 968 2647 καὶ
998 2596 1056 2646 ὲν
1080 2594 1396 2665 ἀρχιερεῦσι
1425 2594 1520 2648 καὶ
1547 2594 1753 2666 ἱερεῦσι
1787 2593 1921 2648 Θεοῦ

337 2685 743 2759 συνεληλυθὼς,
777 2684 970 2758 βουλὴν
999 2686 1122 2756 ἥτις
1152 2686 1349 2757 ἀρίστη
1377 2687 1643 2740 διαθεῖναι
1665 2687 1797 2758 περὶ
1824 2687 1923 2758 τῆς

332 2782 488 2852 ἱερᾶς
519 2779 824 2850 μνηστείας
857 2778 1097 2848 σπουδὴν
1115 2779 1372 2831 ἐποιεῖτο.
1401 2776 1583 2850 Οὔσης
1611 2779 1669 2832 δὲ
1697 2779 1919 2850 πολλῆς,

332 2873 406 2935 ὡς
435 2870 606 2935 εἰκὸς,
638 2868 879 2937 ἀγωνίας
898 2869 1083 2932 αὐτοῖς
1116 2869 1418 2940 (μεγίστων
1442 2869 1551 2940 γάρ
1601 2868 1828 2938 ἀγώνων
1853 2870 1922 2923 τὰ

340 2962 549 3033 μεγάλα
577 2960 686 3014 τῶν
739 2960 1083 3031 πραγμάτων
1109 2960 1391 3032 ἢρτηται),
1435 2961 1529 3014 καὶ
1559 2961 1779 3014 τοσοῦτο
1800 2961 1922 3032 μεί-

335 3055 485 3118 ζονος
516 3054 634 3125 (Η)
685 3055 810 3107 ὅσον
869 3053 1102 3107 καὶτῶν
1152 3052 1414 3106 κινδύνων
1458 3052 1520 3106 τὸ
1567 3052 1818 3123 μέγεθος,
1846 3051 1921 3123 μὴ

331 3146 704 3219 ἀρμοσθείσης
752 3143 852 3215 τῆς
902 3145 1215 3215 οἰκονομίας
1252 3144 1331 3215 τῷ
1371 3145 1679 3215 πράγματι,
1718 3144 1916 3216 βουλὴν

332 3238 682 3311 βουλεύονται
706 3238 924 3308 ἀληθῶς
986 3237 1300 3308 ἰερὼσυνον.
1331 3238 1427 3303 Τίς
1452 3237 1630 3306 αῦτη;
1670 3238 1920 3306 Ἀνενεγ-

333 3335 454 3386 κεῖν
479 3330 541 3384 τὸ
575 3331 685 3383 πᾶν
712 3331 791 3392 είς
819 3326 972 3383 Θεόν.
1010 3329 1252 3382 Ἐκεῖθεν
1290 3346 1350 3381 τε
1398 3329 1737 3395 παραμένειν
1769 3328 1920 3399 ἥξειν

335 3424 402 3476 τὸ
448 3422 546 3491 τῆς
594 3420 916 3489 διοικήσεως
945 3416 1058 3489 (15)
1093 3416 1354 3486 ἀσφαλές.
1386 3418 1588 3488 Εὐχαῖς
1612 3417 1793 3470 τοίνυν
1826 3418 1921 3470 καὶ

339 3514 613 3585 νηστείαις
634 3513 886 3581 καθάπερ
916 3510 1223 3574 ὠκυτάτοις
1272 3514 1489 3582 πτεροῖς
1520 3511 1601 3574 είς
1628 3509 1856 3582 οὐρανὸν
1886 3511 1918 3581 ἡ

337 3607 540 3677 σπουδὴ
575 3607 761 3668 αὐτοῖς
810 3603 1068 3667 ἀνιοῦσα,
1115 3602 1210 3655 τοῦ
1262 3601 1596 3673 ζητουμένου
1636 3603 1914 3672 τυγχάνει.

2025 2410 2236 2466 tionem
2265 2412 2507 2467 sortitus
2536 2412 2757 2466 mortali
2786 2412 3085 2467 defunctus
3112 2415 3224 2468 vita
3257 2430 3323 2469 ex
3359 2416 3617 2477 humanis

2029 2503 2263 2559 abierat.
2295 2502 2433 2558 Cum
2462 2504 2743 2575 virgineus
2781 2520 2947 2576 porro
2980 2506 3256 2562 thalamus
3288 2507 3456 2561 alium
3492 2508 3616 2577 ejus

2026 2594 2148 2650 loco
2175 2610 2441 2666 sponsum
2471 2597 2834 2663 desideraret,
2866 2606 3172 2655 conventus
3200 2615 3359 2655 sacer
3385 2616 3450 2655 ex
3479 2617 3620 2671 pon-

2026 2685 2270 2744 tiﬁcibus
2298 2696 2354 2743 et
2378 2690 2759 2746 sacerdotibus
2810 2691 2904 2746 Dei
2958 2692 3224 2748 collectus
3250 2694 3487 2749 consilio
3508 2710 3610 2750 ex-

2020 2779 2209 2850 pedire
2245 2795 2406 2850 quam
2467 2792 2651 2851 posset
2712 2784 2921 2855 optimo
2966 2800 3155 2840 sacras
3212 2786 3335 2842 illas
3388 2788 3615 2856 nuptias

2033 2871 2343 2944 satagebat.
2372 2872 2507 2929 Cum
2532 2890 2659 2930 vero
2676 2877 2867 2943 multa,
2884 2885 2943 2931 ut
2964 2878 3018 2932 in
3039 2875 3425 2933 deliberatione
3441 2886 3616 2946 tanta,

2028 2964 2369 3035 perplexitas
2393 2976 2540 3021 esset
2577 2967 2858 3038 (maximis
2892 2968 3040 3023 enim
3080 2984 3145 3024 ex
3193 2969 3615 3027 discriminibus

2035 3073 2361 3130 magnorum
2416 3062 2763 3131 negotiorum
2796 3064 2977 3118 exitus
3028 3063 3314 3133 pendent),
3356 3077 3422 3117 ac
3462 3072 3618 3119 tanto

2022 3151 2293 3209 dillicilior
2330 3154 2585 3224 expeditu
2617 3164 2768 3211 esset
2815 3155 3008 3211 electio
3037 3163 3247 3226 quanto
3278 3156 3490 3225 majora
3518 3172 3615 3225 pe-

2022 3246 2202 3303 ricula
2231 3261 2297 3301 ex
2322 3261 2510 3302 errore
2542 3248 2588 3301 si
2619 3249 2746 3318 quis
2805 3248 2856 3301 in
2891 3263 2955 3302 ea
2983 3248 3424 3305 committeretur
3463 3263 3602 3304 con-

2023 3348 2282 3395 secutura
2306 3339 2755 3410 providebantur,
2786 3339 3079 3394 consilium
3111 3342 3337 3409 capiunt
3358 3356 3485 3395 vere
3514 3356 3602 3396 sa-

2022 3431 2321 3486 cerdotale.
2348 3430 2637 3496 Quodnam
2673 3446 2804 3486 vero
2832 3431 3001 3486 illud?
3028 3428 3163 3485 Rem
3195 3445 3415 3486 omnem
3467 3432 3608 3486 refe-

2024 3521 2251 3576 rendam
2306 3521 2374 3577 ad
2439 3521 2630 3577 Deum.
2706 3521 3153 3592 Exspectandum
3212 3522 3341 3578 inde
3411 3531 3611 3577 ventu-

2024 3626 2139 3667 ram
2172 3614 2473 3670 salutarem
2500 3614 2892 3669 resolutionem
2940 3613 3342 3679 intrieatissimi
3377 3614 3607 3682 negotii.

329 3697 429 3767 Εἷς
454 3701 561 3771 γάρ
586 3716 671 3764 τις
710 3700 810 3769 τῆς
843 3698 992 3767 ἱερᾶς
1018 3696 1235 3767 ἐκείνης
1265 3695 1489 3765 λογάδος
1526 3694 1657 3766 θείῳ
1682 3694 1915 3766 χρησμῷ

2030 3706 2165 3776 Ergo
2196 3722 2322 3761 eum
2402 3706 2749 3761 orationibus
2817 3716 2872 3761 et
2910 3705 3138 3774 jejuniis
3196 3680 3468 3775 tanquam
3512 3705 3615 3761 alis

328 3796 437 3849 τῶν
460 3791 740 3863 λογισμῶν
780 3788 1106 3842 ὑπεκλύοντι
1153 3788 1255 3857 τὴν
1307 3787 1578 3857 ἀπορίαν,
1631 3803 1921 3857 μυσταγω-

2018 3796 2388 3853 velocissimis
2431 3798 2705 3852 evolasset
2755 3797 2809 3851 in
2841 3798 3043 3852 ccelum
3078 3797 3323 3865 ipsorum
3368 3797 3615 3862 devotio,

328 3893 506 3957 γεῖται
537 3886 637 3958 τήν
668 3900 729 3936 τε
762 3880 1159 3953 προσηγορίαν.
1206 3880 1300 3932 καὶ
1344 3879 1466 3933 ὅποι
1502 3879 1596 3931 τὸν
1631 3878 1802 3949 ἄνδρα
1831 3879 1923 3930 εύ-

2030 3896 2181 3943 nacta
2240 3888 2313 3943 ibi
2377 3887 2521 3957 quod
2587 3888 2865 3957 quaerebat
2921 3897 3028 3943 est.
3089 3886 3242 3942 Unus
3289 3888 3434 3941 enim
3492 3887 3613 3957 qui-

332 3978 533 4051 ρῆσθαι
583 3977 788 4044 δεήσει.
838 3970 1241 4043 Παραφυλάξας
1274 3969 1330 4023 δὲ
1379 3968 1470 4022 τὸν
1501 3969 1713 4022 τόπονὸ
1744 3985 1922 4039 μεμυ-

2030 3982 2145 4036 dam
2204 3995 2274 4037 ex
2328 3993 2490 4036 sacro
2566 3980 2663 4038 illo
2720 3988 2909 4043 coetu,
2982 3980 3211 4033 oraculo
3277 3978 3467 4032 divino
3524 3992 3617 4030 ra-

331 4068 765 4140 σταγωγημένος
820 4062 908 4137 (ἦν
963 4065 1008 4119 δ’
1064 4064 1174 4136 ἄρα
1212 4061 1309 4116 τοῦ
1373 4061 1505 4116 ναοῦ
1549 4079 1602 4115 τι
1658 4061 1823 4133 μέρος
1863 4055 1925 4116 οὗ

2030 4071 2198 4128 tionis
2246 4072 2503 4127 humana:
2558 4072 2959 4127 dubitationem
3007 4070 3350 4141 expediente,
3406 4077 3461 4123 et
3509 4068 3617 4123 viri

326 4163 684 4235 προσομιλεῖν
736 4162 764 4213 ὁ
813 4160 987 4231 μέγας
1038 4154 1279 4210 εἶσθιστο
1324 4154 1592 4219 Νικόλαος
1637 4154 1716 4226 τῷ
1752 4152 1918 4224 Θεῷ),

2030 4179 2228 4220 nomen
2290 4162 2554 4220 edocetur
2583 4175 2638 4220 et
2669 4163 2851 4218 locum
2879 4163 2970 4219 ubi
3002 4163 3358 4232 reperiendus
3398 4160 3444 4216 is
3473 4170 3614 4215 erat.

332 4257 638 4310 ἐπιστάντα
673 4255 895 4325 κατέχει
932 4249 1069 4322 (16),
1112 4249 1205 4302 καὶ¹
1235 4251 1348 4312 τοῖς
1376 4247 1585 4301 ἐκείνου
1614 4249 1821 4318 ῥήμασι
1850 4245 1921 4300 τά

2030 4255 2152 4324 Quo
2203 4255 2532 4322 observato,
2601 4254 2693 4311 ille
2757 4256 2844 4311 cui
2900 4254 3165 4310 revelatio
3245 4252 3391 4309 facta
3441 4251 3620 4307 fuerat

327 4348 396 4400 ὲκ
417 4349 516 4416 τῆς
537 4344 713 4415 ὂψεως
732 4343 1048 4414 συμὸαλὼν,
1072 4339 1165 4393 τὸν
1179 4338 1348 4411 ἄνδρα
1363 4337 1735 4405 διαγινώσκει.
1763 4336 1920 4391 Οῦτω

325 4455 389 4491 τε
422 4438 519 4490 σὺν
545 4439 614 4507 τῇ
642 4433 897 4508 παρούσῃ
936 4434 1059 4505 ἱερᾷ
1088 4429 1288 4502 πληθύῖ
1320 4429 1708 4501 τῇἘκκλησίᾳ
1738 4446 1920 4499 νυμφ-

328 4545 560 4597 αγωγει.

2029 4350 2170 4417 (erat
2198 4354 2379 4400 autem
2415 4346 2463 4401 is
2495 4345 2653 4401 locus
2706 4360 2837 4416 pars
2888 4343 3137 4415 quaedam
3198 4343 3334 4399 :edis
3382 4342 3472 4397 ubi
3511 4340 3619 4395 frui

2028 4436 2125 4492 Dei
2153 4436 2450 4508 colloquiis
2479 4450 2715 4508 magnus
2742 4420 3423 4506 consueverat'Nicolaus)
3464 4442 3619 4489 stan-

2027 4537 2136 4582 tem
2175 4528 2247 4583 ibi
2277 4528 2639 4600 deprehendit
2670 4529 2855 4585 divina
2880 4529 2984 4585 sibi
3028 4529 3241 4584 visione
3268 4527 3617 4582 demonstra-

329 4629 449 4673 tum
495 4619 696 4671 virum.
751 4614 908 4669 lluiic
936 4616 1081 4669 enim
1107 4627 1234 4667 eum
1285 4626 1409 4667 esse
1459 4609 1580 4679 ejus
1619 4624 1686 4665 ex
1730 4610 1916 4668 verbis
1956 4612 2132 4683 ipsius
2179 4616 2343 4673 facile
2385 4618 2632 4688 agnovit,
2688 4618 2881 4688 sicque
2922 4617 3078 4672 illum
3157 4630 3282 4672 cum
3355 4612 3614 4685 praesenti

331 4724 494 4767 sacra
517 4708 868 4765 multitudine
889 4721 1149 4776 sponsum
1178 4705 1438 4761 Ecclesia:
1468 4704 1772 4776 conjungit.

405 4809 589 4880 Μέχρι
607 4808 707 4878 μὲν
731 4805 887 4860 τοῦδε
919 4804 1109 4877 ὥσπερ
1128 4803 1308 4874 ἁπλῆν
1336 4820 1459 4856 τινα
1483 4803 1668 4875 τρίϐον
1705 4803 1922 4877 παριὼν
1952 4823 2008 4883 D

332 4906 361 4958 ὁ
391 4902 555 4971 λόγος
580 4903 641 4955 ού
668 4898 923 4972 χαλεπῶς
952 4899 1227 4969 διήνεγκε.
1258 4896 1332 4949 Τὸ
1362 4895 1407 4948 δ’
1437 4894 1687 4949 ἐντεῦθεν
1720 4897 1924 4967 μυρίας

333 4995 668 5065 ἀπαντώσης
689 4993 1016 5064 διεκδρομῆς
1046 4991 1140 5044 καί¹
1177 4989 1240 5043 οὐ
1266 4987 1517 5059 καθάπερ
1538 4989 1629 5041 ἐπὶ
1651 4990 1764 5051 τοῖς
1784 4990 1923 5043 ἀπύ-

339 5105 455 5161 ροις
484 5088 704 5157 λέγεται
747 5086 961 5159 τρίοδον
999 5083 1394 5153 ἀπηντηκέναι,
1444 5081 1498 5134 τί
1532 5081 1639 5152 χρὴ
1686 5081 1923 5153 δράσαι;

337 5176 543 5247 μᾶλλον
584 5175 643 5229 δὲ
689 5174 744 5227 τί
799 5173 1026 5240 παθεῖν;
1074 5172 1346 5242 Ἀπείρων
1394 5171 1501 5242 γὰρ
1532 5170 1702 5225 ὀντων
1736 5172 1929 5244 ἐκείνῳ

2113 4801 2392 4859 Hactenus
2461 4814 2615 4859 recto
2669 4803 2907 4874 quodam
2948 4802 3143 4855 itinere
3167 4799 3323 4870 quasi
3356 4796 3621 4854 inoffense

2034 4897 2307 4967 processit
2338 4898 2535 4953 oratio.
2562 4898 2630 4950 At
2659 4894 2919 4965 deinceps
2940 4908 3066 4948 cum
3092 4908 3201 4947 non
3237 4891 3439 4953 solum,
3469 4891 3618 4961 quod

2033 4990 2089 5043 in
2122 4988 2399 5059 perplexis
2450 4989 2677 5052 dicitur,
2731 4994 2988 5043 occurrat
3041 4985 3292 5051 trivium,
3334 5001 3521 5039 verum
3564 4984 3619 5038 in

2034 5082 2323 5138 innumera
2396 5081 2646 5152 quaedam
2687 5079 2920 5134 divortia
2971 5077 3189 5133 scindat
3241 5093 3301 5133 se
3337 5078 3445 5140 via,
3488 5074 3620 5144 quid

2038 5172 2219 5230 facere
2245 5188 2385 5245 Opus
2425 5185 2509 5230 est
2527 5175 2550 5228 ?
2567 5173 2648 5228 vel
2673 5172 2877 5243 potius,
2896 5171 3026 5242 quid
3051 5170 3163 5242 pati
3189 5167 3456 5225 necesse?
3483 5166 3619 5219 Cum

1849 5303 2086 5364 ΝΟΤᾹΞ.

410 5401 526 5474 (li)
554 5398 1001 5474 Nonidissimulo
1037 5399 1093 5453 in
1112 5396 1409 5474 exemplari
1448 5412 1535 5454 me
1564 5397 1767 5474 legisse
1800 5416 1920 5474 μει-

334 5471 532 5539 ζόνων,
558 5473 701 5543 quod
734 5487 858 5525 cum
892 5475 1028 5526 satis
1054 5471 1338 5543 coliaarere
1394 5482 1504 5543 non
1542 5471 1838 5534 videretur,
1865 5472 1921 5523 in

334 5539 591 5617 μείζονος
622 5544 850 5604 mutavi,
884 5541 1066 5617 utad
1104 5539 1341 5617 ἀγωνίας
1375 5540 1662 5617 referatur.

408 5607 523 5687 (i5)
548 5615 667 5687 Non
702 5624 833 5687 puto
879 5607 1423 5687 6ioixqawliiccsse
1452 5607 1921 5687 digeesimﬂlim

331 5680 787 5741 etii'm'aliter’id
833 5698 1032 5737 nomen
1076 5680 1468 5750 usurpabatur.
1510 5681 1847 5750 Quanquam
1874 5682 1922 5735 si

331 5755 558 5827 phrasis
601 5752 799 5827 _Graeca
849 5764 1149 5827 pateretur,
1179 5748 1291 5827 non
1344 5758 1493 5827 esset
1543 5748 1923 5827 incommodus

342 5821 566 5884 sensus.
586 5821 971 5882 Convenerant
1000 5822 1244 5893 episcopi
1272 5821 1436 5876 unius
1464 5821 1780 5890 provinci-.c,
1803 5836 1923 5892 qua:

2031 5401 2293 5458 dimensis
2324 5402 2625 5462 vocabatur
2655 5400 2957 5462 veteribus,
2982 5405 3037 5451 et
3067 5396 3121 5451 in
3148 5408 3442 5449 commune
3483 5407 3617 5446 con-

2042 5475 2338 5527 sultabant.
2388 5464 2525 5525 Tota
2558 5480 2736 5523 tamen
2769 5467 3063 5522 ἀκολουθία
3110 5466 3214 5520 loci
3266 5480 3351 5518 me
3397 5465 3453 5518 in
3496 5479 3616 5518 eam

2030 5545 2355 5598 sententiam
2403 5542 2570 5594 traxit
2615 5556 2776 5608 quam
2842 5537 3295 5608 interpretatione
3336 5536 3607 5605 expressi,

2029 5615 2189 5694 cujus
2240 5612 2285 5667 si
2324 5611 2508 5669 minus
2559 5606 2835 5666 videbitur
2872 5606 3042 5676 felis,
3084 5606 3341 5677 equidem
3382 5622 3488 5662 non
3524 5622 3620 5661 cro

2106 5696 2308 5737 rttnax.

2032 5700 2384 5823 Ρῶξῖἓὶῧδῖιὶά
2413 5752 2459 5811 si
2487 5752 2732 5825 legamus
2755 5749 2873 5804 ἐκεῖ
2908 5750 3083 5804 πάντα
3114 5744 3335 5819 κατέχει
3361 5746 3385 5801 ?

3533 1242 3623 1282 83-
3680 1242 3685 1315 ξ

3637 5507 3653 5563 ι
