4072 6468
423 399 533 464 215

1652 397 1929 461 LEONIS
1971 395 2440 459 PHILOSOPIII

3585 390 3695 460 216

426 513 570 565 enim
605 508 819 566 inﬁnita
853 508 981 563 huic
1018 517 1209 565 nostro
1241 509 1437 565 decora
1476 511 1670 576 insint,
1700 512 2009 583 propriam-

2111 510 2318 575 καλῶν,
2353 511 2448 564 καὶ
2475 510 2683 564 τούτων
2705 509 2938 565 ἑκάστου
2972 508 3110 564 ἰδίαν
3126 508 3487 572 ἀπαιτοῦντος
3516 508 3694 577 λόγων

426 617 534 670 que
560 602 664 657 sibi
712 601 1140 671 unumquodque
1166 602 1537 657 laudationem
1581 602 1837 673 postulet,
1871 618 2009 671 quo-

430 694 727 763 modoquae
749 693 856 749 dici
890 702 1164 763 nequeant
1183 695 1396 764 singula
1425 710 1531 750 una
1575 697 1828 751 oratione
1854 712 2009 751 com-

432 787 730 854 prehendat
763 789 1033 857 quispiam
1061 789 1083 839 ?
1109 797 1204 842 aut
1260 789 1537 858 quomodo
1564 789 1630 844 de
1669 788 2009 859 argumentis

432 875 509 929 ita
560 878 796 947 magnis,
858 894 969 932 non
1008 879 1228 948 quidem
1287 893 1412 932 cum
1458 878 1705 948 ipsorum
1746 877 2011 948 dignitate

432 969 885 1036 comparandum,
930 969 1024 1024 sed
1054 970 1136 1024 vel
1174 968 1457 1023 tolerabile
1501 983 1566 1024 ac
1595 969 1876 1023 mediocre
1908 968 2011 1023 ali-

431 1058 563 1127 quid
601 1060 775 1128 possit
800 1060 1033 1115 alierre?
1077 1060 1281 1115 Tamen
1305 1077 1371 1117 ex
1399 1060 1521 1129 ejus
1552 1061 1819 1131 przeclare
1852 1060 2010 1116 factis

430 1150 721 1205 delibauda
755 1161 885 1207 sunt
912 1168 1106 1224 pauca.
1138 1154 1219 1207 Ad
1254 1154 1630 1224 persequenda
1655 1157 1799 1209 enim
1825 1156 2010 1209 omnia

432 1257 613 1312 neque
650 1244 695 1299 si
724 1244 850 1314 quis
892 1245 1208 1315 prolixitate
1237 1248 1365 1301 vitae
1398 1247 1550 1316 paria
1584 1246 1751 1301 faciat
1777 1262 1902 1302 cum
1943 1262 2011 1302 eo

429 1334 523 1404 qui
553 1335 869 1393 diutissime
920 1339 1165 1394 omnium
1229 1341 1505 1396 mansisse
1549 1341 1601 1393 in
1637 1341 1747 1394 vita
1786 1340 2007 1405 dicitur,

431 1426 795 1484 suil‘ecturam
841 1430 1133 1485 habiturus
1177 1431 1417 1502 linguam
1467 1439 1637 1487 esset.
1672 1430 1808 1499 Quis
1838 1433 1913 1486 ita
1950 1448 2010 1489 se

432 1519 723 1575 iunctione
771 1523 1069 1577 sacerdotii
1114 1532 1169 1578 et
1230 1538 1428 1592 magno
1473 1522 1743 1579 sacriﬁcio
1784 1523 2009 1595 dignum

431 1614 719 1668 exhibuit?
742 1622 837 1669 aut
868 1616 1052 1685 potius
1082 1616 1207 1686 quis
1236 1625 1296 1671 ut
1347 1617 1437 1671 ille
1467 1617 1523 1671 in
1556 1616 1779 1672 odorem
1823 1618 2009 1673 suavi-

432 1707 563 1758 tatis
587 1706 965 1762 holocaustum
1000 1708 1217 1762 oblatus
1262 1716 1347 1763 est
1391 1708 1542 1763 Deo?
1572 1709 1707 1774 Quis
1735 1710 1806 1763 ita
1835 1710 2010 1763 subli-

433 1796 539 1851 mis
574 1798 627 1851 in
663 1798 853 1853 habitu
895 1800 1216 1859 submisso?
1253 1800 1391 1866 Quis
1439 1817 1660 1855 rursum
1691 1801 1745 1855 in
1772 1801 2010 1857 submis-

432 1889 589 1944 sione
618 1891 791 1959 magis
839 1891 1197 1947 inaccessus?
1240 1892 1373 1946 Illud
1419 1894 1641 1962 quidem
1679 1892 1751 1947 ob
1799 1902 2010 1949 natura:

432 1997 754 2052 morumque
801 1984 1214 2055 benignitatem,
1281 1986 1384 2039 hoc
1414 1996 1639 2057 preptcr
1674 1986 2013 2042 inimitabili-

432 2082 597 2127 tatem
655 2076 948 2130 virtutum.
990 2079 1127 2143 Quis
1172 2078 1251 2132 sic
1288 2077 1356 2131 ad
1402 2094 1589 2133 verum
1638 2080 1915 2148 expressit
1955 2078 2010 2134 in

432 2167 614 2235 seipso
648 2178 927 2238 pastorem
951 2186 1163 2235 verum,
1212 2179 1265 2227 et
1296 2188 1363 2227 ne
1388 2170 1691 2242 periculum
1716 2187 1849 2228 oves
1890 2182 2011 2226 tan-

428 2268 565 2328 gat,
616 2268 879 2329 tanquam
929 2263 996 2317 ad
1040 2263 1348 2332 jucundum
1394 2264 1604 2333 aliquid
1656 2262 1723 2318 ad
1775 2273 2008 2320 mortem

430 2352 707 2406 accessit?
750 2353 885 2419 Quis
924 2356 1098 2425 magis
1127 2371 1347 2425 gravem
1395 2356 1602 2425 injuste
1637 2358 2007 2426 grassantium

432 2444 692 2497 contrivit
746 2449 1011 2501 manum?
1056 2447 1191 2514 Quis
1252 2448 1306 2502 in
1343 2456 1591 2520 tempore
1644 2450 2009 2521 opportunius

431 2539 671 2608 protexit
709 2545 1042 2610 Oppressos?
1066 2544 1173 2597 Aut
1218 2546 1403 2615 potius
1450 2547 1576 2615 quis
1603 2562 1749 2601 unus
1790 2548 2011 2618 utrique

429 2633 615 2698 generi
647 2634 927 2689 consuluit
973 2636 1207 2693 melius?
1233 2637 1408 2692 Priori
1445 2639 1670 2708 quidem
1698 2655 1765 2695 eo
1796 2643 2007 2696 studio-

430 2722 573 2787 sius,
609 2739 720 2792 quo
750 2724 882 2779 illud
928 2729 1175 2783 atrocius
1202 2730 1505 2799 perieulum
1534 2734 1674 2787 malo
1726 2749 1898 2803 usque
1943 2734 2008 2788 ad

432 2815 671 2869 animam
706 2819 1038 2886 pertinente.
1076 2819 1184 2875 Sed
1207 2821 1318 2889 jam
1352 2822 1406 2876 in
1442 2839 1623 2878 arcem
1661 2825 2006 2879 invadamus.

430 2906 568 2974 Quis
603 2918 758 2964 tanto
786 2910 970 2967 animo
998 2912 1247 2967 militiam
1292 2914 1700 2984 praedicationis
1727 2916 1878 2969 verbi
1920 2924 2007 2968 to-

433 3003 665 3058 leravit?
713 3002 855 3059 llinc
882 3007 1279 3063 daemoniorum
1320 3009 1467 3064 acies
1511 3008 1743 3064 fundens
1779 3008 2008 3079 fugans-

430 3110 562 3164 que,
595 3095 905 3166 horumque
938 3096 1064 3151 fana
1108 3113 1443 3169 expurgans,
1496 3098 1841 3168 miserosque
1867 3115 2007 3170 quos

432 3188 765 3257 deceperant
798 3196 859 3242 ut
890 3189 1064 3258 spolia
1096 3190 1279 3259 opima
1310 3189 1419 3245 Deo
1468 3191 1689 3247 sistens.
1719 3190 1852 3246 Inde
1878 3206 2006 3247 vero

430 3290 656 3335 strenue
683 3296 797 3336 rem
834 3296 1034 3352 gerens
1084 3281 1352 3339 adversus
1408 3283 1593 3341 hostes
1634 3283 1838 3338 furiosa
1872 3298 2008 3338 con-

429 3371 668 3425 tumacia
714 3372 807 3428 ubi
851 3374 1035 3428 minus
1078 3373 1305 3429 decebat
1354 3384 1620 3441 armatos,
1655 3375 1748 3446 qui
1779 3384 2008 3431 exacuta

430 3462 499 3517 ad
528 3464 928 3535 blasphemiam
982 3466 1166 3536 lingua
1206 3483 1370 3521 unam
1411 3477 1666 3523 naturam
1716 3469 1769 3523 in
1796 3480 2011 3524 creatu-

431 3570 548 3610 ram
579 3564 634 3611 et
663 3557 981 3613 Creatorem
1009 3557 1258 3614 dividere
1290 3559 1659 3614 conabantur.
1692 3559 1843 3614 Pauli
1891 3560 2013 3630 qui-

428 3646 554 3701 dem
613 3648 839 3705 deﬁniat
897 3665 1121 3706 cursum
1182 3649 1583 3722 Hierosolymis
1638 3652 1704 3707 ad
1736 3653 2008 3724 Illyricum

431 3739 711 3807 pertinens
742 3742 1129 3809 peregrinatio.
1169 3742 1316 3797 Huic
1352 3758 1484 3798 vero
1512 3751 1705 3799 nostro
1727 3761 1838 3800 non
1882 3745 2009 3816 qui-

430 3831 554 3884 dem
587 3831 655 3885 ab
688 3832 1082 3903 Hierosolymis
1117 3835 1438 3905 praedicatio
1490 3838 1804 3906 processit,
1832 3853 2012 3908 neque

431 3919 485 3974 in
518 3921 663 3975 illam
690 3923 851 3977 aliam
885 3933 1042 3979 terra:
1078 3936 1288 3996 partem
1336 3936 1633 3998 propagata
1661 3934 1768 3985 est.
1806 3927 2006 3986 Videa-

430 4026 553 4066 mus
602 4021 783 4068 tamen
829 4028 898 4069 an
941 4016 1064 4071 ideo
1115 4018 1301 4074 minus
1339 4017 1640 4090 Evangelio
1692 4021 2008 4078 contulerit.

430 4102 524 4158 llle
568 4120 693 4160 sero
746 4108 963 4162 tandem
1007 4110 1125 4164 zelo
1176 4124 1446 4168 converso
1504 4123 1752 4169 maturos
1798 4113 2013 4172 fructus

432 4197 804 4265 prmdicationi
840 4200 1021 4265 dedit;
1080 4203 1170 4258 hic
1212 4218 1345 4259 vero
1391 4219 1532 4275 pene
1557 4223 1626 4262 ex
1672 4208 1791 4278 ipso
1824 4209 2014 4266 limine

431 4287 575 4348 vitaz.
617 4292 836 4345 tametsi
863 4290 914 4345 id
937 4293 1133 4348 deinde
1180 4295 1526 4353 manifestius
1562 4300 1837 4368 apparuit.
1868 4298 2015 4356 Rur-

433 4394 531 4433 sus
564 4380 654 4435 ille
695 4397 803 4437 non
848 4382 941 4438 diu
988 4394 1233 4442 moratus
1287 4387 1520 4443 absolvit
1554 4405 1818 4461 cursum;
1848 4394 2014 4464 hujus

431 4486 563 4526 vero
598 4489 772 4543 usque
805 4476 871 4530 ad
904 4477 1028 4532 vitae
1058 4477 1393 4551 longissimae
1419 4489 1594 4538 metas
1630 4484 1854 4542 ultimas
1887 4501 2016 4541 cur-

2111 603 2390 668 ὑπόθεσιν,
2426 603 2543 667 πῶς
2566 604 2632 658 ἄν
2675 621 2760 668 τις
2787 604 2868 666 είς
2900 603 2959 656 ἓν
2995 602 3279 675 συναγάγῃ
3297 601 3367 656 τὰ
3400 603 3473 673 μὴ
3516 602 3692 672 ρητάς

2109 696 2144 766 ἢ
2176 695 2293 760 πῶς
2333 698 2462 768 περὶ
2497 696 2609 750 τῶν
2661 696 2806 751 οῦτω
2841 695 3114 767 μεγάλων,
3172 695 3270 766 οὐχ
3317 695 3465 757 ὅπως
3526 694 3696 758 ἀξίως

2110 788 2405 853 διαλαϐεῖν,
2436 789 2576 844 ἀλλά
2594 791 2684 843 καλ⁵
2715 790 2950 859 μετρίως
2974 791 3150 843 εἰπεῖν
3170 805 3225 841 τι
3266 784 3421 857 σχοίη
3453 806 3468 854 ;
3503 788 3696 858 Ὅμως

2111 881 2267 949 ὀλίγα
2295 881 2404 935 τῶν
2429 881 2623 952 ἐκείνῳ
2662 880 3094 952 κατορθωμένων
3114 878 3504 945 ἀπολαϐοῦσιν,
3537 879 3693 949 εἰρή-

2114 972 2245 1026 σθω⁶
2275 972 2411 1044 πρὸς
2435 972 2545 1043 γὰρ
2576 973 2752 1026 πάντα
2773 972 2883 1025 οὐδ’
2932 972 2986 1025 ετ
3032 989 3114 1035 τις
3153 970 3274 1024 κατ’
3314 972 3523 1023 ἐκεῖνον
3557 967 3695 1038 βιῴη

2111 1065 2169 1128 ὃς
2197 1064 2414 1119 πάντων
2440 1063 2746 1135 ἀνθρώπων
2790 1063 3152 1134 ἐπιμήκιστον
3199 1061 3277 1133 τῷ
3333 1062 3434 1132 βίῳ
3472 1060 3693 1127 λέγεται

2112 1160 2474 1227 παραμεῖναι,
2501 1157 2885 1233 διικνουμένην
2921 1156 3035 1222 ’ἐξει
3058 1155 3155 1226 τὴν
3189 1152 3569 1223 γλῶτταν.Τίς
3602 1150 3699 1205 οῦ-

2110 1268 2190 1304 τω
2218 1251 2561 1323 παρέστησεν
2594 1250 2787 1304 ἐαυτὸν
2809 1248 3124 1320 ἱερουργίας
3148 1247 3297 1312 ἄξιον
3320 1246 3417 1299 τοῦ
3454 1245 3695 1316 μεγάλου

2112 1340 2395 1412 θύματος;
2459 1340 2662 1411 μᾶλλον
2701 1340 2758 1393 δὲ
2815 1339 2898 1403 τίς
2947 1339 3067 1392 κατ’
3122 1341 3329 1392 ἐκεῖνον
3386 1340 3465 1400 εἰς
3517 1335 3696 1406 ὀσμὴν

2112 1433 2341 1499 εὐωδίας
2382 1433 2755 1504 δλοκάρπωμα
2803 1430 3151 1502 προσηνέχθη
3194 1430 3372 1502 (92(3);
3421 1428 3517 1493 Τίς
3551 1428 3697 1481 οῦτω

2112 1526 2315 1596 ὑψηλὸς
2343 1526 2401 1579 ἐν
2430 1527 2668 1598 σχήματι
2695 1524 2923 1595 μετρίῳ,
2954 1528 3011 1578 ἐν
3044 1524 3100 1576 δὲ
3134 1522 3210 1593 τῷ
3248 1522 3455 1592 μετρίῳ
3518 1521 3697 1590 ἀπρό-

2114 1635 2296 1684 σιτος,
2329 1621 2389 1671 τὸ
2448 1618 2548 1689 μὲν
2583 1616 2755 1672 διὰτὸ
2787 1618 2888 1688 τῆς
2937 1616 3164 1687 γνώμης
3213 1614 3476 1679 ἐπιεικὲς,
3526 1615 3588 1666 τὸ
3638 1614 3696 1666 δὲ

2110 1711 2201 1765 διὰ
2222 1711 2284 1764 τὸ
2311 1710 2417 1764 τῶν
2444 1710 2890 1781 κατορθωμάτων
2916 1709 3227 1780 ἀμίμητον;
3261 1708 3357 1769 Τίς
3386 1706 3527 1759 οὕτω
3559 1708 3696 1776 πρὸς

2113 1802 2405 1874 ἀκρίϐειαν
2431 1801 2688 1867 εἰκονίζει
2708 1803 2798 1855 τὸν
2836 1800 3010 1873 ἀληθῆ
3034 1800 3265 1872 ποιμένα
3283 1801 3340 1851 ἐν
3373 1799 3572 1870 ἐαυτῷ,
3602 1800 3694 1852 καὶ

2038 1873 2083 1930 Β
2112 1873 2200 1950 ἵνα
2226 1896 2337 1950 τῶν
2358 1896 2650 1967 προϐάτων
2686 1895 2761 1966 μὴ
2792 1894 2917 1965 θίγῃ
2940 1894 3206 1957 κίνδυνος,
3256 1892 3419 1954 αὐτὸς
3443 1892 3693 1962 καθάπερ

2112 1989 2193 2052 είς
2221 1987 2398 2042 τιτῶν
2418 1987 2615 2058 ἡδονὴν
2648 1987 2923 2058 φερόντων
2947 1989 3118 2056 χωρεῖ
3147 1984 3284 2056 πρὸς
3311 1984 3560 2039 θάνατον.
3598 1985 3694 2047 Τίς

2114 2081 2315 2152 μᾶλλον
2369 2079 2467 2150 τὴν
2521 2079 2747 2149 βαρεῖαν
2788 2077 2897 2130 τῶν
2954 2075 3287 2130 ἀδικούντων
3318 2074 3555 2145 ἔθραυσε
3576 2078 3695 2143 χεῖ-

2112 2190 2181 2246 ρα
2218 2172 2329 2242 (l7)
2360 2188 2375 2237 ;
2402 2171 2498 2235 Τίς
2525 2171 2568 2224 δ’
2598 2172 2655 2224 ἐν
2673 2169 2851 2242 καιρῷ
2874 2171 2985 2232 τοῖς
3009 2169 3385 2239 ἀδικουμένοις
3409 2168 3691 2237 ἐπήμυνες

2114 2265 2316 2337 μᾶλλον
2336 2264 2383 2317 δ’
2422 2263 2671 2335 ἐκατέρῳ
2704 2264 2860 2335 μέρει
2901 2262 3037 2333 (18).
3084 2263 3197 2315 Καὶ
3248 2260 3489 2332 τοσούτῳ
3532 2261 3696 2313 πλέον

2113 2359 2346 2428 θατέρῳ,
2377 2358 2487 2429 ὅσῳ
2531 2358 2627 2411 καὶ
2674 2356 3074 2427 χαλεπώτερος,
3111 2355 3340 2419 ἐκείνοις
3376 2357 3404 2408 ὁ
3452 2354 3698 2418 κίνδυνος

2111 2452 2191 2514 είς
2242 2448 2417 2520 ψυχὴν
2461 2448 2557 2503 τοῦ
2616 2448 2787 2503 κακοῦ
2837 2447 3228 2510 διαϐαίνοντος.
3272 2446 3413 2500 Ἀλλ’
3454 2446 3697 2515 ἀνίωμεν

2109 2544 2213 2615 ἤδη
2255 2544 2391 2615 πρὸς
2416 2543 2515 2613 τὴν
2548 2541 2883 2614 ἀκρώρειαν,
2910 2542 3070 2603 Ποίος
3114 2540 3288 2603 οὕτως
3320 2538 3397 2610 τῷ
3418 2539 3564 2609 λόγῳ
3600 2539 3695 2591 τοῦ

2110 2638 2464 2707 κηρύγματος
2490 2635 2898 2706 συνεμάχησεν;
2918 2632 3169 2687 ἐντεῦθεν
3200 2633 3491 2703 δαιμονίων
3512 2649 3697 2703 παρα-

2109 2730 2291 2794 τάξεις
2327 2728 2589 2794 ἐλαύνων,
2624 2728 2720 2781 καὶ⁹
2751 2726 3033 2801 καθαιρῶν
3063 2726 3271 2780 τούτων
3321 2726 3547 2796 τεμένη,
3602 2727 3698 2779 καὶ

2109 2823 2400 2890 προσάγων
2421 2823 2497 2886 ὡς
2529 2822 2746 2891 λάφυρα
2770 2820 2889 2891 Θεῷ
2912 2820 3039 2884 τοὺς
3087 2821 3181 2873 ὑπ’
3232 2820 3416 2873 αὐτῶν
3478 2821 3699 2872 πλανω-

2113 2917 2305 2984 μένους
2336 2914 2447 2979 (19)
2475 2929 2489 2944 ο
2523 2913 2732 2967 ἐκεῖθεν
2760 2911 3062 2983 ἀριστεύων
3091 2910 3235 2966 κατὰ
3276 2912 3387 2965 τῶν
3425 2913 3700 2983 μεμηνότι

2110 3004 2354 3075 λογισμῷ
2396 2998 2457 3058 οὗ
2504 3004 2708 3075 ἣκιστα
2756 3005 2923 3075 ἐχρῆν
2969 3004 3083 3075 (20)
3120 3004 3531 3076 ὁπλιζομένων,
3599 3008 3702 3061 καὶ

2108 3097 2327 3169 γλώσσῃ
2362 3098 2497 3169 πρὸς
2523 3097 2873 3168 βλασφημίαν
2895 3097 3214 3171 ἠκονημένῃ
3247 3099 3329 3163 είς
3359 3097 3563 3168 κτίσμα
3603 3099 3704 3152 καὶ

2109 3189 2449 3260 Δημιουργὺν
2474 3190 2705 3258 διαιρεῖν
2734 3188 3154 3259 ἐπιχειρούντων
3183 3188 3285 3260 τὴν
3336 3188 3466 3259 μίαν
3510 3188 3697 3258 φύσιν.

2110 3281 2324 3335 Παύλου
2366 3282 2465 3351 μὲν
2490 3280 2719 3350 ὁριζέτω
2746 3280 2837 3333 τὸν
2888 3280 3089 3352 δρόμον
3142 3283 3173 3351 ὴ
3220 3281 3282 3346 ἐξ
3339 3280 3705 3353 Ἰερουσαλὴμ

2115 3374 2275 3444 μέχρι
2299 3373 2598 3443 Ἰλλυρικοῦ
2626 3372 2821 3443 πορεία
2857 3389 2873 3403 θ
2920 3372 3098 3445 τούτῳ
3138 3372 3183 3424 δ’
3226 3372 3287 3437 ἐξ
3339 3372 3705 3444 Ἰερουσαλὴμ

2110 3468 2209 3520 οὐκ
2237 3461 2439 3537 ἦρκται
2459 3466 2520 3518 τὸ
2545 3467 2831 3537 κήρυγμα,
2861 3464 2970 3518 οὐδ’
3000 3466 3077 3528 εἰς
3108 3467 3285 3519 ἐκεῖνο
3305 3468 3410 3537 γῆς
3442 3465 3595 3535 διέϐη
3639 3467 3706 3519 τὸ

2115 3562 2299 3630 μέρος.
2335 3557 2636 3628 Σκοπῶμεν
2661 3558 2721 3611 δὲ
2751 3560 2799 3611 εί
2838 3557 2926 3611 διὰ
2951 3558 3111 3611 τοῦτο
3140 3558 3360 3611 ἔλαττον
3392 3559 3470 3628 τῷ
3514 3559 3703 3628 Εὐαγ-

2110 3648 2277 3719 γελίῳ
2322 3648 2783 3719 συνεισενήνοχεν.
2833 3649 2893 3703 ’0
2949 3650 3047 3719 μὲν
3072 3646 3164 3703 οὖν
3203 3649 3304 3719 ὀψὲ
3349 3649 3443 3703 τοῦ
3498 3651 3699 3722 καιροῦ

2110 3742 2201 3795 τὸν
2255 3739 2420 3811 ζῆλον
2480 3740 2799 3810 μεταϐαλὼν
2855 3741 2983 3805 τοὺς
3030 3741 3268 3811 ὡραίους
3316 3744 3565 3812 καρποὺς
3618 3741 3696 3811 τῷ

2113 3835 2432 3908 κηρύγματι
2486 3832 2753 3899 δέδωκεν,
2804 3834 2834 3886 ὁ
2883 3834 2941 3887 δὲ
3011 3834 3209 3905 μικροῦ
3275 3834 3336 3901 ἐξ
3379 3835 3551 3906 αὐτῆς
3598 3833 3692 3887 τοῦ

2114 3928 2234 3999 βίου
2258 3927 2583 3999 ἀφετηρίας,
2643 3928 2693 3981 εί
2754 3926 2851 3981 καὶ
2895 3926 3122 3997 ὕστερον
3170 3927 3415 3996 ἐγεγόνει
3449 3926 3703 3999 ἐπιδηλό-

2111 4037 2287 4092 τερος.
2325 4019 2437 4077 Καὶ
2480 4021 2509 4073 ὁ
2545 4019 2644 4092 μὲν
2672 4020 2733 4073 οὐ
2778 4018 2915 4073 πολὺ
2984 4018 3263 4089 βραδύνων
3293 4018 3550 4072 καταλύει
3577 4018 3705 4071 -τὸν

2111 4116 2332 4187 δρόμον,
2379 4114 2460 4185 τῷ
2476 4114 2534 4168 δὲ
2568 4113 2729 4185 μέχρι
2759 4113 2853 4166 κιιιλ⁵
2888 4110 3245 4183 μακροτάτων
3270 4112 3414 4181 ζωῆς
3442 4110 3703 4181 περάτων

2113 4206 2439 4262 ἐκτείνεται.
2473 4205 2641 4258 Ὥστε
2668 4204 2736 4258 τὰ
2775 4203 3012 4258 ἐνταῦθα
3041 4204 3381 4275 ἑκατέρωθεν
3408 4205 3575 4276 ἄκρα,
3607 4203 3702 4256 οὐ-

2111 4296 2203 4351 δὲν
2261 4297 2425 4351 πλέον
2478 4296 2626 4367 ἔχειν
2672 4296 2866 4367 ἐκείνῳ
2904 4298 3230 4367 παραχωρεῖ
3294 4296 3394 4365 τὴν
3447 4296 3703 4366 πορείαν.

2113 4389 2325 4443 Οὐκοῦν
2353 4388 2494 4442 ἐστω
2521 4390 2635 4452 ίσος
2663 4390 2690 4443 ὁ
2722 4389 2897 4458 ἀγὼν,
2932 4388 3057 4441 ἐπεὶ
3086 4390 3180 4442 καὶ
3224 4388 3581 4461 παραπλησία
3610 4390 3704 4441 ἐπ’

2115 4480 2441 4551 ἀμφοτέρων
2470 4482 2503 4551 ἡ
2535 4479 2751 4550 γνώμη.
2788 4480 2950 4535 Ἀλλὰ
2976 4481 3084 4551 γὰρ
3112 4481 3195 4543 τίς
3217 4481 3360 4535 οῦτω
3389 4482 3705 4554 προύνοήθη

432 4578 529 4620 sus
559 4566 888 4623 extenditur.
922 4567 1114 4641 Itaque
1145 4571 1261 4629 bzec
1291 4582 1477 4630 nostra
1513 4577 1772 4648 utrinque
1796 4594 2009 4635 summa

2115 4574 2225 4628 τῶν
2252 4573 2345 4627 ὑπ’
2375 4573 2563 4639 αὑτὸν,
2613 4574 2691 4637 ὡς
2734 4568 2891 4637 οὗτος
2949 4575 3207 4629 ἁπάντων
3248 4575 3396 4638 ὅσοις
3442 4575 3706 4645 προνοίας

429 4674 542 4715 non
593 4661 783 4716 sinunt
826 4662 977 4718 illum
1032 4665 1487 4737 peregrinationis
1531 4670 1752 4726 nomine
1800 4660 2011 4743 primas

429 4747 593 4805 ferre.
624 4749 730 4805 Par
753 4751 918 4823 igitur
951 4762 1224 4810 certamen
1254 4767 1372 4813 esto
1395 4759 1613 4828 quando
1637 4768 1693 4816 et
1719 4762 2009 4832 utriusque

429 4840 608 4897 simile
636 4845 904 4899 studium.
948 4845 1145 4902 Verum
1189 4835 1313 4919 quis
1343 4866 1581 4921 unquam
1610 4853 1683 4906 ita
1732 4854 2013 4909 consuluit

429 4934 531 4990 sibi
557 4937 845 5007 subjectis.
894 4950 952 4996 ut
1005 4944 1094 4998 ille
1121 4945 1367 4999 omnium
1395 4947 1490 5017 qui
1525 4961 1655 5001 cura
1690 4947 2011 5020 indigebant

2112 4667 2338 4737 ἐδέησε;
2377 4665 2473 4729 Τίς
2524 4665 2646 4719 κατ’
2708 4668 2916 4720 ἐκεῖνον
2964 4666 3043 4737 τῷ
3090 4666 3353 4738 ἀπλάστῳ
3384 4667 3616 4737 ἐκέρασε
3638 4667 3707 4720 τὸ

2112 4762 2480 4834 ἀγχίστροφον
2522 4762 2656 4836 (21),
2692 4762 2768 4825 ὡς
2809 4762 2949 4834 μήτε
3000 4764 3118 4825 τοῖς
3163 4761 3551 4832 ἁπλουστέροις
3580 4760 3707 4823 δέος

2113 4857 2364 4926 ἐμποιεῖν
2412 4857 2473 4911 τὸ
2522 4855 2806 4927 ἐμϐριθὲς,
2860 4856 2998 4925 μήτε
3032 4857 3144 4917 τοῖς
3171 4854 3493 4925 δεινοτέροις
3527 4870 3705 4906 κατα-

2113 4950 2425 5021 φρονήσεως
2461 4948 2719 5002 ύπόθεσιν
2746 4943 2886 5000 εἶναι
2912 4946 2972 4999 τὸ
3005 4945 3211 5001 ἁπλοῦν
3235 4962 3251 5012 ;
3279 4944 3377 5011 Τίς
3397 4945 3542 5000 οὕτω
3572 4944 3705 5015 φιλ-

1933 5062 2168 5119 NOTAE.

504 5147 613 5217 (l7)
657 5149 844 5230 Simile
890 5153 1149 5230 quiddam
1182 5154 1448 5230 estquod
1483 5155 1693 5213 Gallice
1742 5157 2004 5230 dicimus,

424 5220 628 5296 donn‘cr
658 5238 752 5296 sur
793 5221 864 5274 les
895 5223 1065 5293 doigls
1088 5227 1121 5278 ὰ
1156 5220 1461 5296 ᾳιιειίιὶιάη.

496 5291 609 5367 (18)
654 5291 866 5348 Sensus
897 5291 1588 5367 est—sanctuiu'Nicnlaum
1623 5297 1883 5367 injuriam
1923 5303 2006 5356 fa-

422 5360 699 5419 cientibus
743 5373 796 5415 ct
824 5366 1157 5432 patientibus
1184 5369 1557 5429 consuluisse,
1588 5360 1894 5427 studiosrus
1924 5383 2005 5429 ta-

422 5445 575 5515 men.
598 5435 877 5515 prioribus
909 5451 1163 5515 qtioruur
1194 5437 1575 5515 miserabilior»
1605 5456 1748 5515 sors,
1804 5445 2006 5515 quippe

423 5503 517 5580 qui
544 5502 672 5558 dum
700 5502 937 5580 aliorum
960 5505 1199 5580 fortunis
1223 5519 1317 5563 aut
1338 5512 1667 5580 r0rpnribus
1696 5502 2004 5569 incomme-

424 5570 761 5692 ggnutsuas
795 5578 902 5647 ipsi
930 5578 1146 5635 animas
1174 5570 1472 5637 lethalibus
1499 5582 1675 5653 plagis
1721 5592 2002 5642 transver-

497 5655 591 5692 ran
624 5682 639 5692 .

464 5653 639 5698 erant.

499 5710 611 5779 (l9)
668 5712 824 5769 Hand
878 5716 1041 5772 dubie
1090 5719 1325 5777 Arianos
1380 5723 1678 5779 αἰνίττεται
1733 5727 2001 5783 adversus

427 5792 571 5863 quos
597 5782 936 5863 et_Nicnlaus
963 5788 1308 5863 ἠρίστευσεν,
1353 5803 1544 5863 utpote
1585 5813 1728 5856 unus
1786 5814 1851 5853 ex
1886 5782 1999 5855 tre?

427 5852 605 5909 contis
642 5852 832 5909 decem
867 5863 923 5911 et
952 5852 1078 5914 octo
1096 5852 1334 5919 Nicaenis
1366 5852 1643 5923 Patribus.

2184 5159 2297 5229 (20)
2328 5157 2694 5229 Alexandriae.
2718 5171 2841 5225 quae
2881 5155 3127 5229 Ecclesia
3158 5171 3283 5229 cum
3316 5164 3370 5229 et
3402 5155 3704 5229 sanctitate

2112 5227 2328 5287 morum
2359 5238 2414 5285 et
2443 5228 2709 5282 doctrinae
2739 5241 2887 5281 sanae
2911 5227 3071 5295 copia
3105 5228 3159 5281 in
3190 5227 3383 5296 primis
3407 5227 3556 5280 orbis
3583 5236 3701 5280 ter-

2112 5317 2297 5355 rarum
2355 5314 2386 5352 a
2437 5299 2775 5367 temporibus
2808 5298 3125 5367 apostolicis
3151 5297 3450 5361 ﬂoruisset,
3484 5296 3700 5351 miran-

2112 5372 2242 5425 dum
2271 5380 2323 5425 et
2346 5366 2718 5423 miserandum
2747 5366 2856 5423 fuit
2880 5377 2991 5422 tam
3029 5367 3229 5423 foedam
3258 5369 3509 5421 haeresim
3545 5367 3599 5421 in
3631 5380 3698 5423 ea

2113 5440 2472 5510 potissimum,
2506 5440 2774 5510 exsistere
2803 5478 2818 5501 ,
2853 5438 3092 5510 indeque
3127 5438 3195 5494 ad
3241 5436 3503 5493 Ecclesia:
3555 5452 3702 5508 pene

2114 5509 2286 5565 totius
2322 5509 2619 5579 perniciem
2652 5509 2984 5565 redundare.

2187 5576 2559 5650 (2t)’Sﬁimile
2620 5590 2705 5635 est
2760 5579 2896 5634 illud
2960 5578 3259 5650 Cle_mentis
3333 5576 3697 5632 Alexandrini

2115 5647 2209 5706 lib.
2245 5666 2317 5704 vn
2376 5649 2748 5705 Stromatum:
2804 5650 2966 5720 μίξας
3011 5647 3106 5705 οὖν
3149 5654 3219 5721 τῇ
3255 5649 3558 5720 περιστερᾷ
3592 5650 3700 5721 τὸν

2112 5720 2255 5789 ὅφιν,
2282 5730 2577 5790 serpentem
2597 5721 2841 5775 columba
2866 5722 3118 5787 miscens,
3155 5720 3260 5776 hnc
3299 5729 3384 5775 est
3441 5720 3699 5774 astutiam

2112 5792 2288 5854 illius,
2316 5807 2381 5846 ex
2414 5801 2689 5865 praecepto
2726 5791 2957 5863 Christi,
2983 5792 3153 5865 hujus
3180 5790 3534 5862 simplicitate
3564 5798 3704 5847 tem-

2113 5878 2354 5938 peram2
