4072 6478
399 373 507 439 219

1657 365 1935 428 LEONIS
1953 361 2416 426 PHILOSOPHI

3572 355 3682 419 220

400 499 528 539 cum
561 482 680 537 auri
713 495 938 538 summa
988 485 1316 549 captataquc
1343 477 1615 547 sapienter
1653 477 1983 548 opportuni-

2099 471 2632 543 παστάδαγαμήλιον
2659 484 2673 502 ο
2715 472 2786 542 τῇ
2829 470 2928 542 μὲν
2967 468 3083 541 βίον
3132 469 3469 541 εὐσχήμονα,
3501 470 3687 545 ἐαυτῷ

396 587 510 633 tate
556 576 762 630 latendi
812 575 942 629 dum
992 571 1365 648 benefaceret,
1426 575 1484 626 in
1520 570 1710 625 miseri
1755 571 1985 625 domum

399 671 543 724 clam
579 668 846 723 accedens
881 665 1079 735 injicit.
1115 664 1317 719 Aderat
1364 676 1494 718 ecce
1537 662 1651 730 jam
1682 661 1802 716 dies
1827 660 1988 730 cujus

399 760 578 814 lucem
633 756 840 812 infelici
900 756 1043 826 patri
1091 754 1294 808 densas
1325 753 1380 806 in
1411 751 1670 806 tenebras
1705 751 1992 806 calamitas

397 849 812 914 commutabat;
849 847 1024 902 donec
1055 845 1302 900 incidens
1328 845 1384 897 in
1417 843 1705 898 sacculum
1743 852 1861 895 tum
1887 841 1984 895 de-

399 958 547 998 mmn
573 956 702 996 vere
731 940 878 996 diem
905 939 1042 995 vidit
1101 951 1470 1006 somnumque
1499 936 1662 991 simul
1712 944 1765 989 et
1792 933 1993 1004 despe-

399 1035 632 1090 rationis
663 1033 986 1104 vertiginem
1022 1046 1089 1086 ac
1145 1040 1435 1086 veternum
1488 1026 1755 1094 excussit,
1788 1027 1995 1096 unique

397 1142 428 1183 e
459 1127 680 1181 ﬁliabus
712 1125 914 1180 lectum
967 1123 1238 1194 genialem
1293 1121 1537 1186 sternit,
1588 1120 1875 1174 honestam
1919 1117 1994 1172 illi

397 1218 565 1272 vitam
592 1217 701 1273 sibi
733 1215 1040 1270 remedium
1095 1214 1224 1268 mali
1259 1213 1629 1268 constituens.
1657 1210 1728 1265 At
1754 1224 1994 1281 magnus

397 1308 679 1374 Nicotaus,
734 1308 1051 1379 intelligens
1109 1321 1275 1377 quam
1323 1305 1604 1373 sapienter
1657 1303 1844 1359 oblato
1888 1302 1992 1358 sibi

398 1401 546 1457 bono
573 1415 707 1455 usus
731 1409 878 1455 esset
911 1415 1120 1470 egenus
1149 1407 1322 1468 pater,
1359 1411 1709 1467 nequaquam
1741 1411 1809 1450 eo
1846 1391 1992 1464 quod

400 1491 514 1563 jam
538 1493 766 1548 dederat
819 1491 1205 1547 liberalitatem
1247 1490 1480 1546 deﬁnire
1513 1505 1671 1544 suam
1700 1489 1896 1552 voluit,
1938 1495 1994 1542 et

403 1584 610 1639 fontem
638 1585 902 1638 obturare
951 1583 1348 1638 misericordiae
1394 1590 1520 1651 post
1575 1581 1812 1652 primum
1840 1579 1996 1635 eﬂlu-

402 1690 555 1739 xum,
603 1688 783 1744 neque
825 1676 1170 1728 committere
1197 1715 1213 1738 ,
1253 1681 1316 1726 ut
1348 1674 1416 1728 ad
1447 1671 1826 1743 imperfectum
1857 1671 1998 1727 dun-

405 1772 558 1818 taxat
579 1764 839 1817 solatium
885 1752 1125 1818 miseriae
1172 1777 1395 1817 manum
1426 1763 1746 1833 porrexisse
1776 1763 1994 1818 videre-

2093 565 2152 619 δὲ
2185 566 2485 634 φάρμακον
2517 563 2978 634 περιποιούμενος
3007 560 3106 618 τοῦ
3140 561 3336 616 κακοῦ.
3368 561 3554 628 Οὕτως
3587 563 3685 619 οὖν

2093 653 2367 717 εὐϐούλως
2420 653 2512 708 τὸν
2559 654 2730 725 ἄνδρα
2784 653 3126 725 διῳκηκότα,
3181 653 3370 724 μαθὼν
3413 657 3443 709 ὁ
3508 655 3687 726 μέγας

2093 746 2382 810 Νικόλαος,
2435 747 2536 817 οὐχ
2588 747 2765 817 ὁρίζει
2818 746 2898 817 τῷ
2949 746 3218 815 φθάσαντι
3263 747 3362 819 τὴν
3393 746 3488 800 τοῦ
3527 748 3686 802 ἐλέου

2095 841 2301 908 πηγὴν,
2328 837 2438 892 οὐδ’
2475 839 2570 892 ἐπὶ
2603 839 2828 893 τοσοῦτο
2857 837 3220 911 παραμυθίας
3250 841 3515 896 ἐκτείνειν
3544 842 3688 912 ῷετο

2095 933 2275 1000 χεῖρα,
2329 929 2446 984 ἀλλ’
2481 930 2672 1002 ὁμοίου
2734 930 2927 999 καιροῦ
2974 933 3112 1004 πρὸς
3139 933 3238 1003 τὴν
3278 934 3541 1004 ἐργασίαν
3569 937 3688 1006 ('27)

2095 1022 2412 1088 καλοῦντος,
2471 1024 2618 1094 χειρὶ
2667 1024 3032 1096 μεγαλοδώρῳ
3062 1024 3138 1095 τῷ
3183 1026 3442 1098 δωματίῳ
3471 1029 3689 1098 σπείρει

2094 1117 2195 1185 τὴν
2223 1115 2544 1186 εὐεργεσίαν
2572 1113 2771 1169 λαθών.
2809 1116 3044 1186 Ἐπέστη
3076 1117 3441 1188 φαιδροτάτην
3476 1119 3686 1192 ἑαυτὴν

2093 1209 2129 1278 ἡ
2187 1207 2373 1279 ἡμέρα
2427 1207 2771 1263 δεικνύουσα.
2799 1209 2909 1262 Καὶ
2939 1211 3015 1272 ὡς
3046 1206 3156 1263 εἶδε
3200 1211 3508 1282 παράδοξον
3533 1215 3691 1287 αὐτῷ

2096 1299 2481 1370 καρποφορίαν
2521 1299 2615 1354 τὸν
2668 1300 2910 1354 οἰκίσκον
2957 1301 3343 1372 βλαστάνοντα,
3388 1306 3469 1368 είς
3508 1307 3691 1376 χαρὰν

2096 1388 2274 1462 διῄρει
2306 1392 2402 1445 καὶ
2443 1390 2658 1462 δάκρυα
2697 1392 2797 1465 τὴν
2824 1391 3027 1464 ψυχὴν,
3052 1393 3138 1462 ἐφ’
3168 1388 3250 1458 οἷς
3269 1395 3370 1449 οὐκ
3400 1391 3514 1467 εἶχε
3560 1415 3691 1450 συν-

2103 1483 2241 1534 ιέναι
2261 1481 2354 1536 τὸν
2388 1483 2711 1555 εὐεργέτην,
2733 1485 2828 1538 τοῦ
2859 1485 3119 1549 ἁνιῶντος
3152 1487 3687 1555 καταλαμϐάνοντος.

2101 1573 2292 1642 Ὅμως
2314 1572 2393 1637 δὲ,
2415 1573 2511 1626 καὶ
2541 1572 2748 1646 θατέρᾳ
2780 1574 2886 1628 τῶν
2914 1575 3121 1629 παίδων
3167 1577 3338 1647 (τρεῖς
3367 1576 3413 1630 δ’
3456 1573 3600 1648 ἦσαν
3631 1580 3689 1632 αῖ

2108 1665 2284 1717 πᾶσαι
2311 1663 2507 1734 αὐτῷ),
2573 1665 2630 1718 σί
2676 1665 3042 1735 νυμφοστόλοι
3081 1665 3348 1737 μέριμναι
3376 1667 3685 1738 διηκόνουν.

2113 1756 2275 1810 Ἀλλὰ
2304 1755 2413 1827 γὰρ
2440 1757 2541 1810 οὐκ
2572 1757 2652 1811 ἔτι
2674 1758 2786 1811 δεῖν
2830 1756 3216 1827 ὑπελάμϐανεν
3239 1751 3386 1830 ᾗπερ
3419 1758 3516 1811 καὶ
3553 1759 3690 1828 π’ρό-

403 1861 515 1907 tur.
549 1851 754 1907 Verum
786 1852 955 1908 simili
987 1852 1100 1922 jam
1151 1861 1399 1921 tempore
1443 1852 1513 1906 ad
1556 1851 1737 1907 simile
1779 1851 1990 1908 iterum

2099 1865 2278 1921 τερον,
2415 1848 2714 1919 δαμάζοντι
2766 1849 2919 1917 ὑπνῳ
2957 1822 3087 1912 τοὺς
3118 1822 3436 1919 ὀφθαλμοὺς
3460 1822 3686 1919 ἐπιτρέ-

404 1959 549 2015 opus
580 1954 837 2010 vocante,
891 1944 1158 1999 muniﬁca
1208 1957 1407 2000 rursus
1452 1958 1619 1998 manu
1667 1943 1990 1998 beneficium

405 2038 549 2092 intra
608 2037 1002 2092 domunculam
1062 2036 1318 2092 occultus
1379 2035 1608 2106 spargit.
1663 2031 1995 2105 Supervenit

403 2129 740 2185 sereniorem
769 2129 936 2218 solito
968 2144 1028 2184 se
1051 2129 1170 2186 dies
1198 2130 1490 2185 exhibens.
1519 2130 1600 2185 Ad
1634 2131 1792 2201 cujus
1816 2129 1994 2183 lucem

406 2231 466 2276 ut
495 2222 646 2276 videt
671 2221 910 2276 mirabili
940 2223 1046 2278 sibi
1071 2222 1274 2278 adorea
1303 2222 1540 2277 fertilem
1573 2221 1821 2290 domum,
1865 2223 1990 2278 ani-

405 2327 549 2367 mam
593 2313 649 2365 in
693 2312 954 2382 gaudium
987 2313 1176 2369 divisit
1204 2320 1260 2367 et
1306 2314 1603 2386 lacrymas,
1631 2315 1777 2385 quod
1806 2326 1998 2371 aucto-

411 2418 528 2457 rem
562 2402 813 2458 beuclicii
846 2418 1013 2459 nosse
1058 2418 1168 2458 non
1201 2413 1387 2474 posset
1416 2407 1643 2461 maerori
1674 2420 1736 2460 se
1767 2406 1996 2474 dedens.

408 2493 616 2548 Tamen
663 2493 820 2548 alteri
868 2494 1101 2548 ﬁliarum
1137 2497 1274 2565 (tres
1320 2506 1502 2550 autem
1554 2498 1782 2551 omnino
1815 2499 1996 2566 erant)

404 2585 726 2654 conjugium
762 2585 1148 2655 nuptialesque
1176 2593 1410 2642 ornatus
1433 2588 1861 2642 accurabantur.
1889 2588 1996 2643 Sed

401 2677 516 2747 jam
560 2676 872 2731 faciendum
903 2677 1009 2731 sibi
1041 2679 1282 2748 amplius
1316 2695 1426 2734 non
1476 2682 1691 2750 putavit
1721 2681 1996 2750 quemad-

409 2769 629 2824 modum
687 2780 846 2823 antea
915 2777 976 2822 ut
1040 2769 1351 2825 domandos
1401 2785 1598 2825 somno
1651 2773 1998 2842 permitteret

405 2862 631 2927 oculos;
707 2878 898 2917 verum
970 2863 1233 2919 excubias
1292 2863 1530 2933 agendas
1559 2863 2000 2919 observandum-

406 2967 516 3024 que
582 2964 798 3024 tempus
866 2967 979 3022 quo
1051 2955 1210 3010 dotes
1258 2954 1477 3012 ﬁliabus
1539 2958 1999 3012 numerabantur.

406 3045 546 3101 Nam
636 3047 762 3100 ﬁlia:
833 3061 1054 3118 quoque
1142 3047 1220 3101 illi
1311 3049 1406 3104 uni
1466 3050 1692 3119 reliqua:
1768 3060 2001 3105 ventura

2096 1957 2243 2005 πειν,
2293 1940 2588 2010 φυλάττειν
2613 1941 2671 1994 δὲ
2701 1941 2797 1995 καὶ
2827 1941 2990 1994 αὐτὸν
3024 1941 3320 2011 ἀντέχοντα
3347 1940 3442 1992 τὸν
3472 1941 3687 2013 καιρὸν,

2099 2033 2160 2098 ὃς
2197 2035 2318 2098 ταῖς
2391 2035 2696 2105 θυγατράσι
2749 2035 3131 2105 προικοφορεῖ.
3216 2032 3531 2087 Ἐπεποίθει
3582 2034 3692 2106 γὰρ

2094 2125 2249 2195 ἥξειν
2279 2124 2349 2178 τὰ
2374 2123 2496 2178 ἕδνα
2539 2125 2618 2195 τῷ
2647 2125 2948 2195 θυγατρίῳ,
2989 2127 3120 2195 περὶ
3148 2123 3260 2177 τῶν
3295 2121 3450 2178 οὖπω
3489 2126 3693 2195 παρόν-

2095 2235 2206 2270 των
2238 2217 2564 2287 συμϐάλλων
2588 2221 2654 2272 ἐκ
2681 2218 2790 2271 τῶν
2813 2218 3160 2288 φθασάντων.
3182 2216 3295 2270 Καὶ
3318 2217 3420 2270 οὐκ
3446 2217 3690 2290 ἐψεύσθη

2097 2325 2163 2378 γε
2199 2309 2310 2362 τῶν
2333 2309 2586 2365 ἐλπίδων.
2623 2311 2796 2364 Πάλιν
2826 2311 3022 2375 νύκτες
3055 2311 3151 2364 καὶ
3181 2312 3384 2383 άωρία,
3415 2311 3512 2365 κα)⁸
3546 2312 3691 2383 πρὸς

2098 2399 2406 2470 καταϐολὴν
2432 2400 2462 2451 ὁ
2495 2401 2736 2470 ἐργάτης
2757 2400 2869 2454 τῶν
2897 2401 3170 2472 οὐρανίων
3218 2401 3386 2474 ἀπῄει
3440 2402 3696 2473 σπερμά.

2095 2511 2229 2546 των.
2275 2491 2415 2544 Ἀλλ’
2450 2492 2550 2545 οὐκ
2573 2488 2644 2564 ἧν
2665 2492 2900 2565 εὑπορον
2939 2493 3023 2547 ἔτι
3076 2493 3260 2548 λαθεῖν
3289 2495 3381 2548 τὸν
3407 2495 3694 2564 εὐγνωμο-

2101 2585 2238 2658 σύνῃ
2258 2584 2505 2655 λοχῶντα
2532 2601 2547 2616 ·
2591 2584 2669 2648 ὡς
2726 2585 2836 2658 γὰρ
2873 2586 2935 2639 τὸ
2949 2586 3170 2658 χρυσίον
3207 2587 3456 2659 έρριπτο,
3476 2587 3551 2652 ὡς
3579 2583 3694 2658 εἶχε

2097 2678 2300 2746 τάχους
2354 2677 2710 2750 ἀναπηδήσας
2761 2682 2790 2732 ὁ
2836 2679 2974 2752 ἀνὴρ
3018 2678 3211 2748 φθάνει
3265 2679 3359 2732 τὸν
3401 2681 3460 2732 ἐν
3506 2682 3694 2752 κρυφῇ

2101 2769 2445 2823 ὑπατεύοντα
2487 2771 2623 2841 (‘28),
2655 2773 2750 2824 καὶ
2799 2773 2984 2843 ῥίπτει
3032 2773 3131 2844 μὲν
3160 2775 3240 2837 είς
3265 2771 3529 2842 τοὺδαφος
3564 2775 3697 2827 ἐαυ-

2100 2863 2214 2926 τὸν,
2267 2863 2499 2936 δάκρυσι
2525 2865 2582 2918 δὲ
2639 2867 2829 2920 πλύνει
2874 2868 3003 2930 τούς
3048 2869 3234 2933 πόδας,
3275 2869 3342 2922 δι’
3380 2862 3455 2922 ὧν
3485 2871 3694 2931 ἐκεῖνος

2105 2955 2306 3026 μικροῦ
2338 2958 2667 3010 καταπεσὼν
2696 2961 2776 3022 είς
2811 2958 3086 3030 βάραθρον
3103 2960 3379 3023 ἀπωλείας
3409 2961 3501 3012 ἐπὶ
3527 2961 3696 3022 πόδας

2103 3047 2236 3120 έστη
2261 3049 2363 3118 τῆς
2396 3050 2692 3121 σωτηρίας.
2741 3051 2800 3104 '0
2822 3052 2878 3104 δὲ
2909 3053 3150 3123 ἠρυθρία
3177 3051 3367 3124 ὥσπερ
3390 3053 3480 3104 ἐπί
3507 3070 3558 3104 τι
3582 3053 3698 3105 τῶν

406 3135 683 3207 sponsalia
741 3138 797 3191 in
843 3153 994 3207 spem
1045 3140 1416 3194 veneratzde
1473 3139 1661 3196 futuro
1731 3157 1796 3198 ex
1859 3159 1996 3213 pra:-

2104 3140 2362 3195 τοιούτων
2388 3144 2797 3214 καταληφθεὶς,
2831 3145 2928 3198 καὶ
2984 3145 3238 3216 κατέχειν
3289 3147 3347 3199 ἐν
3397 3147 3698 3219 ἀπορρήτῳ

408 3229 590 3284 teritis
627 3229 1010 3300 conjecturam
1072 3246 1320 3287 sumens.
1377 3231 1567 3302 Neque
1621 3250 1718 3305 spe
1771 3251 1872 3291 sua
1917 3247 2003 3292 est

409 3319 701 3392 deceptus.
763 3322 889 3377 Alta
959 3339 1153 3380 rursus
1209 3324 1666 3395 'intempestaque
1731 3343 1879 3393 nox,
1947 3337 2003 3383 et

419 3412 490 3468 ad
580 3422 880 3468 sementem
951 3414 1259 3469 faciendam
1337 3417 1644 3472 caelestium
1723 3418 1997 3474 seminmn

409 3503 652 3572 agricola
681 3515 1050 3572 processerat.
1077 3505 1189 3561 Nec
1226 3507 1389 3563 facile
1426 3508 1532 3563 fuit
1555 3508 1729 3564 latere
1755 3509 1995 3579 amplius

408 3597 566 3665 pium
633 3595 1042 3655 insidiatorem.
1103 3597 1174 3655 Ut
1200 3601 1345 3656 enim
1393 3603 1602 3674 jactum
1634 3612 1720 3660 est
1779 3618 1999 3669 aurum,

408 3703 578 3757 quam
605 3690 895 3746 celerrime
920 3693 1104 3762 potuit
1131 3694 1394 3752 exsiliens
1459 3696 1544 3751 vir
1597 3697 1994 3754 clancularium

406 3789 646 3848 occupat
683 3781 1002 3851 largitorem
1035 3799 1102 3839 ac
1155 3785 1399 3856 seipsum
1445 3786 1668 3857 quidem
1715 3787 1770 3842 in
1815 3790 1997 3845 solum

409 3871 622 3941 abjicit,
657 3872 1027 3946 lacrymisque
1056 3877 1223 3948 pedes
1265 3878 1444 3934 abluit
1488 3895 1587 3936 eos
1616 3895 1648 3935 a
1677 3881 1880 3952 quibus
1910 3882 2000 3938 ille

2105 3237 2298 3299 ἐδεῖτο,
2358 3237 2478 3306 μηδ’
2503 3237 2583 3300 εἰς
2613 3237 2838 3307 ἐτέρους
2884 3237 2946 3290 τὸ
2990 3237 3384 3308 πεπραγμένον
3415 3240 3694 3308 ἐκφέρειν.

2104 3323 2232 3397 τι⁶ιρ’
2264 3323 2357 3380 οὖν
2392 3328 2571 3397 ὀλίγον
2594 3329 3014 3400 τεκμηριῶσαι;
3047 3331 3080 3401 ἢ
3115 3331 3264 3384 ἐστιν
3297 3325 3407 3401 ᾧγε
3437 3336 3700 3404 παρεῖται

2107 3419 2243 3489 πρὸς
2277 3419 2446 3473 αὐτὸν
2506 3420 2873 3491 άμιλλᾶσθαι;
2929 3421 3127 3476 οὔκουν
3165 3425 3272 3477 οὐδ’
3308 3425 3496 3493 ἐγγύς.
3535 3423 3701 3479 Ἀλλὰ

2104 3510 2264 3564 τοῦτο
2289 3511 2390 3582 μὲν
2418 3511 2476 3564 ἓν
2502 3515 2566 3566 ἐκ
2601 3512 2816 3565 πολλῶν
2841 3512 2950 3567 τῶν
2981 3515 3192 3568 ἐκείνου
3232 3515 3339 3587 πρὸ
3377 3516 3471 3568 τοῦ
3502 3520 3697 3586 ἀρχιεο

2109 3606 2247 3673 ρέως
2269 3605 2472 3658 κείσθω
2535 3605 2915 3676 διηγημάτων,
2968 3607 3036 3674 ἶν’
3084 3607 3317 3678 εἰδῶμεν
3351 3608 3426 3674 ὡς
3461 3612 3558 3662 καὶ
3590 3609 3699 3678 πρὸ

2107 3685 2477 3770 ποιμαντικῆς
2504 3700 2832 3764 ἐπιστασίας
2877 3702 2911 3772 ἡ
2939 3701 3167 3771 ποιμέσι
3203 3703 3537 3774 διαφέρουσα
3564 3705 3692 3758 τοῦ·

2105 3812 2199 3849 τον
2233 3792 2348 3867 εἶχε
2377 3797 2642 3869 μέριμνα.
2672 3797 2740 3852 Et
2762 3816 2824 3867 γε
2854 3799 3134 3870 ποιμένων
3164 3800 3327 3870 ἔργον
3359 3800 3574 3866 σώζειν,
3595 3800 3690 3853 καὶ

2113 3889 2188 3962 μὴ
2210 3893 2336 3955 τοὺς
2363 3891 2524 3944 τοῦτο
2565 3891 2760 3946 παθεῖν
2790 3893 3200 3959 κινδυνεύοντας
3231 3895 3492 3949 ὀλωλέναι
3537 3911 3693 3967 περι-

1363 3979 1394 4016 ⁴
1932 3981 2172 4041 ΝΟΤιΕ.

410 4063 517 4119 sibi
554 4079 711 4140 _v_cro
757 4081 924 4136 grave
977 4068 1210 4134 scilicet,
1252 4057 1456 4126 vulmis
1493 4072 1787 4140 inflixerat,
1820 4077 1996 4132 donec

407 4136 566 4217 quasi
594 4135 730 4192 deus
767 4135 857 4217 fex
901 4142 1157 4217 machina
1217 4135 1998 4217 liberalitas-Nicolaipuella:

411 4207 729 4278 restitueret
759 4208 951 4270 vitam,
985 4211 1126 4278 patri
1159 4211 1490 4266 medicinam
1525 4213 1750 4270 faceret.

483 4275 596 4355 Q7)
637 4277 904 4355 Ἐργασία
937 4275 1024 4332 est
1079 4281 1166 4355 hic
1196 4283 1566 4355 eleemosyna.
1600 4285 1995 4345 Ecelesiastice
2044 4316 2047 4319 -

2104 4082 2382 4137 seribcndi
2440 4080 2727 4148 defuisse;
2761 4083 3021 4136 nimirum
3074 4082 3280 4138 homini
3340 4093 3454 4139 tota
3487 4086 3598 4139 vita
3642 4087 3696 4142 id

2101 4168 2267 4227 agere
2322 4163 2610 4227 comperto
2638 4154 3160 4227 ut-splendidissimi
3221 4156 3403 4210 lumen
3461 4158 3695 4227 ingenii,

2102 4225 2390 4300 modestia:
2442 4224 2785 4300 (evangelice
2841 4224 2911 4279 de
2969 4225 3088 4278 viro
3121 4228 3438 4300 apostolico
3485 4224 3700 4300 dicam)

2100 4296 2287 4349 modio
2319 4304 2609 4364 premeret.
2673 4295 2852 4363 Opera
2878 4310 3009 4365 ergo
3041 4297 3242 4364 quibus
3271 4298 3462 4352 orbem
3497 4295 3699 4361 imple-'-

411 4344 628 4435 seilicet
679 4344 880 4435 potius
915 4364 1081 4435 quam
1110 4351 1311 4432 Attice.
1342 4344 1702 4435 .Cy'prianus,
1751 4365 1808 4410 ιιι
1860 4344 1999 4435 alios
2032 4392 2054 4422 ι,
2099 4344 2750 4435 νῖίὲιὲεῆίόέῇἱιξὲυηὶῖ
2765 4344 3697 4434 ξιιιέιὲ’ἕόριὸέιὲἐῆιέὲιζῖιόὶι’ἐόἴιὶῖιι

414 4423 652 4490 taceam,
681 4417 887 4490 passim
913 4433 1039 4472 cum
1071 4421 1256 4490 largiri
1285 4417 1677 4479 misericordia:
1690 4417 1866 4483 causa
1917 4431 1996 4483 si-

413 4483 1081 4562 gniﬁcare—vultLoperari
1141 4483 1295 4554 dicit,
1337 4500 1390 4547 et
1445 4497 1823 4562 operationem
1882 4499 1993 4554 ele-

413 4570 753 4631 emosynam.
821 4558 901 4631 Ex;
943 4563 1137 4630 pagina
1202 4558 1580 4631 praecedenti,
1629 4575 1685 4621 et
1739 4585 1806 4622 ex
1862 4583 1990 4623 mox

415 4629 966 4707 secutura_intelligi
1026 4629 1213 4707 potest
1268 4633 1415 4688 unde
1487 4631 1770 4707 repetatur
1822 4649 1996 4694 meta-

414 4697 1323 4790 ':Ani.f:l:‘i‘l'_uln—f£-13901:?
1364 4697 1646 4790 semeniis,
1689 4723 1870 4790 quam
1933 4718 1994 4764 ut

415 4768 654 4848 agricola
714 4768 891 4848 libens
949 4768 1431 4848 facit—blandiente
1456 4768 1745 4833 verisimili
1773 4795 1871 4848 spe
1905 4796 1997 4835 re-

414 4839 682 4915 cipienda:
711 4841 881 4915 sortis
911 4858 1036 4915 cum
1080 4846 1304 4898 cumulo
1351 4848 1709 4915 centuplicati
1738 4839 1945 4906 ferioris
1977 4869 1992 4906 :

418 4908 490 4960 ita
511 4908 692 4992 ﬁdelis
731 4909 828 4992 Dei
856 4913 1148 4992 proi'nissis
1180 4930 1479 4992 persuasus
1509 4908 1722 4986 prolixe
1759 4921 1995 4992 largitur

413 4978 725 5057 egentibus,
757 4978 893 5035 nihil
926 4978 1344 5057 dubitans-quin
1378 4989 1448 5043 ab
1509 4978 1705 5045 corum
1741 4978 1999 5048 curatore

415 5052 625 5128 centies
643 5053 814 5128 _p|ura
845 5054 1169 5128 recepturus
1201 5052 1293 5111 sit.
1326 5057 1514 5128 Itaque
1546 5061 1601 5113 in
1631 5061 1738 5117 isto
1771 5077 1871 5116 usu
1900 5079 1997 5119 ec-

413 5119 728 5200 clesiastico
761 5119 1224 5200 verbi,_--'operari,
1272 5145 1373 5200 pro
1406 5119 1710 5200 largiendo,
1775 5135 1998 5189 schema

414 5191 611 5260 duplex
641 5191 1050 5262 agnoscendum
1102 5191 1217 5254 est.
1270 5191 1518 5254 Primum
1564 5191 1709 5256 enini
1767 5206 1996 5260 verbum

413 5275 704 5340 commune
730 5265 986 5342 omnibus
1005 5267 1102 5337 τῆς
1129 5271 1406 5338 γεωργίας
1429 5272 1717 5342 speciebus
1738 5275 1807 5329 ad
1832 5291 1999 5330 unam

413 5337 532 5413 eam
562 5350 732 5413 quam
767 5335 878 5413 dixi
928 5335 1578 5413 restringitur‘semehtis
1610 5347 1996 5413 sparsionem;

413 5405 610 5485 deinde
641 5406 747 5461 ista
787 5407 906 5477 ipsa
953 5410 1018 5485 ad
1049 5405 1457 5485 cleentosynam
1487 5405 1883 5485 designandam
1919 5405 2000 5470 al;

416 5473 653 5554 legorice
681 5473 1156 5554 aceonnnodatur.
1178 5473 1364 5551 Neque
1394 5499 1526 5538 vero
1551 5473 1797 5554 opcratio
1820 5489 2000 5541 solum

416 5545 785 5624 elect-nosyna,
824 5550 928 5624 _sed_
946 5553 1111 5624 etiam
1154 5545 1292 5624 Opus
1325 5555 1546 5610 dicitur.
1582 5545 1890 5612 Eucherius
1931 5556 1998 5610 ad

424 5609 780 5699 Yaleriaiium
807 5618 874 5699 de
908 5621 1138 5699 Paulino
1191 5609 1272 5699 ait
1298 5641 1424 5679 cum
1463 5609 1578 5682 tres
1621 5609 1999 5699 όιῐιὶίξίιῖᾆτιέὲ

423 5689 811 5765 fetis-operibus
842 5692 1175 5760 implevisse.
1229 5694 1349 5750 Non
1381 5699 1448 5750 de
1487 5699 1638 5754 libris
1672 5689 1833 5765 dixit:
1873 5716 1998 5752 cum

424 5749 654 5838 ξυμμιιο
688 5759 820 5813 satis
856 5749 1073 5838 censu?!
1118 5782 1226 5818 non
1287 5749 1864 5838 l'acultatem‘quid—ein
1906 5779 2003 5823 aut

429 5819 760 5888 doctrinam,
794 5829 886 5881 scd
926 5835 1164 5888 studium
1194 5819 1999 5897 ςριέιυξιξιδἰὧιιῖιῖὲῖιῖἶὶιιὶιῐιι

2100 4450 2197 4504 per
2230 4435 2499 4503 Europam
2535 4435 2820 4504 αὐτοχειρὶ
2852 4438 3112 4504 profusas
3157 4454 3187 4491 a
3219 4437 3450 4492 Paulino
3481 4437 3684 4503 fuisse,

2021 4528 2067 4584 ι)
2104 4506 2201 4560 sed
2224 4506 2390 4584 etiam
2420 4520 2516 4584 per
2539 4513 2724 4584 certos
2769 4508 3022 4584 homines
3046 4508 3312 4584 in‘Asiam
3352 4521 3517 4584 atque.
3540 4512 3694 4564 Afri-

2102 4591 2223 4630 cam
2249 4576 2560 4652 largissime
2588 4577 2788 4630 missas
2820 4575 3062 4633 Uranius
3088 4579 3354 4634 Actorum
3387 4575 3508 4652 ejus
3536 4585 3688 4637 scri-

2100 4655 2228 4717 ptor
2258 4646 2486 4717 diserte,
2503 4655 2767 4701 testatur.
3107 4695 3118 4708 ,

2172 4717 2284 4793 (28)
2320 4715 2438 4772 Mos
2468 4716 2574 4793 fuit
2617 4732 2793 4793 usque
2826 4719 2896 4773 ab
2929 4735 3114 4793 aureis
3144 4721 3408 4778 Romana:
3443 4724 3695 4793 magniﬁ-

2099 4790 2294 4843 centiae
2323 4788 2661 4856 temporibus
2682 4789 2845 4844 ctiam
2878 4793 2943 4844 ad
2981 4792 3083 4846 ista
3119 4793 3312 4847 ultima
3343 4788 3694 4850 senescimus

2099 4858 2315 4934 [inperii
2375 4857 2857 4934 Constantiimpoli
2915 4877 3139 4934 quoque
3189 4866 3548 4919 continuatus
3625 4876 3688 4919 ut

2099 4928 2348 5004 Cazsares
2378 4939 2473 5004 aut
2501 4929 2858 5004 magistratus
2905 4928 3208 5000 praesertim
3257 4937 3519 4990 consules
3546 4951 3692 5004 quos

2101 5000 2344 5060 ὑπάτους
2397 4998 2574 5054 Graeci
2605 5000 2813 5064 dicunt,
2873 4998 3151 5070 nummos,
3212 5007 3486 5060 interdum
3519 4998 3690 5061 etiam

2100 5080 2454 5146 gemmaset,
2489 5078 2548 5123 ut
2595 5070 2862 5146 Martialis
2899 5075 3064 5130 habet
3094 5077 3280 5146 Epigr.
3323 5078 3412 5142 78,
3437 5078 3531 5130 lib.
3563 5093 3687 5141 vm,

2103 5143 2280 5218 lineas
2342 5142 2564 5218 divites,
2619 5156 2684 5218 ac
2736 5145 2946 5218 similes
2980 5142 3230 5218 rapinas
3283 5149 3339 5202 in
3374 5147 3688 5203 confertam

2102 5212 2512 5265 nuiltitudinem
2543 5211 2712 5266 certis
2749 5213 2948 5271 diebus
2977 5211 3230 5272 ludorum
3263 5228 3359 5274 aut
3389 5220 3563 5274 initiis
3595 5224 3694 5272 ho-

2101 5298 2300 5358 nor_um
2333 5294 2683 5358 spargerent.
2733 5284 2865 5358 Quae
2898 5287 3130 5343 missilia
3177 5287 3692 5358 Constantinopoli-

2104 5353 2250 5407 tantis
2268 5353 2635 5424 scriptoribus
2659 5357 2866 5423 passim
2896 5358 3100 5412 ὑπάτια
3137 5360 3419 5424 dicuntur,
3438 5353 3692 5416 Ced'reno

2104 5425 2380 5476 ὑπατεῖαι.
2433 5422 2591 5496 Unde
2641 5422 2728 5480 est
2787 5429 2876 5482 hic
2916 5433 3145 5485 verbum
3189 5422 3503 5496 ὑπατεύειν,
3544 5433 3690 5487 dena
3747 5459 3762 5466 -

2103 5509 2363 5568 Spargere
2387 5494 2678 5568 consulum
2728 5513 2903 5553 more.
2937 5501 3097 5568 Quod
3135 5513 3314 5556 autem
3343 5503 3396 5556 id
3427 5494 3690 5557 consules

2106 5569 2170 5637 in
2201 5565 2434 5637 theatris
2459 5575 2513 5620 et
2545 5570 2804 5637 panegyri
2837 5565 3087 5627 facerent.
3117 5573 3303 5626 statim
3343 5574 3432 5628 hic
3461 5575 3689 5628 additur

2108 5635 2176 5688 ad
2208 5635 2573 5711 differentiam
2601 5639 2660 5688 ἐν
2695 5635 2906 5711 κρυφῇ.
2943 5641 3063 5697 Non
3094 5645 3238 5697 enim
3264 5644 3331 5698 ad
3361 5647 3689 5699 ostentatio~

2105 5722 2229 5759 nem
2263 5709 2381 5760 luce
2417 5709 2617 5776 palam,
2647 5710 2740 5764 sed
2775 5709 3012 5780 captatis
3040 5715 3107 5768 ad
3145 5715 3542 5769 misericordiae
3579 5719 3684 5769 ob-

2103 5787 2313 5859 tentum
2343 5779 2589 5859 noctium
2623 5779 2869 5836 tenebris
2905 5784 3169 5842 Nicolaus
3200 5785 3561 5859 largiebatur,
3588 5786 3683 5842 Dei

2105 5848 2278 5905 solius
2303 5851 2532 5904 arbitrio
2554 5862 2869 5910 contentus.
