4072 6446
314 320 415 380 221
1099 318 1384 381 ORATIO
1418 320 1604 381 XVII.
1647 346 1713 358 -
1756 321 1838 383 IN
1866 322 1925 382 S.
1957 322 2355 385 NICOLAUM
2389 323 2829 387 MYRENSEM.
3482 325 3594 390 222

310 432 466 503 ορᾷν.
496 430 569 484 ’Ἠ
604 430 717 502 γὰρ
764 430 953 501 ὀλίγης
989 432 1136 497 τινὸς
1182 433 1460 499 ἀπωλείας
1504 433 1600 497 οὓς
1649 434 1715 506 δὴ
1768 434 1909 506 ἔφην

2012 437 2068 492 in
2117 436 2449 508 perditionis
2496 437 2814 493 barathrum
2847 453 2986 510 pene
3015 438 3128 508 jam
3180 437 3366 510 lapsus
3390 437 3448 495 in
3480 452 3597 496 sta-

309 524 434 594 ἄρτι
459 521 763 589 ὲξέσωσενς
798 524 831 595 ἢ
889 524 981 577 τὸν
1028 525 1261 595 τυχόντα
1291 526 1693 597 ὲπηωρημένον
1722 526 1906 590 αὐτοῖς

2009 539 2124 583 tum
2151 529 2348 586 salutis
2369 537 2588 585 erectus
2609 529 2821 587 fuerat.
2850 528 3052 586 Noster
3083 540 3266 586 autem
3291 533 3595 589 erubesce-

310 614 555 668 κίνδυνον
598 615 927 671 καταλαὸὼν
956 618 1186 687 ἀνέσχε;
1211 620 1305 671 καὶ
1322 618 1404 681 τίς
1424 617 1489 671 ἂν
1518 618 1676 681 ἄλλος
1703 618 1906 689 μείζων

2009 621 2105 676 bat
2144 630 2407 691 tanquam
2438 622 2496 675 in
2529 622 2790 690 pudendo
2816 620 3061 677 facinore
3083 622 3498 692 deprehensus:
3530 638 3596 677 ac

307 708 498 780 ὀφθείη
527 726 542 775 ;
589 711 685 765 Ἐκ
713 711 778 784 δὴ
812 711 907 766 τοῦ
941 713 1037 767 νῦν
1083 712 1403 783 εἰρημένου,
1436 713 1486 765 εί
1516 714 1611 766 κοιλ⁷
1648 714 1905 783 παρήκα-

2009 723 2122 763 rem
2153 708 2563 764 obstestabatur
2593 722 2654 763 ut
2693 709 2918 765 silentio
2955 719 3195 780 tegeret;
3230 726 3405 780 neque
3443 711 3593 781 quod

310 816 409 870 μεν
454 801 527 853 τά
557 800 747 868 λοιπὰ,
777 802 1048 872 πάρεστιν
1076 802 1319 875 ὡσπερεὶ
1356 801 1555 868 τύπου,
1586 800 1904 871 λογίζεσθαι

2009 810 2219 872 gestum
2240 808 2360 855 erat
2382 800 2451 855 ad
2475 801 2711 856 aliorum
2729 803 3125 857 conscientiam
3160 803 3368 858 sineret
3402 817 3593 873 serpe-

310 892 403 944 καὶ
436 888 473 943 ἀ
501 895 787 963 παρεῖται.

2010 908 2089 947 re.
2108 890 2496 962 Nunquidnam
2528 892 2634 948 hoc
2666 893 2942 948 mediocre
2971 896 3248 964 specimen
3268 895 3483 951 virtutis
3511 902 3598 950 est

308 986 371 1041 ad
393 987 771 1060 conjecturam
797 988 865 1045 de
887 999 1083 1046 caetera
1098 993 1203 1045 viri
1237 991 1399 1055 laude
1432 989 1737 1044 faciendam
1759 987 1879 1041 ?An
1920 1001 2051 1041 vero
2064 996 2145 1041 est
2161 986 2250 1041 cui
2272 986 2437 1042 libeat
2474 986 2527 1039 in
2553 985 2842 1055 dignitatis
2889 988 3296 1043 contentionem
3337 987 3594 1054 cumipso

303 1080 531 1137 venire?
557 1082 671 1138 imo
697 1099 767 1139 ne
794 1099 960 1155 prope
978 1084 1197 1155 quidem
1230 1084 1509 1139 accedere.
1530 1081 1598 1138 Et
1626 1081 1742 1136 haec
1768 1079 1987 1150 quidem
2025 1094 2133 1133 una
2202 1077 2270 1134 de
2346 1078 2538 1134 multis
2586 1094 2713 1150 quae
2761 1089 2889 1135 ante
2964 1080 3342 1151 pontificatum
3414 1082 3598 1135 conti-

310 1190 429 1247 gere
450 1178 705 1233 historiis
740 1177 832 1233 hic
855 1190 973 1234 esto
997 1178 1300 1251 descripta,
1346 1189 1406 1235 ut
1447 1179 1691 1235 sciamus
1721 1179 1872 1233 illum
1912 1177 2077 1232 etiam
2102 1184 2229 1230 ante
2275 1175 2609 1243 pastoralem
2630 1172 3008 1243 prazfecturam
3065 1190 3257 1230 curam
3310 1187 3595 1246 pastorum

306 1270 583 1344 propriam
641 1271 985 1340 concepisse.
1052 1271 1337 1343 Siquidem
1404 1283 1685 1343 pastorum
1746 1285 1892 1341 opus
1967 1276 2054 1323 est
2115 1281 2376 1323 servare:
2408 1281 2586 1335 neque
2628 1267 2808 1322 otioso
2848 1267 3108 1338 despectu
3146 1272 3212 1325 de
3236 1270 3405 1325 exitio
3453 1270 3599 1340 peri-

305 1362 561 1419 clitantes
585 1363 809 1419 intueri.
845 1364 931 1419 An
962 1364 1108 1420 enim
1158 1380 1188 1418 a
1221 1365 1489 1421 mediocri
1522 1364 1767 1435 pernicie
1798 1376 1895 1418 eos
1934 1374 2073 1430 quos
2121 1358 2288 1414 modo
2347 1358 2461 1413 dixi
2508 1356 2805 1412 liberavit?
2856 1372 2950 1413 aut
2994 1361 3219 1432 vulgare
3285 1362 3420 1431 ipsis
3493 1363 3598 1418 im-

304 1462 551 1532 pendens
620 1462 916 1532 occupavit
961 1469 1210 1518 avertere
1283 1462 1627 1534 periculum?
1695 1460 2051 1532 Ecquodnam
2107 1473 2241 1513 vero
2286 1460 2505 1514 tandem
2555 1456 2728 1512 videri
2778 1455 2959 1525 majus
3009 1455 3212 1526 queat?
3278 1455 3457 1525 Atque
3529 1473 3594 1512 ex

303 1558 411 1612 hoc
438 1557 599 1612 modo
621 1563 844 1610 narrato
864 1555 1130 1623 facinore,
1176 1564 1235 1611 ut
1284 1566 1674 1627 praetereamus
1699 1566 1921 1621 caetera,
1966 1553 2092 1608 licet
2130 1563 2390 1622 tanquam
2451 1552 2705 1622 exemplo
2744 1558 2907 1621 capto
2959 1549 3028 1604 ad
3088 1549 3472 1608 aestimationis
3510 1552 3593 1606 in-

301 1650 692 1706 formationem
725 1648 791 1703 de
822 1648 945 1702 aliis
974 1664 1097 1718 qua:
1146 1648 1452 1704 omittimus
1503 1646 1888 1704 ratiocinando
1929 1642 2225 1714 suspicari.

392 1738 560 1795 Ἀλλά
622 1736 717 1791 τὸν
768 1736 1030 1791 τοσοῦτον
1085 1737 1194 1809 πρὸ
1249 1737 1349 1808 τῆς
1375 1737 1643 1801 διπλοΐδος
1672 1735 1894 1791 καὶτοῦ

2065 1732 2336 1789 Caeterum
2368 1747 2491 1788 eum
2520 1732 2615 1803 qui
2654 1740 2841 1787 tantus
2879 1731 2980 1787 fuit
3005 1739 3138 1787 ante
3184 1731 3589 1788 sacerdotalem

304 1832 637 1905 χρίσματος,
672 1826 797 1882 τίνα
855 1828 1002 1891 εἰκὸς
1057 1828 1201 1899 μετά
1249 1828 1311 1882 τὸ
1342 1828 1551 1900 χρίσμα
1576 1828 1898 1899 ὑπολαμϐά-

2009 1834 2054 1883 et
2082 1835 2290 1882 vestem
2319 1835 2374 1881 et
2405 1827 2745 1892 unctionem,
2778 1826 2997 1895 qualem
3039 1840 3103 1880 ac
3132 1834 3400 1895 quantum
3436 1834 3594 1896 post-

306 1939 459 1989 νειν;
486 1922 559 1975 Ἦ
590 1919 750 1974 τοῦτο
777 1920 887 1982 πᾶς
931 1937 1017 1983 τις
1047 1919 1288 1991 συνίησι,
1320 1920 1417 1973 καὶ
1446 1920 1532 1992 εἵη
1560 1920 1627 1975 ἂν
1664 1919 1900 1974 ἐνταῦθα

307 2013 419 2080 ἔξω
450 2009 647 2082 καιροῦ
700 2010 761 2064 τὸ
817 2010 883 2063 ὲκ
924 2009 1099 2079 λόγων
1156 2011 1481 2083 μαρτύριον.
1550 2011 1898 2066 Ἐπιποθεῖτε

306 2107 416 2160 κάν
446 2106 513 2175 τῇ
542 2102 809 2174 προεδρίᾳ
828 2101 1058 2156 τοιαῦτά
1081 2119 1205 2156 τινα
1220 2102 1633 2174 φιλανθρωπίας
1661 2103 1898 2158 ἀκοῦσαι

311 2196 653 2267 διηγήματα.
694 2191 878 2269 η’Δλλά
920 2191 1135 2247 δέδοικα
1210 2193 1286 2265 μὴ
1345 2193 1624 2248 θάλασσαν
1685 2195 1899 2249 ἀντλεῖν

314 2283 759 2357 προθυμώμεθα.
792 2283 888 2348 Τίς
944 2286 1054 2357 γὰρ
1111 2285 1146 2357 ἢ
1185 2286 1315 2341 ποία
1354 2285 1574 2356 γλῶσσα
1606 2288 1688 2352 είς
1724 2288 1903 2342 ἐκεῖνο

308 2378 372 2432 τὸ
405 2378 649 2446 πέλαγος
673 2375 1008 2431 ἐπιϐαλοῦσα
1031 2378 1133 2431 οὐκ
1158 2378 1314 2450 ὀκνῇ,
1361 2379 1589 2434 παλαιὸν
1626 2379 1758 2445 ἔπος
1787 2381 1903 2435 δια-

313 2470 747 2541 μνημονεύσασα
777 2469 805 2522 ὃ
836 2468 1033 2540 πλήθει
1082 2469 1192 2522 τινὶ
1243 2470 1377 2525 δέκα
1424 2471 1709 2542 στομάτων
1748 2472 1904 2543 ἔλεγε

309 2559 427 2614 δεῖν
465 2558 619 2630 (29);
657 2558 799 2611 Ἀλλ’
833 2558 941 2612 οὐδ’
995 2558 1045 2612 ει
1074 2558 1338 2623 πολλάκις
1388 2560 1624 2615 τοσαῦτα
1657 2562 1904 2616 συνέλθοι

314 2651 443 2706 οὐδὲ
472 2649 769 2705 πολλοστοῦ
802 2649 1006 2722 μέρους
1028 2649 1240 2719 ,δύναιτ’
1276 2650 1343 2705 ἂν
1396 2651 1772 2723 μνημονεῦσαι
1805 2654 1906 2725 τῆς

317 2742 559 2798 ἐνταῦθα
590 2742 847 2814 πληθύος.
877 2742 1050 2796 Τοῦτο
1082 2742 1181 2814 μὲν
1208 2743 1272 2815 δὴ
1295 2743 1356 2797 τὸ
1378 2743 1543 2815 μέρος
1561 2746 1823 2813 τοιοῦτον,
1855 2746 1907 2800 τί

315 2836 376 2891 δὲ
400 2835 470 2891 τὰ
504 2835 663 2903 ἄλλα,
691 2836 794 2890 ὅσα
824 2836 921 2889 σὺν
951 2835 1189 2905 ἀσκήσει
1222 2834 1417 2909 βαθείᾳ
1445 2836 1544 2907 ὀψὲ
1572 2837 1671 2909 τῆς
1689 2838 1907 2909 ἡλικίας

326 2926 481 2996 μόλις
517 2924 823 2997 ὶκτήσαντό
849 2941 1017 2989 τινες,
1057 2918 1139 2988 οἷς
1190 2924 1403 2990 Παῦλος
1431 2925 1622 2998 ὥσπερ
1652 2926 1908 2998 χρώμασι

320 3019 608 3091 ζωγραφεί
622 3019 717 3073 τὸν
738 3018 1003 3090 ἀρχιερέα
1021 3036 1035 3082 ;
1056 3018 1218 3072 Ἀλλά
1249 3020 1428 3073 ταῦτα
1451 3020 1629 3074 πάντα
1654 3019 1908 3091 καθάπερ

318 3112 437 3183 ἅμα
470 3114 594 3177 ταῖς
634 3114 927 3184 μητρικαίς
964 3110 1115 3181 αὐτῷ
1161 3111 1708 3183 συνεγκυμονηθέντα
1738 3112 1903 3181 λαγό-

316 3223 425 3273 σιν,
452 3204 599 3259 οὕτω
620 3205 927 3270 συνείπετο,
975 3207 1069 3260 καὶ
1098 3205 1263 3261 πλέον
1299 3204 1593 3277 συμπαρῆν
1624 3205 1658 3277 ἢ
1704 3205 1782 3277 τὸΙ
1811 3206 1904 3259 εὐ-

314 3297 475 3351 ωδεῖν
502 3299 621 3361 τοῖς
678 3295 821 3349 οὕτω
869 3298 1174 3367 πεφυκόσιν
1228 3297 1468 3351 ἄνθεσιν.
1503 3298 1666 3350 Ὥστε
1710 3298 1799 3368 εἴη
1838 3298 1905 3352 ἂν

320 3389 573 3462 ἀκαιρία,
636 3391 734 3444 καὶ
790 3390 825 3461 ἠ
874 3390 1005 3461 περὶ
1049 3390 1223 3444 ταῦτα
1263 3390 1540 3462 διατριϐή.
1586 3388 1826 3445 Τοσοῦτο
1847 3391 1905 3444 δὲ

323 3481 586 3554 εἰρήσθω,
624 3483 707 3537 ὅτι
769 3484 930 3553 μόνος
970 3485 1177 3546 ἐκεῖνος
1230 3483 1341 3539 τῶν
1374 3483 1617 3547 πάντων,
1663 3482 1760 3536 καὶ
1800 3482 1907 3553 πρὸ

320 3575 422 3645 τῆς
450 3574 738 3639 διπλοΐδος,
762 3574 1100 3646 εὐπρέπειαν
1142 3574 1446 3645 ἱερωσύνης
1479 3574 1781 3639 ὲστόλιστο,
1811 3573 1908 3629 καὶ

319 3671 367 3721 εἰ
395 3662 510 3721 οἷόν
544 3684 608 3721 τε
626 3668 823 3733 εἰπεῖν,
855 3668 963 3738 πρὸ
983 3667 1077 3720 τοῦ
1108 3667 1410 3738 χρίσματος
1436 3666 1653 3737 ἐϐοήθει
1682 3665 1761 3738 τῷ
1781 3667 1905 3738 χρί-

318 3773 516 3828 σματι.
547 3756 660 3811 Καὶ
681 3756 858 3829 τούτῳ
920 3758 1121 3827 μᾶλλον
1154 3759 1249 3812 καὶ
1306 3759 1413 3829 πρὸ
1443 3758 1553 3813 τῶν
1578 3758 1908 3813 τελεπικῶν

316 3850 562 3923 τύπωνή
587 3849 689 3920 τῆς
715 3849 1134 3921 ἀρχιερωσύνης
1182 3849 1368 3916 εἰκὼν,
1395 3850 1427 3921 ἢ
1465 3852 1579 3915 τοῖς
1606 3850 1783 3923 ταύτῃ
1808 3868 1909 3921 με-

323 3938 712 4010 μορφωμένοις
737 3939 986 4010 ὑπῆρχεν
1044 3941 1360 4010 ὁμοιοτέρα.
1403 3939 1610 3993 Ἐκεῖνο
1645 3938 1702 3992 δὲ
1736 3941 1785 3992 εί
1814 3939 1910 3994 καὶ

321 4027 411 4081 διὰ
433 4026 638 4090 παντὸς
674 4027 1023 4100 περιχορεύει
1052 4030 1342 4099 στόματος,
1380 4029 1476 4084 καὶ
1503 4030 1702 4101 μέχρις
1737 4028 1805 4084 ἂν
1837 4029 1909 4099 γῆ

324 4115 421 4170 καὶ
474 4114 707 4187 οὐρανὸς
829 4117 889 4169 οὐ
925 4116 1077 4188 λήξει
1130 4118 1377 4191 χορεῦον,
1411 4120 1758 4190 προσκείσθω
1796 4121 1912 4184 τοῖς

319 4204 651 4276 εἰρημένοις.
674 4204 750 4258 Τδ
778 4208 959 4271 ποῖονς
984 4209 1052 4260 Ὃ
1072 4211 1183 4271 τοῖς
1211 4210 1290 4271 εἰς
1316 4208 1442 4279 ᾅδου
1474 4208 1729 4281 λαχοῦσιν
1754 4210 1914 4265 ἀπιέ-

321 4309 412 4346 ναι
446 4292 634 4365 κλήρῳ
667 4293 840 4365 ἀδίκῳ
869 4296 969 4366 τὴν
992 4298 1110 4350 ἐκεῖ
1140 4298 1419 4353 ἀνέστειλε
1449 4299 1697 4355 κάθοδον.
1728 4301 1808 4355 Δι’
1835 4295 1911 4356 ὧν

317 4384 435 4451 ὀξεῖ
464 4386 586 4440 ποδὶ
608 4388 934 4458 προφθάσας
976 4389 1005 4442 ό
1055 4392 1263 4462 ποιμὴν
1290 4394 1318 4446 ὀ
1347 4392 1531 4459 καλὸς,
1562 4396 1591 4447 ό
1633 4394 1909 4467 ἀληθινὸς,

315 4479 423 4551 τὴν
472 4477 656 4545 ὀξεῖαν
702 4482 967 4552 ήμϐλυνελ
1000 4460 1282 4555 τελευτήν.
1328 4485 1427 4548 Τίς
1460 4487 1569 4538 τῶν
1607 4486 1704 4539 νῦν
1725 4460 1773 4558 vi)
1945 4460 1987 4514 θ

317 4572 571 4640 πώποτε,
596 4575 837 4631 τοιοῦτον
868 4574 1292 4650 ἐξειργασμένος
1313 4577 1493 4651 theon;
1511 4579 1594 4645 τίς
1624 4581 1669 4635 δ’
1694 4589 1917 4635 επικου-

320 4668 495 4739 ρῆσαι
511 4667 755 4734 τοσοῦτο,
780 4668 878 4723 καὶ
892 4669 1152 4741 διακόψαι
1171 4671 1273 4741 μὲν
1291 4673 1464 4741 ἄρκυς
1482 4674 1738 4739 θανάτου,
1768 4674 1914 4746 ζωὴν

319 4760 367 4813 δ’
392 4758 724 4829 ἐπιστρέψαι
748 4759 929 4831 δημίῳ
960 4760 1103 4831 ξίφει
1134 4762 1329 4832 μικροῦ
1353 4761 1778 4836 ἀπιοῦσαν;τΑρ’
1800 4766 1913 4837 ἔχει

319 4870 407 4916 τις
430 4851 465 4923 ἦ
492 4851 606 4906 τῶν
635 4853 750 4908 ἀνω
767 4853 802 4925 ἢ
817 4852 929 4907 τῶν
946 4854 1102 4909 κάτω
1116 4854 1212 4908 τοῦ
1235 4856 1430 4926 χρόνου
1450 4863 1795 4927 παραγαγεῖν
1814 4859 1911 4913 τοῦ

319 4946 654 5016 πράγματος
674 4945 1146 5018 ὀμοιότητα;ἀλλ’
1186 4949 1287 5001 οὐκ
1305 4948 1417 5018 ἐγὼ
1458 4944 1634 5019 οἴμαι.
1670 4952 1817 5022 Πλὴν
1861 4952 1911 5004 εί

325 5038 399 5110 μὴ
421 5036 559 5108 φαίη
595 5054 679 5101 τις
702 5038 794 5093 τὸν
806 5038 1023 5110 πρῶτον
1043 5039 1329 5111 ἀρχιερέα,
1345 5042 1436 5095 τὸν
1463 5042 1595 5112 ἐμὸν
1622 5043 1851 5111 Ἰησοῦν,
1869 5036 1915 5112 ᾧ

324 5131 443 5183 κατ’
481 5133 630 5201 ἴχνος
661 5126 819 5197 οὗτος
842 5132 1111 5205 ἑπόμενος
1135 5135 1215 5198 είς
1256 5135 1563 5206 ἀκρίϐειαν,
1595 5136 1762 5203 ὀξέως
1805 5141 1918 5202 τοῖς

320 5224 659 5278 ἀπολωλόσιν
688 5227 775 5289 ἂν,
812 5227 861 5279 εί
896 5228 970 5298 μὴ
1025 5228 1256 5299 ἐπέστη,
1310 5230 1592 5301 σωτηρίαν
1634 5232 1916 5303 ἐκόμισεν,

318 5319 471 5389 ἣδιον
494 5315 650 5383 οὗτος
680 5323 1090 5393 προσχωρήσας
1110 5321 1188 5393 τῷ
1212 5322 1444 5394 κινδύνῳ
1473 5323 1506 5394 ἢ
1530 5328 1649 5389 ταῖς
1674 5327 1919 5379 ἀνέσεσιν

2002 1934 2166 1989 quam
2200 1932 2360 1974 sacro
2393 1928 2446 1973 et
2471 1917 2594 1971 oleo
2627 1917 2985 1988 consignatus
3018 1917 3263 1986 cogitare
3302 1928 3597 1973 consenta-

2003 2027 2165 2067 neum
2188 2020 2272 2067 est
2300 2009 2507 2066 fuisse?
2559 2008 2756 2076 Quivis
2815 2009 2921 2065 hoc
2962 2024 3060 2079 per
3108 2024 3170 2065 se
3205 2009 3421 2065 scilicet
3456 2011 3596 2067 satis

2004 2100 2297 2171 intelliget,
2332 2108 2393 2155 ut
2420 2115 2892 2171 supervacaneum
2945 2102 3050 2156 hoc
3098 2101 3223 2155 loco
3248 2104 3592 2173 etimportu-

2004 2208 2135 2248 num
2161 2192 2431 2249 orationis
2447 2192 2814 2249 distinctioris
2834 2194 3209 2249 testimonium
3232 2194 3306 2249 sit
3323 2194 3592 2251 futurum.

2004 2284 2145 2352 Quid
2176 2284 2322 2340 enim
2365 2285 2538 2341 vultis
2591 2301 2660 2341 ne
2710 2286 2875 2340 etiam
2914 2301 2980 2341 ex
3031 2286 3141 2341 vita
3181 2286 3302 2357 ejus
3346 2303 3508 2357 quam
3538 2288 3596 2343 in

2004 2377 2385 2433 ecclesiastico
2442 2378 2769 2448 magistratu
2800 2378 2957 2434 duxit
3010 2379 3286 2450 ejusmodi
3342 2383 3595 2453 quaedam

2006 2468 2362 2540 benignitatis
2407 2470 2601 2526 audire
2628 2472 2900 2542 exempla.
2942 2472 3014 2526 At
3062 2488 3260 2529 vereor
3311 2490 3381 2531 ne
3411 2477 3459 2532 si
3490 2476 3598 2531 hoc

2006 2558 2419 2629 susceperimus
2467 2560 2625 2628 quasi
2676 2560 2972 2617 exhaurire
3004 2576 3271 2617 oceanum
3310 2565 3597 2636 aggredia-

2011 2664 2155 2704 mur.
2194 2648 2326 2716 Quaa
2354 2650 2498 2705 enim
2531 2660 2625 2704 aut
2655 2651 2835 2722 qualis
2876 2652 3096 2708 demum
3134 2654 3321 2726 lingua
3352 2656 3499 2711 istud
3542 2657 3599 2712 in

2009 2741 2237 2812 pelagus
2264 2741 2431 2806 itura,
2460 2758 2569 2796 non
2593 2758 2705 2813 pra:
2733 2752 2881 2799 metu
2908 2744 2963 2798 in
2988 2744 3108 2814 ipso
3132 2744 3340 2816 impetu
3370 2757 3600 2804 cunctc-

2012 2842 2121 2895 tur,
2155 2840 2315 2889 vetus
2374 2834 2601 2888 verbum
2649 2844 2918 2906 reputans
2966 2852 3077 2906 quo
3130 2838 3317 2892 nescio
3349 2840 3474 2908 quis
3529 2841 3597 2894 ad

2012 2925 2308 2993 quamdam
2350 2925 2765 2981 multitudinem
2804 2927 3242 2997 percensendam
3266 2929 3455 2984 decem
3486 2930 3597 2985 sibi

2017 3031 2114 3069 ora
2141 3018 2461 3073 necessaria
2487 3033 2613 3073 esse
2630 3017 3084 3075 dicebat.Verum
3107 3036 3288 3092 neque
3310 3022 3357 3078 si
3389 3023 3599 3094 saepius

1933 3105 1978 3167 C
2012 3107 2235 3163 tetidem
2287 3110 2645 3164 convenirent
2675 3110 2759 3165 vel
2822 3111 2928 3168 iste
2958 3113 3076 3182 ipse
3105 3114 3358 3183 quamvis
3400 3131 3599 3184 magna

2011 3201 2472 3272 multiplicatione
2526 3210 2725 3260 auctus
2764 3203 3018 3260 sufﬁcere
3064 3213 3245 3262 tamen
3303 3216 3490 3277 posset
3529 3208 3599 3262 ad

2008 3292 2152 3347 hanc
2183 3293 2563 3364 explicandam
2605 3296 2820 3365 cupiam
2857 3312 3143 3353 numerus.
3172 3297 3327 3364 Quod
3378 3302 3427 3355 si
3482 3300 3600 3358 hinc

2010 3385 2232 3440 virtutis
2252 3385 2374 3455 ejus
2407 3401 2537 3456 pars
2565 3396 2622 3441 et
2656 3386 2880 3442 laudum
2907 3389 3124 3458 species
3150 3396 3263 3444 tam
3308 3401 3462 3448 vasta
3488 3404 3597 3457 est,

2008 3475 2143 3547 quid
2177 3476 2269 3530 illa
2290 3484 2373 3531 tot
2395 3476 2605 3548 reliqua
2634 3486 2839 3547 quanta
2864 3479 3137 3548 profunda
3165 3483 3519 3539 meditatione
3539 3496 3596 3541 et

2012 3568 2368 3625 contentione
2421 3570 2666 3641 improba
2721 3578 2971 3627 extrema
3020 3573 3240 3630 demum
3294 3584 3457 3632 aetate
3507 3578 3603 3633 vix

2009 3661 2232 3732 quidam
2293 3671 2558 3732 poterunt
2613 3664 2875 3733 assequi,
2942 3665 3145 3735 quibus
3208 3666 3411 3724 Paulus
3475 3682 3603 3723 tan-

2010 3769 2175 3823 quam
2229 3755 2513 3814 coloribus
2556 3756 2732 3829 pingit
2777 3773 3067 3814 sacrorum
3107 3760 3457 3832 principem?
3491 3762 3601 3818 Sed

2009 3863 2073 3903 ea
2105 3850 2291 3903 omnia
2335 3857 2600 3920 tanquam
2655 3848 2848 3906 eadem
2891 3865 3025 3909 cum
3078 3867 3146 3907 eo
3213 3854 3407 3908 matris
3469 3854 3603 3911 alvo

2010 3951 2275 4009 concepta
2338 3941 2653 4010 eductaqne
2720 3941 2801 3997 sic
2868 3957 2995 3998 eum
3052 3944 3427 4013 sequebantur
3486 3961 3606 4000 ma-

2012 4032 2205 4103 gisque
2258 4032 2613 4102 inseparabili
2669 4048 2796 4088 cum
2877 4049 2944 4089 eo
3023 4049 3167 4089 nexu
3232 4035 3605 4101 cohaerebant,

2011 4140 2177 4196 quam
2236 4124 2483 4196 fragrare
2538 4140 2768 4182 suavem
2829 4126 3056 4183 odorem
3114 4127 3342 4184 ﬂoribus
3402 4143 3607 4183 conve-

2013 4220 2129 4273 niat
2167 4217 2263 4288 qui
2311 4217 2589 4274 odorifera
2645 4229 2844 4273 natura
2899 4227 3057 4276 sunt.
3101 4218 3469 4285 Quamobrem
3507 4220 3609 4274 im—

2014 4321 2249 4382 portuna
2306 4309 2381 4365 sit
2430 4311 2620 4381 utique
2661 4312 2717 4365 in
2767 4310 2877 4367 illis
2929 4326 3105 4367 mora.
3166 4312 3394 4367 Summa
3442 4328 3609 4383 porro

2015 4404 2290 4460 dictorum
2320 4403 2435 4459 haec
2463 4412 2605 4461 esto.
2639 4402 2829 4459 Solum
2862 4405 3007 4459 hunc
3049 4420 3117 4461 ex
3149 4406 3408 4461 omnibus
3440 4406 3610 4462 etiam

2016 4505 2145 4554 ante
2171 4497 2471 4568 diploidem
2520 4496 2815 4554 sacerdotii
2847 4499 3129 4568 propriam
3188 4510 3395 4554 vestem
3441 4514 3610 4554 orna-

2019 4602 2131 4644 tum
2166 4590 2285 4661 ejus
2319 4589 2608 4662 dignitatis
2649 4605 2870 4646 omnem
2914 4591 3183 4656 induisse,
3238 4602 3312 4655 et,
3372 4591 3419 4646 si
3478 4592 3610 4646 licet

2017 4684 2226 4749 dicere,
2270 4692 2400 4740 ante
2433 4683 2675 4740 chrisma
2706 4683 2993 4739 chrismati
3026 4683 3401 4739 succurrisse.
3426 4684 3608 4755 Atque

2017 4777 2145 4831 inde
2175 4778 2413 4832 maxime
2443 4776 2612 4831 etiam
2665 4784 2794 4831 ante
2835 4775 3067 4847 mystica
3101 4775 3259 4844 signa
3276 4773 3477 4827 summi
3516 4787 3609 4828 sa-

2018 4869 2253 4926 cerdotii
2306 4869 2469 4940 quasi
2527 4869 2710 4941 imago
2739 4870 2797 4925 in
2849 4883 2916 4925 eo
2960 4866 3180 4923 refulsit
3212 4867 3531 4936 expressior
3555 4875 3613 4921 ct

2018 4962 2268 5033 exemplo
2294 4962 2530 5019 similior
2550 4977 2715 5033 quam
2735 4962 2790 5017 in
2822 4961 2930 5016 illis
2956 4960 3279 5030 plerumque
3309 4960 3487 5015 soleat
3517 4960 3612 5029 qui

2017 5057 2303 5111 consuetis
2358 5054 2619 5111 Ecclesia:
2670 5054 3014 5109 caeremoniis
3061 5068 3126 5108 ea
3174 5061 3306 5109 sunt
3343 5052 3611 5123 insigniti.

2020 5148 2159 5203 Illud
2193 5164 2326 5204 vero
2355 5163 2671 5219 quanquam
2709 5162 2805 5217 per
2856 5146 3106 5200 omnium
3142 5152 3375 5216 vagatur
3399 5160 3522 5209 ora,
3558 5152 3613 5197 et

2025 5242 2204 5296 donec
2241 5242 2347 5295 erit
2391 5242 2590 5296 coelum
2633 5246 2687 5293 et
2714 5247 2860 5292 terra
2900 5237 3084 5309 vagari
3120 5251 3229 5291 non
3264 5236 3500 5298 desinet,
3528 5244 3612 5287 ιαμ

2027 5351 2152 5389 men
2180 5334 2267 5389 hic
2319 5347 2537 5403 quoque
2579 5331 2692 5399 jam
2726 5332 2888 5385 dictis
2934 5328 3183 5384 accedat.
3230 5327 3400 5393 Quale
3429 5336 3611 5380 autem

1870 5450 2104 5509 NOTAE.

393 5534 510 5611 (99)
541 5534 748 5611 Πλῆοφς
777 5526 944 5611 istud
987 5545 1071 5611 est
1103 5553 1365 5611 numerus
1408 5543 1628 5611 navium
1678 5554 1730 5597 et
1759 5544 1961 5599 ducum
2005 5563 2069 5601 ac
2106 5547 2415 5607 cohortium
2447 5542 2765 5598 Graecarum
2816 5542 2971 5599 Ilium
3008 5538 3333 5611 petentium.
3378 5537 3613 5594 Παλαιὸν

316 5622 453 5661 vero
480 5606 614 5669 ἔπος
659 5608 744 5662 hic
774 5606 1003 5664 llomeri
1036 5625 1233 5664 versus
1262 5609 1437 5664 Iliad.
1463 5610 1503 5662 Β
1534 5630 1550 5665 ι

828 5698 858 5733 \

1064 5702 1201 5756 Οὐδ’
1217 5702 1273 5754 ετ
1298 5720 1399 5770 μοι
1429 5702 1577 5757 δέκα
1615 5707 1732 5773 μὲν
1783 5708 2080 5776 γλῶσσαι,
2123 5712 2269 5767 δέκα
2295 5712 2364 5767 δὲ
2401 5712 2647 5783 στόματ’
2687 5709 2828 5768 εἷεν.

384 5794 502 5853 Nec
550 5796 844 5855 dissimulo
874 5798 1047 5856 videri
1075 5814 1173 5870 pro
1203 5797 1397 5868 πλήθει
1446 5801 1819 5869 reponendum
1864 5809 2083 5872 ποιητῇ.
