4072 6468
302 348 413 415 225

1041 349 1323 410 ORATIO
1371 351 1556 413 XVII.
1593 374 1658 385 -··-
1704 352 1783 411 IN
1828 352 1887 411 S.
1933 348 2328 410 NICOLAUM
2360 340 2799 410 MYRENSEM.

3460 355 3569 417 2‘26

301 465 390 516 διὰ
418 462 511 517 δύο
533 461 704 521 ταῦτα
726 476 737 490 ·
768 459 891 514 οὔτε
921 462 1030 532 γὰρ
1054 461 1219 527 ἀξίως
1250 464 1423 515 εἰπεῖν
1455 481 1507 517 τι
1536 464 1720 535 ῥᾴδιον
1751 464 1881 533 περὶ

1997 464 2165 517 verbis
2189 464 2458 532 defunger
2482 480 2590 517 non
2630 465 2825 528 habeo,
2873 476 3093 535 propter
3126 470 3239 522 haec
3291 469 3400 522 duo
3430 490 3440 522 :
3471 488 3569 524 nee

301 555 504 618 αὐτῶν,
558 553 673 605 οὔθ’
704 553 780 614 ὼς
807 546 918 606 οἷόν
946 554 1002 605 τέ
1030 555 1178 605 ἐστιν
1206 553 1644 625 ἐξειργασμένων
1675 555 1881 618 αὐτῶν,

300 645 622 699 τελευταίαν
651 645 833 714 εὑρεῖν
875 644 1119 715 κορυφὴν
1165 645 1231 715 ἣν
1277 646 1545 715 ἐπιθήσω.
1595 646 1742 700 Ἐκεῖ
1772 647 1882 713 γὰρ

302 733 380 796 εἰς
413 734 481 785 τὰ
510 733 813 802 τιμιώτερα
840 733 947 785 τῶν
980 735 1195 803 ἑκάστῳ
1222 736 1696 805 πεπολιτευμένων
1727 737 1883 803 γενό-

306 843 477 895 μενοι,
533 819 653 877 εἶτα
706 825 773 877 ἐκ
823 824 1029 878 τούτων
1067 826 1145 889 είς
1182 826 1315 895 ὕψος
1358 827 1590 898 ἄραντες
1629 826 1726 896 τὴν
1774 827 1883 880 τῶν

303 919 544 973 ἐπαίνων
574 910 886 987 οἰκοδομὴν,
924 920 1211 972 τελευταῖα
1241 920 1307 988 δὴ
1339 920 1513 974 ταῦτα
1537 919 1728 995 ῶσπερ
1756 922 1883 989 ὀρο-

303 1012 413 1083 φὴν
436 1010 744 1064 ἐπιτιθέασι
770 1012 1013 1081 ῥήματα.
1037 1012 1171 1063 Ποῖα
1193 1013 1353 1073 ;Νῦν
1376 1012 1638 1079 ἀμείνων
1659 1009 1716 1065 εἷ
1735 1006 1884 1079 ζωῆς

301 1101 614 1169 ὲπικήρου.
664 1102 797 1155 Νῦν
831 1101 869 1153 ἆ
906 1101 1032 1167 τοῖς
1065 1102 1276 1169 ἀῦλοις
1298 1102 1565 1171 διαφέρει
1593 1108 1888 1172 κληρονο-

294 1193 452 1265 μεῖς.
478 1186 607 1247 Νῦν
631 1193 743 1260 τῆς
769 1192 1018 1245 ἐκείνων
1037 1188 1094 1245 εἷ
1106 1192 1280 1260 μερὶς
1312 1194 1643 1257 πολιτείας.
1666 1193 1775 1246 Καὶ
1801 1192 1886 1244 λε-

301 1287 512 1353 γόμενα
537 1283 689 1335 ταῦθ’
723 1282 896 1343 οὕτως
925 1283 984 1335 οὐ
1022 1283 1183 1348 μόνον
1228 1283 1533 1355 ἀποκληροῖ
1560 1284 1668 1337 τῶν
1705 1285 1884 1350 ἐγκω-

305 1375 444 1444 μίων
474 1375 572 1443 τὴν
604 1372 939 1443 προθυμίαν,
974 1372 1107 1426 ἀλλὰ
1141 1375 1234 1426 καὶ
1267 1370 1378 1427 οἷον
1407 1373 1541 1443 ἄνθη
1576 1375 1698 1428 τινὰ
1727 1373 1887 1427 ἄπει-

305 1484 400 1536 ρον
429 1464 578 1534 αὑτῷ
606 1464 791 1518 δίδωσι
835 1462 932 1535 τὴν
966 1463 1346 1535 λαμπρότητα.
1404 1466 1493 1517 Ἐν
1539 1464 1616 1533 τῷ
1656 1464 1887 1536 παρόντι

301 1558 383 1621 δὲ,
416 1559 484 1611 τὰ
521 1558 621 1626 μὲν
652 1556 922 1626 εἰρημένα
968 1558 1073 1627 χρὴ
1119 1551 1229 1608 οἶόν
1259 1575 1363 1610 τινι
1398 1555 1625 1628 θαλάμῳ
1655 1557 1889 1627 εὐτειχεῖ

304 1650 494 1712 κίονας
528 1648 857 1717 ὑποστῆσαι.
901 1648 928 1699 ὅ
952 1664 1116 1717 φησιν
1146 1649 1177 1717 ἡ
1212 1647 1424 1718 Θηϐαία
1447 1647 1584 1717 λύρα
1612 1648 1749 1717 (50).
1783 1648 1891 1715 Ζη-

301 1743 422 1795 τεῖν
475 1739 520 1793 δ’
552 1740 703 1807 ἀξιον
762 1739 1103 1811 ὑψηλοτέραν
1141 1756 1202 1791 τε
1256 1742 1349 1794 καὶ
1417 1740 1717 1811 θειοτέραν,
1766 1740 1889 1809 ἥτις

304 1802 651 1887 ἐπιπείσεται
678 1802 874 1901 όροφῆί
907 1823 978 1899 ’ᾩ
1003 1802 1119 1899 ’γὰρ
1149 1829 1229 1882 ἔτι
1264 1831 1429 1901 σαρκὶ
1468 1802 1703 1900 παρόντι
1734 1802 1889 1883 ταῦθ’
1926 1802 1965 1858 Β

301 1918 519 1989 ἥρμοσε
531 1917 789 1985 λέγεσθαι
832 1917 971 1987 (πῶς
988 1917 1095 1987 γὰρ
1112 1919 1212 1971 οὐκ
1228 1916 1448 1986 εὔλογον
1463 1918 1499 1972 ἃ
1512 1918 1743 1989 κρείττω
1760 1912 1893 1989 ὕλης

301 2010 799 2081 προσειρῆσθαιτὶν
811 2010 995 2073 ἀΰλοις
1010 2008 1392 2081 παραπλήσιον
1405 2011 1892 2082 ὲπιφαινόμενον;),

303 2101 389 2163 τίς
425 2101 491 2154 ἂν
537 2100 732 2168 ἐκείνῳ
794 2100 1142 2170 προσηγορία
1182 2100 1592 2171 ἀποτεθειμένῳ
1640 2101 1734 2154 τὸν
1764 2101 1894 2171 χοῦν

305 2192 541 2263 ἁρμόσοι
563 2186 725 2256 ;Οῐδα
761 2192 893 2257 γοῦν
921 2192 997 2254 ὡς
1030 2191 1509 2261 ὲνίουςζάγγέλους
1538 2193 1896 2261 προσωνομά-

305 2292 471 2338 κασιν
505 2281 804 2351 ἐπιγείους.
845 2282 990 2351 Ἐγὼ
1023 2282 1079 2335 δὲ
1112 2283 1212 2336 εἴτ’
1251 2284 1490 2337 ἐπαίνων
1523 2285 1644 2337 ἐστὶ
1688 2283 1892 2353 τρυφὴ,

305 2377 419 2431 εἴτε
450 2375 531 2446 τῷ
562 2374 851 2447 πράγματι
907 2374 1231 2444 συμϐαῖνον,
1293 2374 1663 2446 παραχωρῶν,
1718 2375 1897 2429 ἐκεῖνο

304 2470 363 2525 δὲ
413 2486 581 2538 φημι,
630 2466 707 2530 ὡς
754 2466 817 2519 Ei
862 2468 988 2530 τοὺς
1038 2466 1231 2530 ἄλλους
1280 2467 1423 2520 οὕτω
1478 2465 1894 2538 προσεροῦμεν,

311 2561 367 2619 τί
402 2561 595 2632 φῶμεν
625 2559 715 2612 τὸν
784 2559 958 2626 μέγαν
1024 2560 1119 2611 καὶ
1176 2558 1319 2610 θεῖον
1378 2557 1548 2621 ὅντως
1598 2558 1892 2621 Νικόλαον;

309 2652 459 2723 Πλὴν
506 2653 579 2717 εἰη
623 2649 700 2720 μὴ
758 2648 904 2716 λέγοι
945 2665 1052 2711 τις,
1110 2647 1185 2710 ὡς
1236 2649 1383 2717 μόνῳ
1450 2648 1717 2717 προσήκει
1774 2650 1897 2701 ἐπι·

308 2744 445 2813 γειῳ
507 2743 602 2796 καὶ
635 2740 874 2811 οὐρανίῳ
932 2740 1423 2810 προσωνομάσθαι,
1490 2738 1896 2810 συμϐαινούσης

311 2834 417 2904 μιν
445 2834 546 2903 τῆς
575 2834 947 2903 προσηγορίας
978 2832 1072 2897 καὶ
1119 2833 1229 2893 τοῖς
1276 2832 1425 2884 κάτω
1456 2831 1708 2901 παρόντι,
1755 2848 1898 2899 συμ-

311 2925 605 2994 6αινούσης
630 2923 690 2977 δὲ
718 2924 813 2979 καὶ
861 2924 996 2993 πρὸς
1040 2924 1164 2987 τοὺς
1190 2925 1302 2978 ἄνω
1331 2924 1629 2993 γενομένῳ.
1677 2922 1819 2975 Ἀλλ’
1851 2916 1898 2977 ὦ

316 3018 455 3089 μετὰ
474 3016 687 3087 θνητῶν
712 3014 994 3075 ἀθανάτως
1051 3014 1288 3081 βιώσαςι
1330 3013 1375 3065 ὣ
1414 3012 1573 3083 δόξης
1616 3013 1895 3083 ἀκηράτου

310 3112 476 3173 εἴτις
505 3109 685 3181 ἄλλος,
741 3106 841 3161 κᾶν
886 3110 997 3168 τοῖς
1044 3106 1332 3175 ὲπικήροις
1374 3106 1820 3175 κληρονομήσαςί
1853 3097 1898 3156 ὧ

311 3200 409 3255 νῦν
454 3200 670 3254 ἐκείνου
727 3197 1020 3252 ἀπολαύων
1074 3192 1135 3250 οὗ
1195 3197 1289 3249 καὶ
1350 3195 1603 3264 ἀγγέλοις
1652 3193 1897 3247 ποθεινὸν

314 3285 723 3356 παρακύπτειν,
751 3285 845 3338 καὶ
882 3277 957 3337 ὧν
987 3286 1066 3347 εἰς
1093 3285 1182 3336 τὸν
1210 3284 1363 3353 λόχον
1386 3284 1473 3338 διὰ
1489 3283 1583 3336 τοῦ
1615 3282 1895 3354 προσλήμ-

320 3377 616 3446 ματοςςκαὶ
633 3374 733 3446 τῆς
764 3375 1011 3446 καθαρᾶς
1064 3375 1340 3438 πολιτείας
1383 3378 1650 3447 συνάπτῃ,
1691 3376 1899 3429 τούτων

317 3467 541 3536 καὶτῆς
584 3466 744 3537 δόξης
810 3467 1085 3536 μετέχωνί
1119 3461 1163 3519 ὦ
1204 3467 1531 3534 ἑτοιμοτάτη
1563 3467 1731 3520 πᾶσιν
1764 3467 1899 3519 ἀπο-

313 3558 504 3630 χρῶσα
539 3557 789 3627 βοήθειαι
825 3550 990 3621 Οὗτός
1016 3575 1099 3610 σοι
1122 3559 1250 3628 παρ’
1281 3559 1437 3628 ἡμῶν
1461 3560 1503 3621 ὁ,
1526 3558 1704 3625 λόγος,
1730 3558 1901 3611 Νικόο

313 3649 434 3716 lac,
459 3647 770 3720 εἴργασται,
802 3648 957 3700 νόσου
992 3651 1196 3717 πικρᾶς
1223 3648 1704 3718 κατεργαζομένης
1727 3650 1897 3718 ἡμᾶς,

316 3736 415 3794 καὶ
466 3738 936 3809 ταλαντευομένης
976 3739 1075 3807 τῆς
1120 3739 1347 3807 γνώμης
1391 3738 1541 3806 πόθῳ
1588 3756 1645 3790 τε
1680 3738 1757 3807 σῷ
1804 3739 1899 3791 καὶ

316 3828 523 3892 τοῖςιέξ
559 3827 875 3899 ἀρρωστίας
931 3827 1205 3897 χαλεποῖς,
1263 3830 1356 3881 καὶ
1398 3829 1494 3898 τῆς
1533 3830 1631 3898 μὲν
1659 3828 1899 3883 καταϐα-

319 3919 534 3997 πτίςειν
564 3919 975 3989 φιλονεικούσης
1026 3920 1277 3989 καθάπερ
1308 3920 1576 3983 κλύδωνος
1624 3921 1714 3973 τὸν
1746 3921 1898 3987 λογι·

318 4009 480 4087 σμδν,
510 4009 606 4064 τοῦ
643 4010 701 4063 δὲ
756 4009 998 4081 ὡσπερεὶ
1035 4010 1557 4073 συνθαλαττεύοντος
1584 4014 1679 4064 καὶ
1712 4030 1898 4080 παρα-

317 4102 703 4177 θαρρύνοντος,
732 4102 828 4155 καὶ
855 4102 963 4155 τῶν
994 4101 1202 4154 ἐκεῖθεν
1236 4102 1484 4171 ὀχληρῶν
1514 4104 1895 4173 διεγείροντος.

329 4194 474 4248 Ἀλλ’
496 4194 767 4264 ὑπερέσχε
795 4193 896 4263 μὲν
929 4192 1054 4263 εὖγε
1087 4196 1154 4263 τῇ
1193 4194 1285 4246 τοῦ
1310 4193 1404 4246 σοῦ
1451 4195 1671 4264 φίλτρου
1696 4196 1901 4247 οἰκονο-

320 4286 426 4357 μιᾳ
448 4287 493 4351 νδ
521 4284 703 4353 λόγος.
742 4287 837 4338 καὶ
863 4285 965 4356 ήδη
980 4286 1079 4354 τῆς
1103 4284 1498 4355 ἐπιϐαλλούσης
1521 4285 1699 4355 τυχὼν
1715 4285 1899 4338 τελευο

316 4377 441 4448 τῆς,
469 4375 643 4447 δῶρον
689 4376 739 4429 εί
790 4376 885 4429 καὶ
940 4375 1158 4441 ἀνάξιόν
1190 4394 1271 4429 σοι
1307 4378 1664 4448 προσάγεται.
1703 4378 1901 4446 ’Υπερ-

1985 570 2091 623 que
2118 554 2263 608 enim
2289 563 2384 608 aut
2417 555 2575 609 facile
2619 566 2703 610 est
2752 558 2957 625 aliquid
3000 558 3068 613 de
3100 559 3185 614 bis
3210 561 3376 616 rebus
3406 577 3569 630 argn-

1988 651 2177 698 mento
2207 644 2431 714 dignum
2463 645 2670 707 dicere,
2698 654 2793 698 aut
2829 648 2882 699 in
2909 649 3241 705 exornandis
3289 650 3418 719 ipsis
3471 666 3569 721 pro

1986 735 2209 789 modulo
2245 735 2522 792 facultatis
2553 747 2757 793 nostra:
2781 739 2943 793 ﬁnem
2975 740 3221 796 invenire
3246 758 3410 812 quem
3438 759 3568 797 ora-

1986 825 2120 881 tioni
2155 826 2396 895 denique
2424 827 2724 896 imponam.
2761 829 2905 884 Sane
2940 830 2995 883 in
3027 831 3433 887 laudationibus
3459 835 3571 888 illis

1989 916 2079 969 ubi
2118 916 2185 970 ad
2214 917 2662 986 splendidissima
2712 930 2933 975 ventum
2976 930 3060 978 est
3112 938 3302 978 eorum
3348 940 3470 994 quae
3523 926 3570 980 is

1986 1008 2078 1075 qui
2130 1007 2443 1061 celebratur
2485 1008 2538 1061 in
2592 1010 2701 1062 vita
2749 1011 2940 1079 gessit,
3001 1012 3128 1065 hinc
3170 1011 3283 1082 jam
3320 1014 3475 1082 quasi
3515 1014 3569 1067 in

1988 1101 2158 1151 altum
2192 1100 2510 1154 attollentes
2545 1100 2768 1153 laudum
2809 1102 3297 1167 substructionem,
3324 1114 3573 1158 extrema

1988 1190 2196 1244 scilicet
2232 1190 2321 1241 illa
2349 1193 2494 1243 velut
2526 1195 2842 1245 Coronidem
2871 1195 3160 1263 imponunt
3202 1196 3390 1250 verba.
3419 1195 3575 1262 Quae-

1988 1283 2154 1332 nam?
2194 1278 2351 1332 Nunc
2382 1282 2624 1347 διηρετὶον
2659 1298 2711 1335 es
2749 1284 2857 1336 vita
2888 1284 3125 1337 mortali.
3173 1285 3327 1339 Nunc
3383 1301 3571 1339 earum

1987 1385 2103 1441 quae
2134 1370 2396 1423 mentibus
2430 1371 2756 1438 incorporei:
2775 1378 3085 1427 conveniunt
3114 1376 3320 1427 dolium
3347 1377 3574 1430 Ita'mli.

1990 1471 2148 1513 tatem
2174 1462 2365 1515 cernis.
2398 1460 2449 1514 Ν
2456 1479 2556 1515 unc
2579 1480 2759 1517 eorum
2777 1465 3079 1533 reipublicw
3096 1481 3219 1519 vara
3245 1482 3307 1519 ac
3338 1465 3465 1520 civis
3493 1485 3570 1521 es.

1991 1550 2122 1617 Quae
2171 1568 2295 1607 eum
2357 1544 2438 1608 sic
2469 1554 2757 1618 dicuntur,
2811 1569 2918 1607 non
2979 1555 3141 1609 modo
3196 1555 3577 1610 laudationum

1989 1644 2460 1714 exSpectationem
2490 1644 2740 1715 implent,
2775 1647 2870 1702 sed
2899 1647 3064 1701 etiam
3095 1648 3241 1703 velut
3263 1646 3428 1703 liores
3451 1649 3568 1717 qui.

1993 1735 2117 1790 dam
2168 1736 2499 1790 immensum
2550 1738 2687 1807 ipsis
2737 1739 3084 1807 splendorem
3133 1738 3451 1794 conferunt.
3520 1740 3581 1797 In

1996 1827 2248 1897 praesenti
2287 1843 2416 1883 vero
2446 1837 2664 1898 oportet
2695 1844 2756 1883 ea
2793 1845 2914 1898 qua:
2962 1830 3111 1899 dicta
3143 1839 3274 1885 sunt
3316 1841 3577 1902 tanquam

1996 1918 2133 1973 bene
2157 1925 2381 1973 structae
2408 1919 2607 1974 domus
2632 1922 2909 1992 propylzeo
2934 1922 3221 1976 columnas
3241 1937 3575 1991 supponere,

1996 2010 2143 2080 quod
2192 2011 2268 2064 ait
2336 2010 2595 2066 Thebana
2650 2014 2786 2084 lyra.
2850 2009 3215 2079 Quaerendum
3249 2031 3379 2069 vero
3407 2021 3579 2069 restat

1995 2102 2271 2159 excelsius
2299 2103 2447 2159 aliud
2489 2102 2839 2176 diviniusque
2890 2106 3169 2176 lastigidm
3216 2107 3361 2177 quod
3393 2100 3578 2161 hacte-

1997 2213 2101 2249 nus
2122 2198 2377 2251 eductam
2417 2197 2613 2251 molem
2657 2199 3155 2265 superincumbens
3186 2210 3435 2254 coronet.
3475 2187 3578 2255 Cui

1996 2288 2141 2340 enim
2183 2287 2363 2342 adhuc
2412 2293 2465 2342 in
2515 2303 2684 2343 carne
2719 2289 2976 2359 pra-senti
3028 2290 3159 2343 talia
3191 2297 3313 2358 apte
3342 2306 3581 2359 vereque

1996 2377 2102 2430 dici
2140 2385 2416 2446 poterant,
2440 2379 2529 2448 (an
2577 2395 2689 2434 non
2725 2380 2873 2435 enim
2920 2382 3139 2435 mortali
3176 2390 3374 2434 natura
3414 2397 3578 2452 supe-

1998 2465 2113 2519 rior
2144 2474 2257 2520 tum
2288 2462 2408 2521 dici
2443 2483 2572 2521 vere
2616 2468 2795 2537 potuit
2835 2468 2930 2538 qui
2979 2469 3259 2525 mentibus
3291 2485 3320 2524 a
3354 2472 3583 2527 materia

1998 2557 2266 2626 sejunctis
2301 2558 2500 2612 similia
2549 2560 2814 2629 perﬁcere
2848 2561 3001 2617 visus
3024 2562 3173 2631 est?)
3211 2578 3333 2632 quae
3359 2562 3472 2632 jam
3500 2564 3578 2617 illi

1998 2648 2346 2719 compellatio
2402 2658 2691 2720 postquam
2738 2653 3028 2708 mortalem
3080 2655 3264 2708 carnis
3301 2655 3581 2710 sarcinam

1998 2742 2273 2811 deposuit,
2308 2744 2634 2798 conveniet?
2659 2743 2795 2801 Novi
2825 2760 2961 2802 sane
2982 2749 3248 2817 quosdam
3285 2747 3358 2801 ita
3389 2749 3582 2803 lauda-

2000 2840 2087 2887 tos
2140 2841 2197 2886 ut
2255 2835 2433 2905 angeli
2485 2844 2775 2892 terrestres
2837 2838 3271 2907 appellarentur.
3308 2838 3419 2909 Ego
3450 2855 3584 2894 vero

2001 2921 2137 2976 nihil
2172 2922 2241 2977 de
2269 2938 2336 2977 eo
2360 2924 2755 2992 prtejudicans,
2786 2934 2840 2979 et
2874 2940 2947 2981 an
2977 2926 3313 2983 laudationis
3354 2929 3579 2983 modum

2002 3016 2106 3069 hoc
2157 3014 2386 3069 verbum
2435 3016 2713 3080 excedat,
2764 3032 2832 3070 an
2884 3026 3079 3072 contra
3134 3020 3211 3073 rei
3260 3021 3581 3085 conveniat,

2001 3104 2230 3158 delinire
2256 3104 2536 3169 amittens,
2574 3105 2706 3160 illud
2742 3106 2867 3160 aio:
2932 3105 2988 3159 Si
3044 3110 3387 3179 caaterosita
3428 3124 3585 3163 eom-

2004 3195 2295 3265 pellamus,
2352 3198 2482 3266 quid
2530 3214 2731 3268 magno
2780 3208 2835 3253 et
2880 3199 3068 3254 divino
3130 3202 3377 3258 dicemus
3420 3202 3589 3257 Nico-

2003 3286 2134 3339 lao?
2198 3286 2313 3340 Nisi
2376 3286 2513 3341 forte
2564 3289 2712 3343 dicat
2758 3288 2955 3357 aliquis
3008 3290 3100 3344 uni
3149 3291 3444 3346 convenire
3503 3294 3584 3349 illi

2001 3383 2061 3429 ut
2096 3376 2377 3431 terrestris
2405 3384 2461 3430 et
2500 3378 2742 3432 cwlestis
2773 3381 3002 3449 angelus
3054 3382 3373 3435 nominetur
3394 3398 3585 3446 ,_cou-

2000 3464 2255 3519 veniente
2315 3465 2687 3535 appellatione
2750 3468 2843 3536 qui
2913 3477 2966 3523 et
3046 3469 3205 3524 nobis
3266 3470 3583 3529 inferiorem

2000 3553 2147 3607 hunc
2167 3554 2353 3607 orbem
2383 3554 2752 3611 incolentibus
2784 3557 2948 3612 etiam
2995 3573 3142 3613 nunc
3172 3575 3296 3616 cum
3322 3560 3387 3613 ad
3414 3576 3585 3630 supe-,

1999 3660 2091 3700 ros
2121 3647 2309 3700 evasio
2327 3647 2635 3715 patrocinio
2680 3664 2781 3703 suo
2813 3664 3057 3718 praesens
3090 3658 3195 3713 cst,
3229 3654 3587 3720 quemadmo-

1999 3734 2129 3789 dum
2164 3750 2287 3789 cum
2319 3736 2462 3804 apud
2498 3753 2598 3791 nos
2632 3739 2837 3791 viveret
2879 3754 3006 3793 cum
3046 3740 3369 3799 ccelestibus
3399 3750 3585 3797 tamen

2000 3827 2450 3881 eonversabatur.
2479 3828 2571 3892 At,
2626 3842 2660 3882 ο
2717 3828 2809 3896 qui
2875 3830 3073 3885 mistus
3110 3833 3437 3889 mortalibus
3475 3833 3586 3889 im~

2001 3918 2315 3971 mortalium
2340 3918 2606 3972 similium
2625 3919 2807 3973 vixisti
2826 3921 2988 3972 vitam
3008 3921 3022 3972 l
3051 3934 3087 3973 ο
3106 3921 3293 3989 gloriae
3316 3932 3583 3979 aeternum

2001 4008 2218 4065 stabilis
2245 4008 2290 4062 si
2326 4008 2451 4077 quis
2482 4006 2646 4071 alius,
2704 4009 2868 4061 etiam
2923 4009 3066 4062 inter
3099 4009 3196 4063 has
3233 4008 3407 4065 ﬂuxas
3432 4012 3585 4067 vices

2003 4116 2188 4155 rerum
2235 4099 2571 4154 caducarum
2641 4100 3017 4153 haereditatem
3074 4100 3299 4155 sortite!
3342 4117 3374 4155 o
3417 4102 3588 4173 digne

2000 4208 2198 4263 magno
2230 4193 2506 4247 sacrilicio
2553 4191 2717 4246 simul
2761 4200 2816 4245 et
2859 4189 3115 4259 pontiﬁce
3142 4191 3367 4247 Christo
3397 4209 3582 4249 sacer-

2001 4286 2172 4341 dotali
2198 4287 2505 4341 ministerio
2526 4284 2743 4341 iuncte!
2774 4299 2808 4339 ο
2828 4300 2974 4340 nunc
3001 4286 3093 4341 illo
3112 4284 3303 4343 fruens
3339 4289 3393 4345 in
3414 4306 3581 4363 quem

2000 4378 2313 4434 desiderant
2367 4379 2547 4448 angeli
2587 4378 2890 4447 suspicere,
2935 4392 3000 4432 ac
3034 4378 3315 4446 quibusin
3346 4383 3587 4439 societa-z

316 4469 555 4535 ἔσχομεν
600 4466 657 4519 δὲ
699 4466 807 4519 τῶν
866 4466 1131 4534 ἀλγεινῶν
1169 4469 1261 4520 καὶ
1304 4470 1500 4538 ἡμεῖς,
1547 4466 1642 4520 σοῦ
1696 4484 1755 4520 τε
1802 4466 1895 4519 καὶ

2004 4480 2110 4525 tem
2144 4471 2307 4525 unius
2340 4471 2586 4525 cohortis
2612 4478 2665 4524 et
2690 4468 2849 4539 quasi
2883 4470 3308 4527 contubernium
3336 4471 3587 4539 ejusdem.

315 4557 468 4611 θείου
505 4557 780 4627 μάρτυρος
808 4557 917 4627 (5i)
951 4554 1323 4629 θεραπείᾳ.Τί
1344 4559 1453 4629 γὰρ
1492 4560 1542 4610 si
1575 4560 1760 4629 κοινὴν
1792 4558 1893 4628 τὴν

314 4650 481 4721 χάριν
533 4649 964 4719 ὁμολογήσομεν,
1009 4644 1084 4703 ὧν
1124 4649 1276 4720 κοινὴ
1313 4653 1349 4719 ή
1383 4652 1516 4720 πρὸς
1556 4651 1616 4702 τὸ
1649 4655 1896 4721 κρεῖττον

2001 4563 2211 4617 militiae
2264 4562 2594 4632 conjunclus
2648 4562 2780 4614 dum
2856 4561 3066 4615 viveres
3131 4560 3339 4625 fueras,
3389 4578 3579 4619 eorum

2005 4654 2207 4724 alioqui
2238 4662 2292 4707 et
2320 4653 2693 4722 assumptione
2734 4652 2788 4705 in
2843 4650 3253 4707 hierarchieum
3289 4653 3583 4721 magistra-

1822 4742 2053 4801 NOTA'L

389 4856 508 4924 (δυ)
536 4853 688 4935 Iacet
716 4853 1055 4935 hicPindari
1087 4852 1242 4909 locus
1273 4853 1378 4908 ode
1407 4864 1560 4909 sexta
1589 4853 1903 4923 Οιειηιρῑεαα

315 4944 440 4980 runt
463 4940 587 4994 quae
613 4941 693 4979 διε
721 4935 914 4993 meiptt
942 4941 955 4976 :

459 5036 735 5104 Χρυσέας
770 5034 1233 5101 ὑποστάσαντες
1258 5039 1360 5091 si;—

462 5106 555 5160 Τει
561 5106 658 5175 χεῖ
671 5108 949 5173 προθύρῳ
965 5106 1237 5174 θαλάμου
1266 5108 1498 5172 κίονας.

318 5198 426 5255 Ubi
483 5208 643 5270 poeta
682 5214 845 5270 suum
897 5199 1073 5270 illum,
1104 5198 1192 5250 cui
1237 5199 1523 5253 victoriam
1560 5198 1899 5270 Olympicam

316 5266 645 5342 gratulatur,
688 5268 942 5342 Agesiam
1004 5266 1436 5342 Syracusanum,
1478 5270 1575 5332 ait,
1614 5266 1735 5342 sibi
1771 5286 1898 5342 car-

318 5338 483 5393 minis
506 5340 668 5393 istius
694 5338 1225 5391 architectotantam
1255 5339 1467 5404 copiam
1492 5340 1899 5405 pretiosissima:

322 5413 567 5461 materiae
601 5407 1007 5479 suppeditasse,
1063 5418 1123 5460 ut
1175 5409 1428 5479 quantivis
1470 5422 1665 5462 aurum
1715 5411 1897 5479 ipsum

320 5479 373 5533 it
442 5476 722 5548 propyla'i
756 5478 1044 5531 columnas
1102 5476 1374 5547 proﬂiget,
1429 5479 1667 5546 supersit
1715 5476 1895 5532 tamen

314 5550 534 5602 abunde
566 5550 711 5601 unde
769 5548 1035 5616 palatium
1065 5548 1334 5615 reliquum
1371 5563 1545 5616 usque
1582 5548 1647 5601 ad
1682 5550 1898 5602 coroni-

314 5622 437 5671 dcm
473 5626 722 5671 exstruat
768 5620 1156 5688 instruatque;
1205 5617 1339 5669 nillil
1374 5618 1637 5671 aberrans
1681 5634 1709 5670 a
1767 5633 1899 5688 prae-

316 5698 478 5756 cepto
526 5689 686 5749 artis,
723 5702 845 5755 quae
898 5686 1307 5755 proportionem
1362 5698 1566 5741 certam
1612 5686 1895 5743 observari

310 5758 469 5827 jubet
507 5774 609 5812 nec
657 5758 788 5827 sinit
843 5772 906 5810 ea
961 5772 1082 5823 quite
1122 5756 1425 5827 delicatiori
1482 5760 1895 5814 cmnaculorum

314 5830 532 5883 ornatui
566 5837 661 5881 aut
704 5826 908 5895 fastigii
969 5826 1388 5895 magniﬁcentiae
1436 5827 1702 5882 servanda
1745 5839 1894 5893 sunt,

647 5923 920 5982 PATROL.
967 5920 1083 5981 Gn.
1128 5920 1315 5983 CVll.

2004 4860 2059 4911 in
2096 4858 2423 4914 vestibulum
2454 4856 2717 4927 impendi.
2749 4857 2868 4923 Quo
2894 4856 3285 4927 suspicandum
3324 4857 3414 4911 dat
3450 4869 3576 4912 eum

2001 4944 2197 4999 aurum
2228 4930 2283 4982 in
2302 4928 2575 4999 πρόθυρον
2622 4928 2913 4991 redundet,
2961 4944 3126 4999 quam
3183 4928 3468 4999 exquisitae
3498 4934 3583 4982 l;t-,

2001 4998 2165 5052 ruina:
2202 5013 2265 5053 ac
2297 4998 2526 5069 gemma:
2578 4998 2813 5069 aulis_et
2836 4998 3189 5057 conclavibus
3244 4998 3453 5069 intimis
3492 5014 3583 5050 rw

2001 5064 2322 5122 serventur:
2342 5066 2469 5121 Haec
2501 5069 2604 5130 vis,
2641 5068 2696 5119 ni
2726 5064 2905 5128 fallor,
2943 5068 3132 5121 subest
3159 5068 3276 5120 voci
3319 5064 3579 5136 εὐτειχεῖ,

2000 5137 2265 5207 τεχνικῶς
2281 5140 2377 5190 καὶ
2413 5135 3231 5208 apxtrsx'rovm‘bgaediﬁcatum
3271 5139 3400 5190 velit
3430 5135 3576 5190 istud

1998 5209 2304 5328 palatium,
2349 5206 2722 5276 proportionis
2792 5207 3008 5261 scilicet
3083 5206 3267 5259 habita
3342 5208 3575 5260 ratione.

2042 5290 2171 5328 orro
2202 5278 2607 5328 recitandoltoc
2628 5275 2943 5328 testimonio
2982 5274 3205 5328 Pindari
3226 5276 3575 5328 nrartermisit

2042 5290 2171 5331 orro
2202 5274 2485 5332 recitando
2501 5278 2613 5346 hoc
2628 5275 2943 5346 testimonio
2982 5274 3205 5329 Pindari
3226 5276 3578 5346 praetermisit

1996 5344 2108 5402 Leo
2136 5358 2323 5401 noster
2372 5346 2457 5400 vel
2507 5345 2690 5414 potius
2738 5344 2997 5400 librarius
3047 5360 3234 5398 vocem
3292 5344 3573 5414 προθύρῳ,

2000 5418 2375 5471 necessariam
2438 5425 2617 5469 tamen
2674 5415 2740 5467 ad
2797 5414 3147 5473 sententiam,
3172 5425 3334 5482 quam
3369 5414 3493 5468 ideo
3522 5431 3577 5467 ιιι

1999 5487 2452 5556 interpretatione
2481 5484 2737 5556 supplere
2785 5485 3051 5556 oportuit,
3087 5484 3174 5556 ubi
3217 5483 3367 5551 quod
3410 5484 3576 5537 θάλα-

2007 5574 2105 5626 μον
2122 5554 2337 5608 domum
2356 5554 2517 5618 verti,
2537 5563 2769 5626 secutus
2792 5570 2914 5608 sum
2949 5554 3380 5626 admonitionem
3413 5559 3579 5626 scho-

2004 5623 2177 5679 liastte
2203 5628 2403 5679 veteris
2457 5624 2549 5693 qui
2603 5623 2670 5677 ad
2723 5628 2900 5678 locum
2944 5624 3177 5677 similem
3220 5624 3577 5693 pracedentis

2002 5695 2117 5749 uda!
2168 5698 2329 5764 paulo
2379 5705 2505 5748 ante
2563 5702 2847 5748 limaverat
2900 5693 2986 5746 ὅτι
3042 5694 3495 5764 καταχρηστικῶς
3549 5698 3589 5753 ὁ,

2002 5765 2267 5835 Πίνδαρος
2299 5765 2427 5827 ὅλας
2452 5764 2549 5829 τὰς
2575 5764 2781 5828 οἰκείας
2823 5764 3097 5835 θαλάμους
3132 5764 3298 5830 λέγει.

3212 5938 3244 5993 8
