4084 6458
489 353 595 417 227

1719 342 1991 409 LEONIS
2030 345 2486 406 PHILOSDPIII

3654 348 3763 413 228

490 482 605 527 tum
660 479 713 523 et
762 469 972 524 cmlesti
1039 467 1277 537 puritate
1323 462 1787 526 conversationis,
1839 461 2071 527 similis;

2180 463 2474 529 οἰκείωσις,
2509 463 2630 532 μεθ’
2659 460 2721 517 οῦ
2768 465 2973 530 ἐξιλέου
3003 470 3093 520 τὸν
3122 468 3179 531 ὃς
3214 469 3303 521 ἐπὶ
3333 469 3440 521 τῶν
3466 470 3562 540 τῆς
3591 469 3767 523 οἰκου-

489 575 636 616 nunc
694 573 990 615 consessus
1057 558 1374 611 eorumdem
1442 564 1496 609 et
1550 554 1737 623 gloriae
1796 553 2069 622 particeps

491 648 630 701 facte
659 647 671 699 !
708 645 751 700 0
787 646 1204 715 paratissimum
1247 653 1303 700 et
1334 644 1400 699 ad
1436 642 1683 698 omnium
1709 642 2070 697 necessitates

489 754 657 791 unum
703 736 980 794 sufﬁciens
1033 738 1329 792 auxilium!
1396 735 1521 790 Haec
1553 735 1652 789 tibi
1704 749 1732 787 a
1761 734 1941 798 nobis,
1973 732 2073 786 Ni-

487 832 663 897 colae,
697 830 941 901 perfecta
988 840 1099 886 est
1128 832 1325 894 oratio,
1378 831 1530 901 gravi
1581 844 1684 883 nos
1724 826 1914 881 morbo
1949 841 2077 880 con-

2180 554 2351 623 μένης
2394 554 2651 609 ἐκάθισεν
2712 559 2858 626 ἡμᾶς
2901 559 3127 622 οἰάκων,
3183 561 3345 627 σοφὸν
3396 561 3760 631 κυϐερνῦτην,

2178 645 2534 716 εὐδοκιμῆσαι
2581 647 2679 715 μὲν
2708 648 2798 700 τὸν
2848 649 3015 701 πλοῦν
3045 653 3103 702 ἐν
3147 650 3356 721 γαλήνῃ
3410 650 3763 719 διηνυκέναι,

2181 736 2469 806 εὐδοκῆσαι
2534 738 2588 790 δὲ
2640 742 2735 793 καὶ
2789 740 2930 811 πρδς
2984 741 3073 794 τὸν
3124 742 3439 811 ἀκύμαντον
3484 743 3763 796 εἰσελάσαι

2182 828 2378 897 λιμένα
2407 831 2613 894 πάντας
2637 832 2774 900 ἅμα,
2804 833 2898 887 καὶ
2945 833 3145 886 ὁλκάδα
3170 835 3265 886 καὶ
3294 835 3662 905 κυϐερνήτην.

484 926 1070 996 ﬁcientementemque
1132 928 1187 980 in
1248 926 1468 980 diversa
1522 921 1889 985 trahentibus,
1941 920 2070 974 binc
2110 935 2298 975 amore
2326 922 2428 987 tui,
2458 922 2618 979 illinc
2651 925 2985 980 valetudinis
3041 928 3325 986 aerumnis,
3386 936 3439 981 et
3500 927 3768 995 languore

482 1020 704 1089 quidem
769 1028 1032 1092 tanquam
1086 1019 1330 1088 procella
1400 1018 1635 1087 quadam
1693 1017 1851 1085 quasi
1938 1015 2289 1084 submergere
2341 1016 2707 1072 contendente
2770 1019 3058 1081 rationem,
3112 1034 3298 1073 amore
3359 1027 3537 1071 autem
3601 1012 3766 1072 velu;i

481 1111 788 1179 remigante
809 1124 1021 1163 mecum
1056 1118 1110 1163 et
1141 1109 1354 1163 animos
1386 1106 1620 1161 faciente
1665 1114 1828 1175 atque
1884 1122 1950 1160 ex
2010 1106 2525 1175 perturbationibus
2601 1107 2728 1163 inde
2809 1110 2947 1162 ortis
3013 1111 3308 1164 excitante.
3375 1108 3576 1163 Verum
3631 1126 3770 1180 euge

482 1203 711 1259 emersit
738 1201 954 1256 tandem
1008 1211 1173 1269 atque
1215 1200 1430 1254 exstitit
1477 1199 1731 1268 superior
1759 1198 1965 1252 auxilio
1994 1197 2073 1250 tui
2113 1199 2318 1252 amoris
2348 1200 2550 1262 oratio,
2600 1199 2824 1268 jamque
2869 1208 3029 1254 nacta
3074 1217 3235 1255 suum
3313 1200 3496 1265 finem,
3561 1200 3766 1255 donum

484 1309 796 1365 quanquam
859 1292 1144 1360 indignum
1202 1291 1299 1344 tibi
1331 1291 1577 1344 offertur.
1612 1288 1937 1358 Superiores
1968 1305 2068 1345 nos
2112 1305 2331 1361 quoque
2357 1290 2638 1345 doloribus
2666 1294 2944 1347 evasimus
2970 1301 3024 1347 et
3062 1302 3155 1347 tua
3190 1300 3243 1348 et
3311 1292 3495 1347 divina
3563 1306 3768 1366 marty-

483 1394 563 1445 ris
616 1387 921 1443 curatione.
983 1384 1184 1451 Quidni
1238 1385 1383 1438 cnim
1444 1384 1743 1452 gratiarum
1798 1382 2071 1435 actionem
2114 1387 2477 1451 rependamus
2569 1399 2916 1440 communem
2960 1389 3150 1457 gratim
3197 1388 3363 1441 unius
3450 1389 3768 1442 auctoribus

485 1480 704 1533 duobus
755 1477 956 1547 quibus
1019 1490 1143 1529 cum
1195 1475 1383 1529 divino
1439 1473 1664 1527 numine
1719 1471 2071 1527 familiaritas
2143 1474 2255 1542 jam
2318 1475 2461 1529 inest
2518 1476 2943 1547 conjunctioque
3003 1480 3359 1533 communis?
3426 1478 3562 1531 Cum
3660 1492 3770 1547 quo

484 1571 627 1626 votis
663 1578 716 1625 et
744 1567 1265 1637 suﬂ‘ragiisjunctus
1327 1567 1504 1635 placa,
1573 1565 1841 1627 obsecro,
1910 1564 2070 1620 nobis
2164 1575 2328 1635 atque
2400 1569 2633 1623 concilia
2706 1585 2827 1623 cum
2886 1573 2981 1641 qui
3058 1572 3125 1625 ad
3198 1572 3565 1641 gubernacula
3650 1572 3767 1630 orbi

483 1673 758 1718 terrarum
788 1674 889 1713 nos
919 1658 1233 1723 constituit,
1264 1658 1568 1727 sapientem
1644 1656 2095 1725 gubernatorem.

2178 1656 2280 1712 Per
2331 1658 2450 1728 ejus
2508 1668 2567 1714 ut
2644 1662 2803 1716 nobis
2862 1678 3046 1731 pacem
3105 1665 3433 1733 veniamque
3480 1664 3759 1733 contingat

482 1767 706 1809 cursum
745 1752 798 1805 in
844 1749 1247 1818 tranquillitate
1318 1748 1531 1803 felicem
1558 1762 1817 1818 peragere
1847 1761 1911 1802 ac
1957 1748 2176 1803 tandem
2209 1750 2384 1819 plenis
2428 1753 2560 1807 velis
2590 1754 2644 1806 in
2712 1754 2976 1808 fluctuum
3048 1763 3325 1825 expertem
3390 1770 3453 1809 ac
3519 1756 3765 1825 quietum

486 1846 637 1899 illum
670 1852 885 1913 portum
912 1841 1138 1912 pervehi
1173 1842 1335 1894 simul
1366 1855 1582 1905 omnes,
1614 1855 1806 1896 navem
1833 1841 2058 1911 inquam
2093 1848 2150 1895 et
2182 1846 2521 1898 navarcbum
2549 1848 2562 1898 !

1041 1952 1304 2009 ORATIO
1349 1953 1541 2009 XVIII.

482 2067 675 2122 Leonis
712 2072 765 2121 in
804 2067 909 2121 Deo
946 2075 1143 2121 wterno
1186 2082 1307 2135 rege
1350 2066 1681 2135 imperatoris
1705 2104 1719 2128 ,
1762 2064 1939 2117 oratio
1984 2079 2081 2135 en-_

555 2140 866 2191 comiastica
914 2136 976 2189 de
1022 2152 1212 2205 magno
1246 2132 1359 2187 'Dei
1394 2134 1680 2205 pontiﬁce,
1711 2144 1758 2186 et
1809 2132 2078 2186 communi

557 2211 702 2263 orbis
735 2218 890 2261 terra?
914 2203 1331 2274 portuﬂoanne
1371 2203 1771 2274 Chrysostomo.

559 2395 612 2448 ι.
644 2391 760 2446 Viri
806 2390 1065 2445 virtutem
1112 2387 1339 2441 laudare
1382 2386 1611 2455 jussus,
1656 2385 1781 2450 viri,
1829 2386 2076 2453 inquam,

482 2485 578 2541 cui
617 2496 919 2553 cognomen
968 2486 1053 2534 est
1086 2493 1149 2534 os
1181 2493 1430 2544 aureum,
1464 2485 1595 2547 puto
1627 2492 1655 2529 a
1696 2494 1783 2530 me
1821 2478 1988 2547 exigi,
2021 2484 2080 2529 ut

487 2576 769 2630 flammeos
823 2584 1019 2626 currus
1068 2569 1402 2630 ascendam,
1448 2578 1541 2621 aut
1591 2568 1853 2621 miracula
1896 2575 2080 2621 osten-

488 2677 597 2721 tem
642 2662 901 2718 Hosaica.
935 2659 1171 2714 Perinde
1203 2667 1287 2713 est
1316 2658 1485 2721 enim,
1521 2666 1580 2711 ut
1615 2673 1720 2727 ego
1755 2659 1955 2723 sentio,
1987 2657 2077 2711 illa

486 2756 801 2828 quempiam
844 2752 1051 2807 audere
1109 2750 1360 2821 aggredi,
1406 2760 1457 2804 et
1489 2752 1671 2821 lingua
1715 2751 1941 2804 laudare
1969 2751 2075 2803 lin-

486 2862 649 2918 guam
687 2847 837 2900 illaut
875 2858 1000 2899 vere
1038 2857 1298 2905 auream,
1333 2850 1386 2894 et
1413 2858 1534 2910 qua:
1568 2843 1829 2894 universo
1874 2841 2078 2895 mundo

488 2936 729 3003 seipsam
762 2930 997 3001 praebuit
1027 2930 1264 2998 pretium
1317 2928 1735 2996 redemptionis.
1771 2929 1864 2981 Sic
1893 2937 2075 2981 autem

487 3025 622 3079 mihi
661 3023 827 3091 empti
869 3021 1153 3074 audaciam
1207 3018 1504 3087 cogitanti,
1531 3033 1655 3071 cum
1690 3034 1779 3073 res
1825 3019 2078 3073 videatur

487 3111 787 3184 ejusmodi,
843 3108 1123 3179 prohibita
1168 3116 1254 3163 est
1295 3109 1524 3162 omnino
1558 3107 1896 3170 obcdietitia,
1927 3106 2076 3159 arbi-

488 3204 658 3260 tranti
710 3202 886 3256 tutius
930 3215 1056 3256 esse
1100 3214 1423 3269 praeponere
1468 3198 1919 3262 inobedientiam,
1951 3212 2073 3250 cum

2104 1937 2152 1995 B

2783 1962 3000 2017 ΛΟΓΟΣ
3054 1963 3161 2015 lH'.

2182 2070 2442 2137 Λέοντος
2468 2072 2537 2125 ἐν
2562 2071 2641 2135 τῷ
2666 2070 2790 2137 Θεῷ
2813 2074 3071 2137 ,ϐασιλεῖ
3095 2073 3311 2138 αἰωνίῳ
3331 2071 3636 2137 ,ϐασιλέως
3663 2075 3766 2126 λό-

2253 2160 2359 2209 γος
2410 2143 2883 2210 ἐγκωμιαστικὸς
2930 2147 3018 2209 εἰς
3080 2142 3189 2195 τὸν
3226 2142 3418 2211 μέγαν
3473 2142 3578 2195 τοῦ
3615 2144 3764 2197 Θεοῦ

2252 2212 2548 2279 ἀρχιερέα,
2589 2212 2686 2264 καὶ
2730 2212 2940 2264 κοινὸν
2990 2211 3102 2277 τῆς
3135 2211 3492 2280 οἰκουμένης
3524 2214 3763 2280 λιμένα,

2264 2280 2551 2349 Ἰωάννην
2579 2282 2687 2335 τὸν
2716 2282 3173 2350 Χρυσόστομον.
3241 2308 3245 2311 -

2250 2370 2320 2423 α’.
2368 2371 2594 2441 Ἀρετὴν
2618 2371 2811 2442 ἀνδρὸς
2847 2374 3089 2425 ἐπαινεῖν
3126 2371 3513 2442 κελευόμενος,
3550 2372 3762 2443 ἀνδρὸς,

2178 2451 2223 2524 ᾧ
2254 2459 2317 2510 τὸ
2349 2459 2586 2529 χρυσοῦν
2620 2458 2909 2529 ἐπώνυμον
2950 2463 3146 2529 στόμα,
3181 2460 3324 2513 δοκῶ
3362 2477 3451 2531 μοι
3480 2461 3764 2534 φλογιρῶν

2183 2550 2445 2619 ἁρμάτων
2494 2549 2784 2615 ἐπίϐασιν,
2828 2552 2861 2620 ἢ
2913 2551 3261 2604 Μωῦσαῖκῶν
3306 2552 3602 2622 θαυμάτων
3645 2553 3767 2606 ἐπί-

2180 2642 2346 2707 δειξιν
2396 2642 2666 2695 ἀπαιτοῦν
2725 2642 3045 2713 παρέστηκε
3093 2642 3155 2695 τὸ
3205 2642 3506 2713 ἐπίταγμα.
3554 2644 3765 2698 Ταυτὸν

2182 2732 2311 2803 γὰρ,
2354 2732 2428 2796 ὡς
2468 2734 2497 2786 ὁ
2530 2733 2663 2802 ἐμὸς
2703 2731 2879 2800 λόγος,
2918 2733 3180 2796 τοιούτοις
3223 2734 3346 2787 τινὰ
3388 2735 3593 2805 τολμᾷν
3642 2737 3766 2789 ἐπι.

2181 2822 2425 2887 ϐαίνειν,
2482 2826 2734 2878 κάκεῖνον
2785 2822 2875 2875 διὰ
2912 2822 3160 2894 γλώττης
3210 2824 3619 2894 ἐγκωμιάζειν,
3664 2826 3766 2897 τὴν

2178 2912 2387 2983 χρυσῆν
2431 2913 2599 2975 ὅντως
2639 2912 2927 2981 γλῶσσαν,
2974 2913 3069 2966 καὶ
3118 2913 3316 2984 κόσμῳ
3355 2915 3521 2967 πανίτῖ⁵
3566 2915 3766 2988 λύτρον

2179 3006 2381 3075 ἑαυτὴν
2407 3004 2819 3060 ὑπατεύσασαν.
2846 3004 3003 3058 Οὕτω
3034 3005 3092 3058 δέ
3131 3022 3222 3075 μοι
3251 3006 3352 3076 τὴν
3379 3007 3589 3078 τόλμαν
3615 3011 3765 3062 ἐννο-

2179 3096 2330 3149 οῦντι
2374 3098 2469 3148 τοῦ
2510 3098 2934 3167 ἐγχειρήματος,
2964 3096 3250 3159 δοκοῦντος
3285 3096 3381 3149 τοῦ
3414 3099 3763 3168 πράγματος,

2181 3188 2359 3242 πάντα
2393 3187 2462 3240 τὰ
2490 3188 2591 3257 τῆς
2623 3189 2871 3259 ὑπακοῆς
2897 3188 3275 3260 ἀπηγόρευται
3301 3188 3555 3251 ἐνταῦθα,
3583 3206 3768 3260 παρα-

485 3292 852 3350 formidabilis
886 3291 957 3345 sit
1005 3268 1338 3353 obedientia,
1376 3289 1793 3358 periculosaque
1824 3297 1878 3342 et
1909 3302 2072 3356 supra

2180 3274 2312 3345 χοὴν
2378 3276 2673 3345 ἡγουμένῳ
2726 3278 3002 3347 προτιμᾷν
3049 3277 3460 3349 ἀσφαλέστερον
3514 3279 3766 3351 ὑπακοῆς

487 3386 661 3442 vires.
700 3382 845 3450 Quid
891 3378 1365 3445 veroiouoniam
1402 3390 1486 3433 est
1532 3380 1929 3449 periculosum,
1976 3394 2076 3432 an-

492 3490 563 3531 ne
586 3486 832 3543 eousque
859 3470 1084 3542 quidem
1126 3470 1420 3523 tacendum
1451 3477 1555 3532 est,
1587 3480 1640 3523 ut
1674 3485 1783 3522 non
1828 3470 2073 3523 dicamus

491 3580 658 3636 quam
711 3564 1009 3617 multorum
1062 3575 1231 3615 causa
1276 3570 1538 3613 cernatur
1582 3562 1938 3615 obedientia?
1989 3562 2071 3615 An

488 3650 810 3721 juveniliter
851 3649 921 3703 ab
942 3647 1103 3701 initio
1158 3646 1563 3716 aggredientem
1615 3648 1818 3711 dicere,
1857 3659 2075 3717 propter

492 3741 620 3796 ﬁdei
652 3739 901 3793 ardorem
927 3777 942 3802 ,
996 3744 1092 3791 aut
1134 3735 1284 3790 illius
1317 3735 1589 3790 viscerum
1652 3738 2069 3805 benignitatem,

491 3832 789 3887 immittere
818 3844 878 3884 se
903 3834 1121 3898 oportet
1141 3827 1194 3879 in
1223 3840 1373 3881 mare
1402 3826 1818 3880 encomiorum?
1841 3826 1904 3879 Et
1923 3828 2075 3895 quis-

490 3937 616 3978 nam
646 3921 892 3976 cernitur
926 3919 1107 3973 virum
1146 3917 1299 3971 illum
1352 3917 1489 3971 adeo
1516 3918 1792 3985 ignorare,
1826 3918 1919 3987 qui
1961 3934 2071 3972 non

489 4014 671 4070 solum
702 4022 763 4066 ut
802 4020 990 4065 mutus
1032 4017 1087 4065 et
1117 4009 1324 4065 surdus
1356 4009 1430 4063 sit
1472 4009 1921 4079 loquacissimus,
1975 4011 2070 4065 sed

487 4108 653 4162 etiam
689 4111 748 4158 ut
775 4104 982 4172 lapides
1015 4101 1310 4155 clamorem
1343 4100 1615 4162 emittant,
1644 4102 1885 4155 creditur
1913 4116 2073 4171 posse

489 4196 737 4253 cllicere?
771 4192 975 4248 Horum
1008 4191 1152 4245 enim
1177 4192 1334 4245 fidem
1364 4189 1577 4245 faciunt
1604 4191 1833 4246 "annua:
1865 4194 2073 4247 deside-

491 4290 583 4356 rii,
613 4299 754 4356 quas
780 4298 910 4353 spes
936 4283 991 4335 in
1039 4282 1209 4335 altum
1242 4280 1458 4335 sublata
1486 4282 1774 4345 conciliat;
1798 4284 2073 4352 quomodo

494 4380 660 4434 etiam
685 4388 915 4443 magnus
933 4373 1216 4442 apostolus
1235 4373 1502 4442 praecipit,
1528 4374 1777 4428 scribens
1803 4390 1817 4427 :
1841 4375 2071 4427 Multum

493 4470 631 4522 calet
673 4465 849 4519 oratio
871 4463 1010 4532 justi
1039 4477 1259 4529 operam
1283 4463 1297 4493 ¹
1325 4481 1337 4517 :
1365 4462 1470 4517 hoc
1503 4466 1609 4524 est,
1640 4479 1768 4532 quae
1795 4467 2071 4533 operatio-

492 4572 616 4613 nem
650 4555 1010 4625 consequitur
1039 4568 1103 4608 ex
1132 4568 1220 4619 eo,
1246 4553 1393 4622 quod
1429 4569 1538 4608 non
1573 4553 1827 4608 dubitant
1854 4556 1944 4625 qui
1976 4571 2069 4609 ac-

491 4648 714 4704 cedunt.
741 4645 1105 4712 Quamobrem
1133 4642 1395 4697 mittenda
1418 4642 1640 4713 quidam
1660 4656 1741 4699 est
1764 4645 2071 4714 periculosa

492 4738 845 4800 existimatio,
868 4743 1156 4806 paternum
1191 4742 1371 4787 autem
1419 4734 1637 4802 jussum
1688 4751 1884 4792 curare
1910 4753 2073 4807 opor-

494 4837 592 4894 tet,
624 4830 673 4885 ei
705 4828 796 4899 qui
825 4839 953 4883 ante
982 4825 1163 4881 omnia
1193 4825 1439 4879 omnium
1474 4836 1559 4880 est
1589 4827 1855 4881 bonorum
1878 4842 2067 4894 causa,

493 4920 642 4974 Patri
681 4919 973 4981 luminum,
1007 4930 1072 4969 ex
1103 4931 1207 4983 quo
1245 4916 1416 4967 omnis
1463 4917 1613 4969 datio
1653 4918 1787 4970 bona
1834 4919 2067 4972 homini-

496 5013 591 5064 bus
609 5013 650 5077 ²,
688 5018 748 5063 ut
779 5008 950 5063 sacris
983 5007 1244 5061 scribitur
1288 5003 1534 5069 Litteris,
1572 5018 1623 5062 et
1668 5023 1828 5062 onme
1867 5011 2069 5063 donum

493 5102 817 5174 perfectum,
847 5108 1083 5154 mentem
1112 5097 1443 5161 dedicanda,
1480 5107 1534 5151 et
1560 5101 1640 5153 sic
1669 5100 1998 5170 incipiendo.

561 5195 616 5249 2.
650 5196 830 5262 Atque
863 5191 909 5245 si
946 5205 1144 5260 magno
1175 5190 1394 5259 quidem
1420 5190 1815 5260 Cbrysostomo
1852 5193 2068 5248 videre-

496 5302 586 5344 tur
640 5287 833 5343 deesse
870 5285 993 5339 vitte
1055 5282 1336 5353 splendor,
1386 5283 1698 5353 d0gnvatum
1760 5287 2065 5340 cmlestium

495 5381 724 5447 tooitru,
781 5375 1169 5431 miraculorum
1225 5372 1550 5427 terribilium
1590 5375 1793 5447 fulgur,
1847 5386 1901 5431 et
1957 5378 2064 5433 alia

562 5480 579 5510 ⁸
613 5476 731 5533 Jac.
773 5493 827 5540 ν,
860 5474 949 5527 16.
1025 5474 1044 5503 ²
1075 5469 1191 5525 Jac.
1232 5484 1270 5537 t,
1309 5468 1392 5521 17.

2184 3365 2418 3436 φρικτῆς
2447 3366 2542 3419 καὶ
2581 3365 2940 3429 κινδυνὼδους
2971 3369 3068 3420 καί⁵
3106 3369 3245 3440 ὑπὲρ
3277 3369 3529 3439 δύναμιν.
3569 3372 3634 3423 Τί
3668 3372 3762 3435 δές

2182 3457 2265 3510 ὅτι
2294 3456 2578 3522 κινδύνων,
2610 3458 2672 3510 οὐ
2711 3458 2811 3527 μὲν
2839 3457 2934 3511 οῦν
2969 3458 3075 3510 οὐδ’
3114 3460 3290 3511 εἰπεῖν
3321 3460 3461 3515 ὅσων
3493 3464 3764 3532 παραίτια

2183 3548 2249 3601 τὰ
2284 3547 2384 3617 τῆς
2418 3550 2665 3618 ὑπακοῆς
2706 3551 2922 3619 ὁρᾶται,
2971 3551 3368 3622 σιωπητέονςῆ
3416 3553 3765 3623 τολμήσαντά

2181 3656 2233 3692 τι
2273 3642 2541 3704 νεανικὸν,
2591 3641 2682 3695 τὸν
2727 3641 2887 3708 λόγον
2939 3644 3003 3694 ἐκ
3048 3642 3352 3712 προοιμίων
3393 3644 3469 3713 τῷ
3509 3644 3762 3718 διαπύρῳ

2179 3732 2282 3799 τῆς
2321 3735 2578 3795 πίστεως,
2609 3732 2642 3801 ἢ
2674 3732 2753 3802 τῷ
2791 3750 2855 3801 γε
2895 3732 3119 3803 χρηστῷ
3167 3733 3278 3786 τῶν
3308 3735 3524 3787 ἐκείνου
3556 3736 3765 3805 σπλάγ-

2182 3842 2320 3893 χνων
2352 3824 2543 3876 ἑαυτὸν
2590 3827 2881 3893 ἐπαφεῖναι
2910 3824 2987 3893 τῷ
3026 3824 3253 3892 πελάγει
3284 3824 3393 3877 τῶν
3426 3826 3757 3896 ἑγκωμίωνς

2181 3918 2275 3969 καὶ
2297 3916 2380 3979 τίς
2412 3916 2626 3984 ἀγνοῶν
2661 3917 2753 3969 ἐπὶ
2800 3915 3057 3969 τοσοῦτον
3098 3916 3293 3987 ὁρᾶται
3326 3916 3418 3969 τὸν
3457 3917 3648 3987 ἀνδρα,
3686 3918 3762 3989 μὴ

2179 4009 2263 4060 ὅτι
2293 4008 2511 4077 κωψὸν,
2546 4008 2580 4078 ἦ
2633 4008 2917 4076 δύσκωφον
2962 4006 3285 4061 λαλίστατον
3327 4009 3760 4079 ἀπεργάζεσθαι,

2180 4099 2318 4152 ἀλλά
2362 4101 2457 4152 καὶ
2496 4100 2665 4162 λίθοις
2703 4101 2994 4168 ἐπαφεῖναι
3026 4099 3276 4170 κραυγὴν
3309 4099 3627 4154 πιστεύεται
3664 4100 3761 4153 δυ-

2181 4192 2338 4253 νατὸς
2371 4190 2480 4255 div;
2516 4190 2721 4244 τούτων
2751 4191 2860 4261 γάρ
2900 4190 3083 4252 πίστις
3108 4191 3204 4242 καὶ
3238 4190 3407 4243 πόθου
3438 4191 3635 4259 φλόγες
3675 4191 3763 4243 ἐλ-

2180 4283 2334 4334 πίσιν
2362 4282 2652 4351 αἰρόμεναι
2678 4281 2930 4350 πρόξενοι
2951 4295 2966 4310 ο
3002 4280 3144 4332 καθά
3166 4278 3231 4350 δὴ
3255 4280 3349 4333 καὶ
3368 4282 3396 4333 ὀ
3423 4281 3598 4350 μέγας
3625 4283 3765 4335 ἀπό-

2181 4372 2366 4433 στολος
2391 4374 2637 4442 γράφων,
2666 4372 2833 4425 Πολὺ
2860 4373 3057 4438 ἰσχύει
3088 4370 3299 4439 δέησις
3328 4372 3566 4426 δικαίου
3594 4374 3762 4442 ἐνερ-

2181 4463 2471 4533 γουμένη,
2514 4464 2825 4533 παρεγγυᾷ,
2872 4463 3156 4525 τουτέστι,
3200 4461 3281 4531 τῷ
3326 4462 3603 4535 όδικάστῳ
3650 4465 3764 4517 τῶν

2182 4554 2514 4624 προσιόντων
2541 4554 2639 4623 τὴν
2660 4553 2940 4621 ἐνέργειαν
2969 4550 3452 4623 ἀποκληρουμένη.
3474 4552 3567 4605 Διὸ
3595 4553 3662 4618 δὴ
3692 4557 3763 4607 τά

2180 4646 2279 4714 τῆς
2306 4644 2663 4706 κινδυνώδους
2692 4643 2791 4712 μὲν
2818 4642 3142 4711 ὑπολήψεως
3172 4643 3359 4695 ἐατέον
3378 4682 3394 4707 ,
3435 4642 3538 4711 τῆς
3565 4643 3621 4695 δὲ
3655 4661 3763 4696 πα-

2178 4734 2359 4805 τρῴας
2388 4733 2693 4796 κελεύσεως
2717 4732 3089 4802 φροντιστέον,
3119 4732 3266 4801 αὐτῷ
3304 4732 3411 4803 πρὸ
3438 4734 3656 4786 πάντων
3678 4734 3760 4802 τῷ

2182 4828 2398 4880 πάντων
2427 4826 2585 4895 αἰτίῳ
2618 4824 2729 4877 τῶν
2766 4823 2947 4878 καλῶν
2972 4823 3050 4890 τῷ
3082 4824 3258 4891 Πατρὶ
3291 4823 3400 4876 τῶν
3432 4823 3651 4891 φώτων,
3684 4826 3761 4887 ἐξ

2179 4913 2251 4972 οὗ
2292 4915 2461 4969 πάσα
2495 4916 2667 4979 δόσις
2724 4912 3054 4981 ἀνθρώποις
3100 4912 3315 4980 ἀγαθὴ,
3354 4915 3413 4966 τὸ
3452 4914 3761 4985 ἱερολογού-

2186 5024 2364 5077 μενον,
2408 5008 2502 5058 καὶ
2552 5008 2658 5058 πᾶν
2691 5004 2926 5074 δώρημα
2959 5004 3186 5067 τέλειον,
3219 5003 3311 5056 τὸν
3352 5004 3477 5059 νοῦν
3510 5006 3755 5072 ἀναθεὶς,

2183 5102 2275 5152 καὶ
2314 5098 2375 5150 οῦ
2384 5116 2487 5160 τως
2518 5100 2839 5168 ἀρχόμενος.

2254 5191 2319 5259 β’.
2355 5192 2416 5243 Εἰ
2454 5191 2551 5260 μὲν
2572 5188 2665 5243 οὖν
2700 5193 2728 5243 ὁ
2762 5190 2935 5261 μέγας
2972 5188 3165 5253 ἐνδεῶς
3197 5188 3339 5258 ἔχων
3370 5190 3579 5258 ἑωρᾶτο
3606 5190 3760 5258 Χρυ-

2181 5282 2443 5352 σόστομος
2494 5281 2613 5351 βίου
2667 5282 3093 5353 λαμπρότητος,
3147 5280 3436 5350 δογμάτων
3488 5282 3760 5349 οὐρανίων

2178 5376 2427 5447 βροντῆς,
2454 5377 2749 5448 θαυμάτων
2795 5377 3085 5448 ἀστραπῆς
3119 5375 3389 5445 φοϐερῶν,
3430 5377 3541 5429 τῶν
3579 5376 3761 5429 ἄλλων

2038 5557 2269 5615 NOTAE.

569 5660 681 5731 (3i)
711 5661 965 5719 Fortasse
999 5667 1248 5731 sanctum
1271 5655 1635 5731 'Stepbanuin
1658 5654 1933 5731 intelligit,
1963 5669 2069 5731 .cu-

504 5724 593 5797 jus
618 5724 674 5779 in
704 5731 915 5782 laudem
948 5730 1251 5781 orationem
1284 5724 1505 5797 quoque
1534 5728 1753 5792 scripsit
1790 5726 1876 5777 bic
1924 5724 2063 5797 idem

506 5794 781 5866 Augustus
831 5797 961 5861 Leo,
992 5812 1109 5864 qua:
1142 5798 1195 5848 in
1253 5794 1442 5865 codice
1469 5794 1731 5848 Vaticano
1755 5810 1917 5863 supra
1950 5794 2065 5847 lau-

2175 5657 2304 5711 dato
2344 5659 2567 5727 triginta
2599 5660 2763 5713 trium
2788 5659 3100 5731 orationum
3139 5660 3280 5715 hanc
3303 5662 3477 5731 ipsam
3511 5670 3758 5717 nostram

2176 5743 2282 5781 una
2317 5737 2526 5783 tantum
2553 5732 2658 5784 alia
2689 5730 3012 5799 interposita
3046 5732 3314 5799 sequitur.
