4084 6440
309 356 417 420 2‘29

955 357 1237 418 ORATIO
1274 359 1498 420 XVIII.
1535 380 1604 393 ·-
1636 357 2021 419 LAUDATIO
2062 358 2131 420 ὃ.
2167 356 2489 419 JOANNIS
2528 356 2930 417 CHRYSOST.

3478 361 3583 423 230

312 467 553 533 πάντων,
588 459 669 531 οἷς
697 470 726 520 ὁ
756 465 900 530 θεῖος
929 466 990 519 ὲν
1017 470 1112 537 γῇ,
1146 469 1241 520 καὶ
1284 470 1419 540 πρὶν
1471 468 1728 523 ἐντεῦθεν
1766 485 1880 538 μετ·

2010 468 2219 531 omnia,
2250 468 2448 537 quibus
2488 467 2572 521 vir
2600 466 2821 522 divinus
2871 469 2924 522 in
2965 477 3145 531 terra.
3180 471 3345 526 etiam
3395 475 3580 541 prius-

308 565 541 632 αναστῇ,
572 560 1048 632 χαρακτηρίζεται
1093 560 1408 631 ἄνθρωπος·
1441 562 1613 615 ἐδεῖτο
1639 560 1715 630 τῷ
1740 561 1891 637 νόμῳ

309 653 419 706 τῶν
459 650 760 720 ἐγκωμίων
791 648 891 719 τῆς
944 650 1178 719 κηρίνης
1217 652 1599 720 περιφανείας,
1651 651 1886 704 πλούτου

316 744 483 812 λέγω,
518 744 616 797 καὶ
642 742 821 811 δόξης,
851 742 947 795 καὶ
976 742 1256 812 πατρίδος,
1280 742 1372 796 καὶ
1402 742 1509 796 τῶν
1537 743 1712 798 ἄλλων
1738 743 1888 796 εύδο-

311 836 564 906 κίμησιν,
589 829 673 897 οἷς
702 836 751 888 οί
777 834 976 902 φύντες
1003 834 1142 886 κατὰ
1157 835 1256 905 τὴν
1279 837 1552 907 Ἀντιόχου
1574 836 1675 905 τῆς
1702 836 1889 903 κοίλης

310 926 511 997 Συρίας
532 926 840 995 κομῶντες,
869 925 1140 978 πλουσίων
1169 929 1297 989 τοὺς
1325 927 1446 980 κατ’
1485 930 1662 980 ἐκεῖνο
1691 927 1886 995 καιροῦ

308 1018 519 1078 πάντας
554 1014 850 1083 δευτέρους
874 1014 1187 1081 ἀπέδειξαν.
1234 1016 1387 1069 Ἐπεὶ
1427 1017 1483 1070 δὲ
1524 1019 1595 1070 τὰ
1624 1018 1890 1087 μεγαλεῖα

307 1105 413 1160 τῶν
443 1105 641 1173 ἐκείνῳ
680 1106 994 1174 προσόντων
1039 1105 1224 1158 καλῶν
1267 1106 1567 1161 καλύπτειν
1613 1104 1722 1161 οἶδε
1779 1108 1889 1160 τῶν

311 1196 789 1265 σωματικωτὲρων
812 1194 901 1247 τὸν
926 1196 1112 1261 ὄγκον,
1136 1197 1235 1265 οὐχ
1261 1191 1480 1269 ἦττονῆ
1506 1200 1618 1250 τῶν
1641 1197 1886 1269 ἡλιακῶν

308 1287 542 1340 ἀκτίνων
556 1288 590 1353 ὴ
605 1286 845 1356 προὸολὴ
857 1285 966 1337 τῶν
976 1286 1407 1357 ἁστραίκτωνξα)
1423 1290 1776 1359 ὡραιοτήτων
1787 1288 1886 1351 τὰς

308 1378 657 1445 ἀνταυγίίας,
686 1376 1016 1445 εὐλαϐητέον
1054 1377 1133 1446 τῷ
1163 1378 1467 1449 ἁδοξοτέρῳ
1497 1381 1591 1433 τοῦ
1624 1383 1886 1451 πράγμαο

305 1486 419 1534 τος,
444 1471 565 1531 ταῖς
589 1469 868 1529 τοιαύταις
887 1468 997 1519 τῶν
1023 1468 1196 1535 λόγων
1215 1471 1546 1540 ἁπασχολείν
1572 1472 1800 1525 ύποθέσε
1810 1490 1884 1535 σι,

306 1561 400 1614 καὶ
432 1560 571 1611 ἰτέον
602 1558 687 1626 ἐφ’
725 1553 828 1621 οἷς,
857 1558 1091 1610 καθόσον
1117 1554 1230 1612 οἷόν
1263 1561 1323 1613 τέ
1357 1579 1468 1631 μοι,
1498 1563 1592 1616 καὶ
1616 1564 1883 1633 προτεθύ-

308 1665 511 1720 μημαι.
546 1649 655 1701 Καί
692 1664 782 1717 μοι
815 1649 915 1718 τὴν
948 1650 1047 1701 ἀπ’
1077 1650 1254 1721 ἀρχῆς
1294 1652 1353 1703 ὲν
1394 1652 1589 1722 ἁπαλῷ
1634 1654 1734 1720 τῆς
1768 1653 1885 1724 ἡλι-

304 1742 428 1804 κίας
464 1740 560 1793 τοῦ
602 1742 768 1812 ηθους
812 1740 1135 1794 εὐστάθειαν
1184 1740 1277 1794 τοῦ
1312 1743 1551 1813 μεγάλου
1598 1748 1885 1815 φωστῆρος

1998 574 2162 628 quam
2193 561 2319 613 hinc
2348 560 2566 629 migret,
2596 558 2934 615 describitur
2964 570 3020 615 et
3049 562 3399 631 exprimitur,
3440 580 3581 634 opus

2000 651 2248 711 haberet.
2278 651 2672 703 convenienter
2714 648 2814 719 legi
2845 649 3246 712 encomiorum,
3275 668 3435 707 cerea
3468 656 3581 707 clu-

1998 742 2181 804 ritate,
2208 740 2436 802 divitiis,
2476 740 2721 809 inquam,
2750 747 2806 795 et
2842 740 3019 811 patria
3048 750 3101 795 et
3128 742 3333 811 gloria,
3368 752 3424 797 et
3455 744 3578 798 aliis

1998 829 2279 890 omnibus,
2303 845 2423 899 qute
2456 829 2510 883 in
2540 831 2736 882 bonam
2762 828 3045 885 adducunt
3095 832 3577 893 existimationem.

1996 920 2198 989 quibus
2224 921 2343 990 ejus
2371 930 2625 990 parentes
2656 922 2709 973 in
2740 921 3030 976 Antiochia
3070 923 3389 994 Cwlesyriae
3439 926 3577 979 insi-

1997 1026 2152 1079 gues,
2176 1025 2367 1065 omnes
2396 1012 2488 1066 illo
2520 1020 2763 1074 tempore
2783 1022 3137 1080 superarunt.
3166 1013 3439 1080 Quoniam
3475 1033 3575 1068 au-

1999 1112 2106 1159 tem
2156 1106 2472 1174 magnitudo
2524 1119 2741 1170 eorum,
2773 1121 2897 1176 qua:
2936 1106 3011 1161 illi
3041 1106 3251 1167 insunt.
3285 1108 3573 1168 bonorum,

1999 1212 2107 1251 non
2138 1196 2324 1253 minus
2348 1196 2480 1265 tegit
2501 1211 2564 1250 ea
2595 1210 2718 1264 quae
2749 1204 2878 1250 sunt
2904 1198 3175 1269 corporis,
3215 1212 3379 1267 quam
3405 1200 3575 1253 emis-

1998 1289 2083 1344 sio
2119 1287 2396 1342 radiorum
2430 1288 2693 1342 solarium
2719 1286 2986 1354 fulgorem
3020 1296 3297 1342 astrorum
3328 1290 3574 1358 pulchri-

1995 1377 2225 1442 tudinis,
2277 1380 2580 1432 cavendum
2622 1390 2707 1432 est
2749 1394 2814 1432 ne
2846 1390 3068 1447 prOpIer
3107 1379 3182 1433 rei
3211 1380 3575 1435 humilitatem

1993 1475 2048 1523 et
2082 1468 2448 1536 abjectionem
2475 1507 2490 1529 .
2524 1468 2578 1520 in
2622 1468 2897 1537 ejusmodi
2947 1469 3290 1537 argumentis
3326 1478 3578 1523 versetur

1993 1561 2175 1615 oratio
2203 1577 2216 1613 :
2249 1569 2305 1613 et
2332 1561 2399 1613 ad
2432 1575 2493 1613 ea
2516 1561 2754 1614 cundum
2802 1572 2885 1615 est
2922 1562 2988 1615 ad
3014 1575 3137 1628 qua:
3161 1560 3324 1629 cupio
3361 1575 3460 1628 pro
3496 1562 3578 1611 vi-

1992 1650 2170 1705 ribus.
2204 1648 2311 1703 Par
2339 1659 2423 1705 est
2456 1660 2640 1704 autem
2700 1643 2833 1704 mihi
2881 1652 3127 1727 animum
3164 1650 3449 1714 adhibere,
3490 1652 3542 1703 di
3565 1679 3578 1691 ς

1993 1743 2137 1797 centi
2169 1742 2293 1810 ejus
2320 1741 2582 1797 honestos
2615 1754 2671 1795 et
2703 1743 3043 1811 compositos
3082 1757 3265 1796 mores
3296 1743 3350 1797 in
3388 1751 3577 1797 tenera

304 1833 597 1905 προσέχειν
652 1832 800 1895 ἄξιον
851 1832 1096 1897 λέγοντι,
1160 1832 1346 1902 μεῖζον
1411 1835 1633 1904 ἀπάσης
1688 1836 1880 1904 ἐφετῆς

1990 1841 2172 1897 aetate,
2227 1833 2298 1886 de
2356 1834 2442 1888 his
2493 1834 2687 1897 audire
2724 1834 2901 1902 majus
2930 1849 3054 1889 esse
3096 1843 3377 1905 putantes,
3409 1851 3574 1905 quam

303 1926 572 1996 ἐργασίας
595 1923 694 1994 τὴν
713 1924 843 1992 περ).
867 1922 1202 1993 τηλικούτων
1223 1926 1563 1993 ἡγουμένους
1585 1926 1849 1995 ἀκρόασιν
1867 1943 1880 1957 ·

304 2012 493 2083 ἐπειδὴ
523 2014 620 2065 καὶ
647 2012 805 2066 τοῦτό
838 2015 990 2066 ἐστιν
1014 2013 1258 2084 ὀρεκτὸν,
1292 2013 1386 2067 τοῦ
1407 2016 1617 2083 γνῶναι
1644 2015 1739 2069 τοῦ
1771 2034 1884 2069 κοι-

302 2103 398 2158 νοῦ
439 2105 765 2176 λαμπτῆρος
810 2103 908 2175 τὴν
954 2105 1190 2175 κίνησιν.
1226 2100 1394 2167 Οὗτος
1447 2106 1765 2177 Ἀντιοχέων
1804 2109 1885 2161 ἔτι

302 2197 686 2267 παιδοτρίϐαις
732 2196 955 2265 φοιτῶν,
1002 2195 1319 2259 διδάσκαλος
1349 2197 1575 2267 ἀρετῆς,
1618 2200 1679 2251 οὐ
1727 2199 1886 2268 μόνον

298 2286 495 2358 ἢλιξιν,
513 2284 652 2337 ἀλλὰ
668 2286 762 2337 καὶ
783 2285 966 2347 αὐτοῖς
983 2283 1352 2348 διδασκάλοις,
1373 2287 1468 2341 καὶ
1502 2288 1755 2357 ἀνδράσι,
1793 2290 1885 2341 καὶ

298 2375 568 2446 πατράσι,
600 2377 694 2428 καὶ
722 2373 961 2437 οίλιέταις
990 2373 1303 2438 καθίστατο,
1334 2376 1396 2426 τὸ
1422 2370 1552 2445 ἦθος
1580 2376 1883 2446 ἀμίμητος,

296 2468 398 2534 τὴν
435 2465 730 2519 συνουσίαν
769 2463 1232 2532 κατεσταλμένος,
1278 2464 1522 2535 ὑψοποιῷ
1555 2466 1887 2520 ταπεινώσει

296 2559 803 2628 καλλωπιζόμενος,
824 2558 1046 2611 παιδιὰν
1070 2558 1241 2619 ὅντως
1268 2559 1365 2622 τὰς
1384 2560 1494 2613 τῶν
1523 2560 1727 2629 ἡλίκων
1752 2577 1886 2611 παι.-

293 2651 539 2713 διάςκαὶ
580 2650 692 2702 τῶν
731 2648 908 2704 ἄλλων
936 2650 1341 2719 ρυπασμάτων,
1380 2650 1475 2703 καὶ
1505 2651 1612 2715 πρὸ
1656 2649 1755 2718 τῆς
1788 2648 1882 2702 τοῦ

296 2742 444 2795 θείου
465 2739 696 2811 λουτροῦ
720 2739 1043 2809 καθάρσεως
1065 2742 1523 2811 ἀποφαινόμενος.
1557 2741 1711 2796 Μετὰ
1736 2743 1792 2796 δὲ
1822 2744 1884 2794 τὸ

295 2829 441 2884 θετον
474 2830 722 2898 λουτρὸν,
753 2829 781 2881 ὃ
830 2830 1116 2893 Μελέτιος,
1140 2832 1168 2881 ό
1210 2832 1385 2898 μέγας
1419 2831 1739 2901 Ἀντιοχέων
1778 2833 1879 2901 ἁρ-

296 2922 549 2990 χιιρεὺς,
588 2919 807 2988 πρῶτον
854 2920 956 2988 μὲν
1002 2919 1081 2989 τῷ
1125 2920 1349 2990 μεγάλῳ
1380 2921 1593 2974 δίδωσιν
1638 2922 1878 2993 Ἰωάννῃ,

298 3010 525 3081 ὕστερον
556 3010 614 3063 δὲ
658 3012 752 3065 καὶ
789 3012 903 3072 τοῖς
931 3010 1125 3064 τούτου
1160 3014 1513 3082 γεννήτορσιν
1555 3010 1745 3082 (οὔπω
1773 3013 1882 3082 γὰρ

297 3098 368 3174 ἦν
392 3102 709 3171 ἑπιλάμψαν
731 3101 919 3163 αὐτοῖς
948 3100 1010 3153 τὸ
1038 3101 1185 3154 θεῖον
1219 3104 1398 3155 ἐκεῖνο
1432 3102 1567 3171 φῶς,
1599 3104 1883 3173 πατρικῶν

295 3193 393 3249 in
414 3192 795 3263 παραδόσεων,
826 3191 967 3245 καθὰ
994 3192 1085 3245 τὸν
1124 3194 1300 3261 μέγαν
1343 3193 1558 3247 Παῦλον
1585 3193 1878 3263 ἀκούομεν,

295 3284 603 3356 ὑπάρχωσι
644 3283 937 3353 ζηλωταῖς)
981 3283 1114 3353 πρὸς
1153 3284 1251 3352 τὴν
1297 3284 1675 3354 στερεωτέραν
1722 3285 1884 3354 μετά-

296 3374 461 3445 ληψιν
487 3374 604 3428 τῶν
633 3376 699 3427 ὲκ
721 3373 816 3428 τοῦ
847 3373 1007 3442 λόγου
1042 3374 1257 3445 τροφῶν
1279 3378 1308 3428 ό
1348 3376 1603 3446 Ἰωάννης
1644 3378 1879 3446 προάγεο

295 3483 407 3533 ται,
454 3467 689 3528 ἐκείνοις
734 3465 927 3518 ἑαυτὸν
962 3465 1265 3533 στοιχειῶν,
1311 3465 1390 3533 τῷ
1435 3465 1745 3538 δεξιωτάτῳ
1778 3468 1879 3537 τῆς

296 3558 536 3625 φύσεως,
587 3551 670 3619 οἷς
720 3556 749 3609 ὁ
797 3556 937 3619 θεῖος
970 3555 1137 3624 φόϐος
1189 3557 1604 3627 ἐπιγινόμενος,
1649 3558 1876 3610 ἐντολῶν

296 3650 551 3719 τήρησιν,
584 3646 787 3717 σαρκὸς
836 3646 1131 3717 κάθαρσιν,
1159 3646 1313 3701 θείαν
1341 3648 1629 3719 ἔλλαμψιν,
1663 3649 1723 3702 τὸ
1757 3650 1876 3702 θεο-

295 3739 626 3809 λογούμενον
675 3738 842 3792 πόθου
905 3739 1056 3801 τέλος
1100 3734 1210 3792 οἶδε
1262 3739 1603 3811 χαρίζεσθαι.
1664 3742 1777 3814 Πρὸ
1818 3742 1875 3794 δὲ

296 3833 517 3888 πάντων
560 3831 658 3900 τὴν
716 3831 891 3901 Ἰησοῦ
939 3831 1268 3883 ταπείνωσιν
1312 3832 1759 3902 ἐκμιμούμενος,
1808 3828 1875 3905 ἧς

294 3921 473 3993 βραχύ
540 3940 593 3975 τι
637 3922 881 3993 διήγημα
938 3921 1017 3991 τῷ
1076 3921 1222 3993 λόγῳ
1283 3923 1509 3977 διδόσθω
1562 3925 1871 3996 γνώρισμα.

305 4014 565 4071 Ἀκούετε
587 4014 698 4068 τῶν
722 4014 929 4067 παίδων
952 4015 1135 4084 ὑμεῖς,
1170 4018 1330 4080 ὅσους
1357 4019 1659 4087 κομπάζειν
1695 4019 1872 4072 ἔνεστι

291 4108 563 4161 τεκόντων
589 4106 736 4177 δόξῃ,
758 4107 854 4159 καὶ
878 4104 1118 4175 πλούτῳ,
1148 4109 1239 4160 καὶ
1265 4111 1624 4179 γαυριάματι,
1659 4111 1751 4163 καὶ
1783 4127 1873 4177 μι-

296 4199 568 4269 μήσασθε.
594 4200 791 4263 Ἵππος
822 4200 995 4270 αὐτῷ,
1024 4201 1117 4253 καὶ
1144 4200 1357 4265 παῖδες,
1394 4202 1489 4254 καὶ
1512 4200 1685 4271 πολλὴ
1716 4202 1875 4272 δορυο

294 4290 460 4362 φορία
504 4289 660 4360 παρὰ
710 4290 819 4343 τῶν
872 4291 1143 4346 τεκόντων
1184 4292 1532 4362 ἐπεμελεῖτο,
1586 4295 1723 4364 πρὸς
1775 4294 1875 4366 τὴν

296 4382 535 4452 μάθησιν
563 4382 799 4436 ἀπιόντι.
839 4383 896 4437 ’0
926 4383 984 4435 δὲ
1012 4386 1336 4455 κατεφρόνει
1377 4385 1613 4440 πάντων.
1647 4386 1873 4440 Ἐπειθε

292 4476 504 4538 πάντας
556 4474 654 4543 τὴν
721 4475 900 4545 Ἰησοῦ
971 4479 1255 4546 μιμεῖσθαι
1315 4477 1688 4539 ταπείνωσιν,
1747 4480 1872 4542 τοὺς
1905 4501 1949 4555 ι)

290 4567 533 4638 ὡραίους
565 4567 731 4630 πόδας
766 4569 1244 4639 προκαταρτίξων,
1282 4572 1374 4623 καὶ
1402 4570 1604 4638 κοῦφος
1631 4572 1873 4643 δραμούι

294 4675 458 4730 μενος
492 4659 589 4711 ἐπὶ
625 4658 688 4712 τὸ
737 4659 1093 4727 Εὑαγγὲλιον,
1124 4660 1215 4712 τὸν
1249 4660 1468 4731 Δανιὴλ,
1495 4663 1621 4724 τοὺς
1651 4664 1870 4731 παῖδας,

288 4752 380 4804 τὸν
401 4749 572 4803 Δαόὶδ
597 4748 675 4819 τῷ
701 4749 847 4820 λόγῳ
866 4750 1041 4813 τιθεὶς
1072 4753 1152 4814 είς
1179 4753 1532 4823 παράδειγμα
1552 4770 1567 4785 ·
1595 4755 1721 4818 τοὺς
1749 4756 1869 4823 μὲν,

283 4841 362 4905 ὡς
389 4843 458 4895 δι’
483 4840 656 4910 αὐτῆς
691 4840 1031 4911 κατωρθώθη
1055 4842 1125 4895 τὰ
1149 4843 1289 4913 ὑπὲρ
1319 4844 1606 4915 ἄνθρωπον
1625 4863 1639 4875 ο
1672 4846 1764 4899 τὸν
1790 4847 1871 4913 δὲ,

286 4932 374 4984 ὅτι
400 4931 549 5001 μετά
573 4946 637 4997 γε
661 4930 769 4983 τῶν
794 4930 995 4990 ἄλλων,
1018 4932 1112 4984 καὶ
1136 4933 1246 4984 τῶν
1272 4934 1366 4986 τοῦ
1394 4933 1530 4987 Θεοῦ
1560 4934 1871 5006 δικαιωμά-

286 5040 395 5079 των
442 5024 478 5092 ἡ
518 5022 774 5092 μάθησις,
816 5024 876 5075 ὲν
918 5023 998 5091 τῷ
1047 5022 1250 5089 λέγειν,
1320 5026 1563 5094 Ἀγαθόγ
1609 5045 1731 5096 μοι,
1784 5027 1874 5080 ὅτι

284 5110 703 5176 basia-uade;
744 5128 841 5180 με,
874 5112 1036 5177 ὅπως
1066 5113 1142 5165 ἂν
1181 5114 1351 5182 μάθω
1396 5116 1467 5168 τὰ
1507 5115 1871 5185 δικαιώματά

286 5221 429 5258 σου.

359 5302 429 5363 γ’.
478 5295 566 5348 Ἐν
603 5296 816 5360 τούτοις
847 5294 1014 5363 αὐτοῦ
1037 5296 1457 5367 διαλάμποντος,
1497 5299 1687 5369 χρόνος
1716 5299 1867 5371 ἔρρει

289 5387 520 5457 βραχὺς,
547 5388 640 5441 καὶ
673 5388 870 5456 φθάνει
903 5388 1196 5441 Σεκοῦνδον
1234 5389 1412 5457 (τοῦτο
1430 5392 1537 5461 γὰρ
1570 5392 1744 5461 ὀνομα
1772 5391 1867 5445 τοῦ

287 5479 520 5549 πατρὸς)
544 5479 639 5531 τοῦ
669 5478 789 5547 βίου
825 5477 886 5530 τὺ
924 5478 1096 5542 τέλος.
1130 5480 1195 5531 Τί
1225 5479 1339 5551 δὲή
1373 5482 1595 5550 μήτηρ;
1631 5481 1869 5535 ἀνθοῦσι

286 5570 387 5639 τὴν
421 5570 665 5639 ἠλικίαν,
713 5568 978 5622 Ἀνθοῦσα
1018 5569 1115 5639 τὴν
1147 5570 1342 5638 κλῆσιν
1382 5570 1547 5641 (οὕτω
1591 5572 1699 5642 γὰρ
1734 5573 1865 5626 ὲκα-

286 5660 480 5731 λείτο),
502 5659 872 5715 συνεπανθοῦν
900 5659 996 5713 καὶ
1012 5661 1403 5714 συνανατέλλον
1420 5656 1535 5733 εἶχε
1559 5662 1665 5716 τῶν
1689 5663 1865 5716 ἀπάν-

360 5753 382 5783 ³
407 5749 587 5805 Galat.
623 5766 661 5811 ι,
697 5751 783 5803 ii.
862 5749 883 5780 ‘
914 5750 1058 5805 Psal.
1093 5764 1285 5815 cxvm,
1314 5750 1400 5804 7i.

361 5847 443 5912 (α)
477 5844 630 5900 Fort.
660 5842 966 5897 ἀστέκτων.

1991 1925 2168 1980 cuivis
2210 1924 2326 1988 alii,
2376 1939 2498 1993 quae
2550 1925 2859 1993 expetitur,
2904 1940 2963 1979 se
3013 1925 3214 1979 dedere
3245 1927 3574 1994 operationi.

1990 2015 2126 2070 Nam
2158 2017 2262 2071 hoc
2323 2031 2542 2086 quoque
2575 2025 2659 2070 est
2689 2017 3060 2085 expetendum
3090 2054 3104 2079 ,
3138 2031 3300 2071 nosse
3364 2025 3578 2072 motum

1988 2108 2298 2163 communis
2354 2107 2664 2163 luminaris.
2710 2108 2757 2162 ls
2801 2122 2924 2161 eum
2976 2106 3158 2162 adhuc
3184 2108 3472 2163 ventitaret
3504 2110 3573 2161 ad

1988 2213 2084 2253 eos
2107 2197 2202 2267 qui
2230 2197 2537 2255 Antiochiae
2560 2212 2759 2267 pueros
2789 2197 3138 2261 erudiebant,
3169 2206 3291 2254 erat
3316 2200 3576 2268 magister

1988 2288 2228 2351 virtutis,
2269 2301 2377 2341 non
2406 2286 2580 2341 solum
2609 2287 2935 2355 aequalibus.
2969 2285 3064 2341 sed
3097 2288 3262 2340 etiam
3300 2287 3435 2354 ipsis
3462 2303 3577 2340 ma-

1988 2379 2196 2448 gistris.
2222 2387 2276 2434 et
2310 2378 2442 2437 viris
2464 2383 2517 2430 et
2538 2378 2788 2447 patribus
2816 2386 2872 2431 et
2907 2376 3108 2438 servis.
3158 2377 3409 2431 moribus
3463 2378 3573 2431 ini-

1988 2470 2281 2531 mitubilis,
2312 2470 2367 2522 in
2400 2468 2809 2523 consuetudine
2836 2470 3154 2521 moderatus
3176 2508 3190 2532 ,
3223 2483 3346 2539 qua:
3389 2470 3574 2523 excel-

1988 2576 2107 2614 sum
2131 2560 2309 2614 reddit
2332 2561 2651 2615 humilitate
2680 2568 2933 2623 ornatus,
2952 2560 3109 2621 ludos
3141 2574 3366 2615 suorum
3389 2575 3575 2630 aequa—

1987 2650 2119 2705 lium
2156 2649 2345 2705 ludum
2383 2649 2543 2718 plane
2585 2648 2934 2711 existimans,
2964 2656 3017 2702 et
3049 2646 3117 2700 ab
3151 2646 3275 2701 aliis
3315 2644 3574 2700 sordibus

1985 2753 2325 2810 expurgatus
2356 2740 2522 2795 etiam
2560 2747 2688 2795 ante
2721 2738 2891 2794 divini
2923 2737 3137 2815 lavacri.
3176 2737 3570 2808 expiationem.

1989 2833 2119 2886 Post
2149 2831 2393 2884 divinum
2440 2841 2623 2886 autem
2668 2832 2970 2894 lavacrum,
2999 2829 3143 2898 quod
3174 2828 3422 2883 Meletius
3457 2844 3573 2882 ma-

1984 2938 2127 2992 guns
2171 2921 2418 2991 pontifex
2465 2921 2870 2987 Antiochentts,
2916 2922 3152 2990 primum
3203 2921 3427 2989 quidem
3479 2921 3574 2974 dat

1984 3028 2186 3082 magno
2210 3011 2433 3073 Joanui,
2452 3021 2642 3083 postea
2670 3027 2799 3067 vero
2833 3011 2955 3079 ejus
2994 3026 3215 3080 quoque
3248 3011 3573 3080 parentibus

1986 3104 2250 3173 (nondum
2286 3105 2431 3158 enim
2463 3103 2544 3158 eis
2574 3104 2833 3156 illuxerat
2860 3103 2949 3156 lux
2994 3102 3205 3163 divina,
3245 3110 3304 3154 ut
3344 3102 3437 3170 qui
3473 3100 3573 3171 pa-

1984 3204 2265 3251 ternarum
2300 3194 2684 3260 traditionuln,
2728 3192 3007 3263 quomodo
3043 3206 3301 3262 magnum
3353 3207 3574 3263 quoque
3684 3194 3687 3197 “

1984 3285 2214 3340 Paulum
2237 3286 2512 3347 audimus,
2545 3292 2734 3341 essent
2757 3285 3106 3339 aemulatores
3137 3282 3203 3353 ³),
3226 3282 3295 3336 ad
3332 3282 3568 3336 solidiu-

1983 3394 2103 3433 rnm
2133 3392 2350 3443 eorum,
2379 3392 2502 3448 quae
2529 3384 2658 3432 sunt
2684 3392 2750 3431 ex
2780 3376 2968 3438 verbo,
3016 3374 3405 3428 alimentorum
3445 3389 3572 3443 par-

1983 3472 2355 3541 ticipationem
2387 3470 2631 3526 Joannes
2660 3467 2974 3530 adducitur,
3009 3464 3215 3536 ingenii
3244 3464 3571 3519 dexteritate

1982 3578 2042 3618 se
2083 3563 2191 3617 illis
2242 3562 2579 3616 couformem
2630 3559 2901 3623 reddens,
2949 3557 3154 3628 quibus
3195 3556 3416 3610 divinus
3475 3557 3567 3623 qui

1978 3655 2125 3709 inest
2157 3653 2321 3707 timor
2342 3651 2656 3722 scitlargiri
2688 3660 3087 3723 praeceptorum
3102 3648 3567 3713 observationem,

1978 3746 2166 3801 carnis
2207 3745 2607 3816 purgationem,
2664 3744 2905 3799 divinam
2962 3743 3420 3798 illuminationem
3450 3781 3465 3804 ,
3513 3752 3568 3794 et

1978 3853 2140 3908 quem
2185 3837 2386 3891 divina:
2419 3836 2610 3891 dicunt
2652 3836 2873 3891 Littera
2906 3836 3068 3891 finem
3100 3833 3386 3889 desiderii.
3426 3833 3564 3885 Ante

1977 3929 2161 3982 omnia
2189 3927 2607 3981 autemimitaus
2629 3926 2757 3981 Jesu
2792 3926 3179 3988 humilitatem,
3197 3922 3358 3988 cujus
3384 3923 3564 3975 brevis

1976 4018 2227 4085 quaedam
2254 4017 2413 4071 detur
2434 4016 2679 4071 narratio
2705 4015 2773 4069 ad
2803 4015 2877 4081 id,
2921 4013 3067 4083 quod
3098 4013 3321 4075 dicitur,
3357 4027 3563 4081 rogum"

1976 4106 2266 4164 scendum.
2296 4106 2495 4161 Audite
2541 4121 2636 4159 vos
2660 4146 2675 4169 ,
2709 4104 2883 4174 pueri,
2923 4103 3015 4174 qui
3057 4118 3152 4157 vos
3179 4102 3404 4170 jactatis
3470 4116 3564 4170 pa'

1979 4208 2195 4255 rentum
2227 4200 2421 4269 gloria,
2465 4199 2607 4254 fastu
2637 4207 2692 4253 et
2715 4197 2945 4260 divitiis,
2969 4204 3024 4250 et
3050 4195 3363 4249 imitemini.
3399 4193 3560 4248 Curat

1976 4298 2097 4346 erat
2116 4290 2462 4361 parentibus,
2482 4298 2540 4341 ut
2559 4289 2606 4342 ei
2629 4295 2777 4343 esset
2797 4300 2995 4356 equus,
3012 4282 3228 4345 famuli,
3248 4291 3301 4335 et
3326 4298 3558 4351 magnus

1975 4380 2268 4437 comitatus
2297 4379 2448 4434 eunti
2479 4378 2545 4431 ad
2574 4377 2952 4447 disciplinam.
2993 4373 3085 4428 Ille
3126 4383 3310 4427 autem
3371 4372 3558 4425 omnia

1976 4472 2383 4526 contemnebat.
2417 4468 2787 4524 Persuadebat
2817 4466 3074 4520 onmibus
3114 4473 3172 4517 ut
3213 4467 3562 4517 imitarentur

1973 4565 2102 4622 Iesu
2151 4564 2511 4621 humilitatem
2544 4579 2560 4628 ;
2613 4562 2897 4630 speciosos
2920 4558 3085 4628 pedes
3124 4570 3462 4626 prmparaus,
3496 4563 3555 4605 ut

1975 4659 2167 4715 leviter
2197 4664 2483 4711 currerent
2504 4653 2572 4707 ad
2600 4652 2976 4723 Evangelium,
3006 4647 3307 4709 Danielem,
3326 4658 3549 4713 pueros.

1976 4751 2236 4806 Daridem
2263 4749 2450 4804 verbis
2472 4746 2780 4815 exemplum
2806 4756 3139 4814 proponens.
3159 4737 3285 4792 lllos
3307 4736 3551 4806 quidem,

1972 4844 2118 4913 quod
2153 4858 2252 4912 per
2280 4842 2456 4912 ipsam
2490 4840 2558 4893 ab
2575 4840 2663 4913 eis
2688 4854 2750 4893 ea
2784 4839 3046 4906 praeclare
3069 4839 3221 4901 gesta
3253 4837 3402 4893 sunt,
3435 4844 3556 4897 qua;

1971 4944 2100 4991 sunt
2151 4950 2315 5004 supra
2358 4933 2632 4988 hominem
2666 4949 2680 4997 ;
2717 4931 2862 4985 hunc
2899 4942 3050 5004 vero,
3096 4923 3241 4996 quod
3274 4936 3397 4976 cum
3430 4920 3553 4973 aliis

1970 5036 2057 5083 est
2112 5028 2274 5082 etiam
2306 5028 2355 5080 ei
2388 5024 2681 5094 disciplina
2727 5021 2820 5075 Dei
2870 5018 3326 5089 jnstificationttm
3357 5054 3372 5078 ,
3425 5014 3552 5065 dum

1970 5119 2146 5174 dicit:
2206 5117 2414 5172 Bonum
2447 5117 2575 5170 mihi
2605 5113 2730 5183 quia
2772 5109 3071 5165 Immiliasti
3108 5124 3211 5169 me,
3256 5116 3312 5159 ut
3350 5104 3553 5156 discam

1961 5210 2377 5279 justiﬁcationes
2405 5217 2525 5261 tua:
2551 5205 2595 5261 ‘.

2043 5300 2098 5354 5.
2127 5299 2265 5353 Cum
2312 5298 2429 5366 ipse
2470 5296 2523 5348 in
2560 5294 2647 5347 his
2687 5287 3086 5361 resplenderet,
3135 5287 3302 5342 breve
3348 5282 3556 5339 etiluxit

1978 5400 2212 5459 tempus,
2253 5396 2307 5443 et
2328 5383 2582 5441 Secundo
2635 5382 2761 5452 (hoc
2788 5382 2932 5435 enim
2977 5385 3097 5432 erat
3127 5390 3323 5429 nomen
3361 5373 3553 5441 patria)

1976 5482 2208 5552 contigit
2245 5481 2367 5534 vita
2399 5479 2604 5532 exitus.
2635 5473 2779 5540 Quid
2825 5486 2955 5528 vero
2985 5466 3203 5525 mater?
3248 5464 3562 5552 aetateﬂo—I

1977 5586 2105 5627 rens
2134 5551 2185 5626 et
2216 5569 2440 5624 nomine
2477 5566 2748 5635 (Anthusa
2783 5560 2928 5617 enim
2958 5557 3266 5619 dicebatur,
3294 5551 3438 5623 quod
3465 5561 3553 5602 est

1977 5663 2249 5731 ﬂorens);
2307 5661 2471 5739 simul
2517 5657 2743 5723 ﬂorens,
2779 5662 2834 5709 et
2871 5649 3033 5707 simul
3071 5646 3277 5713 oriens,
3317 5641 3555 5699 habebat
