4084 6442
463 368 564 433 sm

1731 339 1924 407 LEON
1938 344 2004 403 IS
2047 342 2503 404 PHILOSOPI-Ii

3626 331 3741 394 Ξῖὶὲ

466 486 585 550 ipsa
610 470 826 542 idquod
849 475 964 522 erat
989 470 1235 517 omnium
1257 462 1529 515 bonorum
1561 455 2053 525 speciosissimum.

2174 470 2269 505 των
2299 451 2481 505 καλῶν
2512 449 2573 502 τὸ
2601 448 2825 518 ὡραῖον.
2863 447 3010 515 Αὐτὴ
3051 443 3143 496 τοῦ
3196 441 3335 505 υἱοῦ,
3378 442 3477 511 τῆς
3511 442 3643 513 πρδς
3673 445 3741 494 τά

2269 544 2279 550 ·
2550 541 2560 550 -
2659 540 2681 549 -
2779 537 2855 550 ιη.
3174 533 3216 550 ,δ
3340 534 3351 550 9
3434 533 3482 550 θ’
3533 548 3542 550 Α
3615 549 3625 550 7
3720 531 3741 550 ο

466 545 586 639 Ipsa
632 580 755 621 eum
789 561 913 616 aliis
961 553 1457 612 sollicitudinibus,
1496 564 1619 618 quae
1660 554 1791 600 sunt
1842 545 2050 607 multa‘,

470 637 773 723 viduitatis,
818 665 1017 722 magno
1066 661 1253 701 amore
1283 659 1472 698 curam
1522 642 1765 710 gerebat,
1804 645 1863 691 ut
1908 637 2053 691 filius

469 758 868 810 incrementum
923 743 1225 810 acciperet,
1260 745 1321 790 ut
1368 749 1489 804 quae
1536 747 1665 787 vere
1712 739 1860 786 esset
1904 729 2052 783 illius

468 852 664 905 mater,
708 840 827 906 ipsa
859 849 1081 904 quoque
1111 830 1193 885 illi
1213 842 1411 883 rursus
1442 839 1502 881 se
1529 823 1763 877 formam
1804 820 2054 891 praebens

464 942 521 988 et
575 928 951 1001 reSplendens.
982 925 1098 990 Qua
1146 921 1363 975 ratione
1404 917 1657 988 speciose
1688 927 1908 983 quoque
1948 910 2057 965 fru-

467 1039 590 1081 ctus
634 1022 875 1093 pratbent
913 1014 1315 1085 conjiciendam
1348 1024 1642 1065 causarum
1684 1006 2056 1060 nobilitatem.

466 1119 601 1171 Cum
636 1091 814 1167 autem
847 1116 1123 1164 teneretur
1153 1117 1338 1159 amore
1359 1098 1733 1172 phil050phiae,
1761 1103 1815 1150 et
1841 1091 2055 1149 dicendi

470 1205 768 1265 facultatis,
804 1201 1036 1256 ventilat
1073 1197 1140 1251 ad
1202 1196 1409 1265 primos
1454 1192 1714 1247 doctores
1747 1202 1814 1243 ex
1866 1185 1934 1241 iis
1965 1184 2057 1253 qui

467 1307 625 1351 erant
679 1290 983 1347 Antiochiae
1037 1286 1327 1357 (Libanius
1387 1290 1569 1337 autem
1621 1287 1755 1331 tunc
1831 1285 1951 1329 erat
2006 1280 2064 1326 et

469 1383 927 1457 Andragathius).
953 1379 1059 1445 Qui
1086 1376 1413 1433 brevissimo
1437 1385 1684 1443 tempore
1705 1384 1769 1423 ea
1794 1366 2058 1438 percepit,

471 1494 593 1551 qum
623 1478 806 1547 longis
843 1486 1113 1528 annorum
1146 1480 1199 1525 et
1230 1468 1478 1524 noctium
1520 1463 1817 1521 curriculis
1849 1460 1943 1513 alii
1969 1459 2061 1513 vix

473 1572 691 1626 tandem
749 1565 1081 1638 percipiunt,
1135 1561 1335 1617 sedens
1377 1558 1620 1627 optimus
1651 1556 1817 1624 iudex
1869 1563 2060 1605 eorum

474 1680 593 1733 qua:
623 1658 1011 1730 percipiuntur
1042 1652 1445 1722 intelligentia;
1482 1658 1536 1703 et
1571 1662 1634 1701 ea
1669 1645 1909 1715 quidem,
1939 1653 2062 1708 quae

475 1748 632 1807 erant
676 1749 853 1811 utilia,
888 1761 985 1801 sua
1023 1743 1361 1797 confirmans
1386 1738 1663 1794 sententia
1692 1753 1706 1801 ;
1733 1749 1856 1804 qua:
1879 1743 2061 1786 autem

2158 544 2395 615 κρείττω
2435 541 2574 610 μετὰ
2617 540 2725 591 τῶν
2771 537 2950 590 ἄλλων
2997 533 3296 605 φροντίδων
3335 533 3649 593 ἐπιδόσεως,
3685 531 3744 583 αἱ

2158 634 2355 687 πολλαὶ
2380 633 2478 701 τῆς
2507 630 2734 702 χηρείας
2760 630 2882 682 ὅσαι
2908 628 3137 696 ἡμέραι,
3169 625 3256 676 διά
3289 623 3492 692 πολλῆς
3519 622 3744 691 ἀγάπης

2161 726 2526 796 ἐπεμελεῖτο,
2586 724 2771 791 μήτηρ
2812 719 3020 773 ἐκείνου
3072 715 3151 785 τῷ
3202 716 3318 769 δντι
3366 714 3742 781 τυγχάνουσα,

2162 818 2400 885 κάκείνῳ
2434 816 2597 869 πάλιν
2638 811 2782 881 αὕτη
2832 806 3356 881 χαρακτηριζομένη
3388 806 3484 857 καὶ
3513 803 3749 873 διαλάμ-

2166 926 2345 962 πουσα
2365 925 2380 939 ⁸
2490 905 2585 959 καὶ
2618 904 2724 957 τῶν
2748 902 2977 973 καρπῶν
3006 901 3056 953 οἱ
3086 900 3281 969 ὡραῖοι
3304 897 3366 950 τὸ
3393 895 3610 963 εὐγενὲς
3640 894 3751 947 τῶν

2164 999 2355 1052 αἰτίων
2404 994 2909 1063 διατεκμαίρονται.
2944 992 3151 1061 Ἔρωτι
3185 988 3245 1041 δὲ
3295 985 3615 1054 φιλοσοφίας
3656 984 3750 1036 καὶ

2165 1090 2396 1153 κάλλους
2445 1087 2737 1159 ῥητορείας
2778 1085 3064 1154 ἐχόμενος,
3096 1083 3210 1144 τοῖς
3249 1078 3489 1149 πρώτοις
3535 1065 3643 1128 τῶν
3690 1076 3750 1125 ὲν

2179 1180 2481 1250 Ἀντιοχείᾳ
2542 1177 2851 1249 προσφοιτᾷ
2912 1172 3226 1233 παιδευταῖς
3279 1169 3554 1239 (meam;
3600 1165 3645 1218 δ’
3680 1160 3750 1233 ἧν

2167 1274 2288 1326 τότε
2328 1274 2424 1325 καὶ
2478 1264 2912 1339 Ἀνδραγάθιος),
2954 1267 3140 1317 ἐκεῖνα
3199 1260 3528 1332 βραχυτάτῳ
3573 1256 3752 1326 χρόνῳ

2170 1361 2517 1433 συνειλοχὼς,
2547 1361 2583 1415 ἃ
2626 1361 2867 1430 μακραῖς
2904 1356 3055 1411 ,ἐτῶν
3090 1354 3183 1409 καὶ
3217 1351 3431 1404 νυκτῶν
3482 1348 3751 1418 περιόδοις

2172 1457 2332 1526 μόγις
2364 1454 2572 1524 ἑτέροις
2604 1450 2974 1519 συλλέγονται,
2998 1446 3189 1515 κριτὴς
3213 1444 3437 1513 ἄριστος
3461 1441 3572 1494 τῶν
3606 1456 3755 1493 νοου-

2172 1546 2348 1617 μένων
2387 1546 2722 1614 καθήμενος·
2756 1542 2854 1595 καὶ
2901 1542 3015 1601 τοῖς
3068 1537 3189 1606 μὲν,
3224 1536 3325 1588 ὅσα
3363 1530 3619 1603 χρειώδη,
3654 1530 3753 1597 τὴν

2168 1637 2349 1707 ψῆφον
2382 1636 2682 1705 ὲπικυρῶν,
2714 1635 2827 1694 τοῖς
2860 1631 2944 1695 δὲ,
2973 1632 3074 1683 ὅσα
3105 1626 3418 1699 ληρούντων
3456 1625 3489 1693 ἢ
3523 1639 3756 1693 χασμω-

2176 1726 2355 1794 μένων
2386 1723 2818 1796 μεμυθολὴητο,
2849 1719 3039 1791 μακρά
3075 1715 3657 1785 άποδιαπεμπόμενος.

472 1852 505 1916 ε,
559 1843 893 1914 nugantibus
947 1846 1041 1891 aut
1091 1833 1458 1891 oscitantibus
1509 1830 1761 1883 fabulose
1832 1822 2067 1879 conficta
2098 1814 2341 1881 fuerant.
2375 1818 2576 1886 jubens
2608 1817 2838 1869 multum
2873 1813 3072 1867 valere.

497 1951 504 1957 ’
544 1940 600 1991 4.
637 1936 762 1987 Post
792 1946 909 1993 eos,
946 1926 1203 1997 quoniam
1229 1923 1537 1977 satietatem
1563 1935 1673 1973 non
1709 1923 1921 1985 poterat
1967 1926 2063 1965 ea~

2235 1908 2296 1963 δ’.
2320 1909 2477 1963 Μετὰ
2506 1909 2749 1974 τούτους,
2776 1905 2963 1975 ἐπειδὴ
2990 1904 3152 1973 κόρον
3174 1903 3273 1956 οὐκ
3304 1897 3447 1955 οἶδεν
3475 1900 3619 1969 ἔχειν
3649 1899 3759 1966 φύ-

475 2045 605 2100 pere
645 2025 922 2096 ingenium
954 2060 968 2084 ,
1001 2018 1149 2090 quod
1183 2016 1473 2071 tenebatur
1504 2026 1690 2066 amore
1717 2004 2059 2074 contempla-

479 2096 642 2173 tionis
678 2114 963 2170 meliorum
987 2152 1001 2172 ,
1044 2108 1244 2177 migrat
1284 2104 1351 2157 ad
1405 2103 1718 2173 magistros,
1769 2096 1865 2167 qui
1901 2100 2059 2150 erant

476 2208 710 2265 Athenis
754 2213 931 2259 matre
976 2198 1261 2255 docti-inre.
1316 2195 1437 2261 Quo
1472 2195 1636 2248 etiam
1669 2194 1723 2243 in
1761 2188 1906 2252 loco,
1934 2199 2057 2239 eum

479 2316 601 2372 qum
621 2305 748 2353 sunt
787 2294 994 2364 optima
1026 2286 1393 2358 eapacissimo
1424 2283 1666 2352 ingenio,
1705 2278 1867 2333 citius
1895 2289 2060 2346 quam

479 2366 703 2462 spongia
731 2389 1038 2445 humorem,
1083 2378 1379 2440 hausisset,
1416 2381 1535 2429 erat
1564 2385 1775 2440 magna:
1799 2366 2060 2423 omnibus

481 2474 852 2537 admirationi.
886 2470 1052 2525 ‘lline
1099 2468 1369 2522 adversus
1414 2479 1537 2519 eum
1600 2462 1781 2516 locum
1829 2465 2062 2526 occupat

481 2572 687 2630 invidia
714 2610 729 2635 ,
759 2566 996 2624 excitata
1035 2559 1154 2631 ejus
1184 2558 1344 2613 bonis
1378 2553 1797 2612 excellentibus.
1841 2549 2061 2605 Modum

482 2676 663 2721 autem
699 2658 970 2730 significet
998 2653 1196 2718 oratio,
1233 2649 1449 2706 etiamsi
1498 2646 1735 2701 maxime
1765 2644 1942 2699 vitare
1969 2656 2062 2696 sa—

481 2758 729 2813 tietatem
763 2755 939 2802 curet.
974 2742 1302 2798 Anthemius
1318 2738 1580 2796 sacerdos
1609 2736 1831 2807 quidam
1858 2733 2060 2787 Miner-

479 2866 584 2914 vze,
626 2856 755 2899 tunc
804 2837 1035 2893 Athenis
1061 2837 1115 2889 in
1145 2841 1300 2888 tanta
1332 2830 1636 2886 habebatur
1675 2826 2059 2889 admiratione,

482 2939 726 2997 utetiam
759 2934 807 2988 ei
858 2924 1087 2985 fecerint
1112 2936 1374 2989 statuam,
1406 2938 1529 2993 qua:
1573 2934 1767 2975 omnes
1810 2917 2063 2972 trahebat

483 3033 552 3087 ad
587 3027 1030 3085 admirationem.
1056 3017 1164 3073 Sed
1201 3018 1246 3072 is
1279 3015 1500 3085 quidem
1535 3012 1854 3073 celebratus
1877 3008 2062 3064 evadit

483 3114 1108 3195 arrogantiaﬂoannes
1137 3118 1319 3163 autem
1379 3102 1801 3160 mansuetudine
1857 3110 1911 3158 et
1957 3101 2062 3155 hu-

485 3193 719 3269 militate
773 3216 827 3264 et
892 3201 1265 3261 moderatione
1337 3197 1586 3267 spiritus.
1644 3193 1884 3248 Veniunt
1948 3195 2062 3247 hzee

2168 2018 2271 2064 σις,
2302 2000 2533 2072 θεωρίας
2587 1998 2770 2070 ὁρῶσα
2801 1996 2910 2051 τῶν
2941 1995 3262 2065 ἀμεινόνων,
3317 1992 3408 2044 ἐπὶ
3436 1992 3561 2052 τοὺς
3590 1992 3650 2041 ἐν
3682 1992 3751 2057 τῇ

2169 2092 2337 2165 μητρὶ
2365 2092 2475 2145 τῶν
2524 2092 2699 2161 λόγων
2744 2092 2867 2153 cui;
2914 2088 3169 2157 Ἀθήναις
3223 2084 3583 2144 διδασκάλους
3623 2099 3755 2150 μετ-

2167 2184 2482 2239 αναστεύει·
2518 2182 2801 2239 κάνταῦθα
2830 2182 2900 2235 τὰ
2947 2180 3227 2241 κάλλιστα,
3274 2176 3352 2248 τῷ
3375 2175 3761 2243 δεκτικωτάτῳ

2166 2279 2263 2348 τῆς
2291 2277 2526 2345 φύσεως,
2556 2277 2750 2330 θᾶττον
2794 2275 2828 2346 ἦ
2852 2274 3091 2342 σπόγγος
3133 2271 3375 2342 ῥανίδας,
3404 2268 3757 2337 ἀνιμησάμεο

2167 2385 2276 2434 νος,
2304 2368 2392 2422 διά
2418 2366 2619 2420 πολλοῦ
2646 2366 2742 2420 τοῦ
2774 2365 3053 2436 θαύματος
3105 2362 3279 2417 ἅπασι
3339 2360 3577 2428 ἐγένετο.
3641 2358 3759 2411 Ἐν-

2167 2459 2359 2513 τεῦθεν
2414 2460 2599 2531 χώραν
2649 2460 2678 2511 ό
2724 2456 2917 2525 φθόνος
2977 2454 3101 2508 κατ’
3145 2452 3311 2507 αὑτοῦ
3352 2451 3642 2522 λαμϐάνει,
3677 2449 3760 2518 τῷ

2170 2554 2271 2605 ύπε
2281 2552 2559 2623 ρϐάλλοντι
2580 2550 2687 2603 τῶν
2705 2547 2886 2601 καλῶν
2908 2545 3001 2600 τοῦ
3028 2546 3222 2617 ἀνδρὸς
3234 2542 3754 2615 ἀναῤῥιπιζόμενος.

2167 2645 2420 2710 Δηλούτω
2446 2642 2503 2696 δὲ
2523 2643 2613 2695 τὸν
2632 2641 2833 2712 τρόπον
2857 2640 2886 2691 ὁ
2908 2639 3091 2707 λόγος,
3113 2638 3162 2690 εί
3196 2635 3401 2690 καὶτὸν
3434 2634 3597 2704 κόρον
3624 2633 3758 2701 φεύ-

2169 2753 2288 2804 γειν
2315 2734 2769 2806 διαπεφρόντικεν
2796 2732 2877 2785 ὅτι
2936 2730 3191 2800 μάλιστα.
3241 2726 3524 2794 ’Ᾱνθὲμιός
3558 2741 3643 2786 τις
3682 2725 3758 2775 is-

2173 2827 2299 2895 ρεὺς
2322 2821 2390 2895 ἦν
2435 2823 2687 2892 Ἀθηνᾶς,
2718 2822 2776 2884 ὃς
2814 2821 3075 2891 Ἀθήνῃσι
3097 2818 3219 2871 τότε
3252 2816 3507 2868 τοσοῦτον
3534 2814 3630 2865 ἐπὶ
3664 2829 3757 2865 σο·

2172 2920 2272 2989 φίᾳ
2332 2917 2691 2987 θαυμάζεται,
2747 2914 2887 2967 ὥστε
2928 2913 3023 2966 καὶ
3064 2909 3266 2979 στήλην
3315 2906 3466 2977 αὐτῷ
3520 2905 3758 2967 ποιοῦσι,

2170 3012 2379 3072 πάντας
2404 3011 2483 3071 τίς
2519 3008 2705 3078 θαῦμα
2736 3003 3125 3059 συνέλκουσαν.
3165 2999 3305 3053 Ἀλλ’
3322 2992 3476 3060 οὗτος
3497 2996 3596 3064 μὲν
3622 2996 3757 3050 ἀλα-

2172 3101 2352 3172 ζονείᾳ
2366 3100 2631 3171 λαμϐάνει
2661 3100 2722 3152 τὸ
2753 3116 2817 3151 πε
2829 3094 3369 3168 ριϐόητονοΊωάννης
3393 3091 3474 3153 δὲ,
3492 3089 3569 3158 τῷ
3597 3089 3763 3158 πράῳ

2172 3194 2268 3246 καλ⁸
2291 3193 2533 3263 ταπεινῷ
2556 3193 2648 3244 καὶ
2671 3191 2877 3261 μετρίῳ
2900 3188 2996 3241 τοῦ
3018 3188 3347 3256 πνεύματος.
3363 3184 3561 3236 Φθάνει
3586 3181 3763 3235 ταῦτα

487 3309 552 3361 a.|
610 3318 771 3358 aures
821 3293 1234 3356 Demosthenis,
1294 3290 1387 3360 qui
1443 3297 1562 3343 erat
1630 3288 1920 3356 praefectus
1974 3300 2067 3338 ur-

2174 3286 2291 3346 ταῖς
2324 3284 2517 3345 ἀκοαῖς
2566 3281 2940 3352 Δημοσθένους
2975 3278 3071 3330 τοῦ
3103 3277 3351 3347 ὑπάρχου
3383 3275 3483 3342 τῆς
3519 3273 3753 3334 πόλεως·

488 3398 604 3461 his;
640 3402 713 3455 et,
748 3397 805 3444 ut
831 3388 887 3442 fit
919 3388 974 3440 in
1006 3384 1174 3439 rebus
1196 3379 1490 3451 ejusmodi,
1524 3378 1742 3445 capitur
1771 3373 2068 3444 prmfeetus

489 3472 672 3541 amore
702 3478 936 3537 faciendi
972 3476 1434 3545 experimentum,
1478 3476 1535 3523 ut
1560 3473 1916 3536 cognosceret
1945 3477 2069 3517 eum

488 3580 580 3649 qui
634 3575 854 3631 excellit
908 3571 1131 3623 virtute.
1198 3565 1506 3632 Cougregat
1558 3574 1784 3621 omnes,
1844 3556 2071 3609 arcessit

489 3648 794 3731 Joannem;
835 3677 1000 3716 curru
1037 3674 1160 3715 eum
1210 3657 1491 3709 bonoraus
1529 3652 1684 3722 jubet
1737 3649 1943 3703 venire.
1980 3648 2073 3701 llle

492 3777 620 3815 vero
659 3759 762 3811 hoc
788 3754 1006 3825 quidem
1034 3758 1272 3809 recusat,
1303 3747 1451 3800 venit
1476 3755 1656 3799 autem
1680 3742 1795 3797 suis
1824 3741 2069 3811 pedibus.

496 3851 609 3904 lloc
643 3846 828 3907 emcit,
863 3854 917 3897 ut
957 3840 1157 3895 Joanni
1195 3838 1415 3907 quidem
1449 3841 1723 3889 cresceret
1751 3833 1926 3885 honor
1948 3846 2072 3883 cum

495 3938 883 3997 admiratione,
929 3943 983 3988 et
1034 3933 1086 3985 in
1139 3928 1307 4001 gradu
1352 3934 1403 3981 et
1455 3927 1506 3979 in
1544 3928 1749 3979 honore
1781 3920 2072 3984 cathedra,

493 4029 767 4084 Anthemii
816 4033 996 4079 autem
1044 4023 1372 4091 aperiretur,
1414 4032 1535 4083 quae
1582 4011 2070 4087 latebatpinvidia.

491 4124 627 4175 Nam
650 4136 771 4175 eum
803 4120 917 4187 ipse
947 4115 1173 4169 vidisset
1188 4113 1482 4169 honorem,
1511 4123 1669 4177 quem
1704 4106 1933 4173 adeptus
1959 4111 2074 4157 erat

493 4212 755 4271 Joannes,
786 4217 836 4263 et
861 4208 1003 4275 quod
1037 4207 1088 4258 in
1118 4202 1383 4257 cathedra
1407 4208 1553 4256 esset
1578 4199 1627 4253 ei
1651 4198 1922 4267 superior,
1946 4210 2072 4250 cum

496 4296 555 4356 sic
578 4316 689 4354 non
716 4306 899 4361 posset
931 4295 1164 4363 amplius
1192 4292 1497 4349 continere.
1524 4290 1637 4343 haec
1660 4288 1881 4357 quidem
1902 4288 2072 4340 dixit:

495 4390 750 4465 Civitatis
781 4400 960 4439 mores
992 4392 1141 4445 sunt,
1176 4390 1234 4435 ut
1266 4381 1446 4443 video,
1484 4377 1728 4431 iunovati
1767 4392 1783 4440 ;
1817 4390 1970 4430 novae
1995 4375 2075 4428 Ie-

496 4496 591 4549 gcs
627 4486 758 4534 sunt
796 4475 1090 4546 propositae
1121 4491 1136 4534 ς
1187 4487 1307 4541 quae
1358 4480 1487 4525 sunt
1540 4467 1914 4537 antiquorum,
1950 4480 2074 4534 quae

2173 3376 2286 3437 καὶ,
2318 3371 2406 3429 οἷα
2434 3374 2578 3443 φιλεῖ
2611 3377 2668 3426 ὲν
2714 3375 2824 3435 τοῖς
2856 3370 3143 3435 τοιούτοις,
3194 3370 3334 3438 ἔρως
3384 3368 3615 3421 ἀνάπτει
3668 3367 3765 3420 τὸν

2174 3468 2418 3538 ὕπαρχον
2441 3470 2606 3540 πείρᾳ
2646 3466 2847 3536 γνῶναι
2874 3458 2968 3518 τὸν
3019 3464 3449 3535 ὑπερϐάλλοντα.
3485 3460 3759 3529 Ἀθροίζει

2175 3563 2402 3626 πάντας,
2450 3562 2804 3632 προκαλεῖται
2842 3561 2933 3612 τὸν
2968 3560 3242 3627 Ἰωάννην,
3277 3558 3516 3628 ὀχήματι
3544 3555 3763 3608 κελεύει

2173 3656 2279 3707 τινὶ
2310 3653 2624 3723 ἀφικέσθαι.
2664 3655 2723 3705 '0
2746 3652 2802 3705 δὲ
2832 3651 2990 3704 τοῦτο
3043 3653 3394 3721 παραιτεῖται
3432 3649 3551 3719 μὲν,
3580 3666 3760 3719 παρα-

2173 3747 2381 3814 γίνεται
2419 3746 2475 3797 δὲ
2505 3746 2661 3821 ποσὶν
2685 3744 2854 3805 ἰδίοις.
2882 3741 3054 3794 Τοῦτο
3074 3741 3152 3811 τῷ
3175 3742 3274 3811 μὲν
3302 3740 3524 3810 Ἰωάννῃ
3551 3741 3649 3810 τὴν
3679 3756 3761 3791 τι·

2180 3838 2283 3907 μὴν
2312 3835 2449 3905 μετὰ
2503 3836 2781 3903 θαύματος
2814 3834 2955 3887 κατά
2988 3850 3046 3885 τε
3077 3833 3284 3903 βαθμὸν
3316 3834 3411 3884 καὶ
3444 3832 3598 3895 τάξιν
3628 3831 3756 3883 καθ·

2176 3932 2338 4000 ἐδρας
2375 3927 2727 3993 αὐξάνεσθαι,
2798 3925 3067 3995 Ἀνθεμίῳ
3127 3925 3183 3977 δὲ
3232 3925 3325 3977 τὸν
3370 3923 3762 3993 ὲμφωλεύοντα

2176 4020 2369 4089 φθόνον
2398 4016 2737 4087 γυμνοῦσθαι
2784 4014 3214 4086 παρασκευάζει.
3253 4014 3399 4067 Ἰδὼν
3444 4014 3552 4084 γὰρ
3601 4014 3764 4075 αὐτὸς

2175 4112 2267 4163 τδν
2296 4109 2549 4179 Ἰωάννην
2571 4110 2805 4178 λαχόντα
2830 4108 2996 4177 τιμὴν
3023 4108 3115 4159 καὶ
3157 4106 3219 4158 τὸ
3249 4107 3349 4159 ύπε
3361 4106 3630 4175 ρϐάθμιον
3656 4104 3759 4172 τῆς

2177 4202 2463 4272 καθέδρας,
2492 4203 2586 4255 καὶ
2623 4201 2821 4270 μηκέτι
2842 4200 3056 4265 στέγειν
3088 4192 3198 4261 οἷός
3224 4215 3280 4250 τε
3312 4197 3411 4263 ὢν,
3449 4198 3627 4249 τοιάδε
3664 4196 3765 4264 μὲν

2176 4296 2302 4364 ἔφη’
2337 4295 2803 4363 Κεκαινοτόμηται
2832 4293 2898 4346 τὰ
2953 4292 3050 4363 ἔθη
3096 4292 3207 4361 δρῶ
3229 4307 3241 4320 ·
3280 4292 3389 4344 νέοι
3424 4292 3577 4361 νόμοι
3629 4306 3767 4359 προ-

2175 4387 2478 4441 τὲθεινται·
2509 4389 2577 4439 τά
2606 4387 2716 4439 τῶν
2746 4385 3011 4456 ἀρχαίων,
3036 4384 3144 4436 τῶν
3175 4384 3377 4453 σοφῶν,
3423 4385 3531 4437 τῶν
3560 4382 3767 4435 ἑθάδων

2172 4479 2468 4549 προνόμια,
2504 4477 2694 4541 ξένοις,
2727 4477 2980 4542 ὲπήλισιν
3010 4473 3379 4527 ἀποδέδονται.
3406 4472 3674 4525 Λανθάνει
3704 4470 3765 4521 δὲ

498 4573 829 4642 sapientum,
878 4579 997 4635 quae
1045 4563 1396 4617 familiarium
1429 4559 1735 4630 privilegia,
1777 4574 1839 4612 ea
1873 4558 2067 4611 tradita

2179 4569 2267 4621 διὰ
2299 4569 2505 4621 τούτων
2531 4565 2963 4638 προσζημιώσας
2995 4566 3188 4620 ἑαυτὸν
3232 4565 3327 4617 καί¹
3354 4566 3451 4633 τῆς
3482 4564 3648 4616 πάλαι
3678 4579 3764 4614 τι-

498 4673 625 4721 sunt
655 4660 959 4731 hospitibus
987 4664 1039 4712 et
1068 4654 1314 4709 advenis.
1338 4651 1455 4706 Non
1484 4650 1869 4705 animadvertit
1894 4657 2075 4702 autem

498 4774 557 4813 se
584 4772 676 4826 per
711 4755 824 4808 hzrc
857 4753 1098 4820 seipsum
1133 4748 1301 4817 veteri
1329 4746 1538 4800 honore
1566 4744 1804 4813 privare,
1837 4757 1962 4796 cum
1990 4756 2078 4795 ve-

498 4851 670 4923 nisset
701 4845 960 4901 omnibus
1003 4844 1057 4896 in
1105 4841 1495 4911 su5picionem,
1529 4838 1672 4907 quod
1724 4837 1838 4891 haze
1880 4835 2079 4889 dixerit

500 4936 723 5006 propter
757 4933 1033 4988 invidiam.
1068 4930 1176 4985 llas
1198 4931 1323 4998 jure
1358 4943 1549 4997 pmnas
1585 4926 1653 4981 de
1688 4940 1753 4979 eo
1789 4926 1953 4981 sumit
1997 4926 2081 4979 in-

496 5027 804 5098 justissima
856 5024 1079 5087 invidia,
1123 5022 1267 5092 quod
1300 5036 1418 5075 eam
1453 5018 1721 5090 genuerit,
1759 5018 1808 5072 ei
1843 5016 2080 5071 reddens

498 5120 836 5174 alimentum.
866 5113 1001 5168 Vide
1058 5123 1238 5168 autem
1294 5127 1414 5182 quae
1472 5117 1906 5180 consequuntur.
1961 5105 2080 5177 Non

497 5204 787 5276 Oportebat
816 5212 887 5260 te,
922 5201 1100 5270 inquit
1130 5199 1439 5270 praefectus,
1465 5200 1555 5269 qui
1589 5198 1839 5267 tejactas
1866 5199 1932 5251 de
1959 5196 2082 5267 phi-

502 5293 775 5363 losophia,
838 5300 1099 5360 tanquam
1153 5304 1321 5343 unum
1368 5304 1434 5344 ex
1490 5291 1654 5360 vulgo
1701 5298 1793 5341 aut
1833 5304 1899 5341 ex
1928 5300 2080 5355 agro

501 5388 645 5443 feras
681 5394 989 5447 venantem,
1025 5395 1119 5438 aut
1154 5384 1391 5454 aliquem
1420 5400 1485 5438 ex
1525 5385 1591 5439 iis
1619 5384 1710 5453 qui
1743 5384 2083 5437 latrocinan-

499 5490 603 5545 tur,
648 5484 721 5534 ita
777 5483 1015 5534 clamare
1056 5488 1107 5533 et
1145 5478 1490 5532 tumultuari.
1526 5477 1660 5531 Nam
1711 5478 1881 5532 multa
1933 5486 2081 5541 sunt,

499 5581 724 5642 propter
770 5590 892 5642 qum
941 5572 1181 5627 Joannes
1225 5572 1425 5643 dignus
1469 5581 1551 5627 est
1596 5576 1689 5641 qui
1729 5571 2030 5625 horioretur
2069 5587 2082 5633 ;

498 5673 690 5730 nempe
715 5664 857 5731 quod
890 5672 960 5717 snt
1000 5665 1139 5718 filius
1197 5662 1455 5726 Secundi,
1481 5664 1660 5731 magni
1695 5662 1851 5717 ducis
1877 5665 2087 5717 exerci-

501 5756 610 5809 tus,
639 5760 691 5802 e'l
719 5754 865 5817 quod
884 5769 1052 5807 canos
1082 5756 1331 5809 homines
1360 5759 1700 5824 Superaverit
1732 5756 2075 5824 disviplinis;

502 5838 635 5907 quin
683 5840 846 5894 etiam
902 5848 1045 5910 quod
1092 5862 1119 5897 a
1166 5850 1323 5901 nobis
1357 5860 1586 5903 coaetus
1628 5850 1900 5918 acceperit
1943 5850 2085 5905 hunc

2184 4660 2312 4731 μῆς,
2344 4658 2707 4720 ὑποπτευθεὶς
2756 4659 2909 4727 παρὰ
2939 4658 3161 4709 πάντων
3210 4656 3298 4708 διὰ
3358 4654 3549 4724 φθόνον
3592 4653 3769 4707 ταῦτα

2180 4755 2370 4805 εἰπεῖν.
2406 4752 2591 4805 Ταῦτα
2650 4750 2803 4821 παρὰ
2850 4749 2943 4802 τοῦ
2985 4750 3320 4802 ἀδικωτάτου
3371 4747 3597 4807 δικαίως
3651 4749 3767 4799 είσν

2182 4845 2480 4915 πράττεται
2530 4842 2749 4910 φθόνου,
2780 4842 2877 4909 τῆς
2903 4842 3111 4904 οἰκείας
3154 4842 3318 4910 γονῆς
3358 4838 3769 4903 ἀπολαμϐάνων

2182 4935 2240 4987 τὸ
2270 4933 2655 5004 γηροτρόφων.
2695 4930 2885 5000 Ἀθρει
2920 4931 2984 4999 δὴ
3019 4932 3113 4982 καὶ
3140 4932 3207 4985 τὰ
3241 4930 3336 4983 ἐπὶ
3381 4928 3617 4991 τούτοις
3651 4931 3768 4981 ούκ

2184 5028 2288 5080 ἔδει
2322 5043 2403 5091 σε,
2429 5026 2591 5095 φησιν
2617 5025 2644 5076 ὁ
2667 5022 2931 5092 ὕπαρχος,
2962 5017 3006 5075 ὦ
3047 5021 3317 5088 Ἀνθέμιε,
3355 5019 3645 5091 φιλοσοφίᾳ
3673 5036 3770 5089 με-

2185 5115 2459 5186 γαλαυχού
2471 5131 2648 5183 μενον,
2670 5112 2860 5181 ὥσπερ
2890 5113 2985 5165 ἕνα
3015 5113 3123 5165 τῶν
3140 5115 3202 5165 ὲκ
3230 5113 3324 5165 τοῦ
3355 5113 3552 5181 δήμου,
3591 5112 3621 5178 ἢ
3656 5110 3769 5161 τῶν

2186 5212 2241 5262 ὲν
2261 5208 2416 5279 ἀγρῷ
2442 5208 2568 5269 τοὺς
2586 5206 2759 5276 θῆρας
2790 5204 3051 5273 ὲλόντα,ἣ
3081 5206 3186 5256 τῶν
3206 5204 3639 5275 λῃστευομὲνων,
3669 5205 3767 5254 ού-

2187 5301 2320 5353 τωσὶ
2349 5299 2441 5369 βοῇ
2474 5302 2567 5350 καὶ
2585 5296 2798 5367 θορύϐῳ
2834 5295 3215 5349 διακυκᾶσθαι.
3252 5297 3429 5349 Πολλὰ
3458 5297 3585 5365 γάρ,
3619 5290 3699 5358 οἷς
3740 5296 3770 5347 ὁ

2201 5391 2450 5458 Ἰωάννης
2490 5388 2751 5457 τιμᾶσθαι
2797 5387 3135 5455 καθέστηκεν
3157 5387 3323 5452 ἄξιος,
3361 5389 3442 5440 ὃτι
3472 5387 3770 5439 Σεκούνδου

2187 5481 2279 5536 τοῦ
2349 5480 2586 5549 μεγάλου
2637 5480 3011 5549 στρατηλάτου
3069 5479 3204 5542 υἱὸς,
3258 5480 3338 5530 ὅτι
3375 5478 3507 5541 τοὺς
3547 5478 3770 5539 πολιοὺς

2190 5572 2582 5643 ὑπερηκόντισε
2638 5573 2751 5633 τοῖς
2806 5570 3144 5641 μαθήμασιν,
3187 5571 3302 5624 ἀλλ’
3351 5570 3431 5622 ὅτι
3489 5570 3584 5622 καὶ
3626 5570 3768 5638 ἠμε-

2188 5667 2373 5737 τὲραις
2396 5668 2657 5733 ἀνάγκαις
2675 5665 2740 5719 τά
2764 5665 2860 5733 τῆς
2879 5665 3045 5734 τιμῆς
3072 5662 3424 5727 κατεδέξατο*
3456 5664 3551 5716 καὶ
3574 5664 3680 5733 πρό
3706 5679 3771 5729 γε

2191 5762 2407 5812 πάντων
2456 5755 2986 5828 ἡταπειαοφρςσῦνη
3046 5754 3251 5808 τούτων
3297 5755 3443 5823 αὐτῷ
3473 5755 3620 5807 αἰτία
3675 5756 3770 5807 καὶ

2193 5853 2469 5923 πρόξενος,
2505 5849 2667 5902 Ἀλλά
2699 5849 2870 5901 ταῦτα
2898 5849 2992 5917 μὲν
3022 5848 3049 5899 ό
3076 5847 3339 5918 ὕπαρχος.
3364 5848 3425 5899 Τί
3454 5848 3504 5899 δὲ
3528 5848 3555 5898 ὁ
3592 5846 3775 5898 Ἰωάνα
