4084 6440
352 349 463 413 23]

350 556 868 626 ὑπεραπολογεῖται,
903 552 983 620 οἷς
1029 560 1312 631 Ἀνθέμιος
1337 566 1675 637 ἐπετίμησεν
1698 586 1712 600 ·
1744 571 1937 627 ἔπειτα

348 650 447 714 τῆς
476 646 651 715 Ἰησοῦ
682 648 1005 717 μαθητείας,
1035 652 1129 703 καὶ
1153 645 1235 715 οἷς
1258 654 1442 725 ἐκείνη
1474 659 1937 727 παρρησιάζεται,

348 737 437 789 διὰ
468 735 718 806 βραχέων
751 739 914 791 αὐτὸν
943 740 1063 792 ὅλον
1086 735 1227 795 εἶναι
1256 745 1604 815 παραδηλῶν,
1621 751 1933 821 ἐπικροτεῐ-

352 846 438 881 ται
470 830 619 898 παρὰ
647 829 887 886 πάντων.
913 831 1024 885 Καὶ
1050 827 1121 903 ἧν
1152 833 1277 887 ίδείν
1310 835 1388 906 τῷ
1422 836 1549 906 ὕψει
1598 840 1710 894 τῶν
1764 843 1938 913 λόγων

364 919 635 985 Ἰωάννου.
659 926 724 995 τῇ
748 922 1049 997 ἐπιλάμψαι
1070 926 1165 982 τοῦ
1205 929 1365 999 άγίου
1395 932 1937 1005 συνεξαστράπτοντα

351 1015 668 1086 Πνεύματος
694 1034 707 1046 ·
741 1016 883 1071 ὥστε
918 1020 1093 1073 είπεῖν
1124 1021 1337 1091 ὁρῶντα
1356 1023 1446 1077 τὸν
1469 1023 1739 1097 ὕπαρχον,
1781 1028 1939 1099 ’Δλη-

348 1107 460 1170 θῶς
488 1109 586 1177 τῆς
614 1108 886 1179 Ἐλλήνων
912 1112 1162 1175 παιδείας
1186 1113 1219 1182 ἡ
1251 1115 1593 1184 Χριστιανῶν
1616 1116 1937 1173 διδασκαλία

350 1197 908 1273 πάπαᾉὰσύμφωνος,
948 1201 1054 1254 τῶν
1108 1203 1209 1273 μὲν
1250 1204 1711 1277 δοξομανούντων,
1744 1210 1855 1263 τῶν
1879 1212 1938 1263 δὲ

348 1290 446 1360 τὴν
461 1291 713 1345 ὲναντίαν
748 1293 983 1359 ἐκείνων,
1004 1296 1405 1365 πορευομένων.
1456 1301 1937 1372 Συνεπιλαμϐάνε-

349 1395 439 1433 ται
462 1380 673 1445 τούτοις
700 1383 730 1435 6
770 1382 1043 1453 Ἰωάννης,
1080 1387 1172 1439 καὶ
1203 1388 1281 1459 τῷ
1321 1389 1494 1454 ζέοντι
1524 1392 1618 1445 τοῦ
1657 1393 1937 1460 κινοῦντος

352 1470 693 1540 Ηνεύματος,
738 1474 975 1545 δημοσίᾳ
1024 1478 1459 1549 παρρησιάζεται
1490 1482 1589 1553 τὴν
1629 1484 1935 1555 εὐσέϐειαν,

353 1562 658 1632 στηλιτεύει
698 1564 766 1617 τὰ
824 1566 1116 1637 Ἐλλήνων,
1169 1570 1424 1634 καὶτοὺς
1469 1573 1650 1627 αὐτῶν
1696 1575 1854 1640 θεούς
1875 1594 1937 1630 τε

349 1654 445 1706 καὶ
477 1653 759 1721 δαίμονας,
784 1658 998 1728 Κρόνῳ,
1032 1660 1126 1713 καὶ
1156 1662 1374 1726 Διὶ,καὶ
1404 1663 1602 1735 Ἀθηνᾷ
1627 1668 1723 1719 καὶ
1751 1667 1938 1720 Ἀπόλ-

348 1744 498 1811 λωνι,
540 1749 634 1801 καὶ
666 1748 745 1819 τῷ
782 1751 955 1822 λοιπῷ
1004 1753 1115 1805 τῶν
1154 1754 1427 1823 Ἑλλήνων
1495 1756 1634 1812 θεῶν
1680 1760 1933 1831 ὁρμαθῷ,

345 1837 596 1906 ἑρπετῶν
629 1856 686 1892 τε
718 1840 812 1893 καὶ
870 1841 1074 1912 θηρῶν,
1132 1846 1227 1898 καὶ
1254 1845 1360 1898 τῶν
1390 1847 1567 1901 ἄλλων
1621 1851 1934 1917 κνωδάλων,

345 1928 443 2015 τὴν
473 1930 677 1999 στήλην
702 1926 859 1997 ἀξίαν
896 1934 1002 1987 τῶν
1051 1936 1363 2007 σεϐομένων
1407 1944 1932 2015 παραστησάμενος,

342 2013 420 2074 ὧν
451 2022 545 2073 καὶ
574 2023 624 2074 οί
656 2022 805 2092 λόγοι
841 2025 1059 2096 (λέγων)
1109 2028 1201 2080 τὸν
1241 2030 1437 2101 αίθέρα
1475 2013 1788 2102 μολύνουσι.
1869 2013 1935 2092 Τί

344 2112 465 2175 ἔτι;
526 2114 587 2166 τὸ
646 2115 896 2183 ἀληθινὸν
952 2119 1067 2184 φῶς
1115 2121 1440 2190 προστίθησι
1498 2124 1785 2193 κηρύττων
1836 2130 1935 2198 τῆς

344 2205 509 2273 ἁγίας
530 2206 787 2277 Τριάδος,
814 2209 912 2278 τῆς
939 2212 995 2263 ὲν
1026 2212 1200 2283 Πατρὶ
1217 2215 1310 2266 καὶ
1335 2215 1450 2284 Υἱῷ
1471 2218 1566 2270 καὶ
1594 2219 1733 2289 ἁγίῳ
1759 2221 1932 2274 Πνεύ-

344 2313 500 2366 ματι,
536 2300 600 2367 τῇ
645 2300 744 2369 μιᾷ
799 2299 1016 2371 θεότητι
1067 2306 1513 2373 τρισυποστάτως
1543 2310 1638 2362 καὶ
1681 2312 1934 2382 ἀνάρχως

343 2386 438 2439 καὶ
470 2386 658 2450 ἀϊδίως
680 2388 1065 2460 θεωρουμένης
1092 2394 1585 2465 τοῖςΧριστιανοίς,
1635 2401 1732 2453 καί⁵
1759 2418 1932 2471 προσ-

342 2479 703 2550 κυνουμένης.
763 2480 948 2533 Ταῦτα
1018 2483 1118 2552 μὲν
1187 2487 1215 2538 6
1274 2486 1541 2559 Ἰωάννης.
1622 2491 1931 2563 Ἐχάρησαν

340 2565 454 2633 οὖν,
493 2572 621 2635 ὅσος
650 2572 751 2640 τῆς
782 2574 891 2627 τῶν
928 2576 1268 2645 Χριστιανῶν
1310 2579 1509 2650 μοίρας
1541 2582 1729 2652 ὅμιλος
1754 2602 1768 2616 θ
1807 2586 1932 2648 ὅσος

337 2661 398 2715 δὲ
425 2663 454 2715 6
478 2661 587 2715 τῶν
621 2662 910 2734 Ἑλλήνων,
955 2668 1136 2737 ἀηδῶς
1162 2668 1341 2739 ἔσχον,
1373 2672 1748 2745 ὠργίσθησαν.
1783 2677 1930 2747 Βρα-

340 2752 440 2820 χὺς
468 2754 498 2805 6
535 2752 713 2821 λόγος,
760 2756 853 2808 καὶ
886 2758 914 2809 6
938 2756 1185 2829 ὕπαρχος
1217 2761 1590 2829 συναπάγεται
1610 2804 1625 2828 ,
1658 2767 1930 2833 παύεσθαι

339 2841 449 2895 τῶν
469 2842 610 2897 θεῶν
634 2845 926 2914 κωμῳδίας
948 2847 1024 2917 τῷ
1042 2849 1263 2920 Ἰωάννῃ
1285 2852 1730 2925 ἐγκελευόμενος.
1762 2860 1930 2929 Χῶρα

340 2934 435 2986 τοῦ
476 2934 656 3018 λέγειν
717 2936 985 3007 Ἀνθεμίῳ
1040 2940 1225 2995 πάλιν.
1269 2943 1376 2998 Καὶ
1430 2945 1625 3016 πρῶτα
1659 2949 1759 3018 μὲν
1804 2953 1931 3014 τοὺς

344 3022 532 3087 θῶπας
588 3016 697 3077 ’ῖῶν
726 3025 905 3094 λόγων,
960 3033 1191 3099 καταχεῖ
1226 3032 1303 3102 τῷ
1334 3035 1607 3106 ὑπάρχῳηο
1651 3016 1929 3110 άδολεσχεῖ

1035 354 1318 416 ORATIO
1358 359 1579 422 XVIII.
1609 382 1680 402 --
1707 366 2094 431 LAUDATIO
2125 374 2184 434 S.
2212 376 2454 441 JOANN
2464 383 2535 441 IS
2565 385 2970 452 CHRYSOS'I‘.

349 484 414 533 νη
468 482 482 529 ς
514 461 608 532 Τῷ
635 463 795 535 πράῳ
826 463 886 516 τὸ
930 465 1138 521 δίκαιον
1164 472 1560 542 κερασάμενος,
1593 477 1810 546 πρῶτον
1839 480 1937 550 μὲν
1963 481 2017 540 Λ
2043 486 2304 545 honorem

3529 400 3635 464 234

2353 509 2367 556 ς
2417 501 2472 548 et
2511 505 2640 551 ante
2683 512 2888 565 omnia,
2921 500 3209 560 humilitas
3226 494 3314 563 est
3344 507 3392 565 ci
3439 510 3632 567 horum

2040 591 2206 633 causa
2239 589 2292 634 ct
2331 586 2699 640 conciliatrix.
2756 589 2861 644 Sed
2909 592 3022 647 haec
3057 596 3277 664 quidem
3319 602 3629 668 praelectus.

2040 666 2182 732 Quid
2211 686 2341 726 vero
2386 671 2674 732 Joannes?
2718 678 3142 738 Mansuetudine
3184 666 3497 757 temperans
3536 695 3629 763 ju-

2041 759 2271 823 stitiam,
2327 765 2563 831 primttm
2611 769 2833 835 quidem
2898 777 3193 843 respondet
3243 780 3331 844 iis,
3409 759 3548 850 utne
3582 786 3630 840 ei

2038 847 2242 920 objecit
2260 854 2584 914 Anthemius
2616 878 2628 925 ;
2665 861 2861 918 deinde
2891 881 2950 920 se
2994 865 3121 922 Jesu
3156 847 3458 941 disciplinae
3474 883 3527 928 et
3563 876 3629 941 iis

2039 954 2162 1008 qua:
2207 943 2298 998 illa
2346 946 2515 1004 libere
2559 952 2866 1021 proﬁtetur,
2904 971 2964 1012 se
3006 966 3181 1013 totum
3227 978 3349 1017 esse
3380 964 3625 1020 deditum

2040 1032 2232 1102 paucis
2268 1036 2585 1104 ostendens,
2612 1044 2857 1098 onmimn
2886 1047 3079 1115 plausu
3113 1053 3434 1121 suscipitur.
3474 1055 3627 1113 Lice—

2042 1124 2245 1195 batque
2291 1129 2476 1186 videre
2498 1133 2699 1200 oculis,
2736 1138 3041 1193 orationem
3087 1140 3317 1197 Joannis
3346 1146 3627 1203 refulsisch

2042 1216 2442 1275 illuminalione
2478 1226 2656 1279 sancti
2698 1224 2960 1297 Spiritus,
3014 1232 3150 1287 adeo
3193 1242 3249 1289 ut
3283 1236 3489 1292 diceret
3525 1239 3625 1294 huc

2043 1308 2235 1364 videns
2260 1312 2413 1367 urbis
2442 1315 2731 1382 praefectus
2758 1334 2770 1368 ε
2804 1318 3012 1374 Revera
3040 1322 3355 1380 (ἔκρουε-οη]
3379 1327 3626 1399 discipli-

2040 1413 2124 1452 na:
2152 1413 2276 1454 cum
2321 1400 2569 1458 doctrina
2596 1406 3033 1464 Christianorum
3065 1414 3199 1467 nihil
3242 1417 3465 1471 omnino
3493 1412 3625 1474 con-
3696 1410 3697 1413 “

2039 1490 2240 1555 venit;
2293 1507 2420 1548 cum
2474 1496 2551 1549 illi
2610 1499 2832 1567 quidem
2887 1501 3137 1557 laborent
3182 1507 3378 1561 insana
3442 1509 3625 1578 gloria:

2039 1583 2367 1651 cupiditate,
2393 1586 2444 1640 hi
2474 1597 2658 1644 autem
2689 1592 3064 1662 ingrediantur
3084 1597 3167 1650 via
3191 1598 3298 1653 illis
3324 1592 3622 1657 contraria.

2042 1673 2171 1728 Post
2206 1675 2320 1730 haec
2345 1680 2598 1748 sequitur
2618 1680 2882 1747 Joannes,
2912 1694 2964 1739 et
2985 1688 3180 1743 ardore
3204 1692 3474 1747 moventis
3500 1709 3624 1748 cum

2042 1764 2301 1835 Spiritus,
2337 1772 2554 1839 publice
2581 1773 2749 1829 libere
2776 1777 3063 1844 profitetur
3086 1780 3370 1847 pietatem;
3412 1783 3463 1835 in
3488 1800 3623 1853 gen-

2041 1867 2122 1911 tes
2156 1858 2429 1913 invehitur
2453 1902 2467 1926 ,
2498 1877 2807 1937 eorumque
2833 1864 2966 1923 deos
3010 1879 3063 1923 et
3108 1870 3404 1936 daemones,
3434 1872 3624 1926 Satur-

2038 1965 2189 2015 num,
2252 1959 2305 2005 et
2352 1950 2561 2016 Jovem,
2609 1963 2664 2009 et
2709 1955 3004 2012 Minervam
3031 1999 3046 2023 ,
3112 1971 3165 2016 et
3205 1962 3533 2031 Apollinem,
3568 1974 3621 2020 et

2037 2040 2303 2110 reliquam
2323 2043 2549 2098 deorum
2573 2047 2858 2115 gentilium
2890 2050 3113 2115 seriem,
3143 2062 3538 2123 serpentesque
3569 2067 3621 2109 et

2037 2131 2268 2199 bestias,
2302 2150 2425 2203 qu:e
2458 2138 2525 2191 ab
2561 2139 2642 2193 eis
2669 2139 2949 2206 coluntur,
2984 2144 3072 2213 qui
3120 2146 3200 2198 eis
3239 2145 3488 2211 debetur,
3524 2148 3622 2201 ho-

2037 2237 2169 2279 nere
2225 2224 2515 2281 adiciens:
2574 2228 2643 2283 de
2694 2230 2892 2297 quibus
2945 2232 2979 2285 ii
3019 2234 3180 2288 etiam
3221 2238 3315 2305 qui
3348 2237 3621 2291 habentur

2035 2330 2340 2379 sermones,
2371 2319 2573 2384 aiebat,
2607 2321 2810 2375 aethera
2842 2322 3107 2379 inliciunt.
3144 2327 3287 2392 Quid
3313 2330 3618 2397 przeterea?

2037 2405 2234 2462 Veram
2260 2409 2423 2463 etiam
2457 2412 2631 2465 lucem
2662 2414 2841 2481 pergit
2878 2416 3173 2483 praadicare
3202 2427 3403 2473 sanctae
3432 2418 3618 2473 Trini-

2036 2503 2187 2564 tatis,
2216 2516 2338 2569 qna:
2373 2501 2425 2554 in
2445 2500 2681 2557 Patre'et
2700 2502 2840 2559 Filio
2872 2518 2925 2560 et
2961 2518 3152 2561 sancto
3184 2509 3390 2578 Spiritu
3424 2512 3477 2566 in
3511 2527 3617 2564 una

2035 2586 2322 2644 divinitate
2343 2601 2398 2645 et
2432 2591 2609 2647 tribus
2638 2594 2914 2661 personis,
2945 2597 3064 2652 sine
3090 2598 3357 2668 principio
3384 2611 3433 2653 et
3472 2616 3617 2655 sem-

2037 2679 2267 2748 piterne,
2316 2696 2345 2733 a
2376 2681 2711 2739 Christianis
2762 2688 3229 2755 contemplatione
3279 2692 3523 2744 cernitur
3562 2680 3618 2746 et

2036 2771 2314 2825 adoratur.
2349 2770 2471 2827 Haec
2509 2775 2728 2843 quidem
2773 2774 3036 2832 Joannes.
3072 2777 3274 2833 chtata
3306 2789 3390 2835 est
3435 2792 3615 2837 autem

2036 2862 2291 2917 universa
2334 2865 2515 2928 turba,
2558 2880 2680 2935 qua:
2730 2868 3062 2936 sequebatur
3114 2879 3300 2939 partes
3347 2872 3552 2928 Christi
3599 2892 3613 2939 ;

2034 2953 2226 3010 dolore
2250 2965 2431 3009 autem
2455 2956 2634 3011 οπεοιὶ
2663 2959 2914 3027 gentiles,
2948 2960 3026 3014 ira
3057 2960 3271 3017 fuerunt
3300 2965 3513 3033 perciti.
3551 2966 3617 3019 l.'t

2036 3046 2225 3115 paucis
2275 3048 2599 3112 absolvam,
2644 3066 2752 3104 una
2802 3066 2926 3105 cum
2978 3052 3060 3107 eis
3106 3064 3352 3108 movetur
3400 3072 3616 3126 quoque

342 3113 420 3179 δὲ,
454 3115 643 3184 μακρὰ
676 3132 798 3169 τινα
822 3117 963 3171 κατά
990 3135 1049 3171 τε
1094 3120 1344 3174 Ἰωάννου
1386 3123 1483 3178 καὶ
1529 3126 1630 3194 τῆς
1662 3128 1802 3198 ὑπὲρ
1832 3130 1928 3182 αὑ-

2036 3113 2345 3207 prtrfectus,
2376 3140 2576 3209 iubens
2598 3140 2864 3196 Joannem
2888 3158 3107 3199 cessare
3142 3144 3273 3199 deos
3323 3148 3613 3202 ludiﬁcati.

341 3205 436 3259 τοῦ
468 3206 762 3277 θρησκείας
797 3210 978 3262 ἐκεῖνα
1008 3209 1493 3284 λεσχηνευόμενος,
1541 3218 1642 3271 ὅσα
1665 3219 1742 3289 τῷ
1792 3221 1928 3291 θρη-

345 3301 546 3368 σκιυτῇ
566 3298 677 3351 τῶν
705 3301 960 3356 τοιούτων
984 3304 1152 3369 εἰκὸς,
1181 3304 1356 3372 οὕτως
1381 3305 1562 3364 εἶπεν.
1588 3312 1733 3364 Ἀλλ’
1751 3315 1799 3365 οί
1826 3314 1925 3383 βα-

346 3386 670 3454 σιλεύοντες,
701 3392 906 3461 ἀντέφη
946 3395 975 3446 6
1009 3393 1276 3465 ὕπαρχος,
1305 3399 1399 3467 ἀφ’
1429 3394 1493 3454 οὗ
1546 3402 1771 3475 Χριστῷ
1802 3420 1928 3457 συν-

344 3480 621 3546 ιτὰξαντο,
637 3482 827 3554 ὑψώθη
856 3484 926 3537 τὰ
954 3486 1054 3555 τῆς
1080 3486 1359 3556 βασιλείας
1389 3492 1588 3557 αὐτῶν,
1606 3495 1925 3567 ἁπανταχοῦ

341 3572 452 3625 τῶν
486 3574 832 3644 Χριστιανῶν
893 3576 1188 3634 ἐπιδόντων
1242 3582 1324 3646 είς
1368 3583 1603 3651 πλάτος·
1656 3585 1738 3651 οἷς
1769 3591 1926 3659 κάγὼ

344 3662 721 3735 κεκοινώνηκα
748 3667 844 3723 καὶ
866 3670 947 3734 είς
976 3670 1037 3725 τὸ
1069 3669 1290 3745 δεῖγμα.
1327 3676 1494 3730 Πάλιν
1525 3676 1619 3732 οὖν
1662 3679 1926 3752 Ἀνθεμίῳ

340 3753 549 3808 τούτων
581 3758 877 3814 ἀκούσαντι
906 3764 1083 3833 κημὸς
1118 3766 1213 3819 καὶ
1242 3769 1538 3837 κατήφεια.
1570 3771 1682 3824 Καὶ
1713 3771 1924 3842 δέχεται

342 3848 435 3901 τὸν
462 3847 667 3917 λόγονο
697 3852 969 3923 Ἰωάννης,
1001 3854 1282 3910 καὶταῦτα
1313 3860 1688 3928 πρῖστίθησιν·
1729 3863 1924 3932 Ἀψευ-

338 3940 458 4008 δὴς,
495 3940 691 4008 λέγων,
723 3938 769 3995 ὦ
802 3943 1017 4015 ἄνδρες,
1050 3949 1079 4000 6
1107 3947 1374 4019 ὕπαρχος.
1431 3954 1508 4004 Οὐ
1540 3953 1649 4022 γάρ
1678 3955 1763 4016 τίς
1810 3960 1925 4009 ἐστι

337 4031 505 4093 τόπος
536 4034 635 4085 ἀπ’
660 4034 846 4105 ἄκρων
883 4036 988 4101 ἕως
1009 4039 1182 4110 ἄκρου
1210 4044 1310 4110 τῆς
1335 4044 1681 4114 οἰκουμένης,
1708 4040 1768 4099 οὗ
1792 4049 1925 4118 Χρι-

340 4125 468 4187 στὸς
501 4126 566 4183 οὐ
598 4129 826 4194 τιμᾶται
857 4129 952 4182 καὶ
993 4131 1232 4186 σέϐεται.
1265 4136 1380 4188 Καὶ
1406 4135 1460 4187 εί
1488 4153 1575 4199 τις
1622 4138 1926 4205 φιλοπονῶν

343 4213 517 4266 ἐθέλοι
550 4216 760 4283 μαθεῖν,
789 4218 921 4272 ἴστω
950 4220 1016 4273 τὰ
1041 4222 1167 4291 περὶ
1187 4222 1296 4276 τῶν
1327 4226 1383 4277 ἐν
1413 4226 1768 4298 Ἰερουσαλὴμ
1794 4230 1927 4283 ἀπο·

346 4308 756 4377 σκιρτησάντων
793 4311 1084 4377 Ἰουδαίων,
1115 4316 1261 4378 ὅπως
1303 4318 1441 4386 μετὰ
1479 4317 1675 4388 τῆν’ὲκ
1717 4322 1927 4390 νεκρῶν

344 4398 583 4467 Χριστοῦ
643 4401 961 4468 ἀναϐίωσιν,
997 4404 1076 4476 τῷ
1142 4404 1430 4474 Ῥωμαίων
1480 4409 1925 4481 πολιορκούμενοι

342 4489 549 4559 δόρατι,
575 4493 654 4555 εἰς
682 4493 933 4547 τοσοῦτον
957 4495 1270 4560 στενώσεως
1300 4494 1486 4567 ἦλθον,
1535 4498 1676 4552 ὥστε
1705 4502 1804 4563 τὰς
1819 4503 1928 4555 τῶν
1964 4495 2004 4549 Ι)

349 4581 495 4635 ἰδίων
514 4585 722 4653 νηπίων
752 4585 960 4653 σάρκας
983 4587 1104 4640 ἀντὶ
1119 4588 1225 4640 τῶν
1243 4589 1425 4659 ἄρτων
1442 4594 1655 4658 φαγεῖν.
1673 4592 1930 4647 Οίτοίνυν

342 4674 471 4741 ἐμοὶ
520 4673 852 4743 πειθόμενοι,
886 4678 994 4731 ἰδοὺ
1020 4680 1047 4730 6
1069 4678 1390 4742 ἐπίσκοπος,
1427 4681 1756 4750 προσέλθετε
1790 4686 1930 4755 πρὸς

338 4765 528 4832 αὑτὸν,
549 4765 644 4818 καὶ
672 4767 1029 4836 βαπτίσθητε.
1068 4769 1286 4841 Ἐπειδὴ
1315 4772 1372 4824 δέ
1398 4788 1483 4836 τις
1513 4773 1589 4844 τῷ
1624 4774 1754 4845 θείῳ
1778 4777 1928 4846 ζήλῳ

344 4854 439 4908 καὶ
461 4852 627 4920 φάϐος
650 4854 877 4908 ἔπεσθαι
908 4856 1138 4924 πέφυκε,
1176 4858 1332 4927 φοϐεῖ
1364 4863 1457 4914 καὶ
1488 4863 1713 4927 τούτους
1762 4867 1925 4928 αὐτὸς

339 4948 371 4997 6
416 4945 687 5017 Ἰωάννης.
725 4944 820 5009 Οἷς
847 4950 952 5018 γὰρ
985 4950 1046 5003 τὸ
1080 4952 1420 5020 ρᾳστωνεῦον
1454 4955 1554 5023 τῆς
1587 4957 1816 5026 γνώμης
1848 4958 1928 5029 τῷ

342 5040 530 5108 χαύνῳ
558 5039 928 5109 πολιορκεῖται
958 5045 1293 5112 φρονήματι,
1328 5046 1491 5099 καλὸν
1530 5050 1620 5101 καὶ
1653 5049 1930 5120 ὠφέλιμον

344 5134 378 5201 ἡ
412 5132 509 5185 τοῦ
544 5133 712 5201 φόϐου
752 5135 1100 5205 παρέστηκεν
1135 5139 1513 5209 ἀνθυποφορά.
1557 5142 1718 5194 Φοϐεἶ
1746 5144 1928 5197 τοίνυν

343 5226 542 5288 αὐτοὺς
573 5227 601 5279 ὀ
630 5226 879 5297 ζηλωτὴς
916 5231 1132 5292 ἐκεῖνος
1178 5230 1390 5293 Ἠλίας,
1421 5233 1471 5284 τί
1500 5232 1713 5301 λέγων;
1749 5236 1810 5288 Εἰ
1854 5236 1927 5306 μὴ

344 5316 604 5369 πείθεσθε
660 5336 750 5386 μοι
794 5319 864 5372 τὰ
899 5319 1077 5383 ζῶντα
1118 5323 1578 5392 συμϐουλεύοντι,
1636 5327 1745 5381 ἰδοὺ
1797 5329 1928 5381 ἀνα.

340 5403 500 5473 φέρω
540 5408 651 5468 τοῖς
687 5406 989 5476 βασιλεῦσι,
1032 5411 1122 5465 καὶ
1176 5416 1489 5485 παραυτίκα
1544 5417 1928 5472 ἀποθανεῖσθε.

341 5496 629 5569 Κρείσσων
683 5500 794 5570 γὰρ
849 5500 1076 5565 θάνατος
1129 5503 1277 5574 ζωῆς
1346 5507 1778 5579 βλασφημούσης
1838 5511 1928 5565 τὸν

340 5590 633 5661 ζφοδύεην,
675 5593 1129 5665 ἀναισθητότερόν
1169 5616 1228 5650 τε
1265 5600 1568 5653 διακεῖσθαι
1611 5601 1789 5654 κυνῶν
1833 5602 1930 5654 καὶ

344 5682 615 5736 πετεινῶν
655 5687 751 5737 καὶ
780 5686 1007 5755 θηρίων,
1040 5689 1076 5741 ἃ
1122 5694 1233 5751 τοῖς
1288 5693 1552 5761 ἡμεροῦσι
1605 5694 1698 5746 καὶ
1741 5695 1928 5747 τιθασ-

343 5774 597 5835 σεύουσιν
632 5776 929 5830 ὑπείκοντα
980 5780 1239 5835 τέθεικεν.
1288 5782 1374 5832 Ἑν
1419 5782 1624 5845 τούτοις
1676 5783 1921 5838 Ἰωάννου

345 5866 886 5940 παρρησιαζομένου,
923 5870 1201 5941 ’Λνθέμιος
1227 5872 1609 5926 ἀντανίσταται
1645 5874 1742 5945 μὲν
1774 5877 1912 5929 κατὰ

2035 3228 2327 3284 Anthemio
2364 3244 2557 3286 rursus
2604 3230 2765 3285 datus
2811 3239 2897 3285 est
2935 3232 3151 3287 dicendi
3201 3234 3374 3288 locus.
3413 3232 3475 3287 Et
3503 3236 3615 3303 pri-

2037 3334 2184 3372 mum
2212 3320 2432 3386 quidem
2463 3335 2522 3376 se
2574 3320 2789 3377 blandis
2818 3322 3002 3378 verbis
3039 3324 3281 3376 insinuat
3316 3323 3569 3393 praefecto
3598 3342 3611 3388 ;

2035 3410 2192 3465 valde
2226 3419 2406 3467 autem
2431 3419 2486 3466 et
2518 3413 2727 3481 prolixe
2762 3424 3001 3482 nugatur
3024 3415 3077 3467 in
3118 3410 3382 3469 Joannem
3412 3423 3466 3470 et
3492 3415 3614 3484 ejus

2035 3502 2374 3573 religionem,
2407 3501 2497 3557 illa
2529 3503 2804 3559 blaterans
2832 3520 2955 3575 quae
2988 3505 3179 3559 talium
3214 3506 3482 3560 cultorem
3519 3506 3616 3560 de-

2034 3602 2179 3657 cent,
2212 3594 2287 3647 ita
2322 3593 2479 3648 dixit.
2510 3593 2639 3660 Sed,
2685 3610 2749 3649 ex
2783 3610 2891 3665 quo
2928 3596 3306 3667 imperatores,
3340 3602 3614 3650 contesta-

2035 3698 2122 3743 tus
2169 3696 2253 3742 est
2296 3687 2608 3758 praefectus,
2669 3689 2893 3746 Christo
2955 3703 3152 3743 nomen
3206 3690 3510 3754 dederunt,
3560 3691 3612 3742 in

2034 3782 2204 3834 altum
2246 3782 2523 3835 sublatum
2562 3790 2865 3837 esteorum
2900 3780 3211 3850 imperium,
3254 3796 3379 3833 cum
3414 3780 3615 3847 ubique

2032 3873 2333 3927 Christiani
2360 3874 2517 3942 longe
2541 3873 2757 3941 lateque
2789 3872 3113 3933 crevissent,
3145 3886 3269 3925 cum
3307 3872 3506 3939 quibus
3537 3871 3612 3923 fui

2033 3980 2133 4034 ego
2162 3965 2424 4020 societate
2453 3964 2802 4032 conjunctus,
2827 3970 2881 4017 ct
2907 3963 2958 4015 in
2983 3963 3128 4015 hunc
3156 3961 3336 4015 locum
3372 3976 3492 4015 sum
3522 3963 3614 4013 de-

2034 4058 2252 4111 ductus.
2292 4055 2504 4110 Rursus
2532 4070 2663 4124 ergo
2695 4053 2992 4107 Anthemio
3027 4053 3261 4121 injectus
3290 4060 3375 4105 est
3408 4062 3615 4103 mteror

2034 4158 2091 4203 et
2114 4148 2357 4200 tristitia.
2384 4146 2514 4216 Ejus
2539 4155 2719 4199 autem
2749 4146 3056 4198 orationem
3088 4144 3291 4212 excipit
3309 4140 3544 4197 Joannes
3561 4149 3614 4194 et

2037 4240 2151 4293 haec
2193 4238 2398 4307 adjicit,
2433 4236 2625 4290 dicens
2656 4255 2667 4291 :
2706 4234 2842 4289 Vera
2894 4235 3026 4287 dicit
3078 4233 3388 4304 praefectus,
3422 4248 3454 4287 ο
3487 4234 3612 4288 viri.

2036 4328 2227 4383 Nullus
2254 4335 2337 4381 est
2372 4326 2518 4380 enim
2561 4327 2710 4380 locus
2744 4326 2811 4377 ab
2849 4325 3110 4379 extremis
3141 4338 3315 4393 usque
3342 4324 3406 4377 ad
3432 4336 3614 4377 extre-

2036 4434 2125 4472 ma
2172 4418 2323 4473 orbis
2356 4427 2650 4479 terrarum,
2683 4416 2772 4470 ubi
2808 4415 3060 4469 Christus
3092 4432 3196 4467 non
3225 4415 3524 4468 honoratur
3561 4424 3615 4467 et

2033 4511 2271 4571 colitur;
2312 4516 2368 4562 et
2414 4507 2460 4561 si
2500 4508 2623 4576 quis
2677 4505 2982 4561 studiosius
3034 4506 3149 4558 haec
3200 4508 3329 4558 \clit
3376 4506 3611 4561 disi-ere.

2032 4603 2174 4656 sciat
2215 4601 2283 4655 de
2318 4598 2523 4653 Judaeis
2557 4598 2652 4668 qtti
2681 4600 2936 4651 exierunt
2972 4598 3041 4650 ab
3087 4597 3424 4653 Jerusalem.
3466 4597 3610 4663 quod

2033 4702 2321 4760 postquam
2365 4690 2619 4743 Christus
2656 4688 3047 4741 resurrexisset
3080 4702 3108 4738 a
3154 4686 3405 4746 mortuis,
3430 4701 3470 4769 _a
3502 4685 3613 4737 llo-

2034 4783 2212 4835 manis
2263 4780 2403 4834 bello
2434 4779 2671 4845 obsessi,
2704 4780 2771 4831 ad
2806 4790 2984 4831 tantas
3031 4777 3238 4831 redacti
3268 4784 3396 4829 sunt
3438 4792 3611 4845 angu-

2032 4875 2190 4938 stias,
2222 4881 2282 4927 ut
2315 4887 2541 4927 suorum
2574 4870 2865 4925 infantium
2907 4885 3101 4924 carnes
3138 4884 3235 4939 pro
3264 4883 3402 4938 pane
3425 4882 3613 4922 come-

2031 4967 2234 5021 derint.
2268 4966 2519 5034 Quiergo
2544 4964 2674 5017 mihi
2706 4965 2955 5027 creditis,
2984 4978 3113 5016 eeee
3138 4963 3434 5031 episcOpus
3467 4978 3481 5027 ;
3518 4966 3613 5014 acé

2033 5057 2208 5112 cedite
2241 5057 2308 5110 ad
2328 5072 2452 5110 eum
2469 5063 2522 5109 et
2547 5052 2923 5122 buptizemini.
2969 5052 3239 5117 Quoniam
3264 5060 3447 5106 autem
3476 5053 3613 5105 divi-

2033 5163 2158 5201 num
2196 5148 2371 5202 zelum
2427 5147 2566 5200 solet
2608 5146 2773 5198 etiam
2820 5149 2999 5197 metus
3050 5143 3271 5211 quidam
3320 5144 3609 5208 consequi,

2033 5239 2156 5292 illos
2190 5244 2363 5292 terret
2385 5239 2501 5306 ipse
2529 5234 3019 5298 Joannes.Quibus
3042 5233 3188 5287 enim
3221 5234 3387 5285 animi
3425 5245 3614 5285 socor—

2035 5331 2123 5383 dia
2166 5328 2461 5383 "obsidetur
2493 5342 2522 5379 a
2578 5325 2726 5378 molli
2768 5333 2825 5378 et
2863 5330 3125 5379 enervata
3156 5323 3377 5390 spiritu,
3408 5320 3614 5374 utiliter

2034 5420 2117 5476 eis
2175 5428 2353 5473 metus
2386 5415 2668 5484 objicitur.
2718 5412 2826 5467 Eos
2857 5428 2990 5483 ergo
3022 5421 3188 5464 terret
3219 5412 3337 5463 zelo
3368 5409 3614 5476 percitus

2031 5513 2124 5567 ille
2160 5511 2306 5565 Elias
2344 5525 2358 5571 ;
2392 5508 2523 5578 quid
2551 5490 2742 5561 dicens
2770 5507 2795 5559 ι
2824 5502 2940 5560 Nisi
2989 5504 3119 5557 mihi
3154 5501 3447 5573 parueritis
3478 5515 3614 5555 com

2035 5603 2235 5659 sulenti
2289 5616 2410 5673 quae
2451 5600 2585 5654 dant
2641 5600 2917 5661 salutem;
2951 5612 3081 5651 ecce
3125 5608 3223 5650 vos
3270 5594 3510 5647 deferam
3545 5590 3611 5645 ad

2035 5697 2416 5764 imperatores,
2452 5703 2507 5748 et
2550 5692 2730 5745 statim
2766 5688 3098 5743 moriemini.
3153 5688 3246 5741 Est
3287 5686 3432 5740 enim
3464 5701 3616 5759 mors

2037 5784 2229 5837 melior
2260 5798 2423 5851 quam
2464 5782 2595 5841 vita,
2641 5796 2761 5848 quze
2805 5776 3156 5845 blasphemus
3199 5784 3253 5829 et
3308 5773 3616 5827 maledictis

2024 5875 2257 5931 incessit
2290 5877 2413 5930 vitae
2436 5874 2705 5938 datorem,
2732 5870 2987 5927 ctminus
3022 5867 3184 5924 habet
3235 5882 3428 5924 sensus
3454 5874 3615 5932 quam
