4084 6464
467 380 577 444 235

1743 375 2019 436 LEONIS
2052 376 2516 438 PHILOSOPHI

3631 358 3738 444 "236

467 507 640 546 canes
675 498 729 543 et
772 488 1023 543 volucres
1047 496 1101 542 et
1156 486 1283 542 feras
1321 503 1443 556 qua
1478 489 1548 543 iis
1594 488 1799 543 cedunt
1834 491 1928 558 qui
1959 502 2054 543 eas

2174 489 2399 561 Κριστοῦ
2428 490 2706 561 χαλεπῶς,
2731 492 2921 546 πίπτει
2950 490 3006 547 δὲ
3030 493 3430 565 χαλεπώτερον.
3470 493 3609 563 Ἤδη
3637 495 3747 564 γὰρ

472 586 634 638 mites
686 580 894 637 faciunt
939 590 992 635 et
1029 583 1269 636 cicures.
1316 581 1452 636 Cum
1504 582 1619 635 haec
1648 581 1819 636 libere
1850 582 2060 636 diceret

470 672 738 737 Joannes,
778 673 1107 727 Anthemius
1150 674 1396 743 graviter
1435 672 1659 741 quidem
1704 672 1938 739 insurgit
1964 672 2060 726 ad-

473 778 664 819 versus
682 759 986 823 Christum,
1016 761 1162 815 cadit
1189 770 1371 815 autem
1400 762 1644 830 gravius.
1669 757 1789 812 Jam
1821 760 1966 814 enim
1997 774 2061 814 os

473 855 799 909 sceleratum
840 853 1084 907 nondum
1131 861 1374 907 cesserat
1420 852 1703 906 Christum
1753 850 2062 906 maledictis

471 946 788 1011 incessere;
833 957 886 999 et
908 946 1159 1014 protinus
1182 959 1211 997 a
1247 944 1443 1014 spiritu
1468 943 1754 997 immundo
1776 952 2062 1009 correptus

473 1038 821 1101 Anthemius,
865 1038 1199 1090 adiciebatur
1222 1039 1364 1091 sicut
1389 1035 1734 1100 deemoniaei,
1769 1036 2061 1089 horrorem

472 1137 529 1181 et
549 1117 733 1199 fugam
758 1129 1061 1182 immittens
1088 1128 1155 1181 iis
1182 1128 1275 1197 qui
1300 1128 1662 1197 aspiciebant.
1683 1126 1884 1180 Deinde
1901 1125 2068 1195 quid?

472 1216 852 1273 Misericordia
892 1228 1148 1273 movetur
1180 1218 1442 1282 Joannes,
1477 1227 1530 1274 et
1560 1216 1935 1280 Anthemium,
1962 1217 2066 1270 etsi

474 1309 623 1364 malo
645 1309 826 1364 adhuc
865 1318 1178 1373 vexaretur,
1225 1310 1437 1378 iuagnis
1465 1308 1805 1363 clamoribus
1842 1306 2065 1361 confes-

442 1384 621 1465 sum,
672 1417 781 1455 non
823 1417 946 1458 esse
983 1402 1150 1455 alium
1193 1400 1365 1455 Deum
1398 1402 1502 1455 nisi
1537 1387 2005 1461 Christianorum,
2033 1412 2062 1451 a

476 1494 621 1547 malo
673 1493 892 1548 liberat.
924 1493 1175 1564 Cumque
1205 1503 1352 1549 esset
1396 1493 1653 1547 redactus
1685 1494 1738 1547 in
1780 1493 2066 1558 exstasim,

476 1598 671 1638 omnes
694 1584 918 1653 quidem
954 1584 1121 1639 allicit
1149 1584 1539 1651 admiratione,
1566 1593 1793 1654 propter
1830 1582 2068 1653 repenti-

478 1688 602 1727 nam
643 1677 1046 1742 mutationem;
1099 1689 1323 1747 repente
1362 1687 1545 1732 autem
1591 1677 1901 1747 baptizatur
1940 1689 2065 1730 cum

478 1771 593 1817 tota
620 1764 785 1818 domo
818 1782 833 1830 ;
867 1773 921 1820 et
944 1767 1024 1820 sic
1042 1766 1367 1821 confirmata
1399 1768 1713 1836 baptizatur
1750 1764 2066 1819 multitudo.

2160 582 2224 633 τὸ
2257 582 2450 650 μιαρὸν
2470 580 2627 634 οὔπω
2655 582 2829 652 στόμα
2853 582 2956 652 τῆς
2978 585 3121 638 κατὰ
3138 580 3377 654 Χριστοῦ
3403 583 3751 654 βλασφημίας

2160 670 2459 735 ἐπαύσατο,
2489 673 2583 724 καὶ
2610 674 2892 743 πσρευθὺς
2918 675 3190 743 πνεύματι
3217 674 3512 745 ἀκαθάρτῳ
3533 674 3750 744 βληθεὶς

2160 762 2190 814 ὁ
2230 762 2529 831 Ἀνθὲμιος,
2568 765 2637 817 τά
2703 764 2811 818 τῶν
2840 764 3223 836 δαιμονῶντων
3286 767 3509 835 πάσχει,
3541 766 3749 835 φρίκην

2162 852 2258 903 καὶ
2289 848 2467 921 φυγὴν
2486 854 2733 921 ἐμποιῶν
2757 855 3110 924 τοϊςνὸρῶσιν.
3131 852 3265 907 Εἶτα
3286 852 3338 906 τί
3359 870 3372 917 ;
3399 856 3749 906 Δυσωπεϊται

2161 944 2190 995 ὁ
2224 944 2501 1013 Ἰωάννης,
2525 945 2620 996 καὶ
2639 945 2730 998 τὸν
2766 942 3048 1015 Ἀνθέμιον
3076 947 3179 999 κάν
3209 945 3286 1014 τῷ
3305 942 3466 997 πάθει
3495 943 3572 997 ἔτι
3596 945 3751 1005 ὅντα,

2163 1033 2259 1087 καὶ
2278 1038 2550 1105 κραυγαῖς
2600 1036 2855 1107 ὑψηλαῖς,
2912 1038 2987 1109 μὴ
3025 1037 3159 1093 Θεὸν
3206 1034 3367 1092 ἄλλον
3438 1032 3577 1090 εἶναι
3614 1035 3769 1106 πλὴν

2163 1125 2258 1178 τοῦ
2307 1126 2443 1179 Θεοῦ
2479 1127 2589 1181 τῶν
2619 1130 2985 1198 Χριστιανῶν,
3016 1131 3427 1201 διομιλήσαντα,
3464 1127 3754 1196 ἐλεύθερον

2164 1215 2259 1268 τοῦ
2285 1216 2492 1279 πάθους
2525 1214 2838 1287 ἓργάζεται.
2868 1222 2978 1275 Καὶ
3008 1222 3305 1291 γενόμενος
3372 1222 3429 1273 ὲν
3474 1220 3754 1285 ἐκστάσει,

2166 1307 2372 1374 θαμϐεί
2401 1310 2499 1378 μὲν
2545 1310 2795 1374 ἅπαντας
2817 1313 2894 1382 τῷ
2947 1313 3129 1384 ἀθρόῳ
3159 1314 3256 1382 τῆς
3288 1313 3587 1385 μεταϐολῆς
3608 1330 3622 1344 ’
3660 1313 3756 1383 βα-

2167 1399 2421 1463 πτίζεται
2444 1400 2537 1452 καὶ
2563 1403 2903 1473 παραχρῆμα
2946 1404 3270 1474 πανοικεσίᾳ
3290 1422 3303 1435 ·
3346 1405 3439 1457 καὶ
3468 1404 3610 1457 οὕτω
3635 1420 3757 1457 στε-

2171 1491 2442 1561 ρεωθέντα
2475 1494 2569 1547 καὶ
2611 1496 2680 1547 τὰ
2736 1496 2915 1567 πλήθη
2967 1496 3321 1566 βαπτίζεται·
3381 1498 3441 1550 οὐ
3480 1496 3642 1567 μόνον
3674 1495 3755 1560 δὲ,

2167 1583 2304 1635 ἀλλά
2335 1586 2426 1636 καὶ
2456 1587 2562 1637 τῶν
2592 1588 2940 1641 ἀκουσάντων
2975 1590 3243 1653 ἅπαντες,
3276 1589 3384 1642 υίοὶ
3417 1588 3594 1657 φωτὸς
3620 1590 3756 1643 ἀνα-

2169 1674 2468 1741 γεννῶνται
2501 1677 2578 1746 τῷ
2609 1677 2741 1749 θείῳ
2777 1678 3136 1750 βαπτίσματι.
3174 1680 3343 1750 Κοινὴ
3380 1681 3546 1733 πᾶσιν
3576 1680 3759 1733 ἐντεῦ-

2171 1765 2264 1818 θεν
2318 1767 2661 1839 εὐφροσύνης
2698 1772 2793 1824 καὶ
2837 1774 3014 1841 χαρᾶς
3065 1771 3418 1840 ἀγαλλίασιςο
3458 1771 3532 1835 ὡς
3577 1773 3758 1842 ἔργοις

476 1850 588 1908 Nec
625 1854 731 1909 hoc
779 1857 957 1910 solum
992 1874 1007 1923 ;
1042 1857 1137 1911 sed
1172 1859 1338 1913 etiam
1394 1874 1463 1913 ex
1503 1858 1570 1912 iis
1608 1858 1702 1927 qui
1750 1855 2065 1919 audierunt,

2174 1857 2348 1920 αὐτοῖς
2380 1861 2505 1929 ἐνῆν
2536 1862 2776 1933 καθορᾷν
2800 1864 2862 1915 τὸ
2895 1864 3154 1935 ᾀδόμενον
3177 1880 3193 1895 ·
3242 1864 3341 1929 Ὠς
3372 1863 3763 1932 εὐφραινομέο

478 1958 670 2001 omnes
712 1944 806 1999 lilii
850 1946 991 2000 lucis
1046 1956 1444 2016 regenerantur
1483 1947 1673 2001 divino
1712 1946 2062 2015 baptismate.

478 2032 802 2092 Communis
846 2037 976 2091 hinc
1010 2039 1267 2093 omnibus
1301 2038 1487 2109 gaudii
1523 2048 1577 2093 et
1600 2038 1798 2092 lmtitize
1824 2037 2069 2091 exsulta-

473 2123 600 2189 tio;
652 2124 788 2180 adeo
825 2133 884 2179 ut
916 2141 976 2181 re
1014 2127 1130 2197 ipsa
1172 2128 1358 2182 liceret
1388 2128 1589 2182 intueri
1621 2127 1768 2197 quod
1810 2124 2063 2180 canitur:

479 2212 804 2271 Lwtantium
837 2220 1071 2275 omnium
1099 2219 1358 2273 habitatio
1382 2229 1459 2274 est
1490 2221 1545 2274 in
1576 2230 1625 2274 te
1657 2220 1701 2272 ⁸.
1727 2218 1903 2287 llnjus
1932 2217 2068 2271 laeti-

479 2306 570 2359 tia:
593 2321 815 2361 causam
841 2308 1130 2377 ignorabat
1178 2310 1409 2363 antistes
1444 2309 1806 2363 Athenarum.
1854 2305 2063 2360 Deinde

2170 1966 2295 2003 νων
2332 1950 2575 2005 πάντων
2620 1954 2658 2020 ἡ
2714 1957 2989 2008 κατοικία
3031 1955 3100 2007 ἐν
3126 1954 3246 2009 σοί.
3276 1956 3494 2025 Ταύτης
3539 1954 3637 2022 τῆς
3670 1954 3763 2007 £6-

2173 2038 2448 2107 φροσύνης
2465 2040 2492 2093 ό
2515 2042 2780 2113 πρόεδρος
2814 2044 3054 2112 Ἀθηνῶν
3075 2044 3261 2112 ἠγνόει
3277 2043 3369 2095 τὸν
3401 2044 3576 2097 αἴτιον
3598 2058 3613 2073 ·
3640 2038 3761 2097 εἶτα

2175 2127 2385 2200 μαθὼν,
2410 2132 2503 2184 ἐπὶ
2528 2132 2628 2201 τὴν
2663 2135 3001 2203 χειροτονίαν
3032 2135 3222 2187 τοῦτον
3265 2134 3495 2204 γνώμην
3522 2130 3761 2191 ποιεῖται

2174 2224 2571 2290 προσαγαγεῖν.
2605 2224 2716 2277 Καὶ
2750 2226 2914 2293 γνοὺς
2942 2228 2972 2277 ὁ
2998 2226 3275 2295 Ἰωάννης,
3328 2224 3507 2297 λάθρα
3531 2222 3761 2295 διαφεύ-

2172 2324 2284 2375 γει,
2315 2311 2411 2363 καὶ
2432 2314 2497 2381 τῇ
2529 2313 2751 2382 πατρίδι
2782 2314 2975 2366 ἐαυτδν
3015 2314 3361 2369 ἀποδίδωσιν.

481 2412 608 2450 cum
639 2399 1028 2465 intellexisset,
1062 2414 1185 2453 eum
1214 2400 1410 2454 statuit
1444 2398 1717 2454 adducere
1748 2396 1816 2451 ad
1855 2396 2282 2453 ordinationem.
2326 2399 2485 2465 Quod
2518 2416 2642 2456 cum
2716 2400 3029 2459 rescivisset
3086 2402 3350 2470 Joannes,
3418 2404 3559 2458 clam
3634 2416 3737 2457 au-

484 2485 652 2558 fugit,
680 2497 735 2544 et
767 2504 826 2543 se
847 2489 1028 2543 reddit
1066 2491 1274 2559 patriae.

553 2579 607 2635 5.
635 2574 776 2632 Hinc
802 2578 1008 2648 ubique
1037 2588 1313 2634 terrarum
1375 2581 1522 2635 fama
1569 2593 1623 2639 et
1652 2600 1907 2641 sermone
1941 2590 2061 2637 erat

482 2672 794 2726 celebratus
823 2668 1089 2737 Joannes,
1118 2687 1243 2726 cum
1278 2673 1343 2727 ad
1375 2673 1506 2729 illud
1544 2685 1759 2746 tempus
1793 2679 2057 2744 venisset,

483 2778 595 2833 quo
626 2764 832 2834 lanugo
865 2765 1009 2819 solet
1033 2780 1203 2834 genas
1237 2766 1465 2831 vestire,
1508 2777 1568 2823 ut
1600 2771 1692 2839 qui
1729 2786 1903 2826 annos
1931 2786 2062 2841 age-

482 2862 567 2909 ret
601 2854 787 2908 decem
835 2861 889 2907 et
935 2863 1083 2909 octo.
1144 2854 1265 2922 Quo
1324 2866 1573 2928 tempore
1635 2875 1760 2915 cum
1798 2861 2070 2933 insignem

482 2960 611 3000 esse
661 2944 935 2999 Joannem
991 2962 1221 3016 magnus
1263 2948 1757 3006 animadvertisset
1794 2951 2067 3017 Meletins,

484 3038 782 3106 persuadet
809 3045 867 3091 ut
898 3038 963 3093 ad
1004 3054 1064 3093 se
1116 3040 1303 3093 veniat
1366 3040 1739 3111 frequentius.
1775 3044 1896 3109 Quo
1928 3056 2071 3100 tem—

486 3143 618 3196 pore
641 3129 848 3183 dicitur
882 3130 998 3185 suis
1030 3130 1452 3201 condiscipulis.
1487 3132 1804 3198 Theodoro,
1839 3136 1935 3205 qui
1968 3136 2073 3189 fuit

2231 2585 2291 2630 ε’.
2319 2580 2407 2642 Ὠς
2434 2582 2759 2644 ἐξάκουστος
2786 2581 2940 2635 ἔνθεν
2976 2584 3230 2651 Ἰωάννης
3262 2581 3582 2651 ἁπανταχοῦ
3613 2584 3747 2653 γῆς,

2174 2671 2355 2724 ὲκεῐνο
2387 2670 2482 2723 τοῦ
2508 2672 2704 2741 χρόνου
2734 2672 2967 2740 φθάσας,
2994 2676 3023 2726 ὁ
3054 2672 3155 2743 τὴν
3184 2673 3399 2743 ὑπήνην
3424 2672 3609 2725 ἀνθεῖν
3632 2675 3762 2742 ἄρτι

2174 2765 2565 2834 προϐάλλεται,
2594 2766 2741 2819 ὀκτὼ
2768 2768 2908 2837 πρὸς
2934 2771 3047 2831 τοῖς
3078 2768 3216 2821 δέκα
3240 2767 3341 2837 τὴν
3371 2766 3595 2837 ἡλικίαν
3624 2767 3759 2835 ἀγό-

2176 2870 2336 2925 μενος
2370 2855 2570 2919 ἔτεσιν,
2608 2858 2665 2909 ἐν
2694 2852 2777 2921 οἷς
2814 2856 3193 2928 διαπρέποντα
3231 2857 3323 2910 τὸν
3359 2856 3612 2927 Ἰωάννην
3643 2859 3762 2911 Με-

2175 2946 2355 3008 λέτιος
2404 2948 2433 2999 ὁ
2487 2947 2660 3016 μέγας
2720 2947 3000 3018 προσχὼν,
3050 2948 3228 3000 πείθει
3276 2944 3377 3017 τὴν
3413 2948 3551 3017 πρὸς
3596 2947 3763 3001 αὑτὸν

2177 3039 2454 3092 ποιεῖσθαι
2487 3040 2813 3109 συχνότερον
2840 3040 3044 3109 ἄφιξιν.
3086 3039 3258 3092 Ἔνθα
3282 3039 3346 3109 δὴ
3380 3025 3603 3107 λέγεται
3627 3039 3756 3102 τοὺς

2181 3130 2585 3199 copem-marg,
2621 3131 2924 3200 Θεόδωρον,
2969 3130 3063 3182 τὸν
3097 3129 3325 3201 ὕστερον
3357 3130 3762 3198 Μοψουεστίας,

485 3229 675 3287 postea
707 3221 1003 3290 episcopus
1043 3222 1412 3292 Mopsuestia,
1434 3233 1487 3279 et
1518 3224 1755 3280 Marti-mo
1788 3226 2065 3294 Seleuciae,

2180 3222 2276 3273 καὶ
2327 3222 2582 3291 Μάξιμον
2610 3221 2959 3285 Σελευκείας,
2992 3224 3180 3275 πεῖσαι
3220 3221 3281 3273 τὸ
3329 3219 3765 3291 χρηματιστικὸν

487 3312 841 3377 persuasisse
873 3321 933 3367 ut
960 3314 1150 3368 relicta
1181 3315 1293 3369 vita
1315 3317 1577 3385 augenda:
1595 3319 1840 3386 pecuniae
1862 3320 2067 3385 dedita,

484 3404 653 3458 vitam
685 3405 952 3474 eligerent
1000 3414 1222 3461 tenuem
1276 3416 1332 3461 et
1364 3409 1701 3463 solitariam.
1764 3408 1901 3463 llinc
1941 3426 2067 3464 cum

487 3509 687 3562 magno
721 3495 943 3559 Basilio,
971 3497 1062 3565 qui
1090 3498 1158 3552 ab
1190 3498 1308 3567 ipso
1350 3498 1568 3553 Meletio
1590 3499 1859 3555 diaconus
1888 3501 2069 3556 fuerat

487 3584 803 3651 ordinatus,
852 3602 1051 3656 magna
1100 3589 1359 3658 jungitur
1402 3592 1671 3657 amicitia,
1710 3601 1763 3646 et
1803 3602 1979 3656 tanta,
2008 3603 2069 3647 ut

487 3684 682 3733 mutuo
710 3693 898 3733 amore
936 3679 1128 3735 nullus
1156 3682 1205 3734 ei
1229 3692 1372 3736 esset
1421 3685 1651 3754 :equalis
1681 3700 1745 3740 ex
1788 3686 1876 3746 iis.
1915 3688 2067 3755 quia

488 3768 764 3837 principio
797 3768 1017 3824 fuerant
1054 3772 1103 3825 ei
1135 3773 1457 3830 familiares.
1490 3776 1780 3842 Quomodo
1822 3780 1967 3833 enim
2002 3782 2069 3834 ab

487 3858 796 3915 artificibus
851 3862 1267 3929 coniunguntur
1298 3867 1633 3936 harmoniae;
1682 3878 1778 3923 aut
1808 3886 1932 3926 cum
1975 3872 2067 3935 iis,

486 3965 606 4019 qua:
640 3952 694 4005 in
730 3954 872 4007 ccelo
896 3955 1097 4022 mquali
1138 3957 1427 4011 celeritate
1453 3970 1746 4016 moventur
1772 3962 2068 4017 luminari-

486 4045 615 4108 bns,
650 4044 975 4102 inconfusus
1006 4048 1144 4103 ordo
1186 4049 1542 4122 conjungitur
1568 4055 1916 4121 coitionnm;
1949 4065 2067 4121 aut,

488 4143 548 4188 nt
580 4136 774 4195 melius
802 4135 1008 4199 dicam,
1034 4139 1312 4207 quomodo
1348 4142 1440 4195 lux
1474 4143 1643 4211 visui,
1683 4152 1738 4199 et
1773 4146 1926 4200 visus
1959 4146 2067 4199 luci

487 4225 831 4294 conjunctim
860 4229 1067 4296 prabet
1087 4239 1146 4283 ut
1167 4230 1416 4286 videatur
1441 4250 1455 4298 ;
1491 4244 1584 4288 aut
1610 4238 1890 4305 quomodo
1914 4254 2068 4292 men-

488 4318 563 4372 tis
589 4332 714 4372 cum
746 4319 956 4386 anima,
990 4327 1041 4374 et
1070 4322 1268 4374 anima:
1302 4337 1432 4376 cum
1474 4334 1658 4380 mente
1695 4336 1821 4382 nota
1856 4338 1940 4384 est
1974 4344 2068 4383 co-

487 4408 713 4476 gnatio;
771 4416 887 4474 aut,
948 4419 1007 4463 nt
1057 4412 1237 4466 dicam
1295 4416 1741 4480 convenientius.
1791 4423 2069 4487 quomodo

2180 3311 2669 3375 καταλελοιπότας,
2698 3311 2787 3363 τὸν
2823 3310 2969 3363 λιτὸν
2998 3310 3096 3363 καὶ
3132 3305 3465 3380 μονότροπον
3497 3307 3614 3377 βίον
3643 3308 3761 3361 ἑλέ-

2181 3404 2329 3457 σθαι.
2381 3403 2664 3456 Ἐντεῦθεν
2696 3403 2774 3473 τῷ
2807 3402 3030 3473 μεγάλῳ
3060 3400 3352 3471 Βασιλείῳ,
3380 3402 3439 3463 ὃς
3471 3400 3563 3453 ὑπ’
3594 3401 3762 3454 αὐτοῦ

2182 3494 2451 3548 Μελετίου
2481 3495 2726 3557 διάκονος
2756 3494 3174 3565 κεχειροτόνητο
3192 3534 3205 3558 ,
3243 3493 3439 3561 φιλίως
3466 3494 3607 3560 ἀγαν
3630 3509 3763 3545 συν-

2179 3587 2430 3651 άπτεται,
2497 3588 2592 3640 καὶ
2656 3587 2931 3647 τοσοῦτον,
2981 3584 3123 3639 ὥστε
3170 3585 3246 3654 τῷ
3296 3585 3436 3655 πρὸς
3494 3584 3764 3654 ἀλλήλους

2179 3678 2390 3747 γνησίῳ
2440 3679 2534 3731 τοῦ
2592 3678 2816 3748 φίλτρου
2870 3677 2945 3747 μὴ
2987 3675 3054 3729 ἂν
3092 3676 3220 3731 ἄλλο
3264 3694 3317 3729 τι
3359 3677 3469 3730 τῶν
3520 3674 3763 3746 ἀρχῆθεν

2179 3768 2390 3824 ὲθάδων
2442 3768 2897 3839 παρεξισοῦσθαι.
2929 3768 3141 3836 Ὥσπερ
3184 3768 3294 3837 γὰρ
3340 3769 3455 3829 τοῖς
3488 3767 3765 3836 τεχνίταις

2179 3866 2237 3917 αἱ
2265 3862 2527 3933 ἁρμονίαι
2560 3861 2926 3914 συνάπτονται
2946 3874 2960 3888 °
2987 3858 3021 3930 ἦ
3048 3860 3162 3920 τοῖς
3186 3860 3243 3910 ὲν
3272 3857 3487 3928 οὐρανῷ
3509 3859 3760 3927 φωστῆρ-

2181 3974 2266 4010 σιν
2310 3953 2575 4024 ἰσοταχῶς
2618 3953 2959 4022 κινουμένοις
2993 3952 3027 4019 ἠ
3072 3949 3423 4003 συνάπτουσα
3466 3950 3619 4015 τάξις
3652 3948 3764 4001 τῶν

2181 4048 2415 4102 συνόδων
2447 4046 2755 4114 ἀσύγχυτος
2776 4062 2791 4076 ο
2809 4044 2843 4111 ἦ
2879 4044 3082 4112 μᾶλλον
3105 4045 3303 4104 εἰπεῖν,
3337 4040 3527 4110 ὥσπερ
3554 4039 3675 4108 ὄψει
3701 4039 3765 4091 τὸ

2180 4140 2318 4209 φῶς,
2349 4140 2444 4192 καὶ
2481 4138 2623 4206 φωτὶ
2646 4138 2708 4189 τὺ
2740 4136 2971 4206 ὁρᾶσθαι
2999 4133 3167 4205 (ὄψις)
3212 4132 3577 4202 συνημμένως
3608 4132 3764 4184 ἀντι-

2182 4232 2518 4300 παρέχεται·
2548 4228 2581 4298 ἢ
2614 4227 2705 4282 νοῦ
2731 4228 2870 4299 πρὸς
2900 4226 3101 4297 ψυχὴν,
3143 4225 3237 4277 καὶ
3263 4220 3444 4293 ψυχῆς
3466 4222 3604 4291 πρὸς
3636 4218 3765 4272 νοῦν

2182 4320 2215 4389 ἡ
2266 4318 2558 4386 συγγένεια
2601 4316 2919 4385 γνώριμος·
2967 4316 3026 4383 ἢ,
3079 4315 3167 4368 ἵνα
3219 4314 3552 4380 οἰκειότερον
3597 4312 3761 4374 alme,

2182 4410 2437 4479 καθάπερ
2485 4409 2547 4460 τὸ
2595 4407 2816 4476 πνεῦμα
2870 4406 3042 4474 πυρὸς
3097 4407 3154 4459 ὲν
3187 4405 3318 4457 εῖδει
3353 4402 3617 4472 γλωσσῶν
3647 4400 3763 4463 τοῖς

490 4497 722 4567 spiritus
756 4500 898 4566 ignis
939 4502 994 4555 in
1056 4506 1240 4572 specie
1288 4506 1618 4576 linguarum,
1668 4510 1743 4564 ita
1791 4511 1956 4567 etiam
2015 4514 2065 4567 in

2186 4502 2457 4572 μαθηταῖς
2487 4499 2581 4552 τοῦ
2617 4499 2778 4565 λόγου
2803 4497 3071 4567 γνωρίζον
3100 4498 3463 4549 συνάπτεται·
3494 4492 3636 4547 οὕτω
3658 4494 3762 4546 κάν

488 4588 596 4644 his.
626 4588 889 4647 Homines
921 4594 1069 4648 enim
1105 4596 1357 4665 spiritus,
1385 4610 1576 4654 sancto
1602 4600 1810 4671 Spiritu
1833 4604 2068 4673 conjun-

487 4681 588 4745 cti,
619 4697 785 4736 unam
825 4684 878 4739 in
917 4684 1141 4740 Christo
1172 4689 1462 4744 charitatis
1509 4691 1804 4760 perfectam
1858 4694 2067 4750 elficie-

487 4772 622 4829 bant
662 4776 1155 4845 conspirationem.
1186 4779 1476 4846 Quodnam
1504 4794 1687 4838 autem
1727 4795 1877 4841 esset
1911 4801 2064 4841 amo-

488 4866 570 4920 ris
623 4867 765 4924 inter
815 4885 911 4925 eos
963 4871 1265 4938 vinculum,
1327 4886 1384 4929 ut
1440 4876 1512 4930 ita
1570 4878 1676 4932 dici
1739 4889 1940 4949 potest,
1991 4881 2070 4935 sic

488 4956 733 5012 ostendit
756 4961 963 5040 oratio.
1015 4962 1273 5031 Basilius,
1307 4967 1397 5036 qui
1436 4968 1550 5038 jam
1598 4970 1763 5024 vitam
1811 4985 2068 5040 suscepe-

489 5051 575 5097 rat
611 5038 997 5113 monasticam,
1032 5067 1221 5106 secum
1254 5056 1571 5112 attrahebat
1598 5057 1867 5115 Joannem
1896 5077 1912 5125 ;
1941 5038 2066 5114 eum

488 5142 673 5190 autem
719 5146 918 5192 contra
950 5142 1267 5199 attrahebat
1329 5149 1565 5200 materni
1610 5163 1804 5205 rursus
1858 5153 2067 5208 amoris

484 5225 648 5294 plena
677 5226 939 5299 Iacrymis
966 5232 1166 5285 oratio.
1200 5233 1341 5287 Cum
1372 5250 1504 5289 vero
1547 5237 1840 5294 clementis
1876 5247 1931 5294 et
1962 5242 2069 5293 mi—

487 5316 791 5373 sericordis
822 5317 1053 5379 Joannis
1120 5336 1233 5377 non
1259 5332 1409 5380 esset
1443 5326 1641 5381 anima:
1680 5337 1735 5382 et
1761 5330 2067 5399 sapientiae,

486 5416 600 5464 tam
628 5412 832 5467 multas
867 5414 1063 5469 matris
1094 5414 1368 5487 lacrymas
1421 5420 1805 5491 prolixamque
1858 5424 2067 5478 oratio-

485 5513 612 5553 nem
653 5513 707 5557 et
741 5504 1064 5565 viduitatem
1091 5508 1402 5578 despicere,
1452 5517 1589 5573 tunc
1629 5516 1953 5579 retrahitur,
2007 5524 2062 5571 et

487 5592 648 5641 matri
680 5608 741 5647 se
796 5597 1028 5651 invitum
1064 5598 1317 5666 tradidit,
1348 5618 1650 5672 persuasus
1687 5623 1797 5661 non
1850 5608 2066 5663 tonderi

487 5692 614 5733 ante
639 5682 760 5750 ejus
792 5688 1021 5742 exitum.
1054 5690 1189 5745 Cum
1214 5705 1463 5751 materna
1501 5713 1636 5766 ergo
1672 5699 1875 5767 pietate
1926 5700 2066 5754 insi-

490 5769 791 5836 gnis'csset
840 5775 1101 5845 Joannes,
1153 5783 1301 5842 Zeno
1350 5788 1649 5858 episcopus
1693 5792 1942 5846 ascendit
1999 5808 2065 5855 ex

567 5862 587 5894 ⁸
610 5860 758 5918 J’sul.
792 5882 1011 5935 Lanuvi,
1055 5873 1103 5925 ’7.

2178 4594 2413 4654 τούτοις.
2451 4592 2515 4643 Οἱ
2566 4593 2673 4660 γὰρ
2707 4589 2803 4642 τοῦ
2839 4589 3152 4657 πνεύματος
3180 4587 3452 4655 πνεύματι
3485 4600 3764 4654 συναρμο-

2178 4683 2723 4752 νολογούμενοι.μξαν
2743 4682 2800 4731 ὲν
2820 4679 3041 4750 Χριστῷ
3060 4679 3284 4747 ἀγάπης
3298 4675 3765 4747 ἀπηκρισώσαντο

2181 4778 2507 4847 σύμπνοιαν.
2570 4772 2732 4826 Ἀλλὰ
2783 4772 2880 4841 τῆς
2928 4772 3066 4841 πρὸς
3095 4769 3360 4840 ἀλλήλους
3409 4768 3635 4836 ἀγάπης
3665 4766 3763 4821 τὸν

2181 4870 2505 4939 σύνδεσμον,
2535 4861 2646 4929 οἷός
2675 4883 2761 4928 τις
2792 4866 2989 4930 εἰπεῖν,
3019 4868 3046 4917 ό
3078 4861 3236 4931 λόγος
3266 4857 3369 4915 ὧδε
3421 4860 3759 4931 παρέστησε.

2177 4961 2461 5021 Βασίλειος
2485 4958 2543 5010 δὲ
2579 4959 2671 5010 τὸν
2704 4957 2910 5027 μονάδα
2938 4956 3041 5026 ἢδη
3076 4954 3427 5025 προειληφὼς
3460 4954 3594 5023 βίον,
3629 4968 3763 5005 συν-

2176 5054 2327 5106 εῖλκε
2374 5052 2467 5104 τὸν
2506 5051 2798 5118 Ἰωάννην·
2854 5047 3107 5100 ἀνθεῖλκε
3161 5047 3219 5099 δὲ
3247 5046 3437 5098 τοῦτον
3499 5044 3760 5116 μητρῴου

2176 5147 2344 5199 πόθου
2374 5144 2538 5198 πάλιν
2569 5142 2726 5210 λόγος
2757 5141 3124 5211 πολύδακρυς.
3166 5140 3322 5193 Ἐπεὶ
3373 5140 3433 5192 δὲ
3480 5139 3583 5207 τῆς
3618 5155 3764 5209 συμ-

2178 5238 2388 5299 παθοῦς
2421 5236 2519 5289 καὶ
2549 5236 2796 5305 ἀλήπτου
2826 5234 3006 5304 ψυχῆς
3029 5234 3123 5287 καὶ
3154 5232 3347 5301 σοφίας
3376 5233 3477 5286 οὐκ
3503 5228 3592 5303 ἦν,
3630 5249 3763 5284 τοσ-

2176 5331 2335 5385 οῦτον
2368 5328 2532 5399 ἔργον
2562 5328 2812 5393 δακρύων
2837 5327 3049 5380 πολλῶν
3071 5326 3167 5380 καὶ
3194 5324 3372 5394 λόγων
3409 5324 3639 5396 μακρῶν
3657 5323 3763 5393 τῆς

2178 5421 2411 5493 μητρὸς,
2447 5421 2542 5473 καὶ
2568 5419 2797 5489 χηρείας
2832 5418 3079 5487 ἀνάγκην
3115 5418 3415 5485 ὑπεριδεῖν,
3463 5418 3600 5479 τέως
3629 5417 3762 5469 ἀνθ-

2176 5516 2414 5575 έλκεται,
2443 5514 2536 5567 καὶ
2575 5515 2641 5583 τῇ
2685 5512 2853 5583 μητρὶ
2879 5510 2974 5564 καὶ
3003 5510 3153 5565 ἄκων
3186 5511 3381 5564 ἑαυτὸν
3406 5509 3757 5581 ἐμπεριέχει,

2176 5607 2422 5668 πεισθεὶς
2450 5605 2556 5674 πρὸ
2604 5606 2702 5674 τῆς
2730 5602 2935 5673 ταύτης
2977 5603 3160 5669 ἐξόδου
3210 5606 3288 5672 μὴ
3332 5601 3757 5672 ἀποκείρασθαι.

2177 5699 2478 5769 Μητρῴαις
2532 5696 2714 5749 τοίνυν
2762 5694 3099 5764 οἰκονομίαις
3127 5693 3529 5762 διαπρέποντος
3575 5688 3761 5743 Ἰωάν-

2178 5811 2291 5859 νου,
2342 5790 2530 5861 Ζδήνων
2576 5788 2877 5849 ἐπίσκοπος
2927 5786 2985 5851 ἐξ
3026 5787 3417 5857 Ἱεροσολύμων
3454 5786 3758 5849 ἐπάνεισιν,
