4084 6430
337 316 441 381 237

1008 317 1291 379 ORATIO
1327 274 1549 381 XVIII.
1585 344 1655 356 ·-
1682 320 2082 383 LAUDATIO
2119 324 2178 383 S.
2218 323 2542 385 JOANNIS
2574 324 2981 386 CHRYSOST.

3496 327 3605 393 238

340 430 702 502 ἀναγνώστην
735 447 795 484 τε
825 430 903 502 τῷ
930 429 1046 498 λαῷ
1070 430 1171 500 τῆς
1212 430 1541 500 Ἑκκλησίας
1571 431 1679 485 τῶν
1713 433 1922 487 Ἀντιο-

2038 431 2451 505 Hierosolymis,
2473 443 2523 490 et
2554 435 2759 505 populo
2779 433 3139 488 Antiochense
3158 432 3422 491 Ecclesia:
3436 432 3605 491 Joan-

339 525 481 595 χέων
521 525 615 576 τὸν
654 523 910 594 Ἰωάννην
965 519 1279 593 καθίστησι.
1313 521 1448 574 Τότε
1495 522 1560 593 δή
1613 541 1746 592 φασι
1794 525 1923 587 τοὺς

341 615 485 670 κατὰ
527 613 798 668 Ἰουδαίων
832 614 996 667 αὐτὸν
1030 611 1090 677 ἒξ
1141 612 1505 678 συντάξασθαι
1558 614 1771 683 λόγους,
1828 616 1922 668 τὸν

338 706 494 759 τόνον
544 705 644 775 τῆς
697 704 906 767 οἰκείας
964 703 1257 774 εὐδρομίας
1311 704 1590 757 ἀνένδοτον
1652 704 1789 776 πρὸς
1854 706 1922 763 τὰ

339 800 581 869 κρείττω
609 797 709 869 βίῳ
745 798 839 851 καὶ
879 795 1026 866 λόγῳ
1054 797 1506 864 διαφυλάττοντα.
1538 799 1693 852 Μετὰ
1726 797 1919 862 ταῦτα,

341 892 531 964 χερσὶν
558 892 592 962 ὴ
625 893 807 961 μήτηρ
834 889 970 943 Θεοῦ
999 889 1312 960 παραθείη
1338 890 1401 943 τὸ
1421 891 1661 961 πνεῦμα,
1686 892 1764 962 τῷ
1789 889 1920 962 ίερῷ

343 981 494 1035 παιδὶ
532 980 634 1050 τὴν
677 977 996 1050 ἐλευθερίαν
1045 978 1357 1051 χαρίζεται.
1401 979 1459 1033 ’0
1499 980 1603 1050 μὲν
1644 980 1710 1050 δὴ
1748 981 1922 1050 μέγας

340 1072 506 1127 Δασὶδ
534 1070 594 1123 τὸ
612 1071 821 1125 δίκαιον
844 1072 946 1125 κάν
970 1070 1181 1133 τούτοις
1208 1069 1658 1142 χαρακτηρίζων,
1676 1070 1919 1138 Ἐσκόρ-

341 1179 549 1229 πισεν,
570 1164 758 1219 ἔδωκε
806 1162 930 1229 τοῖς
972 1163 1215 1229 πένησι,
1246 1160 1411 1231 φησίν
1433 1176 1449 1192 ·
1494 1161 1532 1228 ἡ
1561 1159 1920 1230 δικαιοσύνη

341 1258 532 1314 αὐτοῦ
582 1256 752 1328 μένει
782 1258 870 1323 είς
907 1255 1015 1309 τὸν
1061 1253 1248 1308 αἰῶνα
1304 1254 1411 1307 τοῦ
1468 1252 1707 1318 αἰῶνος.
1756 1253 1815 1309 Ὀ
1865 1253 1921 1308 δὲ

353 1350 611 1419 Ἰωάννης
640 1350 707 1418 τῇ
741 1346 913 1417 μητρὶ
940 1345 1168 1406 δέοντως
1199 1343 1433 1407 ἀποδοὺς
1475 1342 1572 1412 τὴν
1598 1342 1811 1406 οὐσίαν,
1859 1341 1921 1395 οὐ

344 1432 509 1503 μόνον
539 1433 630 1487 τὸν
656 1431 877 1487 ἅπαντα
904 1429 1231 1497 πλοῦτον,δν
1271 1431 1367 1500 μὲν
1401 1429 1685 1501 σκορπίζει
1716 1429 1920 1496 καλῶς,

338 1522 402 1576 ὃν
452 1521 511 1577 δὲ
552 1521 874 1592 ἀφοσιοῦται
917 1518 1180 1573 κάλλιστα
1211 1519 1288 1591 τῷ
1333 1519 1453 1590 Θεῷ
1478 1538 1493 1552 ·
1535 1520 1671 1575 ἀλλὰ
1702 1521 1797 1575 καὶ
1830 1520 1923 1575 τὸν

342 1614 482 1685 πρὸς
511 1614 640 1677 τοὺς
674 1612 950 1681 γνωστοίις
972 1611 1294 1681 καὶ’φίλους
1319 1611 1413 1666 καλ⁵
1437 1612 1565 1676 τοὺς
1590 1612 1767 1676 άλλως
1790 1630 1919 1667 συν-

339 1707 493 1778 ήθεις
524 1706 688 1760 πόθον
727 1707 785 1759 ὲν
830 1706 1060 1777 δευτέρᾳ
1090 1705 1256 1778 μοίρᾳ
1279 1704 1533 1774 θέμενος,
1560 1705 1653 1759 τοῦ
1684 1706 1922 1779 ἀληθοῦς

338 1767 635 1870 ἐξήρτηται
701 1798 795 1851 καὶ
837 1767 1003 1868 μόνοῦ
1034 1767 1129 1868 ’μή
1178 1767 1526 1868 διαρρέοντος
1553 1767 1791 1868 ἔρωτοςἰ
1825 1767 1919 1851 καί
1950 1767 1996 1829 Β

338 1890 430 1943 τὸν
469 1890 673 1961 μονάδα
703 1890 838 1960 βίον,
859 1890 887 1942 6
917 1890 1011 1943 καὶ
1037 1889 1144 1960 πρὸ
1166 1889 1357 1941 τούτου
1386 1889 1739 1960 μονότροπος,
1761 1890 1919 1962 εἴπερ

338 2000 424 2045 τις
453 1982 636 2048 ἄλλος,
672 1983 1136 2051 ἐπενδυσάμενος,
1173 1980 1246 2044 ὼς
1280 1980 1403 2051 ἄρτι
1432 1982 1554 2034 τότε
1587 1982 1918 2052 ἀρξάμενος,

342 2070 783 2143 φροντιστηρίοις
811 2070 1003 2127 ἑαυτὸν
1032 2069 1367 2136 ἐπιδίδωσιν,
1395 2072 1519 2125 ὅσαι
1546 2071 1920 2142 ήμέραι,τοῖς

340 2163 704 2232 ἔμπροσθεν,
721 2162 864 2215 κατὰ
881 2161 1115 2227 Παῦλον,
1132 2162 1658 2232 ἐπεκτεινόμενος.
1677 2162 1921 2235 Ὁρώμε-

341 2271 431 2317 νος
460 2253 517 2306 ἃ
548 2252 812 2319 τοιοῦτος,
845 2252 944 2323 τήν
963 2253 1309 2322 προστασίαν
1328 2252 1436 2309 τῶν
1466 2252 1708 2322 ἀδελφῶν
1739 2271 1921 2325 παρα-

341 2344 588 2403 καλεῖται
610 2343 711 2415 μὲν
732 2344 1117 2412 ἀναδέξασθαι,
1138 2344 1199 2397 οὺ
1222 2343 1404 2415 μέντοι
1427 2345 1703 2414 ἀνέχεται.
1721 2346 1921 2415 Ὄρους

342 2439 398 2497 δὲ
429 2440 524 2494 καὶ
553 2439 741 2507 τάξεις
769 2438 951 2510 πάσης
980 2439 1352 2509 ἀγαθοεργίας
1400 2440 1428 2493 6
1476 2438 1618 2504 θεῖος
1673 2439 1923 2511 ζηλωτὴς

342 2522 502 2594 οὗτος
568 2531 903 2601 άσκητικοὺς
957 2529 1455 2601 συγγραψάμενος,
1527 2530 1916 2599 παραδίδωσιν.

355 2620 517 2675 Ἀλλὰ
553 2620 606 2673 τί
647 2621 835 2691 ταῦτα,
866 2621 1069 2690 καίπερ
1111 2619 1323 2690 μεγάλα
1366 2619 1730 2690 τυγχάνοντα,
1782 2619 1923 2689 πρὸς

344 2712 415 2765 τὰ
442 2710 744 2783 μέλλοντα;
796 2713 831 2782 ή
883 2712 981 2782 μὲν
1029 2713 1159 2782 περὶ
1202 2710 1369 2765 αὐτοῦ
1411 2712 1570 2781 φήμη
1616 2713 1924 2782 συνεισρεῖν

346 2802 592 2868 ἅπαντας
622 2802 759 2875 πρὸς
793 2802 953 2857 αὐτὸν
980 2803 1234 2873 ἀσμένως
1262 2800 1576 2871 ἠνάγκαζεν
1598 2821 1611 2834 ·
1649 2802 1812 2865 αὐτὸς
1843 2803 1922 2870 δὲ,

346 2888 437 2963 οἷά
462 2911 543 2955 τις
585 2892 813 2957 ἁένναος
834 2892 1035 2961 κρήνη,
1069 2891 1169 2960 τῆς
1202 2890 1528 2963 διακρίσεως
1557 2890 1668 2944 τῶν
1692 2891 1926 2962 Γραφῶν

350 2984 411 3038 ab
445 2983 591 3055 ὕδωρ
632 2983 841 3055 βλύζων
902 2982 1320 3049 άνεπιθόλωτον,
1351 2985 1465 3046 τοῖς
1520 2983 1687 3040 πᾶσιν
1738 2983 1923 3055 ὲδαψί-

2025 541 2149 580 nem
2184 526 2476 582 constituit
2526 525 2812 582 lectorem.
2850 524 3007 579 Tunc
3038 533 3222 579 autem
3259 525 3449 580 dicunt
3477 542 3603 583 eum

2024 617 2414 688 composuisse
2474 632 2571 672 sex
2632 616 2804 671 libros
2836 615 3099 671 adversus
3134 612 3375 682 Judaeos,
3412 633 3605 688 perpe—

2025 717 2180 762 tuum
2213 709 2300 763 sui
2340 708 2406 763 ad
2432 708 2661 762 meliora
2698 707 2833 762 recti
2864 722 3064 763 cursus
3104 718 3349 763 tenorem
3394 709 3505 762 vita
3550 718 3606 766 et

2024 799 2273 854 oratione
2294 806 2737 854 conservantem.
2776 796 2906 853 Post
2928 799 3043 855 haec
3064 814 3188 855 cum
3211 809 3391 855 mater
3422 801 3475 859 in
3511 801 3603 856 Dei

2025 903 2223 943 manus
2263 905 2424 944 suum
2456 878 2774 944 tradidisset
2798 890 3073 961 spiritum,
3104 898 3459 947 sacrosancto
3493 890 3604 949 tilio

2025 980 2282 1035 concedit
2322 981 2653 1036 libertatem.
2696 980 2874 1051 Atque
2906 996 3137 1053 magnus
3168 981 3392 1051 quidem
3434 980 3605 1034 David

2025 1071 2079 1126 in
2111 1070 2199 1126 bis
2236 1070 2415 1124 virum
2447 1071 2660 1140 justum
2695 1071 3040 1140 exprimens,
3096 1071 3232 1126 dicit
3268 1089 3284 1127 :
3316 1071 3603 1139 Dispersit,

2023 1159 2167 1213 dedit
2194 1158 2535 1229 pauperibus,
2556 1159 2777 1229 justitia
2806 1161 2921 1229 ejus
2940 1170 3115 1214 manet
3146 1161 3201 1214 in
3225 1164 3477 1217 ramulum
3499 1178 3605 1225 sa:-

2025 1250 2134 1303 cuti
2162 1250 2203 1302 ⁸.
2231 1246 2685 1305 Joannes'antem
2712 1265 2838 1305 cum
2872 1251 3058 1317 matri,
3092 1258 3152 1306 ut
3180 1250 3430 1319 decebat,
3454 1251 3605 1321 justa

2026 1340 2268 1405 fecisset,
2306 1356 2417 1395 non
2452 1341 2631 1395 solum
2666 1355 2858 1395 omnes
2883 1340 3123 1405 divitias,
3158 1343 3354 1412 partim
3383 1341 3603 1413 quidem

2022 1432 2255 1505 pulchre
2286 1432 2576 1502 dispergit,
2607 1431 2810 1501 partim
2844 1442 3026 1485 autem
3077 1432 3188 1487 Deo
3238 1433 3606 1502 pulcherrime

2025 1531 2350 1591 consecrat;
2380 1522 2475 1578 sed
2509 1524 2678 1579 etiam
2710 1538 2871 1579 suum
2909 1523 2965 1579 in
2999 1532 3164 1578 notos
3208 1532 3262 1579 et
3289 1525 3520 1589 amicos,
3553 1531 3608 1579 ct
3666 1554 3675 1569 ι

2027 1615 2233 1686 alioqui
2276 1615 2576 1670 familiares
2630 1630 2875 1669 amorem
2904 1627 3274 1686 postponens,
3317 1630 3346 1669 a
3393 1631 3524 1672 vero
3556 1625 3608 1672 et

2024 1708 2117 1779 qui
2151 1722 2433 1777 nunquam
2457 1706 2627 1762 etllnit
2654 1722 2842 1763 amore
2880 1708 3120 1777 pendet;
3151 1716 3205 1764 et
3249 1723 3378 1763 cum
3428 1708 3604 1764 vitam

2026 1798 2367 1869 suscepisset
2405 1801 2795 1862 monasticam,
2834 1798 2925 1867 qui
2965 1800 3127 1853 etiam
3170 1807 3321 1862 ante,
3369 1799 3416 1853 si
3460 1800 3604 1854 ullus

2028 1886 2325 1950 alius,erat
2351 1886 2654 1952 solitarius,
2679 1895 2939 1956 tanquam
2976 1897 3107 1942 tunc
3140 1886 3519 1957 ineipiensdat
3551 1905 3612 1944 se

2029 1978 2395 2040 monasteriis,
2430 1976 2674 2047 quotidie
2692 1976 2759 2031 ad
2787 1978 3085 2042 anteriora,
3120 1981 3265 2033 sicut
3296 1978 3502 2034 Paulus
3527 1980 3611 2034 lo-

2029 2068 2218 2141 quitur
2249 2068 2365 2134 ",se
2384 2067 2710 2123 extendens.
2739 2068 2873 2123 Cum
2905 2069 3028 2123 talis
3051 2078 3235 2123 autem
3265 2066 3608 2137 cerneretur,

2028 2168 2253 2230 rogatur
2273 2157 2495 2229 quidem
2511 2168 2567 2211 ut
2591 2157 2825 2211 fratrum
2854 2160 3127 2227 suscipiat
3159 2159 3553 2230 praefecturam
3595 2180 3609 2214 :

2030 2248 2122 2302 sed
2136 2248 2189 2299 id
2206 2246 2429 2301 minime
2445 2246 2701 2302 sustinet.
2722 2244 2946 2301 Decreta
2966 2254 3143 2302 autem
3164 2256 3218 2301 et
3234 2248 3480 2303 ordinem
3498 2264 3616 2302 οιιι-

2032 2337 2121 2391 nis
2153 2335 2313 2390 bome
2343 2336 2667 2390 monasticae
2698 2335 3107 2391 exercitationis
3141 2337 3361 2393 divinus
3397 2338 3487 2391 hic
3528 2354 3616 2393 ze-

2032 2430 2172 2485 lotes
2190 2428 2502 2496 conscripta
2522 2428 2602 2481 eis
2623 2427 2809 2482 tradit.
2837 2426 2942 2483 Sed
2967 2428 3101 2499 quid
3128 2429 3265 2493 haec,
3289 2429 3393 2484 etsi
3419 2444 3618 2501 magna

2032 2522 2163 2591 sint,
2195 2521 2239 2574 si
2260 2519 2618 2575 conferantur
2640 2534 2765 2575 cum
2801 2519 3052 2575 futuris?
3091 2520 3225 2586 Quae
3270 2520 3338 2575 de
3376 2536 3443 2575 eo
3490 2522 3617 2592 qui-

2032 2616 2154 2670 dem
2195 2614 2564 2683 spargebatur
2599 2611 2764 2676 fama,
2799 2612 3031 2681 cogebat
3053 2627 3247 2668 omnes
3272 2612 3523 2668 lubenter
3548 2610 3618 2666 ad

2032 2721 2154 2760 eum
2182 2702 2482 2758 confluere.
2520 2703 2642 2773 ipse
2681 2713 2865 2758 autem
2910 2711 3175 2774 tanquam
3218 2705 3341 2759 fons
3391 2704 3615 2777 quidam

2034 2795 2328 2866 perennis,
2389 2792 2879 2848 discernendarum
2946 2794 3365 2865 Scripturarum
3419 2809 3617 2864 aquam

2033 2885 2319 2943 eil‘undeus
2351 2884 2577 2939 minime
2603 2886 2999 2953 perturbatam,
3027 2900 3146 2941 eam
3174 2884 3382 2939 affatim
3416 2900 3619 2955 suppe-

2036 2980 2250 3035 ditabat
2290 2977 2571 3033 omnibus.
2616 2976 2959 3047 Licebatque
3009 2976 3197 3032 videre
3247 2992 3464 3042 omnes,
3522 2976 3617 3045 qui

351 3069 529 3129 λευσε.
561 3075 671 3129 Καὶ
694 3070 762 3145 ἦν
792 3075 925 3147 ὁρᾷν
961 3075 1211 3138 ἅπαντας
1238 3075 1387 3137 τοὺς,
1423 3075 1538 3127 ὅσοι
1563 3074 1642 3144 τῷ
1674 3074 1924 3148 φλογμῷ,

2038 3080 2175 3127 aestu
2209 3080 2261 3125 et
2291 3078 2536 3140 egestate
2567 3080 2620 3123 et
2648 3068 2740 3129 siti
2787 3068 3100 3125 divinorum
3150 3070 3497 3140 eloquiorum
3520 3084 3620 3123 ex-

350 3168 417 3240 τῇ
447 3166 625 3240 ἐνδείᾳ
662 3168 755 3220 καὶ
786 3166 926 3237 δίψει
952 3166 1061 3219 τῶν
1085 3166 1245 3219 θείων
1270 3164 1469 3234 λογίων
1502 3164 1927 3237 διεξηραίνοντο,

350 3256 541 3331 ὥσπερ
569 3257 765 3328 ἄγγεσι
798 3259 920 3321 ταῖς
977 3256 1180 3327 βίϐλοις
1224 3257 1325 3319 τὰς
1363 3256 1553 3310 τούτου
1612 3259 1801 3325 σαφεῖς
1838 3258 1931 3311 καὶ

353 3348 571 3415 διειδεῖς
598 3352 900 3425 ἑρμηνείας
922 3351 1280 3425 άρυομένους,
1309 3351 1404 3405 xui.
1428 3350 1564 3422 πρὸς
1586 3349 1685 3414 τὰς
1704 3350 1931 3419 ἐνεγκα-

358 3438 524 3511 μένας
545 3438 835 3511 χαίροντας
859 3439 1324 3510 ὕποστρέφοντας.

427 3538 501 3597 ς’.
546 3528 812 3585 Ἐνταῦθά
844 3547 935 3599 μοι
971 3529 1251 3601 γενομένῳ
1290 3530 1449 3602 σιγᾷν
1483 3528 1923 3601 προτεθὺμηται.

354 3622 569 3694 Κριτής
596 3621 705 3693 γὰρ
730 3621 838 3674 τῶν
869 3621 1019 3692 ἐμῶν
1038 3663 1052 3685 ,
1085 3623 1119 3693 ή
1150 3620 1479 3691 συνείδησις.
1516 3621 1615 3684 Τίς
1642 3621 1700 3675 δὲ
1722 3623 1749 3674 ὁ
1773 3622 1931 3691 λόγος

352 3712 454 3783 τῆς
482 3711 697 3782 σιωπῆς
718 3728 734 3778 ;
758 3713 881 3766 Ὅτι
907 3711 1160 3780 μεγάλων
1192 3709 1443 3764 ἐντεῦθεν
1465 3711 1762 3765 ἀνακόπτει
1790 3729 1931 3782 πραο

351 3807 587 3876 γμάτων
614 3802 889 3877 διήγησις,
911 3796 986 3857 ὧν
1018 3804 1088 3856 τά
1114 3801 1397 3872 παράδοξα
1425 3802 1735 3871 διηγεῖσθαι
1768 3800 1801 3876 ἢ
1849 3803 1934 3867 ἐξ·

355 3880 573 3966 υμνεῖν,
601 3895 725 3949 ὅσον
754 3895 923 3962 ἄξιον,
965 3895 1062 3964 οὐχ
1106 3887 1217 3957 οἷός
1250 3910 1312 3945 τε
1357 3892 1468 3961 ἐγώ
1491 3910 1505 3924 ο
1564 3892 1723 3962 πλὴν,
1758 3894 1786 3945 ὅ
1846 3910 1937 3963 μοι

358 3988 479 4043 κατ’
507 3986 686 4060 ἀρχὰς
706 3982 763 4041 ὲν
785 3984 1117 4059 προοιμίοις,
1138 3984 1232 4037 καὶ
1262 3981 1421 4047 αὖθις
1449 3985 1810 4055 ἐπινενόηται.
1828 3982 1939 4038 Καί

360 4096 454 4157 μοι
491 4076 914 4147 συγγινωσκέτω
944 4074 1159 4145 πρῶτον
1192 4074 1289 4144 μὲν
1334 4076 1362 4127 6
1392 4073 1534 4137 θεῖος
1570 4067 1727 4138 οὗτος
1772 4075 1932 4145 ἀνὴρ,

356 4168 454 4226 καὶ
473 4171 575 4239 τῆς
597 4167 748 4233 θείας
773 4167 1178 4237 εὐσπλαγχνίας
1214 4166 1481 4236 μιμητὴς,
1508 4166 1600 4217 καὶ
1636 4166 1931 4237 ἐγγυητήςο

362 4260 791 4330 συγγινώσκοιτε
824 4260 882 4313 δὲ
916 4260 1011 4312 καὶ
1035 4258 1193 4329 ὑμῶν
1222 4258 1335 4310 ὅσοι
1362 4257 1461 4327 τῆς
1492 4256 1659 4310 αὑτοῦ
1716 4258 1937 4327 φιλοσο-

2037 3162 2411 3225 siccabantur,
2446 3177 2510 3215 ex
2534 3160 2655 3231 ejus
2683 3158 2861 3226 libris,
2901 3168 3163 3231 tanquam
3200 3178 3266 3216 ex
3294 3161 3467 3225 vasis,
3498 3160 3620 3231 ejus

2036 3254 2219 3307 claras
2246 3260 2298 3307 et
2319 3252 2644 3322 perspicuas
2671 3251 2995 3307 haurientes
3024 3251 3536 3323 interpretationes,
3565 3258 3622 3306 et

2033 3344 2186 3399 lzetos
2228 3351 2566 3399 revertentes
2594 3340 2651 3396 in
2684 3342 2939 3413 patriam.

2105 3520 2160 3578 6.
2189 3520 2325 3578 Cum
2375 3520 2442 3576 ad
2486 3521 2631 3576 hunc
2686 3520 2866 3574 locum
2904 3519 3269 3590 pervenerim,
3314 3518 3487 3573 statui
3540 3518 3621 3575 si-

2038 3613 2186 3681 lere;
2228 3627 2474 3666 meorum
2509 3620 2593 3667 est
2618 3611 2764 3665 enim
2814 3612 2980 3680 judex
3032 3610 3399 3665 conscientia.
3460 3607 3623 3674 Quat-

2045 3718 2172 3758 nam
2204 3710 2291 3757 est
2318 3711 2500 3758 autem
2534 3701 2678 3756 ratio
2735 3701 2986 3757 silentii?
3037 3702 3192 3768 Quod
3247 3701 3375 3755 hinc
3436 3716 3623 3754 rerum

2048 3809 2369 3863 magnarum
2400 3794 2653 3849 exoritur
2685 3794 2952 3861 narratio,
3012 3808 3242 3862 quarum
3282 3791 3624 3846 admirabili-

2044 3892 2214 3939 tatem
2248 3896 2477 3938 narrare
2508 3892 2560 3938 et
2594 3883 2870 3947 laudibus,
2934 3891 3199 3951 quantum
3228 3899 3323 3953 par
3351 3891 3455 3946 est,
3480 3883 3626 3935 cele—

2044 3973 2209 4029 brare
2241 3990 2349 4029 non
2386 3990 2609 4043 possum
2644 3992 2658 4028 :
2692 3982 2933 4027 attamen
2966 3973 3110 4042 quod
3142 3974 3273 4026 mihi
3322 3973 3375 4025 in
3412 3973 3623 4042 princi-

2047 4067 2139 4139 pio
2166 4068 2444 4136 prommii,
2475 4068 2528 4121 id
2562 4082 2755 4121 rursus
2784 4081 2999 4137 quoque
3016 4065 3163 4119 venit
3196 4067 3247 4117 in
3282 4068 3538 4119 mentem.
3566 4063 3630 4117 Et

2049 4158 2182 4211 mihi
2223 4158 2460 4227 primum
2485 4158 2736 4228 ignoscat
2773 4158 2860 4210 his
2897 4156 2979 4209 vir
3012 4156 3260 4218 divinus,
3318 4155 3628 4225 divinaeque

2049 4251 2359 4305 clementia:
2398 4249 2646 4304 imitator
2680 4259 2732 4303 et
2768 4247 3063 4319 ﬁdejussor
3102 4248 3410 4318 :ignoscite
3446 4254 3571 4301 aute
3597 4264 3629 4300 ιι

362 4356 490 4418 φίας
529 4352 812 4406 ἐπαινέται
840 4350 937 4403 καὶ
958 4348 1254 4420 τρυφηταί.
1281 4348 1584 4417 Μακάριος
1607 4347 1679 4414 εἶ,
1720 4352 1937 4419 Σίμων,

2051 4358 2119 4397 ex
2166 4340 2322 4397 vobis
2358 4357 2580 4411 quoque
2607 4341 2925 4410 quicunque
2952 4340 3073 4409 ejus
3109 4339 3473 4408 plliitiSOpilIlB
3511 4340 3628 4391 lan-

364 4445 423 4497 ὲν
455 4442 812 4511 Εὐαγγελίοις
842 4441 1146 4508 εἰσάγεται,
1198 4439 1349 4510 φωνὴ
1397 4438 1457 4491 δὲ
1505 4439 1645 4512 αὕτη
1698 4441 1938 4510 Χριστοῦ

368 4534 504 4607 πρὸς
528 4534 619 4595 τὸν
650 4535 827 4604 μέγαν
869 4533 927 4584 ὲν
967 4530 1285 4593 ἀποστόλοις
1329 4529 1575 4600 Πέτρον·
1608 4532 1703 4583 καὶ
1733 4531 1942 4597 στήθει

365 4625 719 4687 ἀναπίπτων
746 4620 1008 4691 Χριστοῦ
1030 4620 1187 4683 ἄλλος
1220 4619 1468 4690 μαθητής
1492 4618 1941 4690 μεμαρτύρηται,

365 4716 464 4770 καὶ
502 4717 604 4777 ὅσα
655 4712 751 4767 τοῦ
793 4709 1151 4784 μακαρισμοῦ
1189 4709 1326 4779 μετὰ
1376 4708 1573 4775 ταῦτα,
1611 4710 1707 4762 καὶ
1741 4708 1852 4761 τῶν
1882 4713 1941 4762 ἐν

364 4807 699 4878 ἀμφοτέροις
724 4802 1144 4875 ἀποκαλύψεων,
1202 4804 1295 4855 καὶ
1325 4800 1501 4867 τέλος,
1533 4800 1590 4855 αί
1638 4801 1787 4865 κλεῖς
1843 4805 1943 4872 τῆς

366 4896 614 4969 οὐρανῶν
640 4893 939 4966 βασιλείας.
966 4889 1094 4963 'Ap‘
1128 4887 1220 4945 οὖν
1254 4891 1307 4944 εἴ
1329 4909 1392 4961 γε
1416 4891 1513 4962 τῆς
1542 4891 1735 4961 ὁμοίας
1777 4892 1947 4962 τιμῆς

369 4990 465 5049 καὶ
494 4988 655 5058 δόξης
685 4985 861 5057 ὁρῷτο
902 4984 999 5038 καὶ
1046 4977 1202 5048 οὗτος
1248 4983 1276 5036 6
1317 4982 1574 5052 Ἰωάννης
1620 4982 1945 5051 ἠξιωμένος.

367 5082 427 5133 ὲν
445 5079 503 5135 δὲ
527 5078 620 5137 τὸν
635 5064 778 5132 εἶναι
802 5068 896 5130 καὶ
920 5073 1283 5144 ὀνομάζεσθαι
1310 5072 1409 5142 τῆς
1437 5073 1712 5143 μακαρίας
1737 5072 1949 5142 ἐκείνης

368 5171 479 5226 τῶν
504 5169 820 5229 ἀποστόλων
862 5168 1020 5234 ἀξίας
1048 5166 1141 5220 καὶ
1172 5164 1381 5232 τάξεως
1412 5165 1748 5230 ίσοστάσιος;
1777 5165 1950 5218 066a-

372 5263 511 5334 μῶς,
542 5260 739 5326 Πῶςδὲ
760 5261 852 5314 καί
878 5261 1000 5315 τίνα
1018 5259 1241 5327 τρόπον,
1256 5257 1356 5328 ἤδη
1375 5256 1504 5328 ἐρῶ.
1525 5255 1700 5325 Συνῆν
1728 5256 1951 5328 Ἰωάννῃ

373 5353 546 5425 Σύρος
573 5370 659 5416 τις
704 5352 972 5423 πρέσϐυς,
1011 5349 1263 5427 Ἡσύχιος
1296 5346 1557 5417 τοῦνομα,
1588 5346 1839 5410 τοσοῦτος
1875 5350 1954 5411 είς

374 5445 599 5517 ἀρετὴν,
628 5442 771 5497 ὥστε
818 5438 1190 5511 κατηξιῶσθαι
1236 5439 1399 5494 αὐτὸν
1430 5441 1525 5491 καὶ
1570 5438 1664 5492 τοῦ
1716 5439 1953 5509 μεγάλου

370 5535 549 5609 δώρου
584 5534 685 5604 τῆς
723 5534 875 5596 θείας
908 5531 1313 5606 προγνώσεωςο
1362 5525 1423 5584 οὒ
1472 5530 1573 5601 τῆς
1607 5531 1954 5603 ἀναστροφῆς

372 5629 473 5683 καὶ
500 5624 600 5697 τῆς
628 5626 795 5695 ἄλλης
824 5624 1035 5694 διαίτης
1064 5625 1318 5692 ἐμιμεῖτο
1361 5618 1458 5691 τὴν
1490 5623 1951 5692 σεμνοπρέπειαν.

378 5720 570 5789 Τούτῳ
593 5719 723 5773 ποτὲ
749 5718 829 5788 τῷ
856 5720 1073 5789 γέροντι
1112 5714 1539 5785 προσευχομένῳ
1565 5713 1656 5766 δύο
1682 5714 1826 5776 τινὲς
1858 5712 1952 5767 ἄν-

454 5814 477 5849 “
505 5816 651 5875 I‘sal.
685 5832 797 5886 uti,
830 5813 885 5870 5.

2048 4433 2265 4487 datores
2291 4433 2447 4496 estis,
2477 4442 2528 4488 et
2559 4433 2612 4486 in
2647 4448 2709 4486 ea
2739 4447 2835 4485 vos
2866 4431 3177 4486 oblectatis.
3212 4430 3410 4483 Beatus
3438 4446 3515 4493 εδ,
3540 4428 3629 4483 Si-

2048 4540 2171 4576 mon
2193 4523 2238 4589 ⁸,
2274 4522 2477 4577 dicitur
2508 4523 2562 4576 in
2598 4522 2948 4593 Evangeliis;
3015 4522 3130 4576 haec
3164 4533 3347 4575 autem
3393 4537 3492 4573 vox
3549 4530 3635 4574 est

2048 4616 2255 4671 Christi
2280 4616 2347 4669 ad
2381 4632 2638 4685 magnum
2673 4618 2815 4670 inter
2845 4617 3123 4687 apostolos
3175 4614 3421 4669 Petrum.
3448 4612 3630 4667 Alium

2054 4722 2274 4778 quoque
2305 4708 2615 4777 apostolum
2652 4717 2913 4762 testatum
2946 4715 3029 4761 est
3071 4721 3227 4774 super
3280 4697 3478 4757 Christi
3509 4719 3633 4771 pec-

2056 4809 2140 4851 tus
2170 4798 2470 4851 recubuisse
2492 4799 2550 4865 ⁹;
2587 4807 2639 4852 et
2670 4813 3013 4868 quascunque
3070 4797 3293 4849 fuerunt
3346 4795 3635 4863 utriusque

2053 4896 2179 4959 post
2209 4889 2322 4944 haec
2343 4888 2714 4943 beatitudines
2741 4896 2797 4941 et
2831 4888 3218 4953 revelationes,
3255 4896 3310 4942 et
3353 4896 3636 4958 postremo

2052 4962 2236 5034 claves
2274 4980 2425 5050 regni
2461 4980 2746 5034 cmiorum.
2781 4978 2920 5033 Num
2959 4996 3091 5049 ergo
3128 4981 3174 5035 si
3207 4979 3399 5034 eodem
3426 4980 3638 5033 honore

2052 5078 2109 5129 et
2141 5071 2312 5141 gloria
2333 5081 2657 5125 cerneretur
2690 5071 2776 5123 hic
2802 5085 3021 5139 quoque
3077 5070 3321 5125 Joannes
3352 5070 3634 5141 dignatus,

2054 5163 2102 5217 ei
2130 5163 2347 5217 deesset
2372 5162 2601 5231 aliquid,
2628 5162 2927 5232 quominus
2960 5171 3014 5216 et
3072 5171 3216 5216 esset
3242 5172 3295 5216 et
3324 5163 3641 5215 nominare—

2057 5262 2144 5307 tur
2169 5268 2269 5322 par
2327 5252 2497 5305 beatae
2524 5252 2600 5305 illi
2632 5251 2883 5323 dignitati
2917 5263 2968 5306 ct
3002 5252 3181 5306 ordini
3217 5251 3640 5321 apostolorum?

2055 5340 2437 5412 Nequaquam.
2470 5341 2756 5407 Quomodo
2792 5349 2972 5395 autem
3017 5351 3070 5397 et
3103 5357 3209 5412 qua
3254 5341 3492 5407 ratione,
3521 5340 3635 5410 jam

2056 5437 2261 5491 dicam.
2290 5434 2427 5490 Cum
2469 5433 2681 5488 Joanne
2704 5433 3030 5488 versabatur
3063 5432 3235 5504 Syrus
3290 5432 3511 5500 quidam
3552 5448 3638 5484 sr-

2058 5547 2188 5594 nex,
2228 5528 2446 5584 nomine
2480 5525 2811 5599 Hesychius,
2848 5526 3055 5581 virtute
3089 5534 3298 5591 tantus,
3334 5533 3393 5579 ut
3428 5524 3472 5579 is
3502 5541 3639 5595 quo-

2061 5638 2167 5693 que
2193 5623 2394 5692 dignus
2439 5621 2509 5676 sit
2539 5620 2783 5684 habitus,
2824 5618 2915 5689 qui
2950 5626 3343 5689 asscquerctur
3376 5634 3642 5689 magnqu

2061 5714 2263 5767 donum
2297 5713 2495 5767 divina:
2528 5712 2883 5782 tumscientia:
2911 5729 2924 5777 ;
2984 5710 3144 5781 cujus
3194 5708 3605 5765 convcrsa"~"
3636 5701 3646 5713 ’

962 5815 982 5846 ⁷
1016 5812 1213 5883 Philip.
1242 5829 1323 5876 ιιι,
1358 5813 1441 5866 t3.
1518 5812 1538 5841 ⁸
1568 5810 1758 5867 Matth.
1793 5826 1903 5879 χιι,
1942 5810 2025 5865 17.
2103 5812 2123 5841 ³
2155 5808 2311 5865 Joau.
2348 5824 2462 5876 ιιιι,
2489 5808 2577 5863 ⁸25.
