4084 6452
470 338 587 421 '239

1744 346 2019 423 1.150le
2051 345 2512 408 PHILOSOPHI

3626 350 3729 418 240

480 478 535 523 ct
560 472 685 523 vita:
718 468 938 538 agenda:
986 468 1326 521 honestatem
1409 464 1726 520 imitabatur
1792 460 2044 516 Joannes.

2160 461 2285 532 δρες
2340 463 2576 533 ὁρῶνται
2639 465 3024 536 λευχείμονες,
3086 470 3469 539 παραστάντες
3525 468 3654 523 ἔνθα
3703 474 3732 523 6

480 549 622 639 ﬂuic
653 563 771 617 seni
831 560 1127 630 aliquando
1180 560 1367 615 oranti
1426 565 1690 629 apparent
1721 557 1830 611 duo
1873 569 2053 622 senes,

480 655 661 710 induti
690 653 942 708 candidis
989 652 1257 718 vestibus,
1301 658 1547 706 astantes
1585 649 1677 704 ubi
1728 647 2056 718 precabatur

476 746 754 810 Joannes;
788 759 1022 813 quorum
1056 759 1197 799 unus
1237 743 1457 813 quidem
1510 741 1707 794 librant
1760 739 2051 808 scriptum,

476 820 615 913 alter
651 851 782 889 vero
815 828 1065 905 gestabat
1114 834 1314 889 claves.
1365 832 1589 886 Licebat
1640 840 1821 884 autem
1870 829 2055 882 videre

473 933 768 1005 Joanpem,
796 945 919 984 cum
963 944 1060 984 eos
1091 928 1340 992 vidisset,
1374 927 1629 989 adorare,
1684 924 1810 979 illos
1867 931 2052 977 autem

474 1027 656 1079 dicere
695 1041 710 1079 :
752 1022 999 1086 Conﬁde,
1030 1030 1085 1074 et
1117 1020 1229 1076 noli
1269 1020 1485 1076 timere.
1536 1017 1688 1072 Illum
1726 1031 1855 1072 vero
1886 1014 2054 1077 verbo

472 1096 827 1194 rogassequo
870 1113 1211 1184 appellamus
1240 1111 1519 1176 dominos,
1557 1110 1788 1179 quinam
1841 1114 2050 1171 essent,

472 1207 622 1282 quod
650 1205 858 1277 dignati
889 1212 1078 1275 essent
1108 1204 1296 1259 venire
1326 1202 1393 1257 ad
1438 1218 1596 1259 suam
1657 1199 2050 1268 humilitatem,

472 1308 526 1372 et
558 1313 653 1353 eos
689 1314 881 1353 rursus
906 1296 1094 1352 dicere
1120 1315 1134 1352 :
1163 1296 1241 1351 Ne
1267 1296 1484 1362 timeas,
1514 1295 1597 1349 vir
1625 1294 2049 1359 desideriorum,

473 1404 614 1445 nove
643 1388 859 1454 Daniel,
897 1389 949 1441 in
989 1403 1098 1459 quo
1126 1387 1338 1441 habitat
1365 1384 1604 1454 Spiritus
1642 1394 1896 1440 sanctus.
1937 1383 2050 1439 Rex

472 1494 709 1555 magnus
747 1477 1025 1549 Christus,
1061 1486 1249 1534 noster
1279 1475 1558 1543 magister,
1602 1488 1701 1527 nos
1729 1473 1878 1527 misit
1906 1472 1973 1525 ad
2000 1480 2054 1527 te

472 1570 703 1643 nuntios
727 1570 946 1647 gaudii;
981 1569 1189 1639 gaudii,
1222 1569 1471 1639 inquam,
1504 1581 1616 1637 quo
1639 1581 1736 1635 per
1769 1577 1819 1620 te
1852 1564 2043 1620 fruen-

472 1672 567 1715 tur
590 1677 784 1735 omnes
820 1661 912 1715 Dei
948 1659 1229 1714 Ecclesiae.
1282 1656 1408 1711 Haec
1440 1656 1654 1713 dixisse
1701 1665 1757 1711 et
1790 1657 1838 1710 ei
1883 1655 2052 1710 tradi-

472 1753 645 1827 disse,
674 1752 906 1805 alterum
949 1766 1014 1805 ex
1049 1750 1135 1805 his
1158 1747 1378 1825 quidem
1404 1747 1624 1813 librum,
1659 1747 1890 1802 alterum
1919 1762 2052 1801 vero

2171 553 2424 625 Ἰωάννης
2447 552 2791 628 προσηύχετο
2812 572 2826 586 ·
2857 549 2933 609 ὧν
2951 558 2979 609 6
3009 558 3108 628 μὲν
3130 560 3294 626 τόμον
3320 561 3731 633 γεγραμμένον,

2156 646 2184 698 6
2235 646 2292 699 δὲ
2336 646 2482 709 κλεῖς
2519 647 2846 718 ἐπεφέρετο.
2886 648 3053 721 Ὁρᾷν
3097 650 3154 703 δὲ
3186 646 3254 722 ἦν
3297 651 3527 717 τούτους
3557 651 3733 707 ίδόντα

2156 737 2533 807 προσκυνῆσαι
2570 738 2663 792 τδν
2703 738 2981 807 Ἰωάννην,
3006 741 3135 804 τοὺς
3170 741 3227 797 δὲ
3274 743 3453 799 εἰπεῖν
3478 760 3492 775 ο
3525 743 3733 813 Θάρσει

2154 829 2249 881 καὶ
2290 828 2366 899 μὴ
2395 829 2584 898 φοϐοῦ.
2632 829 2737 883 Τὸν
2777 830 2834 883 δὲ
2880 830 3213 900 διερωτῆσαι
3249 833 3479 908 ῥήματι,
3524 827 3567 900 ᾧ
3604 834 3733 897 τοὺς

2158 920 2379 990 κυρίους
2417 918 2717 990 καλοῦμεν,
2757 920 2904 983 τίνες
2946 920 3013 975 ἀν
3042 915 3175 985 εἷεν,
3225 923 3306 975 ὅτι
3349 921 3732 991 κατηξιώσατε

2153 1010 2292 1080 πρὸς
2322 1009 2419 1081 τὴν
2450 1012 2472 1063 ὲ
2484 1011 2591 1080 μὴν
2622 1009 2953 1064 ταπείνωσιν
2989 1011 3203 1065 ἱκέσθαι
3229 1026 3243 1041 ⁸
3285 1012 3380 1065 καὶ
3409 1014 3536 1075 τοὺς
3574 1007 3732 1076 αὖθις

2154 1101 2329 1153 εἰπεῖν
2350 1115 2363 1129 ·
2397 1101 2490 1171 Μὴ
2524 1101 2716 1171 φοϐοῦ,
2754 1101 2889 1172 ἀνερ
2917 1101 3247 1172 ἐπιθυμιῶν,
3280 1103 3367 1155 νέε
3406 1102 3626 1174 Δανιὴλ,
3673 1105 3731 1155 ὲν

2151 1182 2196 1256 ᾧ
2241 1192 2432 1260 σκηνοῖ
2467 1184 2529 1244 τὸ
2578 1190 2804 1261 Πνεῦμα
2850 1193 2912 1246 τὸ
2953 1193 3128 1262 ἅγιον.
3174 1193 3438 1256 Βασιλεὺς
3480 1194 3509 1245 6
3554 1194 3732 1263 μέγας

2154 1283 2408 1354 Χριστὸς,
2441 1287 2468 1339 6
2502 1285 2768 1356 ἡμέτερος
2795 1285 3138 1351 διδάσκαλος,
3179 1286 3474 1342 ἀπέστειλέ
3515 1303 3598 1339 σοι
3632 1304 3731 1355 χα-

2158 1379 2257 1445 ρᾶς
2289 1379 2556 1448 ἀγγέλους
2590 1380 2735 1451 ἡμᾶς
2760 1395 2775 1409 '
2809 1380 3016 1451 χαρᾶς,
3048 1374 3117 1451 ἧς
3149 1379 3524 1433 ἀπολαύσουσι
3556 1380 3731 1431 πᾶσαι

2153 1470 2239 1529 διὰ
2277 1471 2370 1533 σοῦ
2404 1473 2461 1525 αί
2495 1471 2590 1526 τοῦ
2627 1470 2763 1525 Θεοῦ
2808 1471 3150 1542 Ἑκκλησίαι.
3185 1469 3370 1525 Ταῦτα
3403 1472 3602 1536 εἰπεῖν,
3638 1467 3736 1521 καὶ

2154 1563 2437 1619 ἐπιδοῦναι
2461 1564 2628 1634 αὐτῷ,
2661 1565 2754 1618 τὸν
2781 1564 2881 1635 μὲν
2909 1565 3001 1618 τὸν
3027 1566 3210 1635 τόμον,
3244 1565 3334 1618 τὸν
3356 1564 3412 1617 δὲ
3434 1563 3531 1629 τὰς
3558 1560 3728 1629 κλεῖς,

2154 1655 2504 1719 ἐπειπόντας,
2544 1655 2619 1716 ὡς
2657 1654 2798 1724 Ἐγὼ
2832 1655 2930 1727 μὲν
2965 1657 3241 1727 Ἰωάννης,
3280 1659 3308 1711 6
3343 1655 3626 1711 ἐπιπεσὼν
3670 1657 3729 1709 ὲν

2154 1747 2241 1819 τῷ·
2266 1746 2515 1816 μυστικῷ
2534 1747 2735 1817 δείπνῳ
2761 1747 2945 1819 στήθει
2972 1749 3235 1819 Χριστοῦ,
3261 1749 3515 1804 κάκεῖθεν
3536 1751 3603 1803 τά
3631 1752 3733 1820 τῆς

470 1806 676 1907 claves,
721 1841 1106 1911 subiungendo
1149 1806 1319 1909 {Ego
1367 1806 1898 1909 quidem'Joannes,
1956 1838 2044 1909 qui

2156 1806 2434 1907 θεολογίας
2464 1806 2804 1909 ε’ρυσάμενος
2829 1806 3047 1908 νάματά
3069 1858 3083 1872 ·
3111 1806 3296 1909 ὲγὼΙδὲ
3324 1841 3553 1914 Πέτρος,
3582 1842 3610 1894 6

468 1937 524 1988 in
562 1934 793 2006 mystica
823 1949 979 1989 cwna
1027 1948 1195 2003 super
1254 1932 1460 1986 Christi
1493 1940 1683 2002 pectus
1718 1930 1972 1993 recubui,
2001 1937 2054 1983 et

468 2024 623 2091 illinc
648 2026 811 2085 hausi
844 2025 1046 2080 ﬂuenta
1083 2026 1374 2096 theologia:
1402 2043 1418 2094 ;
1454 2039 1554 2095 ego
1595 2032 1775 2078 autem
1801 2039 1922 2079 sum
1947 2021 2049 2078 Pe-

465 2124 609 2195 trus,
641 2118 735 2195 qui
768 2116 1047 2177 Christum
1075 2118 1169 2173 Dei
1202 2117 1306 2172 vivi
1340 2116 1539 2171 Filium
1573 2133 1693 2172 sum
1730 2118 2044 2172 confessus.

464 2202 612 2266 Deus
651 2221 783 2279 vero
810 2206 911 2270 tibi
937 2222 1159 2277 quoque
1182 2207 1274 2262 dat
1322 2221 1497 2273 meam
1539 2214 1893 2281 potestatem.
1931 2203 2042 2259 Fac

463 2296 648 2349 omnia
673 2310 1035 2369 quaecumque
1070 2294 1167 2348 tibi
1189 2294 1468 2367 iubemus.
1501 2292 1567 2357 Et
1599 2310 1723 2347 cum
1761 2294 1812 2363 in
1834 2292 2050 2371 divino-

463 2404 588 2442 rum
618 2372 1020 2457 praeceptorum
1053 2388 1331 2457 mysteriis
1364 2403 1489 2443 eum
1528 2387 1927 2450 instituissent,
1993 2394 2049 2441 et

468 2482 779 2541 futurorum
810 2493 864 2536 et
899 2480 1168 2549 bellorum
1200 2488 1253 2533 et
1299 2464 1680 2545 aﬂlictionum,
1731 2495 1851 2548 quae
1883 2479 2048 2548 justis

462 2570 555 2645 hic
604 2570 789 2625 multa:
816 2584 938 2623 esse
969 2567 1167 2641 solent,
1199 2567 1582 2644 praedixissent
1610 2560 1891 2630 eventum,
1920 2576 2043 2645 tan—

465 2646 768 2737 demicum
824 2660 1081 2714 universa
1146 2659 1265 2729 ejus
1326 2642 1570 2713 membra
1630 2640 2044 2732 obsignasseut‘,

464 2765 701 2827 eumque
741 2749 978 2819 amplexi
1033 2757 1241 2819 essent,
1302 2750 1557 2821 bonoque
1588 2759 1642 2803 et
1692 2749 1817 2803 forti
1861 2750 2047 2821 animo

461 2859 585 2899 esse
609 2843 934 2913 jussissent,
974 2842 1260 2897 recedunt.
1318 2840 1447 2896 Ilaec
1474 2856 1601 2895 eum
1634 2840 1726 2895 ille
1763 2856 1893 2906 vere
1932 2840 2045 2903 ad-

462 2935 732 3007 mirabilis
768 2934 994 2999 vidisset
1025 2942 1077 2988 et
1109 2931 1377 2987 audiisset
1417 2947 1609 3005 senex,
1656 2931 1799 3005 apud
1831 2946 1890 2986 se
1945 2931 2042 2989 mi-

463 3027 714 3090 rabatur.
750 3025 825 3097 lis
854 3034 1037 3079 autem
1086 3023 1181 3096 qui
1235 3038 1361 3079 eum
1386 3024 1468 3078 sic
1501 3021 1784 3086 videbant,
1814 3038 2041 3079 causam

2154 1927 2388 1996 Χριστὸν
2428 1927 2554 1980 Υἱδν
2585 1926 2721 1980 Θεοῦ
2758 1929 3120 2000 ὁμολογήσας.
3151 1930 3283 1993 Θεὸς
3310 1929 3367 1983 δὲ
3400 1931 3495 1983 καὶ
3526 1931 3608 1984 σοὶ
3630 1931 3732 2000 τὴν

2151 2016 2292 2088 ὲμὴν
2349 2017 2566 2070 δίδωσιν
2603 2018 2886 2082 ἐξουσίαν’
2946 2020 3178 2090 ποίησον
3229 2017 3323 2073 οὖν
3370 2020 3570 2085 πάντα,
3621 2021 3732 2073 ὅσα

2150 2110 2507 2183 ἐντελλόμεθά
2538 2127 2640 2167 σοι.
2664 2112 3218 2183 Μυσταγωγήσαντές
3244 2130 3303 2165 τε
3328 2112 3490 2166 αὐτὸν
3515 2112 3583 2166 τὰ
3608 2113 3729 2166 θεῖα

2150 2206 2488 2276 ἐντάλματα,
2516 2205 2613 2260 καὶ
2656 2204 2764 2259 τῶν
2803 2206 3247 2277 ὲπελευσομένων
3288 2206 3544 2275 πολέμων
3575 2203 3728 2275 αύτῷ

2151 2299 2247 2353 καὶ
2277 2298 2530 2367 θλίψεων,
2559 2299 2614 2352 αἳ
2646 2298 2839 2351 πολλαὶ
2885 2302 2996 2363 τοῖς
3038 2299 3269 2362 δικαίοις
3316 2297 3725 2369 προσγίνονται,

2151 2387 2251 2458 τὴν
2286 2386 2510 2449 ἔκϐασιν
2556 2388 2937 2465 προειπόντες,
2983 2387 3139 2451 τέλος
3192 2388 3300 2441 πᾶν
3355 2387 3515 2458 μέλος
3557 2385 3726 2445 αὐτοῦ

2148 2480 2746 2555 κατασφραγισάμενοι,
2805 2480 3184 2555 ἀσπασάμενοι
3233 2497 3292 2553 τε
3358 2480 3455 2553 καὶ
3502 2478 3729 2549 θαρσεῖν

2150 2572 2245 2623 καὶ
2277 2571 2481 2640 ἰσχύειν
2507 2552 2827 2633 ἐπειπόντες
2846 2611 2860 2635 ,
2896 2552 3113 2623 ἀπίασι.
3147 2552 3335 2623 Ταῦτα
3363 2573 3391 2628 6
3418 2552 3725 2638 θαυμάσιος

2147 2664 2355 2724 ἐκεῖνος
2383 2662 2551 2724 ὅντως
2601 2660 2744 2727 ἰδὼν,
2798 2662 2890 2715 καὶ
2939 2648 3179 2733 ἀκούσας
3224 2659 3560 2732 πρεσϐύτης,
3595 2658 3722 2713 καθ’

2147 2753 2337 2804 ἑαυτὸν
2365 2751 2743 2823 ἐξεπλήττετο.
2762 2752 2883 2805 Τῶν
2907 2750 2963 2809 δὲ
2995 2750 3302 2822 βλεπόντων
3324 2748 3496 2813 οὕτως
3534 2748 3724 2813 αὐτὸν,

2147 2842 2245 2913 τὴν
2277 2843 2457 2898 αἰτίαν
2502 2843 2950 2914 πυνθανομένων,
3006 2843 3147 2917 ἔφη’
3191 2842 3508 2917 Μυστήρια
3549 2841 3728 2905 ,βασις

2145 2936 2317 3003 ,ιι-ἔως,
2362 2935 2602 3004 ἀδελφοὶ,
2658 2935 3048 3004 θριαμϐεύειν,
3102 2935 3197 2988 καὶ
3236 2933 3373 2987 Θεοῦ
3426 2931 3726 2986 καλύπτειν

2146 3030 2429 3100 τεράστια,
2456 3028 2546 3080 τὸν
2575 3029 2717 3089 ἴσον,
2769 3027 2969 3096 μᾶλλον
3014 3026 3070 3079 δὲ
3123 3026 3216 3078 καὶ
3258 3024 3428 3078 πλείω
3474 3022 3725 3078 κίνδυνον

461 3117 811 3186 rogantibus,
841 3116 982 3175 dixit
1017 3134 1031 3170 :
1066 3115 1243 3187 Regis,
1272 3130 1305 3170 ο
1335 3114 1559 3179 fratres,
1609 3131 1813 3168 arcana
1848 3131 2044 3183 propa-

2149 3120 2425 3192 ἐπιφέρει.
2469 3120 2581 3177 Καὶ
2611 3118 2938 3190 ἀρξάμενος,
2967 3117 3029 3171 τδ
3060 3118 3169 3170 πᾶν
3202 3116 3385 3186 διῆλθε
3409 3114 3509 3183 τῆς
3552 3114 3725 3171 ὀπτα-

462 3210 743 3273 (are'°,et
776 3209 871 3263 Dei
919 3208 1133 3277 aperire
1179 3206 1467 3271 miracula,
1526 3221 1622 3279 par
1682 3217 1848 3274 atque
1907 3206 2043 3259 adeo

461 3300 643 3369 majus
683 3298 839 3354 aﬂ‘ert
870 3299 1215 3369 perieulum;
1246 3305 1301 3351 et
1324 3295 1594 3365 incipiens
1638 3302 1809 3353 totum
1848 3308 2041 3347 narra-

460 3392 540 3445 vit
577 3391 870 3445 visionem.
902 3389 1005 3444 Cui
1035 3404 1161 3443 cum
1191 3388 1319 3442 data
1351 3396 1501 3443 esset
1537 3387 1694 3448 ﬁdes,
1732 3401 1840 3439 non
1869 3385 2041 3440 scitu-

459 3497 583 3545 rum
613 3481 664 3536 id
694 3480 985 3546 Joannem,
1024 3480 1071 3535 is
1111 3486 1327 3533 mentes
1354 3479 1600 3532 omnium
1659 3476 1898 3544 implevit
1945 3476 2042 3531 ad-

460 3556 781 3648 miratione.
812 3572 1058 3625 Joannes
1087 3578 1274 3623 autem
1313 3580 1445 3622 tunc
1476 3566 1702 3636 scripsit
1743 3564 1937 3621 libros
1975 3566 2043 3620 de

463 3664 778 3729 monastica
834 3660 1261 3721 exercitatione.
1321 3657 1460 3712 Hinc
1501 3659 1550 3713 ei
1608 3658 1925 3712 ascendenti
1973 3657 2040 3712 ad

462 3752 744 3822 fastigium
779 3752 1046 3827 imprimis
1103 3753 1265 3823 regias
1306 3752 1569 3805 virtutum
1620 3752 2042 3819 contemplatio-

459 3845 567 3911 nis,
607 3856 659 3897 et
692 3842 1008 3912 subjicienti
1041 3841 1330 3911 audaciam
1387 3844 1729 3912 passionum,
1776 3841 2042 3897 divinitus

462 3935 518 3989 in
556 3948 651 3988 eas
688 3932 854 3986 datur
905 3940 1165 4001 potestas,
1242 3938 1423 3984 mente
1478 3944 1601 3999 quae
1663 3930 2036 3999 principatum

458 4025 676 4099 obtinet
710 4039 957 4094 superno
1002 4023 1207 4078 auxilio
1259 4021 1540 4091 adjuvata,
1594 4029 1649 4077 et
1708 4021 2039 4092 subjugante

461 4118 678 4179 illarum
733 4115 1034 4170 feritatem.
1085 4113 1277 4183 Operae
1329 4113 1564 4183 pretium
1612 4118 1699 4167 est
1746 4118 1926 4165 autem
1974 4112 2043 4166 de

457 4206 863 4275 Omnipotentis
917 4220 1137 4275 quoque
1193 4205 1248 4257 in
1294 4220 1417 4258 eum
1468 4212 1522 4257 et
1568 4204 1623 4257 in
1670 4203 1756 4257 his
1821 4202 2041 4265 muniﬁ—

458 4299 665 4358 centia,
697 4294 1079 4350 contrahendo
1108 4294 1440 4359 orationem,
1477 4294 1660 4371 quoad
1696 4292 1811 4347 ﬁeri
1835 4303 2037 4361 potest,

460 4388 700 4463 breviter
728 4386 1024 4440 disserere.

532 4479 585 4530 7.
628 4478 965 4545 [ὶυηιίιιξείιιιι
996 4478 1288 4541 limbriam,
1323 4478 1822 4541 sicutaudlvimus,
1850 4494 2039 4535 ueces-
2076 4475 2118 4527 D

462 4573 624 4626 suate
659 4569 834 4623 morbi
875 4570 1071 4633 adacta
1128 4570 1242 4624 illic
1290 4569 1509 4639 quidem
1555 4571 1752 4624 mulier
1781 4570 1883 4625 ﬁde
1920 4579 2043 4624 tan-

458 4679 592 4744 gens
638 4662 701 4725 “,
735 4661 937 4745 accipit
969 4669 1119 4743 tactu
1150 4662 1408 4716 salutem.
1474 4659 1620 4731 Ergo
1676 4662 1763 4715 hic
1822 4678 2041 4733 quoque

460 4754 704 4807 imitatus
741 4762 826 4807 est
860 4752 1205 4825 magistrum.
1247 4750 1361 4814 ,liic
1391 4751 1538 4804 enim
1587 4751 1669 4804 vir
1702 4752 1924 4825 quidam
1964 4754 2041 4808 Ia-

454 4845 688 4898 ‘borabat
720 4850 870 4896 tanto
898 4843 1091 4897 dolore
1110 4842 1461 4905 hemicrauii,
1492 4848 1551 4915 ut
1582 4842 1711 4895 mali
1740 4843 2036 4898 Vehemen-

458 4938 533 4991 tia
586 4936 853 4993 exsiliens
907 4936 1105 5015 oculus
1141 4922 1284 5011 ejus
1336 4944 1656 4989 cerneretur
1722 4936 1961 5006 pendere
2008 4950 2037 4989 a

457 5028 705 5082 maxilla.
744 5026 791 5080 Is
830 5016 954 5079 cum
994 5026 1277 5080 incassum
1314 5026 1369 5081 in
1412 5026 1656 5081 medicos
1682 5042 1812 5082 suas
1841 5042 2034 5082 omnes

456 5106 901 5195 censumpsisset
955 5115 1268 5197 facultates,
1331 5117 1548 5195 accedit
1608 5118 1906 5186 aliquando
1963 5118 2033 5173 ad

455 5212 704 5267 divinum
734 5208 1024 5271 Joannem,
1066 5224 1267 5277 rogans
1298 5216 1356 5264 ut
1390 5217 1699 5267 sanaretur.
1731 5209 1824 5263 Ille
1851 5223 2033 5265 autem

454 5304 589 5356 dicit
614 5302 663 5356 ei
699 5319 710 5354 :
748 5290 909 5359 Hunc
934 5300 1187 5377 morbum
1220 5298 1317 5351 tibi
1345 5290 1716 5377 conciliarunt
1748 5307 1839 5352 tua
1866 5302 2033 5355 animi

455 5384 791 5461 perversitas
823 5401 877 5446 et
913 5374 1083 5463 pauca
1113 5390 1245 5457 fides
1266 5390 1319 5444 iu
1350 5374 1628 5469 Christum
1665 5389 2031 5447 Salvatorem.

456 5486 609 5557 Tunc
640 5499 900 5559 aagroms.
957 5486 1119 5540 simul
1153 5493 1319 5557 atque
1360 5481 1464 5541 hoc
1496 5470 1727 5549 dixisset
1770 5485 2032 5553 Joannes,

456 5592 513 5630 se
539 5573 713 5630 totum
742 5580 1038 5630 traducens
1067 5578 1132 5630 ad
1174 5577 1385 5630 ﬁrmam
1429 5577 1633 5632 Christi
1680 5562 1857 5644 fidem,
1917 5588 2036 5634 tan-

458 5669 532 5743 git
560 5669 801 5721 tunicam
835 5667 1088 5735 Joaun.s,
1116 5680 1169 5723 et
1214 5685 1337 5723 cum
1362 5684 1481 5723 eam
1512 5654 1641 5725 locis
1681 5670 1891 5728 aﬂ‘ectis
1932 5674 2035 5727 im-

462 5746 756 5826 posuisset,
823 5761 968 5813 dicto
1019 5761 1186 5814 citius
1237 5762 1337 5813 fuit
1394 5774 1642 5821 curatus.
1698 5763 1829 5821 Post
1886 5746 2032 5826 hunc

530 5848 575 5879 “
606 5846 743 5903 Tol).
778 5864 877 5913 xu,
908 5850 961 5903 7.
1041 5852 1077 5882 ³³
1116 5851 1221 5904 M..t
1248 5853 1301 5905 ιι.
1336 5868 1409 5918 1x,
1444 5852 1533 5906 2'2.
1976 5830 1979 5837 ί

2150 3213 2291 3273 σίας.
2312 3211 2778 3280 Ἀσφαλισάμενός
2805 3226 2863 3261 τε
2899 3208 3096 3271 αὐτοὺς
3117 3207 3193 3278 μὴ
3215 3206 3527 3275 γνωσθῆναι
3548 3202 3725 3260 ταῦτα

2146 3304 2225 3375 τῷ
2269 3304 2521 3379 Ἰωάννῃ,
2555 3302 2798 3374 θάμϐους
2828 3302 2938 3354 τῶν
2972 3300 3327 3354 ἀκουσάντων
3354 3299 3451 3361 τὰς
3479 3297 3725 3360 διανοίας

2148 3396 2491 3466 ἐπλήρωσεν.
2538 3394 2596 3448 '0
2624 3395 2681 3448 δὲ
2717 3395 2972 3465 Ἰωάννης
3005 3390 3309 3464 τηνικαῦτα
3331 3390 3457 3452 τοὺς
3488 3391 3724 3458 ἀσκητι-

2146 3487 2279 3549 κοὺς
2330 3483 2712 3555 συνεγράψατο
2772 3484 2986 3551 λόγους.
3040 3480 3320 3535 Ἐντεῦθεν
3378 3477 3528 3549 αὐτῷ
3585 3474 3725 3547 πρὸς

2146 3576 2458 3648 ἀκρώρειαν
2500 3576 2599 3647 τῆς
2631 3574 3072 3646 βασιλικωτάτης
3107 3572 3216 3625 τῶν
3243 3569 3452 3641 ἀρετῶν
3514 3566 3723 3621 ἀνιόντι

2148 3668 2457 3741 περιωπῆς,
2489 3669 2586 3721 καὶ
2636 3665 2705 3717 τὰ
2747 3664 2925 3736 θράση
2964 3664 3072 3715 τῶν
3104 3662 3293 3717 παθῶν
3339 3659 3723 3720 ύποτάσσοντι,

2148 3760 2389 3830 θεόθενή
2425 3759 2543 3812 κατ’
2576 3756 2754 3811 αὐτῶν
2785 3756 3004 3822 ἐξουσία
3027 3753 3404 3826 παραδίδοται,
3442 3750 3536 3828 τοῦ
3560 3749 3723 3803 αύτο-

2147 3852 2418 3923 κράτορος
2456 3850 2548 3904 νοῦ
2581 3852 2648 3920 τῇ
2681 3848 2888 3903 ἀνωθεν
2935 3844 3325 3915 συνεπικουρίᾳ
3366 3837 3725 3919 φορολογοῦν-

2144 3961 2235 4008 τος
2260 3984 2276 4009 ,
2321 3942 2418 3996 καὶ
2459 3940 2519 3993 τὸ
2569 3937 2794 3992 ἐκείνων
2842 3937 3128 4007 ἀγριαῖνον
3185 3931 3718 4009 καθυποτάσσοντος.

2149 4036 2337 4100 Ἀξιον
2363 4034 2420 4088 δὲ
2449 4033 2548 4102 τῆς
2573 4030 2703 4101 περὶ
2742 4030 2834 4082 τὸν
2877 4028 3045 4097 ἄνδρα
3104 4025 3257 4096 παρὰ
3287 4024 3380 4077 τοῦ
3401 4023 3721 4092 ’κρείττονος

2146 4131 2247 4187 κάν
2278 4128 2489 4189 τούτοις
2538 4122 2852 4192 φιλοτιμίας
2898 4120 3188 4172 συνελόντα
3233 4117 3323 4170 τὸν
3368 4116 3546 4183 λόγον,
3595 4114 3721 4166 ὅσον

2146 4222 2439 4292 ἐνδέχεται,
2478 4217 2684 4289 βραχέα
2710 4213 3004 4269 διαλαϐεῖν.

2224 4486 2287 4553 ζ’.
2318 4486 2421 4555 Τοῦ
2457 4481 2789 4543 Δεσποτικοῦ
2825 4478 3159 4548 κρασπέδου,
3192 4478 3446 4547 καθάπερ
3480 4474 3723 4544 ἡκούσατ

2150 4593 2271 4648 μεν,
2324 4576 2538 4644 ἀνάγκῃ
2592 4570 2797 4631 πάθους
2847 4569 2963 4620 ἐκεῖ
3031 4566 3130 4636 μὲν
3184 4565 3321 4636 γυνὴ
3376 4565 3441 4616 ὲκ
3475 4564 3723 4627 πίστεως

2146 4668 2448 4738 ἁψάμενον,
2477 4666 2542 4734 τῇ
2573 4663 2685 4731 ἀφῇ
2718 4659 2819 4730 τὴν
2859 4658 3135 4728 σωτηρίαν
3181 4654 3595 4725 ἀπολαμϐάνει·
3628 4653 3723 4705 τὸν

2146 4756 2465 4813 διδάσκαλον
2498 4751 2592 4807 οὖν
2627 4753 2720 4806 καὶ
2771 4744 2925 4812 οὗτος
2965 4748 3411 4819 ἀπομεμίμηται.
3458 4743 3725 4798 Ἐνταῦθα

2145 4852 2253 4920 γάρ
2285 4867 2365 4912 τις
2397 4846 2537 4917 ἀνὴρ
2566 4842 2804 4915 τοσαύτῃ
2834 4840 2964 4911 περὶ
3010 4840 3069 4892 τὸ
3116 4840 3420 4908 ἡμίκρανον
3468 4835 3724 4905 ἀλγηδόνι

2147 4939 2453 5009 συνέχεται,
2505 4934 2645 4988 ὥστε
2687 4932 2768 5003 τῷ
2804 4931 3017 5001 σφοδρῷ
3061 4931 3158 4998 τῆς
3186 4928 3377 4995 ὀδύνης
3418 4929 3507 4978 τὸν
3530 4924 3723 4978 τούτου

2141 5028 2421 5105 ὀφθαλμὸν
2461 5025 2866 5095 ὲκπηδήσαντα,
2891 5024 2957 5092 τῇ
3007 5019 3217 5086 σιαγόνι
3258 5016 3487 5087 ὁρᾶσθαι
3514 5015 3729 5068 ἀπαιω-

2149 5124 2432 5201 ρούμενον.
2463 5113 2630 5180 Οὗτος
2657 5115 2861 5188 ἰατροῖς
2886 5109 3312 5181 προσαναλώσας
3337 5109 3457 5161 ὅλον
3478 5106 3568 5159 τὸν
3608 5106 3725 5176 βίον

2145 5197 2400 5284 ἀνόνητα,
2436 5207 2683 5280 πρόσεισὶ
2717 5223 2846 5263 ποτε
2882 5204 2959 5274 τῷ
2991 5204 3121 5275 θείῳ
3159 5201 3400 5271 Ἰωάννῃ,
3427 5197 3723 5252 ἀντιϐολῶν

2149 5306 2387 5375 ίαθῆναι.
2429 5304 2488 5356 '0
2507 5300 2564 5353 δὲ
2589 5300 2737 5369 λέγει
2762 5297 2907 5365 αὐτῴ
2934 5313 2947 5324 ·
2980 5295 3151 5348 Τοῦτό
3189 5310 3270 5346 σοι
3320 5294 3380 5344 τὸ
3427 5289 3622 5352 πάθος,
3662 5289 3725 5341 τὸ

2148 5396 2361 5451 σκολιὸν
2407 5393 2505 5463 τῆς
2551 5390 2748 5461 ψυχῆς,
2779 5391 2872 5442 καὶ
2916 5389 3052 5457 πρὸς
3086 5387 3176 5439 τὸν
3211 5384 3439 5453 Σωτῆρα
3488 5379 3723 5451 Χριστὸν

2145 5485 2484 5555 ὀλιγόπιστον
2527 5481 2916 5554 προεξένησαν.
2962 5479 3020 5529 Ὀ
3077 5478 3133 5529 δὲ
3192 5476 3437 5544 πάσχων,
3475 5474 3592 5541 ἅμα
3644 5469 3723 5540 τῷ

2142 5577 2310 5647 λόγῳ,
2349 5575 2469 5628 ὅλον
2504 5572 2694 5623 ἑαυτὸν
2738 5568 2830 5623 ἐπὶ
2858 5568 2957 5638 τὴν
3007 5565 3227 5636 ἀρραγῆ
3274 5563 3453 5614 πίστιν
3482 5556 3723 5627 Χριστοῦ

2148 5670 2424 5748 μεταθεὶς,
2454 5666 2687 5721 ἅπτεται
2719 5662 2813 5716 τοῦ
2846 5661 3165 5733 χιτωνίσκου
3196 5658 3287 5710 τοῦ
3330 5654 3600 5714 Ἰωάννου,
3627 5646 3723 5703 καὶ

2142 5743 2252 5829 τοῖς
2303 5761 2595 5817 πεπονθόσι
2645 5757 2868 5829 χωρίοις
2922 5752 3151 5817 ἐπιθεὶς,
3208 5750 3402 5803 θᾶττον
3452 5746 3484 5816 ἢ
3541 5743 3723 5812 λόγος,
