4084 6438
323 379 421 446 241

1006 377 1288 442 ORATIO
1327 375 1546 437 XVIII.
1567 399 1632 410 -
1678 370 2070 437 LAUDATIO
2096 370 2157 431 S.
2198 369 2520 432 JOANNIS
2549 372 2955 433 CHRYSOST.

3477 348 3597 434 ιιι

324 495 596 567 λαμόάνει
640 493 739 566 τὴν
790 492 951 547 ἴασιν.
987 493 1142 548 Μετὰ
1190 491 1380 544 τοῦτον
1428 488 1627 560 λεπρός
1673 505 1758 551 τις
1807 487 1907 557 τὴν

2028 485 2233 556 μιίιίιιιιι
2274 485 2414 539 faeie
2446 492 2720 555 leprosos,
2753 484 2846 554 qui
2880 491 3000 539 erat
3028 498 3058 538 e
3088 468 3431 554 proceribus,
3481 499 3583 537 no-

328 589 470 659 δψιν,
502 588 614 641 τῶν
652 587 990 657 μεγιστάνων
1037 586 1343 655 τυγχάνων,
1372 579 1662 651 Ἀρχέλαος
1709 579 1904 649 ὄνομα,

330 677 605 750 προσῆλθε
639 676 717 744 τῷ
752 677 997 747 Ἰωάννῃ,
1027 675 1121 728 καὶ
1149 673 1331 737 καθὼς
1370 674 1639 742 Ζακχαῖος
1678 671 1904 735 ἐκεῖνος,

332 769 468 837 πρὸς
500 770 591 822 τὸν
619 768 896 835 Δεσπότην
949 764 1311 837 μεγαλοψύχῳ
1363 765 1624 833 κινήματι
1673 762 1907 830 πίστεως

331 860 423 914 καὶ
449 853 603 922 οὗτος
631 857 801 912 εἰπὼν
830 858 926 911 καί⁵
959 856 1336 927 συνθεόμενος,
1372 856 1591 925 πρῶτον
1611 854 1710 924 τὴν
1736 853 1909 922 ἀμορ-

332 952 463 1021 φίαν
509 952 610 1022 τῆς
658 950 949 1020 λεπρὼσης
998 949 1178 1019 ψυχῆς
1227 947 1304 1017 τῷ
1355 947 1755 1018 ρυπτικωτάτῳ
1800 944 1911 998 τῶν

343 1043 596 1097 Ἰωάννου
646 1041 845 1111 λογίων
893 1041 1343 1110 ἀποπλυνάμενος
1411 1038 1599 1102 ὕδατι,
1660 1038 1800 1107 μετά
1846 1051 1911 1105 γε

330 1133 491 1187 τοῦτο
523 1132 620 1186 τοῦ
670 1132 930 1202 φρεατίου
969 1130 1181 1197 ὓδατος,
1215 1124 1259 1198 ᾧ
1306 1129 1545 1200 ἐχρῶντο
1578 1129 1628 1181 οἱ
1671 1127 1909 1196 ἀδελφοὶ,

334 1226 619 1280 κελεύεται
652 1223 912 1293 νίψασθαι
937 1241 951 1255 ·
993 1223 1088 1276 καὶ
1127 1223 1444 1293 νιψάμενος,
1478 1219 1680 1282 εὐθέως
1725 1222 1819 1273 καὶ
1851 1219 1912 1271 τὸ

336 1318 496 1387 σῶμα
529 1316 871 1386 καθαίρεται.
902 1310 1035 1368 Εἶτα
1066 1314 1145 1385 τῷ
1169 1314 1412 1384 περιόντι
1441 1313 1539 1383 τῆς
1570 1314 1651 1375 εἰς
1677 1310 1912 1382 Χριστὸν

335 1413 593 1474 πίστεως,
618 1404 687 1480 ἦς
714 1404 782 1478 ἦν
812 1406 959 1477 αὐτῷ
981 1406 1043 1460 τὸ
1073 1404 1309 1477 χρυσοῦν
1339 1404 1508 1467 ὅντως
1532 1405 1709 1456 ἐκεῖνο
1738 1400 1915 1471 στόμα

336 1500 596 1571 πρόξενον
628 1498 1018 1570 ἀποκείρεται·
1050 1499 1143 1550 καὶ
1187 1495 1426 1567 μονάσας
1478 1496 1659 1559 ὁσίως,
1684 1492 1915 1563 διαπρέ⁴

337 1611 428 1646 πει
453 1592 549 1645 καὶ
576 1589 900 1644 τελειοῦται.
934 1588 1138 1643 Τούτου
1167 1586 1407 1656 ζηλωταὶ
1449 1585 1631 1639 πολλοὶ
1660 1584 1769 1637 τῶν
1795 1583 1914 1636 τότε

335 1684 713 1746 καθίστανται,
740 1686 806 1737 τά
835 1682 931 1753 μὲν
962 1680 1180 1734 ποικίλα
1214 1679 1323 1731 τῶν
1346 1676 1620 1747 λογισμῶν
1642 1676 1719 1745 τῷ
1747 1672 1916 1744 ἰατρῷ

336 1776 713 1847 θεατρίζοντες
763 1774 1073 1847 τραύματα,
1116 1772 1293 1842 ἁπλῆν
1341 1771 1396 1824 δὲ
1442 1770 1537 1823 καὶ
1586 1769 1793 1840 ῥᾴστην
1823 1768 1914 1820 καὶ

336 1836 570 1937 ἄφθονον
759 1836 1058 1937 θεραπείαν
1096 1836 1596 1931 ἀποκληρούμενοιξ
1630 1836 1915 1925 Πανταχοῦ
1944 1836 1991 1897 B

336 1960 456 2012 τότε
478 1958 665 2011 λοιπὸν
690 1957 1050 2027 μοναστήρια,
1074 1950 1295 2022 ἀγάπης
1316 1951 1673 2017 πλεονασμὸς,
1696 1944 1916 2014 διπλόης

338 2051 667 2121 ἁφανισμδς,
690 2046 1194 2118 ταπεινοφροσύνης
1229 2041 1676 2115 περιουσιασμδς,
1705 2040 1918 2107 τίιγερω⁶
1952 2037 1959 2041 ’

338 2144 461 2219 χίας
491 2140 900 2210 κατακλυσμὸς,
934 2138 1048 2209 βίος
1082 2136 1405 2208 άσκητικὸς,
1432 2134 1590 2201 λόγος
1619 2132 1916 2202 εἰρηνικὸς,

340 2236 647 2306 βρωμάτων
675 2233 966 2307 ὑπεροψία,
999 2232 1285 2300 δογμάτων
1334 2226 1673 2281 διδασκαλία.
1716 2225 1830 2277 Οὐκ
1851 2220 1917 2294 ἦν

341 2330 469 2381 ἰδεῖν
497 2327 614 2379 τότε
652 2327 861 2379 πόσεων
890 2324 1261 2394 οἰνοφλυγίαν,
1292 2321 1352 2374 ού
1384 2314 1617 2388 γέλωτος
1666 2316 1915 2382 ἀταξίαν,

337 2420 439 2473 οὐκ
470 2418 673 2490 ἔριδας,
697 2420 758 2473 ού
791 2418 972 2487 ζῆλον,
1005 2415 1101 2471 οὐκ
1135 2415 1264 2471 ἄλλο
1310 2431 1363 2466 τι
1394 2412 1503 2464 τῶν
1531 2408 1920 2477 ἀντιτειχιζόν-

338 2528 449 2567 των
478 2512 654 2578 νεφῶν
683 2509 911 2580 δρᾶσθαι
942 2507 1038 2569 τὰς
1057 2505 1150 2559 τοῦ
1192 2503 1383 2575 νοητοῦ
1424 2501 1604 2555 Ἠλίου
1627 2518 1921 2571 μαρμαρυηο

341 2601 466 2677 γάς.
493 2601 613 2654 Τῶν
648 2602 903 2655 ἁπάντων
942 2597 1237 2668 ’κεφάλαιον
1263 2596 1320 2650 ἓν
1353 2595 1451 2661 τῆς
1486 2592 1735 2646 Ἰωάννου
1762 2591 1921 2660 κηδε-

346 2684 536 2771 μονίας
570 2694 603 2763 ἡ
649 2691 1031 2761 φιλάνθρωπος
1090 2687 1400 2757 ἐπιμέλεια.
1438 2684 1503 2736 Τί
1550 2684 1617 2735 τά
1656 2682 1788 2735 ἄλλα
1815 2681 1921 2734 τῶν

342 2768 671 2853 θαυμάτωνς
694 2781 803 2834 Νῦν
828 2780 931 2850 μὲν
957 2777 1190 2838 Εὔκλεος
1216 2776 1439 2836 ἐκεῖνος,
1463 2772 1520 2835 ὃς
1544 2771 1722 2840 φθόνῳ
1745 2768 1924 2821 διαδό-

340 2872 458 2940 λου,
480 2873 707 2941 θατέρου
726 2870 832 2924 τῶν
853 2868 1147 2940 ὀφθαλμῶν
1163 2866 1222 2919 τὸ
1246 2866 1357 2934 φῶς
1384 2864 1603 2930 λέγεται
1635 2860 1920 2923 ἀπολέσαι,

343 2966 591 3020 πιστεύει
620 2965 698 3037 τῷ
716 2962 956 3034 Χριστῷ,
986 2962 1288 3032 πρόσεισιν,
1321 2954 1677 3026 ἀποκείρεται
1704 2969 1716 2982 ·
1748 2952 1921 3017 τέλος,

344 3058 526 3129 εὐχαῖς
558 3057 649 3109 τοῦ
685 3054 931 3110 Ἰωάννου
958 3054 1119 3110 πάλιν
1148 3048 1526 3117 ἀπολαμϐάνει
1557 3045 1615 3098 τὸ
1643 3042 1758 3113 φῶς
1784 3060 1798 3073 ·
1827 3042 1922 3097 νῦν

340 3148 400 3204 δὲ
429 3151 461 3220 ἠ
492 3149 791 3222 αἱμόρρους
820 3145 1002 3215 ἐκείνη
1033 3142 1246 3215 χρόνοις
1292 3137 1431 3193 ἑπτὰ
1460 3136 1803 3199 διατελοῦσα,
1831 3134 1923 3187 τὸν

342 3241 576 3311 σύζυγον
634 3239 831 3305 πείθει,
891 3237 986 3292 καὶ
1034 3234 1101 3289 δι’
1153 3229 1319 3286 αὑτοῦ
1379 3230 1622 3283 δυσωπεῖ
1676 3226 1773 3296 μὲν
1833 3224 1923 3277 τὸν

339 3334 622 3404 Ἰωάννην,
663 3330 972 3384 διδάσκεται
1015 3326 1072 3379 δὲ
1100 3322 1232 3394 παρ’
1277 3320 1442 3374 αὑτοῦ
1473 3320 1572 3388 τὴν
1602 3317 1803 3381 αἰτίαν,
1841 3316 1924 3369 ὅτι

339 3424 410 3483 δι’
436 3425 711 3495 ἁμαρτίας
743 3416 1108 3492 παρεχωρήθη
1142 3411 1488 3477 κολάζεσθαι.
1511 3410 1676 3472 Ποίας
1702 3407 1759 3460 δὲ
1796 3404 1927 3460 ταύ-

340 3534 476 3581 τας;
515 3515 627 3582 Τὴν
657 3511 792 3583 πρὸς
828 3510 930 3572 τὰς
979 3506 1154 3578 ἆόρας
1202 3500 1630 3573 ἀπανθρωπίαν.
1676 3497 1773 3567 τὴν
1819 3494 1927 3549 τῶν

343 3608 596 3678 πενήτων
639 3599 1048 3673 ἀφροντιστίαν,
1103 3593 1441 3664 ἀδδηφαγίαν
1484 3608 1543 3644 τε
1600 3590 1695 3645 καὶ
1746 3588 1927 3641 πᾶσαν

344 3698 681 3771 ἑρεσχελίαν.
717 3694 858 3766 [Ιρδς
892 3691 1069 3745 ταῦτα
1098 3690 1153 3743 τί
1182 3688 1262 3741 δεῖ
1290 3687 1355 3740 τὰ
1402 3681 1660 3752 πολυειδῆ
1691 3681 1784 3733 τοῦ
1818 3679 1929 3731 τῶν

343 3795 535 3870 ψυχῶν
577 3787 761 3861 ἰατροῦ
796 3787 1063 3857 φάρμακα
1090 3783 1292 3849 λέγειν,
1328 3778 1548 3839 ὁπόσοις
1585 3774 1684 3844 τὴν
1714 3772 1927 3841 ἄνθρωὲ

346 3901 449 3937 πον
492 3879 1007 3953 προσεπενοήσατο;
1043 3874 1230 3928 Πάντα
1273 3869 1361 3923 διὰ
1404 3868 1498 3921 τοῦ
1553 3864 1788 3932 συζύγου
1829 3860 1953 3931 μα-’

350 3951 553 4039 θοῦσα,
583 3972 677 4026 καὶ
707 3969 888 4023 αὐτῶν
916 3967 1013 4038 τὴν
1042 3964 1329 4035 διόρθωσιν
1365 3957 1576 4021 πιστῶς
1602 3951 1933 4021 ἐπαγγελλο-

352 4066 511 4137 μένη,
561 4061 841 4132 ταχύτατα
872 4056 1141 4127 λαμϐάνει
1170 4053 1268 4124 τὴν
1295 4051 1547 4121 αἴσθησιν
1581 4048 1679 4117 τῆς
1714 4047 1928 4107 ἰάσεως.

348 4155 415 4206 Τί
436 4135 493 4208 δὲ
522 4152 615 4206 mi.
656 4150 783 4220 περὶ
809 4148 905 4201 τοῦ
934 4144 1214 4219 ἀνημέρου
1249 4142 1414 4213 θηρὸς
1451 4139 1686 4200 ἐκείνου,
1721 4136 1777 4199 ὃς
1806 4135 1934 4188 πολ-

348 4248 475 4307 λοῦς
536 4246 635 4313 μὲν
685 4242 795 4294 τῶν
853 4238 1198 4293 διοδευόντων
1260 4236 1497 4287 ποιεῖται
1552 4228 1932 4305 κατάϐρωμα,

351 4339 582 4401 πολλοὺς
616 4335 673 4388 δὲ
705 4335 812 4387 τῶν
843 4330 1188 4403 ὁμορούντων
1221 4327 1299 4398 τῷ
1345 4326 1453 4381 δέει
1488 4323 1736 4394 φυγάδας
1769 4320 1934 4392 ἐργά-

353 4431 544 4501 {stam
579 4427 653 4481 Τὸ
680 4425 1009 4479 Δεσποτικδν
1032 4422 1195 4476 ὅπλον
1225 4423 1252 4474 ὁ
1290 4420 1433 4481 θεῖος
1465 4416 1607 4471 κατὰ
1645 4414 1738 4467 τοῦ
1771 4413 1937 4483 θηρὸς

2012 579 2158 633 mine
2180 577 2503 643 Archelaus,
2531 578 2767 631 acerssit
2794 577 2860 630 ad
2891 576 3182 637 Joannem,
3227 584 3280 629 et
3309 576 3584 644 quomodo

2016 666 2278 723 Zachaaus
2301 668 2415 732 ille,
2459 667 2524 720 ad
2559 665 2853 719 Dominum
2909 664 3258 735 magnanimo
3288 674 3435 716 motu
3463 664 3584 717 ﬁdei

2014 759 2103 815 hic
2152 772 2373 828 quoque
2405 757 2638 825 loquens
2699 765 2753 810 et
2806 756 3112 818 accedens;
3171 769 3294 808 cum
3355 755 3587 823 loprosae

2013 851 2207 907 animae
2224 850 2629 905 deformitatem
2659 846 2899 904 Joannes
2928 848 3295 917 eloquiorum,
3328 862 3449 917 qua:
3475 862 3589 899 ma-

2015 942 2535 1013 ximeexpurgabat,
2562 957 2702 1012 aqua
2729 940 3190 1009 abluisset,jubet
3218 956 3342 995 eum
3370 954 3593 1010 quoque

2015 1052 2155 1107 aqua
2194 1036 2366 1106 putei,
2401 1049 2509 1107 qua
2546 1034 2744 1089 fratres
2775 1034 3090 1095 utebantur,
3130 1033 3333 1099 lavari;
3382 1040 3435 1086 et
3461 1046 3586 1085 cmn

2016 1128 2233 1182 lavatus
2266 1133 2436 1189 esset,
2472 1123 2593 1194 ejus
2621 1138 2840 1196 quoque
2880 1139 3084 1194 corpus
3115 1124 3419 1177 mundatur
3452 1136 3581 1188 pro-

2015 1218 2183 1272 tinus.
2218 1215 2425 1271 Deinde
2451 1225 2675 1286 prepter
2703 1229 2973 1268 summam
3001 1215 3056 1268 in
3090 1212 3367 1268 Christum
3406 1212 3586 1275 ﬁdem,

2015 1324 2178 1381 quam
2214 1310 2263 1364 ei
2295 1309 2693 1364 conciliaverat
2727 1306 2863 1361 illud
2885 1321 2948 1360 os
2981 1321 3108 1359 vere
3160 1319 3417 1365 aureum,
3467 1315 3591 1356 ton-

2014 1401 2447 1462 detur;etcum
2482 1408 2671 1453 sancte
2723 1395 2919 1451 fuisset
2976 1395 3305 1456 monachus,
3357 1392 3592 1462 insignis

2014 1491 2197 1547 evadit
2225 1500 2277 1545 et
2314 1490 2591 1559 perfectus
2634 1488 2711 1544 ﬁt.
2743 1486 2894 1540 Multi
2924 1502 2987 1540 ex
3015 1486 3084 1538 iis
3112 1485 3205 1553 qui
3242 1496 3374 1537 tunc
3407 1490 3587 1540 erant.

2018 1586 2239 1641 fuerunt
2265 1584 2386 1652 ejus
2410 1584 2738 1646 imitatores,
2770 1580 2921 1633 varia
2947 1577 3167 1647 quidem
3202 1574 3592 1643 cogitationum

2016 1676 2238 1731 Vulnera
2258 1674 2469 1728 medico
2485 1672 2814 1742 aperientes,
2836 1667 3141 1737 simplicem
3170 1674 3348 1719 autem
3368 1670 3423 1716 et
3455 1660 3593 1714 faci-

2019 1769 2121 1823 lem
2153 1775 2207 1822 et
2246 1766 2522 1835 cepiosam
2583 1770 2938 1830 assequeutes
2986 1760 3349 1813 curationem.
3383 1754 3596 1828 Ubique

2020 1870 2151 1914 tunc
2172 1858 2237 1912 de
2264 1865 2462 1913 cmtero
2500 1855 2855 1915 monasteria,
2888 1838 3174 1905 charitalis
3206 1846 3544 1901 abundantia
3577 1883 3593 1908 ,

2019 1949 2367 2021 duplic-italis
2417 1948 2690 2019 expulsio,
2724 1944 3055 2000 humilitatis
3079 1939 3465 2001 redundantia,
3500 1951 3594 1990 su-

2021 2045 2221 2115 perbiae
2239 2042 2527 2105 diluvium,
2551 2040 2661 2093 vita
2695 2037 2955 2097 ascetica,
2975 2034 3152 2088 oratio
3174 2029 3423 2103 paciﬁca,
3444 2030 3595 2081 cibo-

2020 2154 2140 2192 rum
2173 2134 2533 2204 contemptio,
2564 2131 2883 2202 dogmatum
2923 2125 3199 2181 doctrina.
3234 2121 3351 2175 Non
3393 2119 3594 2172 licebat

2020 2239 2152 2283 tunc
2185 2226 2370 2281 videre
2398 2223 2867 2292 compotationum
2902 2216 3307 2274 temulentiam,
3359 2225 3467 2263 non
3492 2224 3495 2227 '
3519 2208 3598 2261 ri-

2023 2338 2118 2378 sus
2144 2318 2516 2379 insolentiam,
2551 2329 2658 2368 non
2692 2313 2838 2374 lites,
2880 2324 2989 2363 nou
3024 2305 3453 2362 mutilationem,
3485 2313 3597 2353 non

2022 2415 2262 2482 aliquam
2304 2409 2467 2463 aliam
2505 2406 2704 2460 nubem
2749 2418 2870 2473 quae
2905 2401 3147 2454 obstaret
3193 2395 3490 2466 quominus
3514 2389 3600 2444 vi-

2021 2509 2243 2562 deretur
2273 2500 2575 2573 spiritualis
2603 2498 2736 2552 solis
2764 2494 3042 2565 splendor.
3083 2492 3326 2556 Quorum
3352 2484 3599 2541 omnium

2022 2609 2107 2656 est
2127 2606 2293 2665 caput
2332 2610 2500 2648 unum
2534 2591 2769 2660 benigna
2819 2602 2949 2640 cura
3001 2584 3232 2639 Joannis
3288 2578 3583 2650 provideri-

2023 2693 2135 2747 tire.
2175 2685 2318 2757 Quid
2372 2686 2477 2739 alia
2512 2680 2824 2737 miracula?
2868 2678 3027 2733 Nunc
3076 2676 3315 2745 quidem,
3369 2668 3607 2723 Eucleus

2026 2783 2138 2849 ille,
2176 2780 2268 2850 qui
2296 2776 2501 2831 invidia
2539 2772 2766 2836 diaboli,
2814 2769 3046 2824 alterius
3085 2764 3374 2820 oculorum
3429 2761 3603 2812 lucem

2025 2849 2227 2926 dicitur
2258 2867 2587 2939 perdidisse,
2616 2860 2796 2917 credit
2847 2859 3108 2922 Christo;
3146 2854 3379 2914 accedit,
3414 2849 3607 2904 tonde.-

2027 2971 2138 3024 tur,
2176 2957 2394 3015 tandem
2428 2954 2659 3010 Joannis
2696 2950 2953 3023 precibus
3016 2948 3196 3001 lucem
3260 2956 3456 2996 rursus
3494 2950 3604 2992 ‘ac—

2027 3054 2185 3124 cipit.
2226 3051 2390 3105 Nune
2440 3055 2622 3101 autem
2669 3044 2761 3098 illa
2798 3058 2921 3112 quae
2980 3036 3271 3092 laborabat
3327 3029 3608 3103 sanguinis

2028 3143 2318 3217 proﬂuvio,
2349 3151 2554 3210 septem
2592 3152 2767 3191 annos
2806 3136 2886 3189 sic
2916 3130 3130 3194 aﬂ'ecta,
3154 3123 3451 3199 persuadet
3474 3136 3609 3176 con-

2022 3211 2138 3307 iugi
2165 3246 2218 3312 et
2248 3250 2344 3304 per
2378 3246 2503 3287 eum
2539 3237 2692 3298 rogat
2720 3224 2987 3280 Joannem
3020 3240 3035 3288 ;
3069 3221 3137 3275 ab
3186 3233 3252 3273 eo
3281 3225 3461 3269 autem
3512 3211 3610 3266 do-

2027 3306 2183 3383 cetur
2234 3340 2481 3386 causam,
2538 3321 2685 3391 quod
2744 3326 2967 3388 propter
3020 3320 3242 3383 peccata
3280 3306 3609 3377 permissum

2030 3422 2194 3478 fuerit
2252 3431 2311 3474 ut
2360 3417 2668 3488 puniretur.
2736 3412 3001 3479 Qua'nam
3073 3414 3255 3459 autem
3302 3409 3432 3457 sont
3501 3398 3612 3451 ea?

2031 3518 2254 3573 Summa
2291 3515 2345 3568 in
2377 3511 2612 3566 famulas
2680 3503 3073 3564 inhumanitas,
3129 3508 3426 3566 pauperum
3477 3505 3613 3546 con—

2031 3619 2287 3677 temptus,
2344 3601 2615 3674 ingluvies
2663 3607 2717 3653 et
2752 3595 2931 3651 omnis
2991 3587 3300 3659 nugacitas.
3358 3582 3437 3635 Ad
3494 3579 3611 3632 haec

2031 3667 2161 3770 quid
2202 3667 2341 3767 opus
2390 3667 2700 3747 estdicere
2752 3680 3075 3750 multiplicia
3125 3673 3321 3730 medici
3374 3667 3613 3723 remedia

2031 3805 2152 3860 quae
2184 3788 2238 3841 in
2275 3784 2558 3840 mulierem
2584 3771 2965 3847 excogitavit?
3000 3770 3133 3835 Quae
3164 3781 3287 3821 eum
3315 3760 3499 3815 omnia
3521 3770 3616 3826 per

2032 3859 2317 3945 coniugem
2349 3872 2654 3930 didicisset,
2683 3877 2734 3921 et
2762 3881 2821 3919 se
2848 3861 3033 3915 omnia
3075 3872 3199 3912 esse
3225 3859 3607 3907 correcturam

2036 3967 2266 4023 ﬁdeliter
2332 3961 2708 4033 promisisset,
2775 3952 3064 4011 celerrime
3131 3946 3327 4013 recipit
3388 3952 3614 3995 sensum

2035 4029 2362 4114 curationis.
2399 4051 2541 4117 Quid
2575 4064 2706 4104 vero
2739 4045 2807 4100 de
2849 4040 3073 4096 immani
3105 4050 3323 4107 quoque
3355 4032 3446 4084 illa
3480 4029 3619 4090 fera,

2035 4165 2157 4221 qua:
2188 4148 2391 4201 multos
2412 4143 2628 4214 quidem
2661 4136 2944 4194 devoravit
2973 4150 3037 4188 ex
3071 4132 3140 4186 iis
3164 4128 3256 4199 qui
3287 4123 3617 4183 transibant,

2036 4213 2101 4296 ex
2122 4237 2372 4292 ﬁnitimis
2394 4213 2577 4289 autem
2606 4231 2809 4285 inultos
2842 4228 2953 4297 egit
2989 4226 3041 4278 in
3080 4216 3307 4291 fugam?
3334 4213 3618 4268 Dominica

2039 4345 2190 4384 arma
2235 4326 2460 4382 divinus
2524 4323 2616 4376 ille
2679 4321 2977 4390 imperator
3036 4313 3229 4382 objicit
3283 4307 3517 4371 bellua};
3567 4302 3623 4354 et

2040 4439 2161 4479 cum
2194 4420 2530 4475 decrevisset
2562 4424 2619 4467 ut
2651 4429 2714 4466 ea
2765 4413 3060 4480 ﬁgerentur
3117 4416 3243 4459 ante
3280 4402 3623 4472 speluncam,

354 4491 566 4575 ἐκείνου
597 4516 962 4590 προὸάλλεται
1013 4511 1339 4584 στρατηγὸς,
1385 4508 1479 4563 καὶ
1513 4507 1668 4561 τούτο
1694 4505 1928 4573 παγῆναι

2045 4514 2175 4568 facit
2209 4520 2268 4566 ut
2300 4511 2391 4565 ille
2434 4506 2700 4563 terribilis
2730 4511 2786 4559 et
2832 4516 3012 4557 saevus
3062 4497 3346 4553 hominum
3411 4491 3629 4546 occisor

355 4611 467 4686 πρδ
492 4609 587 4665 τοῦ
619 4608 890 4678 σπηλαίου
916 4605 1316 4677 διορισάμενος,
1344 4602 1435 4655 τὸν
1468 4598 1697 4670 φοὸερὸν
1732 4597 1938 4649 ἐκεῖνον

356 4706 454 4759 καὶ
511 4699 961 4779 ἁνθρωποκτόνον
1019 4696 1212 4751 λέοντα
1256 4696 1402 4747 ποιεῖ
1456 4691 1562 4763 πρὸ
1608 4689 1701 4743 τοῦ
1758 4688 1939 4758 τιμίου

358 4792 598 4867 σταυροῦ
628 4784 775 4862 περὶ
815 4790 878 4843 τὸ
909 4788 1236 4859 περίορθρον
1270 4785 1440 4856 χαμαὶ
1480 4781 1768 4853 εὑρεθῆναι
1794 4796 1941 4831 νενε-

357 4884 665 4958 κρωμένον.
707 4880 895 4951 Τούτῳ
924 4879 1004 4952 τῷ
1029 4878 1178 4951 ὅπλῳ
1206 4882 1300 4930 καὶ
1332 4875 1410 4945 τῷ
1449 4874 1641 4947 τρόπῳ
1672 4871 1942 4942 ἀναρρύε-

355 4995 448 5030 ται
497 4974 596 5048 μὲν
640 4974 767 5037 τοὺς
813 4971 1042 5035 ἁλόντας
1104 4967 1455 5042 αἰχμαλωσίᾳ
1504 4965 1604 5030 τῆς
1658 4962 1943 5016 εἰδωλολα-

357 5066 584 5143 τρείας·
633 5064 917 5139 μερίζεται
949 5063 1010 5121 δὲ
1038 5062 1134 5133 τὴν
1162 5060 1339 5137 ψυχὴν
1373 5057 1588 5133 ἑτέραις
1626 5054 1944 5131 θεαρέστοις

363 5162 582 5235 βουλαῖς
639 5160 732 5213 καὶ
760 5159 1048 5227 ἀποσκοπή
1058 5173 1114 5208 σε
1123 5172 1228 5214 σιν.

371 5245 375 5251 ’
435 5248 774 5326 η¹.’1ξπειδὴ,
800 5249 861 5304 τὸ
899 5246 993 5301 τοῦ
1047 5246 1237 5313 Δαὸὶδ,
1265 5244 1580 5316 καταμόνας
1637 5237 1774 5295 εἶναι
1826 5240 1945 5301 λίαν

363 5344 665 5421 ῇσπάςετο,
696 5341 760 5413 τὴ
808 5340 867 5395 δὲ
899 5339 1281 5410 φιλάνθρωπον
1331 5333 1757 5407 ἀντεφιλονείκει
1789 5348 1943 5403 περι-

363 5436 567 5511 κόπτον
616 5433 679 5511 το
705 5428 973 5505 βούλημα,
1009 5431 1109 5502 τὴν
1158 5428 1326 5498 καλὴν
1356 5427 1672 5496 οἰκονομίαν
1710 5426 1948 5495 ἀμφοτέ-

370 5545 485 5604 ροις
534 5524 799 5602 κάλλιστα
856 5522 1182 5592 διατίθησιν.
1242 5518 1413 5582 Εἰδὼς
1467 5518 1576 5588 γὰρ
1631 5518 1692 5569 τὸ
1752 5516 1949 5579 ἰδιάζον

366 5620 776 5697 ᾁσφαλέστερον
806 5614 906 5689 μὲν
936 5615 1031 5673 καὶ
1063 5614 1360 5684 ἀτάραχον,
1388 5614 1498 5674 τοῖς
1532 5610 1589 5661 δὲ
1622 5608 1827 5671 πολλοῖς
1853 5607 1951 5661 οὐκ

370 5704 577 5784 άτυφον
626 5706 1014 5781 νομιζόμενον·
1057 5704 1118 5758 τὸ
1164 5704 1220 5756 δὲ
1269 5701 1601 5762 κοινωνικὸν,
1636 5700 1951 5768 ταραχῶδες

374 5803 471 5872 μὲν
501 5800 595 5854 καὶ
628 5792 1059 5870 σφαλερώτερον,
1096 5798 1197 5851 οὐκ
1244 5796 1475 5865 ἄμισθον
1505 5795 1581 5853 δὲ,
1629 5793 1749 5845 οὐδὲ
1790 5793 1952 5861 ἀκερ-

376 5892 485 5959 δέιι,
519 5888 821 5961 πακισὸφως
859 5891 1000 5959 ἄγαν
1051 5887 1335 5960 ἀμφότερα
1387 5885 1668 5957 κίρνησιν*
1724 5882 1807 5935 ὁτὲ
1851 5882 1948 5952 μὲν

2044 4609 2127 4662 leo
2160 4602 2284 4658 ante
2310 4602 2605 4674 pretiosam
2635 4612 2855 4653 erucem
2895 4608 3056 4649 mane
3080 4590 3231 4645 humi
3281 4584 3629 4641 inveniretur

2043 4704 2216 4752 nim-te
2246 4672 2497 4749 affectus.
2532 4690 2627 4745 llis
2659 4690 2832 4743 armis
2865 4694 2919 4742 et
2959 4684 3209 4739 moribus
3264 4678 3461 4732 liberat
3503 4672 3628 4742 qui-

2044 4791 2166 4843 dem
2191 4803 2308 4854 eos,
2334 4786 2427 4856 qui
2459 4785 2604 4856 capti
2632 4790 2789 4837 erant
2827 4797 2855 4833 a
2884 4776 3203 4847 captivitate
3237 4771 3418 4824 cultus
3453 4766 3628 4822 simu-

2046 4885 2363 4944 lacrorum;
2422 4880 2668 4929 animum
2733 4882 2913 4925 autem
2972 4867 3187 4922 confert
3238 4863 3303 4917 ad
3359 4862 3463 4916 alia
3520 4857 3634 4911 Deo

2043 4981 2197 5047 grata
2223 4969 2456 5025 consilia
2490 4975 2543 5020 et
2579 4959 3131 5032 contemplationem.

2117 5241 2170 5295 8.
2196 5237 2330 5291 Nam
2368 5235 2622 5305 quoniam
2653 5229 2783 5283 ilhul
2819 5225 2987 5281 divini
3024 5221 3247 5277 Davidis
3279 5214 3624 5288 singulariter

2046 5340 2100 5385 et
2127 5331 2301 5386 solum
2333 5342 2454 5382 esse
2480 5323 2637 5378 valde
2668 5319 3119 5390 amplectebatur,
3152 5314 3420 5368 adversus
3453 5308 3505 5362 id
3533 5320 3633 5359 au-

2049 5434 2153 5479 tem
2182 5418 2548 5476 contendebat
2584 5412 2891 5483 benignitas
2919 5411 3254 5464 voluntatem
3288 5403 3590 5473 reprimens
3616 5414 3632 5461 ,'

2050 5516 2258 5585 optimo
2291 5520 2345 5565 et
2380 5508 2632 5578 prudenti
2675 5502 2911 5560 consilio
2941 5511 3239 5567 utrumque
3276 5505 3426 5550 recte
3454 5484 3634 5546 admio'

2055 5607 2277 5659 nistrat.
2312 5603 2446 5657 Nam
2488 5615 2613 5654 cum
2678 5598 2867 5661 sciret,
2925 5608 3176 5651 seorsum
3225 5587 3449 5661 quidem
3492 5602 3635 5650 esse,

2055 5698 2225 5751 tutius
2248 5704 2301 5749 et
2325 5694 2499 5764 magis
2529 5690 2943 5762 perturbatione
2975 5701 3233 5750 vacuum,
3260 5702 3287 5737 a
3314 5679 3504 5736 multis
3536 5694 3635 5731 an»

2055 5798 2159 5843 tem
2195 5785 2245 5839 id
2274 5785 2578 5839 existimari
2627 5800 2735 5837 non
2782 5796 2971 5835 carere
3008 5780 3145 5833 fastu
3187 5785 3239 5831 et
3285 5774 3633 5845 arrogantia,

2059 5878 2151 5936 sed
2188 5876 2263 5931 uti
2294 5877 2589 5931 multorum
2621 5874 3021 5930 consuetudine
3061 5881 3113 5926 ct
3154 5885 3212 5927 se
3249 5870 3329 5923 cis
3389 5876 3630 5919 tonunu-
