4084 6444
457 330 568 395 943

1722 326 1915 387 LEON
1926 327 1995 386 IS
2034 325 2489 387 PHILOSOPHI

3623 325 3730 390 244

463 444 679 509 nicare,
708 440 1085 495 turbulentum
1140 436 1360 507 quidem
1403 444 1457 491 et
1506 436 1895 505 periculosius,
1947 435 2033 491 sed

2148 440 2262 501 τοῖς
2310 440 2478 493 πᾶσιν
2526 440 3039 511 ἀναστρεφόμενος.
3095 438 3181 494 ἴνα
3226 439 3468 513 κερδήσῃ
3522 441 3731 506 πάντας

461 547 574 587 non
616 545 802 586 carere
833 528 1081 583 mercede
1105 536 1158 582 et
1184 529 1435 589 utilitate,
1462 526 1865 594 sapientissime
1894 535 2048 578 utra-

464 639 573 693 que
604 622 942 685 commiscet,
1002 619 1296 689 aliquando
1331 620 1548 689 quidem
1624 626 1876 673 versatus
1919 634 2044 671 cum

463 714 738 775 ornnibus,
771 720 829 764 ut
860 727 1055 766 omnes
1104 710 1459 766 lucrifaceret
1488 711 1529 740 “
1570 709 1777 765 Paulus
1808 710 1897 763 hic
1946 724 2045 763 uo—

464 820 587 871 vus,
610 814 703 858 ant
732 803 1085 873 complures;
1120 802 1417 871 aliquando
1447 809 1629 856 autem
1666 816 1917 863 seorsum
1968 800 2047 852 la-

462 908 584 951 tens
618 896 673 950 iu
703 894 960 963 caligine,
988 904 1041 949 et
1100 908 1272 965 purus
1313 907 1439 947 cum
1503 908 1643 963 puro
1692 904 1946 948 versatus
1977 891 2042 959 ⁸³,

460 1004 641 1043 novus
674 987 908 1059 Moyses,
959 987 1271 1041 animarum
1301 993 1354 1039 et
1381 986 1666 1049 mentium,
1713 1000 1835 1053 qua:
1874 984 2041 1038 Deum

457 1081 666 1144 vident,
709 1079 991 1148 legislator
1020 1085 1074 1133 et
1106 1078 1237 1132 dux.
1276 1076 1413 1130 llinc
1444 1091 1569 1130 cum
1625 1090 1778 1130 amor
1820 1073 2043 1130 divinus

456 1178 793 1237 superasset,
829 1169 879 1225 is
910 1183 1168 1239 magnum
1207 1169 1351 1221 hunc
1377 1167 1773 1222 decertatorem
1810 1165 2041 1220 deducit

456 1262 525 1315 ad
550 1261 843 1330 quamdam
876 1261 1194 1330 speluncam
1238 1258 1612 1322 habitandam,
1648 1257 1705 1311 in
1747 1272 1854 1328 qua
1886 1256 2040 1309 bien-

456 1351 609 1404 nium
642 1351 913 1406 insomnis
962 1350 1080 1405 fere
1116 1365 1406 1420 peragens,
1441 1349 1642 1403 divinae
1675 1349 2035 1404 scrutabatur

458 1439 783 1509 Scriptura,
812 1450 922 1493 tam
955 1442 1158 1494 veteris
1190 1455 1352 1510 quam
1389 1455 1563 1506 novae,
1595 1456 1727 1510 qure.
1748 1450 1877 1494 sunt
1913 1455 2040 1510 pro-

459 1529 813 1585 fundissima.
866 1531 1003 1585 Cum
1039 1540 1219 1585 autem
1264 1532 1434 1585 robur
1485 1532 1733 1601 corporis
1775 1533 2037 1586 voluntati

458 1620 656 1673 animae
683 1636 790 1675 non
811 1620 1139 1685 suﬂ‘ecisset,
1172 1622 1314 1675 imus
1342 1632 1527 1675 venter
1558 1630 1736 1675 morte
1759 1620 1994 1675 allicitur
2020 1640 2035 1688 ;

455 1721 510 1764 ct
525 1724 650 1764 cum
685 1712 910 1766 haberet
940 1728 1100 1767 rencs
1128 1712 1329 1780 frigore
1359 1714 1658 1776 sauciatos,
1690 1724 1947 1783 tanquam
1980 1714 2034 1767 in

2152 528 2365 590 Παῦλος
2396 524 2549 593 οὗτος
2571 533 2599 585 6
2630 531 2770 597 νέος,
2807 530 2840 602 ἢ
2872 532 3153 594 πλείονας⁸
3186 530 3275 584 ὅτε
3321 531 3378 585 δὲ
3419 531 3732 595 ἰδιαζόντως

2148 620 2226 691 τῷ
2260 623 2442 691 γνόφῳ
2493 622 2899 693 κρυπτόμενος,
2936 623 3030 675 καὶ
3078 622 3332 693 καθαρῶς
3380 622 3456 692 τῷ
3504 623 3731 693 καθαρῷ

2150 713 2535 782 συγγινόμενος
2586 716 2615 766 6
2647 714 2765 776 νέος
2815 713 3075 782 Μωῦσῆς,
3127 716 3155 765 6
3209 712 3396 781 ψυχῶν
3446 715 3542 766 καὶ
3594 716 3731 767 νόων

2146 803 2397 873 ὁρώντων
2428 804 2560 856 Θεὸν
2586 804 2883 874 νομοθέτης
2918 803 3011 856 καὶ
3037 803 3228 871 όδηγὸς
3261 805 3353 857 καὶ
3379 803 3729 875 δημαγωγός.

2160 892 2441 948 Ἐντεῦθεν
2465 896 2493 947 6
2521 894 2662 958 θεῖος
2683 894 2823 964 ἔρως
2856 895 3247 964 ύπερνικήσας,
3277 895 3400 961 ἄγει
3430 896 3515 948 τὸν
3555 897 3730 965 μέγαν

2144 988 2332 1043 τοῦτον
2357 987 2663 1055 ἀγωνιστὴν
2688 988 2765 1050 είς
2794 1003 2937 1050 τινος
2978 987 3246 1056 σπηλαίου
3281 986 3602 1057 κατοίκησιν
3623 1005 3636 1017 ·
3670 989 3729 1041 ἐν

2143 1074 2187 1147 ᾧ
2207 1080 2353 1148 διετῆ
2382 1079 2572 1149 χρόνον
2611 1078 2815 1141 ἄϋπνος
2859 1078 3056 1149 μικροῦ
3086 1078 3370 1144 διανύσας,
3395 1078 3601 1149 ήρεύνα
3629 1080 3731 1149 τῆς

2144 1167 2293 1229 θείας
2324 1168 2566 1236 Γραφῆς,
2596 1169 2801 1235 Καινῆς
2823 1185 2882 1220 τε
2914 1169 3010 1221 καὶ
3044 1168 3311 1231 Παλαιᾶς,
3330 1167 3398 1221 τά
3428 1168 3726 1238 βαθύτατα.

2142 1259 2248 1312 Τοῦ
2289 1259 2343 1311 δὲ
2404 1257 2723 1328 σωματικοῦ
2762 1259 2918 1312 τόνου
2945 1258 3024 1329 τῷ
3074 1258 3293 1328 ψυχικῷ
3341 1258 3609 1329 προθύμῳ
3651 1260 3729 1330 μὴ

2142 1349 2571 1418 ἐπαρκέσαντος,
2621 1349 2911 1419 νεκροῦται
2958 1347 3025 1402 τά
3072 1349 3435 1419 ὑπογάστρια,
3467 1350 3729 1413 καὶτοὺς

2142 1439 2373 1507 νεφροὺς
2405 1437 2483 1506 τῷ
2530 1437 2688 1511 κρύει
2739 1437 3193 1509 τραυματισθεὶς,
3244 1437 3497 1508 καθάπερ
3533 1436 3729 1507 λιμένα

2141 1530 2553 1599 καταλαμϐάνει
2583 1532 2684 1599 τήν
2714 1529 3035 1598 Ἀντιοχέων
3077 1527 3395 1599 ἐκκλησίαν.
3438 1523 3572 1581 stu
3610 1545 3729 1599 χει-

2142 1624 2438 1693 ροτονεῖται
2460 1620 2725 1681 διάκονος.
2752 1621 2839 1672 Ἐν
2858 1614 2938 1681 οἷς
2963 1619 3284 1690 διαπρέπων
3311 1619 3405 1671 ἐπὶ
3428 1618 3575 1672 ἔτεσι
3594 1620 3731 1672 πέν-

2138 1729 2220 1777 τε,
2259 1712 2385 1774 τοὺς
2419 1712 2543 1779 περὶ
2565 1709 2885 1780 ἱερωσύνης,
2919 1712 3045 1776 τοὺς
3069 1711 3205 1780 πρὸς
3236 1710 3551 1782 Σταγείριον
3575 1713 3729 1779 τρεῖς

454 1808 674 1870 portum
709 1802 860 1856 venit
906 1803 971 1855 ad
1022 1802 1313 1857 ecclesiam
1374 1802 1794 1858 Antiochenam.
1834 1803 2033 1857 Deinde

2137 1802 2352 1869 λόγους,
2387 1802 2510 1864 τοὺς
2529 1818 2593 1851 πε
2601 1802 2653 1871 ρὶ
2676 1801 3082 1870 άκαταλήπτου,
3110 1801 3203 1854 καὶ
3225 1800 3363 1872 πρὸς
3390 1800 3725 1870 Ἀνομοίους,

452 1891 744 1943 ordinatur
770 1891 1060 1947 diaconus.
1093 1893 1213 1957 Quo
1239 1893 1292 1947 in
1324 1893 1517 1948 ordine
1557 1910 1619 1948 se
1647 1895 1892 1962 quinque
1934 1911 2035 1947 an-

2142 1892 2225 1947 ἐτι
2252 1910 2312 1945 τε
2342 1894 2468 1955 τοὺς
2517 1894 2646 1963 περὶ
2681 1892 3049 1946 συνεισάκτων
3080 1893 3139 1959 ἒξ
3174 1891 3503 1956 συνετάξατο
3530 1891 3727 1960 λόγους

453 1994 557 2035 nos
588 1983 852 2049 praeclare
884 1999 1104 2051 gerens,
1136 1986 1359 2054 scripsit
1382 2001 1477 2039 sex
1511 1986 1681 2040 libros
1721 1984 1794 2039 De
1823 1988 2154 2042 sacerdotio.
2196 1995 2308 2043 tres
2342 1986 2408 2039 ad
2459 1985 2782 2055 Stagirium,
2810 1987 2905 2056 qui
2957 1995 3087 2042 sunt
3128 1984 3382 2057 inscripti
3415 1985 3482 2042 de
3512 1985 3726 2039 incom-

452 2074 808 2143 prehensibili
877 2084 932 2130 et
997 2076 1061 2129 ad
1127 2075 1445 2142 Anommos,
1510 2086 1564 2131 et
1619 2093 1711 2132 se:
1768 2087 2029 2147 praetcrea
2057 2078 2125 2133 de
2154 2076 2572 2131 iutroductitiis.

525 2166 579 2221 9.
614 2165 721 2220 bed
753 2165 865 2234 jam
892 2164 957 2219 ad
986 2165 1167 2234 magni
1190 2163 1418 2220 Joannis
1443 2167 1495 2218 in
1525 2167 1905 2238 presbyterum
1947 2183 2042 2221 or-

451 2258 795 2312 dinationem
845 2272 945 2311 nos
994 2271 1199 2311 vocans
1234 2258 1434 2323 oratio,
1498 2258 1719 2311 modum
1771 2259 2041 2313 enuntiet.

452 2351 591 2405 (tum
612 2348 1093 2418 Constantinopoli
1131 2357 1384 2403 mortuus
1437 2358 1588 2402 esset
1629 2347 1905 2414 Meletius,
1947 2350 2039 2418 qui

454 2454 525 2494 eo
562 2446 785 2494 venerat
809 2438 874 2492 ad
905 2438 1355 2492 constituendum
1392 2454 1651 2506 magnum
1710 2438 1841 2493 illud
1877 2440 2042 2493 lumi-

456 2543 617 2603 nare,
646 2532 859 2596 'nempe
906 2526 1230 2597 Gregorium
1278 2537 1641 2597 cognomento
1676 2525 2036 2598 Theologum,

454 2615 751 2673 Flavianus
801 2616 1017 2673 Meletio
1067 2618 1314 2672 succedit
1373 2618 1700 2673 Antiochiae.
1758 2620 1809 2676 Is
1858 2632 2039 2675 autem

452 2726 582 2765 cum
612 2712 884 2781 vigilaret,
912 2718 971 2763 ut
1002 2718 1394 2774 consueverat,
1429 2711 1666 2780 quadam
1702 2721 1865 2767 nocte
1890 2714 2041 2767 videt

450 2801 697 2856 divinum
729 2802 1048 2856 accessisse
1101 2802 1390 2872 angelum,
1422 2802 1515 2870 qui
1557 2803 1605 2855 ei
1630 2803 1860 2871 jubebat
1890 2804 2040 2857 ordi-

449 2909 587 2949 nare
643 2893 938 2959 Joannem,
987 2893 1180 2948 dicens
1224 2895 1471 2947 futurum
1510 2892 1779 2951 Joannem
1822 2912 2030 2949 novum

448 3000 545 3039 vas
575 2985 859 3039 electionis
892 3005 903 3039 :
939 2983 1100 3049 Ecce,
1125 2983 1341 3046 dicens,
1369 3000 1470 3054 ego
1488 2984 1536 3038 ei
1571 2986 1637 3039 de
1670 2985 1773 3039 hoc
1802 2990 2034 3040 manda-

452 3087 567 3127 tmn
600 3076 761 3138 dabo,
790 3084 845 3128 ct
879 3074 1118 3129 obediet.
1145 3074 1225 3127 Ad
1257 3091 1420 3143 quem
1454 3076 1673 3145 quidem
1700 3092 1823 3130 cum
1851 3092 2038 3131 acces-

450 3176 614 3219 srsset
643 3168 890 3238 angelus,
915 3169 963 3222 ei
993 3166 1306 3234 mandavit;
1344 3170 1498 3237 prius
1551 3169 1798 3223 narravit
1827 3169 2035 3234 futura,

447 3265 505 3312 et
535 3273 875 3327 quascunque
904 3275 1005 3329 par
1037 3268 1122 3314 est
1173 3260 1357 3316 facere
1391 3278 1516 3316 eum
1560 3261 1653 3330 qui
1713 3261 1934 3317 divinus
1966 3265 2037 3318 sit

449 3348 725 3404 minister.
762 3349 824 3403 Et
847 3360 905 3404 ut
940 3352 1190 3420 pluribus
1214 3352 1603 3422 prmtermissis
1641 3354 1824 3407 veniat
1857 3354 2036 3407 oratio

449 3436 517 3491 ad
543 3438 593 3492 id
626 3438 769 3509 quod
803 3448 890 3494 est
930 3442 1165 3497 maxime
1213 3442 1486 3507 mirabile,
1516 3442 1620 3496 hoc
1674 3442 1861 3497 faciat.
1897 3443 2032 3496 Cum

448 3518 683 3597 magnus
712 3540 766 3584 ct
799 3530 976 3585 hostia
1007 3541 1063 3586 et
1096 3531 1341 3602 pontifex
1373 3530 1536 3587 Jesus
1567 3533 1820 3587 Christus
1854 3531 2027 3587 Filius

448 3614 547 3673 Dei
578 3620 681 3674 mei
708 3620 867 3689 aquis
918 3632 1271 3692 purgaretur,
1310 3620 1473 3677 Pater
1516 3635 1763 3694 apparet,
1814 3627 1882 3679 ab
1923 3626 2035 3679 alto

446 3724 585 3764 voce
616 3712 915 3767 testiiicans
933 3730 1056 3768 eum
1080 3729 1398 3783 germanum
1427 3732 1548 3769 esse
1567 3716 1785 3781 Filium,
1817 3726 1870 3771 et
1906 3717 2031 3786 Spi-

450 3799 597 3853 ritus
621 3799 675 3853 in
709 3801 979 3856 columbae
1016 3804 1199 3873 specie
1227 3804 1271 3835 η
1313 3821 1499 3858 vocem
1535 3807 1682 3858 illam
1713 3806 2027 3861 conlinunt.

446 3886 516 3941 Et
542 3888 668 3944 licet
689 3890 856 3943 alicui
883 3892 1061 3944 audax
1092 3892 1344 3948 videatur
1371 3896 1549 3947 oratio
1574 3908 1795 3965 propter
1820 3915 1880 3952 ca
1911 3916 2033 3970 quae

446 3981 615 4035 audet
641 3980 1188 4049 dicerejuvenilitcr,
1221 3984 1311 4037 illa
1348 3987 1708 4054 proponimus
1744 3989 1810 4041 ad
1845 4006 2030 4045 recor-

445 4072 747 4127 datiouem.
806 4073 1065 4140 Quanam
1089 4076 1111 4127 ?
1136 4077 1295 4138 Illud,
1359 4076 1471 4147 Ego
1506 4079 1644 4144 dixi,
1676 4079 1765 4133 Dii
1795 4084 1942 4146 estis,
1976 4092 2031 4136 ut

446 4162 582 4218 illud
619 4181 836 4227 rursus,
894 4166 940 4219 si
977 4167 1145 4220 vultis
1183 4186 1194 4219 :
1227 4178 1275 4220 et
1311 4168 1411 4235 lilii
1452 4170 1721 4224 Αιιὶεείηιὶ
1747 4188 1923 4226 omnes
1953 4174 2025 4238 ¹³;

446 4260 503 4309 et
529 4264 655 4308 ante
687 4271 775 4317 ea,
801 4258 1028 4310 verbum
1065 4258 1207 4326 quod
1252 4269 1336 4313 est
1374 4277 1387 4313 :
1422 4261 1490 4312 ad
1522 4262 1805 4331 imaginem
1860 4274 1908 4318 et
1956 4267 2029 4319 si-

2214 2162 2278 2219 6'.
2317 2165 2461 2218 Ἀλλ’
2494 2166 2595 2236 ἤδη
2625 2163 2718 2219 καὶ
2745 2164 2880 2233 πρὸς
2904 2162 3002 2234 τὴν
3028 2162 3123 2217 τοῦ
3154 2162 3527 2234 πρεσϐυτέρου
3552 2179 3729 2235 χειρο.

2140 2257 2320 2311 τονίαν
2381 2257 2476 2310 τοῦ
2525 2258 2764 2328 μεγάλου
2816 2255 3063 2309 Ἰωάννου
3115 2256 3620 2327 προσκαλούμενον,
3697 2257 3729 2309 6

2139 2349 2298 2417 λόγος
2330 2348 2420 2401 τὸν
2465 2349 2667 2419 τρόπον
2714 2346 3127 2415 άπαγγειλάτω.
3161 2347 3253 2401 Ἐν
3287 2350 3728 2403 Κωνσταντινου-

2141 2441 2291 2495 πόλει
2346 2442 2770 2511 τελευτήσαντος
2834 2438 3121 2500 Μελετίου,
3174 2442 3617 2510 παραγεγονότος
3667 2442 3729 2495 ὲν

2143 2532 2281 2602 αὐτῇ
2312 2532 2433 2584 τότε
2486 2532 2647 2600 χάριν
2687 2532 2786 2599 τῆς
2821 2529 2916 2582 τοῦ
2966 2529 3205 2597 μεγάλου
3260 2531 3583 2601 λαμπτῆρος
3627 2549 3728 2586 κα-

2140 2623 2454 2685 ταστάσεως
2509 2622 2835 2693 Γρηγορίου,
2885 2614 2929 2688 ᾧ
2983 2620 3272 2690 ἐπώνυμον
3326 2623 3357 2691 ἡ
3414 2620 3509 2675 τοῦ
3564 2622 3725 2691 λόγου

2141 2715 2375 2786 θειότης,
2404 2714 2702 2777 Φλαόιανὸς
2735 2716 2791 2767 ὲν
2823 2716 2888 2784 τῇ
2913 2714 3235 2783 Ἀντιοχέων
3265 2713 3528 2767 Μελέτιον
3552 2715 3728 2767 διαδέ-

2140 2819 2316 2871 χεται.
2342 2796 2512 2865 Οὗτος
2540 2802 2597 2854 δὲ
2631 2801 2880 2871 συνήθως
2912 2801 3306 2871 ἐπαγρυπνῶν,
3340 2804 3398 2855 ἐν
3446 2805 3547 2874 μιᾷ
3569 2805 3727 2857 νυκτὶ

2142 2895 2286 2948 θεῖον
2339 2895 2442 2965 ὁρᾷ
2497 2894 2940 2963 παραγενόμενον
2986 2893 3251 2962 άγγελον,
3304 2894 3729 2966 ἐγκελευόμενον

2144 2985 2293 3055 αὐτῷ
2312 2985 2692 3057 χειροτονῆσαι
2713 2984 2805 3037 τὸν
2835 2984 3111 3055 Ἰωάννην,
3137 2985 3256 3039 νέον
3281 2985 3511 3058 ἐκλογῆς
3532 2985 3727 3050 σκεῦος

2143 3075 2367 3143 λέγοντα
2399 3077 2474 3138 ὡς
2505 3075 2657 3129 ἔσται
2688 3076 2943 3144 Ἰωάννης
2962 3092 2977 3107 ·
3001 3076 3095 3128 καὶ
3129 3076 3213 3130 ὅτι
3248 3075 3380 3130 ’ἰδοὺ
3409 3077 3727 3148 ἐντέλλομαι

2140 3168 2236 3219 καὶ
2264 3164 2411 3236 αὐτῷ
2443 3166 2572 3236 περὶ
2606 3165 2820 3233 τούτου,
2850 3166 2947 3220 καὶ
2986 3165 3379 3220 ὑπακούσεται.
3411 3166 3533 3236 Ἐφ’
3576 3169 3635 3221 όν
3659 3169 3725 3241 δὴ

2139 3256 2532 3328 παραγεγονὼς
2553 3257 2581 3307 6
2610 3256 2842 3326 ἄγγελος
2867 3257 3192 3322 ἐνετέλλετο,
3222 3259 3570 3329 προδιηγεῖτο
3595 3258 3727 3330 μέλ-

2137 3349 2317 3412 λοντα,
2356 3349 2451 3401 καὶ
2478 3349 2580 3402 ὅσα
2614 3348 2759 3410 εἰκὸς
2788 3348 2879 3401 τὸν
2909 3348 3053 3401 θεῖον
3085 3348 3258 3401 είπὼν
3295 3349 3723 3420 διακονήσασθαι

2136 3438 2473 3510 λειτουργόν.
2502 3440 2613 3491 Καὶ
2641 3440 2727 3492 ῖνα
2754 3439 2822 3491 τά
2849 3440 3078 3494 πλεῖστα
3102 3441 3479 3515 παραδραμὼν
3504 3445 3532 3496 6
3565 3442 3726 3511 λόγος

2140 3530 2277 3600 πρὸς
2334 3529 2395 3584 τὸ
2454 3530 2903 3602 θαυμασιώτερον
2967 3531 3233 3604 γένηται·
3296 3531 3454 3586 τοῦτο
3506 3533 3572 3605 δὴ
3627 3535 3725 3586 καὶ

2138 3622 2382 3676 ποιείτω.
2415 3621 2521 3675 Τοῦ
2570 3622 2809 3692 μεγάλου
2853 3623 2949 3676 καὶ
3001 3623 3241 3693 θύματος
3293 3623 3387 3677 καὶ
3418 3624 3722 3696 ἀρχιερέως

2136 3713 2313 3785 Ἰησοῦ
2346 3713 2585 3784 Χριστοῦ
2615 3714 2709 3767 τοῦ
2762 3713 2879 3767 υἱοῦ
2906 3715 2997 3767 τοῦ
3026 3714 3162 3767 Θεοῦ
3203 3714 3338 3784 ἐμοῦ
3381 3716 3719 3786 καθαιρομέο

2136 3824 2227 3859 νου
2274 3808 2388 3870 τοῖς
2427 3804 2636 3870 ὕδασιν,
2669 3808 2696 3858 6
2725 3806 2913 3877 Πατὴρ
2963 3806 3171 3859 ἄνωθεν
3215 3808 3368 3877 φωνῇ
3424 3806 3721 3878 μαρτυρῶν

2134 3899 2211 3968 τῷ
2244 3898 2358 3968 Υίῷ
2391 3896 2450 3950 τὸ
2479 3899 2703 3969 γνήσιον
2749 3898 3128 3965 ὲπιφαίνεται’
3175 3898 3270 3951 καὶ
3298 3901 3632 3969 περιστερᾶς
3659 3901 3720 3953 ὲν

2134 3992 2261 4043 εἴδει
2298 3991 2357 4042 τὸ
2386 3989 2609 4059 Πνεῦμα
2638 3990 2698 4042 τὸ
2723 3991 2962 4059 ἀσφαλὲς
3002 3990 3216 4058 βεϐαιοῖ
3248 3991 3346 4060 τῆς
3374 3991 3575 4060 φωνῆς.
3605 3991 3721 4044 Καὶ

2133 4083 2181 4133 εἰ
2232 4080 2503 4150 τολμηρὸς
2533 4082 2561 4133 6
2604 4080 2782 4148 λόγος,
2833 4081 2916 4149 ἐφ’
2950 4075 3031 4143 οἷς
3063 4081 3163 4149 ἤδη
3206 4081 3483 4151 τολμῆσαι
3534 4097 3719 4135 νεανισ-

2133 4170 2337 4235 εύεται,
2372 4173 2555 4224 ἐκεῖνα
2581 4172 2910 4241 προτίθεμεν
2945 4175 3023 4234 εἰς
3046 4172 3377 4243 ἀνάμνησιν.
3412 4173 3580 4239 Ποῖα;
3615 4173 3715 4236 Τὸ,

2134 4261 2276 4330 Ἐγὼ
2296 4263 2433 4315 εἷπιι
2452 4278 2464 4291 ·
2498 4263 2631 4315 Θεοί
2654 4264 2824 4326 ἐστε,
2850 4263 2943 4316 καὶ
2979 4263 3057 4326 τὸ,
3086 4266 3135 4316 εἰ
3166 4263 3346 4321 θέλετε
3373 4264 3533 4321 πάλιν
3564 4306 3578 4329 ,
3613 4263 3716 4316 καί

446 4344 803 4398 militudine":
832 4348 909 4410 ¹⁶;
950 4357 1003 4401 et
1031 4363 1373 4419 quaecunque
1414 4352 1479 4405 ad
1516 4353 1777 4408 honorem
1811 4372 2024 4419 eorum,

2137 4355 2251 4409 υἱοὶ
2300 4356 2583 4423 Ὑψίστου
2622 4355 2846 4420 πάντες
2867 4372 2880 4385 ·
2915 4357 3011 4409 καλ⁸
3042 4356 3147 4425 πρὸ
3177 4356 3401 4421 τούτοιν,
3433 4359 3541 4409 τὸν
3583 4355 3716 4408 κατ’

446 4435 539 4503 qui
569 4446 793 4489 servant
832 4453 953 4506 qua:
984 4448 1112 4492 sunt
1166 4440 1445 4510 imaginis,
1504 4446 1727 4513 copiosa
1786 4446 2030 4514 providit

444 4526 653 4597 gratia.
705 4527 837 4583 Mihi
872 4539 1055 4585 autem
1089 4532 1179 4585 hic
1240 4550 1462 4603 quoque
1521 4537 1829 4593 considera.
1891 4538 2028 4594 Cum

444 4620 615 4689 igitur
633 4620 851 4676 adesset
883 4623 1016 4676 hora
1046 4624 1434 4688 ordinationis.
1464 4638 1517 4682 ct
1547 4631 1898 4686 incruentum
1928 4649 2025 4701 pe-

442 4725 729 4782 rageretur
775 4715 1128 4779 sacrificium,
1169 4728 1219 4771 et
1253 4716 1485 4773 inferius
1528 4722 1815 4776 assisteret
1841 4725 2027 4777 multi-

442 4805 577 4858 tudo
606 4808 1048 4872 innumerabilis,
1075 4816 1128 4862 et
1157 4811 1334 4881 angeli
1366 4811 1605 4883 desuper
1649 4815 2023 4879 intuerentur,

443 4912 667 4950 manum
701 4898 1015 4968 imponente
1042 4902 1304 4972 episcopo
1335 4914 1390 4957 et
1426 4922 1617 4975 preces
1647 4908 1865 4963 dicente
1894 4924 2024 4961 con-

444 4998 655 5054 suetas,
710 4991 916 5045 dicitur
964 4994 1165 5049 factum
1198 5013 1324 5053 esse
1355 4998 1491 5053 illud
1530 5001 1765 5055 maxime
1825 5018 2024 5056 novum

442 5082 844 5150 spectaculum.
898 5082 1032 5138 Alba
1113 5087 1371 5141 columba
1436 5099 1664 5158 repente
1734 5091 2024 5157 devolans,

441 5173 718 5242 quomodo
748 5174 859 5229 illic
890 5190 1059 5243 supra
1089 5176 1278 5231 Jesum
1320 5195 1499 5234 meum
1525 5190 1579 5235 et
1606 5182 1796 5249 Deum,
1828 5185 1879 5238 iu
1912 5186 2016 5241 ho-

440 5280 631 5320 norem
661 5265 800 5334 ejus,
836 5266 925 5320 cui
962 5282 1160 5325 manus
1213 5270 1301 5324 hic
1366 5271 1813 5342 imponebantur,
1871 5279 2024 5333 stetit

441 5373 606 5428 supra
642 5359 763 5427 ejus
810 5368 997 5429 caput.
1034 5361 1150 5415 lloc
1182 5360 1547 5420 admiratione
1588 5367 1812 5436 quidem
1862 5368 2025 5423 allicit

440 5459 495 5502 et
527 5451 824 5520 stupefecit
864 5468 982 5516 eos,
1024 5452 1118 5523 qui
1150 5462 1280 5510 tunc
1318 5455 1568 5518 aderant,
1600 5458 1765 5513 simul
1791 5461 2023 5515 attrahit

442 5550 622 5595 autem
670 5558 767 5597 eos
810 5560 1031 5613 quoquc
1081 5546 1173 5614 qui
1222 5546 1475 5604 audiunt.
1518 5550 1839 5605 Admiratur
1901 5554 2022 5607 uni.

443 5642 625 5695 Versa,
667 5648 775 5686 non
813 5636 991 5689 solum
1037 5654 1157 5706 quae
1199 5639 1519 5695 circumsita
1569 5654 1651 5696 est
1705 5645 1874 5714 regio,
1930 5647 2022 5701 sed

444 5719 608 5773 etiam
644 5724 902 5778 universa
935 5746 1053 5793 qua:
1082 5740 1236 5782 extra
1272 5731 1407 5786 fines
1438 5744 1523 5788 est
1562 5734 1741 5805 Syria.
1781 5738 1874 5791 Sic
1907 5753 2027 5791 om-

520 5810 614 5864 ³³1
656 5808 782 5865 Cor.
819 5830 895 5879 ix,
933 5817 1013 5873 l‘J.
1095 5822 1135 5851 ⁸³
1163 5820 1337 5876 Exod.
1371 5839 1459 5890 xx,
1494 5824 1583 5878 2i.

1670 5827 1711 5858 ³³
1750 5827 1943 5884 Malui.
1982 5841 2062 5896 ιη,
2113 5831 2191 5887 I6.

2128 4447 2336 4499 εἰκόνα
2365 4445 2522 4513 λόγον
2550 4446 2649 4499 καὶ
2682 4449 2806 4500 καθ’
2831 4448 3119 4515 ὁμοίωσιν
3139 4463 3155 4477 ⁸
3187 4447 3281 4499 καὶ
3307 4448 3407 4499 ὅσα
3438 4448 3518 4509 είς
3547 4446 3715 4517 τιμὴν

2127 4538 2236 4590 τῶν
2286 4538 2671 4607 φυλασσόντων
2716 4538 2782 4591 τὰ
2812 4538 2909 4607 τῆς
2959 4540 3166 4601 εἰκόνος
3209 4540 3241 4610 ή
3289 4539 3523 4607 ἄφθονος
3554 4539 3715 4610 χάρις

2128 4631 2538 4701 ᾠκονομήσατο.
2567 4631 2768 4687 Σκόπει
2804 4647 2894 4700 μοι
2924 4629 2988 4699 δὴ
3030 4629 3332 4684 κάνταῦθα.
3368 4631 3500 4684 Ὅτε
3528 4631 3713 4686 τοίνυν

2127 4724 2160 4791 ή
2192 4720 2309 4792 ὥρα
2346 4723 2527 4792 παρῆν
2554 4722 2653 4793 τῆς
2685 4720 3042 4790 χειροτονίας,
3079 4720 3179 4792 τῆς
3223 4721 3565 4791 άναιμάκτου
3612 4721 3711 4774 θυ-

2132 4814 2253 4877 σίας
2278 4813 2638 4883 τελουμένης,
2685 4813 2924 4883 πλήθους
2955 4812 3185 4882 ἀπείρου
3244 4814 3396 4868 κάτω
3432 4829 3715 4885 παρεστη-

2129 4906 2307 4970 κότος,
2338 4905 2543 4959 άνωθεν
2574 4904 2827 4973 ἀγγέλων
2864 4904 3330 4967 ἐπισκοπούντων,
3370 4906 3465 4959 τοῦ
3489 4907 3715 4959 ἐπισκό-

2130 5016 2233 5052 που
2279 4997 2656 5069 χειρωθέντος,
2685 4997 2779 5050 καὶ
2807 4996 2907 5068 τὴν
2946 4996 3152 5069 συνήθη
3188 4996 3469 5060 ποιοῦντος
3526 4997 3712 5067 εὐχὴν,

2127 5091 2186 5143 τὸ
2206 5091 2525 5143 καινότατον
2550 5091 2727 5142 ἐκεῖνο
2754 5092 3032 5157 γεγονέναι
3064 5090 3246 5165 θέαμα
3268 5090 3526 5158 λέγεται·
3560 5091 3717 5158 ἄφνω

2130 5181 2433 5253 περιστερὰ
2463 5179 2629 5251 λευκὴ
2662 5181 3012 5245 καταπτάσα,
3043 5182 3295 5253 καθάπερ
3338 5184 3455 5236 ἐκεῖ
3490 5178 3584 5236 ἐπὶ
3618 5180 3715 5235 τοῦ

2132 5272 2270 5342 ἐμοῦ
2298 5272 2476 5343 Ἰησοῦ
2518 5273 2612 5325 καὶ
2641 5272 2798 5339 Θεοῦ,
2832 5275 2913 5336 εἰς
2954 5274 3120 5344 τιμὴν
3158 5273 3253 5327 τοῦ
3292 5275 3682 5345 χειροθετουμέ

2133 5382 2247 5431 νου,
2298 5364 2428 5433 ἔστη
2464 5363 2607 5432 ὑπὲρ
2651 5364 2749 5435 τῆς
2783 5364 2950 5417 αὐτοῦ
3000 5366 3268 5436 κεφαλῆς.
3302 5366 3473 5419 Τοῦτο
3515 5364 3714 5436 θαμὸει

2132 5456 2236 5528 μὲν
2292 5458 2419 5521 τοὺς
2460 5456 2583 5509 τότε
2647 5458 2923 5527 παρόντας
2972 5456 3345 5529 θεασαμένους
3392 5460 3487 5511 καὶ
3538 5474 3712 5509 κατα·

2130 5553 2376 5623 πλήττει,
2412 5552 2656 5605 συνέλκει
2687 5552 2741 5604 δὲ
2764 5552 2888 5615 τοὺς
2912 5552 3230 5614 ἀκούοντας.
3258 5550 3536 5621 Θαυμάζει
3560 5552 3711 5602 πᾶσα

2133 5646 2192 5697 οὗ
2230 5644 2387 5714 μόνον
2418 5647 2450 5713 ἡ
2497 5645 2824 5715 περίχωρος,
2854 5643 2991 5697 ἀλλὰ,
3023 5643 3113 5696 καὶ
3154 5646 3187 5713 ή
3224 5643 3513 5712 ὑπερόριος
3560 5643 3711 5694 πᾶσα

2135 5736 2324 5805 Συρία.
2354 5737 2578 5789 Ἕθεντο
2605 5737 2795 5797 πάντες
2828 5739 2884 5788 ἐν
2912 5738 2975 5805 τῇ
3007 5735 3197 5805 καρδίᾳ
3228 5732 3709 5801 ταῦτα,λὲγοντεςο

2274 5832 2314 5862 ’⁵
2349 5831 2493 5888 Psal.
2532 5843 2717 5891 Lxxsl,
2755 5827 2806 5879 6.
2890 5829 2931 5857 ¹⁶
2958 5827 3092 5883 Gen,
3136 5844 3170 5892 1³
3198 5825 3286 5877 :26.
