4084 6440
338 345 448 413 245

1013 351 1300 413 ORATIO
1323 354 1542 417 XVIII.
1585 382 1656 394 --
1680 355 2069 419 LAUDATIO
2100 357 2160 418 S.
2211 358 2454 419 JOANN
2465 360 2534 419 IS
2569 360 2979 422 CHRYSOST.

3507 353 3617 420 246

342 438 407 488 Τί
440 436 549 506 ἀρα
589 435 745 493 Ισται
782 436 860 506 τῷ
904 437 1148 517 Ἰωάννῃ.
1175 441 1255 493 ὅτι
1290 443 1353 493 ἐκ
1378 443 1681 511 προοιμίων
1725 445 1923 512 ἔφανε-

2045 460 2132 500 ιεε
2161 449 2306 515 apud
2346 462 2408 502 se
2452 448 2795 517 cogitabant.
2842 448 3136 502 dicentes:
3166 445 3439 513 Quidnam
3486 460 3620 509 ergo

342 526 493 598 ρὼθη
515 528 575 579 ἐν
607 527 759 599 αὐτῷ
783 531 815 599 ἡ
841 529 969 595 δόξα
1012 515 1252 599 κυρίους
1299 530 1395 585 Ἐκ
1432 532 1533 601 μὲν
1578 529 1673 587 οὖν
1702 534 1811 587 τῶν
1850 538 1930 588 εἰ·

345 624 601 699 ρημένων
627 623 684 689 ἡ,
735 619 826 688 ἐφ’
854 614 935 683 οἷς
967 620 1056 672 τὸν
1102 622 1301 675 οίκεῖον
1355 623 1672 693 λειτουργὸν
1711 626 1739 677 ό
1777 625 1929 695 παρά

341 710 502 775 δόξαν
526 710 737 781 ἀνδρῶν
775 713 854 772 είς
885 713 1053 781 τιμὴν
1092 712 1202 765 τῶν
1242 713 1408 766 αὑτοῦ
1441 713 1792 783 θεραπόντων
1833 717 1930 769 καὶ

342 800 499 866 δόξαν
539 796 794 869 οὐράνιος
826 805 962 874 τιμᾷ
994 802 1269 872 βασιλεὺς,
1296 805 1505 876 εὐφυὴς
1524 806 1638 859 τῶν
1666 806 1932 876 πραγμά-

341 904 448 944 των
481 889 777 956 ἀπόδειξις.
808 891 1074 945 Ἐνταῦθα
1117 892 1173 945 δὲ
1202 894 1296 946 τὸν
1337 892 1496 965 λόγον
1533 894 1707 966 βραχύ
1759 914 1811 950 τι
1843 896 1930 951 διὰ

340 980 432 1031 τὸν
465 980 627 1049 κόρον
656 981 1229 1050 προσαναπαύσαντες,
1271 985 1382 1037 τῶν
1416 987 1544 1056 ἑξῆς
1590 988 1931 1059 προθυμοτέ-

343 1086 444 1140 ραν
470 1070 716 1142 ποιῶμεν
746 1073 844 1144 τὴν
865 1074 1191 1138 διεξάνυσιν.
1224 1074 1448 1147 Ἐπειδὴ
1474 1078 1574 1147 τῆς
1604 1079 1932 1149 οἰκουμένης

339 1166 370 1216 ό
421 1163 595 1232 μέγας
649 1164 879 1234 ἔμελλεν
1072 1168 1174 1237 τὴν
1226 1170 1565 1238 προστασίαν
1617 1173 1930 1241 προστάτης

342 1256 440 1311 καὶ
470 1256 667 1326 κριτὴς
711 1258 1096 1328 ἀναδέχεσθαι,
1128 1260 1209 1312 ἔτι
1238 1260 1352 1323 τοῖς
1392 1261 1579 1325 καλοῖς
1611 1262 1932 1333 προγυμνά-

343 1348 518 1412 ζεται.
552 1346 867 1402 Δωδέκατον
890 1348 1000 1421 γὰρ
1027 1350 1146 1413 ἔτος
1174 1350 1381 1415 ἀνύσας
1410 1355 1469 1406 ἐν
1491 1354 1556 1424 τῇ
1581 1348 1929 1423 Ἀντιοχέων,

343 1445 714 1513 ἀποσεμνύνει
736 1446 799 1499 τὸ
830 1446 1096 1516 ίερατεῖον
1132 1447 1211 1519 τῷ
1251 1445 1481 1519 καθαρῷ
1512 1449 1604 1501 τοῦ
1650 1448 1793 1519 βίου,
1826 1467 1928 1504 κα-

342 1536 547 1604 θαίρων
570 1537 672 1599 τὰς
691 1537 801 1591 τῶν
848 1536 1155 1607 βλεπόντων
1196 1536 1400 1608 ψυχὰς,
1444 1538 1794 1611 λαμπρότητι
1832 1540 1929 1594 τοῦ

343 1630 505 1695 λόγου
538 1627 901 1699 λαμπρύνων,
932 1628 1180 1697 ἀγιάζων
1222 1628 1322 1692 τὰς
1364 1628 1606 1694 διανοίας
1651 1632 1931 1698 ἁπάντων,

341 1719 512 1781 πολὺς
540 1723 620 1783 είς
644 1721 707 1775 τδ
739 1721 971 1788 διδάξαι,
1020 1722 1195 1791 μέγας
1227 1723 1309 1785 είς
1344 1722 1444 1792 τὴν
1480 1724 1589 1776 τῶν
1618 1726 1930 1778 ἀκουόντων

340 1808 636 1877 ὠφέλειαν,
676 1813 757 1882 τῷ
797 1785 1057 1881 στύφοντι
1102 1785 1316 1883 ’μᾶλλον
1361 1785 1456 1867 τοῦ
1494 1814 1683 1884 ἠθους.
1724 1815 1757 1884 ἢ
1792 1814 1931 1868 αἰδοῖ
1963 1785 2005 1839 Β

339 1902 722 1973 χαριζόμενος,
774 1903 836 1957 τὸ
866 1902 963 1957 τοῦ
1013 1904 1226 1968 λέοντος
1268 1904 1573 1969 πεπονθὼς,
1604 1907 1666 1958 ἂν
1719 1905 1799 1976 τῷ
1847 1906 1928 1959 δι·-

342 1994 490 2064 κιίῳ
526 1994 940 2065 διαφερόμενος,
976 1987 1022 2064 ᾧ
1065 1998 1180 2057 τοῖς
1215 1994 1574 2066 νωθεστέροις
1612 1996 1932 2061 ἀλαζονικὸς

344 2082 651 2154 ἐνομίζετο.
683 2085 782 2147 Τίς
810 2084 955 2149 vuig,
991 2085 1073 2149 τίς
1102 2086 1259 2154 λόγος
1284 2086 1386 2149 τὰς
1415 2087 1609 2157 ἐκείνῳ
1646 2087 1784 2156 πρὸς
1823 2104 1931 2139 σω-

342 2175 544 2246 τηρίαν
572 2176 830 2230 ἀπάντων
868 2177 1244 2247 ὲξευρημένας
1289 2178 1445 2240 ὁδοὺς
1489 2182 1929 2249 παραστήσειεν;

343 2262 422 2324 ὢν
447 2270 517 2322 τὰ
553 2268 784 2322 πλιίστά
826 2285 958 2338 φασι
987 2270 1083 2322 καὶ
1122 2269 1287 2339 μέχρι
1333 2269 1435 2338 τῆς
1481 2269 1577 2323 νῦν
1623 2268 1929 2341 περισώζε-

346 2360 475 2412 σθαι
502 2363 570 2431 τῇ
617 2361 959 2430 ’Δντιοχέων.
1007 2358 1409 2427 ’Δναγκάζεταί
1463 2377 1599 2413 ποτε
1652 2360 1802 2429 παρὰ
1835 2359 1930 2413 τοῦ

347 2452 616 2523 προέδρου
655 2450 901 2505 ἀνελθεῖν
945 2452 1038 2504 ἐπὶ
1064 2451 1158 2504 τοῦ
1188 2450 1535 2521 όκρίθαντος,
1566 2452 1663 2506 καὶ
1703 2451 1932 2522 σχεδίως

345 2543 424 2612 τῷ
444 2541 558 2612 λαῷ
580 2542 952 2612 ἐξηγήσασθαι
976 2557 989 2570 ⁸
1021 2542 1115 2596 καὶ
1134 2542 1288 2613 μόλις
1316 2542 1439 2612 μὲν,
1457 2541 1547 2613 βίᾳ
1567 2541 1625 2595 δὲ
1638 2542 1789 2612 ὅμως
1809 2559 1934 2595 πει-

347 2634 521 2697 σθεὶς,
551 2634 646 2687 καὶ
671 2634 981 2705 ἀρξάμενος
1011 2633 1104 2688 τοῦ
1144 2633 1325 2703 λόγου,
1366 2633 1625 2688 ὑπόθεσιν
1654 2634 1818 2704 ἔχων,
1844 2636 1924 2697 εἰς

347 2722 411 2774 τὸ
436 2720 656 2791 πρῶτον
695 2722 816 2773 τότε
854 2723 1053 2787 είπεῑν,
1087 2722 1184 2776 καὶ
1212 2724 1294 2786 είς
1322 2724 1412 2776 τὸν
1448 2724 1773 2790 ἐπίσκοπον,
1803 2718 1863 2778 οὗ
1903 2725 1936 2794 ἡ

348 2812 520 2881 ἀρχή’
556 2814 701 2883 ’Δρα
723 2810 903 2882 ἀληθῆ
930 2812 1001 2865 τὰ
1036 2812 1320 2883 συμόἀντα
1352 2813 1483 2883 περὶ
1525 2815 1693 2884 ἡμᾶςς
1730 2815 1938 2877 πάντας

350 2900 667 2973 ὶξέστησεν.
704 2904 933 2957 Ἐκτοτε
965 2905 1179 2965 πάντας
1205 2899 1371 2971 εἶλεν,
1404 2907 1498 2958 ἐπὶ
1550 2906 1708 2959 τοῦτο
1737 2907 1939 2971 πάντες
1968 2936 1986 2953 ς

355 2994 671 3065 είσίῤῥεονο
716 2996 1128 3063 κατελίμπανον
1180 2998 1479 3067 γεωργίας,
1518 2999 1738 3068 τέχνας,
1787 2998 1939 3063 ὲξουο

2030 534 2136 589 crit
2164 534 2387 599 Joanni,
2416 536 2564 603 quod
2591 536 2663 592 ab
2692 537 2852 591 initio
2884 537 2933 590 ei
2982 536 3239 606 apparuit
3287 537 3462 607 gloria
3513 536 3619 589 Do-

2030 625 2208 681 mini?
2234 625 2414 693 Atque
2434 641 2501 680 ex
2526 627 2594 681 iis
2622 627 2844 695 quidem
2876 640 2999 694 qua:
3046 627 3194 681 dicta
3238 634 3387 689 sunt.
3432 642 3618 681 rerum

2028 724 2111 770 est
2134 715 2540 771 demonstratio
2569 717 2937 781 admirabilis.
2966 718 3020 771 in
3068 718 3154 771 his
3195 719 3403 787 quibus
3455 732 3620 772 suum

2032 803 2351 858 ministrum
2407 805 2644 860 honorat
2688 820 2799 873 prae
2856 804 3147 859 hominum
3209 804 3469 874 Opinione
3524 818 3622 857 rex

2032 893 2302 962 caelestis,
2353 893 2420 948 ad
2474 896 2705 962 gloriam
2752 901 2808 948 et
2852 897 3117 948 honorem
3164 910 3356 948 eorum
3396 892 3488 961 qui
3542 891 3620 945 illi

2032 987 2367 1041 ministram.
2404 986 2541 1041 Cum
2574 986 2663 1041 hic
2686 995 2870 1041 autem
2921 987 3194 1041 orationis
3226 1001 3453 1039 cursum
3489 1000 3617 1053 pro-

2031 1085 2153 1148 pter
2169 1079 2480 1131 satietatem
2503 1092 2797 1147 parumper
2810 1076 3139 1139 stiterimns,
3161 1078 3228 1129 ad
3253 1091 3315 1131 ea
3333 1076 3623 1146 quaedein-

2026 1170 2165 1237 'ceps
2180 1177 2610 1239 consequentur,
2638 1184 2931 1239 pergamus
2948 1169 3209 1223 alacrius.
3231 1165 3503 1234 Quoniam
3525 1180 3623 1218 or-

2030 1257 2118 1315 bis
2148 1268 2311 1314 terrae
2336 1260 2613 1313 ereandus
2644 1268 2767 1314 erat
2802 1274 3039 1329 magnus
3076 1259 3311 1315 antistes
3338 1268 3393 1313 et
3421 1256 3623 1327 judex,

2033 1351 2120 1407 his
2156 1366 2375 1421 quoque
2405 1351 2564 1405 bonis
2591 1356 2646 1404 et
2683 1351 2932 1405 honestis
2960 1351 3113 1419 prius
3144 1358 3457 1404 exercetur.
3482 1348 3621 1401 Nam

2033 1459 2156 1499 cum
2185 1442 2478 1497 duodecim
2512 1455 2688 1495 annos
2720 1440 3079 1510 transegissct
3115 1440 3399 1510 presbyter
3428 1439 3481 1492 in
3514 1437 3620 1489 Ec-

2032 1532 2200 1589 clesia
2238 1532 2605 1596 Antiochena,
2649 1531 2892 1600 puritate
2920 1531 3046 1584 vita!
3093 1529 3317 1583 decorat
3370 1527 3624 1585 sacerdo-

2034 1622 2192 1684 tium,
2227 1633 2422 1675 eorum
2454 1620 2549 1690 qui
2605 1619 2870 1673 videbant
2921 1620 3137 1672 animas
3189 1631 3524 1687 expurgans,
3573 1626 3629 1668 ct

2034 1716 2189 1772 verbi
2214 1714 2511 1785 splendore
2543 1719 2761 1766 mentes
2811 1710 3059 1765 omnium
3094 1710 3383 1764 illustrans
3412 1716 3467 1763 et
3499 1723 3629 1762 san-

2032 1812 2321 1875 ctiﬁcans;
2356 1809 2565 1862 multus
2589 1807 2644 1861 in
2677 1804 2951 1867 docendo,
2981 1816 3216 1872 magnus
3239 1801 3305 1855 ad
3334 1800 3626 1854 utilitatem

2032 1916 2224 1959 eorum
2281 1902 2375 1971 Qui
2424 1897 2728 1955 audiebant
2813 1912 3029 1951 mormn
3104 1896 3292 1966 potius
3349 1892 3629 1949 severitati

2033 2010 2196 2067 quam
2234 1994 2428 2065 pudori
2486 1992 2759 2054 serviens,
2794 1988 2976 2045 leonis
3013 1985 3271 2042 ﬁduciam
3333 1984 3631 2040 ostendens

2035 2089 2089 2143 in
2112 2086 2326 2157 justitia
2354 2102 2369 2151 ;
2405 2098 2513 2155 qua
2542 2083 2611 2138 de
2633 2096 2806 2138 causa
2848 2080 3233 2135 hebetioribus
3258 2076 3626 2132 existimaba-

2034 2189 2127 2235 tur
2159 2191 2429 2248 arrogans
2476 2185 2534 2230 et
2565 2174 2844 2229 insolens.
2905 2172 3039 2238 Quae
3073 2184 3249 2232 mens.
3278 2184 3400 2239 qua
3450 2169 3633 2223 oratio

2032 2271 2336 2328 ostenderit
2357 2269 2494 2334 vias,
2524 2283 2644 2338 quae
2667 2266 2739 2320 ab
2771 2266 2867 2321 illo
2888 2265 3122 2320 inventae
3150 2271 3279 2318 sunt
3305 2262 3372 2316 ad
3396 2261 3628 2315 salutem

2033 2361 2320 2417 omnium?
2347 2374 2579 2430 quarum
2615 2357 2913 2427 plurimam
2970 2362 3186 2421 partem
3222 2354 3418 2408 dicunt
3450 2365 3632 2420 usque

2035 2458 2090 2513 in
2140 2457 2471 2511 hodiernum
2530 2452 2676 2507 diem
2730 2450 2943 2505 servari
3010 2449 3340 2503 Antiochiae.
3402 2446 3634 2518 Cogitur

2034 2549 2330 2619 aliquando
2385 2546 2454 2602 ab
2508 2544 2762 2599 antistite
2813 2542 3079 2597 Flaviano
3144 2539 3448 2595 ascendere
3500 2554 3636 2608 sug-

2036 2651 2279 2714 gestum,
2309 2650 2364 2695 et
2389 2655 2456 2694 ex
2487 2627 2742 2708 tempore
2771 2636 3002 2705 populo
3041 2647 3360 2704 exponere;
3393 2632 3485 2685 vix
3514 2640 3636 2685 tan-

2037 2735 2184 2794 dem.
2218 2734 2269 2787 vi
2305 2744 2627 2801 persuasus.
2653 2744 2780 2782 cum
2812 2727 3033 2782 dicendi
3056 2726 3299 2795 cepisset
3328 2737 3637 2791 argumen-

2042 2834 2184 2889 tum,
2233 2822 2381 2893 quod
2412 2835 2562 2875 nunc
2618 2819 2861 2888 primum
2918 2816 3025 2871 sibi
3087 2816 3163 2870 sit
3210 2814 3529 2874 dicendum.
3579 2820 3638 2865 et

2038 2916 2285 2987 episcopi
2344 2915 2466 2967 loco
2498 2911 2662 2980 cujus
2719 2916 2807 2963 est
2859 2922 3084 2973 munus,
3153 2906 3351 2975 incipit
3410 2923 3424 2959 :
3492 2903 3633 2957 Num

2041 3023 2170 3062 vera
2210 3012 2342 3061 sunt
2394 3018 2517 3072 quae
2576 3001 2737 3055 nobis
2787 2998 3161 3054 acciderunt?
3216 2995 3399 3051 aﬂecit
3441 3008 3636 3049 omnes

356 3085 497 3149 σίας,
559 3086 859 3158 διοικήσεις
902 3089 1143 3151 ἁπάσας,
1183 3087 1250 3152 ἂς
1293 3086 1400 3142 οἶδε
1441 3090 1643 3155 πολλὰς
1690 3093 1940 3161 ἐμποιεῖν

2045 3097 2431 3153 admiratione.
2467 3095 2550 3149 Ab
2580 3108 2645 3148 eo
2696 3103 2942 3160 tempore
2989 3105 3185 3145 omnes
3230 3100 3495 3159 praeterea
3548 3096 3635 3140 at-

351 3179 465 3240 τοῖς
494 3177 807 3247 ἀνθρώποις
846 3180 879 3251 ἠ
915 3181 1041 3252 περὶ
1071 3181 1164 3233 τὸν
1209 3181 1550 3253 πολύμοχθον
1597 3180 1789 3237 τοῦτον
1828 3184 1942 3254 βίον

353 3262 644 3337 πολυειδὴς
673 3270 1019 3341 περιπέτεια.
1046 3271 1246 3326 «ream
1284 3276 1377 3325 καὶ
1401 3258 1502 3335 τὰς
1535 3276 1705 3339 ἀκοὰς
1737 3276 1794 3328 Ἀ
1806 3293 1941 3346 ρκα-

352 3356 468 3410 δίου
501 3356 596 3411 τοῦ
631 3358 897 3429 βασιλέως
927 3363 960 3430 ἡ
1002 3364 1133 3432 περὶ
1169 3362 1335 3416 αὐτοῦ
1383 3364 1570 3435 φήμη·
1604 3366 1699 3418 καὶ
1727 3368 1754 3420 ό
1786 3366 1945 3436 βασι-

352 3448 481 3515 λεὺς
508 3450 852 3506 διανίσταται
880 3456 979 3525 τὴν
1018 3453 1218 3525 ψυχὴν,
1249 3455 1413 3526 ἔρωτι
1445 3452 1574 3529 θείῳ
1606 3458 1703 3512 καὶ
1738 3457 1946 3531 φίλτρῳ

352 3538 454 3615 τῆς
481 3545 675 3599 τούτου
707 3545 836 3610 θέας
868 3548 1364 3618 περισπαζόμενος.

428 3724 485 3778 ι’.
520 3722 683 3776 Ἀλλά
712 3724 917 3794 μεταξὺ
938 3722 1157 3778 ’τούτων
1190 3723 1382 3796 βραχεῖ
1417 3725 1561 3797 λόγῳ
1602 3729 1945 3800 παρελείφθη

356 3816 456 3874 τοῦ
485 3818 671 3884 λόγου,
700 3819 917 3890 μακρᾶς
952 3818 1251 3887 ἀσφαλείας
1277 3820 1608 3890 ἁνακύψασα
1640 3824 1944 3891 παίδευσις,

358 3910 519 3981 κοινὴ
575 3911 675 3980 μὲν
726 3908 923 3975 ἅπασι,
956 3911 1197 3981 μάλιστα
1245 3912 1304 3966 δὲ
1325 3915 1445 3975 ταῖς
1482 3913 1685 3983 ψυχαῖς
1707 3913 1817 3968 τῶν
1842 3914 1948 3968 ὑπὸ

357 3998 529 4071 ζυγὸν
556 4001 725 4055 όντων
746 4020 761 4033 θ
822 4001 1113 4073 προσέχειν
1142 4004 1198 4057 δὲ
1248 4003 1424 4069 ἄξιονο
1456 4006 1599 4077 Γυνή
1627 4024 1712 4070 τις
1754 4010 1946 4077 πρώτη

358 4093 472 4147 τῶν
495 4096 553 4147 ὲν
598 4092 899 4167 Ἀντιοχείᾳ
942 4100 1034 4150 τὸν
1066 4098 1181 4150 υἱὸν
1230 4097 1445 4169 λάϐρως
1473 4101 1813 4169 πυρέττοντα
1853 4102 1949 4155 καὶ

362 4188 882 4253 ἀπογινωσκόμενον
909 4188 1033 4254 ἄγει
1083 4189 1221 4259 πρὸς
1255 4189 1447 4243 τοῦτον
1472 4191 1565 4243 τὸν
1604 4190 1814 4263 ἰατρὸν,
1849 4196 1948 4263 τὴν

362 4276 511 4329 ῐασιν
569 4274 994 4333 ἐπισπεύδουσα.
1038 4280 1095 4333 '0
1154 4280 1234 4343 δὲ,
1264 4281 1463 4348 Τοῦτο,
1514 4283 1641 4353 ἔφη,
1672 4284 1808 4338 Θεοῦ
1850 4286 1949 4356 μέν

364 4371 482 4423 ἑστι
516 4369 609 4423 τοῦ
637 4369 1032 4435 ζωοποιοῦντος
1052 4388 1067 4401 ο
1105 4374 1170 4427 σὺ
1209 4373 1289 4437 δὲ,
1326 4368 1372 4427 ὧ
1403 4376 1587 4442 γύναι,
1614 4379 1820 4448 ἀπέχου
1841 4379 1950 4432 τῶν

364 4462 653 4532 προτέρων
701 4465 1167 4535 παραπτωμάτων
1198 4482 1212 4496 ⁸
1262 4467 1374 4521 ἴσθι
1427 4468 1539 4539 γὰρ
1617 4472 1700 4524 ὅτι
1743 4472 1840 4525 καὶ
1898 4473 1950 4525 οξ
1986 4460 2029 4514 D

364 4550 541 4605 λοιποί
571 4569 664 4605 σου
696 4553 965 4626 τέσσαρες
997 4556 1124 4621 υἱοὶ,
1154 4555 1242 4610 διά
1280 4556 1381 4620 τὰς
1426 4559 1701 4630 ἁμαρτίας
1736 4578 1829 4614 σου
1862 4563 1956 4615 καὶ

366 4643 462 4696 τοῦ
516 4644 708 4713 ἀνδρός
757 4661 853 4697 σου
922 4644 1221 4714 τεθνήκασι
1275 4649 1415 4718 πρὸς
1467 4651 1719 4705 παιδείαν
1773 4653 1952 4723 ὑμῶν.

373 4734 606 4804 Ἔμελλε
629 4735 683 4789 δὲ
713 4738 807 4790 καὶ
834 4738 998 4801 αὐτός
1022 4755 1036 4769 ο
1067 4739 1203 4793 ἀλλὰ
1231 4740 1578 4813 διανάστητε,
1602 4744 1739 4798 ἀλλά
1770 4746 1956 4815 διανήο

365 4829 506 4895 ψατε
534 4846 549 4860 ⁸
585 4830 681 4880 καὶ
717 4829 780 4881 ού
811 4828 971 4897 μόνον
999 4829 1093 4882 τὸν
1134 4832 1303 4885 παῖδα
1334 4830 1535 4897 ζῶντα,
1564 4833 1701 4886 ἀλλά
1730 4836 1826 4887 καὶ
1854 4836 1954 4905 τὴν

367 4921 480 4973 τῶν
538 4922 788 4991 οὐρανῶν
834 4921 1182 4992 ἀπολήψεσθε
1238 4922 1539 4993 βασιλείαν.
1571 4925 1758 4981 Ταῦτα
1787 4927 1863 4991 ὡς
1890 4930 1954 4981 ὲκ

370 5010 639 5079 στόματος
663 5010 800 5065 Θεοῦ
824 5011 1157 5083 δεδεγμένοι,
1178 5015 1271 5068 καὶ
1298 5014 1420 5069 λίαν
1442 5016 1689 5081 εὐλαϐῶς
1718 5019 1954 5089 ὑποσχό-

372 5121 526 5176 μενοι
554 5106 654 5177 τὴν
688 5104 1000 5177 διόρθωσιν,
1056 5108 1315 5179 παραυτά
1358 5109 1453 5162 καὶ
1490 5109 1580 5164 τὸν
1627 5112 1793 5165 παῖδα
1826 5114 1952 5182 ὑγιῆ

370 5196 911 5267 προσλαμϐάνουσιν.
954 5198 1097 5252 Ἀλλ’
1133 5194 1237 5253 ὦδε
1269 5200 1367 5270 μὲν
1396 5203 1425 5254 ό
1447 5200 1541 5254 τοῦ
1568 5202 1728 5270 λόγου
1755 5204 1955 5275 δρόμος

370 5284 506 5359 ἧκεν
551 5292 643 5344 επὶ
700 5290 992 5345 τοσοῦτον*
1028 5292 1279 5347 ἐντεῦθεν
1310 5294 1366 5347 δὲ
1400 5295 1530 5365 περὶ
1570 5296 1681 5349 τῶν
1704 5298 1771 5351 τὰ
1796 5300 1959 5368 Μαρο

374 5381 571 5445 κίωνος
595 5380 899 5437 νοσούντων
926 5385 955 5438 ό
985 5384 1189 5457 τρόπος
1241 5385 1489 5453 λεγέσθω
1516 5387 1614 5457 τῆς
1651 5388 1801 5453 θείας
1831 5390 1955 5460 κρί-

375 5489 534 5537 σεως.
566 5473 783 5547 Ταύτην
842 5475 892 5529 οἱ
935 5476 1219 5540 νοσοῦντες
1277 5478 1397 5531 τότε
1428 5478 1526 5549 τὴν
1549 5480 1723 5545 νόσον,
1760 5482 1820 5533 τὸ
1858 5482 1958 5550 μὲν

372 5564 496 5618 ὅθεν
546 5568 1068 5639 παρρησιασάμενοι
1122 5569 1353 5633 πολλοὺς
1409 5571 1800 5643 ἀποσύρουσιν,
1854 5574 1956 5643 ἠδη

373 5656 648 5724 λελέξεται
676 5678 690 5691 ο
722 5660 783 5714 τὸ
806 5660 862 5713 δὲ
894 5662 1043 5724 ὅπως
1068 5662 1167 5730 τῆς
1200 5662 1294 5715 ἐπὶ
1324 5661 1552 5717 θάνατον
1594 5663 1956 5733 ἀναρῤύονται

376 5748 525 5800 πᾶσα
557 5752 592 5819 ἡ
622 5750 797 5813 πόλις,
829 5750 1064 5806 δεδόσθω
1094 5753 1170 5821 τῷ
1200 5753 1345 5823 λόγῳ
1396 5755 1533 5823 πρὸς
1561 5753 1720 5818 δόξαν
1746 5754 1840 5807 τοῦ
1873 5755 1956 5808 λό-

376 5853 497 5906 γον.
562 5841 847 5897 Συνενόσει
907 5844 1114 5909 τούτοις
1173 5846 1228 5899 δὲ
1281 5847 1309 5899 ό
1345 5845 1529 5915 ἄρχων
1551 5846 1648 5915 τὴν
1672 5847 1825 5899 νόσον
1860 5848 1955 5917 τῆς

2048 3190 2324 3253 trahebat,
2354 3183 2907 3247 nnmes'aﬂluebant,
2946 3180 3339 3251 relinquebant
3390 3177 3635 3247 agricul—

2046 3290 2251 3344 turam,
2284 3287 2454 3343 artes,
2487 3283 2813 3346 potestates,
2840 3289 3036 3329 omnes
3086 3270 3635 3333 administrationes.

2046 3386 2186 3441 quas
2217 3370 2420 3424 multas
2453 3366 2612 3422 aliert
2651 3365 2965 3420 hominibus
2997 3363 3289 3418 laboriosae
3324 3360 3450 3414 vitm
3481 3358 3637 3411 varia

2045 3472 2100 3520 et
2134 3462 2416 3532 multiplex
2463 3459 2729 3514 conditio.
2769 3457 2850 3512 Ad
2887 3455 3108 3512 Arcadii
3139 3452 3492 3524 imperatoris
3533 3464 3639 3504 au-

2046 3569 2137 3609 res
2186 3552 2437 3624 pervenit
2512 3534 2677 3606 etiam
2732 3548 2854 3618 ejus
2924 3546 3096 3613 fama,
3145 3552 3201 3600 et
3249 3552 3465 3598 tenetur
3520 3540 3640 3610 ejus

2048 3648 2270 3702 animus
2310 3629 2511 3716 magno
2544 3645 2693 3699 illius
2719 3641 2939 3697 videndi
2976 3640 3281 3696 desiderio.

2122 3741 2207 3794 10.
2232 3738 2339 3794 Sed
2366 3741 2508 3794 inter
2532 3739 2647 3793 hac
2676 3736 2833 3791 brevi
2863 3734 3118 3789 oratione
3139 3739 3478 3796 assumatur,
3516 3744 3642 3799 qua:

2048 3846 2117 3886 ex
2137 3844 2331 3900 magna
2346 3829 2607 3895 cautione
2619 3826 2847 3882 emersit
2860 3824 3173 3897 castigatio,
3191 3823 3501 3877 communis
3515 3820 3641 3889 qui-

2049 3923 2172 3978 dem
2209 3921 2488 3984 omnibus,
2543 3918 2780 3973 niaxime
2818 3925 3000 3971 autem
3050 3914 3256 3968 animis
3286 3927 3506 3974 eorum,
3543 3910 3638 3980 qui

2050 4023 2181 4069 sunt
2212 4012 2315 4066 sub
2344 4011 2501 4080 jugo.
2543 4008 2736 4080 Operm
2782 4007 3017 4077 pretium
3046 4015 3132 4060 est
3168 4003 3475 4058 attendere.
3513 4000 3637 4056 Mu-

2052 4106 2155 4159 lier
2185 4104 2437 4173 quadam
2526 4102 2702 4169 prima
2765 4116 2828 4153 ex
2882 4100 2974 4162 iis,
3026 4113 3150 4167 qua:
3226 4104 3384 4150 erant
3442 4094 3639 4147 Antio-

2054 4197 2214 4259 chiae,
2250 4195 2423 4250 illium
2479 4196 2831 4247 vehementer
2887 4190 3320 4251 febricitantem,
3379 4196 3437 4239 ct
3482 4185 3643 4254 plane

2053 4289 2400 4359 deploratum
2438 4286 2667 4339 adducit
2712 4285 2779 4338 ad
2824 4284 2972 4337 hunc
3003 4283 3308 4351 sapientem
3338 4277 3639 4339 medicum,

2056 4381 2274 4435 instans
2339 4388 2395 4433 ut
2460 4393 2585 4432 eum
2637 4383 2881 4432 curaret.
2934 4375 3031 4429 llle
3076 4382 3261 4428 autem
3306 4371 3495 4427 dixit:
3529 4367 3647 4423 Hoc

2058 4473 2279 4543 quidem
2340 4479 2425 4527 est
2481 4469 2577 4525 Dei
2617 4468 2972 4523 viviﬁcantis.
3028 4467 3108 4523 Tu
3148 4479 3299 4528 vero,
3352 4478 3386 4518 0
3423 4460 3645 4523 mulier,

2060 4566 2274 4619 abstine
2298 4579 2326 4617 a
2361 4561 2469 4619 tuis
2504 4562 2784 4633 prioribus
2809 4560 3055 4623 delictis,
3092 4558 3240 4614 scias
3280 4554 3428 4611 enim
3478 4563 3646 4608 caue-

2059 4673 2153 4713 ros
2211 4671 2432 4726 quoque
2493 4663 2618 4709 tuos
2652 4660 2891 4722 quatuor
2933 4650 3098 4713 lilios.
3163 4657 3389 4717 propter
3422 4654 3646 4715 peccata

2060 4758 2152 4804 tua
2184 4756 2238 4803 et
2270 4746 2453 4801 mariti
2487 4746 2587 4812 tui,
2620 4760 2744 4800 esse
2769 4753 3019 4798 mortuos
3037 4740 3105 4795 ad
3138 4749 3377 4796 vestram
3394 4734 3647 4805 discipli-

2061 4856 2210 4899 nam.
2245 4840 2375 4893 Erat
2405 4848 2588 4892 autem
2620 4838 2712 4891 hic
2736 4850 2957 4907 quoque
2989 4831 3333 4886 moriturus:
3375 4830 3470 4883 sed
3519 4843 3649 4883 sur-

2062 4932 2172 5001 gite
2201 4938 2254 4984 et
2297 4928 2631 4998 resipiscite,
2656 4937 2712 4981 et
2747 4941 2856 4980 non
2881 4924 3059 4978 solum
3092 4921 3265 4975 lilium
3290 4920 3508 4976 vivum.
3547 4917 3645 4974 sed

2063 5021 2227 5075 etiam
2268 5020 2536 5073 caelorum
2597 5031 2823 5086 regnum
2855 5012 3165 5083 accipietis.
3208 5010 3337 5067 Haec
3361 5028 3483 5064 cum
3526 5019 3648 5063 tan-

2064 5129 2229 5184 quam
2260 5128 2328 5168 ει
2356 5127 2452 5167 ore
2472 5111 2564 5165 Dei
2592 5109 3030 5178 accepissent,ct
3054 5122 3113 5161 se
3139 5121 3265 5163 esse
3297 5114 3646 5161 correcturos

2065 5213 2254 5258 sancte
2286 5211 2474 5258 essent
2508 5198 2766 5270 polliciti,
2812 5198 3065 5267 protinus
3097 5197 3270 5251 lilium
3303 5210 3522 5265 quoque
3550 5208 3643 5249 sa-

2064 5313 2196 5352 num
2248 5295 2547 5363 accipiunt.
2602 5291 2712 5345 Sed
2756 5290 3048 5360 hucusque
3105 5289 3329 5359 quidem
3385 5286 3646 5358 procedat

2064 5405 2265 5445 cursus
2295 5386 2585 5442 orationis.
2619 5382 2759 5439 Hinc
2803 5389 2986 5437 autem
3040 5381 3107 5435 de
3141 5381 3244 5444 eis,
3286 5380 3378 5448 qui
3415 5378 3645 5433 Marcio-

2066 5483 2154 5536 nis
2222 5480 2418 5535 morbo
2474 5478 2827 5540 laborabant,
2876 5475 3098 5529 dicatur
3159 5474 3438 5543 quodnam
3477 5472 3648 5527 fuerit

2060 5574 2307 5629 divinum
2362 5572 2659 5641 judicium.
2698 5573 2873 5640 Atque
2924 5569 3016 5639 qui
3058 5567 3164 5622 hoc
3204 5564 3425 5636 quidem
3454 5564 3647 5619 morbo

2062 5678 2192 5722 tunc
2215 5665 2557 5730 laborabant,
2596 5679 2834 5733 quanam
2870 5662 3089 5732 quidem
3126 5659 3320 5714 iiducia
3345 5658 3466 5713 freti
3500 5657 3647 5712 mul-

2062 5765 2146 5809 tos
2176 5753 2519 5806 attraherent
2571 5753 2803 5822 jamjam
2842 5753 3090 5808 dicetur.
3128 5748 3422 5817 Quomodo
3457 5756 3647 5802 autem

2067 5863 2096 5901 a
2131 5844 2326 5903 morbo
2356 5844 2450 5915 qui
2516 5845 2776 5902 tendebat
2807 5846 2873 5901 ad
2902 5856 3137 5903 mortem
3159 5843 3395 5900 liberata
3424 5840 3497 5896 sit
3522 5846 3640 5894 tcta
