4084 6478
420 361 529 426 247
1660 362 1936 422 LEONIS
1964 362 2429 424 PHILOSOPIII
2526 368 2527 371 ‘
3602 347 3711 424 24‘s

418 476 639 534 civitas,
686 473 981 528 dicendum
1030 480 1116 527 est
1172 473 1237 526 ad
1284 470 1445 526 Verbi
1498 473 1752 542 gloriam.
1812 473 2013 527 Eodem

2135 473 2353 537 πόλεως,
2389 476 2483 527 καί
2509 473 2647 546 αὕτη
2683 474 2907 546 ἀφορμὴ
2930 472 3021 527 τοῦ
3046 473 3221 527 κακοῦ
3244 472 3343 541 τῆς
3367 469 3707 541 προσθήκης.

420 565 637 628 morbo,
655 580 766 633 quo
782 564 998 626 civitas,
1021 564 1301 617 laborabat
1333 564 1498 617 etiam
1525 578 1727 631 prreses
1744 564 2008 628 civitatis;

2135 564 2191 616 Τί
2220 562 2315 617 οὖν
2350 568 2496 617 ποιεῖ
2531 568 2558 618 6
2603 566 2712 619 τῶν
2763 566 2952 636 ψυχῶν
2981 567 3067 619 ἀεὶ
3106 566 3240 629 Θεὸς
3288 562 3385 634 τὴν
3433 563 3711 631 σωτηρίαν

419 665 475 710 et
501 657 950 711 haecerateausa
981 655 1127 722 quod
1156 656 1360 708 malum
1385 656 1855 724 crescerel,quid
1881 670 2014 723 ergo
2122 657 2462 727 οἱκονομῶνς
2545 700 2558 713 .
2641 701 2653 712 .
2737 702 2749 714 .
2835 699 2848 712 .
2934 701 2946 713 .
3025 697 3040 712 .
3122 696 3136 711 .
3218 697 3231 710 .
3313 695 3327 710 .
3406 692 3420 708 .
3504 693 3515 709 .
3599 692 3613 706 .
3695 692 3710 707 .

422 747 554 801 facit
594 745 759 810 Deus,
790 747 884 815 qui
919 746 1227 799 animarum
1264 745 1673 815 sempersalnti
1726 746 2017 815 providet?
2128 785 2141 798 .
2226 784 2239 797 .
2320 788 2333 801 .
2417 789 2428 800 .
2511 787 2525 802 .
2606 789 2620 802 .
2704 790 2716 803 .
2798 793 2810 805 .
2892 792 2905 804 .
2988 791 3000 804 .
3102 751 3327 803 As":tst.
3412 785 3425 800 .
3506 784 3519 799 .
3598 785 3613 799 .
3694 778 3708 797 .

495 856 734 912 Uxorem
768 858 1023 927 praesidis
1061 857 1191 911 ferit
1221 858 1417 913 morbo
1441 859 1826 930 dyssenteriae.
1862 859 1927 915 Et
1976 876 2039 915 ea
2076 862 2296 931 quidem
2326 879 2519 919 omnes
2561 867 2819 931 accersit,
2864 867 2997 920 nihil
3029 873 3211 920 autem
3248 864 3296 918 ei
3333 861 3579 932 prodest,
3615 859 3711 916 sed

419 956 651 1010 omniex
691 965 845 1024 parte
880 955 1088 1009 auxilio
1132 954 1408 1009 deficitur.
1454 954 1662 1010 Deinde
1693 955 1864 1026 quid?
1895 955 2158 1026 Confugit
2187 958 2252 1012 ad
2290 958 2602 1015 hmreticos.
2628 959 2666 1013 li
2695 977 2917 1030 quoque
2955 960 3361 1030 aggrediuntur
3425 957 3493 1010 ad
3534 958 3709 1019 trium

420 1051 633 1107 dierum
674 1066 847 1120 usque
876 1050 1282 1120 precationem,
1323 1065 1424 1104 nec
1460 1050 1759 1120 quidquam
1793 1051 2111 1120 proﬁciunt.
2146 1051 2331 1108 Nescit
2363 1070 2567 1109 rursus
2599 1054 2731 1125 quid
2775 1066 2902 1125 agat
2956 1055 3193 1110 mulier:
3233 1053 3455 1108 tandem
3516 1054 3715 1107 statuit

424 1142 493 1197 ad
566 1144 743 1196 virum
793 1143 1038 1197 divinum
1104 1142 1425 1213 confugere.
1485 1143 1693 1197 Deinde
1750 1143 1801 1197 id
1888 1142 2023 1198 dicit
2076 1147 2275 1198 marito
2325 1162 2449 1212 suo,
2510 1148 2831 1220 persuadet.
2910 1146 3201 1202 Postremo
3261 1146 3416 1202 venit
3477 1146 3545 1199 ad
3615 1145 3713 1199 Dei

424 1254 668 1293 servum.
734 1233 975 1291 Joannes
1034 1236 1101 1291 de
1162 1236 1249 1290 his
1303 1235 1572 1304 disceptat
1633 1252 1757 1290 cum
1800 1236 2083 1305 episeopo,
2113 1237 2194 1311 eis
2238 1238 2491 1307 procedit
2524 1238 2765 1301 obviam,
2804 1255 2869 1293 ex
2902 1240 3139 1294 ecclesia
3180 1254 3380 1295 arcens
3440 1246 3711 1307 tanquam

421 1330 702 1401 indignos,
813 1328 1000 1401 arguit
1069 1329 1350 1383 haereseos
1412 1316 1688 1400 :lpetunt
1741 1330 1846 1399 ipsi
1904 1331 2144 1392 veniam,
2208 1332 2591 1385 assentiuntur
2648 1331 2897 1396 velitati,
2970 1333 3210 1386 maxime
3257 1340 3439 1385 autem
3493 1330 3711 1383 nulier.

420 1424 561 1479 Cum
627 1434 855 1479 sanctus
898 1440 1098 1493 aquam
1170 1424 1473 1488 attulisset,
1533 1434 1689 1493 rogat
1761 1427 2110 1496 episcopum,
2172 1436 2231 1481 ut
2291 1426 2440 1482 facto
2509 1428 2800 1499 signaculo
2888 1427 3102 1483 mulieri
3160 1443 3363 1498 aquam
3434 1432 3735 1499 aspergat.»

424 1519 542 1575 Hoc
567 1536 693 1575 cum
733 1519 940 1573 factum
975 1527 1144 1580 esset,
1172 1521 1357 1575 statim
1387 1520 1586 1574 mulier
1611 1521 1812 1591 accipit
1835 1522 2154 1591 sanitatem,
2190 1538 2413 1577 reversa
2442 1523 2559 1578 suis
2592 1523 2847 1593 pedibus,
2879 1529 2935 1577 et
2983 1521 3212 1592 pulchre
3235 1519 3449 1582 effecta,
3475 1518 3711 1573 reddens

425 1632 773 1687 quaecunque
824 1624 943 1671 erat
965 1615 1235 1686 pollicita.
1272 1615 1387 1670 Hoc
1419 1615 1524 1670 fuit
1557 1616 1835 1672 haereticis
1861 1617 2144 1682 dedecori,
2178 1619 2379 1688 probro
2413 1626 2467 1672 ct
2490 1617 2807 1683 amictioni;
2838 1625 2892 1672 et
2927 1630 3093 1671 causa
3125 1632 3226 1669 cur
3259 1616 3433 1668 virum
3460 1613 3710 1667 divinum

426 1711 738 1767 maledictis
797 1711 1160 1765 incesserent.
1203 1711 1300 1765 llle
1331 1720 1512 1766 autem
1577 1712 1762 1765 omnia
1794 1712 2019 1783 quidem
2063 1714 2430 1784 despiciebat,
2465 1715 2559 1769 uni
2615 1714 2794 1769 solum
2831 1714 2909 1769 rei
2954 1715 3223 1775 intentus,
3256 1725 3453 1779 nempe
3492 1709 3711 1762 illorum

426 1806 617 1861 saluti.
670 1803 774 1859 Sed
807 1820 916 1859 non
947 1805 1334 1875 persnadebat.
1371 1804 1568 1861 Dolore
1588 1817 1772 1861 autem
1828 1807 2061 1864 atiectus
2104 1818 2326 1880 prepter
2360 1811 2675 1864 universam
2702 1810 3009 1872 civitatem,
3041 1807 3446 1863 lamentabatnr
3473 1804 3664 1859 dicens
3695 1821 3710 1856 :

431 1900 490 1955 Si
520 1898 779 1954 Salvator
807 1900 1118 1954 maledictis
1150 1901 1558 1967 incessabatur,
1592 1903 1756 1973 idque
1787 1919 1912 1960 cum
1954 1904 2099 1961 Deus
2124 1913 2299 1971 esset,
2332 1908 2400 1961 ab
2424 1908 2693 1977 ingratis;
2722 1906 2815 1975 qui
2846 1906 2951 1959 hoe
2981 1919 3240 1973 magnum
3272 1904 3326 1957 in
3352 1917 3453 1957 nos
3479 1901 3714 1958 servos?

427 1993 603 2063 Spero
628 2003 813 2047 tamen
839 1991 957 2048 fore
982 2002 1044 2047 ut
1073 1992 1292 2048 illorum
1315 2009 1449 2049 casu
1489 1994 1635 2050 Deus
1662 1997 1982 2053 universam
2012 1999 2244 2067 castiget
2268 1999 2573 2053 civitatein.
2604 1996 2857 2051 Nondum
2879 2003 3065 2050 autem
3097 2010 3203 2049 nox
3239 1994 3601 2064 praeterierat,
3656 2000 3713 2048 et

427 2101 590 2146 terra:
618 2098 767 2144 motu
793 2097 906 2144 tota
933 2091 1252 2147 concutitur
1276 2091 1494 2148 civitas.
1521 2091 1789 2150 Tenebris
1817 2095 2115 2149 involvitur
2133 2095 2436 2151 concilium
2472 2093 2880 2155 haereticorum,
2912 2092 2980 2146 ad
3009 2092 3186 2147 solum
3229 2104 3407 2158 usque
3436 2087 3713 2157 dejicitur,

424 2197 480 2242 et
511 2187 719 2257 quaevis
776 2188 979 2243 donius
1033 2188 1308 2255 haeretici;
1367 2199 1421 2245 et
1456 2190 1657 2246 domus
1714 2207 1909 2247 eorum
1959 2193 2098 2247 fiunt
2148 2209 2342 2248 eorum
2401 2192 2684 2263 sepulcra,
2719 2190 2871 2244 nulla
2902 2190 3033 2243 laesa
3060 2187 3228 2242 domo
3252 2184 3713 2241 orthodoxorum.‘

426 2283 659 2353 Propter
708 2284 813 2338 hoc
847 2284 1283 2339 confirmabatur
1319 2286 1539 2351 civitas,
1570 2295 1626 2340 et
1660 2288 1970 2358 augebatur
2007 2287 2164 2355 tides,
2195 2298 2249 2343 et
2279 2290 2423 2342 Deus
2471 2286 2829 2340 laudabatur.
2882 2282 3023 2349 Quid
3063 2280 3370 2352 praeterea?
3402 2277 3535 2331 Post
3575 2277 3719 2329 hanc

425 2375 805 2430 admirabilem
841 2372 1252 2444 Omnipotentis
1273 2377 1677 2446 providentiam
1699 2388 1753 2433 et
1779 2380 2078 2446 judicium,
2112 2395 2224 2434 non
2257 2381 2484 2449 longum
2518 2378 2727 2433 effluxit
2764 2386 3006 2445 tempus,
3047 2382 3102 2429 et
3132 2372 3373 2427 decessit
3418 2369 3718 2425 Nt-etarins

427 2470 661 2524 antistes
690 2468 1365 2539 Constantinopolitanus.
1424 2472 1716 2538 Quaerebat
1747 2483 1932 2529 autem
1986 2477 2219 2545 quilibet
2245 2491 2369 2532 eum
2407 2476 2675 2545 quiesset
2710 2474 2930 2543 dignus.
2959 2470 3095 2525 Cum
3126 2470 3271 2523 alius
3304 2482 3435 2522 vero
3472 2467 3541 2522 ab
3591 2467 3717 2522 aliis

429 2559 796 2628 praeferretur,
827 2568 921 2614 aut
949 2560 1116 2615 etiam
1149 2561 1549 2627 intruderetur,
1597 2564 1926 2635 imperatori
1954 2567 2139 2621 visum
2168 2576 2253 2622 est
2282 2576 2405 2636 post
2440 2568 2661 2635 longam
2694 2565 2763 2619 de
2821 2579 2881 2617 re
2916 2561 3406 2623 consultationem,
3445 2556 3714 2612 Joannem

428 2652 631 2705 deduci
666 2651 982 2715 Antiochia,
1040 2654 1303 2708 omnibus
1350 2657 1723 2712 communiter
1767 2660 2197 2731 suffragantibus
2222 2671 2275 2717 et
2328 2662 2405 2715 rei
2456 2668 2510 2716 et
2560 2660 2781 2714 litteris.
2827 2656 2953 2712 llaec
2977 2656 3263 2727 cognoscit
3299 2653 3627 2717 Antiochia;
3662 2662 3718 2708 et

429 2762 554 2817 qua:
586 2748 851 2816 deinceps
886 2748 1106 2817 quidem
1139 2761 1473 2820 sequuntur,
1506 2754 1730 2822 aggredi
1764 2764 1987 2811 veretur
2017 2758 2236 2813 oratio:
2272 2756 2627 2828 aggredietur
2656 2764 2861 2811 tamen.
2908 2752 3088 2823 quoad
3121 2752 3236 2806 lieri
3286 2750 3519 2820 poterit.
3577 2748 3715 2804 Cum

430 2845 698 2914 cogitaret
728 2844 1109 2914 unusquisque
1134 2860 1193 2900 se
1242 2846 1329 2901 sui
1361 2846 1490 2902 boni
1528 2848 1712 2905 facere
1734 2850 2031 2920 jacturam,
2070 2855 2134 2908 ad
2168 2863 2378 2908 tantam
2416 2852 2734 2908 excitantur
2762 2850 3116 2914 seditionem,
3159 2855 3219 2901 nt
3250 2848 3452 2913 timore
3487 2845 3720 2905 affectus

429 2942 680 3004 antistes,
708 2941 839 2994 dato
863 2940 1226 3010 jurejurando
1252 2944 1597 3012 persuaserit
1617 2947 1882 3001 omnibus
1912 2963 1974 3003 se
2006 2948 2123 3004 rem
3326 3024 3329 3025 ν
3406 3014 3409 3017 .

506 3031 625 3103 [ll]
665 3046 793 3087 csse
825 3033 1257 3102 prohibiturum,
1297 3036 1493 3104 sicque
1528 3037 1617 3090 vix
1669 3038 1888 3093 tandem
1925 3044 2021 3093 se;

2138 3046 2139 3049 “
2202 3037 2419 3110 [ια’]...,
2452 3034 2547 3091 τοῦ
2607 3037 2936 3108 πράγματος
2981 3033 3219 3087 κώλυσιν
3243 3051 3255 3063 ’
3285 3032 3381 3085 καὶ
3414 3029 3557 3084 οὕτω
3589 3047 3722 3082 κατ-

431 3129 525 3181 dat
556 3126 884 3180 seditionem
913 3142 928 3190 ;
978 3125 1046 3178 ad
1083 3126 1473 3196 imperatorem
1516 3136 1700 3181 autem
1733 3131 1928 3185 scribit
1958 3131 2026 3185 de

435 3217 733 3272 seditione.
772 3216 953 3269 Divini
1018 3217 1207 3286 itaque
1247 3218 1457 3272 stimuli
1496 3228 1549 3273 et
1595 3222 1849 3274 miraculi
1884 3223 2030 3276 desi-

430 3309 586 3363 derio
627 3309 824 3363 feritur
853 3324 954 3363 eor
985 3310 1338 3379 imperatoris
1395 3318 1451 3366 et
1486 3320 1716 3367 senatus
1744 3329 1869 3367 cum
1914 3315 2029 3368 lucc

431 3399 797 3466 audivissent,
847 3411 901 3456 et
943 3412 1128 3457 erecto
1168 3410 1397 3473 tropaeo,
1457 3418 1679 3458 sacrum
1738 3406 1870 3459 illud
1916 3406 2029 3460 bel-

433 3495 542 3546 lnm
570 3493 935 3555 declinantes,
969 3509 1096 3547 cum
1122 3510 1235 3549 rem
1262 3510 1385 3564 qua:
1409 3494 1837 3550 desiderabatur
1864 3498 2029 3566 plane

431 3601 654 3641 auream
677 3601 739 3641 ex
761 3586 1102 3641 Antiochena
1127 3587 1348 3640 civitate
1373 3589 1801 3658 surripuissent,
1820 3590 2030 3646 donant

430 3679 934 3748 Constantinopoli.
1007 3678 1330 3744 Quomodo?
1403 3679 1606 3733 Comiti
1686 3681 2029 3738 Antiocheno

427 3773 577 3843 jubet
608 3773 937 3843 imperator,
976 3780 1035 3827 ut
1102 3775 1490 3841 ignorantibus
1555 3776 1816 3830 omnibus
1862 3776 2029 3833 Joan-

435 3878 560 3919 nem
600 3864 668 3918 ad
716 3882 777 3920 se
821 3874 1153 3921 accerseret.
1178 3866 1338 3932 Quod
1389 3882 1514 3921 cum
1551 3868 1774 3923 fecisset
1818 3885 2027 3937 comes,

439 3967 495 4013 et
527 3973 705 4029 usque
735 3958 803 4012 ad
836 3958 1105 4030 martyria
1138 3974 1260 4028 quae
1292 3968 1599 4015 suntextra
1638 3960 1913 4017 civitatem
1943 3977 2033 4017 sa-

442 4053 660 4120 pientcr
694 4052 990 4106 admodum
1047 4056 1307 4108 traxisset
1346 4052 1637 4117 Joannem,
1675 4063 1729 4109 ct
1755 4062 1899 4126 equo
1928 4056 2031 4109 im-

438 4144 676 4212 positum
718 4142 883 4197 celeri
911 4158 1076 4197 cursu
1108 4143 1452 4208 abduxisset,
1489 4145 1641 4200 dedit
1669 4146 1735 4199 iis
1761 4146 1855 4216 qui
1882 4129 2057 4200 desi-O

436 4232 731 4286 derabant.
773 4230 914 4285 Cum
948 4240 1130 4284 autem
1165 4233 1321 4285 mulli
1342 4234 1735 4290 convenissent
1761 4236 2027 4305 episcopi,

435 4323 790 4392 imperatoris
821 4323 1001 4390 parati
1032 4322 1431 4387 sollicitudine,
1458 4338 1583 4378 cum
1608 4325 1884 4395 episcopis
1913 4335 2031 4380 erat

2131 3133 2347 3195 ευνάζει
2381 3130 2534 3201 μόλις
2568 3128 2629 3181 τδ
2683 3126 2995 3189 στασιάζον,
3026 3127 3122 3179 καὶ
3155 3125 3357 3196 γράφει
3398 3123 3474 3193 τῷ
3513 3122 3725 3192 βασιλεῖ

2129 3220 2198 3274 τὰ
2221 3222 2320 3291 τῆς
2350 3219 2615 3281 στάσεως.
2680 3217 2947 3272 Βάλλεται
2997 3216 3178 3269 τοίνυν
3202 3215 3279 3285 τῷ
3300 3214 3393 3268 τοῦ
3423 3213 3571 3266 θείου
3592 3212 3721 3265 κέν-

2130 3322 2261 3388 τρου
2297 3316 2391 3370 καὶ
2439 3315 2721 3385 θαύματος
2760 3314 2911 3384 πόθῳ
2963 3314 3060 3383 τὴν
3093 3311 3324 3381 καρδίαν
3372 3311 3400 3362 6
3441 3308 3719 3379 βασιλεὺς,

2133 3412 2229 3464 καὶ
2256 3412 2290 3481 ἡ
2325 3408 2629 3478 σύγκλητος
2688 3406 2895 3460 τούτων
2935 3406 3292 3467 ἀκούσαντες,
3339 3403 3433 3456 καὶ
3474 3398 3723 3472 τροπαίῳ

2131 3501 2223 3554 τὸν
2251 3501 2397 3571 ἱερὸν
2425 3501 2632 3552 ἐκεῖνον
2682 3496 3033 3559 ἐκκλίναντες
3079 3496 3339 3565 πόλεμον,
3378 3494 3473 3546 καὶ
3508 3492 3571 3545 τὸ
3601 3491 3725 3544 ἐπιὲ

2134 3596 2479 3664 θυμούμενον
2548 3589 2787 3661 χρυσοῦν
2827 3589 2997 3652 ὄντως
3039 3591 3230 3659 χρῆμα
3284 3591 3385 3655 τῆς
3441 3586 3721 3654 Ἀντιόχου

2132 3680 2769 3752 λαφυραγωγησάμενοι,
2814 3678 2883 3749 τῇ
2915 3677 3331 3730 Κωνσταντίνου
3382 3674 3720 3747 χαρίζονται.

2134 3772 2259 3834 Πῶς
2284 3787 2299 3835 ;
2321 3769 2412 3839 Τῷ
2435 3767 2984 3839 κόμητιἈντιοχείας
3011 3767 3038 3818 6
3068 3766 3316 3835 βασιλεὺς
3346 3764 3721 3833 ὲγκελεύεται,

2133 3864 2329 3935 ἀγνοίᾳ
2364 3862 2604 3924 πάντων,
2638 3860 2728 3914 τὸν
2770 3860 3025 3929 Ἰωάννην
3058 3860 3438 3929 παρακαλέσαι
3468 3860 3562 3912 καί¹
3592 3861 3725 3911 ὐπο-

2133 3954 2412 4021 δέξασθαι.
2438 3953 2547 4006 Ka‘t
2575 3951 2735 4005 τοῦτο
2766 3951 2972 4022 δράσας
3012 3950 3040 4004 6
3065 3948 3264 4020 κόμης,
3301 3951 3395 4003 καί
3421 3949 3581 4020 μέχρι
3615 3949 3726 4001 τῶν

2137 4045 2487 4116 μαρτυρείων
2514 4044 2618 4108 ἔξω
2661 4041 2762 4112 τῆς
2814 4041 3022 4105 πόλεως
3053 4040 3406 4111 παρελκύσας
3434 4042 3572 4106 ἄγαν
3602 4058 3726 4094 συν-

2132 4136 2272 4200 ετῶς
2318 4136 2412 4188 καὶ⁹
2456 4133 2738 4205 φρονίμως
2768 4133 2860 4185 τὸν
2902 4132 3179 4202 Ἰωάννην,
3218 4133 3312 4185 καὶ
3341 4132 3418 4204 τῷ
3440 4132 3727 4207 ὀξυδρόμῳ

2135 4227 2637 4297 ὲφιππασάμενος,
2712 4227 2826 4288 τοῖς
2908 4222 3168 4278 ποθοῦσιν
3248 4226 3725 4300 ἀποκαθέστηκεν.

2134 4316 2360 4388 Ἐπειδὴ
2412 4317 2469 4369 δὲ
2500 4316 2597 4370 κα)⁸
2624 4315 2936 4379 συνέλευσις
2962 4313 3031 4389 ἦν
3070 4318 3282 4371 πολλῶν
3313 4320 3630 4373 ἐπισκόπων
3663 4319 3729 4375 ἐκ

434 4382 600 4469 etiam
651 4382 1061 4469 Alexandrinus
1125 4415 1215 4470 ille
1241 4382 1605 4486 Theophilus,
1643 4382 1763 4489 .qui
1800 4382 2025 4475 linvidia

2139 4407 2425 4478 βασιλικῆς
2495 4407 2779 4479 φροντίδος
2834 4408 3395 4479 παρασκευασθεῖσα,
3460 4409 3558 4462 σὺν
3612 4413 3727 4473 τοῖς

435 4513 641 4572 motus,
676 4506 987 4561 conabatur
1008 4504 1243 4564 Joannis
1276 4511 1469 4580 gloriae
1507 4513 1841 4581 detrahere;
1876 4515 2024 4586 quod

436 4595 588 4651 nulla
620 4597 673 4652 in
697 4612 823 4652 eum
848 4598 1071 4653 caderet
1091 4601 1468 4671 reprehensio,
1501 4593 1793 4661 tabescens
1824 4615 2025 4661 etenm

434 4703 700 4745 recusans
717 4705 879 4744 manu
896 4690 1156 4761 imposita
1173 4709 1520 4751 consecrare.
1552 4697 1802 4752 Vincitur
1839 4706 2025 4755 tamen

440 4781 527 4836 vel
563 4781 816 4849 invitus;
852 4797 1069 4854 semper
1123 4786 1267 4839 enim
1297 4787 1471 4855 vincit
1509 4788 1747 4857 Spiritus
1783 4802 2029 4848 sanctus.

439 4874 532 4931 Sic
580 4882 765 4931 autem
803 4877 1045 4932 vincitur
1076 4897 1090 4932 :
1129 4878 1283 4932 multi
1315 4893 1379 4932 ex
1412 4880 1479 4933 iis
1512 4880 1605 4950 qui
1654 4879 1842 4937 divino
1876 4892 2035 4937 erant

437 4965 557 5021 zelo
596 4966 829 5031 incensi,
868 4965 1157 5038 Theophili
1214 4969 1483 5022 malorum
1538 4970 1762 5024 lliadem
1808 4972 2034 5042 scriptis

442 5056 581 5113 satis
605 5056 833 5126 pulchre
859 5060 1211 5125 mandarunt,
1245 5075 1406 5130 quam
1441 5061 1661 5130 quidem
1688 5070 1818 5117 tunc
1842 5078 2037 5120 manus

441 5156 658 5211 tenens,
693 5147 789 5219 qui
825 5148 881 5203 in
911 5150 1272 5221 imperatorio
1308 5154 1515 5221 primas
1549 5160 1731 5223 partes
1755 5156 2035 5211 obtinebat

439 5256 723 5312 gymeceo,
774 5242 821 5297 is
857 5254 1038 5297 autem
1075 5252 1195 5297 erat
1232 5243 1557 5315 Eutropius,
1605 5246 1911 5318 Theophila
1944 5246 2033 5304 os-

442 5336 617 5388 tendit
648 5336 839 5391 dicens
867 5356 881 5390 :
909 5336 1157 5393 Alterum
1183 5338 1419 5392 duorum
1449 5341 1608 5407 elige,
1647 5351 1706 5395 ut
1732 5343 1811 5396 t'cl
1837 5344 2033 5398 horum

442 5428 819 5488 convincat-is,
857 5429 941 5484 vel
983 5430 1264 5499 impositis
1310 5433 1571 5488 manibus
1605 5431 1872 5489 Joannem
1904 5450 2037 5489 eon-

442 5527 650 5570 secres.
686 5519 967 5575 Adversus
1007 5536 1131 5575 eum
1172 5537 1304 5590 ergo
1329 5522 1421 5591 qui
1458 5524 1587 5575 talia
1622 5538 1796 5579 ausus
1833 5523 2032 5587 fuerat,

440 5600 688 5673 Eutropii
746 5611 1038 5666 verborum
1083 5613 1349 5682 producta
1407 5616 1575 5678 acies,
1615 5618 1662 5669 vi
1694 5618 2029 5687 expugnavit

443 5692 751 5747 maleficum
780 5699 1078 5766 periculosi
1112 5709 1166 5755 et
1214 5702 1476 5771 ancipitis
1512 5703 1705 5757 studii.
1751 5701 1872 5768 Quo
1904 5702 2026 5770 qui-

444 5780 571 5832 dem
616 5797 740 5835 cum
780 5787 834 5838 in
867 5786 1231 5856 'l'heOphilum
1264 5809 1419 5847 acres
1476 5793 1587 5859 jam
1643 5792 1834 5847 fierent
1882 5807 2032 5861 qum-

450 5870 693 5937 stiones,
729 5874 780 5927 in
806 5876 968 5931 trivio
997 5880 1413 5949 cogitationum,
1442 5892 1499 5935 ut
1522 5891 1602 5938 est
1638 5883 1690 5936 in
1716 5878 2030 5953 proverbio,

2139 4501 2459 4566 ἐπισκόποις
2487 4500 2581 4553 καὶ
2611 4500 2640 4551 6
2677 4498 3086 4571 Ἀλεξανδρείας
3119 4504 3325 4565 ἐκεῖνος
3356 4500 3635 4570 Θεόφιλος,
3667 4501 3728 4564 ὃς

2134 4590 2395 4662 διασύραι
2422 4590 2522 4661 τὴν
2549 4591 2799 4645 Ἰωάννου
2854 4591 3031 4657 δόξαν,
3068 4593 3249 4665 φθόνῳ
3291 4593 3541 4656 κλαπεὶς,
3579 4595 3729 4661 ὴγωο

2140 4682 2340 4745 νίζετο,
2370 4681 2449 4752 τῷ
2480 4682 2836 4753 ἀνεπιλήπτῳ
2863 4682 2957 4749 τοῦ
2989 4684 3179 4754 ἀνδρὸς
3215 4685 3604 4755 ὲκτηκόμενος,
3634 4685 3730 4737 καὶ

2140 4775 2277 4845 πρὸς
2309 4774 2407 4844 τὴν
2432 4758 2771 4844 χειροτονίαν
2800 4774 3167 4844 ἀναδυόμενος
3190 4790 3201 4804 ·
3249 4776 3400 4844 ὅμως
3441 4775 3534 4826 καὶ
3582 4774 3731 4851 ἄκων

2132 4867 2360 4934 ἡττᾶται
2386 4882 2399 4896 ο
2424 4866 2549 4935 νικᾷ
2564 4864 2673 4935 γὰρ
2695 4864 2783 4916 ἀεὶ
2806 4864 2867 4916 τὸ
2889 4865 3114 4935 Πνεῦμα
3136 4866 3195 4918 τὸ
3217 4866 3391 4932 ἅγιον·
3417 4868 3646 4935 ἡττᾶται
3673 4866 3731 4919 δὲ

2133 4958 2297 5012 οὕτω
2340 4958 2533 5010 [Ιολλοὶ
2558 4955 2670 5008 τῶν
2701 4957 3172 5028 πυρπολουμένων
3190 4957 3266 5026 τῷ
3303 4958 3434 5028 θείῳ
3460 4958 3605 5027 ζήλῳ
3632 4960 3733 5029 τὴν

2141 5049 2342 5101 Ἰλιάδα
2360 5046 2472 5100 τῶν
2517 5045 2781 5116 Θεοφίλου
2817 5045 3005 5098 κακῶν
3034 5048 3273 5116 γραφαῖς
3291 5062 3347 5097 τε
3372 5048 3462 5098 καὶ
3489 5062 3733 5115 συγγρα-

2138 5144 2266 5210 φαῖς
2299 5141 2398 5194 οὐκ
2437 5138 2680 5209 ἀγεννῶς
2708 5136 3108 5210 ὲρραψιρδησαν
3129 5155 3142 5169 ο
3165 5138 3359 5206 ἥντινα
3382 5137 3502 5189 τότε
3531 5154 3730 5207 χειρω-

2137 5238 2369 5308 σάμενος
2394 5236 2423 5289 6
2453 5237 2553 5305 τῆς
2609 5232 2896 5305 βασιλικῆς
2943 5234 3241 5304 πρωτεύων
3264 5233 3727 5301 γυναικωνίτιδος,

2137 5328 2437 5397 Εὑτρόπιος
2465 5325 2522 5378 δὲ
2554 5319 2709 5388 οὗτος
2729 5319 2819 5395 ἦν,
2837 5323 2915 5393 τῷ
2932 5320 3179 5391 Θεοφίλῳ
3200 5322 3501 5385 ὑπέδειξεν,
3524 5323 3695 5374 εἰπών
3718 5339 3729 5350 ·

2136 5421 2292 5472 Δυοίν
2323 5416 2554 5488 θάτερον
2592 5412 3076 5484 ἐκλεξαιοῆταῦτα
3105 5411 3453 5483 ἐλεγχθῆναι,
3490 5413 3522 5482 ἧ
3553 5412 3733 5465 Ἰωάν-

2136 5526 2235 5580 νην
2263 5509 2666 5580 χειροτονῆσαι.
2696 5505 2787 5575 Τῷ
2839 5503 3023 5559 τοίνυν
3054 5503 3299 5573 τολμητῇ
3335 5502 3441 5555 τῶν
3473 5504 3733 5555 τοιούτων

2139 5605 2170 5674 ἡ
2203 5601 2508 5672 Εὐτροπίου
2555 5598 2667 5652 τῶν
2706 5597 2883 5667 λόγων
2931 5596 3514 5666 ἀντιστρατευσαμένη
3554 5597 3733 5664 παρά-

2139 5696 2313 5760 ταξις,
2338 5695 2488 5764 αίρεῖ
2523 5692 2666 5745 κατὰ
2711 5692 2913 5762 κράτος
2944 5690 3035 5743 τὸν
3066 5688 3487 5759 κακουργοῦντα
3521 5687 3597 5757 τῷ
3621 5689 3730 5755 ἁμ-

2144 5789 2439 5859 φικρήμνῳ
2479 5785 2574 5839 τοῦ
2606 5785 3063 5856 ἐπιτηδεύματος.
3093 5778 3165 5853 *ῼ
3194 5782 3451 5851 Θεόφιλος
3483 5782 3731 5851 σᾳοδρῶς

2144 5880 2243 5952 ἤδη
2288 5878 2718 5952 λεηλατούμενος
2778 5880 2835 5933 ἐν
2882 5877 3073 5950 τριόδῳ
3108 5876 3409 5946 λογισμῶνί
3442 5875 3499 5930 τδ
3534 5892 3732 5946 παΡ⁹ι’
