4084 6458
369 339 478 403 249

1036 339 1322 399 ORATIO
1346 338 1571 401 XVIII.
1596 362 1664 374 --
1694 334 2083 397 LAUDATIO
2117 337 2177 398 S.
2218 336 2541 398 JOANNIS
2571 338 2978 400 CHRYSOST.

3550 344 3657 408 ΞΜ

373 452 573 523 μιῶδες
602 490 619 515 ,
649 447 1068 519 άκροὸυλίζεται
1090 464 1103 476 ·
1138 449 1233 501 καὶ
1284 448 1421 517 πρὸς
1467 448 1567 516 μὲν
1596 448 1695 516 τὴν
1718 462 1955 516 χειροτο·

2069 445 2196 499 telis
2213 448 2493 515 appetitur
2514 465 2529 512 ;
2549 457 2600 500 et
2614 449 2681 501 ad
2700 462 2961 503 iuanuum
2980 447 3203 517 quidem
3225 449 3654 519 impositionem.

369 543 490 596 νίαν
546 540 641 595 τοῦ
677 537 874 610 καιροῦ
908 540 1307 609 παραστάντος.
1344 537 1581 591 ἐκτείνει
1609 538 1709 601 τὰς
1745 541 1959 608 χεῖρας,

370 634 781 706 προσεκτείνειν
810 632 866 684 δὲ
895 631 1098 695 ταύτας
1150 634 1293 684 κατὰ
1340 631 1435 684 τοῦ
1484 630 1961 701 χειροθετηθέντος

368 727 595 797 ὓστερον
638 725 740 779 οὐκ
787 723 1114 793 ὲνάρκησεν.
1149 717 1283 776 Εἶτα
1310 722 1449 792 μετὰ
1472 724 1571 791 τὴν
1600 722 1957 793 χειροτονίαν,

366 817 672 883 εὐλογεῖται
700 815 854 887 παρὰ
893 814 989 867 τοῦ
1035 814 1339 885 ἀρχιερέως
1379 819 1407 867 ὁ
1447 815 1638 879 πιστὸς
1679 813 1955 884 βασιλεὺς,

365 910 485 980 ἅμα
515 909 651 961 πᾶσι
683 910 796 971 τοῖς
831 907 928 960 σὺν
957 906 1127 975 αύτῷ,
1159 905 1248 958 διὰ
1275 905 1443 975 τιμῆς
1482 905 1745 976 μεγίστης
1782 905 1960 973 λόγοις

364 999 463 1050 καὶ
496 997 632 1048 πᾶσι
664 998 889 1064 τρόποις
914 995 1004 1047 τὸν
1038 995 1305 1064 ἀρχιερέα
1327 995 1674 1064 ποιούμενος.
1722 995 1780 1048 Ὀ
1804 995 1862 1049 δὲ
1892 997 1960 1051 τὰ

366 1086 574 1158 συνήθη
624 1087 725 1157 τῆς
774 1087 983 1148 οἰκείας
1015 1085 1306 1148 εὐλαϐείας
1358 1088 1454 1140 καὶ
1499 1087 1721 1157 ἐφρόνει
1754 1088 1846 1140 καὶ
1879 1086 1959 1141 δι-

363 1182 605 1249 ελέγετο,
634 1178 841 1247 ταύτην
866 1179 1186 1232 τελευταίαν
1210 1180 1329 1232 τότε
1359 1178 1460 1248 τὴν
1492 1181 1816 1250 παραίνεσιν
1836 1183 1955 1234 ὲπιο

364 1275 501 1338 θείς⁸
532 1274 597 1327 Ai
628 1273 727 1344 μὲν
754 1272 912 1325 ἄλλαι
930 1272 1038 1325 τῶν
1059 1272 1408 1342 διοικήσεων.
1439 1272 1604 1341 λέγω,
1631 1267 1675 1325 ὦ
1711 1271 1952 1342 βασιλεύ,

365 1367 460 1419 κα“ι
482 1366 685 1427 πάντες
724 1366 772 1416 οἱ
818 1363 1252 1432 παρεστηκότες,
1296 1364 1595 1432 ἀναλόγους
1640 1365 1825 1434 ἔχουσι
1861 1364 1958 1417 καὶ

363 1459 491 1520 τοὺς
522 1456 803 1518 κινδύνους
832 1457 926 1509 καὶ
958 1455 1028 1509 τὰ
1055 1457 1198 1527 γέρα
1218 1473 1231 1486 ι
1263 1456 1456 1526 ἱερέων
1478 1457 1534 1508 δὲ
1564 1459 1657 1510 καὶ
1681 1457 1956 1527 ποιμένων

362 1547 487 1611 ὅσος
513 1548 783 1610 κίνδυνος,
818 1548 917 1600 ὅσα
963 1547 1032 1601 τὰ
1081 1548 1244 1620 γέρα,
1273 1542 1347 1601 ὧν
1370 1544 1428 1601 εὖ
1456 1548 1489 1618 ἢ
1531 1550 1718 1612 κακῶς
1750 1549 1955 1619 διῳκή-

364 1655 548 1715 σαντο,
571 1638 786 1709 πλήρης
804 1641 974 1702 πᾶσα,
993 1640 1315 1710 Συγγραφὴ,
1338 1643 1512 1711 Καινή
1525 1659 1585 1694 τε
1608 1644 1700 1695 καὶ
1718 1642 1952 1697 Παλαιὰ.

362 1732 631 1801 Δεομένου
657 1732 837 1783 τοίνυν
886 1732 1029 1795 τινος
1071 1734 1194 1785 ὅσαι
1235 1733 1440 1803 ἡμέραι
1489 1733 1591 1803 τῆς
1628 1733 1951 1805 θεραπείας,

361 1825 425 1877 ού
460 1824 746 1892 φείσομαι.
779 1824 890 1877 Καὶ
924 1824 1225 1894 προσετίθη
1261 1825 1473 1888 τούτοις
1506 1825 1576 1879 τὰ
1615 1826 1757 1879 κατὰ
1789 1825 1954 1880 Δαὸὶδ

362 1918 455 1973 καὶ
485 1914 700 1980 Ναθὰν,
731 1915 792 1967 τὸ
815 1911 914 1984 τῆς
942 1916 1188 1986 Γραφῆς,
1229 1916 1307 1980 εἰς
1347 1916 1719 1987 παράδειγμα.
1757 1918 1956 1987 ’Λσμεο

362 2006 501 2071 νίζει
529 2005 743 2069 τούτοις
768 2009 795 2059 ὁ
816 2006 1138 2070 πιστότατος
1166 2007 1444 2078 βασιλεὺς,
1474 2008 1953 2079 συμπροθυμείται

359 2099 420 2151 δέ
452 2098 559 2161 πᾶς
594 2100 623 2151 ὁ
651 2097 921 2167 βασίλειος
976 2097 1185 2168 ὅμιλος,
1237 2090 1282 2167 ᾧ
1304 2099 1425 2151 τότε
1467 2099 1553 2170 δὴ,
1589 2100 1710 2152 τότε
1752 2099 1843 2152 τὸν
1880 2100 1956 2152 δι-

359 2190 695 2245 δασκαλικὸν
740 2191 974 2257 ἐξέτεινε
1028 2190 1210 2260 λόγον,
1262 2191 1409 2255 ὅπως
1448 2192 1558 2245 δέοι
1606 2194 1812 2257 πάντας
1840 2196 1954 2258 τοῖς

362 2287 531 2338 πᾶσιν
576 2284 878 2353 ἐπιχειρεῖν
905 2296 921 2312 ·
980 2282 1224 2352 ἱστορίαν
1258 2298 1318 2335 τε
1360 2281 1602 2353 μεγάλου
1650 2282 1950 2352 θαύματος,

362 2377 458 2431 καὶ
494 2374 907 2446 μνήμηςάξίαν
959 2373 1349 2445 προϐάλλεται,
1397 2375 1576 2444 φήσας
1602 2395 1615 2407 ·
1653 2375 1728 2439 ὼς
1770 2376 1952 2439 Τίτος,

360 2454 390 2520 ὃ
428 2466 648 2537 Ῥώμης
678 2465 836 2530 ἄναξ.
890 2464 1115 2538 [πολλὰ]
1170 2465 1432 2528 πολλάκις
1477 2465 1720 2519 τοιοῦτόν
1746 2484 1801 2519 τι
1853 2471 1955 2521 ἐπ·

362 2560 549 2625 έλεγεν
580 2556 781 2627 ἐαυτῷ,
826 2555 1025 2623 λέγων,
1065 2555 1316 2626 Σήμερον
1363 2556 1461 2608 οὐκ
1495 2556 1952 2626 ἐϐασιλεύσαμεν,

366 2656 472 2708 εἴτ’
502 2654 598 2709 οὖν
634 2654 736 2707 οὐκ
788 2652 1090 2723 ἐζήσαμεν,
1120 2652 1288 2723 μηδὲν
1330 2652 1480 2716 ἄξιον
1512 2652 1777 2723 βασιλέως
1809 2654 1958 2723 ποιή-

368 2764 584 2811 σαντες.
603 2746 726 2799 Ἐτι
756 2744 813 2798 δι
831 2744 927 2798 τοῦ
948 2746 1252 2816 ἀρχιερέως
1277 2743 1369 2796 τὸν
1401 2744 1559 2811 λόγον
1589 2744 1951 2814 συνείροντος,

366 2839 476 2895 ἰδού
503 2856 588 2903 τις
616 2839 757 2908 ἀνὴρ
786 2836 1055 2907 δαιμονῶν
1081 2838 1269 2889 ἐκεῖνα
1303 2837 1468 2907 μέσον
1498 2836 1756 2892 ἁπάντων
1781 2837 1955 2891 ἐποίει

365 2933 459 2982 καὶ
500 2926 758 3000 ἔκραζεν,
792 2927 893 2979 ὅσα
936 2926 996 2978 τὸ
1041 2925 1293 2997 ἐνοχλοῦν
1340 2926 1615 3005 δαιμόνιον
1660 2925 1828 2996 φῦλον
1865 2926 1955 2989 ἐξ·

368 3021 634 3086 εδιάζετο.
694 3021 1102 3091 Παρακαλεϊται
1151 3020 1180 3072 ὁ
1247 3018 1433 3088 ἰατρὸς
1486 3018 1825 3089 θεραπεῦσαι
1893 3019 1956 3072 τὸ

371 3116 601 3184 πάσχον.
661 3114 770 3167 Καὶ
819 3114 1004 3182 μέντοι
1050 3114 1147 3166 καὶ
1201 3110 1497 3182 θεραπεύει
1555 3112 1811 3183 σφραγῖδι
1856 3112 1952 3165 τοῦ

365 3207 548 3278 τιμίου
600 3207 858 3276 σταυροῦ,
930 3208 1025 3260 καὶ
1070 3209 1139 3277 τῇ
1196 3206 1487 3275 ἐπικλήσει
1529 3206 1630 3274 τῆς
1669 3205 1830 3274 ἁγίας
1860 3205 1955 3258 καὶ

366 3297 634 3361 ζωοποιοῦ
667 3298 921 3369 Τριάδος,
945 3295 1115 3351 εἰπὼν
1146 3296 1281 3368 πρὸς
1308 3297 1493 3351 αὐτόν·
1531 3297 1633 3350 Ἴδε
1656 3297 1819 3367 ὑγιὴς
1857 3298 1951 3366 γέο

367 3407 533 3458 γονας
558 3407 572 3420 ·
628 3390 832 3460 μηκέτι
862 3388 1175 3459 βλασφήμει
1220 3388 1283 3440 τὸ
1307 3388 1495 3454 Θεῖον,
1527 3388 1616 3442 ἴνα
1657 3389 1732 3459 μὴ
1771 3389 1954 3459 χεῖρόν

365 3481 417 3534 τί
449 3499 532 3536 σοι
578 3481 831 3549 γένηται.
865 3480 1037 3534 Τοῦτο
1062 3482 1097 3547 ἡ
1127 3478 1437 3549 τελειοτέρα
1463 3480 1757 3552 στερέωσις
1783 3479 1955 3534 ἅπασι

366 3574 463 3642 τῆς
487 3574 569 3635 είς
596 3573 835 3642 Χριστὸν
874 3572 1167 3642 ὁμολογίας
1205 3573 1300 3627 καὶ
1324 3573 1579 3636 πίστεως.

438 3752 525 3825 ιβ’.
567 3752 729 3805 Ἀλλὰ
753 3751 924 3805 ταῦτα
948 3753 1048 3822 μὲν
1073 3755 1152 3815 εἰς
1172 3753 1424 3807 τοσοῦτον
1449 3752 1728 3823 θαύματος
1751 3752 1957 3820 ἄγοντα

364 3848 456 3901 τὸν
488 3846 766 3917 ἀκροατήν
789 3862 802 3877 ο
846 3845 1011 3909 δείξει
1035 3844 1090 3896 δὲ
1141 3844 1348 3915 προῖὼν
1367 3847 1394 3898 ὀ
1422 3844 1576 3913 λόγος
1606 3845 1703 3897 καὶ
1733 3845 1800 3896 τὰ
1828 3843 1957 3896 τού-

364 3958 458 3995 του
486 3939 938 4011 θαυμασιώτερα.
968 3940 1129 4009 ’Ἄρτι
1155 3939 1263 3991 τῶν
1288 3939 1491 3991 οἰάκων
1519 3939 1617 4007 τῆς
1647 3939 1959 4008 οἰκουμενι-

366 4032 470 4101 κῆς
499 4029 725 4093 ὁλκάδος
774 4030 802 4081 ὁ
856 4027 1361 4097 πνευματοκίνητος
1411 4027 1752 4099 κυϐερνήτης
1801 4030 1954 4081 ἐπει-

364 4121 673 4192 λημμένος,
724 4122 817 4174 καὶ
878 4120 1015 4191 πρδς
1068 4120 1166 4182 τὰς
1202 4120 1620 4184 ἀντιπνεούσας,
1670 4120 1726 4174 αἳ
1760 4119 1957 4173 πολλαὶ⁹

323 4247 331 4257 -
366 4216 509 4267 κατὰ
538 4214 633 4266 τοῦ
666 4212 986 4283 θαυμαστοῦ
1019 4212 1290 4280 πελάγους
1317 4212 1415 4282 τῆς
1457 4212 1805 4282 Ἐκκλησίας,
1841 4212 1957 4264 δια-

368 4304 712 4374 σκεψάμενος
741 4303 1039 4368 λαίλαπας,
1070 4304 1122 4356 τί
1167 4304 1266 4373 μὲν
1293 4304 1355 4357 ού
1400 4305 1565 4368 ποιεῖ,
1611 4303 1772 4355 ποίαν
1805 4302 1862 4355 δὲ
1894 4302 1957 4355 οὐ

368 4399 510 4459 κινεῖ
564 4396 819 4468 μηχανὴν
855 4397 1154 4466 σωτηρίοις,
1209 4396 1313 4459 ἓως
1343 4392 1405 4451 οὒ
1451 4399 1768 4468 καταντήσῃ
1819 4397 1958 4468 πρὸς

368 4488 459 4543 τὸν
479 4490 592 4544 ἂνω
614 4490 831 4560 λιμένα,
863 4488 955 4542 τὸν
984 4488 1152 4551 ὅντως
1182 4488 1358 4542 εὕδιόν
1387 4506 1447 4542 τε
1477 4489 1573 4543 καὶ
1596 4489 1957 4561 πολυόρεκτον

367 4583 395 4633 ὁ
426 4580 536 4634 τῶν
584 4580 907 4649 καμνόντων
940 4580 1225 4644 παντοίαις
1267 4582 1446 4642 νόσοις
1483 4579 1795 4651 ἀνθρώπων
1822 4582 1955 4635 θαυ-

370 4673 565 4741 μάσιος
599 4673 817 4743 ἰατρόςί
849 4672 987 4743 Φέρε
1022 4673 1107 4743 δὴ,
1149 4673 1260 4727 τῶν
1303 4674 1501 4744 ἐκείνῳ
1548 4675 1728 4744 σοφῶς
1768 4677 1955 4729 ἐπινε-

368 4763 649 4835 νοημένων
699 4763 950 4835 ψυχικῶν
1002 4766 1316 4829 ἁντιδότων,
1359 4766 1593 4837 βραχεῖά
1640 4785 1724 4831 τις
1788 4769 1953 4837 μοῖρα

368 4854 632 4924 λεγέσθω.
668 4854 885 4908 Γένοιτο
924 4853 1034 4924 γὰρ
1069 4855 1134 4908 ἂν
1174 4856 1315 4926 αὐτη
1366 4858 1479 4919 τοῖς
1512 4855 1701 4926 χρείαν
1735 4856 1954 4927 ἔχουσιν

370 4948 571 5017 ἰατρῶν
591 4947 652 5000 ού
684 4947 865 5017 φαύλη
901 4964 983 5010 τις
1011 4948 1284 5019 σωτηρίας
1314 4947 1593 5011 ὑπόθεσις.
1622 4948 1862 5012 Ἐκεῖνος
1885 4951 1953 5020 τῇ

366 5040 456 5094 διὰ
484 5043 598 5095 τῶν
629 5040 871 5111 ἐλέγχων
908 5040 1168 5110 ἀντιδότῳ
1204 5038 1371 5111 (οὕτω
1402 5041 1513 5111 γὰρ
1545 5042 1723 5093 ἐκεῖνο
1754 5041 1952 5111 εἰπεῖν)

368 5136 423 5186 ἐν
454 5132 696 5204 πρώτοις
737 5132 938 5204 χρῆται
972 5132 1114 5185 κατὰ
1146 5132 1257 5184 τῶν
1306 5133 1692 5202 παρεισάκτων
1712 5151 1725 5165 ι
1765 5132 1816 5185 οἳ
1846 5134 1955 5187 τῶν

367 5224 775 5295 πορνοϐοσκῶν,
810 5225 866 5277 ὲν
908 5224 1118 5295 αἱρέσει
1150 5225 1339 5277 κακῶν
1398 5224 1433 5294 ἢ
1470 5225 1781 5297 συγκρίσει,
1815 5244 1953 5280 παν-

366 5323 574 5374 τάπασι
609 5318 828 5391 χείρους
858 5319 1018 5371 εἰσίν.
1057 5318 1321 5381 Ἑκείνοις
1364 5321 1462 5388 μὲν
1493 5320 1526 5388 ἡ
1563 5320 1721 5383 νόσος
1763 5320 1967 5391 πόρρω-

368 5414 462 5467 τοῦ
535 5412 761 5484 ἱατροῦο
826 5412 1040 5475 τούτοις
1078 5412 1133 5465 δὲ
1205 5410 1356 5465 ἔνδον
1410 5412 1504 5466 τοῦ
1585 5415 1953 5485 ἐργαστηρίου

367 5506 465 5575 τῆς
524 5507 826 5576 σωτηρίας,
877 5505 973 5557 καὶ
1020 5505 1233 5567 ἑαυτοῖς
1297 5506 1393 5558 καί⁵
1471 5509 1584 5569 τοῖς
1652 5507 1955 5575 ὑγιαίνουσι

367 5599 531 5651 πλέον
609 5598 834 5665 αὒξεται
897 5597 1077 5669 πολλῷ
1144 5602 1214 5650 τα
1272 5599 1369 5668 τῆς
1442 5599 1785 5671 ἀρρωστίας·
1864 5602 1958 5665 οὓς

366 5689 393 5739 ὁ
456 5687 770 5755 σοφώτατος
822 5688 1027 5757 ἰατρὸς.
1082 5687 1160 5753 τῷ
1229 5689 1372 5741 κατὰ
1435 5692 1526 5741 τὸν
1603 5691 1776 5759 μέγαν
1863 5695 1956 5746 τιιαί¹

366 5777 658 5848 ὁμώνυμον
714 5781 1020 5850 πρόδρομον
1078 5779 1382 5849 ἐλεγκτικῷ
1437 5783 1801 5852 κεχρημένος,
1849 5786 1958 5854 ρον

367 5870 703 5922 ntimo-.1102:
755 5869 914 5937 λόγου
967 5870 1238 5940 δύναμιν,
1300 5872 1398 5941 τῆς
1462 5874 1716 5945 τοιαύτης
1773 5874 1952 5945 λύμης

2066 550 2192 589 cum
2216 546 2366 592 esset
2394 546 2634 608 tempus,
2666 541 2916 594 extendit
2947 555 3168 601 manus.
3203 542 3270 595 ad
3296 554 3442 611 quas
3467 554 3657 613 postea

2066 630 2447 685 extendendas
2494 632 2546 685 in
2583 649 2731 691 eum.
2763 635 2867 707 cui]
2890 648 2986 687 cas
3025 634 3394 704 imposuerat,
3432 638 3660 693 minime

2065 720 2370 790 obtorpuit.
2408 721 2613 777 Deinde
2656 734 2780 793 post
2835 726 3339 790 consecrationem,
3372 728 3656 783 benedici-

2065 818 2153 864 tur
2191 825 2223 864 a
2263 812 2524 881 pontitice
2562 813 2739 869 ﬁdelis
2790 802 3088 885 imperator
3135 833 3259 873 cum
3310 819 3431 875 suis
3488 821 3657 875 simul

2062 905 2349 972 omnibus,
2387 907 2481 977 qui
2515 908 2572 962 in
2607 911 2850 964 maximo
2883 910 3094 965 honore
3118 921 3170 965 et
3195 912 3377 967 verbis
3398 923 3451 968 et
3474 913 3656 968 modis

2062 996 2326 1051 omnibus
2384 998 2620 1054 habebat
2677 1001 3016 1070 pontificem.
3074 1002 3169 1057 Ille
3209 1016 3394 1059 autem
3445 1007 3556 1075 pie.
3595 1016 3656 1060 ut

2062 1087 2304 1153 solebat,
2359 1090 2634 1145 sentiebat
2682 1100 2740 1147 et
2785 1092 3096 1148 disserebat
3126 1112 3141 1161 ;
3169 1096 3263 1164 qui
3301 1096 3467 1149 etiam
3510 1097 3654 1150 hanc

2062 1179 2309 1232 ultimam
2362 1189 2490 1235 tunc
2540 1182 2691 1237 dedit
2743 1184 3220 1239 admonitionem:
3259 1188 3398 1241 Alia:
3428 1187 3650 1255 quidem
3715 1189 3721 1197 ’

2062 1272 2609 1342 administrationes,
2642 1275 2803 1340 dixit,
2841 1292 2875 1330 o
2906 1278 3207 1347 imperator
3234 1287 3287 1331 et
3318 1295 3511 1333 onmes
3555 1282 3652 1349 qui

2060 1367 2288 1430 adestis,
2318 1369 2677 1437 prepnrtione
2706 1370 3094 1427 convenientia
3125 1371 3325 1426 habent
3348 1382 3401 1429 et
3429 1375 3650 1443 praemia

2059 1464 2115 1512 et
2146 1458 2388 1527 pericula
2417 1476 2432 1524 ;
2469 1462 2820 1514 sacerdotum
2861 1470 2915 1515 et
2957 1470 3239 1529 pastorum
3271 1476 3542 1533 quantum
3572 1468 3645 1520 sit

2061 1550 2389 1617 perieulum,
2417 1559 2472 1604 et
2505 1561 2716 1620 quanta
2748 1553 2974 1621 prarmia
3000 1569 3216 1620 eorum,
3253 1571 3370 1622 quae
3399 1558 3534 1611 bene
3566 1558 3649 1611 vel

2059 1641 2202 1694 male
2241 1640 2518 1710 gesserint
2562 1644 2615 1695 in
2654 1642 3159 1709 administratione,
3194 1645 3353 1714 plena
3409 1657 3494 1701 est
3528 1648 3651 1700 uni-

2058 1745 2218 1786 wrsa
2274 1729 2568 1800 Scriptura
2623 1742 2677 1786 et
2722 1729 2872 1785 Nova
2939 1740 2994 1786 et
3031 1730 3241 1798 Vetus;
3273 1733 3325 1787 si
3362 1733 3487 1803 quis
3520 1750 3651 1802 ergo

1989 1801 2032 1857 Β
2062 1822 2308 1893 quotidie
2359 1839 2500 1893 opus
2552 1824 2751 1877 habeat
2790 1825 3104 1891 curatione,
3140 1840 3246 1879 non
3283 1801 3507 1894 parcam
3550 1801 3650 1890 ;et

2062 1916 2150 1970 his
2203 1916 2501 1986 adjiciebat
2554 1931 2675 1985 quae
2739 1914 3026 1985 Scriptura
3068 1916 3204 1970 dicit
3243 1916 3312 1971 de
3357 1915 3561 1971 Davide
3595 1927 3649 1970 et

2058 2007 2273 2062 Nathan
2302 2009 2356 2061 in
2391 2009 2727 2077 exemplum.
2762 2008 2835 2062 Ea
2869 2007 3125 2063 lubenter
3160 2007 3313 2061 audit
3346 2008 3648 2078 imperator

2062 2101 2445 2165 fidelissimus,
2483 2108 2753 2172 grataque
2802 2094 3030 2155 fuerunt
3059 2101 3161 2154 toti
3196 2109 3435 2154 caterva:
3467 2102 3645 2169 impe-

2057 2194 2287 2249 ratoris.
2340 2192 2496 2248 'I‘unc
2552 2201 2762 2255 autem,
2825 2204 2957 2247 tunc
3011 2193 3066 2245 in
3132 2191 3384 2248 docendo
3435 2193 3646 2262 prolixa

2060 2286 2317 2351 utebatur
2366 2285 2638 2349 oratione,
2671 2297 2914 2353 quonam
2947 2282 3113 2337 modo
3144 2291 3424 2352 oporteret
3452 2296 3647 2336 omnes

2057 2380 2243 2434 omnia
2282 2380 2501 2451 aggredi
2538 2398 2553 2447 ;
2587 2388 2641 2434 et
2689 2378 3006 2449 proferebat
3055 2378 3342 2433 historiam
3396 2376 3646 2446 dignam,

2057 2487 2179 2541 quae
2225 2479 2275 2524 et
2335 2472 2392 2526 in
2454 2471 2825 2527 admiratione
2881 2456 3181 2524 haberetur
3237 2475 3293 2522 ct
3355 2466 3646 2522 mandare-

2058 2570 2149 2616 tur
2200 2562 2501 2626 memoriae,
2542 2562 2783 2621 dicens:
2827 2561 2989 2616 Titus
3039 2560 3338 2629 imperator
3366 2556 3646 2612 Romano-

2060 2668 2179 2706 rum
2212 2667 2357 2721 saepe
2389 2653 2497 2707 tale
2526 2653 2658 2722 quid
2689 2650 2837 2723 apud
2868 2666 2929 2707 se
2958 2651 3253 2720 dictitabat
3285 2665 3298 2700 :
3333 2648 3509 2704 Hodie
3535 2663 3649 2705 non

2060 2743 2475 2813 imperavimus,
2521 2759 2618 2799 seu
2654 2759 2765 2799 non
2812 2743 3076 2809 viximus,
3107 2749 3166 2797 ut
3204 2740 3298 2809 qui
3332 2740 3471 2795 nihil
3498 2738 3647 2795 fece-

2058 2836 2235 2890 rimus
2254 2834 2479 2905 dignum
2510 2836 2862 2905 imperatore.
2892 2834 3030 2890 Cum
3062 2841 3243 2887 autem
3273 2832 3453 2887 adhuc
3478 2830 3647 2886 verba

2060 2925 2413 2979 continuaret
2442 2924 2716 2995 pontifex,
2750 2940 2881 2980 ecce
2913 2925 2994 2978 vir
3014 2922 3238 2993 quidam
3271 2922 3645 2977 dazmoniacus

2061 3015 2153 3070 illa
2192 3015 2429 3071 faciebat
2471 3026 2526 3069 et
2567 3017 2841 3071 clamabat
2888 3018 2939 3069 iu
2986 3017 3167 3072 medio
3216 3015 3486 3079 omnium,
3521 3029 3647 3083 quae

2061 3125 2269 3165 vexans
2298 3109 2443 3176 cogit
2474 3124 2650 3179 genus
2690 3110 3002 3163 daemonum
3037 3129 3053 3165 :
3090 3117 3319 3177 rogatur
3375 3108 3643 3173 medicus,

2062 3209 2122 3258 ut
2140 3212 2309 3256 curet
2333 3202 2698 3256 laborantem.
2723 3202 2897 3267 Quem
2917 3202 3136 3272 quidem
3153 3208 3311 3256 curat
3341 3201 3501 3270 signo
3522 3215 3647 3270 pre-

2058 3296 2212 3351 tiosae
2264 3294 2468 3359 crucis,
2498 3302 2552 3349 et
2584 3294 2931 3349 invocatione
2960 3300 3166 3348 sanctae
3187 3301 3240 3346 et
3271 3292 3501 3346 viviﬁca:
3520 3292 3649 3348 Tri-

2062 3387 2275 3451 nitatis,
2320 3387 2370 3441 ei
2399 3386 2594 3441 dicens
2629 3404 2643 3440 :
2670 3386 2812 3441 Ecce
2845 3401 3014 3441 sanus
3039 3385 3216 3439 factus
3244 3399 3304 3439 es
3336 3401 3352 3448 ;
3386 3400 3456 3438 nc
3472 3382 3645 3437 Deum

2058 3480 2295 3551 amplius
2329 3480 2699 3548 hlasphemes,
2737 3494 2805 3533 ne
2831 3478 3074 3532 deterius
3111 3478 3244 3547 quid
3291 3477 3385 3531 tibi
3428 3478 3647 3541 contin-

2059 3580 2167 3641 gat.
2222 3570 2336 3625 Hoc
2374 3571 2487 3635 ille,
2523 3572 2771 3640 quierat
2816 3571 3075 3625 omnibus
3130 3569 3432 3638 perfectum
3479 3583 3647 3622 orna-

2059 3670 2307 3714 mentum
2347 3659 2721 3715 confessionis
2745 3667 2801 3714 et
2834 3658 2959 3714 fidei
2990 3659 3048 3713 in
3079 3657 3384 3714 Christum.

2132 3751 2219 3806 ιε.
2254 3750 2360 3807 Sed
2395 3754 2511 3808 haec
2540 3751 2766 3823 quidem
2800 3759 2952 3817 sunt,
2989 3766 3114 3822 quat
3136 3751 3445 3805 auditorem
3476 3750 3648 3806 dedu-

2064 3854 2200 3899 cunt
2253 3845 2320 3897 ad
2371 3853 2580 3899 tantam
2635 3844 3085 3901 admirationem.
3144 3842 3411 3899 Ostendet
3460 3852 3645 3898 autem

2058 3934 2366 4005 procedens
2389 3936 2571 3990 oratio
2610 3934 2701 3993 his
2753 3949 2978 4005 quoque
3040 3935 3215 4004 magis
3269 3933 3647 3990 admirabilia.

2061 4025 2198 4079 Cum
2227 4025 2340 4096 jam
2393 4026 2551 4081 navis
2582 4026 2736 4081 orbis
2796 4034 2959 4080 terra:
2990 4026 3207 4080 clavum
3256 4027 3584 4094 accepisset,
3612 4041 3644 4081 a

2060 4119 2271 4190 Spiritu
2306 4128 2503 4174 saneto
2534 4128 2720 4174 motus
2754 4119 3097 4189 gubernator
3122 4127 3179 4172 et
3209 4117 3473 4173 adversas
3506 4133 3645 4172 ροη-

2060 4214 2266 4270 siderat
2299 4220 2682 4282 tempestates,
2715 4227 2840 4281 qua:
2899 4211 3087 4266 multae
3140 4210 3539 4265 exoriebantur
3590 4211 3645 4265 in

2060 4303 2201 4357 mari
2238 4302 2477 4357 mirabili
2512 4301 2793 4367 Ecclesiae,
2823 4302 2955 4375 quid
2983 4317 3092 4357 non
3140 4301 3294 4367 facit,
3336 4317 3502 4371 quam
3536 4316 3645 4358 non

2062 4397 2260 4451 salutis
2294 4397 2572 4468 excogitat
2602 4395 2937 4459 machinam,
2966 4394 3142 4451 donec
3171 4397 3553 4466 perveniretur
3579 4398 3647 4451 ad

1984 4492 2039 4553 D
2066 4497 2284 4560 portum
2347 4492 2717 4560 superiorem,
2743 4489 2834 4559 qui
2887 4499 2971 4544 est
3015 4490 3345 4560 tranquillus
3404 4498 3457 4545 et
3490 4489 3650 4547 valde

2063 4585 2426 4653 expetendus,
2459 4592 2518 4635 ut
2546 4582 2640 4651 qui
2681 4582 2968 4636 hominum
2997 4583 3147 4636 omni
3195 4597 3395 4652 genere
3428 4582 3649 4636 morbo-

2064 4689 2183 4729 rum
2216 4674 2584 4729 lahorantium
2622 4682 2773 4728 esset
2831 4674 3078 4728 medicus
3125 4672 3503 4726 admirabilis!
3536 4672 3649 4741 Age

2062 4784 2193 4826 vero
2235 4770 2437 4823 anima:
2467 4768 2870 4833 antidotorum,
2901 4782 3023 4836 qua:
3053 4774 3184 4822 sunt
3209 4765 3277 4820 ab
3313 4764 3403 4818 illo
3427 4766 3649 4835 sapien-

2062 4874 2147 4916 ter
2176 4861 2509 4932 excogitata,
2556 4859 2775 4914 dicatur
2825 4858 3005 4913 brevis
3060 4857 3309 4926 quaedam
3352 4857 3646 4926 particula.

2062 4953 2254 5009 Fuerit
2288 4954 2435 5007 enim
2482 4968 2546 5006 ca
2588 4952 2655 5007 iis
2687 4952 2781 5021 qui
2834 4966 2976 5021 opus
3002 4951 3203 5005 habent
3233 4950 3498 5015 medicis,‘
3540 4966 3648 5005 non

2061 5047 2465 5104 contemnenda
2512 5060 2676 5099 causa
2742 5043 2957 5099 salutis.
3022 5043 3114 5098 Ille
3161 5043 3647 5113 reprehensionum

2063 5139 2311 5193 antidoto
2341 5138 2444 5208 (sic
2473 5136 2620 5190 enim
2641 5135 2897 5190 convenit
2926 5134 3138 5204 dicere)
3169 5135 3443 5205 imprimis
3479 5135 3651 5188 utitur

2063 5228 2333 5283 adversus
2367 5243 2464 5282 cos
2487 5227 2580 5301 qui
2609 5225 2941 5280 mulieribus
2966 5235 3196 5280 utuntur
3224 5225 3648 5291 introductitiis,

2061 5323 2156 5393 qui
2188 5323 2241 5377 in
2284 5321 2557 5375 electione
2584 5328 2681 5372 aut
2729 5319 3148 5389 comparatione
3201 5320 3472 5373 malorum
3519 5326 3652 5372 sunt

2062 5415 2292 5469 omnino
2352 5413 2664 5468 deteriores
2724 5412 3039 5467 lenonibus.
3096 5412 3233 5465 Nam
3292 5412 3379 5466 his
3429 5410 3651 5480 quidem

2064 5508 2290 5563 morbus
2315 5507 2504 5577 procul
2535 5518 2615 5563 est
2643 5508 2713 5575 ab
2747 5508 2963 5563 ollicina
3009 5506 3203 5559 medici
3249 5522 3264 5570 ;
3313 5505 3425 5560 illis
3469 5515 3652 5558 autem

2066 5600 2211 5655 intra
2243 5599 2513 5654 ofﬁcinam
2550 5600 2771 5666 salutis,
2810 5607 2865 5653 et
2896 5600 2999 5654 sibi
3030 5606 3084 5652 et
3116 5598 3183 5653 iis
3213 5597 3306 5667 qui
3351 5604 3482 5652 sunt
3510 5597 3651 5661 sani,

2067 5682 2242 5747 multo
2279 5693 2454 5761 magis
2494 5701 2727 5763 augetur
2750 5692 2998 5747 morbus.
3030 5690 3181 5758 Quos
3203 5689 3654 5759 sapientissimus

2074 5784 2339 5845 medicus,
2397 5796 2555 5840 utens
2602 5785 3029 5854 reprehensione
3085 5783 3229 5837 sicut
3265 5797 3519 5850 magnus,
3557 5783 3649 5849 qui

2074 5886 2191 5931 erat
2218 5876 2468 5946 ejusdem
2498 5879 2760 5946 nominis,
2784 5892 3115 5949 preecursor,
3146 5875 3498 5934 validissime
3524 5886 3651 5927 Ora-
