4084 6468
424 353 528 421 251

1702 340 1979 404 ΙΕΟΝῙΞ
2006 341 2473 405 PIIILOSOPHI

3598 350 3705 414 252

426 463 598 519 tionis
631 460 841 514 viribus
880 472 908 510 a
949 457 1042 511 tali
1072 456 1328 511 liberavit
1364 453 1630 523 pernicie.
1666 452 1873 508 Deinde
1918 453 2015 507 ad-

2131 454 2454 523 ειπὴλλαξεν,
2489 449 2621 508 Εἶτα
2667 454 2806 509 κατά
2842 454 2942 523 τῆς
2971 454 3320 526 ἀκροπόλεως
3351 455 3459 510 τῶν
3493 457 3707 525 παθῶν,

425 571 621 612 versus
644 550 824 609 arcem
869 550 1154 613 vitiorum,
1186 549 1495 612 avaritiam,
1533 548 1776 615 inquam,
1826 545 2016 614 dirigit

428 648 623 702 aciem.
661 641 863 697 Deinde
910 641 1163 709 procedit
1214 639 1482 693 adversus
1538 653 1638 691 eos
1685 638 1791 706 qui
1821 648 2015 692 secant

428 750 743 798 crumenas,
800 735 1001 803 quibus
1054 733 1450 803 comprehensa
1486 739 1572 785 est
1599 730 1764 785 etiam
1801 730 2015 784 helluo-

430 846 556 884 num
606 836 662 882 et
693 835 1106 883 assentatorum
1145 827 1281 879 lues.
1318 824 1382 876 Et
1413 824 1483 879 iis
1508 823 1730 891 quidem
1761 837 1821 877 se
1842 823 1985 892 appli

428 928 516 974 cat
550 919 750 980 oratio,
787 926 846 970 ut
879 932 977 987 par
1018 927 1104 972 est
1147 917 1267 986 ejus
1306 916 1399 984 qui
1445 916 1713 970 medetur.
1766 915 2013 980 Quorum

430 1020 610 1065 autem
650 1011 791 1064 Deus
827 1020 912 1064 est
940 1020 1132 1064 venter
1166 1020 1221 1063 et
1271 1009 1467 1079 gloria.
1506 1009 1785 1078 quomodo
1830 1006 2015 1062 sanari

428 1103 703 1170 potuerint
742 1116 873 1155 cura
913 1102 1203 1156 verborum
1236 1102 1654 1156 humanorum?
1686 1100 1803 1155 Non
1837 1102 2015 1156 solum

427 1201 579 1247 certe
628 1209 737 1247 non
770 1201 1060 1257 sanantur,
1126 1195 1221 1249 sed
1279 1196 1444 1249 etiam
1512 1198 1581 1249 ab
1627 1196 1705 1249 eis
1753 1194 2017 1249 adversus

430 1285 703 1339 medicum
735 1286 1119 1356 excogitantur
1163 1289 1568 1342 accusationes.
1603 1286 1803 1342 Visitat
1836 1287 2020 1340 libidi-

430 1391 597 1431 nosos
622 1389 674 1431 et
704 1377 1137 1448 intemperantes
1160 1382 1340 1434 oratio
1361 1380 1582 1442 medici,
1620 1381 1760 1433 adeo
1788 1392 2017 1448 tangens

432 1468 669 1536 primum
709 1468 960 1523 aliectam
994 1482 1235 1525 mentem
1269 1487 1482 1534 eorum,
1535 1472 1627 1541 qui
1665 1487 1763 1524 sua
1825 1481 2019 1539 sponte

430 1558 684 1613 laborant
725 1561 897 1615 libera
941 1564 1025 1616 sui
1067 1563 1281 1617 arbitrii
1312 1565 1609 1628 voluntate,
1656 1575 1706 1618 ul
1745 1565 1887 1621 idem
1923 1582 2012 1618 ne.

431 1665 706 1717 quaquam
744 1652 855 1704 ullo
889 1652 1054 1705 modo
1106 1655 1421 1724 permiserit
1488 1655 1635 1724 (quis
1692 1659 1836 1711 enim
1876 1656 2018 1711 Pau-

432 1743 544 1798 lttm
576 1744 824 1799 imitatus
852 1788 867 1809 ,
912 1747 1087 1815 magis
1119 1747 1413 1801 honoravit
1448 1747 1737 1803 honestum
1785 1758 1837 1804 et
1868 1766 2021 1804 vene-

2119 546 2222 615 τῆς
2256 545 2569 610 πλεονεξίαις
2592 587 2605 607 ,
2643 548 3205 617 ἀντιπαρατάσσεται.
3253 548 3487 603 Ἔπειτα
3540 552 3712 621 χωρεῖ

2122 636 2267 690 κατά
2306 636 2417 689 τῶν
2447 635 2911 705 βαλαντιοκόπων,
2950 632 3032 701 οἷς
3070 639 3567 708 συμπεριείληπται
3600 642 3711 694 τῶν

2122 729 2564 799 γαστριμάργων
2592 730 2689 783 καὶ
2720 729 2973 783 κολάκων
3000 731 3034 801 ἡ
3071 730 3344 799 σηπεδὼν.
3378 733 3489 784 Καὶ
3527 732 3711 804 διαιτᾷ

2126 823 2227 892 μὲν
2251 824 2343 875 καὶ
2378 821 2601 885 τούτους
2646 823 2673 875 ὁ
2714 822 2874 889 λόγος
2902 821 3151 886 ἐπαξίως
3198 821 3292 874 τοῦ
3344 824 3709 894 ἰατρεύοντος.

2124 908 2224 967 Ὧν
2258 914 2314 967 δὲ
2348 915 2482 976 Θεὸς
2513 916 2544 983 ἡ
2578 914 2758 966 κοιλία
2791 915 2885 966 καὶ
2917 914 3123 984 ἠδόξει,
3155 914 3271 977 πῶς
3294 916 3360 966 ἂν
3386 917 3481 968 καὶ
3512 916 3715 969 ίαθείεν

2123 1006 2278 1058 αὐτοὶ
2312 1006 2575 1075 ῥημάτων
2604 1005 2874 1075 Θεραπεία
2897 1005 3006 1055 τῶν
3034 1004 3424 1074 ἀνθρωπίνωνς
3451 1005 3527 1060 Οὐ
3554 1008 3716 1076 μόνον

2123 1099 2202 1157 δὲ.
2260 1099 2376 1151 ἀλλ’
2431 1100 2828 1152 ἀντιδιαιτᾶῖαι
2891 1099 3093 1167 μᾶλλον
3143 1098 3326 1161 αὐτοῖς
3377 1102 3717 1169 κατηγορίας

2125 1193 2266 1245 κατὰ
2312 1192 2404 1245 τοῦ
2447 1191 2633 1262 ἰατροῦ
2677 1192 3085 1260 συνδιάσκεψις.
3124 1193 3552 1246 Ἐπισκέπτεται
3587 1193 3716 1257 τοὺς

2126 1285 2447 1354 φιληδόνους
2478 1284 2572 1337 καλ⁸
2621 1286 2883 1351 ἀκρατεῖς
2928 1283 3022 1336 τοῦ
3084 1283 3269 1353 ἰατροῦ
3322 1286 3350 1336 6
3387 1284 3569 1352 λόγος,
3620 1286 3715 1338 ἐπὶ

2124 1377 2381 1431 τοσοῦτον
2430 1376 2738 1447 ἁπτόμενος
2796 1375 2891 1428 τοῦ
2943 1377 3433 1446 πρωτοπαθοῦντος
3470 1377 3561 1430 τοῦ
3605 1377 3715 1429 τῶν

2127 1472 2390 1535 ἑκουσίως
2411 1472 2733 1541 καμνόντων
2755 1468 2832 1539 τῷ
2853 1469 3186 1540 αὐτεξουσίῳ
3201 1471 3298 1538 τῆς
3320 1471 3715 1540 προαιρέσεως,

2127 1565 2265 1617 ὥστε
2305 1565 2397 1618 καὶ
2427 1567 2454 1618 6
2487 1565 2647 1628 αὐτὸς
2682 1565 2741 1618 οὐ
2782 1564 2880 1633 μὲν
2905 1558 2998 1616 οὖν
3023 1564 3276 1632 οὐδαμῶς
3307 1563 3581 1633 ἐπέτρεπε
3609 1562 3717 1634 (τίς

2127 1659 2237 1727 γὰρ
2269 1658 2344 1719 ὡς
2376 1652 2555 1722 οὗτος,
2592 1659 2734 1711 κατά
2768 1657 3000 1721 Παῦλον,
3041 1656 3269 1726 ἐτίμησε
3312 1656 3371 1707 τὸ
3401 1654 3497 1708 τοῦ
3534 1656 3716 1725 γάμου

2132 1751 2328 1823 σεμνὸν
2352 1753 2445 1805 καὶ
2484 1752 2662 1821 τίμιον
2683 1750 2737 1821 ;)
2769 1750 3068 1821 ἀπέχεσθαι
3098 1751 3192 1802 καὶ
3227 1748 3417 1802 τούτου
3447 1748 3527 1819 τῷ
3560 1766 3718 1817 περι⁴

434 1836 664 1890 randum
723 1838 1219 1909 matrimonium?)
1254 1842 1322 1894 ab
1367 1856 1437 1894 eo
1488 1841 1766 1896 abstinuere
1820 1844 2021 1898 multos

2132 1816 2246 1897 όντι
2274 1844 2377 1911 τῆς
2416 1816 2697 1915 προσοχῆς
2720 1816 2849 1906 τοὺς
2880 1816 3111 1904 πολλοὺς
3143 1841 3240 1893 καὶ
3286 1816 3555 1908 ὑπακοῆς.
3584 1816 3720 1910 Περὶ

430 1934 656 1995 propter
680 1925 948 1996 insignem
975 1928 1511 1984 animadversionem
1540 1940 1593 1985 et
1621 1930 2021 1989 obedientiam.

430 2016 574 2073 Ante
607 2020 788 2072 omnia
827 2029 1009 2074 autem
1042 2021 1297 2075 docendo
1326 2022 1556 2079 alendus
1581 2038 1706 2079 esse
1729 2039 2020 2095 pauperes,

432 2108 612 2162 alebat
638 2124 855 2173 eorum,
889 2112 983 2180 qtti
1022 2112 1170 2181 ipsos
1200 2114 1541 2180 nutriebant,
1572 2116 1811 2181 animas,
1838 2133 2018 2173 novus

433 2199 525 2253 ille
572 2199 833 2255 frumenti
862 2202 1069 2257 dator:
1111 2214 1307 2275 utpote
1368 2206 1515 2277 quod
1559 2208 1805 2262 omnium
1859 2208 2026 2265 bono-

433 2306 554 2346 rum
590 2295 973 2362 operationem
1003 2298 1293 2352 contineat
1320 2307 1377 2351 et
1431 2302 1869 2372 comprehendat
1923 2304 2024 2359 ele-

430 2398 718 2454 emosyna,
745 2401 872 2454 quae
906 2389 1072 2441 etiam
1112 2390 1306 2445 docuit
1341 2409 1352 2445 :
1393 2392 1549 2458 Quod
1596 2395 1690 2446 um'
1732 2393 1918 2461 Iterum
1949 2396 2027 2464 fe-

432 2474 583 2527 cistis
615 2475 699 2539 ‘7;
740 2477 822 2530 sic
849 2477 1035 2531 omnia
1059 2484 1564 2550 comprehendens.
1618 2484 1791 2538 Dii-ini
1842 2487 2025 2557 itaque

432 2561 539 2615 \iri
578 2562 873 2619 audientes
924 2568 1236 2623 orationem
1267 2572 1405 2626 adeo
1435 2574 1799 2629 trahebantur
1831 2591 2024 2632 omnes

434 2651 502 2706 ad
532 2666 598 2707 ea
619 2651 988 2721 observanda,
1024 2668 1085 2711 ttt
1123 2660 1176 2712 in
1205 2659 1589 2733 dispergentlis
1614 2665 1811 2734 opibus
1844 2667 1902 2729 ii,
1930 2667 2023 2736 qui

434 2742 902 2800 eisabnndabant
943 2749 1136 2803 tierent
1168 2754 1523 2821 pauperiores
1582 2756 1650 2810 iis
1707 2757 1801 2824 qui
1864 2765 2025 2811 erant

432 2831 567 2887 olim
600 2849 913 2905 pauperes;
953 2840 1193 2907 perfecte
1227 2854 1407 2897 autem
1453 2844 1645 2899 tierent
1697 2847 1750 2900 in
1788 2846 2012 2901 Christo

441 2923 647 2981 divites
666 2935 722 2981 et
750 2928 1069 2984 thesaurum
1098 2935 1379 2989 cmlestetn
1402 2939 1774 3004 acquirerem.
1800 2936 2027 3006 Propter

434 3030 560 3085 qua:
589 3018 639 3072 is
665 3019 760 3090 qui
798 3020 914 3076 haec
968 3022 1112 3078 bona
1167 3025 1575 3090 introduxerat,
1632 3029 2026 3084 nominabatur

434 3105 679 3165 Joannes
703 3110 1093 3183 elcemosynae.
1127 3114 1269 3180 Quid
1299 3132 1429 3171 vero
1462 3119 1818 3187 sycophantis
1844 3131 1900 3174 et
1934 3135 2027 3172 ea.

438 3199 906 3257 lumniatoribus?
951 3203 1094 3270 Quid
1129 3215 1311 3260 autem
1345 3207 1412 3263 iis
1448 3209 1541 3277 qui
1577 3210 1913 3264 iusolescnnt
1950 3211 2029 3265 fa-

438 3296 559 3344 stus
591 3292 828 3347 elatione
861 3296 1081 3350 etinani
1114 3298 1370 3367 superbia
1399 3300 1421 3352 ?
1450 3299 1592 3365 Quid
1640 3316 1771 3355 vero
1806 3302 1896 3367 iis,
1930 3302 2027 3373 qui

440 3382 667 3453 prodiga
694 3394 751 3438 et
779 3385 1061 3442 luxuriosa
1086 3390 1194 3443 vita
1230 3392 1469 3460 graviter
1492 3401 1721 3461 peccant
1751 3393 1805 3447 in
1828 3408 2030 3464 corpus

441 3476 747 3545 proprium,
784 3487 880 3532 aut
920 3480 1089 3532 etiam
1152 3483 1357 3536 mentis
1417 3483 1600 3553 inopia
1664 3486 1861 3539 anima:
1919 3501 2032 3541 suae

438 3564 677 3621 aderunt
707 3569 981 3623 exitium?
1017 3571 1161 3637 Quid
1200 3590 1334 3644 ergo
1367 3575 1455 3631 bis
1479 3576 1569 3631 ille
1593 3592 1825 3647 magnus
1859 3595 2031 3634 exco-

440 3658 638 3726 gitavit
670 3660 966 3716 medicus?
1025 3662 1354 3734 Mnltiplicia
1388 3683 1544 3737 opem
1598 3669 1825 3724 ferentia
1862 3672 2032 3726 medi-

439 3761 720 3817 camenta,
784 3769 815 3807 ο
847 3756 1359 3824 perturbationibus
1404 3760 1573 3814 animi
1627 3761 2028 3826 liberationem,

442 3858 543 3913 per
602 3847 985 3915 paenitentiam
1047 3849 1349 3906 salutarem
1414 3853 1812 3922 operationem.
1878 3855 2031 3910 Mitto

436 3938 625 3995 dicere
656 3939 896 3997 fructum
939 3944 1231 4000 cbaritatis
1258 3957 1312 4001 et
1348 3947 1775 4018 hospitalitatis;
1812 3965 1923 4019 quo
1950 3949 2031 4004 ef-

439 4028 591 4094 fecit,
620 4042 679 4085 ut
718 4048 917 4090 omnes
946 4037 1161 4092 onerati
1198 4038 1648 4108 pinguescercnt,
1701 4044 1857 4096 suavi
1909 4057 2032 4098 rore

438 4134 664 4175 suorum
697 4126 1020 4193 verborum,
1054 4142 1156 4197 pro
1183 4130 1414 4184 musicis
1448 4133 1715 4197 canticis;
1769 4133 1825 4187 in
1852 4135 2030 4188 omni-

438 4210 544 4265 btts
572 4213 858 4281 operibus,
891 4216 960 4269 ad
992 4232 1116 4286 qua:
1152 4219 1269 4274 haec
1300 4222 1407 4273 vita
1440 4223 1588 4291 cogit
1627 4222 1902 4287 homines,
1943 4226 2027 4277 di-

440 4305 628 4357 vinum
668 4307 949 4360 canticum
977 4307 1177 4373 iubens
1206 4325 1428 4366 canere.

515 4408 602 4463 15.
633 4407 740 4463 Sed
783 4409 925 4465 forte
960 4412 1073 4467 haec
1119 4414 1300 4468 solum
1335 4414 1572 4471 faciebat
1617 4419 1671 4471 in
1714 4434 1810 4472 sua
1847 4422 2028 4474 eccle-

2131 1935 2351 1988 πάντων
2381 1935 2438 1988 δὲ
2464 1935 2543 2004 τῷ
2564 1937 2665 2004 τῆς
2693 1934 3066 2004 ψυχοτροφὶας
3092 1932 3388 2001 διδακτικῷ
3412 1933 3510 1995 τὰς
3543 1931 3721 2002 ψυχάς

2128 2027 2240 2081 τῶν
2269 2027 2583 2098 τρεφόντων
2613 2029 2641 2080 6
2665 2028 2785 2090 νέος
2826 2026 3020 2097 ἔτρεφε
3058 2025 3332 2094 σιτοδότης
3351 2042 3364 2055 ’
3397 2025 3471 2087 ὡς
3498 2026 3719 2079 πάντων

2130 2119 2240 2173 τῶν
2287 2119 2507 2187 ἀγαθῶν
2550 2121 2649 2190 τὴν
2686 2120 2949 2187 ἐργασίαν
2987 2121 3085 2187 τῆς
3125 2116 3518 2188 ἑλεημοσῦνης,
3560 2117 3721 2187 ἦκαὶ

2130 2212 2212 2276 τὸ,
2260 2210 2386 2280 Ἐφ’
2423 2210 2575 2266 ὅσον
2606 2211 2934 2276 ἐποιήσατε
2968 2210 3056 2263 ἐνὶ
3102 2211 3346 2271 τούτων,
3384 2208 3575 2279 ῶσπερ
3607 2208 3719 2261 ἐδί-

2131 2305 2297 2357 δασκε
2336 2304 2509 2374 ταύτῃ
2540 2304 2607 2355 τὰ
2663 2303 2843 2356 πάντα
2904 2302 3374 2371 περιοριζόμενος.
3443 2298 3721 2367 Μενοῦνγε

2132 2397 2389 2451 τοσοῦτον
2418 2396 2711 2458 ἀκούοντες
2745 2396 2837 2447 τὸν
2866 2395 3024 2463 λόγον
3051 2396 3146 2448 τοῦ
3176 2394 3320 2446 θείου
3360 2392 3551 2463 ἀνδρὸς
3582 2392 3721 2460 πρὸς

2135 2491 2367 2559 φύλαξιν
2412 2491 2656 2543 εἶλκοντο
2696 2490 2918 2552 πάντες,
2960 2486 3100 2540 ῶστε
3143 2486 3222 2557 τῷ
3269 2484 3598 2557 σκορπισμῷ
3627 2483 3722 2538 τοῦ

2134 2584 2393 2647 πλούτου,
2420 2582 2545 2646 τοὺς
2568 2582 2757 2635 τοῦτον
2788 2579 3097 2651 κομῶντας,
3132 2577 3243 2631 τῶν
3275 2578 3440 2631 πάλαι
3474 2577 3723 2647 πενήτων

2133 2674 2477 2744 ἀπορώτεροι
2497 2674 2809 2741 γεγονέναι·
2838 2671 2899 2724 τὸ
2926 2671 3004 2733 δὲ,
3027 2670 3232 2723 τέλειον
3259 2664 3397 2722 εἶναι
3416 2668 3562 2722 κατὰ
3586 2670 3721 2738 Χρι-

2138 2761 2281 2827 στὸν,
2315 2766 2853 2837 προσευπορηκέναι.
2889 2765 2982 2817 καὶ
3014 2764 3105 2817 τὸν
3127 2763 3378 2831 οὐράνιον
3398 2758 3723 2833 ἀποκληρώο

2137 2856 2332 2910 σασθαι
2371 2858 2679 2926 θησαυρόν·
2719 2857 2811 2923 ὑφ’
2853 2850 2927 2908 ὧν
2954 2858 2981 2907 6
3029 2854 3236 2907 τούτων
3277 2853 3577 2924 εἰσηγητὴς
3615 2852 3722 2905 τῶν

2137 2951 2318 3003 καλῶν
2354 2951 2631 3019 Ἰωάννης,
2670 2949 2729 3012 ὃς
2760 2950 2858 3017 τῆς
2894 2947 3269 3017 ἐλεημοσύνης
3313 2946 3718 3017 ἐπωνομάζετο.

2135 3044 2199 3095 Τί
2230 3043 2283 3095 δὲ
2310 3044 2423 3105 τοῖς
2462 3042 2852 3109 συκοφάνταις,
2899 3039 2951 3091 τί
2978 3039 3032 3091 δὲ
3079 3041 3191 3101 τοῖς
3240 3036 3724 3105 ἀλαζονευομένοις

2135 3138 2368 3208 ὲπάρσει
2414 3135 2608 3204 τύφου,
2653 3136 2749 3188 καὶ
2780 3134 2856 3205 τῷ
2893 3134 3126 3202 διακένῳ
3172 3131 3271 3199 τῆς
3318 3130 3722 3199 ὑπερηφανίας,

2133 3230 2269 3282 τίδὲ
2301 3231 2415 3290 τοῖς
2465 3226 2663 3295 ἀσώτῳ
2710 3226 2810 3295 βίῳ
2845 3227 2923 3287 είς
2964 3222 3025 3275 τὸ
3076 3222 3207 3275 ἴδιον
3258 3220 3418 3289 σῶμα
3469 3219 3722 3292 χαλεπῶς

2133 3321 2247 3390 ἁμα
2259 3320 2564 3389 ρτάνουσιν,
2590 3318 2622 3389 ἢ
2649 3318 2864 3388 φρενῶν
2895 3315 3097 3387 ἐνδείᾳ,
3123 3317 3189 3385 τῇ
3221 3314 3402 3366 αὐτῶν
3422 3313 3566 3383 ψυχῇ
3598 3328 3725 3382 προ-

2131 3414 2327 3468 τιθεῖσι
2373 3412 2673 3475 ἀπώλειαν,
2702 3411 2755 3463 τί
2780 3410 2990 3471 τούτοις
3012 3412 3040 3461 6
3075 3409 3247 3477 μέγας
3280 3406 3723 3477 προσεπενόησεν

2136 3506 2357 3576 ίατρόςς
2397 3506 2471 3557 Τὸ
2508 3504 2790 3567 πολυειδὲς
2834 3504 2942 3555 τῶν
2973 3501 3346 3573 ἀλεξητηρίων
3382 3499 3721 3571 φαρμάκων,

2132 3595 2230 3664 τὴν
2253 3595 2575 3664 ἀπαλλαγὴν
2604 3595 2713 3647 τῶν
2744 3593 2956 3655 παθῶν,
2989 3594 3088 3662 τὴν
3115 3592 3203 3647 διὰ
3231 3590 3523 3661 μετανοίας
3553 3592 3725 3660 ἐργα-

2136 3688 2258 3739 σίαν
2283 3690 2381 3755 τὴν
2413 3690 2701 3758 σωτήριον.
2752 3687 2859 3739 Ἐῶ
2883 3686 3063 3755 λέγειν
3088 3684 3178 3737 τὸν
3210 3685 3337 3753 περὶ
3370 3686 3470 3753 τῆς
3499 3683 3725 3751 ἀγάπης

2132 3777 2227 3831 καὶ
2264 3778 2361 3847 τῆς
2395 3777 2701 3847 φιλοξενίας
2733 3778 2977 3848 καρπόνο
3008 3769 3052 3844 ᾧ
3087 3777 3293 3838 πάντας
3334 3774 3540 3845 βρίθειν
3569 3791 3724 3827 πιαιο

2132 3871 2393 3938 νομένους
2426 3870 2702 3938 ἀπέδειξε,
2733 3870 2910 3939 δρόσῳ
2942 3869 3175 3939 γλυκείᾳ
3222 3868 3331 3921 τῶν
3381 3864 3576 3919 ἑαυτοῦ
3621 3868 3724 3935 ρη-

2136 3962 2321 4032 μάτων
2371 3962 2469 4032 τὴν
2520 3962 2641 4016 ἀντὶ
2685 3962 2793 4014 τῶν
2830 3962 3107 4032 μουσικῶν
3134 3961 3400 4032 ᾀσμάτων
3451 3961 3509 4012 ὲν
3554 3963 3724 4013 πᾶσιν

2133 4054 2351 4127 ἔργοις,
2423 4058 2568 4119 ὅσοις
2621 4059 2649 4109 6
2702 4055 2815 4123 βίος
2863 4056 2924 4108 τὸ
2972 4053 3317 4125 ἀνθρώπινον
3380 4053 3721 4120 ἐκϐιάζεται,

2133 4143 2284 4199 θείαν
2313 4145 2453 4216 ᾠδὴν
2484 4143 2749 4213 διηνεκῶς
2780 4143 3109 4214 ᾲσματίζειν
3143 4142 3589 4212 ἐγκελευόμενος.

2209 4412 2298 4483 ιγ’.
2330 4409 2401 4468 Ἀ
2414 4415 2459 4484 ρ’
2483 4410 2575 4468 οὖν
2603 4413 2659 4465 ὲν
2688 4413 2752 4482 τῇ
2787 4411 2909 4465 κατ’
2935 4412 3100 4464 αὐτὸν
3130 4412 3303 4465 ταῦτα
3329 4411 3491 4481 μόνον
3519 4410 3725 4479 ἐκκλη-

442 4499 523 4554 sia
549 4506 602 4553 et
641 4500 867 4556 civitate
895 4510 950 4557 et
981 4502 1214 4558 ﬁnitima
1262 4507 1486 4575 regione
1527 4524 1542 4561 :
1579 4524 1770 4564 earum
1822 4521 2024 4577 autem,

2139 4505 2249 4578 σίᾳ,
2296 4508 2391 4559 καὶ
2448 4508 2600 4559 πόλει
2636 4506 2733 4557 καὶ
2785 4503 3110 4574 περιχώρῳ,
3150 4504 3260 4556 τῶν
3288 4503 3345 4557 δὲ
3393 4502 3615 4573 μακράν
3660 4501 3723 4555 οὐ

442 4606 566 4661 quze
593 4591 787 4663 procul
813 4602 974 4648 erant
1002 4606 1241 4664 remoue,
1289 4598 1493 4652 nullam
1545 4602 1771 4671 gerebat
1814 4616 2027 4666 curam,

444 4685 583 4739 satis
617 4685 832 4741 habens
872 4686 1006 4743 dare
1040 4689 1277 4744 salutem
1308 4691 1743 4762 propinquorum
1782 4696 2033 4748 multitu-

443 4776 603 4831 dini?
638 4778 819 4833 Mente
847 4778 981 4833 mihi
1015 4794 1347 4851 persequere
1370 4783 1541 4839 totius
1562 4782 1834 4844 Thraciae,
1869 4784 2027 4847 Asiae,

444 4868 625 4934 Ponti,
652 4871 972 4939 Phoenicim,
1008 4872 1286 4929 Celtarum
1316 4873 1683 4937 latitudinem,
1709 4884 1765 4930 et
1796 4875 2030 4947 Scythas

445 4964 736 5029 nomadas,
801 4966 895 5034 qui
951 4975 1080 5021 sunt
1121 4968 1265 5023 ultra
1323 4966 1659 5029 Danubium.
1700 4971 1837 5036 Quis
1874 4972 2030 5025 locus

448 5053 557 5111 fuit
581 5056 888 5111 absconsus
922 5073 951 5112 a
982 5058 1139 5114 radio
1159 5058 1282 5129 ejus
1302 5060 1643 5115 verborum?
1664 5060 1875 5117 Revera
1907 5063 2030 5116 nul.

446 5149 556 5201 lus.
616 5145 708 5200 Sol
749 5147 970 5217 quidem
1022 5163 1051 5201 a
1089 5163 1286 5221 magno
1316 5148 1518 5204 Davide
1562 5150 1839 5213 laudatur,
1887 5159 1940 5205 et
1977 5153 2031 5205 in

448 5239 815 5294 admiratione
857 5241 1111 5307 habetur,
1141 5252 1365 5313 propter
1406 5245 1860 5313 magnitudinem,
1908 5243 2033 5298 illtt-

447 5331 830 5396 minationetn,
883 5347 1192 5403 egressum,
1226 5349 1554 5401 occursum;
1596 5335 1740 5405 quod
1799 5352 1907 5389 non
1960 5338 2033 5391 sit

447 5421 758 5479 absconsus
787 5424 946 5480 locus
974 5427 1173 5494 aliquis
1200 5429 1267 5483 ab
1292 5426 1410 5498 ejus
1431 5429 1613 5483 calore
1640 5439 1694 5483 et
1718 5430 2028 5499 splendore.

449 5512 595 5569 Bona
623 5525 805 5570 autem
836 5517 960 5585 ejus
999 5518 1201 5573 eximia
1255 5527 1391 5575 sunt
1427 5520 1595 5575 solari
1631 5520 1788 5575 radio
1838 5536 2035 5591 opera-

450 5602 599 5656 tione
644 5606 803 5673 longe
869 5598 1278 5675 praestantiora,
1330 5623 1527 5681 nempe
1586 5619 1852 5680 quantum
1896 5624 2035 5678 pne-

451 5698 602 5743 staut
632 5694 721 5756 iis,
772 5711 893 5761 quae
924 5701 1085 5754 aliter
1121 5702 1496 5766 illustrantur,
1531 5718 1593 5757 ea
1652 5718 1778 5771 qua:
1824 5702 2037 5755 ratione

452 5774 853 5833 iiluminautur.
901 5784 1169 5843 Praeterea
1204 5791 1305 5844 hoc
1354 5793 1534 5846 diram
1579 5810 1591 5843 :
1638 5793 1807 5847 densa
1859 5792 2036 5859 caligo

527 5867 569 5899 ⁸⁷
599 5864 790 5919 Matth.
824 5886 947 5937 xxv,
977 5876 1066 5929 40.

2136 4600 2469 4667 προνοεῖται,
2508 4597 2586 4666 τῷ
2630 4596 2825 4666 πλήθει
2876 4596 2986 4649 τῶν
3015 4595 3251 4665 πλησίον
3292 4595 3393 4667 τὴν
3448 4595 3725 4665 σωτηρίαν

2133 4689 2318 4744 δοῦναι
2344 4692 2714 4761 ἀρκούμενοςς
2762 4688 2948 4743 Δίελθέ
2987 4706 3076 4759 μοι
3115 4689 3193 4758 τῷ
3221 4687 3296 4758 νῷ
3319 4689 3542 4760 Θρᾴκης
3582 4687 3727 4741 ἀπά-

2136 4798 2257 4850 σης,
2317 4781 2530 4844 Ἀσίας,
2574 4781 2797 4844 Πόντου,
2835 4780 3123 4850 Φοινίκης,
3168 4779 3390 4853 Κελτῶν
3445 4781 3512 4834 τὰ
3563 4778 3725 4849 εὐρύ-

2134 4889 2311 4942 χωρα,
2348 4871 2443 4924 καὶ
2473 4873 2599 4933 τοὺς
2629 4871 2803 4939 πέραν
2837 4869 2931 4923 τοῦ
2965 4872 3184 4938 Ἴστρου
3218 4870 3456 4941 νομάδας
3485 4869 3723 4931 Σκύθας.

2136 4964 2293 5027 Ποῖος
2333 4964 2754 5033 ἀποκέκρυπται
2796 4962 2962 5026 τόπος
3006 4963 3107 5031 τῆς
3168 4964 3378 5016 ἐκείνου
3412 4964 3519 5015 τῶν
3552 4963 3728 5031 λόγων

2134 5053 2389 5116 ἀκτῖνος;
2422 5053 2633 5129 Οὐδείς.
2668 5052 2860 5115 Ἥλιος
2904 5054 3001 5121 μὲν
3039 5056 3146 5123 γὰρ
3182 5053 3261 5125 τῷ
3311 5054 3533 5122 μεγάλῳ
3563 5052 3729 5107 Δασιδ

2136 5148 2463 5207 ἐπαινεῖται,
2491 5144 2857 5214 θαυμάζεται,
2878 5144 2954 5214 τῷ
2981 5145 3226 5213 μεγέθει,
3245 5148 3312 5216 τῇ
3342 5144 3628 5215 ἐλλάμψει,
3656 5148 3724 5216 τῇ

2136 5239 2322 5311 ἐξόδῳ.
2348 5237 2427 5308 τῷ
2459 5239 2867 5307 καταντήματι,
2894 5238 2971 5307 τῷ
3005 5238 3079 5308 μὴ
3109 5237 3530 5306 ἀποκεκρύφθαι
3560 5238 3725 5289 τόπον

2134 5331 2257 5385 τινὰ
2296 5332 2393 5401 τῆς
2446 5332 2659 5384 ἐκείνου
2694 5330 2904 5401 θέρμης
2944 5332 3038 5382 καὶ
3092 5332 3459 5401 λαμπηδόνος.
3491 5330 3613 5383 Τῶν
3666 5330 3724 5382 δὲ

2136 5426 2329 5477 τούτου
2379 5423 2565 5476 καλῶν
2614 5422 2685 5475 τὰ
2734 5424 3012 5495 ἐξαίρετα,
3063 5422 3166 5491 τῆς
3215 5423 3451 5492 ἡλιακῆς
3508 5426 3725 5485 ἀκτῖνος

2138 5512 2317 5583 πολλῷ
2344 5513 2424 5582 τῷ
2454 5513 2698 5583 περιόντι
2736 5513 2836 5582 τῆς
2885 5514 3191 5581 ἐνεργείας,
3222 5516 3283 5565 τὺ
3322 5514 3580 5584 διάφορον
3620 5515 3728 5566 ἀπο

2136 5605 2440 5673 ηνέγκατοο
2482 5604 2579 5657 καὶ
2628 5606 2872 5673 τοσούτῳ
2924 5605 3110 5669 πλέον,
3166 5606 3275 5676 ὅσῳ
3324 5607 3570 5677 διαφέρει
3618 5605 3727 5658 τῶ)

2139 5694 2314 5757 ἄλλως
2365 5696 2761 5764 αὐγαζομένων
2810 5694 2878 5747 τά
2923 5695 3155 5762 λογικῶς
3198 5697 3565 5767 φωτιζόμενα.
3602 5697 3727 5750 Ἔτι

2139 5785 2299 5840 τοῦτο
2327 5788 2458 5858 ἐρῶ,
2510 5788 2709 5858 ὁμίχλη
2739 5787 2924 5840 δασεῖα
2956 5788 3055 5857 τὴν
3089 5788 3229 5859 ἑῴαν
3260 5790 3371 5842 τῶν
3400 5790 3728 5862 Μαρκίωνος
