  <div class='ocr_page' id='page_1' title='image "/cluster/home/n/w/nwhite01/storage/ocr_20150623/107/coo.31924054870112/173.png"; bbox 0 0 4084 6472; ppageno 0'>
   <div class='ocr_carea' id='block_1_1' title="bbox 413 352 521 418">
    <p class='ocr_par' dir='ltr' id='par_1_1' title="bbox 413 352 521 418">
     <span class='ocr_line' id='line_1_1' title="bbox 413 352 521 418; baseline 0.009 -1"><span class='ocrx_word' id='word_1_1' title='bbox 413 352 521 418; x_wconf 78' lang='lat'><strong>255</strong></span> 
     </span>
    </p>
   </div>
   <div class='ocr_carea' id='block_1_2' title="bbox 1677 345 2443 409">
    <p class='ocr_par' dir='ltr' id='par_1_2' title="bbox 1677 345 2443 409">
     <span class='ocr_line' id='line_1_2' title="bbox 1677 345 2443 409; baseline 0.003 -2"><span class='ocrx_word' id='word_1_2' title='bbox 1677 346 1952 407; x_wconf 76' lang='lat' dir='ltr'><strong>LEONIS</strong></span> <span class='ocrx_word' id='word_1_3' title='bbox 1984 345 2443 409; x_wconf 79' lang='lat' dir='ltr'><strong>PHILOSOPHI</strong></span> 
     </span>
    </p>
   </div>
   <div class='ocr_carea' id='block_1_3' title="bbox 3586 356 3691 419">
    <p class='ocr_par' dir='ltr' id='par_1_3' title="bbox 3586 356 3691 419">
     <span class='ocr_line' id='line_1_3' title="bbox 3586 356 3691 419; baseline -0.01 0"><span class='ocrx_word' id='word_1_4' title='bbox 3586 356 3691 419; x_wconf 57' lang='lat'><strong>$56</strong></span> 
     </span>
    </p>
   </div>
   <div class='ocr_carea' id='block_1_4' title="bbox 416 452 2018 535">
    <p class='ocr_par' dir='ltr' id='par_1_4' title="bbox 416 458 2005 533">
     <span class='ocr_line' id='line_1_4' title="bbox 416 458 2005 533; baseline -0.006 -12"><span class='ocrx_word' id='word_1_5' title='bbox 416 483 538 521; x_wconf 84' lang='lat' dir='ltr'><strong>eam</strong></span> <span class='ocrx_word' id='word_1_6' title='bbox 572 472 792 533; x_wconf 82' lang='lat' dir='ltr'><strong>quoque</strong></span> <span class='ocrx_word' id='word_1_7' title='bbox 820 461 1017 530; x_wconf 87' lang='lat' dir='ltr'><strong>oratio)</strong></span> <span class='ocrx_word' id='word_1_8' title='bbox 1048 500 1062 520; x_wconf 86' lang='lat'><strong>.</strong></span> <span class='ocrx_word' id='word_1_9' title='bbox 1096 476 1221 514; x_wconf 86' lang='lat' dir='ltr'><strong>cum</strong></span> <span class='ocrx_word' id='word_1_10' title='bbox 1250 469 1393 515; x_wconf 88' lang='lat' dir='ltr'><strong>esset</strong></span> <span class='ocrx_word' id='word_1_11' title='bbox 1421 458 1655 513; x_wconf 85' lang='lat' dir='ltr'><strong>callidus</strong></span> <span class='ocrx_word' id='word_1_12' title='bbox 1681 469 1736 513; x_wconf 90' lang='lat' dir='ltr'><strong>et</strong></span> <span class='ocrx_word' id='word_1_13' title='bbox 1768 460 2005 513; x_wconf 87' lang='lat' dir='ltr'><strong>malitio—</strong></span> 
     </span>
    </p>
   </div>
   <div class='ocr_carea' id='block_1_5' title="bbox 2122 452 3692 535">
    <p class='ocr_par' dir='ltr' id='par_1_5' title="bbox 2122 452 3692 535">
     <span class='ocr_line' id='line_1_5' title="bbox 2122 452 3692 535; baseline 0.002 -23"><span class='ocrx_word' id='word_1_14' title='bbox 2122 461 2457 530; x_wconf 75' lang='grc' dir='ltr'><strong>ταττόμενος,</strong></span> <span class='ocrx_word' id='word_1_15' title='bbox 2492 461 2672 531; x_wconf 81' lang='grc' dir='ltr'>φθόνῳ</span> <span class='ocrx_word' id='word_1_16' title='bbox 2714 461 2964 514; x_wconf 84' lang='grc' dir='ltr'>διαϐόλου</span> <span class='ocrx_word' id='word_1_17' title='bbox 3013 462 3107 513; x_wconf 62' lang='grc' dir='ltr'>καὶ</span> <span class='ocrx_word' id='word_1_18' title='bbox 3148 463 3402 529; x_wconf 82' lang='grc' dir='ltr'>γυναικὸς</span> <span class='ocrx_word' id='word_1_19' title='bbox 3438 452 3692 535; x_wconf 65' lang='grc' dir='ltr'>ἐπηρείᾳ.</span> 
     </span>
    </p>
   </div>
   <div class='ocr_carea' id='block_1_6' title="bbox 414 549 2003 627">
    <p class='ocr_par' dir='ltr' id='par_1_6' title="bbox 414 549 2003 627">
     <span class='ocr_line' id='line_1_6' title="bbox 414 549 2003 627; baseline -0.009 -13"><span class='ocrx_word' id='word_1_20' title='bbox 414 574 538 621; x_wconf 81' lang='lat' dir='ltr'><strong>sus,</strong></span> <span class='ocrx_word' id='word_1_21' title='bbox 568 556 776 627; x_wconf 78' lang='lat' dir='ltr'><strong>pastori</strong></span> <span class='ocrx_word' id='word_1_22' title='bbox 808 569 939 609; x_wconf 82' lang='lat' dir='ltr'><strong>vero</strong></span> <span class='ocrx_word' id='word_1_23' title='bbox 974 554 1282 619; x_wconf 78' lang='lat' dir='ltr'><strong>familiaris,</strong></span> <span class='ocrx_word' id='word_1_24' title='bbox 1325 562 1507 606; x_wconf 84' lang='lat' dir='ltr'><strong>movet</strong></span> <span class='ocrx_word' id='word_1_25' title='bbox 1535 566 1776 615; x_wconf 88' lang='lat' dir='ltr'><strong>onmem,</strong></span> <span class='ocrx_word' id='word_1_26' title='bbox 1816 561 1874 603; x_wconf 91' lang='lat' dir='ltr'><strong>ut</strong></span> <span class='ocrx_word' id='word_1_27' title='bbox 1918 549 2003 601; x_wconf 88' lang='lat' dir='ltr'><strong>di-</strong></span> 
     </span>
    </p>
   </div>
   <div class='ocr_carea' id='block_1_7' title="bbox 418 641 2007 717">
    <p class='ocr_par' dir='ltr' id='par_1_7' title="bbox 418 641 2007 717">
     <span class='ocr_line' id='line_1_7' title="bbox 418 641 2007 717; baseline -0.007 -12"><span class='ocrx_word' id='word_1_28' title='bbox 418 653 602 710; x_wconf 88' lang='lat' dir='ltr'><strong>citur,</strong></span> <span class='ocrx_word' id='word_1_29' title='bbox 644 648 902 717; x_wconf 87' lang='lat' dir='ltr'><strong>lapidem,</strong></span> <span class='ocrx_word' id='word_1_30' title='bbox 953 654 1011 697; x_wconf 92' lang='lat' dir='ltr'><strong>ut</strong></span> <span class='ocrx_word' id='word_1_31' title='bbox 1060 647 1245 698; x_wconf 82' lang='lat' dir='ltr'><strong>odium</strong></span> <span class='ocrx_word' id='word_1_32' title='bbox 1294 654 1349 698; x_wconf 92' lang='lat' dir='ltr'><strong>et</strong></span> <span class='ocrx_word' id='word_1_33' title='bbox 1400 642 1759 697; x_wconf 79' lang='lat' dir='ltr'><strong>oﬁ‘ensionem</strong></span> <span class='ocrx_word' id='word_1_34' title='bbox 1807 641 2007 696; x_wconf 74' lang='lat' dir='ltr'><strong>excitet</strong></span> 
     </span>
    </p>
   </div>
   <div class='ocr_carea' id='block_1_8' title="bbox 416 733 2005 805">
    <p class='ocr_par' dir='ltr' id='par_1_8' title="bbox 416 733 2005 805">
     <span class='ocr_line' id='line_1_8' title="bbox 416 733 2005 805; baseline -0.003 -12"><span class='ocrx_word' id='word_1_35' title='bbox 416 744 684 796; x_wconf 82' lang='lat' dir='ltr'><strong>adversus</strong></span> <span class='ocrx_word' id='word_1_36' title='bbox 724 739 973 791; x_wconf 87' lang='lat' dir='ltr'><strong>divinum</strong></span> <span class='ocrx_word' id='word_1_37' title='bbox 1012 735 1349 805; x_wconf 92' lang='lat' dir='ltr'><strong>pontiﬁcem.</strong></span> <span class='ocrx_word' id='word_1_38' title='bbox 1402 734 1468 788; x_wconf 86' lang='lat' dir='ltr'><strong>Et</strong></span> <span class='ocrx_word' id='word_1_39' title='bbox 1504 735 1740 804; x_wconf 90' lang='lat' dir='ltr'><strong>primum</strong></span> <span class='ocrx_word' id='word_1_40' title='bbox 1783 733 2005 804; x_wconf 85' lang='lat' dir='ltr'><strong>quidem</strong></span> 
     </span>
    </p>
   </div>
   <div class='ocr_carea' id='block_1_9' title="bbox 420 827 2008 896">
    <p class='ocr_par' dir='ltr' id='par_1_9' title="bbox 420 827 2008 896">
     <span class='ocr_line' id='line_1_9' title="bbox 420 827 2008 896; baseline -0.004 -10"><span class='ocrx_word' id='word_1_41' title='bbox 420 832 523 886; x_wconf 90' lang='lat' dir='ltr'><strong>hoc</strong></span> <span class='ocrx_word' id='word_1_42' title='bbox 555 829 686 883; x_wconf 78' lang='lat' dir='ltr'><strong>facit</strong></span> <span class='ocrx_word' id='word_1_43' title='bbox 716 846 728 882; x_wconf 94' lang='lat'>:</span> <span class='ocrx_word' id='word_1_44' title='bbox 760 842 885 882; x_wconf 91' lang='lat' dir='ltr'><strong>cum</strong></span> <span class='ocrx_word' id='word_1_45' title='bbox 915 827 1213 883; x_wconf 84' lang='lat' dir='ltr'><strong>Severiano</strong></span> <span class='ocrx_word' id='word_1_46' title='bbox 1238 827 1501 895; x_wconf 90' lang='lat' dir='ltr'><strong>episcopo</strong></span> <span class='ocrx_word' id='word_1_47' title='bbox 1531 827 1875 896; x_wconf 84' lang='lat' dir='ltr'><strong>colloquens,</strong></span> <span class='ocrx_word' id='word_1_48' title='bbox 1913 835 2008 880; x_wconf 91' lang='lat' dir='ltr'><strong>aut</strong></span> 
     </span>
    </p>
   </div>
   <div class='ocr_carea' id='block_1_10' title="bbox 416 915 2009 990">
    <p class='ocr_par' dir='ltr' id='par_1_10' title="bbox 416 915 2009 990">
     <span class='ocr_line' id='line_1_10' title="bbox 416 915 2009 990; baseline -0.002 -16"><span class='ocrx_word' id='word_1_49' title='bbox 416 920 626 990; x_wconf 86' lang='lat' dir='ltr'><strong>aliquid</strong></span> <span class='ocrx_word' id='word_1_50' title='bbox 658 934 852 973; x_wconf 90' lang='lat' dir='ltr'><strong>eorum</strong></span> <span class='ocrx_word' id='word_1_51' title='bbox 884 918 1096 981; x_wconf 89' lang='lat' dir='ltr'><strong>dicens,</strong></span> <span class='ocrx_word' id='word_1_52' title='bbox 1124 932 1249 987; x_wconf 78' lang='lat' dir='ltr'><strong>qua:</strong></span> <span class='ocrx_word' id='word_1_53' title='bbox 1282 918 1547 971; x_wconf 87' lang='lat' dir='ltr'><strong>dicuntur</strong></span> <span class='ocrx_word' id='word_1_54' title='bbox 1575 917 1820 987; x_wconf 82' lang='lat' dir='ltr'><strong>quotidie</strong></span> <span class='ocrx_word' id='word_1_55' title='bbox 1840 956 1855 980; x_wconf 84' lang='lat'><strong>,</strong></span> <span class='ocrx_word' id='word_1_56' title='bbox 1899 915 2009 971; x_wconf 77' lang='lat' dir='ltr'><strong>fre-</strong></span> 
     </span>
    </p>
   </div>
   <div class='ocr_carea' id='block_1_11' title="bbox 416 1008 2010 1079">
    <p class='ocr_par' dir='ltr' id='par_1_11' title="bbox 416 1008 2010 1079">
     <span class='ocr_line' id='line_1_11' title="bbox 416 1008 2010 1079; baseline -0.003 -15"><span class='ocrx_word' id='word_1_57' title='bbox 416 1020 507 1066; x_wconf 85' lang='lat' dir='ltr'><strong>tus</strong></span> <span class='ocrx_word' id='word_1_58' title='bbox 550 1026 614 1064; x_wconf 83' lang='lat' dir='ltr'><strong>ea</strong></span> <span class='ocrx_word' id='word_1_59' title='bbox 645 1025 768 1079; x_wconf 71' lang='lat' dir='ltr'><strong>qua:</strong></span> <span class='ocrx_word' id='word_1_60' title='bbox 812 1009 956 1078; x_wconf 85' lang='lat' dir='ltr'><strong>apud</strong></span> <span class='ocrx_word' id='word_1_61' title='bbox 1003 1008 1316 1078; x_wconf 90' lang='lat' dir='ltr'><strong>pontiﬁcem</strong></span> <span class='ocrx_word' id='word_1_62' title='bbox 1351 1008 1401 1062; x_wconf 90' lang='lat' dir='ltr'><strong>ei</strong></span> <span class='ocrx_word' id='word_1_63' title='bbox 1448 1017 1568 1062; x_wconf 86' lang='lat' dir='ltr'><strong>erat</strong></span> <span class='ocrx_word' id='word_1_64' title='bbox 1606 1008 1805 1062; x_wconf 90' lang='lat' dir='ltr'><strong>ﬁducia</strong></span> <span class='ocrx_word' id='word_1_65' title='bbox 1841 1016 1899 1062; x_wconf 91' lang='lat' dir='ltr'><strong>et</strong></span> <span class='ocrx_word' id='word_1_66' title='bbox 1929 1008 2010 1061; x_wconf 83' lang='lat' dir='ltr'><strong>lo-</strong></span> 
     </span>
    </p>
   </div>
   <div class='ocr_carea' id='block_1_12' title="bbox 415 1096 2009 1169">
    <p class='ocr_par' dir='ltr' id='par_1_12' title="bbox 415 1096 2009 1169">
     <span class='ocr_line' id='line_1_12' title="bbox 415 1096 2009 1169; baseline -0.001 -17"><span class='ocrx_word' id='word_1_67' title='bbox 415 1098 620 1169; x_wconf 89' lang='lat' dir='ltr'><strong>quendi</strong></span> <span class='ocrx_word' id='word_1_68' title='bbox 677 1100 965 1162; x_wconf 85' lang='lat' dir='ltr'><strong>libertate,</strong></span> <span class='ocrx_word' id='word_1_69' title='bbox 1022 1098 1219 1151; x_wconf 87' lang='lat' dir='ltr'><strong>sedens</strong></span> <span class='ocrx_word' id='word_1_70' title='bbox 1262 1113 1387 1151; x_wconf 92' lang='lat' dir='ltr'><strong>cum</strong></span> <span class='ocrx_word' id='word_1_71' title='bbox 1441 1113 1508 1151; x_wconf 87' lang='lat' dir='ltr'><strong>eo</strong></span> <span class='ocrx_word' id='word_1_72' title='bbox 1555 1097 1880 1152; x_wconf 83' lang='lat' dir='ltr'><strong>disserebat.</strong></span> <span class='ocrx_word' id='word_1_73' title='bbox 1941 1096 2009 1151; x_wconf 91' lang='lat' dir='ltr'><strong>Ut</strong></span> 
     </span>
    </p>
   </div>
   <div class='ocr_carea' id='block_1_13' title="bbox 415 1188 2010 1259">
    <p class='ocr_par' dir='ltr' id='par_1_13' title="bbox 415 1188 2010 1259">
     <span class='ocr_line' id='line_1_13' title="bbox 415 1188 2010 1259; baseline -0.001 -14"><span class='ocrx_word' id='word_1_74' title='bbox 415 1199 598 1245; x_wconf 88' lang='lat' dir='ltr'><strong>autem</strong></span> <span class='ocrx_word' id='word_1_75' title='bbox 644 1191 784 1245; x_wconf 89' lang='lat' dir='ltr'><strong>solet</strong></span> <span class='ocrx_word' id='word_1_76' title='bbox 838 1191 890 1243; x_wconf 91' lang='lat' dir='ltr'><strong>in</strong></span> <span class='ocrx_word' id='word_1_77' title='bbox 937 1190 1023 1245; x_wconf 90' lang='lat' dir='ltr'><strong>his</strong></span> <span class='ocrx_word' id='word_1_78' title='bbox 1060 1188 1333 1251; x_wconf 80' lang='lat' dir='ltr'><strong>accidere,</strong></span> <span class='ocrx_word' id='word_1_79' title='bbox 1384 1189 1623 1259; x_wconf 86' lang='lat' dir='ltr'><strong>quodam</strong></span> <span class='ocrx_word' id='word_1_80' title='bbox 1658 1191 1747 1244; x_wconf 87' lang='lat' dir='ltr'><strong>die</strong></span> <span class='ocrx_word' id='word_1_81' title='bbox 1782 1204 1892 1244; x_wconf 92' lang='lat' dir='ltr'><strong>non</strong></span> <span class='ocrx_word' id='word_1_82' title='bbox 1932 1189 2010 1243; x_wconf 80' lang='lat' dir='ltr'><strong>fe-</strong></span> 
     </span>
    </p>
   </div>
   <div class='ocr_carea' id='block_1_14' title="bbox 420 1280 2012 1350">
    <p class='ocr_par' dir='ltr' id='par_1_14' title="bbox 420 1280 2012 1350">
     <span class='ocr_line' id='line_1_14' title="bbox 420 1280 2012 1350; baseline -0.003 -13"><span class='ocrx_word' id='word_1_83' title='bbox 420 1299 549 1337; x_wconf 86' lang='lat' dir='ltr'><strong>rens</strong></span> <span class='ocrx_word' id='word_1_84' title='bbox 579 1283 822 1337; x_wconf 81' lang='lat' dir='ltr'><strong>dedecus</strong></span> <span class='ocrx_word' id='word_1_85' title='bbox 864 1282 1233 1345; x_wconf 81' lang='lat' dir='ltr'><strong>Severianus,</strong></span> <span class='ocrx_word' id='word_1_86' title='bbox 1267 1295 1424 1336; x_wconf 90' lang='lat' dir='ltr'><strong>suam</strong></span> <span class='ocrx_word' id='word_1_87' title='bbox 1452 1281 1741 1334; x_wconf 86' lang='lat' dir='ltr'><strong>attendens</strong></span> <span class='ocrx_word' id='word_1_88' title='bbox 1770 1280 2012 1350; x_wconf 76' lang='lat' dir='ltr'><strong>dignita-</strong></span> 
     </span>
    </p>
   </div>
   <div class='ocr_carea' id='block_1_15' title="bbox 416 1370 2010 1443">
    <p class='ocr_par' dir='ltr' id='par_1_15' title="bbox 416 1370 2010 1443">
     <span class='ocr_line' id='line_1_15' title="bbox 416 1370 2010 1443; baseline -0.001 -16"><span class='ocrx_word' id='word_1_89' title='bbox 416 1384 527 1429; x_wconf 88' lang='lat' dir='ltr'><strong>tem</strong></span> <span class='ocrx_word' id='word_1_90' title='bbox 562 1386 613 1428; x_wconf 79' lang='lat' dir='ltr'><strong>ct</strong></span> <span class='ocrx_word' id='word_1_91' title='bbox 641 1375 869 1443; x_wconf 71' lang='lat' dir='ltr'><strong>gradum</strong></span> <span class='ocrx_word' id='word_1_92' title='bbox 902 1372 1142 1435; x_wconf 89' lang='lat' dir='ltr'><strong>diaconi,</strong></span> <span class='ocrx_word' id='word_1_93' title='bbox 1173 1371 1379 1425; x_wconf 91' lang='lat' dir='ltr'><strong>dicitur</strong></span> <span class='ocrx_word' id='word_1_94' title='bbox 1405 1371 1701 1441; x_wconf 82' lang='lat' dir='ltr'><strong>aliquando</strong></span> <span class='ocrx_word' id='word_1_95' title='bbox 1729 1372 1839 1425; x_wconf 87' lang='lat' dir='ltr'><strong>tale</strong></span> <span class='ocrx_word' id='word_1_96' title='bbox 1877 1370 2010 1440; x_wconf 90' lang='lat' dir='ltr'><strong>quid</strong></span> 
     </span>
    </p>
   </div>
   <div class='ocr_carea' id='block_1_16' title="bbox 417 1460 2008 1531">
    <p class='ocr_par' dir='ltr' id='par_1_16' title="bbox 417 1460 2008 1531">
     <span class='ocr_line' id='line_1_16' title="bbox 417 1460 2008 1531; baseline -0.004 -12"><span class='ocrx_word' id='word_1_97' title='bbox 417 1466 627 1520; x_wconf 81' lang='lat' dir='ltr'><strong>dixisse</strong></span> <span class='ocrx_word' id='word_1_98' title='bbox 667 1481 681 1515; x_wconf 92' lang='lat'><strong>:</strong></span> <span class='ocrx_word' id='word_1_99' title='bbox 724 1464 781 1517; x_wconf 87' lang='lat' dir='ltr'><strong>Si</strong></span> <span class='ocrx_word' id='word_1_100' title='bbox 819 1463 1085 1531; x_wconf 84' lang='lat' dir='ltr'><strong>Serapion</strong></span> <span class='ocrx_word' id='word_1_101' title='bbox 1114 1469 1366 1515; x_wconf 86' lang='lat' dir='ltr'><strong>mortuus</strong></span> <span class='ocrx_word' id='word_1_102' title='bbox 1420 1461 1585 1515; x_wconf 79' lang='lat' dir='ltr'><strong>fuerit</strong></span> <span class='ocrx_word' id='word_1_103' title='bbox 1625 1460 2008 1523; x_wconf 86' lang='lat' dir='ltr'><strong>Christianus,</strong></span> 
     </span>
    </p>
   </div>
   <div class='ocr_carea' id='block_1_17' title="bbox 419 1550 2013 1611">
    <p class='ocr_par' dir='ltr' id='par_1_17' title="bbox 419 1550 2013 1611">
     <span class='ocr_line' id='line_1_17' title="bbox 419 1550 2013 1611; baseline -0.005 0"><span class='ocrx_word' id='word_1_104' title='bbox 419 1558 680 1611; x_wconf 84' lang='lat' dir='ltr'><strong>Christus</strong></span> <span class='ocrx_word' id='word_1_105' title='bbox 722 1572 829 1609; x_wconf 92' lang='lat' dir='ltr'><strong>non</strong></span> <span class='ocrx_word' id='word_1_106' title='bbox 868 1554 965 1607; x_wconf 78' lang='lat' dir='ltr'><strong>fuit</strong></span> <span class='ocrx_word' id='word_1_107' title='bbox 1008 1556 1190 1607; x_wconf 91' lang='lat' dir='ltr'><strong>homo.</strong></span> <span class='ocrx_word' id='word_1_108' title='bbox 1216 1553 1340 1607; x_wconf 61' lang='lat' dir='ltr'><strong>.lioc</strong></span> <span class='ocrx_word' id='word_1_109' title='bbox 1372 1568 1496 1607; x_wconf 90' lang='lat' dir='ltr'><strong>cum</strong></span> <span class='ocrx_word' id='word_1_110' title='bbox 1526 1551 1828 1606; x_wconf 80' lang='lat' dir='ltr'><strong>audivisset</strong></span> <span class='ocrx_word' id='word_1_111' title='bbox 1858 1550 2013 1605; x_wconf 81' lang='lat' dir='ltr'><strong>vafer</strong></span> 
     </span>
    </p>
   </div>
   <div class='ocr_carea' id='block_1_18' title="bbox 418 1644 2011 1716">
    <p class='ocr_par' dir='ltr' id='par_1_18' title="bbox 418 1644 2011 1716">
     <span class='ocr_line' id='line_1_18' title="bbox 418 1644 2011 1716; baseline -0.004 -14"><span class='ocrx_word' id='word_1_112' title='bbox 418 1650 513 1703; x_wconf 77' lang='lat' dir='ltr'><strong>ille</strong></span> <span class='ocrx_word' id='word_1_113' title='bbox 540 1656 595 1703; x_wconf 90' lang='lat' dir='ltr'><strong>et</strong></span> <span class='ocrx_word' id='word_1_114' title='bbox 623 1651 783 1716; x_wconf 88' lang='lat' dir='ltr'><strong>plane</strong></span> <span class='ocrx_word' id='word_1_115' title='bbox 818 1646 997 1699; x_wconf 82' lang='lat' dir='ltr'><strong>factus</strong></span> <span class='ocrx_word' id='word_1_116' title='bbox 1023 1645 1090 1699; x_wconf 89' lang='lat' dir='ltr'><strong>ad</strong></span> <span class='ocrx_word' id='word_1_117' title='bbox 1144 1645 1432 1708; x_wconf 86' lang='lat' dir='ltr'><strong>malitiam,</strong></span> <span class='ocrx_word' id='word_1_118' title='bbox 1471 1659 1595 1697; x_wconf 93' lang='lat' dir='ltr'><strong>cum</strong></span> <span class='ocrx_word' id='word_1_119' title='bbox 1627 1644 1835 1698; x_wconf 90' lang='lat' dir='ltr'><strong>dictum</strong></span> <span class='ocrx_word' id='word_1_120' title='bbox 1872 1644 2011 1697; x_wconf 84' lang='lat' dir='ltr'><strong>divi-</strong></span> 
     </span>
    </p>
   </div>
   <div class='ocr_carea' id='block_1_19' title="bbox 418 1737 2011 1810">
    <p class='ocr_par' dir='ltr' id='par_1_19' title="bbox 418 1737 2011 1810">
     <span class='ocr_line' id='line_1_19' title="bbox 418 1737 2011 1810; baseline -0.004 -15"><span class='ocrx_word' id='word_1_121' title='bbox 418 1744 601 1804; x_wconf 83' lang='lat' dir='ltr'><strong>sisset,</strong></span> <span class='ocrx_word' id='word_1_122' title='bbox 639 1740 781 1810; x_wconf 88' lang='lat' dir='ltr'><strong>apud</strong></span> <span class='ocrx_word' id='word_1_123' title='bbox 814 1748 1063 1792; x_wconf 87' lang='lat' dir='ltr'><strong>sanctum</strong></span> <span class='ocrx_word' id='word_1_124' title='bbox 1121 1747 1346 1791; x_wconf 86' lang='lat' dir='ltr'><strong>accusat</strong></span> <span class='ocrx_word' id='word_1_125' title='bbox 1376 1737 1761 1802; x_wconf 84' lang='lat' dir='ltr'><strong>Severianum,</strong></span> <span class='ocrx_word' id='word_1_126' title='bbox 1789 1746 1851 1790; x_wconf 91' lang='lat' dir='ltr'><strong>ut</strong></span> <span class='ocrx_word' id='word_1_127' title='bbox 1889 1737 2011 1806; x_wconf 84' lang='lat' dir='ltr'><strong>ejus</strong></span> 
     </span>
    </p>
   </div>
   <div class='ocr_carea' id='block_1_20' title="bbox 417 1829 2011 1899">
    <p class='ocr_par' dir='ltr' id='par_1_20' title="bbox 417 1829 2011 1899">
     <span class='ocr_line' id='line_1_20' title="bbox 417 1829 2011 1899; baseline -0.004 -11"><span class='ocrx_word' id='word_1_128' title='bbox 417 1846 476 1888; x_wconf 90' lang='lat' dir='ltr'><strong>et</strong></span> <span class='ocrx_word' id='word_1_129' title='bbox 503 1833 707 1889; x_wconf 86' lang='lat' dir='ltr'><strong>Christi</strong></span> <span class='ocrx_word' id='word_1_130' title='bbox 761 1832 1045 1885; x_wconf 89' lang='lat' dir='ltr'><strong>inimicum</strong></span> <span class='ocrx_word' id='word_1_131' title='bbox 1067 1869 1083 1894; x_wconf 90' lang='lat'><strong>,</strong></span> <span class='ocrx_word' id='word_1_132' title='bbox 1118 1840 1176 1883; x_wconf 94' lang='lat' dir='ltr'><strong>ut</strong></span> <span class='ocrx_word' id='word_1_133' title='bbox 1203 1832 1295 1899; x_wconf 86' lang='lat' dir='ltr'><strong>qui</strong></span> <span class='ocrx_word' id='word_1_134' title='bbox 1337 1830 1590 1893; x_wconf 80' lang='lat' dir='ltr'><strong>dixisset,</strong></span> <span class='ocrx_word' id='word_1_135' title='bbox 1621 1829 1874 1885; x_wconf 86' lang='lat' dir='ltr'><strong>Christus</strong></span> <span class='ocrx_word' id='word_1_136' title='bbox 1902 1846 2011 1883; x_wconf 92' lang='lat' dir='ltr'><strong>non</strong></span> 
     </span>
    </p>
   </div>
   <div class='ocr_carea' id='block_1_21' title="bbox 419 1921 2014 1991">
    <p class='ocr_par' dir='ltr' id='par_1_21' title="bbox 419 1921 2014 1991">
     <span class='ocr_line' id='line_1_21' title="bbox 419 1921 2014 1991; baseline -0.003 -13"><span class='ocrx_word' id='word_1_137' title='bbox 419 1926 525 1978; x_wconf 86' lang='lat' dir='ltr'><strong>l‘uit</strong></span> <span class='ocrx_word' id='word_1_138' title='bbox 554 1924 739 1984; x_wconf 86' lang='lat' dir='ltr'><strong>homo,</strong></span> <span class='ocrx_word' id='word_1_139' title='bbox 768 1937 798 1975; x_wconf 87' lang='lat' dir='ltr'><strong>e</strong></span> <span class='ocrx_word' id='word_1_140' title='bbox 845 1937 946 1976; x_wconf 91' lang='lat' dir='ltr'><strong>sua</strong></span> <span class='ocrx_word' id='word_1_141' title='bbox 982 1932 1203 1976; x_wconf 84' lang='lat' dir='ltr'><strong>caterva</strong></span> <span class='ocrx_word' id='word_1_142' title='bbox 1243 1921 1409 1991; x_wconf 85' lang='lat' dir='ltr'><strong>hujus</strong></span> <span class='ocrx_word' id='word_1_143' title='bbox 1439 1922 1573 1975; x_wconf 85' lang='lat' dir='ltr'><strong>dicti</strong></span> <span class='ocrx_word' id='word_1_144' title='bbox 1613 1929 1782 1977; x_wconf 85' lang='lat' dir='ltr'><strong>testes</strong></span> <span class='ocrx_word' id='word_1_145' title='bbox 1811 1922 2014 1990; x_wconf 82' lang='lat' dir='ltr'><strong>produ-</strong></span> 
     </span>
    </p>
   </div>
   <div class='ocr_carea' id='block_1_22' title="bbox 417 2014 2011 2084">
    <p class='ocr_par' dir='ltr' id='par_1_22' title="bbox 417 2014 2011 2084">
     <span class='ocr_line' id='line_1_22' title="bbox 417 2014 2011 2084; baseline -0.001 -15"><span class='ocrx_word' id='word_1_146' title='bbox 417 2031 574 2071; x_wconf 79' lang='lat' dir='ltr'><strong>cens.</strong></span> <span class='ocrx_word' id='word_1_147' title='bbox 633 2016 776 2080; x_wconf 80' lang='lat' dir='ltr'><strong>Quid</strong></span> <span class='ocrx_word' id='word_1_148' title='bbox 837 2029 968 2084; x_wconf 75' lang='lat' dir='ltr'><strong>ergo</strong></span> <span class='ocrx_word' id='word_1_149' title='bbox 1017 2014 1309 2083; x_wconf 83' lang='lat' dir='ltr'><strong>oportebat</strong></span> <span class='ocrx_word' id='word_1_150' title='bbox 1360 2014 1541 2068; x_wconf 80' lang='lat' dir='ltr'><strong>facere</strong></span> <span class='ocrx_word' id='word_1_151' title='bbox 1585 2015 1815 2069; x_wconf 86' lang='lat' dir='ltr'><strong>zelotem</strong></span> <span class='ocrx_word' id='word_1_152' title='bbox 1859 2015 2011 2067; x_wconf 91' lang='lat' dir='ltr'><strong>illum</strong></span> 
     </span>
    </p>
   </div>
   <div class='ocr_carea' id='block_1_23' title="bbox 418 2103 2016 2174">
    <p class='ocr_par' dir='ltr' id='par_1_23' title="bbox 418 2103 2016 2174">
     <span class='ocr_line' id='line_1_23' title="bbox 418 2103 2016 2174; baseline -0.001 -14"><span class='ocrx_word' id='word_1_153' title='bbox 418 2106 617 2170; x_wconf 83' lang='lat' dir='ltr'><strong>Eﬁam,</strong></span> <span class='ocrx_word' id='word_1_154' title='bbox 652 2119 686 2159; x_wconf 92' lang='grc' dir='ltr'><strong>ο</strong></span> <span class='ocrx_word' id='word_1_155' title='bbox 723 2120 819 2174; x_wconf 88' lang='lat' dir='ltr'><strong>per</strong></span> <span class='ocrx_word' id='word_1_156' title='bbox 854 2105 1031 2174; x_wconf 88' lang='lat' dir='ltr'><strong>ipsam</strong></span> <span class='ocrx_word' id='word_1_157' title='bbox 1058 2103 1331 2172; x_wconf 86' lang='lat' dir='ltr'><strong>justitiam</strong></span> <span class='ocrx_word' id='word_1_158' title='bbox 1366 2103 1388 2157; x_wconf 66' lang='grc' dir='ltr'><strong>ἲ</strong></span> <span class='ocrx_word' id='word_1_159' title='bbox 1422 2104 1616 2173; x_wconf 88' lang='lat' dir='ltr'><strong>(detur</strong></span> <span class='ocrx_word' id='word_1_160' title='bbox 1642 2105 1787 2159; x_wconf 90' lang='lat' dir='ltr'><strong>enim</strong></span> <span class='ocrx_word' id='word_1_161' title='bbox 1824 2106 1904 2159; x_wconf 88' lang='lat' dir='ltr'><strong>sic</strong></span> <span class='ocrx_word' id='word_1_162' title='bbox 1934 2110 2016 2159; x_wconf 81' lang='lat' dir='ltr'><strong>in-</strong></span> 
     </span>
    </p>
   </div>
   <div class='ocr_carea' id='block_1_24' title="bbox 421 2194 2016 2265">
    <p class='ocr_par' dir='ltr' id='par_1_24' title="bbox 421 2194 2016 2265">
     <span class='ocr_line' id='line_1_24' title="bbox 421 2194 2016 2265; baseline -0.001 -14"><span class='ocrx_word' id='word_1_163' title='bbox 421 2208 506 2254; x_wconf 85' lang='lat' dir='ltr'><strong>ter</strong></span> <span class='ocrx_word' id='word_1_164' title='bbox 548 2197 739 2252; x_wconf 75' lang='lat' dir='ltr'><strong>laudvs</strong></span> <span class='ocrx_word' id='word_1_165' title='bbox 794 2196 1003 2263; x_wconf 85' lang='lat' dir='ltr'><strong>dicere)</strong></span> <span class='ocrx_word' id='word_1_166' title='bbox 1044 2194 1326 2251; x_wconf 85' lang='lat' dir='ltr'><strong>dimittere</strong></span> <span class='ocrx_word' id='word_1_167' title='bbox 1371 2195 1423 2249; x_wconf 91' lang='lat' dir='ltr'><strong>id</strong></span> <span class='ocrx_word' id='word_1_168' title='bbox 1473 2197 1621 2265; x_wconf 89' lang='lat' dir='ltr'><strong>quod</strong></span> <span class='ocrx_word' id='word_1_169' title='bbox 1673 2197 1780 2251; x_wconf 90' lang='lat' dir='ltr'><strong>sibi</strong></span> <span class='ocrx_word' id='word_1_170' title='bbox 1838 2198 2016 2250; x_wconf 83' lang='lat' dir='ltr'><strong>fuerat</strong></span> 
     </span>
    </p>
   </div>
   <div class='ocr_carea' id='block_1_25' title="bbox 420 2287 2015 2356">
    <p class='ocr_par' dir='ltr' id='par_1_25' title="bbox 420 2287 2015 2356">
     <span class='ocr_line' id='line_1_25' title="bbox 420 2287 2015 2356; baseline -0.004 -12"><span class='ocrx_word' id='word_1_171' title='bbox 420 2290 802 2345; x_wconf 84' lang='lat' dir='ltr'><strong>renuntiatum</strong></span> <span class='ocrx_word' id='word_1_172' title='bbox 833 2289 856 2341; x_wconf 71' lang='grc' dir='ltr'><strong><em>Ἰ</em></strong></span> <span class='ocrx_word' id='word_1_173' title='bbox 905 2302 1015 2341; x_wconf 91' lang='lat' dir='ltr'><strong>non</strong></span> <span class='ocrx_word' id='word_1_174' title='bbox 1055 2287 1283 2340; x_wconf 88' lang='lat' dir='ltr'><strong>credere</strong></span> <span class='ocrx_word' id='word_1_175' title='bbox 1314 2301 1377 2340; x_wconf 87' lang='lat' dir='ltr'><strong>ea</strong></span> <span class='ocrx_word' id='word_1_176' title='bbox 1408 2302 1529 2356; x_wconf 76' lang='lat' dir='ltr'><strong>qua:</strong></span> <span class='ocrx_word' id='word_1_177' title='bbox 1561 2287 1708 2341; x_wconf 87' lang='lat' dir='ltr'><strong>dicta</strong></span> <span class='ocrx_word' id='word_1_178' title='bbox 1739 2287 1955 2341; x_wconf 79' lang='lat' dir='ltr'><strong>fuerant</strong></span> <span class='ocrx_word' id='word_1_179' title='bbox 1985 2302 2015 2339; x_wconf 89' lang='lat' dir='ltr'><strong>a</strong></span> 
     </span>
    </p>
   </div>
   <div class='ocr_carea' id='block_1_26' title="bbox 425 2380 2017 2451">
    <p class='ocr_par' dir='ltr' id='par_1_26' title="bbox 425 2380 2017 2451">
     <span class='ocr_line' id='line_1_26' title="bbox 425 2380 2017 2451; baseline -0.003 -13"><span class='ocrx_word' id='word_1_180' title='bbox 425 2385 661 2438; x_wconf 84' lang='lat' dir='ltr'><strong>testibus</strong></span> <span class='ocrx_word' id='word_1_181' title='bbox 685 2383 710 2434; x_wconf 87' lang='lat'><strong>?</strong></span> <span class='ocrx_word' id='word_1_182' title='bbox 763 2380 956 2451; x_wconf 84' lang='lat' dir='ltr'><strong>procul</strong></span> <span class='ocrx_word' id='word_1_183' title='bbox 989 2380 1290 2434; x_wconf 85' lang='lat' dir='ltr'><strong>amandare</strong></span> <span class='ocrx_word' id='word_1_184' title='bbox 1322 2392 1419 2433; x_wconf 88' lang='lat' dir='ltr'><strong>eos</strong></span> <span class='ocrx_word' id='word_1_185' title='bbox 1458 2380 1551 2450; x_wconf 92' lang='lat' dir='ltr'><strong>qui</strong></span> <span class='ocrx_word' id='word_1_186' title='bbox 1583 2380 1890 2449; x_wconf 88' lang='lat' dir='ltr'><strong>loquuntur</strong></span> <span class='ocrx_word' id='word_1_187' title='bbox 1921 2393 2017 2447; x_wconf 91' lang='lat' dir='ltr'><strong>pro</strong></span> 
     </span>
    </p>
   </div>
   <div class='ocr_carea' id='block_1_27' title="bbox 420 2471 2019 2542">
    <p class='ocr_par' dir='ltr' id='par_1_27' title="bbox 420 2471 2019 2542">
     <span class='ocr_line' id='line_1_27' title="bbox 420 2471 2019 2542; baseline -0.004 -12"><span class='ocrx_word' id='word_1_188' title='bbox 420 2474 696 2530; x_wconf 85' lang='lat' dir='ltr'><strong>Christo?</strong></span> <span class='ocrx_word' id='word_1_189' title='bbox 751 2476 813 2527; x_wconf 80' lang='lat' dir='ltr'><strong>Et</strong></span> <span class='ocrx_word' id='word_1_190' title='bbox 860 2473 987 2542; x_wconf 89' lang='lat' dir='ltr'><strong>quis</strong></span> <span class='ocrx_word' id='word_1_191' title='bbox 1034 2486 1142 2527; x_wconf 91' lang='lat' dir='ltr'><strong>non</strong></span> <span class='ocrx_word' id='word_1_192' title='bbox 1191 2485 1337 2542; x_wconf 63' lang='lat' dir='ltr'><strong>aegre</strong></span> <span class='ocrx_word' id='word_1_193' title='bbox 1366 2471 1607 2537; x_wconf 76' lang='grc' dir='ltr'>ιυιὶεει·ι,</span> <span class='ocrx_word' id='word_1_194' title='bbox 1637 2483 1691 2525; x_wconf 91' lang='lat' dir='ltr'><strong>et</strong></span> <span class='ocrx_word' id='word_1_195' title='bbox 1722 2471 2019 2541; x_wconf 87' lang='lat' dir='ltr'><strong>reprehen-</strong></span> 
     </span>
    </p>
   </div>
   <div class='ocr_carea' id='block_1_28' title="bbox 422 2559 2015 2636">
    <p class='ocr_par' dir='ltr' id='par_1_28' title="bbox 422 2559 2015 2636">
     <span class='ocr_line' id='line_1_28' title="bbox 422 2559 2015 2636; baseline -0.005 -14"><span class='ocrx_word' id='word_1_196' title='bbox 422 2567 600 2623; x_wconf 85' lang='lat' dir='ltr'><strong>disset</strong></span> <span class='ocrx_word' id='word_1_197' title='bbox 656 2565 1007 2636; x_wconf 89' lang='lat' dir='ltr'><strong>pontilicem,</strong></span> <span class='ocrx_word' id='word_1_198' title='bbox 1067 2578 1191 2618; x_wconf 90' lang='lat' dir='ltr'><strong>cum</strong></span> <span class='ocrx_word' id='word_1_199' title='bbox 1258 2563 1494 2618; x_wconf 89' lang='lat' dir='ltr'><strong>callidus</strong></span> <span class='ocrx_word' id='word_1_200' title='bbox 1539 2565 1733 2615; x_wconf 92' lang='lat' dir='ltr'><strong>horum</strong></span> <span class='ocrx_word' id='word_1_201' title='bbox 1797 2559 2015 2625; x_wconf 79' lang='lat' dir='ltr'><strong>artifex,</strong></span> 
     </span>
    </p>
   </div>
   <div class='ocr_carea' id='block_1_29' title="bbox 419 2653 2016 2725">
    <p class='ocr_par' dir='ltr' id='par_1_29' title="bbox 419 2653 2016 2725">
     <span class='ocr_line' id='line_1_29' title="bbox 419 2653 2016 2725; baseline -0.006 -11"><span class='ocrx_word' id='word_1_202' title='bbox 419 2658 637 2714; x_wconf 85' lang='lat' dir='ltr'><strong>etiamsi</strong></span> <span class='ocrx_word' id='word_1_203' title='bbox 676 2665 809 2710; x_wconf 89' lang='lat' dir='ltr'><strong>tunc</strong></span> <span class='ocrx_word' id='word_1_204' title='bbox 855 2657 1205 2725; x_wconf 77' lang='lat' dir='ltr'><strong>ignoraretur</strong></span> <span class='ocrx_word' id='word_1_205' title='bbox 1258 2653 1490 2718; x_wconf 86' lang='lat' dir='ltr'><strong>malitia,</strong></span> <span class='ocrx_word' id='word_1_206' title='bbox 1536 2661 1829 2722; x_wconf 67' lang='lat' dir='ltr'><strong>propterea</strong></span> <span class='ocrx_word' id='word_1_207' title='bbox 1870 2653 2016 2722; x_wconf 86' lang='lat' dir='ltr'><strong>quod</strong></span> 
     </span>
    </p>
   </div>
   <div class='ocr_carea' id='block_1_30' title="bbox 420 2743 2019 2816">
    <p class='ocr_par' dir='ltr' id='par_1_30' title="bbox 420 2743 2019 2816">
     <span class='ocr_line' id='line_1_30' title="bbox 420 2743 2019 2816; baseline -0.002 -15"><span class='ocrx_word' id='word_1_208' title='bbox 420 2758 582 2803; x_wconf 86' lang='lat' dir='ltr'><strong>actus</strong></span> <span class='ocrx_word' id='word_1_209' title='bbox 616 2755 766 2803; x_wconf 88' lang='lat' dir='ltr'><strong>esset</strong></span> <span class='ocrx_word' id='word_1_210' title='bbox 799 2760 1119 2816; x_wconf 83' lang='lat' dir='ltr'><strong>perversus,</strong></span> <span class='ocrx_word' id='word_1_211' title='bbox 1159 2745 1503 2799; x_wconf 87' lang='lat' dir='ltr'><strong>clamaturus</strong></span> <span class='ocrx_word' id='word_1_212' title='bbox 1558 2753 1708 2800; x_wconf 89' lang='lat' dir='ltr'><strong>esset</strong></span> <span class='ocrx_word' id='word_1_213' title='bbox 1748 2743 2019 2798; x_wconf 85' lang='lat' dir='ltr'><strong>adversus</strong></span> 
     </span>
    </p>
   </div>
   <div class='ocr_carea' id='block_1_31' title="bbox 415 2835 2019 2911">
    <p class='ocr_par' dir='ltr' id='par_1_31' title="bbox 415 2835 2019 2911">
     <span class='ocr_line' id='line_1_31' title="bbox 415 2835 2019 2911; baseline -0.004 -18"><span class='ocrx_word' id='word_1_214' title='bbox 415 2840 663 2911; x_wconf 83' lang='lat' dir='ltr'><strong>judicent</strong></span> <span class='ocrx_word' id='word_1_215' title='bbox 686 2848 742 2893; x_wconf 91' lang='lat' dir='ltr'><strong>et</strong></span> <span class='ocrx_word' id='word_1_216' title='bbox 766 2838 1088 2909; x_wconf 83' lang='lat' dir='ltr'><strong>pastorem?</strong></span> <span class='ocrx_word' id='word_1_217' title='bbox 1116 2837 1211 2892; x_wconf 81' lang='lat' dir='ltr'><strong>sed</strong></span> <span class='ocrx_word' id='word_1_218' title='bbox 1233 2837 1371 2890; x_wconf 76' lang='lat' dir='ltr'><strong>sicut</strong></span> <span class='ocrx_word' id='word_1_219' title='bbox 1404 2836 1590 2900; x_wconf 82' lang='lat' dir='ltr'><strong>audio,</strong></span> <span class='ocrx_word' id='word_1_220' title='bbox 1601 2835 1790 2905; x_wconf 74' lang='lat' dir='ltr'><strong>judico</strong></span> <span class='ocrx_word' id='word_1_221' title='bbox 1822 2836 1891 2897; x_wconf 79' lang='lat'><strong>“,</strong></span> <span class='ocrx_word' id='word_1_222' title='bbox 1932 2835 2019 2887; x_wconf 83' lang='lat' dir='ltr'><strong>iu-</strong></span> 
     </span>
    </p>
   </div>
   <div class='ocr_carea' id='block_1_32' title="bbox 420 2925 2008 3000">
    <p class='ocr_par' dir='ltr' id='par_1_32' title="bbox 420 2925 2008 3000">
     <span class='ocr_line' id='line_1_32' title="bbox 420 2925 2008 3000; baseline -0.005 -17"><span class='ocrx_word' id='word_1_223' title='bbox 420 2931 539 3000; x_wconf 85' lang='lat' dir='ltr'><strong>quit</strong></span> <span class='ocrx_word' id='word_1_224' title='bbox 565 2928 841 2993; x_wconf 87' lang='lat' dir='ltr'><strong>Christus,</strong></span> <span class='ocrx_word' id='word_1_225' title='bbox 867 2942 993 2981; x_wconf 90' lang='lat' dir='ltr'><strong>cum</strong></span> <span class='ocrx_word' id='word_1_226' title='bbox 1023 2927 1208 2981; x_wconf 90' lang='lat' dir='ltr'><strong>adhuc</strong></span> <span class='ocrx_word' id='word_1_227' title='bbox 1233 2926 1453 2981; x_wconf 85' lang='lat' dir='ltr'><strong>essetin</strong></span> <span class='ocrx_word' id='word_1_228' title='bbox 1484 2926 1586 2979; x_wconf 90' lang='lat' dir='ltr'><strong>hac</strong></span> <span class='ocrx_word' id='word_1_229' title='bbox 1608 2925 1715 2980; x_wconf 89' lang='lat' dir='ltr'><strong>vita</strong></span> <span class='ocrx_word' id='word_1_230' title='bbox 1739 2933 1795 2977; x_wconf 90' lang='lat' dir='ltr'><strong>et</strong></span> <span class='ocrx_word' id='word_1_231' title='bbox 1821 2937 2008 2977; x_wconf 89' lang='lat' dir='ltr'><strong>carne.</strong></span> 
     </span>
    </p>
   </div>
   <div class='ocr_carea' id='block_1_33' title="bbox 419 3013 2023 3089">
    <p class='ocr_par' dir='ltr' id='par_1_33' title="bbox 419 3013 2023 3089">
     <span class='ocr_line' id='line_1_33' title="bbox 419 3013 2023 3089; baseline -0.004 -15"><span class='ocrx_word' id='word_1_232' title='bbox 419 3021 592 3089; x_wconf 87' lang='lat' dir='ltr'><strong>Cujus</strong></span> <span class='ocrx_word' id='word_1_233' title='bbox 624 3018 1174 3088; x_wconf 89' lang='lat' dir='ltr'><strong>discipulus,justam</strong></span> <span class='ocrx_word' id='word_1_234' title='bbox 1209 3018 1289 3073; x_wconf 91' lang='lat' dir='ltr'><strong>sic</strong></span> <span class='ocrx_word' id='word_1_235' title='bbox 1323 3016 1504 3072; x_wconf 80' lang='lat' dir='ltr'><strong>ferens</strong></span> <span class='ocrx_word' id='word_1_236' title='bbox 1530 3015 1883 3076; x_wconf 86' lang='lat' dir='ltr'><strong>sententiam,</strong></span> <span class='ocrx_word' id='word_1_237' title='bbox 1908 3013 2023 3067; x_wconf 90' lang='lat' dir='ltr'><strong>eci-</strong></span> 
     </span>
    </p>
   </div>
   <div class='ocr_carea' id='block_1_34' title="bbox 2109 548 3694 621">
    <p class='ocr_par' dir='ltr' id='par_1_34' title="bbox 2109 548 3694 621">
     <span class='ocr_line' id='line_1_34' title="bbox 2109 548 3694 621; baseline 0.003 -20"><span class='ocrx_word' id='word_1_238' title='bbox 2109 550 2293 619; x_wconf 71' lang='grc' dir='ltr'>(δείξει</span> <span class='ocrx_word' id='word_1_239' title='bbox 2331 552 2387 604; x_wconf 82' lang='grc' dir='ltr'>δὲ</span> <span class='ocrx_word' id='word_1_240' title='bbox 2435 553 2529 604; x_wconf 74' lang='grc' dir='ltr'>καὶ</span> <span class='ocrx_word' id='word_1_241' title='bbox 2555 551 2762 620; x_wconf 84' lang='grc' dir='ltr'>ταύτην</span> <span class='ocrx_word' id='word_1_242' title='bbox 2804 552 2833 601; x_wconf 99' lang='lat'><strong>6</strong></span> <span class='ocrx_word' id='word_1_243' title='bbox 2880 548 3059 619; x_wconf 85' lang='grc' dir='ltr'>λόγος)</span> <span class='ocrx_word' id='word_1_244' title='bbox 3081 550 3249 612; x_wconf 80' lang='grc' dir='ltr'>δεινὸς</span> <span class='ocrx_word' id='word_1_245' title='bbox 3277 550 3352 603; x_wconf 78' lang='grc' dir='ltr'><strong>ὢν</strong></span> <span class='ocrx_word' id='word_1_246' title='bbox 3394 551 3488 604; x_wconf 79' lang='grc' dir='ltr'><strong>καὶ</strong></span> <span class='ocrx_word' id='word_1_247' title='bbox 3529 554 3694 621; x_wconf 76' lang='grc' dir='ltr'>σοφὸς</span> 
     </span>
    </p>
   </div>
   <div class='ocr_carea' id='block_1_35' title="bbox 2107 642 3693 714">
    <p class='ocr_par' dir='ltr' id='par_1_35' title="bbox 2107 642 3693 714">
     <span class='ocr_line' id='line_1_35' title="bbox 2107 642 3693 714; baseline 0.003 -21"><span class='ocrx_word' id='word_1_248' title='bbox 2107 644 2187 704; x_wconf 85' lang='grc' dir='ltr'>εἰς</span> <span class='ocrx_word' id='word_1_249' title='bbox 2212 643 2434 705; x_wconf 79' lang='grc' dir='ltr'><strong>κακίαν,</strong></span> <span class='ocrx_word' id='word_1_250' title='bbox 2465 645 2664 705; x_wconf 85' lang='grc' dir='ltr'>οίκεῖος</span> <span class='ocrx_word' id='word_1_251' title='bbox 2698 644 2755 696; x_wconf 81' lang='grc' dir='ltr'>δὲ</span> <span class='ocrx_word' id='word_1_252' title='bbox 2782 642 2861 712; x_wconf 83' lang='grc' dir='ltr'>τῷ</span> <span class='ocrx_word' id='word_1_253' title='bbox 2888 645 3129 712; x_wconf 83' lang='grc' dir='ltr'><strong>ποιμένι,</strong></span> <span class='ocrx_word' id='word_1_254' title='bbox 3157 643 3336 695; x_wconf 87' lang='grc' dir='ltr'>πάντα</span> <span class='ocrx_word' id='word_1_255' title='bbox 3367 644 3535 707; x_wconf 89' lang='grc' dir='ltr'>λίθον,</span> <span class='ocrx_word' id='word_1_256' title='bbox 3565 646 3594 697; x_wconf 82' lang='lat'><strong>6</strong></span> <span class='ocrx_word' id='word_1_257' title='bbox 3627 646 3693 714; x_wconf 79' lang='grc' dir='ltr'>δὴ</span> 
     </span>
    </p>
   </div>
   <div class='ocr_carea' id='block_1_36' title="bbox 2107 731 3696 806">
    <p class='ocr_par' dir='ltr' id='par_1_36' title="bbox 2107 731 3696 806">
     <span class='ocr_line' id='line_1_36' title="bbox 2107 731 3696 806; baseline 0.001 -23"><span class='ocrx_word' id='word_1_258' title='bbox 2107 731 2345 798; x_wconf 77' lang='grc' dir='ltr'>λέγεται,</span> <span class='ocrx_word' id='word_1_259' title='bbox 2377 736 2540 794; x_wconf 83' lang='grc' dir='ltr'>κινεῖ,</span> <span class='ocrx_word' id='word_1_260' title='bbox 2576 733 2769 802; x_wconf 78' lang='grc' dir='ltr'><strong>μίσους</strong></span> <span class='ocrx_word' id='word_1_261' title='bbox 2792 733 2966 797; x_wconf 90' lang='grc' dir='ltr'>λαϐἀς</span> <span class='ocrx_word' id='word_1_262' title='bbox 2999 734 3095 785; x_wconf 78' lang='grc' dir='ltr'>καὶ</span> <span class='ocrx_word' id='word_1_263' title='bbox 3121 733 3437 786; x_wconf 75' lang='grc' dir='ltr'><strong>σκανδάλων</strong></span> <span class='ocrx_word' id='word_1_264' title='bbox 3460 736 3536 804; x_wconf 83' lang='grc' dir='ltr'><strong>τῷ</strong></span> <span class='ocrx_word' id='word_1_265' title='bbox 3562 735 3696 806; x_wconf 81' lang='grc' dir='ltr'>θείῳ</span> 
     </span>
    </p>
   </div>
   <div class='ocr_carea' id='block_1_37' title="bbox 2108 824 3694 895">
    <p class='ocr_par' dir='ltr' id='par_1_37' title="bbox 2108 824 3694 895">
     <span class='ocr_line' id='line_1_37' title="bbox 2108 824 3694 895; baseline 0.001 -18"><span class='ocrx_word' id='word_1_266' title='bbox 2108 824 2390 892; x_wconf 84' lang='grc' dir='ltr'><strong>ἀνεγεῖραι</strong></span> <span class='ocrx_word' id='word_1_267' title='bbox 2440 825 2713 895; x_wconf 83' lang='grc' dir='ltr'>ἀρχιερεῖ.</span> <span class='ocrx_word' id='word_1_268' title='bbox 2767 827 2877 878; x_wconf 72' lang='grc' dir='ltr'><strong>Καὶ</strong></span> <span class='ocrx_word' id='word_1_269' title='bbox 2925 826 3141 895; x_wconf 81' lang='grc' dir='ltr'>πρῶτον</span> <span class='ocrx_word' id='word_1_270' title='bbox 3196 825 3297 895; x_wconf 72' lang='grc' dir='ltr'>μὲν</span> <span class='ocrx_word' id='word_1_271' title='bbox 3342 825 3584 879; x_wconf 80' lang='grc' dir='ltr'>τοιοῦτόν</span> <span class='ocrx_word' id='word_1_272' title='bbox 3638 843 3694 880; x_wconf 88' lang='grc' dir='ltr'><strong>τι</strong></span> 
     </span>
    </p>
   </div>
   <div class='ocr_carea' id='block_1_38' title="bbox 2108 915 3695 990">
    <p class='ocr_par' dir='ltr' id='par_1_38' title="bbox 2108 915 3695 990">
     <span class='ocr_line' id='line_1_38' title="bbox 2108 915 3695 990; baseline 0.002 -22"><span class='ocrx_word' id='word_1_273' title='bbox 2108 915 2242 987; x_wconf 76' lang='grc' dir='ltr'>δρᾷ·</span> <span class='ocrx_word' id='word_1_274' title='bbox 2274 916 2592 987; x_wconf 84' lang='grc' dir='ltr'>Σευηριανῷ</span> <span class='ocrx_word' id='word_1_275' title='bbox 2634 918 2715 987; x_wconf 85' lang='grc' dir='ltr'><strong>τῷ</strong></span> <span class='ocrx_word' id='word_1_276' title='bbox 2753 919 3039 987; x_wconf 81' lang='grc' dir='ltr'>ὲπισκόπῳ</span> <span class='ocrx_word' id='word_1_277' title='bbox 3076 918 3447 989; x_wconf 82' lang='grc' dir='ltr'><strong>προσομιλῶν,</strong></span> <span class='ocrx_word' id='word_1_278' title='bbox 3512 921 3547 990; x_wconf 69' lang='grc' dir='ltr'>ἦ</span> <span class='ocrx_word' id='word_1_279' title='bbox 3594 937 3695 972; x_wconf 83' lang='grc' dir='ltr'>τινι</span> 
     </span>
    </p>
   </div>
   <div class='ocr_carea' id='block_1_39' title="bbox 2107 1008 3697 1083">
    <p class='ocr_par' dir='ltr' id='par_1_39' title="bbox 2107 1008 3697 1083">
     <span class='ocr_line' id='line_1_39' title="bbox 2107 1008 3697 1083; baseline 0.001 -21"><span class='ocrx_word' id='word_1_280' title='bbox 2107 1008 2217 1062; x_wconf 83' lang='grc' dir='ltr'>τῶν</span> <span class='ocrx_word' id='word_1_281' title='bbox 2245 1010 2424 1064; x_wconf 82' lang='grc' dir='ltr'>ἄλλων</span> <span class='ocrx_word' id='word_1_282' title='bbox 2446 1011 2566 1063; x_wconf 84' lang='grc' dir='ltr'>ὅσαι</span> <span class='ocrx_word' id='word_1_283' title='bbox 2595 1012 2807 1080; x_wconf 80' lang='grc' dir='ltr'><strong>ἡμέραι</strong></span> <span class='ocrx_word' id='word_1_284' title='bbox 2835 1010 3239 1082; x_wconf 86' lang='grc' dir='ltr'>διαλεγόμενος,</span> <span class='ocrx_word' id='word_1_285' title='bbox 3274 1012 3437 1081; x_wconf 80' lang='grc' dir='ltr'>δῆθεν</span> <span class='ocrx_word' id='word_1_286' title='bbox 3462 1015 3529 1082; x_wconf 84' lang='grc' dir='ltr'>τῇ</span> <span class='ocrx_word' id='word_1_287' title='bbox 3560 1013 3697 1083; x_wconf 73' lang='grc' dir='ltr'>πρὸς</span> 
     </span>
    </p>
   </div>
   <div class='ocr_carea' id='block_1_40' title="bbox 2109 1101 3699 1173">
    <p class='ocr_par' dir='ltr' id='par_1_40' title="bbox 2109 1101 3699 1173">
     <span class='ocr_line' id='line_1_40' title="bbox 2109 1101 3699 1173; baseline 0.001 -20"><span class='ocrx_word' id='word_1_288' title='bbox 2109 1101 2200 1153; x_wconf 84' lang='grc' dir='ltr'>τὸν</span> <span class='ocrx_word' id='word_1_289' title='bbox 2238 1102 2503 1172; x_wconf 80' lang='grc' dir='ltr'>ἀρχιερέα</span> <span class='ocrx_word' id='word_1_290' title='bbox 2542 1101 2765 1171; x_wconf 72' lang='grc' dir='ltr'>θαρρῶν</span> <span class='ocrx_word' id='word_1_291' title='bbox 2802 1103 3112 1173; x_wconf 72' lang='grc' dir='ltr'>παρρησίᾳ,</span> <span class='ocrx_word' id='word_1_292' title='bbox 3153 1102 3516 1172; x_wconf 74' lang='grc' dir='ltr'>καθεζόμενος</span> <span class='ocrx_word' id='word_1_293' title='bbox 3547 1103 3699 1170; x_wconf 85' lang='grc' dir='ltr'><strong>αὐτῷ</strong></span> 
     </span>
    </p>
   </div>
   <div class='ocr_carea' id='block_1_41' title="bbox 2109 1186 3699 1261">
    <p class='ocr_par' dir='ltr' id='par_1_41' title="bbox 2109 1186 3699 1261">
     <span class='ocr_line' id='line_1_41' title="bbox 2109 1186 3699 1261; baseline 0.001 -19"><span class='ocrx_word' id='word_1_294' title='bbox 2109 1189 2405 1257; x_wconf 66' lang='grc' dir='ltr'>διεὶέγεὼ.</span> <span class='ocrx_word' id='word_1_295' title='bbox 2455 1186 2555 1243; x_wconf 78' lang='grc' dir='ltr'><strong>υἷα</strong></span> <span class='ocrx_word' id='word_1_296' title='bbox 2599 1192 2656 1243; x_wconf 82' lang='grc' dir='ltr'>δὲ</span> <span class='ocrx_word' id='word_1_297' title='bbox 2715 1190 2864 1260; x_wconf 85' lang='grc' dir='ltr'>φιλεῖ</span> <span class='ocrx_word' id='word_1_298' title='bbox 2913 1193 2970 1243; x_wconf 80' lang='grc' dir='ltr'>ὲν</span> <span class='ocrx_word' id='word_1_299' title='bbox 3017 1195 3131 1252; x_wconf 83' lang='grc' dir='ltr'>τοῖς</span> <span class='ocrx_word' id='word_1_300' title='bbox 3178 1190 3462 1258; x_wconf 83' lang='grc' dir='ltr'>τοιούτοις,</span> <span class='ocrx_word' id='word_1_301' title='bbox 3502 1192 3559 1244; x_wconf 79' lang='grc' dir='ltr'>ὲν</span> <span class='ocrx_word' id='word_1_302' title='bbox 3599 1193 3699 1261; x_wconf 85' lang='grc' dir='ltr'>μιᾷ</span> 
     </span>
    </p>
   </div>
   <div class='ocr_carea' id='block_1_42' title="bbox 2110 1282 3695 1354">
    <p class='ocr_par' dir='ltr' id='par_1_42' title="bbox 2110 1282 3695 1354">
     <span class='ocr_line' id='line_1_42' title="bbox 2110 1282 3695 1354; baseline -0.001 -19"><span class='ocrx_word' id='word_1_303' title='bbox 2110 1299 2242 1335; x_wconf 88' lang='grc' dir='ltr'>ποτε</span> <span class='ocrx_word' id='word_1_304' title='bbox 2278 1282 2351 1353; x_wconf 84' lang='grc' dir='ltr'>μὴ</span> <span class='ocrx_word' id='word_1_305' title='bbox 2403 1283 2743 1351; x_wconf 69' lang='grc' dir='ltr'>ἐνεγκὼντά</span> <span class='ocrx_word' id='word_1_306' title='bbox 2771 1283 2869 1353; x_wconf 82' lang='grc' dir='ltr'>τῆς</span> <span class='ocrx_word' id='word_1_307' title='bbox 2921 1283 3146 1351; x_wconf 81' lang='grc' dir='ltr'>ἀτιμίας</span> <span class='ocrx_word' id='word_1_308' title='bbox 3182 1284 3211 1335; x_wconf 89' lang='lat'><strong>6</strong></span> <span class='ocrx_word' id='word_1_309' title='bbox 3258 1283 3581 1354; x_wconf 70' lang='grc' dir='ltr'>Σευηριανὸς</span> <span class='ocrx_word' id='word_1_310' title='bbox 3627 1285 3695 1353; x_wconf 87' lang='grc' dir='ltr'>τῇ</span> 
     </span>
    </p>
   </div>
   <div class='ocr_carea' id='block_1_43' title="bbox 2113 1371 3696 1443">
    <p class='ocr_par' dir='ltr' id='par_1_43' title="bbox 2113 1371 3696 1443">
     <span class='ocr_line' id='line_1_43' title="bbox 2113 1371 3696 1443; baseline -0.002 -19"><span class='ocrx_word' id='word_1_311' title='bbox 2113 1372 2311 1425; x_wconf 78' lang='grc' dir='ltr'>ἑαυτοῦ</span> <span class='ocrx_word' id='word_1_312' title='bbox 2357 1371 2485 1443; x_wconf 77' lang='grc' dir='ltr'>ἀξίᾳ</span> <span class='ocrx_word' id='word_1_313' title='bbox 2518 1371 2796 1442; x_wconf 82' lang='grc' dir='ltr'>προσχὼν,</span> <span class='ocrx_word' id='word_1_314' title='bbox 2828 1372 2924 1425; x_wconf 66' lang='lat' dir='ltr'><strong>acad.</strong></span> <span class='ocrx_word' id='word_1_315' title='bbox 2966 1371 3044 1441; x_wconf 80' lang='grc' dir='ltr'><strong>τῷ</strong></span> <span class='ocrx_word' id='word_1_316' title='bbox 3075 1371 3171 1424; x_wconf 80' lang='grc' dir='ltr'><strong>τοῦ</strong></span> <span class='ocrx_word' id='word_1_317' title='bbox 3199 1372 3446 1425; x_wconf 81' lang='grc' dir='ltr'>διακόνου</span> <span class='ocrx_word' id='word_1_318' title='bbox 3482 1371 3696 1442; x_wconf 78' lang='grc' dir='ltr'>βαθμῷ,</span> 
     </span>
    </p>
   </div>
   <div class='ocr_carea' id='block_1_44' title="bbox 2113 1460 3699 1534">
    <p class='ocr_par' dir='ltr' id='par_1_44' title="bbox 2113 1460 3699 1534">
     <span class='ocr_line' id='line_1_44' title="bbox 2113 1460 3699 1534; baseline -0.001 -18"><span class='ocrx_word' id='word_1_319' title='bbox 2113 1465 2331 1529; x_wconf 87' lang='grc' dir='ltr'>λέγεταί</span> <span class='ocrx_word' id='word_1_320' title='bbox 2359 1466 2487 1518; x_wconf 90' lang='grc' dir='ltr'>ποτέ</span> <span class='ocrx_word' id='word_1_321' title='bbox 2516 1484 2567 1519; x_wconf 89' lang='grc' dir='ltr'><strong>τι</strong></span> <span class='ocrx_word' id='word_1_322' title='bbox 2615 1465 2856 1518; x_wconf 89' lang='grc' dir='ltr'>τοιοῦτον</span> <span class='ocrx_word' id='word_1_323' title='bbox 2891 1467 3065 1517; x_wconf 82' lang='grc' dir='ltr'>εἰπεῖν</span> <span class='ocrx_word' id='word_1_324' title='bbox 3090 1482 3104 1495; x_wconf 76' lang='grc' dir='ltr'><strong>ο</strong></span> <span class='ocrx_word' id='word_1_325' title='bbox 3139 1460 3202 1516; x_wconf 76' lang='grc' dir='ltr'><strong>ΕΞ</strong></span> <span class='ocrx_word' id='word_1_326' title='bbox 3237 1464 3529 1533; x_wconf 88' lang='grc' dir='ltr'>Σαραπίων</span> <span class='ocrx_word' id='word_1_327' title='bbox 3564 1465 3699 1534; x_wconf 82' lang='grc' dir='ltr'>Χρι-</span> 
     </span>
    </p>
   </div>
   <div class='ocr_carea' id='block_1_45' title="bbox 2116 1555 3701 1628">
    <p class='ocr_par' dir='ltr' id='par_1_45' title="bbox 2116 1555 3701 1628">
     <span class='ocr_line' id='line_1_45' title="bbox 2116 1555 3701 1628; baseline -0.002 -18"><span class='ocrx_word' id='word_1_328' title='bbox 2116 1557 2332 1619; x_wconf 80' lang='grc' dir='ltr'>στιανὸς</span> <span class='ocrx_word' id='word_1_329' title='bbox 2377 1556 2649 1628; x_wconf 81' lang='grc' dir='ltr'>ἀποθάνῃ.</span> <span class='ocrx_word' id='word_1_330' title='bbox 2681 1557 2918 1625; x_wconf 74' lang='grc' dir='ltr'>Χριστλς</span> <span class='ocrx_word' id='word_1_331' title='bbox 2946 1557 3045 1608; x_wconf 82' lang='grc' dir='ltr'>οὐκ</span> <span class='ocrx_word' id='word_1_332' title='bbox 3090 1555 3500 1627; x_wconf 75' lang='grc' dir='ltr'>ὲνηνθρώπησε.</span> <span class='ocrx_word' id='word_1_333' title='bbox 3529 1556 3701 1607; x_wconf 84' lang='grc' dir='ltr'>Τοῦτο</span> 
     </span>
    </p>
   </div>
   <div class='ocr_carea' id='block_1_46' title="bbox 2114 1647 3703 1713">
    <p class='ocr_par' dir='ltr' id='par_1_46' title="bbox 2114 1647 3703 1713">
     <span class='ocr_line' id='line_1_46' title="bbox 2114 1647 3703 1713; baseline -0.002 -10"><span class='ocrx_word' id='word_1_334' title='bbox 2114 1650 2356 1712; x_wconf 86' lang='grc' dir='ltr'>ἀκούσας</span> <span class='ocrx_word' id='word_1_335' title='bbox 2389 1651 2418 1701; x_wconf 90' lang='lat'><strong>6</strong></span> <span class='ocrx_word' id='word_1_336' title='bbox 2446 1650 2618 1713; x_wconf 84' lang='grc' dir='ltr'>δεινὸς</span> <span class='ocrx_word' id='word_1_337' title='bbox 2644 1651 2871 1712; x_wconf 69' lang='grc' dir='ltr'>ἐκεῖνος,</span> <span class='ocrx_word' id='word_1_338' title='bbox 2907 1648 3003 1701; x_wconf 71' lang='grc' dir='ltr'>καὶ</span> <span class='ocrx_word' id='word_1_339' title='bbox 3033 1649 3201 1712; x_wconf 83' lang='grc' dir='ltr'>πολὺς</span> <span class='ocrx_word' id='word_1_340' title='bbox 3231 1651 3311 1712; x_wconf 85' lang='grc' dir='ltr'><strong>είς</strong></span> <span class='ocrx_word' id='word_1_341' title='bbox 3339 1650 3560 1713; x_wconf 88' lang='grc' dir='ltr'>κακίαν,</span> <span class='ocrx_word' id='word_1_342' title='bbox 3586 1647 3703 1700; x_wconf 77' lang='grc' dir='ltr'>δια-</span> 
     </span>
    </p>
   </div>
   <div class='ocr_carea' id='block_1_47' title="bbox 2115 1740 3699 1811">
    <p class='ocr_par' dir='ltr' id='par_1_47' title="bbox 2115 1740 3699 1811">
     <span class='ocr_line' id='line_1_47' title="bbox 2115 1740 3699 1811; baseline -0.001 -18"><span class='ocrx_word' id='word_1_343' title='bbox 2115 1741 2300 1811; x_wconf 85' lang='grc' dir='ltr'>τεμὼν</span> <span class='ocrx_word' id='word_1_344' title='bbox 2338 1742 2398 1795; x_wconf 76' lang='grc' dir='ltr'>τὸ</span> <span class='ocrx_word' id='word_1_345' title='bbox 2425 1741 2519 1795; x_wconf 87' lang='grc' dir='ltr'><strong>τοῦ</strong></span> <span class='ocrx_word' id='word_1_346' title='bbox 2545 1741 2732 1804; x_wconf 79' lang='grc' dir='ltr'>ἔπους,</span> <span class='ocrx_word' id='word_1_347' title='bbox 2765 1740 3040 1795; x_wconf 84' lang='grc' dir='ltr'>διαϐάλλει</span> <span class='ocrx_word' id='word_1_348' title='bbox 3070 1742 3400 1810; x_wconf 83' lang='grc' dir='ltr'>Σευηριανὸν</span> <span class='ocrx_word' id='word_1_349' title='bbox 3424 1740 3501 1809; x_wconf 84' lang='grc' dir='ltr'><strong>τῷ</strong></span> <span class='ocrx_word' id='word_1_350' title='bbox 3535 1741 3699 1809; x_wconf 82' lang='grc' dir='ltr'>ἁγίῳ,</span> 
     </span>
    </p>
   </div>
   <div class='ocr_carea' id='block_1_48' title="bbox 2117 1830 3702 1902">
    <p class='ocr_par' dir='ltr' id='par_1_48' title="bbox 2117 1830 3702 1902">
     <span class='ocr_line' id='line_1_48' title="bbox 2117 1830 3702 1902; baseline -0.001 -17"><span class='ocrx_word' id='word_1_351' title='bbox 2117 1833 2310 1902; x_wconf 78' lang='grc' dir='ltr'>ἐχθρόν</span> <span class='ocrx_word' id='word_1_352' title='bbox 2335 1850 2395 1886; x_wconf 84' lang='grc' dir='ltr'><strong>τε</strong></span> <span class='ocrx_word' id='word_1_353' title='bbox 2419 1833 2547 1885; x_wconf 74' lang='grc' dir='ltr'>ὄντα</span> <span class='ocrx_word' id='word_1_354' title='bbox 2581 1832 2746 1886; x_wconf 81' lang='grc' dir='ltr'>αὑτοῦ</span> <span class='ocrx_word' id='word_1_355' title='bbox 2780 1834 2873 1885; x_wconf 48' lang='grc' dir='ltr'><strong>καὶ¹</strong></span> <span class='ocrx_word' id='word_1_356' title='bbox 2897 1831 3155 1901; x_wconf 79' lang='grc' dir='ltr'>Χριστοῦ,</span> <span class='ocrx_word' id='word_1_357' title='bbox 3189 1830 3265 1894; x_wconf 85' lang='grc' dir='ltr'>ὼς</span> <span class='ocrx_word' id='word_1_358' title='bbox 3287 1833 3531 1894; x_wconf 88' lang='grc' dir='ltr'>είποντα,</span> <span class='ocrx_word' id='word_1_359' title='bbox 3559 1832 3702 1900; x_wconf 58' lang='lat' dir='ltr'><strong>&quot;Agat</strong></span> 
     </span>
    </p>
   </div>
   <div class='ocr_carea' id='block_1_49' title="bbox 2116 1921 3700 1995">
    <p class='ocr_par' dir='ltr' id='par_1_49' title="bbox 2116 1921 3700 1995">
     <span class='ocr_line' id='line_1_49' title="bbox 2116 1921 3700 1995; baseline -0.003 -18"><span class='ocrx_word' id='word_1_360' title='bbox 2116 1924 2351 1995; x_wconf 74' lang='grc' dir='ltr'>Χριστὸς</span> <span class='ocrx_word' id='word_1_361' title='bbox 2381 1925 2481 1977; x_wconf 81' lang='grc' dir='ltr'>οὐκ</span> <span class='ocrx_word' id='word_1_362' title='bbox 2513 1922 2931 1994; x_wconf 79' lang='grc' dir='ltr'>ὲνηνθρὼπησε,</span> <span class='ocrx_word' id='word_1_363' title='bbox 2960 1923 3244 1992; x_wconf 86' lang='grc' dir='ltr'>μάρτυρας</span> <span class='ocrx_word' id='word_1_364' title='bbox 3282 1921 3375 1974; x_wconf 88' lang='grc' dir='ltr'><strong>τοῦ</strong></span> <span class='ocrx_word' id='word_1_365' title='bbox 3411 1921 3575 1983; x_wconf 81' lang='grc' dir='ltr'>ἔπους</span> <span class='ocrx_word' id='word_1_366' title='bbox 3604 1922 3700 1973; x_wconf 80' lang='grc' dir='ltr'><strong>τοῦ</strong></span> 
     </span>
    </p>
   </div>
   <div class='ocr_carea' id='block_1_50' title="bbox 2118 2012 3701 2084">
    <p class='ocr_par' dir='ltr' id='par_1_50' title="bbox 2118 2012 3701 2084">
     <span class='ocr_line' id='line_1_50' title="bbox 2118 2012 3701 2084; baseline 0 -19"><span class='ocrx_word' id='word_1_367' title='bbox 2118 2014 2339 2083; x_wconf 80' lang='grc' dir='ltr'>στίφους</span> <span class='ocrx_word' id='word_1_368' title='bbox 2389 2013 2585 2067; x_wconf 79' lang='grc' dir='ltr'>ἑαυτοῦ</span> <span class='ocrx_word' id='word_1_369' title='bbox 2627 2013 3086 2084; x_wconf 78' lang='grc' dir='ltr'>προϐαλλόμενος.</span> <span class='ocrx_word' id='word_1_370' title='bbox 3112 2014 3177 2064; x_wconf 88' lang='grc' dir='ltr'><strong>Τί</strong></span> <span class='ocrx_word' id='word_1_371' title='bbox 3220 2012 3312 2065; x_wconf 82' lang='grc' dir='ltr'>οὒν</span> <span class='ocrx_word' id='word_1_372' title='bbox 3343 2012 3448 2065; x_wconf 74' lang='grc' dir='ltr'>ἔδει</span> <span class='ocrx_word' id='word_1_373' title='bbox 3480 2012 3701 2081; x_wconf 79' lang='grc' dir='ltr'>ποιῆσαι</span> 
     </span>
    </p>
   </div>
   <div class='ocr_carea' id='block_1_51' title="bbox 2117 2104 3704 2176">
    <p class='ocr_par' dir='ltr' id='par_1_51' title="bbox 2117 2104 3704 2176">
     <span class='ocr_line' id='line_1_51' title="bbox 2117 2104 3704 2176; baseline -0.002 -18"><span class='ocrx_word' id='word_1_374' title='bbox 2117 2106 2206 2158; x_wconf 68' lang='grc' dir='ltr'>τὸν</span> <span class='ocrx_word' id='word_1_375' title='bbox 2239 2106 2486 2176; x_wconf 79' lang='grc' dir='ltr'>ζηλωτὴν</span> <span class='ocrx_word' id='word_1_376' title='bbox 2514 2106 2721 2158; x_wconf 71' lang='grc' dir='ltr'>δκεῖνον</span> <span class='ocrx_word' id='word_1_377' title='bbox 2762 2105 2971 2171; x_wconf 88' lang='grc' dir='ltr'>Ἠλίαν,</span> <span class='ocrx_word' id='word_1_378' title='bbox 2995 2105 3040 2156; x_wconf 82' lang='grc' dir='ltr'><strong>ὣ</strong></span> <span class='ocrx_word' id='word_1_379' title='bbox 3072 2104 3207 2175; x_wconf 78' lang='grc' dir='ltr'>πρὸς</span> <span class='ocrx_word' id='word_1_380' title='bbox 3235 2105 3331 2171; x_wconf 78' lang='grc' dir='ltr'>τῆς</span> <span class='ocrx_word' id='word_1_381' title='bbox 3357 2104 3704 2173; x_wconf 64' lang='grc' dir='ltr'>δικαιοσύνης</span> 
     </span>
    </p>
   </div>
   <div class='ocr_carea' id='block_1_52' title="bbox 2118 2185 3703 2265">
    <p class='ocr_par' dir='ltr' id='par_1_52' title="bbox 2118 2185 3703 2265">
     <span class='ocr_line' id='line_1_52' title="bbox 2118 2185 3703 2265; baseline -0.003 -17"><span class='ocrx_word' id='word_1_382' title='bbox 2118 2197 2289 2265; x_wconf 83' lang='grc' dir='ltr'>αὐτῆς</span> <span class='ocrx_word' id='word_1_383' title='bbox 2320 2185 2577 2264; x_wconf 78' lang='grc' dir='ltr'>(δεδόσθω</span> <span class='ocrx_word' id='word_1_384' title='bbox 2610 2195 2719 2263; x_wconf 84' lang='grc' dir='ltr'>γὰρ</span> <span class='ocrx_word' id='word_1_385' title='bbox 2756 2193 2929 2257; x_wconf 77' lang='grc' dir='ltr'>οὕτως</span> <span class='ocrx_word' id='word_1_386' title='bbox 2964 2196 3139 2246; x_wconf 73' lang='grc' dir='ltr'>εἰπεῖν</span> <span class='ocrx_word' id='word_1_387' title='bbox 3170 2193 3376 2263; x_wconf 79' lang='grc' dir='ltr'>μεταξὺ</span> <span class='ocrx_word' id='word_1_388' title='bbox 3404 2193 3513 2244; x_wconf 79' lang='grc' dir='ltr'>τῶν</span> <span class='ocrx_word' id='word_1_389' title='bbox 3542 2194 3703 2244; x_wconf 81' lang='grc' dir='ltr'>ἐπαί-</span> 
     </span>
    </p>
   </div>
   <div class='ocr_carea' id='block_1_53' title="bbox 2119 2283 3706 2356">
    <p class='ocr_par' dir='ltr' id='par_1_53' title="bbox 2119 2283 3706 2356">
     <span class='ocr_line' id='line_1_53' title="bbox 2119 2283 3706 2356; baseline -0.002 -17"><span class='ocrx_word' id='word_1_390' title='bbox 2119 2290 2246 2356; x_wconf 86' lang='grc' dir='ltr'>νων)</span> <span class='ocrx_word' id='word_1_391' title='bbox 2268 2303 2281 2350; x_wconf 90' lang='grc'><strong>;</strong></span> <span class='ocrx_word' id='word_1_392' title='bbox 2311 2286 2577 2356; x_wconf 80' lang='grc' dir='ltr'>μεθῆνσαι</span> <span class='ocrx_word' id='word_1_393' title='bbox 2597 2284 2713 2356; x_wconf 77' lang='lat' dir='ltr'><strong>(sic)</strong></span> <span class='ocrx_word' id='word_1_394' title='bbox 2734 2284 2812 2356; x_wconf 80' lang='grc' dir='ltr'>τῷ</span> <span class='ocrx_word' id='word_1_395' title='bbox 2827 2285 3210 2354; x_wconf 79' lang='grc' dir='ltr'>ἀπαγγέλματι</span> <span class='ocrx_word' id='word_1_396' title='bbox 3230 2303 3243 2349; x_wconf 92' lang='grc'>;</span> <span class='ocrx_word' id='word_1_397' title='bbox 3262 2284 3616 2353; x_wconf 80' lang='grc' dir='ltr'>διαπιστῆσαι</span> <span class='ocrx_word' id='word_1_398' title='bbox 3636 2283 3706 2337; x_wconf 70' lang='grc' dir='ltr'>τὰ</span> 
     </span>
    </p>
   </div>
   <div class='ocr_carea' id='block_1_54' title="bbox 2123 2377 3705 2450">
    <p class='ocr_par' dir='ltr' id='par_1_54' title="bbox 2123 2377 3705 2450">
     <span class='ocr_line' id='line_1_54' title="bbox 2123 2377 3705 2450; baseline -0.001 -19"><span class='ocrx_word' id='word_1_399' title='bbox 2123 2381 2580 2450; x_wconf 86' lang='grc' dir='ltr'>μαρτυρούμενα;</span> <span class='ocrx_word' id='word_1_400' title='bbox 2632 2379 2822 2450; x_wconf 82' lang='grc' dir='ltr'>πόρρω</span> <span class='ocrx_word' id='word_1_401' title='bbox 2877 2380 3003 2441; x_wconf 81' lang='grc' dir='ltr'>τοὺς</span> <span class='ocrx_word' id='word_1_402' title='bbox 3055 2377 3217 2448; x_wconf 79' lang='grc' dir='ltr'>δῆθεν</span> <span class='ocrx_word' id='word_1_403' title='bbox 3270 2378 3411 2448; x_wconf 80' lang='grc' dir='ltr'>ὑπὲρ</span> <span class='ocrx_word' id='word_1_404' title='bbox 3465 2377 3705 2449; x_wconf 85' lang='grc' dir='ltr'>Χριστοῦ</span> 
     </span>
    </p>
   </div>
   <div class='ocr_carea' id='block_1_55' title="bbox 2120 2469 3707 2541">
    <p class='ocr_par' dir='ltr' id='par_1_55' title="bbox 2120 2469 3707 2541">
     <span class='ocr_line' id='line_1_55' title="bbox 2120 2469 3707 2541; baseline -0.002 -18"><span class='ocrx_word' id='word_1_405' title='bbox 2120 2470 2417 2534; x_wconf 79' lang='grc' dir='ltr'>λαλοῦντας</span> <span class='ocrx_word' id='word_1_406' title='bbox 2462 2470 3101 2541; x_wconf 83' lang='grc' dir='ltr'>ἀποδιαπομπήσασθαι;</span> <span class='ocrx_word' id='word_1_407' title='bbox 3138 2471 3233 2523; x_wconf 67' lang='grc' dir='ltr'><strong>καὶ</strong></span> <span class='ocrx_word' id='word_1_408' title='bbox 3263 2469 3345 2533; x_wconf 90' lang='grc' dir='ltr'><strong>τίς</strong></span> <span class='ocrx_word' id='word_1_409' title='bbox 3379 2472 3446 2524; x_wconf 81' lang='grc' dir='ltr'>ἂν</span> <span class='ocrx_word' id='word_1_410' title='bbox 3474 2471 3575 2523; x_wconf 79' lang='grc' dir='ltr'>οὐκ</span> <span class='ocrx_word' id='word_1_411' title='bbox 3610 2472 3707 2522; x_wconf 77' lang='grc' dir='ltr'>ἒπ-</span> 
     </span>
    </p>
   </div>
   <div class='ocr_carea' id='block_1_56' title="bbox 2120 2561 3704 2633">
    <p class='ocr_par' dir='ltr' id='par_1_56' title="bbox 2120 2561 3704 2633">
     <span class='ocr_line' id='line_1_56' title="bbox 2120 2561 3704 2633; baseline -0.001 -18"><span class='ocrx_word' id='word_1_412' title='bbox 2120 2563 2443 2630; x_wconf 86' lang='grc' dir='ltr'>εστύγνασε,</span> <span class='ocrx_word' id='word_1_413' title='bbox 2503 2564 2600 2616; x_wconf 70' lang='grc' dir='ltr'>καὶ</span> <span class='ocrx_word' id='word_1_414' title='bbox 2648 2563 3042 2632; x_wconf 78' lang='grc' dir='ltr'>κατεμέμψατο</span> <span class='ocrx_word' id='word_1_415' title='bbox 3085 2561 3179 2614; x_wconf 85' lang='grc' dir='ltr'><strong>τοῦ</strong></span> <span class='ocrx_word' id='word_1_416' title='bbox 3230 2563 3554 2633; x_wconf 81' lang='grc' dir='ltr'>ἀρχιερέως,</span> <span class='ocrx_word' id='word_1_417' title='bbox 3608 2562 3704 2614; x_wconf 80' lang='grc' dir='ltr'><strong>τοῦ</strong></span> 
     </span>
    </p>
   </div>
   <div class='ocr_carea' id='block_1_57' title="bbox 2120 2654 3707 2724">
    <p class='ocr_par' dir='ltr' id='par_1_57' title="bbox 2120 2654 3707 2724">
     <span class='ocr_line' id='line_1_57' title="bbox 2120 2654 3707 2724; baseline 0.001 -18"><span class='ocrx_word' id='word_1_418' title='bbox 2120 2654 2292 2707; x_wconf 81' lang='grc' dir='ltr'>δεινοῦ</span> <span class='ocrx_word' id='word_1_419' title='bbox 2325 2654 2583 2723; x_wconf 78' lang='grc' dir='ltr'>σοφιστοῦ</span> <span class='ocrx_word' id='word_1_420' title='bbox 2622 2654 2731 2707; x_wconf 88' lang='grc' dir='ltr'>τῶν</span> <span class='ocrx_word' id='word_1_421' title='bbox 2757 2656 3032 2717; x_wconf 83' lang='grc' dir='ltr'>τοιούτων,</span> <span class='ocrx_word' id='word_1_422' title='bbox 3056 2655 3159 2708; x_wconf 81' lang='grc' dir='ltr'>κᾶν</span> <span class='ocrx_word' id='word_1_423' title='bbox 3186 2656 3323 2719; x_wconf 88' lang='grc' dir='ltr'>τέως</span> <span class='ocrx_word' id='word_1_424' title='bbox 3360 2655 3604 2724; x_wconf 82' lang='grc' dir='ltr'>ἠγνοεῖτο</span> <span class='ocrx_word' id='word_1_425' title='bbox 3636 2656 3707 2707; x_wconf 83' lang='grc' dir='ltr'>τὰ</span> 
     </span>
    </p>
   </div>
   <div class='ocr_carea' id='block_1_58' title="bbox 2121 2746 3706 2818">
    <p class='ocr_par' dir='ltr' id='par_1_58' title="bbox 2121 2746 3706 2818">
     <span class='ocr_line' id='line_1_58' title="bbox 2121 2746 3706 2818; baseline 0 -19"><span class='ocrx_word' id='word_1_426' title='bbox 2121 2748 2222 2817; x_wconf 83' lang='grc' dir='ltr'>τῆς</span> <span class='ocrx_word' id='word_1_427' title='bbox 2247 2749 2444 2810; x_wconf 84' lang='grc' dir='ltr'>κακίας</span> <span class='ocrx_word' id='word_1_428' title='bbox 2471 2747 2551 2817; x_wconf 83' lang='grc' dir='ltr'><strong>τῷ</strong></span> <span class='ocrx_word' id='word_1_429' title='bbox 2588 2747 2933 2817; x_wconf 84' lang='grc' dir='ltr'>ἀντιστρόφῳ</span> <span class='ocrx_word' id='word_1_430' title='bbox 2963 2746 3060 2800; x_wconf 85' lang='grc' dir='ltr'><strong>τοῦ</strong></span> <span class='ocrx_word' id='word_1_431' title='bbox 3100 2747 3398 2818; x_wconf 81' lang='grc' dir='ltr'>δράματος,</span> <span class='ocrx_word' id='word_1_432' title='bbox 3430 2747 3706 2816; x_wconf 79' lang='grc' dir='ltr'>καταϐοή-</span> 
     </span>
    </p>
   </div>
   <div class='ocr_carea' id='block_1_59' title="bbox 2124 2836 3703 2910">
    <p class='ocr_par' dir='ltr' id='par_1_59' title="bbox 2124 2836 3703 2910">
     <span class='ocr_line' id='line_1_59' title="bbox 2124 2836 3703 2910; baseline 0.001 -20"><span class='ocrx_word' id='word_1_433' title='bbox 2124 2855 2320 2902; x_wconf 86' lang='grc' dir='ltr'>σαντος</span> <span class='ocrx_word' id='word_1_434' title='bbox 2361 2839 2455 2893; x_wconf 87' lang='grc' dir='ltr'><strong>τοῦ</strong></span> <span class='ocrx_word' id='word_1_435' title='bbox 2487 2839 2677 2910; x_wconf 88' lang='grc' dir='ltr'>κριτοῦ</span> <span class='ocrx_word' id='word_1_436' title='bbox 2715 2840 2810 2892; x_wconf 76' lang='grc' dir='ltr'><strong>καὶ</strong></span> <span class='ocrx_word' id='word_1_437' title='bbox 2844 2839 3143 2907; x_wconf 87' lang='grc' dir='ltr'>ποιμένος;</span> <span class='ocrx_word' id='word_1_438' title='bbox 3170 2839 3318 2910; x_wconf 75' lang='grc' dir='ltr'>Πλὴν</span> <span class='ocrx_word' id='word_1_439' title='bbox 3346 2836 3461 2902; x_wconf 79' lang='grc' dir='ltr'>οῦν,</span> <span class='ocrx_word' id='word_1_440' title='bbox 3503 2840 3703 2905; x_wconf 79' lang='grc' dir='ltr'>καθὼς</span> 
     </span>
    </p>
   </div>
   <div class='ocr_carea' id='block_1_60' title="bbox 2122 2929 3707 3000">
    <p class='ocr_par' dir='ltr' id='par_1_60' title="bbox 2122 2929 3707 3000">
     <span class='ocr_line' id='line_1_60' title="bbox 2122 2929 3707 3000; baseline -0.003 -15"><span class='ocrx_word' id='word_1_441' title='bbox 2122 2932 2344 2994; x_wconf 79' lang='grc' dir='ltr'>ἀκούω,</span> <span class='ocrx_word' id='word_1_442' title='bbox 2376 2932 2580 2999; x_wconf 70' lang='grc' dir='ltr'>κρίνω,</span> <span class='ocrx_word' id='word_1_443' title='bbox 2618 2933 2752 3000; x_wconf 67' lang='grc' dir='ltr'>φησι</span> <span class='ocrx_word' id='word_1_444' title='bbox 2795 2930 2875 3000; x_wconf 83' lang='grc' dir='ltr'>τῷ</span> <span class='ocrx_word' id='word_1_445' title='bbox 2915 2930 3014 2999; x_wconf 85' lang='grc' dir='ltr'><strong>βίῳ</strong></span> <span class='ocrx_word' id='word_1_446' title='bbox 3051 2930 3226 2999; x_wconf 84' lang='grc' dir='ltr'>τούτῳ</span> <span class='ocrx_word' id='word_1_447' title='bbox 3253 2930 3349 2983; x_wconf 75' lang='grc' dir='ltr'>καὶ</span> <span class='ocrx_word' id='word_1_448' title='bbox 3381 2929 3459 2998; x_wconf 83' lang='grc' dir='ltr'>τῷ</span> <span class='ocrx_word' id='word_1_449' title='bbox 3495 2932 3707 3000; x_wconf 81' lang='grc' dir='ltr'>σαρκίῳ</span> 
     </span>
    </p>
   </div>
   <div class='ocr_carea' id='block_1_61' title="bbox 2125 3016 3709 3093">
    <p class='ocr_par' dir='ltr' id='par_1_61' title="bbox 2125 3016 3709 3093">
     <span class='ocr_line' id='line_1_61' title="bbox 2125 3016 3709 3093; baseline -0.001 -17"><span class='ocrx_word' id='word_1_450' title='bbox 2125 3024 2205 3076; x_wconf 81' lang='grc' dir='ltr'><strong>ἔτι</strong></span> <span class='ocrx_word' id='word_1_451' title='bbox 2238 3021 2429 3093; x_wconf 83' lang='grc' dir='ltr'>παρὼν</span> <span class='ocrx_word' id='word_1_452' title='bbox 2459 3022 2487 3073; x_wconf 91' lang='lat'><strong>6</strong></span> <span class='ocrx_word' id='word_1_453' title='bbox 2511 3022 2750 3092; x_wconf 84' lang='grc' dir='ltr'>Χριστός</span> <span class='ocrx_word' id='word_1_454' title='bbox 2769 3038 2785 3053; x_wconf 89' lang='grc'><strong>·</strong></span> <span class='ocrx_word' id='word_1_455' title='bbox 2814 3016 2876 3075; x_wconf 75' lang='grc' dir='ltr'>οὗ</span> <span class='ocrx_word' id='word_1_456' title='bbox 2900 3023 2932 3073; x_wconf 90' lang='lat'><strong>6</strong></span> <span class='ocrx_word' id='word_1_457' title='bbox 2959 3020 3208 3091; x_wconf 85' lang='grc' dir='ltr'>μαθητὴς</span> <span class='ocrx_word' id='word_1_458' title='bbox 3235 3020 3335 3091; x_wconf 73' lang='grc' dir='ltr'>τὴν</span> <span class='ocrx_word' id='word_1_459' title='bbox 3365 3021 3546 3090; x_wconf 82' lang='grc' dir='ltr'>κρίσιν</span> <span class='ocrx_word' id='word_1_460' title='bbox 3570 3022 3709 3075; x_wconf 74' lang='grc' dir='ltr'>ἐνδι-</span> 
     </span>
    </p>
   </div>
   <div class='ocr_carea' id='block_1_62' title="bbox 423 3102 2018 3186">
    <p class='ocr_par' dir='ltr' id='par_1_62' title="bbox 423 3102 2018 3177">
     <span class='ocr_line' id='line_1_62' title="bbox 423 3102 2018 3177; baseline -0.006 -15"><span class='ocrx_word' id='word_1_461' title='bbox 423 3111 593 3162; x_wconf 79' lang='lat' dir='ltr'><strong>vitate</strong></span> <span class='ocrx_word' id='word_1_462' title='bbox 617 3108 837 3177; x_wconf 76' lang='lat' dir='ltr'><strong>expellit</strong></span> <span class='ocrx_word' id='word_1_463' title='bbox 865 3106 1250 3168; x_wconf 84' lang='lat' dir='ltr'><strong>Severianum,</strong></span> <span class='ocrx_word' id='word_1_464' title='bbox 1280 3114 1340 3160; x_wconf 90' lang='lat' dir='ltr'><strong>ut</strong></span> <span class='ocrx_word' id='word_1_465' title='bbox 1381 3104 1475 3173; x_wconf 91' lang='lat' dir='ltr'><strong>qui</strong></span> <span class='ocrx_word' id='word_1_466' title='bbox 1506 3102 2018 3172; x_wconf 88' lang='lat' dir='ltr'><strong>blasphemavisset.</strong></span> 
     </span>
    </p>
   </div>
   <div class='ocr_carea' id='block_1_63' title="bbox 2122 3102 3705 3186">
    <p class='ocr_par' dir='ltr' id='par_1_63' title="bbox 2126 3113 3705 3185">
     <span class='ocr_line' id='line_1_63' title="bbox 2126 3113 3705 3185; baseline -0.001 -16"><span class='ocrx_word' id='word_1_467' title='bbox 2126 3134 2221 3169; x_wconf 88' lang='grc' dir='ltr'><strong>κον</strong></span> <span class='ocrx_word' id='word_1_468' title='bbox 2259 3115 2459 3168; x_wconf 76' lang='grc' dir='ltr'>οὑτωσὶ</span> <span class='ocrx_word' id='word_1_469' title='bbox 2491 3116 2894 3185; x_wconf 81' lang='grc' dir='ltr'>ποιησάμενος,</span> <span class='ocrx_word' id='word_1_470' title='bbox 2935 3115 3096 3185; x_wconf 77' lang='grc' dir='ltr'>ὲξελᾷ</span> <span class='ocrx_word' id='word_1_471' title='bbox 3125 3113 3225 3183; x_wconf 87' lang='grc' dir='ltr'>τῆς</span> <span class='ocrx_word' id='word_1_472' title='bbox 3277 3115 3484 3177; x_wconf 89' lang='grc' dir='ltr'>πόλεως</span> <span class='ocrx_word' id='word_1_473' title='bbox 3532 3116 3705 3182; x_wconf 80' lang='grc' dir='ltr'>Σευη-</span> 
     </span>
    </p>
   </div>
   <div class='ocr_carea' id='block_1_64' title="bbox 422 3192 2024 3269">
    <p class='ocr_par' dir='ltr' id='par_1_64' title="bbox 422 3192 2024 3269">
     <span class='ocr_line' id='line_1_64' title="bbox 422 3192 2024 3269; baseline -0.004 -15"><span class='ocrx_word' id='word_1_474' title='bbox 422 3201 597 3266; x_wconf 83' lang='lat' dir='ltr'><strong>Quem</strong></span> <span class='ocrx_word' id='word_1_475' title='bbox 625 3214 771 3261; x_wconf 89' lang='lat' dir='ltr'><strong>cum,</strong></span> <span class='ocrx_word' id='word_1_476' title='bbox 807 3213 928 3269; x_wconf 72' lang='lat' dir='ltr'><strong>qua:</strong></span> <span class='ocrx_word' id='word_1_477' title='bbox 958 3205 1092 3252; x_wconf 87' lang='lat' dir='ltr'><strong>tunc</strong></span> <span class='ocrx_word' id='word_1_478' title='bbox 1121 3196 1429 3267; x_wconf 85' lang='lat' dir='ltr'><strong>imperabat</strong></span> <span class='ocrx_word' id='word_1_479' title='bbox 1465 3196 1607 3263; x_wconf 89' lang='lat' dir='ltr'><strong>(erat</strong></span> <span class='ocrx_word' id='word_1_480' title='bbox 1625 3203 1809 3248; x_wconf 87' lang='lat' dir='ltr'><strong>autem</strong></span> <span class='ocrx_word' id='word_1_481' title='bbox 1841 3192 2024 3247; x_wconf 89' lang='lat' dir='ltr'><strong>Eudo-</strong></span> 
     </span>
    </p>
   </div>
   <div class='ocr_carea' id='block_1_65' title="bbox 426 3283 2024 3357">
    <p class='ocr_par' dir='ltr' id='par_1_65' title="bbox 426 3283 2024 3357">
     <span class='ocr_line' id='line_1_65' title="bbox 426 3283 2024 3357; baseline -0.003 -13"><span class='ocrx_word' id='word_1_482' title='bbox 426 3291 566 3357; x_wconf 70' lang='grc' dir='ltr'>κισ),</span> <span class='ocrx_word' id='word_1_483' title='bbox 589 3291 701 3344; x_wconf 65' lang='lat' dir='ltr'><strong>haec</strong></span> <span class='ocrx_word' id='word_1_484' title='bbox 716 3290 1015 3344; x_wconf 86' lang='lat' dir='ltr'><strong>audivisset</strong></span> <span class='ocrx_word' id='word_1_485' title='bbox 1039 3303 1163 3343; x_wconf 89' lang='lat' dir='ltr'><strong>esse</strong></span> <span class='ocrx_word' id='word_1_486' title='bbox 1179 3302 1427 3356; x_wconf 88' lang='lat' dir='ltr'><strong>passum,</strong></span> <span class='ocrx_word' id='word_1_487' title='bbox 1449 3288 1644 3341; x_wconf 89' lang='lat' dir='ltr'><strong>tollens</strong></span> <span class='ocrx_word' id='word_1_488' title='bbox 1662 3285 1829 3339; x_wconf 90' lang='lat' dir='ltr'><strong>ﬁlium</strong></span> <span class='ocrx_word' id='word_1_489' title='bbox 1851 3283 2024 3339; x_wconf 87' lang='lat' dir='ltr'><strong>Theo-</strong></span> 
     </span>
    </p>
   </div>
   <div class='ocr_carea' id='block_1_66' title="bbox 423 3374 2021 3449">
    <p class='ocr_par' dir='ltr' id='par_1_66' title="bbox 423 3374 2021 3449">
     <span class='ocr_line' id='line_1_66' title="bbox 423 3374 2021 3449; baseline -0.004 -14"><span class='ocrx_word' id='word_1_490' title='bbox 423 3382 643 3435; x_wconf 85' lang='lat' dir='ltr'><strong>dosium</strong></span> <span class='ocrx_word' id='word_1_491' title='bbox 663 3381 821 3449; x_wconf 88' lang='lat' dir='ltr'><strong>plane</strong></span> <span class='ocrx_word' id='word_1_492' title='bbox 836 3377 1318 3439; x_wconf 81' lang='lat' dir='ltr'><strong>adhucinfantem,</strong></span> <span class='ocrx_word' id='word_1_493' title='bbox 1347 3391 1473 3431; x_wconf 87' lang='lat' dir='ltr'><strong>eum</strong></span> <span class='ocrx_word' id='word_1_494' title='bbox 1502 3374 1658 3445; x_wconf 90' lang='lat' dir='ltr'><strong>ponit</strong></span> <span class='ocrx_word' id='word_1_495' title='bbox 1684 3382 1811 3429; x_wconf 88' lang='lat' dir='ltr'><strong>ante</strong></span> <span class='ocrx_word' id='word_1_496' title='bbox 1844 3374 2021 3429; x_wconf 89' lang='lat' dir='ltr'><strong>sancti</strong></span> 
     </span>
    </p>
   </div>
   <div class='ocr_carea' id='block_1_67' title="bbox 426 3468 2026 3543">
    <p class='ocr_par' dir='ltr' id='par_1_67' title="bbox 426 3468 2026 3543">
     <span class='ocr_line' id='line_1_67' title="bbox 426 3468 2026 3543; baseline -0.004 -15"><span class='ocrx_word' id='word_1_497' title='bbox 426 3474 614 3543; x_wconf 85' lang='lat' dir='ltr'><strong>pedes,</strong></span> <span class='ocrx_word' id='word_1_498' title='bbox 675 3484 729 3527; x_wconf 92' lang='lat' dir='ltr'><strong>et</strong></span> <span class='ocrx_word' id='word_1_499' title='bbox 774 3472 1029 3541; x_wconf 86' lang='lat' dir='ltr'><strong>plurimis</strong></span> <span class='ocrx_word' id='word_1_500' title='bbox 1077 3471 1273 3525; x_wconf 90' lang='lat' dir='ltr'><strong>adacto</strong></span> <span class='ocrx_word' id='word_1_501' title='bbox 1324 3469 1685 3523; x_wconf 86' lang='lat' dir='ltr'><strong>sacramentis</strong></span> <span class='ocrx_word' id='word_1_502' title='bbox 1731 3468 2026 3537; x_wconf 87' lang='lat' dir='ltr'><strong>persuadet</strong></span> 
     </span>
    </p>
   </div>
   <div class='ocr_carea' id='block_1_68' title="bbox 426 3558 2025 3637">
    <p class='ocr_par' dir='ltr' id='par_1_68' title="bbox 426 3558 2025 3637">
     <span class='ocr_line' id='line_1_68' title="bbox 426 3558 2025 3637; baseline -0.004 -18"><span class='ocrx_word' id='word_1_503' title='bbox 426 3565 704 3637; x_wconf 75' lang='lat' dir='ltr'><strong>pontiﬁci,</strong></span> <span class='ocrx_word' id='word_1_504' title='bbox 741 3574 796 3617; x_wconf 87' lang='lat' dir='ltr'><strong>ut</strong></span> <span class='ocrx_word' id='word_1_505' title='bbox 830 3579 956 3617; x_wconf 90' lang='lat' dir='ltr'><strong>cum</strong></span> <span class='ocrx_word' id='word_1_506' title='bbox 988 3561 1286 3617; x_wconf 85' lang='lat' dir='ltr'><strong>Severiano</strong></span> <span class='ocrx_word' id='word_1_507' title='bbox 1316 3562 1467 3614; x_wconf 85' lang='lat' dir='ltr'><strong>ineat</strong></span> <span class='ocrx_word' id='word_1_508' title='bbox 1494 3560 1819 3613; x_wconf 87' lang='lat' dir='ltr'><strong>amicitiam.</strong></span> <span class='ocrx_word' id='word_1_509' title='bbox 1858 3558 2025 3613; x_wconf 81' lang='lat' dir='ltr'><strong>Seve—</strong></span> 
     </span>
    </p>
   </div>
   <div class='ocr_carea' id='block_1_69' title="bbox 432 3650 2024 3724">
    <p class='ocr_par' dir='ltr' id='par_1_69' title="bbox 432 3650 2024 3724">
     <span class='ocr_line' id='line_1_69' title="bbox 432 3650 2024 3724; baseline -0.006 -14"><span class='ocrx_word' id='word_1_510' title='bbox 432 3660 631 3712; x_wconf 85' lang='lat' dir='ltr'><strong>rianus</strong></span> <span class='ocrx_word' id='word_1_511' title='bbox 657 3671 786 3711; x_wconf 88' lang='lat' dir='ltr'><strong>vero</strong></span> <span class='ocrx_word' id='word_1_512' title='bbox 807 3655 1104 3710; x_wconf 86' lang='lat' dir='ltr'><strong>amicitiam</strong></span> <span class='ocrx_word' id='word_1_513' title='bbox 1131 3653 1353 3724; x_wconf 88' lang='lat' dir='ltr'><strong>quidem</strong></span> <span class='ocrx_word' id='word_1_514' title='bbox 1385 3653 1632 3714; x_wconf 87' lang='lat' dir='ltr'><strong>simulat,</strong></span> <span class='ocrx_word' id='word_1_515' title='bbox 1658 3650 1895 3704; x_wconf 71' lang='lat' dir='ltr'><strong>belluam</strong></span> <span class='ocrx_word' id='word_1_516' title='bbox 1927 3666 2024 3703; x_wconf 78' lang='grc' dir='ltr'>ιιιιι-</span> 
     </span>
    </p>
   </div>
   <div class='ocr_carea' id='block_1_70' title="bbox 430 3742 2023 3816">
    <p class='ocr_par' dir='ltr' id='par_1_70' title="bbox 430 3742 2023 3816">
     <span class='ocr_line' id='line_1_70' title="bbox 430 3742 2023 3816; baseline -0.004 -14"><span class='ocrx_word' id='word_1_517' title='bbox 430 3760 541 3803; x_wconf 85' lang='lat' dir='ltr'><strong>tetu</strong></span> <span class='ocrx_word' id='word_1_518' title='bbox 579 3748 993 3802; x_wconf 86' lang='lat' dir='ltr'><strong>inimicitiarum</strong></span> <span class='ocrx_word' id='word_1_519' title='bbox 1035 3747 1160 3816; x_wconf 76' lang='lat' dir='ltr'><strong>agni</strong></span> <span class='ocrx_word' id='word_1_520' title='bbox 1199 3745 1338 3814; x_wconf 88' lang='lat' dir='ltr'><strong>pelle</strong></span> <span class='ocrx_word' id='word_1_521' title='bbox 1371 3744 1636 3810; x_wconf 78' lang='lat' dir='ltr'><strong>contegit,</strong></span> <span class='ocrx_word' id='word_1_522' title='bbox 1667 3751 1721 3795; x_wconf 89' lang='lat' dir='ltr'><strong>et</strong></span> <span class='ocrx_word' id='word_1_523' title='bbox 1753 3742 2023 3795; x_wconf 85' lang='lat' dir='ltr'><strong>adversus</strong></span> 
     </span>
    </p>
   </div>
   <div class='ocr_carea' id='block_1_71' title="bbox 433 3832 2028 3909">
    <p class='ocr_par' dir='ltr' id='par_1_71' title="bbox 433 3832 2028 3909">
     <span class='ocr_line' id='line_1_71' title="bbox 433 3832 2028 3909; baseline -0.004 -18"><span class='ocrx_word' id='word_1_524' title='bbox 433 3848 712 3909; x_wconf 82' lang='lat' dir='ltr'><strong>pastorem</strong></span> <span class='ocrx_word' id='word_1_525' title='bbox 739 3839 883 3892; x_wconf 80' lang='lat' dir='ltr'><strong>facta</strong></span> <span class='ocrx_word' id='word_1_526' title='bbox 925 3838 1358 3907; x_wconf 86' lang='lat' dir='ltr'><strong>conspiratione,</strong></span> <span class='ocrx_word' id='word_1_527' title='bbox 1387 3850 1497 3889; x_wconf 90' lang='lat' dir='ltr'><strong>non</strong></span> <span class='ocrx_word' id='word_1_528' title='bbox 1526 3835 1670 3888; x_wconf 85' lang='lat' dir='ltr'><strong>leves</strong></span> <span class='ocrx_word' id='word_1_529' title='bbox 1691 3832 1834 3902; x_wconf 86' lang='lat' dir='ltr'><strong>apud</strong></span> <span class='ocrx_word' id='word_1_530' title='bbox 1853 3846 2028 3903; x_wconf 87' lang='lat' dir='ltr'><strong>popu-</strong></span> 
     </span>
    </p>
   </div>
   <div class='ocr_carea' id='block_1_72' title="bbox 430 3926 2023 4002">
    <p class='ocr_par' dir='ltr' id='par_1_72' title="bbox 430 3926 2023 4002">
     <span class='ocr_line' id='line_1_72' title="bbox 430 3926 2023 4002; baseline -0.003 -18"><span class='ocrx_word' id='word_1_531' title='bbox 430 3934 543 3987; x_wconf 88' lang='lat' dir='ltr'><strong>lum</strong></span> <span class='ocrx_word' id='word_1_532' title='bbox 572 3931 838 4002; x_wconf 79' lang='lat' dir='ltr'><strong>dispergit</strong></span> <span class='ocrx_word' id='word_1_533' title='bbox 857 3932 1191 3990; x_wconf 88' lang='lat' dir='ltr'><strong>calumnias,</strong></span> <span class='ocrx_word' id='word_1_534' title='bbox 1216 3930 1285 3993; x_wconf 87' lang='lat' dir='ltr'><strong>de</strong></span> <span class='ocrx_word' id='word_1_535' title='bbox 1310 3928 1559 3981; x_wconf 91' lang='lat' dir='ltr'><strong>omnium</strong></span> <span class='ocrx_word' id='word_1_536' title='bbox 1587 3940 1777 3979; x_wconf 88' lang='lat' dir='ltr'><strong>amore</strong></span> <span class='ocrx_word' id='word_1_537' title='bbox 1804 3926 1859 3979; x_wconf 90' lang='lat' dir='ltr'><strong>in</strong></span> <span class='ocrx_word' id='word_1_538' title='bbox 1884 3940 2023 3995; x_wconf 87' lang='lat' dir='ltr'><strong>pon-</strong></span> 
     </span>
    </p>
   </div>
   <div class='ocr_carea' id='block_1_73' title="bbox 429 4017 2024 4091">
    <p class='ocr_par' dir='ltr' id='par_1_73' title="bbox 429 4017 2024 4091">
     <span class='ocr_line' id='line_1_73' title="bbox 429 4017 2024 4091; baseline -0.004 -14"><span class='ocrx_word' id='word_1_539' title='bbox 429 4024 634 4078; x_wconf 87' lang='lat' dir='ltr'><strong>tiﬁcem</strong></span> <span class='ocrx_word' id='word_1_540' title='bbox 692 4022 927 4076; x_wconf 86' lang='lat' dir='ltr'><strong>moliens</strong></span> <span class='ocrx_word' id='word_1_541' title='bbox 974 4023 1273 4091; x_wconf 86' lang='lat' dir='ltr'><strong>plurimum</strong></span> <span class='ocrx_word' id='word_1_542' title='bbox 1340 4019 1649 4074; x_wconf 86' lang='lat' dir='ltr'><strong>detrahere.</strong></span> <span class='ocrx_word' id='word_1_543' title='bbox 1702 4017 1794 4071; x_wconf 89' lang='lat' dir='ltr'><strong>Ille</strong></span> <span class='ocrx_word' id='word_1_544' title='bbox 1840 4026 2024 4071; x_wconf 90' lang='lat' dir='ltr'><strong>autem</strong></span> 
     </span>
    </p>
   </div>
   <div class='ocr_carea' id='block_1_74' title="bbox 428 4110 2022 4181">
    <p class='ocr_par' dir='ltr' id='par_1_74' title="bbox 428 4110 2022 4181">
     <span class='ocr_line' id='line_1_74' title="bbox 428 4110 2022 4181; baseline -0.004 -12"><span class='ocrx_word' id='word_1_545' title='bbox 428 4115 737 4169; x_wconf 84' lang='lat' dir='ltr'><strong>calumnias</strong></span> <span class='ocrx_word' id='word_1_546' title='bbox 761 4114 1008 4181; x_wconf 87' lang='lat' dir='ltr'><strong>quidem,</strong></span> <span class='ocrx_word' id='word_1_547' title='bbox 1038 4127 1160 4181; x_wconf 68' lang='lat' dir='ltr'><strong>quae</strong></span> <span class='ocrx_word' id='word_1_548' title='bbox 1183 4115 1238 4165; x_wconf 89' lang='lat' dir='ltr'><strong>iu</strong></span> <span class='ocrx_word' id='word_1_549' title='bbox 1270 4126 1397 4164; x_wconf 92' lang='lat' dir='ltr'><strong>eum</strong></span> <span class='ocrx_word' id='word_1_550' title='bbox 1426 4110 1803 4173; x_wconf 85' lang='lat' dir='ltr'><strong>struebantur,</strong></span> <span class='ocrx_word' id='word_1_551' title='bbox 1830 4123 2022 4177; x_wconf 85' lang='lat' dir='ltr'><strong>parum</strong></span> 
     </span>
    </p>
   </div>
   <div class='ocr_carea' id='block_1_75' title="bbox 430 4200 2025 4266">
    <p class='ocr_par' dir='ltr' id='par_1_75' title="bbox 430 4200 2025 4266">
     <span class='ocr_line' id='line_1_75' title="bbox 430 4200 2025 4266; baseline -0.006 -5"><span class='ocrx_word' id='word_1_552' title='bbox 430 4217 525 4263; x_wconf 86' lang='lat' dir='ltr'><strong>aut</strong></span> <span class='ocrx_word' id='word_1_553' title='bbox 572 4207 711 4259; x_wconf 91' lang='lat' dir='ltr'><strong>nihil</strong></span> <span class='ocrx_word' id='word_1_554' title='bbox 746 4207 972 4261; x_wconf 85' lang='lat' dir='ltr'><strong>omnino</strong></span> <span class='ocrx_word' id='word_1_555' title='bbox 1012 4206 1240 4260; x_wconf 86' lang='lat' dir='ltr'><strong>curabat</strong></span> <span class='ocrx_word' id='word_1_556' title='bbox 1273 4219 1288 4266; x_wconf 91' lang='lat'><strong>;</strong></span> <span class='ocrx_word' id='word_1_557' title='bbox 1332 4202 1477 4256; x_wconf 71' lang='lat' dir='ltr'><strong>fama</strong></span> <span class='ocrx_word' id='word_1_558' title='bbox 1508 4216 1640 4255; x_wconf 90' lang='lat' dir='ltr'><strong>vero</strong></span> <span class='ocrx_word' id='word_1_559' title='bbox 1696 4215 1809 4254; x_wconf 69' lang='lat' dir='ltr'><strong>suae</strong></span> <span class='ocrx_word' id='word_1_560' title='bbox 1841 4201 1898 4253; x_wconf 90' lang='lat' dir='ltr'><strong>in</strong></span> <span class='ocrx_word' id='word_1_561' title='bbox 1938 4200 2025 4253; x_wconf 83' lang='lat' dir='ltr'><strong>di-</strong></span> 
     </span>
    </p>
   </div>
   <div class='ocr_carea' id='block_1_76' title="bbox 428 4292 2023 4367">
    <p class='ocr_par' dir='ltr' id='par_1_76' title="bbox 428 4292 2023 4367">
     <span class='ocr_line' id='line_1_76' title="bbox 428 4292 2023 4367; baseline -0.007 -13"><span class='ocrx_word' id='word_1_562' title='bbox 428 4299 602 4354; x_wconf 84' lang='lat' dir='ltr'><strong>cendo</strong></span> <span class='ocrx_word' id='word_1_563' title='bbox 638 4298 825 4367; x_wconf 74' lang='lat' dir='ltr'><strong>gloriae</strong></span> <span class='ocrx_word' id='word_1_564' title='bbox 867 4306 923 4351; x_wconf 92' lang='lat' dir='ltr'><strong>et</strong></span> <span class='ocrx_word' id='word_1_565' title='bbox 975 4298 1203 4350; x_wconf 89' lang='lat' dir='ltr'><strong>alterius</strong></span> <span class='ocrx_word' id='word_1_566' title='bbox 1259 4295 1537 4357; x_wconf 86' lang='lat' dir='ltr'><strong>utilitatis,</strong></span> <span class='ocrx_word' id='word_1_567' title='bbox 1609 4292 1899 4356; x_wconf 80' lang='lat' dir='ltr'><strong>eﬁiciebat,</strong></span> <span class='ocrx_word' id='word_1_568' title='bbox 1959 4298 2023 4344; x_wconf 87' lang='lat' dir='ltr'><strong>ut</strong></span> 
     </span>
    </p>
   </div>
   <div class='ocr_carea' id='block_1_77' title="bbox 2131 3205 3709 3278">
    <p class='ocr_par' dir='ltr' id='par_1_77' title="bbox 2131 3205 3709 3278">
     <span class='ocr_line' id='line_1_77' title="bbox 2131 3205 3709 3278; baseline 0 -20"><span class='ocrx_word' id='word_1_569' title='bbox 2131 3208 2333 3278; x_wconf 84' lang='grc' dir='ltr'>ριανὸν,</span> <span class='ocrx_word' id='word_1_570' title='bbox 2376 3206 2452 3269; x_wconf 85' lang='grc' dir='ltr'>ὡς</span> <span class='ocrx_word' id='word_1_571' title='bbox 2482 3206 2644 3275; x_wconf 80' lang='grc' dir='ltr'>δῆθεν</span> <span class='ocrx_word' id='word_1_572' title='bbox 2673 3205 3162 3276; x_wconf 81' lang='grc' dir='ltr'>βλασφημήσαντα.</span> <span class='ocrx_word' id='word_1_573' title='bbox 3200 3206 3297 3258; x_wconf 70' lang='lat' dir='ltr'><strong>“Ov</strong></span> <span class='ocrx_word' id='word_1_574' title='bbox 3339 3208 3371 3275; x_wconf 81' lang='grc' dir='ltr'>ὴ</span> <span class='ocrx_word' id='word_1_575' title='bbox 3410 3205 3709 3275; x_wconf 83' lang='grc' dir='ltr'>τηνικαῦτα</span> 
     </span>
    </p>
   </div>
   <div class='ocr_carea' id='block_1_78' title="bbox 2128 3294 3713 3370">
    <p class='ocr_par' dir='ltr' id='par_1_78' title="bbox 2128 3294 3713 3370">
     <span class='ocr_line' id='line_1_78' title="bbox 2128 3294 3713 3370; baseline 0 -19"><span class='ocrx_word' id='word_1_576' title='bbox 2128 3299 2404 3369; x_wconf 86' lang='grc' dir='ltr'>κρατοῦσα</span> <span class='ocrx_word' id='word_1_577' title='bbox 2459 3298 2707 3370; x_wconf 81' lang='grc' dir='ltr'>(Εὑδοξία</span> <span class='ocrx_word' id='word_1_578' title='bbox 2746 3298 2802 3350; x_wconf 82' lang='grc' dir='ltr'>δὲ</span> <span class='ocrx_word' id='word_1_579' title='bbox 2848 3294 2963 3369; x_wconf 78' lang='grc' dir='ltr'>ἦν),</span> <span class='ocrx_word' id='word_1_580' title='bbox 2993 3298 3286 3366; x_wconf 80' lang='grc' dir='ltr'>διαγνοῦσα</span> <span class='ocrx_word' id='word_1_581' title='bbox 3326 3300 3553 3351; x_wconf 84' lang='grc' dir='ltr'>τοιαῦτα</span> <span class='ocrx_word' id='word_1_582' title='bbox 3608 3316 3713 3351; x_wconf 82' lang='grc' dir='ltr'>πα-</span> 
     </span>
    </p>
   </div>
   <div class='ocr_carea' id='block_1_79' title="bbox 2128 3388 3710 3461">
    <p class='ocr_par' dir='ltr' id='par_1_79' title="bbox 2128 3388 3710 3461">
     <span class='ocr_line' id='line_1_79' title="bbox 2128 3388 3710 3461; baseline 0.001 -18"><span class='ocrx_word' id='word_1_583' title='bbox 2128 3391 2310 3453; x_wconf 82' lang='grc' dir='ltr'>θόντα,</span> <span class='ocrx_word' id='word_1_584' title='bbox 2360 3391 2610 3459; x_wconf 81' lang='grc' dir='ltr'>ἀραμένη</span> <span class='ocrx_word' id='word_1_585' title='bbox 2653 3390 2745 3442; x_wconf 78' lang='grc' dir='ltr'>τὸν</span> <span class='ocrx_word' id='word_1_586' title='bbox 2779 3389 2893 3442; x_wconf 72' lang='grc' dir='ltr'>υἱὸν</span> <span class='ocrx_word' id='word_1_587' title='bbox 2937 3388 3217 3442; x_wconf 81' lang='grc' dir='ltr'>Θεοδόσιον</span> <span class='ocrx_word' id='word_1_588' title='bbox 3265 3391 3460 3460; x_wconf 83' lang='grc' dir='ltr'>κομιδῇ</span> <span class='ocrx_word' id='word_1_589' title='bbox 3513 3391 3710 3461; x_wconf 80' lang='grc' dir='ltr'>νηπιά-</span> 
     </span>
    </p>
   </div>
   <div class='ocr_carea' id='block_1_80' title="bbox 2130 3480 3708 3554">
    <p class='ocr_par' dir='ltr' id='par_1_80' title="bbox 2130 3480 3708 3554">
     <span class='ocr_line' id='line_1_80' title="bbox 2130 3480 3708 3554; baseline -0.001 -20"><span class='ocrx_word' id='word_1_590' title='bbox 2130 3483 2311 3546; x_wconf 79' lang='grc' dir='ltr'>ξοντα,</span> <span class='ocrx_word' id='word_1_591' title='bbox 2336 3480 2431 3534; x_wconf 85' lang='grc' dir='ltr'><strong>τοῦ</strong></span> <span class='ocrx_word' id='word_1_592' title='bbox 2472 3482 2626 3549; x_wconf 83' lang='grc' dir='ltr'>ἁγίου</span> <span class='ocrx_word' id='word_1_593' title='bbox 2671 3484 2783 3541; x_wconf 83' lang='grc' dir='ltr'>τοῖς</span> <span class='ocrx_word' id='word_1_594' title='bbox 2814 3483 3001 3549; x_wconf 76' lang='grc' dir='ltr'>γόνασι</span> <span class='ocrx_word' id='word_1_595' title='bbox 3039 3482 3232 3552; x_wconf 75' lang='grc' dir='ltr'>τίθησι,</span> <span class='ocrx_word' id='word_1_596' title='bbox 3270 3482 3363 3536; x_wconf 72' lang='grc' dir='ltr'>καὶ</span> <span class='ocrx_word' id='word_1_597' title='bbox 3396 3483 3579 3554; x_wconf 80' lang='grc' dir='ltr'>ὅρκοις</span> <span class='ocrx_word' id='word_1_598' title='bbox 3625 3484 3708 3536; x_wconf 79' lang='grc' dir='ltr'>ὅτι</span> 
     </span>
    </p>
   </div>
   <div class='ocr_carea' id='block_1_81' title="bbox 2130 3566 3709 3645">
    <p class='ocr_par' dir='ltr' id='par_1_81' title="bbox 2130 3566 3709 3645">
     <span class='ocr_line' id='line_1_81' title="bbox 2130 3566 3709 3645; baseline 0 -19"><span class='ocrx_word' id='word_1_599' title='bbox 2130 3574 2406 3635; x_wconf 80' lang='grc' dir='ltr'>πλείστοις</span> <span class='ocrx_word' id='word_1_600' title='bbox 2437 3573 2615 3626; x_wconf 82' lang='grc' dir='ltr'>πείθει</span> <span class='ocrx_word' id='word_1_601' title='bbox 2661 3573 2753 3626; x_wconf 81' lang='grc' dir='ltr'>τὸν</span> <span class='ocrx_word' id='word_1_602' title='bbox 2778 3572 3039 3643; x_wconf 78' lang='grc' dir='ltr'>ἀρχιερέα</span> <span class='ocrx_word' id='word_1_603' title='bbox 3074 3572 3321 3642; x_wconf 74' lang='grc' dir='ltr'>φιλιὰσαι</span> <span class='ocrx_word' id='word_1_604' title='bbox 3366 3574 3500 3645; x_wconf 75' lang='grc' dir='ltr'>πρὸς</span> <span class='ocrx_word' id='word_1_605' title='bbox 3536 3566 3709 3642; x_wconf 56' lang='grc' dir='ltr'>Σευηέ</span> 
     </span>
    </p>
   </div>
   <div class='ocr_carea' id='block_1_82' title="bbox 2134 3661 3711 3734">
    <p class='ocr_par' dir='ltr' id='par_1_82' title="bbox 2134 3661 3711 3734">
     <span class='ocr_line' id='line_1_82' title="bbox 2134 3661 3711 3734; baseline 0.001 -19"><span class='ocrx_word' id='word_1_606' title='bbox 2134 3663 2338 3733; x_wconf 89' lang='grc' dir='ltr'>ριανόν.</span> <span class='ocrx_word' id='word_1_607' title='bbox 2382 3663 2440 3714; x_wconf 87' lang='grc' dir='ltr'>Ὀ</span> <span class='ocrx_word' id='word_1_608' title='bbox 2473 3662 2532 3715; x_wconf 80' lang='grc' dir='ltr'>δὲ</span> <span class='ocrx_word' id='word_1_609' title='bbox 2572 3662 2903 3731; x_wconf 82' lang='grc' dir='ltr'>Σευηριανὸς</span> <span class='ocrx_word' id='word_1_610' title='bbox 2946 3661 3044 3732; x_wconf 81' lang='grc' dir='ltr'>τὴν</span> <span class='ocrx_word' id='word_1_611' title='bbox 3098 3664 3195 3732; x_wconf 85' lang='grc' dir='ltr'>μὲν</span> <span class='ocrx_word' id='word_1_612' title='bbox 3234 3662 3416 3731; x_wconf 80' lang='grc' dir='ltr'>φιλίαν</span> <span class='ocrx_word' id='word_1_613' title='bbox 3453 3665 3711 3734; x_wconf 83' lang='grc' dir='ltr'>ὑποκορί-</span> 
     </span>
    </p>
   </div>
   <div class='ocr_carea' id='block_1_83' title="bbox 2133 3755 3712 3828">
    <p class='ocr_par' dir='ltr' id='par_1_83' title="bbox 2133 3755 3712 3828">
     <span class='ocr_line' id='line_1_83' title="bbox 2133 3755 3712 3828; baseline 0.001 -21"><span class='ocrx_word' id='word_1_614' title='bbox 2133 3755 2304 3819; x_wconf 79' lang='grc' dir='ltr'>ζεται,</span> <span class='ocrx_word' id='word_1_615' title='bbox 2338 3756 2398 3807; x_wconf 88' lang='grc' dir='ltr'>τὸ</span> <span class='ocrx_word' id='word_1_616' title='bbox 2425 3755 2482 3808; x_wconf 82' lang='grc' dir='ltr'>δὲ</span> <span class='ocrx_word' id='word_1_617' title='bbox 2514 3755 2703 3827; x_wconf 88' lang='grc' dir='ltr'>θηρίον</span> <span class='ocrx_word' id='word_1_618' title='bbox 2732 3756 2831 3826; x_wconf 86' lang='grc' dir='ltr'>τῆς</span> <span class='ocrx_word' id='word_1_619' title='bbox 2867 3755 3066 3825; x_wconf 84' lang='grc' dir='ltr'>ἔχθρας</span> <span class='ocrx_word' id='word_1_620' title='bbox 3106 3755 3197 3809; x_wconf 83' lang='grc' dir='ltr'><strong>τοῦ</strong></span> <span class='ocrx_word' id='word_1_621' title='bbox 3229 3758 3400 3824; x_wconf 84' lang='grc' dir='ltr'>ἀμνοῦ</span> <span class='ocrx_word' id='word_1_622' title='bbox 3427 3757 3503 3828; x_wconf 83' lang='grc' dir='ltr'><strong>τῷ</strong></span> <span class='ocrx_word' id='word_1_623' title='bbox 3533 3760 3712 3828; x_wconf 73' lang='grc' dir='ltr'>κωδίῳ</span> 
     </span>
    </p>
   </div>
   <div class='ocr_carea' id='block_1_84' title="bbox 2133 3848 3710 3918">
    <p class='ocr_par' dir='ltr' id='par_1_84' title="bbox 2133 3848 3710 3918">
     <span class='ocr_line' id='line_1_84' title="bbox 2133 3848 3710 3918; baseline 0.001 -19"><span class='ocrx_word' id='word_1_624' title='bbox 2133 3848 2530 3918; x_wconf 85' lang='grc' dir='ltr'>περικαλύπτει</span> <span class='ocrx_word' id='word_1_625' title='bbox 2557 3864 2569 3877; x_wconf 93' lang='grc'><strong>·</strong></span> <span class='ocrx_word' id='word_1_626' title='bbox 2602 3849 2698 3901; x_wconf 71' lang='grc' dir='ltr'>καὶ</span> <span class='ocrx_word' id='word_1_627' title='bbox 2730 3848 2965 3918; x_wconf 86' lang='grc' dir='ltr'>φατρίαν</span> <span class='ocrx_word' id='word_1_628' title='bbox 3000 3848 3413 3917; x_wconf 78' lang='grc' dir='ltr'>συστησάμενος</span> <span class='ocrx_word' id='word_1_629' title='bbox 3452 3850 3591 3902; x_wconf 83' lang='grc' dir='ltr'>κατὰ</span> <span class='ocrx_word' id='word_1_630' title='bbox 3614 3850 3710 3901; x_wconf 86' lang='grc' dir='ltr'><strong>τοῦ</strong></span> 
     </span>
    </p>
   </div>
   <div class='ocr_carea' id='block_1_85' title="bbox 2133 3935 3711 4008">
    <p class='ocr_par' dir='ltr' id='par_1_85' title="bbox 2133 3935 3711 4008">
     <span class='ocr_line' id='line_1_85' title="bbox 2133 3935 3711 4008; baseline 0 -18"><span class='ocrx_word' id='word_1_631' title='bbox 2133 3938 2411 4006; x_wconf 78' lang='grc' dir='ltr'>ποιμένος,</span> <span class='ocrx_word' id='word_1_632' title='bbox 2446 3938 2507 3990; x_wconf 86' lang='grc' dir='ltr'>οὐ</span> <span class='ocrx_word' id='word_1_633' title='bbox 2539 3936 2636 4000; x_wconf 84' lang='grc' dir='ltr'><strong>τὰς</strong></span> <span class='ocrx_word' id='word_1_634' title='bbox 2662 3936 2933 4008; x_wconf 86' lang='grc' dir='ltr'>τυχούσας</span> <span class='ocrx_word' id='word_1_635' title='bbox 2956 3935 3210 4000; x_wconf 85' lang='grc' dir='ltr'>διαϐολὰς</span> <span class='ocrx_word' id='word_1_636' title='bbox 3239 3936 3317 4007; x_wconf 80' lang='grc' dir='ltr'>τῷ</span> <span class='ocrx_word' id='word_1_637' title='bbox 3357 3937 3512 4007; x_wconf 84' lang='grc' dir='ltr'>δήμῳ</span> <span class='ocrx_word' id='word_1_638' title='bbox 3548 3939 3711 4004; x_wconf 78' lang='grc' dir='ltr'>ἐγκα-</span> 
     </span>
    </p>
   </div>
   <div class='ocr_carea' id='block_1_86' title="bbox 2128 4027 3713 4099">
    <p class='ocr_par' dir='ltr' id='par_1_86' title="bbox 2128 4027 3713 4099">
     <span class='ocr_line' id='line_1_86' title="bbox 2128 4027 3713 4099; baseline -0.001 -20"><span class='ocrx_word' id='word_1_639' title='bbox 2128 4027 2452 4098; x_wconf 87' lang='grc' dir='ltr'>τασπείρει,</span> <span class='ocrx_word' id='word_1_640' title='bbox 2497 4028 2595 4095; x_wconf 84' lang='grc' dir='ltr'>τῆς</span> <span class='ocrx_word' id='word_1_641' title='bbox 2652 4027 2791 4099; x_wconf 73' lang='grc' dir='ltr'>πρὸς</span> <span class='ocrx_word' id='word_1_642' title='bbox 2834 4027 2925 4081; x_wconf 74' lang='grc' dir='ltr'>τὸν</span> <span class='ocrx_word' id='word_1_643' title='bbox 2978 4028 3240 4097; x_wconf 83' lang='grc' dir='ltr'>ἀρχιερέα</span> <span class='ocrx_word' id='word_1_644' title='bbox 3287 4029 3438 4097; x_wconf 81' lang='grc' dir='ltr'>παρᾶ</span> <span class='ocrx_word' id='word_1_645' title='bbox 3492 4028 3713 4080; x_wconf 83' lang='grc' dir='ltr'>πάντων</span> 
     </span>
    </p>
   </div>
   <div class='ocr_carea' id='block_1_87' title="bbox 2131 4116 3713 4189">
    <p class='ocr_par' dir='ltr' id='par_1_87' title="bbox 2131 4116 3713 4189">
     <span class='ocr_line' id='line_1_87' title="bbox 2131 4116 3713 4189; baseline -0.003 -16"><span class='ocrx_word' id='word_1_646' title='bbox 2131 4122 2352 4189; x_wconf 82' lang='grc' dir='ltr'>ἀγάπης</span> <span class='ocrx_word' id='word_1_647' title='bbox 2385 4118 2445 4171; x_wconf 81' lang='grc' dir='ltr'>τὸ</span> <span class='ocrx_word' id='word_1_648' title='bbox 2481 4118 2645 4171; x_wconf 78' lang='grc' dir='ltr'>πλέον</span> <span class='ocrx_word' id='word_1_649' title='bbox 2682 4118 3009 4187; x_wconf 84' lang='grc' dir='ltr'>ὑποτέμνειν</span> <span class='ocrx_word' id='word_1_650' title='bbox 3041 4118 3523 4187; x_wconf 75' lang='grc' dir='ltr'>ὲκμηχανώμενος.</span> <span class='ocrx_word' id='word_1_651' title='bbox 3565 4120 3623 4171; x_wconf 83' lang='lat'><strong>&#39;0</strong></span> <span class='ocrx_word' id='word_1_652' title='bbox 3654 4116 3713 4169; x_wconf 80' lang='grc' dir='ltr'>δὲ</span> 
     </span>
    </p>
   </div>
   <div class='ocr_carea' id='block_1_88' title="bbox 2130 4206 3711 4279">
    <p class='ocr_par' dir='ltr' id='par_1_88' title="bbox 2130 4206 3711 4279">
     <span class='ocr_line' id='line_1_88' title="bbox 2130 4206 3711 4279; baseline -0.003 -18"><span class='ocrx_word' id='word_1_653' title='bbox 2130 4209 2240 4261; x_wconf 86' lang='grc' dir='ltr'>τῶν</span> <span class='ocrx_word' id='word_1_654' title='bbox 2268 4209 2366 4279; x_wconf 83' lang='grc' dir='ltr'>μὲν</span> <span class='ocrx_word' id='word_1_655' title='bbox 2395 4209 2517 4260; x_wconf 88' lang='grc' dir='ltr'>κατ’</span> <span class='ocrx_word' id='word_1_656' title='bbox 2545 4206 2712 4260; x_wconf 85' lang='grc' dir='ltr'>αὑτοῦ</span> <span class='ocrx_word' id='word_1_657' title='bbox 2742 4206 3005 4259; x_wconf 79' lang='grc' dir='ltr'>διαϐολῶν</span> <span class='ocrx_word' id='word_1_658' title='bbox 3030 4209 3199 4276; x_wconf 88' lang='grc' dir='ltr'>μικρά</span> <span class='ocrx_word' id='word_1_659' title='bbox 3223 4206 3331 4258; x_wconf 75' lang='grc' dir='ltr'>οὐδ’</span> <span class='ocrx_word' id='word_1_660' title='bbox 3361 4207 3496 4270; x_wconf 80' lang='grc' dir='ltr'>ὅλως</span> <span class='ocrx_word' id='word_1_661' title='bbox 3520 4209 3711 4275; x_wconf 79' lang='grc' dir='ltr'>ἐφρόν-</span> 
     </span>
    </p>
   </div>
   <div class='ocr_carea' id='block_1_89' title="bbox 2127 4295 3707 4367">
    <p class='ocr_par' dir='ltr' id='par_1_89' title="bbox 2127 4295 3707 4367">
     <span class='ocr_line' id='line_1_89' title="bbox 2127 4295 3707 4367; baseline -0.004 -16"><span class='ocrx_word' id='word_1_662' title='bbox 2127 4300 2275 4362; x_wconf 78' lang='grc' dir='ltr'>τιζεο</span> <span class='ocrx_word' id='word_1_663' title='bbox 2301 4301 2368 4367; x_wconf 80' lang='grc' dir='ltr'>τῇ</span> <span class='ocrx_word' id='word_1_664' title='bbox 2415 4297 2471 4349; x_wconf 78' lang='grc' dir='ltr'>δὲ</span> <span class='ocrx_word' id='word_1_665' title='bbox 2520 4298 2648 4367; x_wconf 66' lang='grc' dir='ltr'>περὶ</span> <span class='ocrx_word' id='word_1_666' title='bbox 2679 4295 2841 4348; x_wconf 83' lang='grc' dir='ltr'>αὐτὸν</span> <span class='ocrx_word' id='word_1_667' title='bbox 2874 4296 3031 4366; x_wconf 77' lang='grc' dir='ltr'>φήμῃ</span> <span class='ocrx_word' id='word_1_668' title='bbox 3061 4296 3162 4364; x_wconf 84' lang='grc' dir='ltr'>τῆς</span> <span class='ocrx_word' id='word_1_669' title='bbox 3200 4295 3292 4347; x_wconf 86' lang='grc' dir='ltr'><strong>τοῦ</strong></span> <span class='ocrx_word' id='word_1_670' title='bbox 3342 4295 3499 4363; x_wconf 84' lang='grc' dir='ltr'>λόγου</span> <span class='ocrx_word' id='word_1_671' title='bbox 3550 4295 3707 4365; x_wconf 79' lang='grc' dir='ltr'>δόξης</span> 
     </span>
    </p>
   </div>
   <div class='ocr_carea' id='block_1_90' title="bbox 431 4383 2018 4471">
    <p class='ocr_par' dir='ltr' id='par_1_90' title="bbox 431 4383 2016 4442">
     <span class='ocr_line' id='line_1_90' title="bbox 431 4383 2016 4442; baseline -0.005 0"><span class='ocrx_word' id='word_1_672' title='bbox 431 4396 559 4442; x_wconf 61' lang='lat' dir='ltr'><strong>tota:</strong></span> <span class='ocrx_word' id='word_1_673' title='bbox 585 4389 838 4440; x_wconf 80' lang='lat' dir='ltr'><strong>civitates</strong></span> <span class='ocrx_word' id='word_1_674' title='bbox 867 4396 921 4440; x_wconf 89' lang='lat' dir='ltr'><strong>et</strong></span> <span class='ocrx_word' id='word_1_675' title='bbox 945 4386 1140 4439; x_wconf 71' lang='lat' dir='ltr'><strong>insula:</strong></span> <span class='ocrx_word' id='word_1_676' title='bbox 1155 4385 1493 4440; x_wconf 89' lang='lat' dir='ltr'><strong>conlluerent</strong></span> <span class='ocrx_word' id='word_1_677' title='bbox 1521 4394 1578 4438; x_wconf 88' lang='lat' dir='ltr'><strong>et</strong></span> <span class='ocrx_word' id='word_1_678' title='bbox 1634 4383 2016 4439; x_wconf 88' lang='lat' dir='ltr'><strong>convenirent.</strong></span> 
     </span>
    </p>
   </div>
   <div class='ocr_carea' id='block_1_91' title="bbox 2122 4383 3710 4471">
    <p class='ocr_par' dir='ltr' id='par_1_91' title="bbox 2129 4384 3710 4458">
     <span class='ocr_line' id='line_1_91' title="bbox 2129 4384 3710 4458; baseline -0.003 -18"><span class='ocrx_word' id='word_1_679' title='bbox 2129 4392 2222 4441; x_wconf 82' lang='grc' dir='ltr'>καὶ</span> <span class='ocrx_word' id='word_1_680' title='bbox 2267 4389 2366 4458; x_wconf 83' lang='grc' dir='ltr'>τῆς</span> <span class='ocrx_word' id='word_1_681' title='bbox 2410 4386 2574 4455; x_wconf 82' lang='grc' dir='ltr'>ἄλλης</span> <span class='ocrx_word' id='word_1_682' title='bbox 2624 4384 2913 4451; x_wconf 85' lang='grc' dir='ltr'>ὠφελείας,</span> <span class='ocrx_word' id='word_1_683' title='bbox 2967 4384 3154 4446; x_wconf 87' lang='grc' dir='ltr'>πόλεις</span> <span class='ocrx_word' id='word_1_684' title='bbox 3183 4385 3310 4447; x_wconf 82' lang='grc' dir='ltr'>ὅλας</span> <span class='ocrx_word' id='word_1_685' title='bbox 3356 4386 3454 4437; x_wconf 77' lang='grc' dir='ltr'>καὶ</span> <span class='ocrx_word' id='word_1_686' title='bbox 3512 4387 3710 4456; x_wconf 82' lang='grc' dir='ltr'>νήσους</span> 
     </span>
    </p>
   </div>
   <div class='ocr_carea' id='block_1_92' title="bbox 404 4472 2023 4547">
    <p class='ocr_par' dir='ltr' id='par_1_92' title="bbox 404 4472 2023 4547">
     <span class='ocr_line' id='line_1_92' title="bbox 404 4472 2023 4547; baseline -0.004 -14"><span class='ocrx_word' id='word_1_687' title='bbox 404 4475 567 4533; x_wconf 75' lang='lat' dir='ltr'><strong>Nam</strong></span> <span class='ocrx_word' id='word_1_688' title='bbox 608 4493 709 4533; x_wconf 90' lang='lat' dir='ltr'><strong>nec</strong></span> <span class='ocrx_word' id='word_1_689' title='bbox 745 4478 932 4532; x_wconf 80' lang='lat' dir='ltr'><strong>Romae</strong></span> <span class='ocrx_word' id='word_1_690' title='bbox 959 4477 1181 4547; x_wconf 87' lang='lat' dir='ltr'><strong>quidem</strong></span> <span class='ocrx_word' id='word_1_691' title='bbox 1230 4491 1460 4546; x_wconf 81' lang='lat' dir='ltr'><strong>magnus</strong></span> <span class='ocrx_word' id='word_1_692' title='bbox 1507 4477 1800 4544; x_wconf 86' lang='lat' dir='ltr'><strong>episcopus</strong></span> <span class='ocrx_word' id='word_1_693' title='bbox 1861 4472 2023 4527; x_wconf 89' lang='lat' dir='ltr'><strong>luno-</strong></span> 
     </span>
    </p>
   </div>
   <div class='ocr_carea' id='block_1_93' title="bbox 435 4565 2022 4636">
    <p class='ocr_par' dir='ltr' id='par_1_93' title="bbox 435 4565 2022 4636">
     <span class='ocr_line' id='line_1_93' title="bbox 435 4565 2022 4636; baseline -0.005 -11"><span class='ocrx_word' id='word_1_694' title='bbox 435 4570 670 4633; x_wconf 90' lang='lat' dir='ltr'><strong>centius,</strong></span> <span class='ocrx_word' id='word_1_695' title='bbox 710 4579 832 4624; x_wconf 88' lang='lat' dir='ltr'><strong>erat</strong></span> <span class='ocrx_word' id='word_1_696' title='bbox 874 4570 1145 4623; x_wconf 90' lang='lat' dir='ltr'><strong>bonorum</strong></span> <span class='ocrx_word' id='word_1_697' title='bbox 1186 4568 1307 4636; x_wconf 89' lang='lat' dir='ltr'><strong>ejus</strong></span> <span class='ocrx_word' id='word_1_698' title='bbox 1350 4568 1574 4633; x_wconf 82' lang='lat' dir='ltr'><strong>ignarus</strong></span> <span class='ocrx_word' id='word_1_699' title='bbox 1609 4583 1624 4631; x_wconf 91' lang='lat'><strong>;</strong></span> <span class='ocrx_word' id='word_1_700' title='bbox 1671 4565 1763 4618; x_wconf 90' lang='lat' dir='ltr'><strong>sed</strong></span> <span class='ocrx_word' id='word_1_701' title='bbox 1799 4580 1922 4617; x_wconf 90' lang='lat' dir='ltr'><strong>eum</strong></span> <span class='ocrx_word' id='word_1_702' title='bbox 1968 4566 2022 4617; x_wconf 92' lang='lat' dir='ltr'><strong>in</strong></span> 
     </span>
    </p>
   </div>
   <div class='ocr_carea' id='block_1_94' title="bbox 436 4655 2028 4734">
    <p class='ocr_par' dir='ltr' id='par_1_94' title="bbox 436 4655 2028 4734">
     <span class='ocr_line' id='line_1_94' title="bbox 436 4655 2028 4734; baseline -0.008 -15"><span class='ocrx_word' id='word_1_703' title='bbox 436 4680 634 4734; x_wconf 82' lang='lat' dir='ltr'><strong>magna</strong></span> <span class='ocrx_word' id='word_1_704' title='bbox 676 4663 914 4717; x_wconf 86' lang='lat' dir='ltr'><strong>habebat</strong></span> <span class='ocrx_word' id='word_1_705' title='bbox 957 4659 1364 4715; x_wconf 74' lang='lat' dir='ltr'><strong>existimatione</strong></span> <span class='ocrx_word' id='word_1_706' title='bbox 1395 4658 1460 4711; x_wconf 87' lang='lat' dir='ltr'><strong>ad</strong></span> <span class='ocrx_word' id='word_1_707' title='bbox 1493 4672 1616 4712; x_wconf 90' lang='lat' dir='ltr'><strong>eum</strong></span> <span class='ocrx_word' id='word_1_708' title='bbox 1658 4657 1907 4709; x_wconf 88' lang='lat' dir='ltr'><strong>scribens</strong></span> <span class='ocrx_word' id='word_1_709' title='bbox 1939 4655 2028 4707; x_wconf 91' lang='lat' dir='ltr'><strong>lit-</strong></span> 
     </span>
    </p>
   </div>
   <div class='ocr_carea' id='block_1_95' title="bbox 436 4752 1277 4822">
    <p class='ocr_par' dir='ltr' id='par_1_95' title="bbox 436 4752 1277 4822">
     <span class='ocr_line' id='line_1_95' title="bbox 436 4752 1277 4822; baseline -0.006 -12"><span class='ocrx_word' id='word_1_710' title='bbox 436 4765 585 4810; x_wconf 87' lang='lat' dir='ltr'><strong>teras</strong></span> <span class='ocrx_word' id='word_1_711' title='bbox 614 4764 670 4810; x_wconf 93' lang='lat' dir='ltr'><strong>et</strong></span> <span class='ocrx_word' id='word_1_712' title='bbox 700 4755 942 4809; x_wconf 88' lang='lat' dir='ltr'><strong>vicissim</strong></span> <span class='ocrx_word' id='word_1_713' title='bbox 980 4752 1277 4822; x_wconf 85' lang='lat' dir='ltr'><strong>accipiens.</strong></span> 
     </span>
    </p>
   </div>
   <div class='ocr_carea' id='block_1_96' title="bbox 446 4952 2025 5028">
    <p class='ocr_par' dir='ltr' id='par_1_96' title="bbox 446 4952 2025 5028">
     <span class='ocr_line' id='line_1_96' title="bbox 446 4952 2025 5028; baseline -0.006 -15"><span class='ocrx_word' id='word_1_714' title='bbox 446 4968 451 4973; x_wconf 74' lang='lat'>‘</span> <span class='ocrx_word' id='word_1_715' title='bbox 506 4960 595 5015; x_wconf 73' lang='grc'><strong>15.</strong></span> <span class='ocrx_word' id='word_1_716' title='bbox 624 4957 761 5013; x_wconf 83' lang='lat' dir='ltr'><strong>Volo</strong></span> <span class='ocrx_word' id='word_1_717' title='bbox 790 4957 1069 5028; x_wconf 71' lang='grc' dir='ltr'>ρευιυιιιιιι</span> <span class='ocrx_word' id='word_1_718' title='bbox 1094 4954 1375 5010; x_wconf 83' lang='lat' dir='ltr'><strong>immorari</strong></span> <span class='ocrx_word' id='word_1_719' title='bbox 1405 4952 1721 5023; x_wconf 88' lang='lat' dir='ltr'><strong>injucunda</strong></span> <span class='ocrx_word' id='word_1_720' title='bbox 1749 4953 2025 5005; x_wconf 85' lang='lat' dir='ltr'><strong>narratio-</strong></span> 
     </span>
    </p>
   </div>
   <div class='ocr_carea' id='block_1_97' title="bbox 435 5044 2028 5121">
    <p class='ocr_par' dir='ltr' id='par_1_97' title="bbox 435 5044 2028 5121">
     <span class='ocr_line' id='line_1_97' title="bbox 435 5044 2028 5121; baseline -0.007 -14"><span class='ocrx_word' id='word_1_721' title='bbox 435 5067 527 5118; x_wconf 89' lang='lat' dir='ltr'><strong>ne,</strong></span> <span class='ocrx_word' id='word_1_722' title='bbox 573 5052 849 5121; x_wconf 89' lang='lat' dir='ltr'><strong>quomodo</strong></span> <span class='ocrx_word' id='word_1_723' title='bbox 896 5049 1120 5110; x_wconf 84' lang='lat' dir='ltr'><strong>Paulus,</strong></span> <span class='ocrx_word' id='word_1_724' title='bbox 1169 5047 1263 5116; x_wconf 89' lang='lat' dir='ltr'><strong>qui</strong></span> <span class='ocrx_word' id='word_1_725' title='bbox 1295 5054 1458 5100; x_wconf 87' lang='lat' dir='ltr'><strong>estet</strong></span> <span class='ocrx_word' id='word_1_726' title='bbox 1487 5055 1666 5115; x_wconf 82' lang='lat' dir='ltr'><strong>mysta</strong></span> <span class='ocrx_word' id='word_1_727' title='bbox 1696 5051 1749 5098; x_wconf 90' lang='lat' dir='ltr'><strong>et</strong></span> <span class='ocrx_word' id='word_1_728' title='bbox 1777 5044 2028 5099; x_wconf 83' lang='lat' dir='ltr'><strong>eruditur</strong></span> 
     </span>
    </p>
   </div>
   <div class='ocr_carea' id='block_1_98' title="bbox 437 5135 2028 5213">
    <p class='ocr_par' dir='ltr' id='par_1_98' title="bbox 437 5135 2028 5213">
     <span class='ocr_line' id='line_1_98' title="bbox 437 5135 2028 5213; baseline -0.009 -12"><span class='ocrx_word' id='word_1_729' title='bbox 437 5158 766 5201; x_wconf 88' lang='lat' dir='ltr'><strong>arcanorum</strong></span> <span class='ocrx_word' id='word_1_730' title='bbox 814 5140 1227 5213; x_wconf 81' lang='lat' dir='ltr'><strong>mysteriorum,</strong></span> <span class='ocrx_word' id='word_1_731' title='bbox 1266 5138 1578 5209; x_wconf 85' lang='lat' dir='ltr'><strong>pontiﬁcem</strong></span> <span class='ocrx_word' id='word_1_732' title='bbox 1622 5135 1926 5190; x_wconf 87' lang='lat' dir='ltr'><strong>initiaverit</strong></span> <span class='ocrx_word' id='word_1_733' title='bbox 1972 5135 2028 5187; x_wconf 93' lang='lat' dir='ltr'><strong>in</strong></span> 
     </span>
    </p>
   </div>
   <div class='ocr_carea' id='block_1_99' title="bbox 441 5227 2030 5306">
    <p class='ocr_par' dir='ltr' id='par_1_99' title="bbox 441 5227 2030 5306">
     <span class='ocr_line' id='line_1_99' title="bbox 441 5227 2030 5306; baseline -0.006 -16"><span class='ocrx_word' id='word_1_734' title='bbox 441 5232 741 5306; x_wconf 88' lang='lat' dir='ltr'><strong>mysteriis.</strong></span> <span class='ocrx_word' id='word_1_735' title='bbox 774 5231 910 5287; x_wconf 91' lang='lat' dir='ltr'><strong>Cum</strong></span> <span class='ocrx_word' id='word_1_736' title='bbox 940 5232 1155 5285; x_wconf 85' lang='lat' dir='ltr'><strong>divinas</strong></span> <span class='ocrx_word' id='word_1_737' title='bbox 1186 5230 1308 5298; x_wconf 87' lang='lat' dir='ltr'><strong>ejus</strong></span> <span class='ocrx_word' id='word_1_738' title='bbox 1336 5228 1600 5298; x_wconf 85' lang='lat' dir='ltr'><strong>epistolas</strong></span> <span class='ocrx_word' id='word_1_739' title='bbox 1635 5242 1823 5283; x_wconf 88' lang='lat' dir='ltr'><strong>earum</strong></span> <span class='ocrx_word' id='word_1_740' title='bbox 1858 5227 2030 5281; x_wconf 85' lang='lat' dir='ltr'><strong>inter-</strong></span> 
     </span>
    </p>
   </div>
   <div class='ocr_carea' id='block_1_100' title="bbox 438 5315 2029 5397">
    <p class='ocr_par' dir='ltr' id='par_1_100' title="bbox 438 5315 2029 5397">
     <span class='ocr_line' id='line_1_100' title="bbox 438 5315 2029 5397; baseline -0.008 -17"><span class='ocrx_word' id='word_1_741' title='bbox 438 5341 563 5397; x_wconf 86' lang='lat' dir='ltr'><strong>pres</strong></span> <span class='ocrx_word' id='word_1_742' title='bbox 583 5333 637 5380; x_wconf 89' lang='lat' dir='ltr'><strong>et</strong></span> <span class='ocrx_word' id='word_1_743' title='bbox 660 5322 944 5392; x_wconf 73' lang='lat' dir='ltr'><strong>expositor</strong></span> <span class='ocrx_word' id='word_1_744' title='bbox 967 5328 1332 5390; x_wconf 87' lang='lat' dir='ltr'><strong>percurreret,</strong></span> <span class='ocrx_word' id='word_1_745' title='bbox 1360 5327 1499 5378; x_wconf 87' lang='lat' dir='ltr'><strong>erat,</strong></span> <span class='ocrx_word' id='word_1_746' title='bbox 1525 5325 1583 5370; x_wconf 89' lang='lat' dir='ltr'><strong>ut</strong></span> <span class='ocrx_word' id='word_1_747' title='bbox 1601 5327 1685 5372; x_wconf 87' lang='lat' dir='ltr'><strong>est</strong></span> <span class='ocrx_word' id='word_1_748' title='bbox 1709 5315 2029 5380; x_wconf 85' lang='lat' dir='ltr'><strong>verisimile,</strong></span> 
     </span>
    </p>
   </div>
   <div class='ocr_carea' id='block_1_101' title="bbox 436 5407 2028 5485">
    <p class='ocr_par' dir='ltr' id='par_1_101' title="bbox 436 5407 2028 5485">
     <span class='ocr_line' id='line_1_101' title="bbox 436 5407 2028 5485; baseline -0.008 -15"><span class='ocrx_word' id='word_1_749' title='bbox 436 5416 604 5473; x_wconf 79' lang='lat' dir='ltr'><strong>dubia</strong></span> <span class='ocrx_word' id='word_1_750' title='bbox 635 5424 690 5470; x_wconf 88' lang='lat' dir='ltr'><strong>et</strong></span> <span class='ocrx_word' id='word_1_751' title='bbox 735 5427 1003 5485; x_wconf 82' lang='lat' dir='ltr'><strong>suspensa</strong></span> <span class='ocrx_word' id='word_1_752' title='bbox 1034 5410 1365 5483; x_wconf 77' lang='lat' dir='ltr'><strong>cogitatione</strong></span> <span class='ocrx_word' id='word_1_753' title='bbox 1387 5449 1403 5474; x_wconf 91' lang='lat'><strong>,</strong></span> <span class='ocrx_word' id='word_1_754' title='bbox 1442 5410 1633 5465; x_wconf 89' lang='lat' dir='ltr'><strong>dicens</strong></span> <span class='ocrx_word' id='word_1_755' title='bbox 1662 5425 1675 5461; x_wconf 92' lang='lat'>:</span> <span class='ocrx_word' id='word_1_756' title='bbox 1724 5407 1860 5474; x_wconf 85' lang='lat' dir='ltr'><strong>Quis</strong></span> <span class='ocrx_word' id='word_1_757' title='bbox 1901 5407 2028 5469; x_wconf 88' lang='lat' dir='ltr'><strong>scit,</strong></span> 
     </span>
    </p>
   </div>
   <div class='ocr_carea' id='block_1_102' title="bbox 439 5500 2034 5577">
    <p class='ocr_par' dir='ltr' id='par_1_102' title="bbox 439 5500 2034 5577">
     <span class='ocr_line' id='line_1_102' title="bbox 439 5500 2034 5577; baseline -0.004 -19"><span class='ocrx_word' id='word_1_758' title='bbox 439 5524 506 5561; x_wconf 87' lang='lat' dir='ltr'><strong>an</strong></span> <span class='ocrx_word' id='word_1_759' title='bbox 526 5508 639 5562; x_wconf 87' lang='lat' dir='ltr'><strong>Deo</strong></span> <span class='ocrx_word' id='word_1_760' title='bbox 655 5516 808 5577; x_wconf 79' lang='lat' dir='ltr'><strong>grata</strong></span> <span class='ocrx_word' id='word_1_761' title='bbox 829 5520 948 5561; x_wconf 87' lang='lat' dir='ltr'><strong>mea</strong></span> <span class='ocrx_word' id='word_1_762' title='bbox 968 5504 1039 5559; x_wconf 91' lang='lat' dir='ltr'><strong>sit</strong></span> <span class='ocrx_word' id='word_1_763' title='bbox 1055 5500 1472 5571; x_wconf 88' lang='lat' dir='ltr'><strong>interpretatio?</strong></span> <span class='ocrx_word' id='word_1_764' title='bbox 1496 5500 1621 5555; x_wconf 69' lang='lat' dir='ltr'><strong>Haec</strong></span> <span class='ocrx_word' id='word_1_765' title='bbox 1654 5500 1923 5571; x_wconf 82' lang='lat' dir='ltr'><strong>cogitans,</strong></span> <span class='ocrx_word' id='word_1_766' title='bbox 1947 5512 2034 5551; x_wconf 88' lang='lat' dir='ltr'><strong>ro-</strong></span> 
     </span>
    </p>
   </div>
   <div class='ocr_carea' id='block_1_103' title="bbox 441 5588 2032 5665">
    <p class='ocr_par' dir='ltr' id='par_1_103' title="bbox 441 5588 2032 5665">
     <span class='ocr_line' id='line_1_103' title="bbox 441 5588 2032 5665; baseline -0.006 -16"><span class='ocrx_word' id='word_1_767' title='bbox 441 5601 601 5665; x_wconf 74' lang='lat' dir='ltr'><strong>gabat</strong></span> <span class='ocrx_word' id='word_1_768' title='bbox 621 5598 764 5651; x_wconf 89' lang='lat' dir='ltr'><strong>utde</strong></span> <span class='ocrx_word' id='word_1_769' title='bbox 781 5612 843 5651; x_wconf 90' lang='lat' dir='ltr'><strong>ea</strong></span> <span class='ocrx_word' id='word_1_770' title='bbox 872 5613 930 5651; x_wconf 89' lang='lat' dir='ltr'><strong>re</strong></span> <span class='ocrx_word' id='word_1_771' title='bbox 952 5610 981 5648; x_wconf 91' lang='lat' dir='ltr'><strong>a</strong></span> <span class='ocrx_word' id='word_1_772' title='bbox 1004 5593 1115 5650; x_wconf 89' lang='lat' dir='ltr'><strong>Deo</strong></span> <span class='ocrx_word' id='word_1_773' title='bbox 1141 5595 1295 5649; x_wconf 88' lang='lat' dir='ltr'><strong>ﬁeret</strong></span> <span class='ocrx_word' id='word_1_774' title='bbox 1312 5594 1534 5656; x_wconf 89' lang='lat' dir='ltr'><strong>certior,</strong></span> <span class='ocrx_word' id='word_1_775' title='bbox 1560 5590 1703 5663; x_wconf 89' lang='lat' dir='ltr'><strong>quod</strong></span> <span class='ocrx_word' id='word_1_776' title='bbox 1732 5591 1897 5645; x_wconf 85' lang='lat' dir='ltr'><strong>etiam</strong></span> <span class='ocrx_word' id='word_1_777' title='bbox 1926 5588 2032 5641; x_wconf 73' lang='lat' dir='ltr'><strong>cito</strong></span> 
     </span>
    </p>
   </div>
   <div class='ocr_carea' id='block_1_104' title="bbox 442 5678 2032 5751">
    <p class='ocr_par' dir='ltr' id='par_1_104' title="bbox 442 5678 2032 5751">
     <span class='ocr_line' id='line_1_104' title="bbox 442 5678 2032 5751; baseline -0.003 -16"><span class='ocrx_word' id='word_1_778' title='bbox 442 5685 547 5738; x_wconf 84' lang='lat' dir='ltr'><strong>hoc</strong></span> <span class='ocrx_word' id='word_1_779' title='bbox 579 5687 743 5738; x_wconf 88' lang='lat' dir='ltr'><strong>modo</strong></span> <span class='ocrx_word' id='word_1_780' title='bbox 775 5686 978 5740; x_wconf 81' lang='lat' dir='ltr'><strong>factum</strong></span> <span class='ocrx_word' id='word_1_781' title='bbox 1017 5698 1099 5739; x_wconf 90' lang='lat' dir='ltr'><strong>est</strong></span> <span class='ocrx_word' id='word_1_782' title='bbox 1126 5683 1359 5751; x_wconf 78' lang='lat' dir='ltr'><strong>Quidam</strong></span> <span class='ocrx_word' id='word_1_783' title='bbox 1392 5700 1456 5738; x_wconf 81' lang='lat' dir='ltr'><strong>ex</strong></span> <span class='ocrx_word' id='word_1_784' title='bbox 1490 5684 1556 5736; x_wconf 91' lang='lat' dir='ltr'><strong>iis</strong></span> <span class='ocrx_word' id='word_1_785' title='bbox 1590 5682 1681 5751; x_wconf 92' lang='lat' dir='ltr'><strong>qui</strong></span> <span class='ocrx_word' id='word_1_786' title='bbox 1717 5678 2032 5749; x_wconf 84' lang='lat' dir='ltr'><strong>imperatori</strong></span> 
     </span>
    </p>
   </div>
   <div class='ocr_carea' id='block_1_105' title="bbox 445 5770 2018 5841">
    <p class='ocr_par' dir='ltr' id='par_1_105' title="bbox 445 5770 2018 5841">
     <span class='ocr_line' id='line_1_105' title="bbox 445 5770 2018 5841; baseline -0.004 -15"><span class='ocrx_word' id='word_1_787' title='bbox 445 5782 602 5826; x_wconf 82' lang='lat' dir='ltr'><strong>erant</strong></span> <span class='ocrx_word' id='word_1_788' title='bbox 660 5774 1121 5840; x_wconf 82' lang='lat' dir='ltr'><strong>familiarissimi,</strong></span> <span class='ocrx_word' id='word_1_789' title='bbox 1184 5774 1407 5831; x_wconf 71' lang='lat' dir='ltr'><strong>oﬁ‘eudit</strong></span> <span class='ocrx_word' id='word_1_790' title='bbox 1462 5778 1848 5841; x_wconf 83' lang='lat' dir='ltr'><strong>imperatorem</strong></span> <span class='ocrx_word' id='word_1_791' title='bbox 1876 5806 1890 5833; x_wconf 89' lang='lat'><strong>,</strong></span> <span class='ocrx_word' id='word_1_792' title='bbox 1924 5770 2018 5837; x_wconf 81' lang='lat' dir='ltr'><strong>qui</strong></span> 
     </span>
    </p>
   </div>
   <div class='ocr_carea' id='block_1_106' title="bbox 526 5858 949 5924">
    <p class='ocr_par' dir='ltr' id='par_1_106' title="bbox 526 5858 949 5924">
     <span class='ocr_line' id='line_1_106' title="bbox 526 5858 949 5924; baseline -0.005 -11"><span class='ocrx_word' id='word_1_793' title='bbox 526 5860 570 5892; x_wconf 78' lang='grc'><strong>²⁰</strong></span> <span class='ocrx_word' id='word_1_794' title='bbox 603 5858 763 5913; x_wconf 72' lang='lat' dir='ltr'><strong>Joan.</strong></span> <span class='ocrx_word' id='word_1_795' title='bbox 799 5877 852 5924; x_wconf 87' lang='lat' dir='ltr'><strong>v,</strong></span> <span class='ocrx_word' id='word_1_796' title='bbox 880 5863 949 5911; x_wconf 79' lang='lat'><strong>&#39;50</strong></span> 
     </span>
    </p>
   </div>
   <div class='ocr_carea' id='block_1_107' title="bbox 2128 4476 3711 4549">
    <p class='ocr_par' dir='ltr' id='par_1_107' title="bbox 2128 4476 3711 4549">
     <span class='ocr_line' id='line_1_107' title="bbox 2128 4476 3711 4549; baseline -0.005 -13"><span class='ocrx_word' id='word_1_797' title='bbox 2128 4481 2432 4549; x_wconf 87' lang='grc' dir='ltr'>συνεισρεῖν</span> <span class='ocrx_word' id='word_1_798' title='bbox 2463 4478 2638 4530; x_wconf 69' lang='grc' dir='ltr'>ἐποίει</span> <span class='ocrx_word' id='word_1_799' title='bbox 2664 4477 2761 4530; x_wconf 71' lang='grc' dir='ltr'>καὶ</span> <span class='ocrx_word' id='word_1_800' title='bbox 2793 4476 3265 4546; x_wconf 83' lang='grc' dir='ltr'>συνεισέρχεσθαι.</span> <span class='ocrx_word' id='word_1_801' title='bbox 3299 4477 3435 4529; x_wconf 76' lang='grc' dir='ltr'><strong>Οὐδὲ</strong></span> <span class='ocrx_word' id='word_1_802' title='bbox 3468 4478 3574 4546; x_wconf 76' lang='grc' dir='ltr'>γὰρ</span> <span class='ocrx_word' id='word_1_803' title='bbox 3603 4478 3711 4529; x_wconf 80' lang='grc' dir='ltr'>οὐδ’</span> 
     </span>
    </p>
   </div>
   <div class='ocr_carea' id='block_1_108' title="bbox 2126 4567 3710 4642">
    <p class='ocr_par' dir='ltr' id='par_1_108' title="bbox 2126 4567 3710 4642">
     <span class='ocr_line' id='line_1_108' title="bbox 2126 4567 3710 4642; baseline -0.011 -14"><span class='ocrx_word' id='word_1_804' title='bbox 2126 4577 2154 4628; x_wconf 88' lang='lat'><strong>6</strong></span> <span class='ocrx_word' id='word_1_805' title='bbox 2202 4572 2425 4642; x_wconf 82' lang='grc' dir='ltr'>Ῥώμης</span> <span class='ocrx_word' id='word_1_806' title='bbox 2492 4569 2669 4639; x_wconf 85' lang='grc' dir='ltr'>μέγας</span> <span class='ocrx_word' id='word_1_807' title='bbox 2721 4567 3062 4630; x_wconf 80' lang='grc' dir='ltr'>ἰννοκέντιος</span> <span class='ocrx_word' id='word_1_808' title='bbox 3119 4569 3348 4638; x_wconf 83' lang='grc' dir='ltr'>ἄμοιρος</span> <span class='ocrx_word' id='word_1_809' title='bbox 3406 4570 3517 4621; x_wconf 80' lang='grc' dir='ltr'><strong>τῶν</strong></span> <span class='ocrx_word' id='word_1_810' title='bbox 3585 4572 3710 4621; x_wconf 62' lang='grc' dir='ltr'>τοι).</span> 
     </span>
    </p>
   </div>
   <div class='ocr_carea' id='block_1_109' title="bbox 2127 4660 3710 4731">
    <p class='ocr_par' dir='ltr' id='par_1_109' title="bbox 2127 4660 3710 4731">
     <span class='ocr_line' id='line_1_109' title="bbox 2127 4660 3710 4731; baseline -0.01 -9"><span class='ocrx_word' id='word_1_811' title='bbox 2127 4686 2218 4722; x_wconf 89' lang='grc' dir='ltr'><strong>του</strong></span> <span class='ocrx_word' id='word_1_812' title='bbox 2283 4664 2501 4723; x_wconf 80' lang='grc' dir='ltr'>καλῶν,</span> <span class='ocrx_word' id='word_1_813' title='bbox 2561 4661 2676 4713; x_wconf 76' lang='grc' dir='ltr'>ἀλλ’</span> <span class='ocrx_word' id='word_1_814' title='bbox 2744 4661 2804 4712; x_wconf 85' lang='grc' dir='ltr'>ὲν</span> <span class='ocrx_word' id='word_1_815' title='bbox 2868 4660 3081 4731; x_wconf 77' lang='grc' dir='ltr'>μεγάλῃ</span> <span class='ocrx_word' id='word_1_816' title='bbox 3158 4660 3323 4729; x_wconf 76' lang='grc' dir='ltr'>μοίρᾳ</span> <span class='ocrx_word' id='word_1_817' title='bbox 3391 4661 3491 4729; x_wconf 82' lang='grc' dir='ltr'>τὴν</span> <span class='ocrx_word' id='word_1_818' title='bbox 3546 4660 3710 4712; x_wconf 77' lang='grc' dir='ltr'>αὐτοῦ</span> 
     </span>
    </p>
   </div>
   <div class='ocr_carea' id='block_1_110' title="bbox 2128 4751 3714 4826">
    <p class='ocr_par' dir='ltr' id='par_1_110' title="bbox 2128 4751 3714 4826">
     <span class='ocr_line' id='line_1_110' title="bbox 2128 4751 3714 4826; baseline -0.006 -14"><span class='ocrx_word' id='word_1_819' title='bbox 2128 4757 2397 4826; x_wconf 81' lang='grc' dir='ltr'>ἀποδοχὴν</span> <span class='ocrx_word' id='word_1_820' title='bbox 2448 4754 2705 4813; x_wconf 73' lang='grc' dir='ltr'>ἐποιεῖτο,</span> <span class='ocrx_word' id='word_1_821' title='bbox 2744 4751 2975 4819; x_wconf 77' lang='grc' dir='ltr'>γράφων</span> <span class='ocrx_word' id='word_1_822' title='bbox 3035 4751 3185 4823; x_wconf 80' lang='grc' dir='ltr'>αὐτῷ</span> <span class='ocrx_word' id='word_1_823' title='bbox 3235 4752 3328 4804; x_wconf 79' lang='grc' dir='ltr'>καὶ</span> <span class='ocrx_word' id='word_1_824' title='bbox 3381 4752 3714 4821; x_wconf 85' lang='grc' dir='ltr'>ἀντιγραφό-</span> 
     </span>
    </p>
   </div>
   <div class='ocr_carea' id='block_1_111' title="bbox 2184 4864 2319 4909">
    <p class='ocr_par' dir='ltr' id='par_1_111' title="bbox 2184 4864 2319 4909">
     <span class='ocr_line' id='line_1_111' title="bbox 2184 4864 2319 4909; baseline -0.007 -9"><span class='ocrx_word' id='word_1_825' title='bbox 2184 4864 2319 4909; x_wconf 82' lang='grc' dir='ltr'>ενος.</span> 
     </span>
    </p>
   </div>
   <div class='ocr_carea' id='block_1_112' title="bbox 2137 4868 3715 5002">
    <p class='ocr_par' dir='ltr' id='par_1_112' title="bbox 2137 4868 3715 5002">
     <span class='ocr_line' id='line_1_112' title="bbox 2184 4868 2319 4900; baseline -0.007 0"><span class='ocrx_word' id='word_1_826' title='bbox 2184 4868 2268 4900; x_wconf 80' lang='grc' dir='ltr'><strong>Ξνο</strong></span> <span class='ocrx_word' id='word_1_827' title='bbox 2307 4886 2319 4899; x_wconf 78' lang='grc' dir='ltr'><strong><em>ο</em></strong></span> 
     </span>
     <span class='ocr_line' id='line_1_113' title="bbox 2137 4868 3715 5002; baseline -0.006 -15"><span class='ocrx_word' id='word_1_828' title='bbox 2137 4868 2177 4918; x_wconf 75' lang='grc' dir='ltr'><strong>μ</strong></span> <span class='ocrx_word' id='word_1_829' title='bbox 2205 4868 2296 4987; x_wconf 69' lang='lat' dir='ltr'><strong>na&#39;.C</strong></span> <span class='ocrx_word' id='word_1_830' title='bbox 2332 4931 2601 5002; x_wconf 82' lang='grc' dir='ltr'>Βούλομαι</span> <span class='ocrx_word' id='word_1_831' title='bbox 2634 4930 2694 4982; x_wconf 80' lang='grc' dir='ltr'>δὲ</span> <span class='ocrx_word' id='word_1_832' title='bbox 2728 4928 2925 4999; x_wconf 81' lang='grc' dir='ltr'>μικρὸν</span> <span class='ocrx_word' id='word_1_833' title='bbox 2965 4930 3236 4998; x_wconf 69' lang='grc' dir='ltr'>ἐπισχεῖν,</span> <span class='ocrx_word' id='word_1_834' title='bbox 3262 4928 3356 4981; x_wconf 83' lang='grc' dir='ltr'><strong>τοῦ</strong></span> <span class='ocrx_word' id='word_1_835' title='bbox 3388 4929 3593 4997; x_wconf 87' lang='grc' dir='ltr'>μύστου</span> <span class='ocrx_word' id='word_1_836' title='bbox 3618 4927 3715 4980; x_wconf 75' lang='grc' dir='ltr'>καὶ</span> 
     </span>
    </p>
   </div>
   <div class='ocr_carea' id='block_1_113' title="bbox 2133 5020 3715 5098">
    <p class='ocr_par' dir='ltr' id='par_1_113' title="bbox 2133 5020 3715 5098">
     <span class='ocr_line' id='line_1_114' title="bbox 2133 5020 3715 5098; baseline -0.006 -18"><span class='ocrx_word' id='word_1_837' title='bbox 2133 5026 2451 5098; x_wconf 86' lang='grc' dir='ltr'>μυστηρίων</span> <span class='ocrx_word' id='word_1_838' title='bbox 2479 5025 2588 5076; x_wconf 84' lang='grc' dir='ltr'><strong>τῶν</strong></span> <span class='ocrx_word' id='word_1_839' title='bbox 2618 5024 2876 5093; x_wconf 73' lang='grc' dir='ltr'>ἀρρήτων</span> <span class='ocrx_word' id='word_1_840' title='bbox 2906 5020 3121 5073; x_wconf 84' lang='grc' dir='ltr'>Παύλου</span> <span class='ocrx_word' id='word_1_841' title='bbox 3153 5024 3218 5091; x_wconf 83' lang='grc' dir='ltr'>τῇ</span> <span class='ocrx_word' id='word_1_842' title='bbox 3265 5022 3398 5090; x_wconf 79' lang='grc' dir='ltr'>πρὸς</span> <span class='ocrx_word' id='word_1_843' title='bbox 3435 5022 3528 5072; x_wconf 64' lang='grc' dir='ltr'>τὸν</span> <span class='ocrx_word' id='word_1_844' title='bbox 3579 5021 3715 5088; x_wconf 89' lang='grc' dir='ltr'>ἀρχ-</span> 
     </span>
    </p>
   </div>
   <div class='ocr_carea' id='block_1_114' title="bbox 2134 5110 3717 5189">
    <p class='ocr_par' dir='ltr' id='par_1_114' title="bbox 2134 5110 3717 5189">
     <span class='ocr_line' id='line_1_115' title="bbox 2134 5110 3717 5189; baseline -0.008 -17"><span class='ocrx_word' id='word_1_845' title='bbox 2134 5118 2283 5189; x_wconf 83' lang='grc' dir='ltr'>ιερέα</span> <span class='ocrx_word' id='word_1_846' title='bbox 2332 5118 2533 5187; x_wconf 85' lang='grc' dir='ltr'>μυήσει</span> <span class='ocrx_word' id='word_1_847' title='bbox 2581 5113 2660 5183; x_wconf 84' lang='grc' dir='ltr'>τῷ</span> <span class='ocrx_word' id='word_1_848' title='bbox 2689 5113 2839 5183; x_wconf 84' lang='grc' dir='ltr'>λόγῳ</span> <span class='ocrx_word' id='word_1_849' title='bbox 2866 5113 3325 5182; x_wconf 67' lang='grc' dir='ltr'>κατατρυφήσων.</span> <span class='ocrx_word' id='word_1_850' title='bbox 3370 5110 3572 5163; x_wconf 85' lang='grc' dir='ltr'>Τούτου</span> <span class='ocrx_word' id='word_1_851' title='bbox 3616 5112 3717 5170; x_wconf 82' lang='grc' dir='ltr'>τὰς</span> 
     </span>
    </p>
   </div>
   <div class='ocr_carea' id='block_1_115' title="bbox 2133 5200 3715 5272">
    <p class='ocr_par' dir='ltr' id='par_1_115' title="bbox 2133 5200 3715 5272">
     <span class='ocr_line' id='line_1_116' title="bbox 2133 5200 3715 5272; baseline -0.011 -9"><span class='ocrx_word' id='word_1_852' title='bbox 2133 5210 2281 5271; x_wconf 84' lang='grc' dir='ltr'>θείας</span> <span class='ocrx_word' id='word_1_853' title='bbox 2327 5206 2616 5266; x_wconf 69' lang='grc' dir='ltr'>ἐπιστολὰς</span> <span class='ocrx_word' id='word_1_854' title='bbox 2659 5205 2688 5255; x_wconf 93' lang='lat'><strong>6</strong></span> <span class='ocrx_word' id='word_1_855' title='bbox 2733 5201 2941 5255; x_wconf 84' lang='grc' dir='ltr'>τούτων</span> <span class='ocrx_word' id='word_1_856' title='bbox 2991 5203 3265 5272; x_wconf 78' lang='grc' dir='ltr'>ἑρμηνεὺς</span> <span class='ocrx_word' id='word_1_857' title='bbox 3302 5202 3394 5254; x_wconf 76' lang='grc' dir='ltr'><strong>καὶ</strong></span> <span class='ocrx_word' id='word_1_858' title='bbox 3443 5200 3715 5271; x_wconf 75' lang='grc' dir='ltr'>ἐξηγητὴς</span> 
     </span>
    </p>
   </div>
   <div class='ocr_carea' id='block_1_116' title="bbox 2131 5286 3716 5371">
    <p class='ocr_par' dir='ltr' id='par_1_116' title="bbox 2131 5286 3716 5371">
     <span class='ocr_line' id='line_1_117' title="bbox 2131 5286 3716 5371; baseline -0.008 -17"><span class='ocrx_word' id='word_1_859' title='bbox 2131 5300 2502 5371; x_wconf 81' lang='grc' dir='ltr'>διερχόμενος,</span> <span class='ocrx_word' id='word_1_860' title='bbox 2534 5299 2608 5363; x_wconf 84' lang='grc' dir='ltr'>ὡς</span> <span class='ocrx_word' id='word_1_861' title='bbox 2639 5298 2806 5359; x_wconf 82' lang='grc' dir='ltr'>εἰκὸς,</span> <span class='ocrx_word' id='word_1_862' title='bbox 2858 5294 3204 5357; x_wconf 76' lang='grc' dir='ltr'>εταλάντευε,</span> <span class='ocrx_word' id='word_1_863' title='bbox 3242 5286 3415 5360; x_wconf 66' lang='grc' dir='ltr'>λέγων</span> <span class='ocrx_word' id='word_1_864' title='bbox 3437 5309 3448 5320; x_wconf 92' lang='grc'><strong>·</strong></span> <span class='ocrx_word' id='word_1_865' title='bbox 3479 5293 3575 5354; x_wconf 86' lang='grc' dir='ltr'>Τίς</span> <span class='ocrx_word' id='word_1_866' title='bbox 3607 5294 3716 5361; x_wconf 86' lang='grc' dir='ltr'>ἄρα</span> 
     </span>
    </p>
   </div>
   <div class='ocr_carea' id='block_1_117' title="bbox 2133 5384 3715 5461">
    <p class='ocr_par' dir='ltr' id='par_1_117' title="bbox 2133 5384 3715 5461">
     <span class='ocr_line' id='line_1_118' title="bbox 2133 5384 3715 5461; baseline -0.007 -15"><span class='ocrx_word' id='word_1_867' title='bbox 2133 5392 2292 5459; x_wconf 73' lang='grc' dir='ltr'>οἶδεν,</span> <span class='ocrx_word' id='word_1_868' title='bbox 2325 5394 2374 5444; x_wconf 86' lang='grc' dir='ltr'>εἰ</span> <span class='ocrx_word' id='word_1_869' title='bbox 2402 5392 2608 5461; x_wconf 81' lang='grc' dir='ltr'>ἀρεστὰ</span> <span class='ocrx_word' id='word_1_870' title='bbox 2636 5389 2715 5458; x_wconf 84' lang='grc' dir='ltr'><strong>τῷ</strong></span> <span class='ocrx_word' id='word_1_871' title='bbox 2744 5389 2862 5459; x_wconf 87' lang='grc' dir='ltr'><strong>Θεῷ</strong></span> <span class='ocrx_word' id='word_1_872' title='bbox 2902 5388 3004 5457; x_wconf 84' lang='grc' dir='ltr'>τῆς</span> <span class='ocrx_word' id='word_1_873' title='bbox 3037 5387 3180 5457; x_wconf 76' lang='grc' dir='ltr'><strong>ὲμῆς</strong></span> <span class='ocrx_word' id='word_1_874' title='bbox 3226 5387 3566 5456; x_wconf 78' lang='grc' dir='ltr'>ἐρμηνείας;</span> <span class='ocrx_word' id='word_1_875' title='bbox 3604 5384 3715 5437; x_wconf 68' lang='grc' dir='ltr'>Καὶ</span> 
     </span>
    </p>
   </div>
   <div class='ocr_carea' id='block_1_118' title="bbox 2134 5471 3715 5549">
    <p class='ocr_par' dir='ltr' id='par_1_118' title="bbox 2134 5471 3715 5549">
     <span class='ocr_line' id='line_1_119' title="bbox 2134 5471 3715 5549; baseline -0.008 -14"><span class='ocrx_word' id='word_1_876' title='bbox 2134 5483 2306 5535; x_wconf 87' lang='grc' dir='ltr'>ταῦτα</span> <span class='ocrx_word' id='word_1_877' title='bbox 2338 5480 2720 5549; x_wconf 84' lang='grc' dir='ltr'>διανοούμενος</span> <span class='ocrx_word' id='word_1_878' title='bbox 2763 5478 2936 5530; x_wconf 78' lang='grc' dir='ltr'>ἐδεῖτο</span> <span class='ocrx_word' id='word_1_879' title='bbox 2978 5476 3129 5537; x_wconf 87' lang='grc' dir='ltr'>θείας</span> <span class='ocrx_word' id='word_1_880' title='bbox 3169 5475 3315 5536; x_wconf 84' lang='grc' dir='ltr'>τινὸς</span> <span class='ocrx_word' id='word_1_881' title='bbox 3349 5474 3481 5544; x_wconf 79' lang='grc' dir='ltr'>περὶ</span> <span class='ocrx_word' id='word_1_882' title='bbox 3522 5471 3715 5525; x_wconf 85' lang='grc' dir='ltr'>τούτου</span> 
     </span>
    </p>
   </div>
   <div class='ocr_carea' id='block_1_119' title="bbox 2135 5565 3717 5646">
    <p class='ocr_par' dir='ltr' id='par_1_119' title="bbox 2135 5565 3717 5646">
     <span class='ocr_line' id='line_1_120' title="bbox 2135 5565 3717 5646; baseline -0.009 -16"><span class='ocrx_word' id='word_1_883' title='bbox 2135 5575 2513 5646; x_wconf 81' lang='grc' dir='ltr'>πληροφορίας</span> <span class='ocrx_word' id='word_1_884' title='bbox 2533 5590 2547 5603; x_wconf 91' lang='grc'><strong>·</strong></span> <span class='ocrx_word' id='word_1_885' title='bbox 2583 5575 2651 5643; x_wconf 78' lang='grc' dir='ltr'>ἣν</span> <span class='ocrx_word' id='word_1_886' title='bbox 2679 5572 2742 5641; x_wconf 87' lang='grc' dir='ltr'>δὴ</span> <span class='ocrx_word' id='word_1_887' title='bbox 2786 5570 2878 5623; x_wconf 76' lang='grc' dir='ltr'>καὶ</span> <span class='ocrx_word' id='word_1_888' title='bbox 2908 5569 3179 5638; x_wconf 83' lang='grc' dir='ltr'>λαμϐάνει</span> <span class='ocrx_word' id='word_1_889' title='bbox 3208 5567 3414 5637; x_wconf 80' lang='grc' dir='ltr'>ταχέως</span> <span class='ocrx_word' id='word_1_890' title='bbox 3445 5565 3593 5617; x_wconf 83' lang='grc' dir='ltr'>τόνδε</span> <span class='ocrx_word' id='word_1_891' title='bbox 3623 5566 3717 5616; x_wconf 74' lang='grc' dir='ltr'>τὸν</span> 
     </span>
    </p>
   </div>
   <div class='ocr_carea' id='block_1_120' title="bbox 2136 5659 3718 5740">
    <p class='ocr_par' dir='ltr' id='par_1_120' title="bbox 2136 5659 3718 5740">
     <span class='ocr_line' id='line_1_121' title="bbox 2136 5659 3718 5740; baseline -0.01 -18"><span class='ocrx_word' id='word_1_892' title='bbox 2136 5670 2355 5740; x_wconf 80' lang='grc' dir='ltr'>τρόπον·</span> <span class='ocrx_word' id='word_1_893' title='bbox 2407 5666 2526 5718; x_wconf 80' lang='grc' dir='ltr'>Τὦν</span> <span class='ocrx_word' id='word_1_894' title='bbox 2571 5664 2923 5717; x_wconf 76' lang='grc' dir='ltr'>οἰκειοτάτων</span> <span class='ocrx_word' id='word_1_895' title='bbox 2964 5679 3047 5723; x_wconf 86' lang='grc' dir='ltr'><strong>τις</strong></span> <span class='ocrx_word' id='word_1_896' title='bbox 3097 5660 3192 5713; x_wconf 87' lang='grc' dir='ltr'><strong>τοῦ</strong></span> <span class='ocrx_word' id='word_1_897' title='bbox 3245 5659 3510 5728; x_wconf 86' lang='grc' dir='ltr'>βασιλέως</span> <span class='ocrx_word' id='word_1_898' title='bbox 3543 5674 3718 5724; x_wconf 80' lang='grc' dir='ltr'>προσ-</span> 
     </span>
    </p>
   </div>
   <div class='ocr_carea' id='block_1_121' title="bbox 2128 5751 3717 5834">
    <p class='ocr_par' dir='ltr' id='par_1_121' title="bbox 2128 5751 3717 5834">
     <span class='ocr_line' id='line_1_122' title="bbox 2128 5751 3717 5834; baseline -0.01 -17"><span class='ocrx_word' id='word_1_899' title='bbox 2128 5764 2316 5834; x_wconf 81' lang='grc' dir='ltr'>κρούει</span> <span class='ocrx_word' id='word_1_900' title='bbox 2346 5761 2421 5830; x_wconf 82' lang='grc' dir='ltr'>τῷ</span> <span class='ocrx_word' id='word_1_901' title='bbox 2450 5758 2675 5829; x_wconf 78' lang='grc' dir='ltr'>βασιλεῖ,</span> <span class='ocrx_word' id='word_1_902' title='bbox 2702 5757 2797 5810; x_wconf 70' lang='grc' dir='ltr'>καὶ</span> <span class='ocrx_word' id='word_1_903' title='bbox 2829 5756 3057 5810; x_wconf 73' lang='grc' dir='ltr'>θάνατον</span> <span class='ocrx_word' id='word_1_904' title='bbox 3093 5754 3436 5807; x_wconf 79' lang='grc' dir='ltr'>ἀπειλεῖται·</span> <span class='ocrx_word' id='word_1_905' title='bbox 3477 5751 3571 5804; x_wconf 56' lang='grc' dir='ltr'><strong>καί⁵</strong></span> <span class='ocrx_word' id='word_1_906' title='bbox 3594 5751 3717 5802; x_wconf 56' lang='lat' dir='ltr'><strong>6m-</strong></span> 
     </span>
    </p>
   </div>
  </div>
