4084 6464
431 365 555 428 £59

1719 358 1998 418 LEONIS
2035 356 2499 418 PHILOSOPHI

3598 354 3720 424 '960

442 479 812 534 clarissimum
844 481 927 532 est
957 473 1338 539 Encrcdulitas,
1367 481 1420 528 et
1448 471 1784 527 contumelia
1807 473 1856 525 id
1885 468 2028 540 quod

2146 487 2306 540 ματος
2337 473 2532 535 εἶπεῖν,
2568 470 2660 524 καὶ
2695 471 2804 523 τῶν
2843 470 3047 524 λοιπῶν
3081 471 3233 543 παρά
3265 466 3539 546 διαφέρων
3565 473 3720 536 ζώων

441 571 706 625 creditur.
749 567 854 623 Sed
890 568 965 622 illi
1001 567 1224 636 quidem
1279 574 1554 636 nugentur
1591 582 1607 631 ;
1649 564 1810 618 nobis
1840 571 2024 617 autem

443 663 513 716 ad
548 670 756 716 rectum
785 659 1092 714 deducatur
1111 659 1310 724 oratio,
1343 657 1648 712 deducatur
1677 665 1863 712 nostra
1892 670 2028 725 (ιιιοο

430 770 552 824 -que
601 755 710 808 vita
769 752 1028 805 universa
1085 749 1286 806 melius
1327 749 1478 804 illius
1518 747 2027 803 intercessionibus.

443 848 573 901 Post
620 846 735 899 haec
765 845 1124 914 cognoscitur
1171 843 1242 897 ab
1273 842 1725 906 accusatoribus,
1769 856 1891 911 quae
1938 857 2032 912 per

445 937 759 1006 pontiﬁcem
808 935 934 990 data
997 947 1081 990 est
1124 936 1277 991 salus
1310 935 1383 999 ei,
1436 936 1530 1005 qui
1567 933 1930 1006 confugerat,
1979 942 2034 989 et

444 1047 730 1104 regressus
777 1033 844 1086 ad
889 1030 1132 1102 priorem
1181 1031 1503 1100 dignitatem
1541 1049 1556 1096 ;
1589 1045 1798 1101 eosque
1845 1030 2034 1085 incen-

443 1126 636 1180 dentes
651 1123 883 1179 flammze
908 1122 1127 1188 invidia:
1151 1121 1360 1178 faciunt
1381 1122 1534 1178 rabie
1557 1123 1748 1192 agitari
1769 1134 1823 1177 et
1849 1122 2034 1178 furore

442 1218 708 1272 adversus
764 1231 890 1270 eum
943 1215 1040 1286 qui
1089 1215 1243 1272 dedit
1289 1217 1568 1271 salutem:
1625 1215 1792 1286 hujus
1828 1214 2035 1270 furoris

441 1309 781 1378 praecipuum
809 1309 1144 1378 accipientes
1177 1307 1492 1364 ministrum
1519 1308 1838 1372 diaconum,
1871 1323 2034 1379 quem

436 1400 598 1468 prius
619 1400 882 1463 diximus,
910 1399 1290 1470 Serapionem.
1330 1399 1462 1466 Qua:
1497 1401 1780 1472 cognoscit
1811 1401 2034 1472 quidem

439 1495 623 1547 bonus
641 1503 859 1563 pastor,
890 1509 954 1549 ea
980 1508 1106 1549 vero
1139 1494 1269 1548 nihil
1287 1504 1462 1550 curat.

519 1756 606 1811 lG.
649 1756 983 1812 Cumautem
1016 1756 1224 1812 videret
1275 1757 1479 1813 multos
1517 1758 1726 1814 servire
1775 1760 2036 1825 avaritiae,

2142 563 2320 633 μελῶν
2349 581 2454 631 σοι,
2506 552 2603 616 καὶ
2662 565 2798 618 ὁδῶν
2852 565 2948 617 καὶ⁵
3004 569 3215 618 νεκύων
3263 567 3488 638 μνήσεις
3521 582 3578 619 τε
3624 566 3723 619 καὶ

2140 656 2504 725 προγνώσεις’
2529 649 2604 711 ὧν
2631 656 2891 710 ἁπάντων
2927 656 3000 720 ὡς
3031 656 3248 727 ἀληθῶς
3273 656 3334 710 τδ
3363 657 3717 726 σεμνότατον,

2142 748 2392 814 ἀπιστία,
2419 749 2518 803 καὶ
2551 749 2708 819 ὕϐρις
2733 748 2798 802 τὸ
2822 749 3234 820 πιστευόμενον.
3269 749 3456 803 ¹’Ἄλλοι
3495 750 3592 819 μὲν
3626 749 3722 820 λη-

2144 834 2437 904 ρείτωσαν,
2488 837 2622 908 ἡμῖν
2653 836 2699 888 δ’
2747 838 2777 889 6
2812 837 2973 905 λόγος
3026 838 3164 909 πρὸς
3212 837 3274 891 τὸ
3307 837 3465 901 εὺθές
3513 838 3720 906 ἄγοιτο.

2145 927 2367 995 Ἀγοιτο
2401 928 2458 982 δὲ
2485 930 2582 983 καὶ
2619 933 2647 984 6
2675 930 2789 1000 βίος
2819 931 2966 993 ἄπας
3000 931 3180 1000 ἡμῶν,
3209 932 3329 993 ταῖς
3353 930 3564 984 ἐκείνου
3598 947 3725 1001 πρε-

2144 1018 2364 1083 σϐείαις
2407 1020 2654 1090 ἄμεινον.
2703 1021 2861 1075 Μετά
2916 1020 3091 1074 ταῦτα
3150 1018 3573 1088 διαγινώσκεται
3612 1022 3725 1084 τοῖς

2142 1113 2472 1184 κατηγόροις
2505 1115 2536 1184 ἡ
2563 1114 2653 1168 διὰ
2679 1113 2774 1167 τοῦ
2825 1113 3129 1184 ἀρχιερέως
3168 1113 3410 1182 σωτηρία
3443 1113 3523 1182 τῷ
3557 1129 3726 1184 προσ-

2143 1203 2368 1271 φυγόντι
2397 1204 2492 1258 καὶ
2521 1203 2658 1275 πρὸς
2684 1205 2783 1274 τὴν
2817 1203 3093 1277 προτέραν
3116 1203 3272 1267 ἀξίαν
3304 1205 3558 1266 ἐπάνοδος
3581 1219 3593 1231 ⁸
3630 1206 3724 1258 καὶ

2144 1292 2342 1361 φθόνου
2378 1292 2576 1362 φλόγες
2609 1294 2795 1356 αὐτοῖς
2823 1292 3162 1363 ἐξανάψασαι
3183 1335 3195 1356 ,
3233 1293 3431 1364 λυττᾷν
3465 1293 3604 1345 κατὰ
3628 1290 3723 1344 τοῦ

2145 1382 2419 1448 σώσαντος
2450 1384 2665 1438 ποιοῦσι
2692 1385 2786 1438 καὶ
2809 1385 3115 1457 μεμηνέναι
3145 1383 3243 1454 τῆς
3269 1384 3526 1452 τοιαύτης
3549 1383 3726 1454 λύπης

2140 1477 2528 1548 ἀρχιδιὰκονον
2574 1477 2668 1530 τὸν
2706 1476 2999 1548 εἰρημένον
3052 1475 3318 1537 λαϐόντας
3359 1475 3608 1528 διάκονον
3633 1476 3724 1528 τὶν

2145 1569 2510 1641 Σαραπίωνα·
2551 1570 2587 1625 ἃ
2613 1569 2967 1638 διαγινώσκει
3010 1568 3112 1638 μὲν
3153 1567 3183 1619 ὁ
3218 1567 3426 1638 ποιμὴν
3472 1569 3502 1621 6
3537 1566 3724 1631 καλὸς,

2147 1661 2406 1732 φροντίδα
2437 1660 2492 1714 δὲ
2517 1661 2723 1714 τούτων
2751 1659 3008 1730 οὐδεμίαν
3044 1661 3302 1713 ποιεῖται.

2221 1759 2313 1816 ις’.
2375 1751 2550 1822 Ὁρῶν
2580 1753 2634 1806 δὲ
2660 1752 2738 1824 τῷ
2773 1751 3100 1823 φιλαργύρῳ
3128 1750 3291 1804 πάθει
3341 1749 3590 1814 πολλοὺς,
3629 1751 3727 1803 αὖ·
3755 1829 3757 1832 γ

447 1849 627 1918 ipsam
697 1857 880 1903 autem
933 1863 1046 1918 pra:
1099 1849 1317 1904 cateris
1374 1849 1802 1922 imperatricem,
1835 1853 1888 1907 in
1941 1868 2034 1908 eos

2146 1844 2238 1915 τὴν
2261 1844 2317 1898 δὲ
2344 1845 2450 1916 πρὸ
2469 1844 2577 1898 τῶν
2611 1845 2826 1901 πολλῶν
2855 1844 3293 1916 βασιλευομένων
3319 1844 3420 1915 τὴν
3453 1842 3724 1914 βασιλίδα.

451 1937 714 2007 .producit
759 1939 813 1993 in
866 1939 1040 1995 aciem
1090 1942 1325 2012 gratiam
1383 1959 1612 1998 suorum
1670 1961 2031 2002 sermonum:

446 2031 656 2085 nullius
693 2031 914 2100 quidem
947 2047 1242 2102 personam
1274 2034 1492 2104 publice
1533 2039 1851 2103 nominans,
1881 2054 2035 2094 com-

447 2124 688 2177 muniter
721 2131 903 2179 autem
947 2139 1256 2194 procurans
1295 2128 1526 2183 salutem
1565 2131 1845 2187 omnibus.
1876 2130 2034 2198 Quod

441 2215 668 2284 quidem
727 2231 846 2284 eos,
903 2217 997 2288 qui
1067 2217 1163 2273 illo
1222 2219 1359 2273 vitio
1415 2221 1764 2288 laborabant,
1797 2223 2037 2280 faciebat

449 2305 661 2362 medico
696 2322 1032 2364 succensere
1062 2317 1116 2363 et
1152 2308 1391 2365 efferari.
1421 2311 1542 2366 iam
1577 2321 1760 2369 autem
1787 2315 1938 2370 venit
1969 2315 2034 2369 ad

445 2407 612 2467 caput
643 2398 842 2452 oratio.
877 2397 1257 2456 Tucodorieus
1307 2400 1422 2467 ille,
1461 2405 1558 2474 qui
1607 2413 1740 2461 tunc
1790 2416 1912 2461 erat
1944 2423 2037 2478 pa-

447 2488 669 2555 tricius,
704 2504 829 2544 cum
861 2498 1010 2545 esset
1040 2490 1375 2555 ditissimus,
1429 2493 1500 2548 ab
1548 2494 1900 2564 imperatrice
1938 2511 2037 2567 ap-

449 2582 652 2647 petitur
685 2580 928 2637 insidiis.
988 2581 1132 2648 Quid
1167 2598 1298 2652 ergo
1345 2583 1476 2638 facit
1503 2585 1586 2639 vir
1621 2585 1754 2642 ille?
1783 2586 2040 2658 Confugit

448 2674 516 2726 ad
564 2689 913 2728 communem
976 2683 1194 2743 portum
1228 2691 1245 2741 ;
1275 2683 1329 2730 et
1377 2683 1636 2731 servatur
1685 2676 1909 2746 quidem
1968 2677 2038 2731 ab

447 2766 517 2818 iis
547 2781 668 2835 quae
721 2766 767 2820 ei
828 2766 1196 2835 parabantur,
1253 2767 1502 2823 insidiis.
1556 2766 1824 2824 Servatur
1852 2778 2036 2824 autem

451 2857 665 2911 meliori
717 2873 939 2928 quoque
973 2866 1027 2913 et
1057 2867 1416 2930 permanente
1467 2859 1668 2925 salute,
1713 2861 1877 2916 modo
1907 2861 2038 2919 alio.

451 2949 738 3018 Dispersit,
773 2949 923 3005 dedit
953 2950 1139 3005 omnia
1169 2950 1534 3022 pauperibus.
1566 2949 2039 3018 Quoutodo?Ma-

449 3042 607 3113 gistri
665 3044 924 3100 consiliis
979 3053 1033 3099 et
1078 3043 1460 3100 suasionibus.
1507 3045 1628 3111 Qua
1675 3060 1741 3099 ex
1795 3060 1853 3099 re
1906 3045 2037 3115 quid

450 3136 698 3190 lucretur
748 3136 770 3187 ’ί
820 3134 1168 3191 Thesaurum
1217 3136 1500 3192 caelestem
1531 3176 1547 3202 ,
1596 3152 1720 3192 cum
1784 3145 1933 3192 esset
1989 3139 2037 3191 ei

448 3239 795 3296 persuasum,
855 3226 1096 3283 Cornelii
1137 3229 1499 3299 eleemosynaa
1524 3229 1645 3299 eius
1674 3243 1892 3300 quoque
1915 3244 2038 3284 esse

449 3318 843 3390 exaequandam
876 3320 1313 3391 eleemosynam.
1364 3319 1491 3375 Haec
1539 3335 1665 3374 cum
1724 3320 2040 3374 rescivisset

442 3399 802 3480 imperatrix,
847 3427 958 3467 non
1008 3412 1188 3483 potuit
1220 3411 1475 3482 amplius
1512 3411 1816 3468 contineri.
1854 3409 2040 3482 Impu-

449 3500 689 3556 dentiam
720 3511 904 3557 autem
931 3509 985 3556 et
1017 3501 1182 3557 aliam
1224 3501 1589 3558 temeritatem
1623 3517 1781 3559 suam
1829 3503 2041 3572 absque

445 3593 561 3647 ‘ullo
619 3594 821 3648 rubore
878 3602 1080 3650 sancto
1143 3594 1357 3650 indicat
1394 3613 1408 3651 :
1439 3610 1568 3650 eum
1619 3596 1762 3651 bona
1814 3595 2038 3650 Patricii

451 3686 725 3740 lncratum
769 3701 893 3741 esse
923 3677 1235 3758 nugabatur
1266 3696 1317 3744 et
1348 3687 1672 3758 objiciebat.
1711 3687 1842 3759 Ejus
1867 3690 2037 3756 enim,

449 3764 544 3842 qui
581 3785 700 3829 erat
734 3774 996 3841 mundus,
1029 3786 1259 3848 prepter
1291 3777 1689 3849 benignitatem
1724 3779 2039 3835 admonitio

450 3876 570 3920 erat
601 3867 901 3937 inquinatas
943 3869 1165 3923 sordida
1209 3868 1568 3926 existimatio.
1617 3869 1867 3942 Augetur
1908 3886 2040 3942 ergo

453 3965 630 4034 (quid
684 3963 830 4020 enim
877 3979 1019 4036 opus
1082 3974 1168 4023 est
1224 3965 1277 4021 in
1338 3966 1575 4037 singulis
1642 3967 1924 4023 immorari
1964 3966 2037 4039 ⁸1)

453 4061 506 4110 in
540 4066 795 4112 sanctum
845 4058 1050 4112 invidia
1085 4075 1192 4114 :ex
1237 4075 1302 4116 ea
1345 4067 1527 4114 autem
1583 4058 1771 4115 odium
1817 4078 1832 4129 ;
1878 4076 1944 4116 ex
1975 4076 2042 4117 eo

446 4145 746 4202 maledicta
785 4163 800 4214 ;
840 4161 904 4200 ex
939 4147 1251 4204 maledictis
1296 4164 1429 4203 vero
1469 4150 1764 4204 calumniae
1795 4168 1812 4217 ;
1847 4167 1912 4205 ex
1943 4166 2040 4205 ca-

453 4237 680 4292 lumniis
735 4221 990 4291 concilia.
1045 4235 1466 4304 Transmutant,
1505 4241 1652 4310 quod
1699 4241 2041 4307 viderentur,

455 4341 564 4380 non
634 4328 780 4398 quod
839 4337 1047 4392 essent,
1119 4344 1403 4387 sermones
1451 4331 1507 4384 in
1567 4347 1740 4402 nugas
1795 4335 2043 4404 prolatas

456 4422 725 4478 adversus
779 4422 1163 4493 imperatores.
1205 4421 1375 4479 Fiunt
1421 4425 1536 4480 haec
1586 4441 1783 4482 rursus
1833 4427 2041 4499 alioqui

2138 1935 2247 1988 τῶν
2281 1935 2508 2004 ὁμιλιῶν
2550 1935 2648 2007 τῆν
2688 1937 2848 2007 χάριν
2881 1936 3313 2008 ἀντιστρατεύει,
3357 1934 3727 2008 προσωπικῶς

2141 2028 2242 2098 μὲν
2271 2027 2463 2082 οὐδένα
2482 2027 2850 2098 δημοσιεύων,
2878 2030 3033 2099 κοινῇ
3065 2028 3123 2082 δέ
3148 2030 3283 2082 πᾶσι
3307 2027 3410 2098 τὴν
3439 2026 3720 2098 σωτηρίαν

2138 2119 2438 2188 οἰκονομῶν
2462 2134 2476 2148 ’
2507 2118 2534 2171 δ
2568 2118 2696 2182 τοὺς
2725 2119 3131 2190 κρατουμένους
3153 2118 3229 2190 τῷ
3259 2118 3426 2172 πάθει
3457 2119 3600 2172 κατά
3627 2119 3725 2171 τοῦ

2143 2210 2330 2281 ἰατροῦ
2367 2210 2717 2281 χαλεπαίνειν
2754 2211 2928 2264 ἐποίει
2954 2212 3048 2265 καὶ
3077 2209 3532 2282 ἀποθηριοῦσθαι.
3563 2210 3728 2264 Ἤκει

2139 2301 2194 2354 δέ
2219 2304 2248 2354 ό
2274 2302 2431 2372 λόγος
2463 2303 2564 2375 ῆδη
2590 2305 2727 2376 πρὸς
2757 2304 2818 2357 τὸ
2853 2303 3172 2373 κεφάλαιον.
3207 2303 3550 2374 Θεοδὼρικος
3578 2305 3726 2357 ἐκεῖ·

2141 2410 2251 2457 νος,
2286 2395 2314 2447 6
2367 2394 2672 2464 τηνικαῦτα
2721 2395 3033 2466 πατρίκιος,
3079 2397 3110 2450 6
3139 2394 3575 2459 ~tritonam’rrtrroc
3626 2393 3726 2459 ὣν,

2144 2483 2299 2560 παρᾲ
2325 2485 2423 2555 τῆς
2449 2486 2772 2557 βασιλίσσης
2802 2486 3240 2542 ἐπιϐουλεύεται.
3289 2487 3355 2541 Τί
3388 2487 3484 2542 οὖν
3517 2491 3662 2540 ποιεῖ
3699 2490 3728 2538 ό

2146 2575 2463 2647 ἁνήρςἘπὶ
2485 2578 2576 2632 τὸν
2607 2579 2786 2632 κοινὸν
2817 2581 3154 2647 καταφεύγει
3175 2580 3390 2649 λιμένα,
3435 2580 3527 2633 καὶ
3552 2579 3724 2644 σώζε-

2142 2682 2235 2718 ται
2295 2668 2394 2737 μὲν
2448 2668 2548 2738 τῆς
2605 2668 2815 2721 ἐκεῖθεν
2863 2669 3184 2740 ἐπιϐουλῆς,
3230 2669 3466 2734 σώζεται
3513 2671 3572 2724 δὲ
3624 2674 3726 2740 τὴν
3827 2691 3836 2697 -

2143 2760 2380 2830 κρείττω
2433 2760 2709 2831 σωτηρίαν
2765 2762 2860 2816 καὶ
2908 2762 3198 2832 μένουσαν,
3252 2763 3457 2835 τρόπον
3513 2763 3721 2836 ἕτερον.

2156 2851 2531 2922 Ἐσκόρπισεν,
2561 2851 2730 2906 ἔδωκε
2757 2857 2870 2918 τοῖς
2899 2853 3118 2925 πένησι.
3152 2855 3314 2922 Πῶς;
3352 2855 3461 2910 Τοῦ
3481 2856 3730 2910 διδασκά-

2141 2943 2233 2997 λου
2271 2943 2627 3014 συμϐουλίαις
2661 2946 2756 2998 καὶ
2806 2946 3216 3018 παραινέσεσιν.
3255 2947 3346 3012 Ἐξ
3389 2939 3451 3002 οὗ
3499 2948 3552 3001 τί
3600 2965 3729 3019 κερ-

2141 3036 2348 3107 δαίνει;
2393 3037 2496 3090 Τὸν
2556 3039 2807 3110 οὐράνιον
2863 3037 3157 3110 θησαυρὸν,
3188 3039 3629 3112 πληροφορηθεὶς
3660 3045 3727 3114 τῇ

2144 3131 2286 3184 κατά
2319 3129 2410 3183 τὸν
2445 3131 2745 3202 Κορνήλιον
2777 3130 3122 3202 ἐλεημοσύνη
3147 3131 3474 3202 ἐξισωθῆναι
3513 3134 3610 3186 καὶ
3629 3137 3729 3204 τὴν

2142 3222 2329 3276 αὐτοῦ.
2375 3223 2563 3276 Ταῦτα
2597 3223 2848 3294 μαθοῦσα
2897 3225 2930 3293 ἡ
2973 3224 3202 3294 βασιλὶς.
3237 3227 3337 3278 οὐκ
3381 3225 3460 3280 ἔτι
3517 3226 3728 3295 γίνεται

2143 3315 2385 3386 καθεκτή
2408 3334 2420 3346 ο
2455 3316 2522 3368 τὰ
2561 3317 2617 3369 δὲ
2666 3317 2766 3388 τῆς
2809 3317 3110 3382 ἀναιδείας,
3139 3320 3234 3372 καὶ
3263 3322 3361 3390 τῆς
3392 3319 3558 3392 ἄλλης
3589 3339 3727 3393 προρ

2144 3405 2368 3468 πετείας
2414 3405 2956 3478 ἀπηρυθριασμένως
2980 3407 3134 3478 δηλοῖ
3171 3407 3247 3479 τῷ
3281 3409 3426 3480 ἁγίῳ
3448 3425 3460 3438 '
3487 3412 3731 3482 ἀποκερ-

2139 3498 2305 3564 δῆσαι
2339 3499 2503 3553 αὑτὸν
2531 3500 2601 3553 τὰ
2629 3501 2724 3554 τοῦ
2755 3503 3049 3574 πατρικίου
3079 3503 3435 3575 διεφληνάφει
3476 3507 3573 3561 καὶ
3601 3525 3732 3579 προ-

2143 3592 2421 3647 εϐάλλετο.
2461 3593 2525 3646 Ἡ
2557 3594 2668 3665 γὰρ
2705 3593 2800 3648 τοῦ
2851 3597 3252 3669 καθαρεύοντος
3293 3599 3383 3654 διὰ
3428 3600 3735 3672 φιλανθρω-

2144 3683 2275 3738 πίαν
2303 3685 2673 3756 παράκλησις,
2725 3685 2956 3757 ῥυπῶσα
2986 3688 3085 3758 τῆς
3123 3690 3498 3762 μολυνομένης
3529 3693 3734 3764 ὑπόλη-

2142 3779 2235 3847 ψις
2262 3773 2350 3846 ἦν.
2385 3776 2618 3845 Αὖξεται
2654 3779 2834 3833 τοίνυν
2869 3778 2944 3848 (τί
2974 3781 3082 3854 γὰρ
3106 3782 3188 3837 δεῖ
3212 3786 3325 3848 τοῖς
3355 3785 3476 3838 καθ’
3501 3786 3757 3840 ἕκαστον·

2144 3872 2234 3926 τὸν
2259 3872 2415 3941 λόγον
2445 3871 2778 3941 ἀπασχολεῐν
2801 3871 2839 3942 ;)
2876 3874 2904 3926 ὁ
2927 3873 3068 3927 κατά
3096 3873 3191 3927 τοῦ
3220 3874 3377 3948 ἀπίου
3414 3876 3606 3945 φθόνος
3628 3894 3640 3907 ο
3667 3881 3734 3932 ἐκ

2144 3965 2200 4019 δέ
2229 3964 2420 4018 τούτου
2452 3963 2511 4017 τὸ
2545 3964 2722 4035 μῖσος,
2754 3965 2820 4019 ἐκ
2851 3965 3044 4019 τούτου
3079 3968 3135 4022 ai
3171 3968 3454 4041 λοιδορίαι,
3500 3973 3618 4034 ταῖς
3673 3971 3732 4024 δὲ

2145 4059 2202 4110 αἱ
2218 4056 2484 4125 διαϐολαὶ,
2505 4060 2623 4120 ταῖς
2649 4057 2925 4122 διαϐολαῖς
2941 4059 3009 4112 τὰ
3036 4060 3309 4132 συνέδρια.
3331 4063 3732 4127 Μεταποιοῦσι,

2144 4149 2222 4220 τῷ
2236 4149 2488 4219 δοκεῖν-οὺ
2508 4147 2585 4221 τῷ
2607 4144 2858 4213 εἷναιτὰς
2880 4150 3098 4220 ὁμιλίας
3129 4154 3209 4216 είς
3231 4152 3423 4218 ὕθλους
3450 4156 3592 4209 κατὰ
3622 4158 3735 4209 τῶν

2146 4240 2540 4311 βασιλευόντων
2596 4240 2760 4310 δῆθεν
2801 4241 3327 4314 ἐξ[εν]ηνεγμένους.
3384 4246 3734 4318 Ἐπισχύεται

2148 4334 2320 4388 ταῦτα
2357 4335 2521 4389 πάλιν
2551 4335 2729 4398 ἄλλως
2763 4337 2860 4390 καὶ⁵
2898 4337 2971 4407 τῇ
3014 4337 3135 4389 κατ’
3172 4337 3477 4408 Εὐτρόπιον
3520 4341 3730 4414 ὁμιλίᾳ.

2158 4427 2220 4480 '0
2250 4427 2308 4481 δέ
2344 4429 2545 4498 τρόπος
2593 4427 2859 4496 λεγέσθω,
2919 4429 3196 4500 παίδευμα
3229 4431 3338 4486 τῶν
3369 4432 3582 4488 πολλῶν
3637 4439 3736 4489 καὶ

457 4515 731 4570 validiora
775 4529 1032 4571 sermone
1087 4515 1276 4571 habito
1313 4518 1367 4572 in
1416 4516 1764 4589 Eutropimn.
1817 4518 2038 4575 Dicatur

2151 4517 2411 4588 ὠφέλεια.
2436 4519 2736 4591 Εὐτρόπιος
2765 4515 2943 4586 οὗτος,
2969 4521 3270 4593 δυστροπίᾳ
3303 4523 3531 4594 γνώμης
3568 4525 3734 4590 ἄνους

459 4617 641 4663 autem
670 4608 889 4673 modus,
922 4612 982 4662 ut
1016 4607 1088 4665 sit
1121 4610 1418 4664 multorum
1450 4609 1702 4666 doctrina
1727 4620 1782 4667 et
1810 4611 2040 4668 utilitas.

459 4699 562 4757 Hic
609 4699 910 4773 Eutropius
961 4715 1087 4756 cum
1152 4692 1431 4771 perversis
1472 4711 1621 4758 esset
1687 4703 1934 4760 moribus
1991 4711 2046 4758 et

458 4793 788 4860 inclemens,
849 4792 916 4847 ad
961 4793 1414 4849 malefaciendum
1462 4803 1646 4850 autem
1689 4796 2041 4865 malitiosus,

459 4887 623 4942 talem
657 4887 911 4957 laqueum
951 4885 1029 4959 (ο
1073 4900 1280 4941 novum
1326 4887 1611 4942 inventum
1646 4887 1702 4954 ί)
1741 4887 2044 4945 fabricatur

459 4977 902 5031 inbumanitatis.
966 4975 1272 5033 Persuadet
1317 4976 1638 5049 imperatori
1695 4980 1888 5052 (apud
1939 4981 2044 5036 im-

460 5078 771 5139 peratorem
797 5069 943 5124 enim
979 5070 1211 5124 multum
1246 5071 1506 5141 poterat)
1538 5080 1594 5125 ut
1650 5076 1822 5143 legem
1855 5071 2041 5139 ferret,

459 5178 528 5216 ne
584 5162 670 5214 cui
736 5160 928 5216 liceret
978 5161 1280 5232 confugere
1327 5162 1396 5216 ad
1431 5177 1651 5218 sacram
1694 5172 1749 5217 et
1800 5163 2040 5218 divinam

460 5271 730 5311 mensam.
787 5253 906 5309 Non
936 5257 1170 5310 multum
1210 5265 1395 5312 autem
1430 5258 1746 5312 intercessit
1781 5259 2096 5327 temporis.

456 5361 505 5403 et
542 5349 662 5404 suis
695 5349 906 5419 laqueis
941 5346 1016 5420 (ο
1039 5349 1242 5418 justam
1267 5362 1488 5417 poenam
1513 5357 1568 5404 et
1605 5349 1942 5408 celeritatem
1975 5352 1987 5404 !
2021 5351 2040 5421 )

459 5441 678 5512 capitur
704 5441 796 5510 qui
828 5439 1148 5494 fabricatur.
1173 5438 1331 5495 Cadit
1353 5442 1521 5504 enim,
1554 5451 1609 5495 et
1635 5441 1700 5494 ad
1727 5455 1846 5495 eam
1877 5456 2041 5510 quam

462 5537 586 5591 aliis
621 5536 834 5590 studuit
868 5535 1184 5605 prohibere,
1239 5532 1488 5602 confugit
1545 5534 1860 5590 ecclesiam.
1911 5532 2042 5586 Pro-

458 5616 581 5692 pter
619 5626 734 5678 haec
759 5624 908 5692 justa
941 5625 1369 5694 reprehensione
1398 5639 1471 5679 ea
1508 5639 1630 5692 quae
1678 5624 1882 5680 fecerat
1932 5622 2041 5676 Eu-

458 5712 694 5780 tropius,
714 5729 814 5768 suo
841 5725 1093 5771 scrmnne
1127 5715 1347 5786 sapiens
1378 5715 1729 5785 persequitur
1756 5716 2000 5770 medicus
2025 5757 2042 5781 ,

458 5811 513 5854 et
543 5801 650 5856 hoc
685 5801 787 5855 fuit
817 5806 1235 5861 accusatoribus
1263 5807 1370 5860 alia
1404 5805 1691 5875 injustitize
1723 5807 1947 5862 occasio
1987 5816 2040 5860 et

460 5891 820 5959 insurrcctio,
847 5903 904 5947 ut
933 5895 1028 5971 qui
1060 5911 1184 5953 eum
1226 5912 1335 5953 non
1386 5898 1564 5952 solum
1610 5896 1758 5955 illius
1792 5913 1897 5952 non
1933 5898 2036 5953 mi-

2151 4605 2438 4676 ύπάρχων,
2473 4607 2725 4660 κακῶσαι
2757 4607 2946 4676 κακὸς,
2985 4609 3228 4665 τοιοῦτόν
3261 4629 3384 4668 τινα
3426 4612 3620 4685 βρόχον
3665 4615 3734 4684 (ὢ

2149 4698 2247 4766 τῆς
2282 4697 2476 4767 καινῆς
2536 4698 2832 4769 ἐπινοίαςι)
2886 4702 3302 4771 μισανθρωπίας
3360 4707 3730 4763 τεκταίνεται.

2149 4787 2494 4859 Παραπείθει
2549 4789 2641 4843 τὸν
2691 4789 2917 4859 βασιλέα
2973 4792 3237 4865 (καὶγὰρ
3284 4789 3351 4866 ἦν
3385 4795 3474 4850 διὰ
3531 4797 3734 4867 πολλῆς

2151 4882 2463 4952 παρρησίας
2508 4881 2588 4953 τῷ
2639 4882 2892 4953 βασιλεῖ)
2949 4885 3335 4956 νομοθετῆσαι,
3389 4889 3484 4942 τοῦ
3522 4890 3734 4960 μηδένα

2149 4972 2348 5038 ἐξεῖναι
2383 4974 2756 5044 προσφεύγειν
2787 4978 2852 5047 τῇ
2889 4975 3009 5048 θείᾳ
3031 4977 3126 5030 καὶ
3160 4979 3282 5050 ἱερᾷ
3308 4982 3578 5055 τραπέζῃ,
3620 4983 3734 5036 Καὶ

2147 5066 2209 5120 ού
2238 5065 2372 5120 πολὺ
2407 5067 2466 5120 τὸ
2493 5068 2551 5119 ἐν
2590 5068 2764 5136 μέσῳ,
2811 5069 2906 5121 καὶ
2934 5070 3047 5132 τοῖς
3099 5069 3249 5134 ἰδίοις
3286 5071 3502 5142 βρόχοις
3539 5072 3605 5145 (ὣ
3634 5075 3735 5144 τῆς

2147 5160 2363 5224 δικαίας
2386 5161 2580 5230 ποινῆς
2612 5179 2671 5214 τε
2705 5162 2800 5215 καὶ
2833 5164 3137 5234 ταχυτῆτος
3162 5166 3199 5234 ί)
3232 5167 3259 5218 ὁ
3283 5167 3584 5220 τεκταίνων
3609 5167 3731 5221 ἀλί-

2151 5271 2362 5308 σκεται.
2422 5254 2754 5324 Περιπίπτει
2798 5253 2928 5326 γὰρ,
2981 5263 3076 5309 καὶ
3129 5257 3268 5328 πρὸς
3302 5259 3369 5330 ἢν
3424 5258 3592 5323 αὐτὸς
3620 5263 3734 5323 τοῖς

2148 5347 2329 5409 ἄλλοις
2357 5347 2589 5400 κωλύειν
2622 5347 2978 5413 ἐσπούδακεν,
3019 5349 3319 5420 ἐκκλησίαν
3365 5351 3732 5421 προσφεύγει.

2163 5440 2285 5492 Ἐπὶ
2313 5437 2528 5499 τούτοις
2572 5437 2664 5492 τὸν
2696 5437 2765 5492 δι’
2796 5439 3012 5509 ὁμιλίας
3051 5440 3274 5512 ἔλεγχον
3301 5435 3382 5506 οἷς
3430 5443 3733 5514 Εὑτρόπιος

2149 5530 2394 5602 ἔδρασεν,
2449 5532 2477 5583 ό
2510 5529 2672 5597 σοφὸς
2721 5529 2977 5595 διέξεισιν
3030 5533 3235 5602 ἰατρός.
3287 5534 3400 5586 Καὶ
3429 5533 3590 5588 τοῦτο
3620 5535 3732 5596 τοῖς

2147 5623 2480 5693 κατηγόροις
2525 5621 2799 5694 πρόφασις
2828 5621 3044 5686 ἀδικίας
3096 5623 3229 5695 ἄλλη
3291 5627 3387 5678 καὶ
3417 5625 3732 5680 ἐπανάστα-

2150 5731 2253 5777 σις,
2301 5714 2376 5784 μὴ
2419 5713 2504 5766 ὅτι
2535 5714 2625 5766 τὸν
2671 5712 3044 5784 δυστυχοῦντα
3090 5715 3191 5768 οὐκ
3237 5715 3541 5784 ἐλεοῦντος,
3593 5716 3731 5769 ἀλλὰ

2153 5804 2248 5858 καὶ
2263 5805 2329 5857 δι’
2349 5803 2610 5875 ἐλέγχων,
2637 5803 2933 5874 λεγόντων,
2967 5806 3339 5875 μαστίζοντος.
3366 5809 3475 5862 Kal.
3505 5808 3602 5878 τῆς
3631 5808 3732 5878 μὲν

2152 5896 2406 5968 τοιαύτης
2433 5897 2861 5972 ἐπαναστᾴσεως
2894 5899 3136 5970 ἀρχηγός
3184 5917 3242 5953 τε
3298 5900 3388 5954 καὶ
3444 5903 3736 5969 κορυφαῖος
