4084 6434
442 324 552 391 261

1100 321 1388 385 ORATIO
1426 321 1650 385 XVIII.
1681 346 1748 358 -
1779 317 2169 383 LAUDATIO
2210 317 2276 383 S.
2311 320 2633 385 JOANNIS
2674 321 3087 385 CHRYSOST.

3619 327 3729 392 262

442 446 473 493 6
518 438 930 512 Ἀλεξανδρείας
959 437 1222 508 Θεόφιλος
1271 433 1363 509 ἣν.
1398 437 1643 507 Οὐδεμία
1684 436 1763 508 τῷ
1798 454 2037 509 κατηγο-

2150 438 2341 503 sereri,
2373 438 2468 495 sed
2493 438 2645 493 illum
2677 440 2844 494 etiam
2869 438 3408 521 reprehensionibus
3453 438 3730 510 ﬂagellat-re

444 532 699 603 poupévq:
728 534 859 601 περὶ
888 530 1096 584 τούτων
1128 532 1376 601 φροντὶς,
1408 529 1549 602 πλὴν
1574 532 1608 603 ἡ
1636 530 1731 584 τοῦ
1768 532 2035 602 Κρείττο-

445 641 537 689 νος
564 623 854 696 θεραπεία.
890 623 1111 695 Ταύτης
1139 622 1197 677 δὲ
1226 623 1319 677 διὰ
1366 623 1586 679 πάντων
1617 624 1711 678 καί
1743 624 1915 694 μόνης
1935 624 2036 695 τὴν

444 717 711 791 φροντίδα
738 716 1087 787 ποιούμενος,
1116 715 1371 784 διαγνοὺς
1404 716 1528 771 τότε
1553 716 1681 779 τοὺς
1710 716 1781 770 τά
1819 717 2035 788 ’Λρείου

446 810 761 876 νοσοῦντας,
804 806 1122 880 χωροῦντας
1146 810 1228 871 είς
1262 812 1624 881 συνακτήρια,
1678 810 1898 882 πρῶτον
1936 810 2037 880 μὲν

446 903 663 971 εὒχαῖς,
698 896 819 955 εἶτα
868 901 1128 965 σπουδαῖς
1178 901 1423 965 ἀπάσαις
1453 900 1734 968 ἐξελαύνει
1780 902 1880 971 τῆς
1934 900 2035 954 πό-

445 994 605 1056 λεως.
649 991 792 1045 Ἀλλ’
816 992 878 1045 ού
914 991 1082 1056 πολὺς
1119 992 1220 1063 ἤδη
1257 991 1468 1063 προέϐη
1502 992 1718 1064 χρόνος,
1754 994 1849 1046 καὶ
1872 992 2038 1046 πάλιν

443 1084 868 1158 χειραγωγηθὲν
902 1085 964 1138 τὸ
1000 1084 1337 1156 Ἀρειανίζον
1364 1084 1428 1138 ἐκ
1454 1101 1619 1139 τινων
1664 1084 1763 1154 τῆς
1796 1085 2037 1155 συγκλή-

448 1193 566 1240 του,
602 1174 1049 1249 παρρησιάζεται
1070 1192 1085 1207 ’
1117 1175 1213 1231 καὶ
1240 1175 1309 1231 τά
1335 1175 1589 1230 ἐντεῦθεν
1638 1176 1832 1247 ἀναιδῆ
1876 1194 2036 1246 σιγη-

448 1270 595 1321 τέον.
634 1268 775 1320 Ἀλλ’
805 1262 893 1321 οἷα
934 1268 1021 1322 διὰ
1050 1269 1159 1322 τῶν
1188 1268 1335 1321 οὕτω
1363 1268 1674 1339 λεγομένων
1714 1269 2037 1337 ἀντιφώνων

464 1362 763 1431 Ἀρειανοῖς
807 1360 1101 1430 συμϐαίνει
1130 1362 1228 1413 καὶ
1260 1358 1589 1430 ὀρθοδόξοις,
1629 1360 1739 1413 τῶν
1767 1362 1865 1431 μὲν
1894 1362 2035 1432 λαμε

450 1454 740 1526 προτέροις
772 1453 965 1524 ὕμνοις
988 1455 1054 1507 τὸ
1104 1453 1394 1524 ὁμοούσιον
1450 1452 1895 1524 ίερολογούντων,
1930 1456 2037 1508 τῶν

447 1546 508 1601 δὲ
548 1546 846 1618 Ἀρειανών
868 1545 1316 1616 ταπεινουμένων
1346 1546 1441 1600 καὶ
1471 1546 1821 1617 ἡττωμένων,
1854 1550 1949 1601 κα)⁵
1973 1548 2038 1617 δὴ

446 1640 534 1701 εἰς
566 1638 850 1701 κινδύνους
885 1637 1215 1708 ἀμφοτέρων
1243 1637 1309 1690 ἐκ
1347 1637 1446 1707 τῆς
1480 1637 1718 1708 ἁμίλλης
1759 1655 2035 1709 καταντη-

449 1732 682 1796 σάντων,
739 1732 769 1783 6
817 1731 974 1799 λόγος
1033 1727 1411 1801 παραδραμὼν
1448 1730 1540 1782 τὸν
1594 1732 1797 1801 τρόπον
1830 1731 2040 1800 λεγέτω

2137 530 2410 585 dicerent.
2447 533 2512 587 Et
2549 532 2714 602 hujus
2743 533 2969 603 quidem
3005 533 3436 589 iusurrcctionis
3473 534 3583 590 dux
3610 547 3730 591 erat

2131 632 2192 677 et
2255 623 2515 694 princeps
2563 622 2906 697 Theophilus
2956 625 3386 682 Alexandrinus.
3440 627 3502 682 Ei
3547 636 3729 682 autem

2136 716 2234 786 qui
2274 717 2669 784 accusabatur,
2709 718 2862 773 nulla
2897 717 3094 773 horum
3136 726 3259 774 erat
3289 732 3448 785 cura,
3495 719 3592 775 sed
3634 735 3727 774 so-

2141 809 2254 863 lum
2285 810 2473 865 cultus
2498 808 2938 881 Omnip’otentis.
2978 809 3119 867 Cum
3154 810 3278 882 ejus
3320 818 3505 866 autem
3554 812 3730 869 solius

2137 915 2335 955 curam
2390 909 2609 971 gereret
2636 904 2987 973 perpetuam,
3022 902 3380 974 cognovisset
3433 918 3568 959 vero
3605 919 3726 968 eos,

2135 992 2233 1063 qui
2267 995 2464 1048 morbo
2512 994 2843 1050 laborabant
2872 991 3014 1061 Arii,
3055 994 3111 1049 in
3140 1005 3325 1052 castus
3374 1000 3729 1070 congregari,

2140 1086 2382 1155 primum
2405 1086 2629 1157 quidem
2670 1087 2955 1158 precibus,
3003 1086 3206 1144 deinde
3236 1088 3439 1144 studiis
3473 1090 3734 1145 omnibus

2139 1176 2423 1245 expellite
2456 1176 2708 1232 civitate.
2766 1177 2875 1233 S'ed
2931 1192 3042 1233 non
3093 1179 3330 1233 multum
3387 1190 3734 1249 processerat

2140 1269 2429 1339 temporis,
2477 1277 2531 1324 et
2576 1285 2773 1325 rursus
2822 1270 3045 1325 deducti
3091 1270 3281 1325 Ariani
3328 1286 3358 1324 a
3399 1271 3736 1340 quibusdam

2138 1374 2207 1412 ex
2242 1362 2460 1425 senatu,
2495 1361 2673 1418 libere
2706 1372 3007 1417 versantur
3040 1362 3095 1415 in
3129 1364 3371 1418 civitate.
3400 1363 3465 1418 Et
3506 1368 3734 1420 tacenda

2139 1454 2369 1520 quidem
2399 1463 2529 1509 sunt
2551 1454 2738 1523 gravia
2766 1455 2933 1521 mala,
2960 1454 3229 1524 qutehine
3254 1467 3385 1513 sunt
3414 1469 3732 1513 consecuta.

2141 1544 2290 1611 Quin
2320 1547 2487 1600 etiam
2521 1558 2645 1617 quae
2675 1548 2773 1616 per
2800 1562 2890 1610 ea,
2925 1554 3048 1616 qua:
3089 1547 3359 1603 dicuntur
3391 1550 3732 1619 Atttiphona,

2146 1636 2372 1690 Arianis
2433 1637 2757 1691 acciderunt
2810 1642 2865 1690 et
2915 1635 3280 1702 OIIhOdO‘tIS,
3354 1637 3443 1694 his
3511 1636 3735 1705 quidem

2142 1729 2310 1784 claris
2343 1729 2561 1800 hymnis
2604 1723 3019 1783 celebrantibus
3080 1728 3456 1794 bomonsium,
3505 1728 3737 1799 dejectis

446 1824 550 1893 τῆς
577 1824 687 1878 τῶν
721 1823 1044 1893 ἀντιφώνων
1067 1823 1165 1876 ἀπ’
1190 1823 1365 1893 ἀρχῆς
1390 1823 1768 1894 παραδόσεως.
1796 1825 1953 1877 Ἔστι
1982 1825 2038 1877 δὲ

2150 1831 2335 1875 autem
2368 1832 2423 1877 et
2454 1822 2732 1891 superatis
2776 1822 3022 1885 Arianis,
3068 1835 3195 1875 cum
3243 1820 3466 1891 utrique
3496 1836 3562 1877 ex
3598 1836 3736 1876 cor.-

443 1909 604 1980 οὖτος
663 1916 927 1984 Ἰγνάτιος
992 1914 1344 1985 Ἀντιοχείας,
1409 1915 1438 1967 6
1491 1914 1790 1987 θεοφόρος,
1852 1916 2037 1990 τρίτος

448 2008 807 2080 χρηματίσας
868 2007 1009 2080 μετά
1055 2025 1118 2076 γε
1165 2007 1226 2060 τὸ
1277 2009 1422 2077 μέγα
1469 2008 1563 2061 καὶ
1596 2010 1892 2079 κορυφαῖον
1930 2008 2041 2060 τῶν

447 2102 765 2155 ἀποστόλων
795 2099 1165 2170 καλλώπισμα
1196 2100 1425 2170 Πέτρον,
1456 2099 1517 2163 ὃς
1551 2101 1649 2154 καὶ
1694 2100 1880 2163 αὐτοῖς
1915 2115 2041 2153 συν·

444 2192 689 2263 διέτρισε
718 2195 834 2255 τοῖς
866 2192 1141 2263 μαθηταῖς
1180 2190 1277 2244 τοῦ
1319 2191 1587 2261 Χριστοῦ,
1639 2192 1856 2261 λέγεται
1888 2192 2039 2255 θείας

450 2283 725 2347 ὀπτασίας
795 2284 1047 2352 ἀγγέλων
1127 2282 1508 2353 κατηξιώσθαι
1585 2283 1656 2337 δι’
1719 2282 2039 2353 ἀντιφώνων

450 2377 900 2449 ύμνούντωντὴν
926 2379 1093 2445 ἀγίαν
1124 2379 1220 2431 καὶ
1258 2376 1548 2447 ὀμοούσιον
1577 2377 1807 2445 Τριάδα.
1850 2378 1939 2444 Ἐξ
1979 2372 2041 2431 οὗ

450 2471 509 2521 ἐν
546 2466 869 2538 Ἀντιοχείᾳ,
892 2468 985 2521 καὶ
1016 2467 1229 2521 ἐκεῖθεν
1256 2467 1499 2531 ἀπάσαις
1520 2467 1838 2537 ἐκκλησίαις
1867 2470 1899 2538 ἡ
1932 2470 2041 2521 τῶν

449 2559 796 2628 ἀντιφώνων,
891 2560 987 2612 καὶ
1020 2560 1290 2630 σταυροὺς
1317 2560 1630 2631 ἀργυρέους
1656 2561 1773 2621 τοῖς
1802 2558 2041 2626 ἀντιφώ-

451 2668 563 2714 υοις
583 2649 1076 2721 παραπήγνυσθαι,
1107 2650 1319 2720 διεδόθη
1351 2649 1675 2722 παράδοσις.
1696 2650 1857 2703 ’Λλλά
1879 2652 2037 2703 τοῦτο

453 2746 557 2815 μὲν
578 2744 674 2798 ώδί
694 2759 811 2805 πως
835 2745 865 2796 6
886 2743 1045 2812 λόγος
1074 2742 1433 2813 ἀπήγγειλεν.
1453 2742 1674 2812 Ἐπειδὴ
1696 2742 1754 2795 δὲ
1787 2743 1878 2795 καὶ
1904 2742 2041 2811 ἄλλη

451 2855 541 2902 τις
596 2837 840 2911 ίστορίας
890 2837 1149 2901 ὑπόθεσις
1178 2837 1423 2907 ἀπαντᾷ,
1456 2837 1491 2907 ἡ
1544 2835 1689 2889 κατὰ
1712 2836 1803 2889 τὸν
1842 2835 2043 2890 Κελτόν

457 2948 601 3001 φημι
630 2930 830 2983 Γαῖνᾶν
858 2929 952 2982 τὸν
976 2928 1280 3000 Ἀρειανδν,
1300 2928 1441 2981 ἑκὼν
1471 2930 1568 2982 καὶ
1590 2926 1799 2999 ταύτην
1826 2930 1855 2982 ὁ
1883 2929 2041 2998 λόγος

458 3022 929 3095 παραδραμεῖται,
964 3022 1093 3085 τοὺς
1123 3019 1596 3092 φιλοπονωτέρους
1624 3020 2039 3093 παραπέμπων,

457 3114 492 3185 ἢ
522 3112 725 3185 μᾶλλον
751 3113 880 3175 τοὺς
910 3110 1267 3180 ἀγνοοῦντας,
1292 3112 1373 3176 είς
1400 3110 1499 3183 τὴν
1529 3109 1674 3166 κατὰ
1697 3110 2044 3183 Θεοδώρητον
2072 3148 2114 3205 C

452 3203 921 3277 ἐκκλησιαστικὴν
957 3203 1224 3276 ἱστορίαν,
1250 3204 1374 3275 ἥτις
1410 3204 1502 3258 καὶ
1527 3202 1686 3257 τοῦτο
1720 3207 1904 3274 ποριεῖ
1932 3207 2043 3268 τοῖς

456 3299 698 3365 πολλοῖς,
728 3300 879 3361 ὅπως
908 3296 989 3367 τῷ
1024 3298 1181 3366 κόπῳ
1214 3298 1310 3350 καὶ
1342 3298 1410 3367 τῇ
1440 3296 1725 3368 παρρησία
1759 3296 1855 3349 τοῦ
1885 3298 2043 3365 ἁγίου

455 3392 895 3463 ἐπιστομίζεται,
950 3390 1044 3444 καὶ
1077 3389 1213 3453 τέως
1274 3388 1547 3459 εἰρηνεύει
1597 3391 1625 3442 6
1679 3388 2046 3460 βαρϐαρώδης

456 3488 668 3549 ἐκεῖνος
698 3485 862 3556 ἀνήρ.

527 3666 614 3731 ιζ’.
659 3664 945 3720 Ἐντεῦθεν
992 3665 1049 3718 αί
1100 3663 1242 3718 κατά
1277 3663 1375 3717 τοῦ
1424 3661 1689 3732 Ἐφεσίων
1732 3662 2039 3718 ἐπισκόπου

456 3758 693 3812 λίὸελλοι
734 3758 1046 3821 Ἀντωνίου,
1094 3762 1190 3811 καὶ
1218 3760 1253 3829 ἠ
1289 3756 1426 3828 πρὸς
1462 3756 1699 3824 Ἔφεσον
1730 3756 1823 3809 τοῦ
1854 3757 2048 3827 ἀρχιε-

458 3852 600 3921 ρέως
638 3851 943 3921 ἀποδημία,
992 3850 1149 3919 καὶὴ
1189 3848 1404 3903 πολλῶν
1445 3847 1769 3918 καθαίρεσις
1811 3848 2046 3912 ἔνδικος,

460 3942 667 4015 χρυσίῳ
690 3942 1061 4015 φωραθέντων
1096 3941 1494 4011 ὲπισκοπῆσαι.
1538 3939 1825 3994 Ἐντεῦθεν
1849 3942 1884 4011 ἡ
1907 3940 2050 3995 κατὰ

459 4038 759 4092 Ιιαυλικίου
819 4036 971 4106 παρά.
1034 4052 1181 4098 τινος
1232 4035 1409 4105 χήρας
1472 4032 1612 4105 πρὸς
1661 4033 1760 4103 τὴν
1803 4032 2049 4100 βασιλίδα

456 4131 737 4200 ἔγκλησις.
773 4127 988 4199 Μικρὸν
1020 4128 1077 4181 δέ
1108 4145 1161 4181 τι
1210 4128 1290 4199 τῷ
1317 4126 1620 4197 διηγήματι
1666 4124 2048 4197 χαρισώμεθα.

460 4222 599 4278 Τάδε
644 4224 743 4292 τῆς
786 4222 1101 4292 ἐγκλήσεως
1154 4215 1244 4292 ἦν,
1298 4220 1496 4291 χρέους
1547 4217 1881 4288 κατάσχεσις
1917 4217 2051 4273 ὡσεὶ

462 4318 702 4389 χρυσίων
748 4313 1146 4369 πεντακοσίων.
1192 4314 1353 4382 Ἀγει
1413 4313 1471 4367 δὲ
1526 4311 1715 4366 τοῦτον
1744 4313 1779 4383 η
1813 4311 2049 4382 βασιλὶς,

460 4413 552 4463 καὶ
600 4410 661 4463 οὐ
713 4408 986 4481 πρότερον
1034 4407 1277 4477 ἀνῆκεν,
1331 4406 1438 4470 ἓως
1468 4400 1529 4460 οὗ
1565 4407 1817 4480 ἀπῄτησε
1854 4405 1953 4477 μὲν
1991 4406 2050 4473 ἐξ

2145 1914 2395 1969 tentione
2447 1915 2731 1970 venissent
2782 1915 2837 1967 in
2909 1912 3241 1985 periculum,
3307 1917 3739 1983 praetermittens

2144 2010 2326 2063 oratio
2370 2009 2521 2063 dicat
2569 2007 2794 2063 modum
2845 2008 3039 2079 prima-~
3094 2009 3163 2062 ab
3208 2009 3370 2064 initio
3418 2010 3738 2065 traditionis

2146 2100 2617 2171 Antiphonorum.
2649 2098 2749 2154 llic
2798 2109 2883 2155 est
2916 2108 3100 2154 autem
3137 2120 3150 2156 :
3182 2098 3457 2171 lgnatius,
3494 2103 3585 2171 qui
3623 2102 3727 2175 fuit

2145 2192 2347 2247 tertius
2421 2191 2805 2246 Antiochenus
2890 2192 3227 2261 cpiscopus,
3287 2201 3412 2260 post
3472 2207 3733 2262 magnum

2145 2294 2198 2336 et
2263 2299 2541 2338 summum
2597 2284 2977 2354 apostolorum
3027 2288 3417 2339 Ornatuentum
3478 2284 3729 2348 Petrum.

2146 2374 2241 2444 qui
2265 2375 2431 2429 etlam
2464 2377 2719 2430 versatus
2748 2384 2828 2431 est
2855 2382 2982 2429 cum
3016 2374 3154 2445 ipsis
3172 2374 3379 2430 Christi
3412 2376 3732 2448 discipulis,

2144 2464 2349 2519 dicitur
2372 2481 2492 2522 esse
2516 2467 2773 2535 dignatus
2815 2466 3001 2520 divina
3039 2466 3360 2538 angelorum
3386 2468 3622 2531 visione,
3645 2484 3742 2539 per

2148 2557 2459 2627 Antiphonta
2488 2558 2830 2613 laudantium
2866 2566 3115 2613 sanetam
3146 2571 3197 2615 et
3222 2560 3467 2630 ejusdem
3488 2564 3744 2615 essentia!

2146 2645 2491 2702 Trinitatem.
2530 2646 2608 2700 Ex
2641 2663 2752 2716 quo
2790 2648 3116 2712 Antiochiae,
3155 2659 3209 2703 et
3278 2650 3431 2704 illinc
3484 2652 3744 2706 omnibus

2146 2739 2421 2800 ccclesiis,
2443 2740 2911 2809 Antiphonorum,
2938 2756 3042 2812 qua
3067 2743 3232 2796 etiam
3252 2758 3451 2798 cruces
3469 2754 3745 2815 argenteae

2152 2832 2205 2886 in
2237 2832 2557 2903 antiphonis
2617 2833 2885 2905 figuntur,
2935 2834 3061 2888 data
3103 2841 3189 2889 est
3227 2835 3469 2892 traditio.
3505 2838 3612 2891 Sed
3642 2828 3747 2893 hoc

2156 2924 2377 2995 quidem
2408 2926 2489 2981 sic
2520 2926 2831 2982 enuntiarit
2865 2927 3069 2982 oratio.
3125 2926 3400 2995 Quoniam
3434 2938 3616 2983 autem
3650 2947 3746 2985 oc-

2154 3022 2333 3074 currit
2381 3019 2516 3074 illud
2571 3030 2957 3091 argumentum
3000 3022 3270 3087 historian
3307 3023 3376 3078 de
3425 3021 3604 3088 Gallo,
3657 3025 3746 3079 in-

2156 3129 2348 3183 quam,
2370 3111 2545 3168 Gaina
2569 3113 2793 3177 Ariano,
2812 3124 2933 3171 eam
2960 3113 3181 3187 quoque
3198 3116 3395 3171 lubens
3422 3118 3749 3188 prtetermit-

2153 3212 2229 3259 tet
2260 3205 2463 3271 oratio,
2490 3204 2797 3271 studiosos,
2839 3205 2921 3261 vel
2962 3208 3146 3277 potius
3171 3224 3292 3272 eos.
3318 3211 3413 3279 qui
3463 3209 3747 3280 ignorant.

2151 3296 2443 3353 remittens
2479 3296 2547 3351 ad
2594 3298 2924 3353 Theodoreti
2967 3298 3257 3356 historiam
3286 3286 3747 3366 ecclesiasticam,

2150 3404 2274 3458 quae
2333 3390 2438 3445 hoc
2501 3391 2694 3446 multis
2758 3391 3155 3461 suppeditabit,
3227 3392 3509 3464 quomodo
3570 3398 3747 3449 sancti

2153 3481 2341 3537 labore
2362 3488 2417 3536 et
2446 3481 2667 3535 dicendi
2694 3481 2952 3536 libertate
2975 3495 3040 3537 os
3067 3484 3117 3538 ei
3153 3484 3463 3539 obstruitur
3493 3502 3506 3538 :
3531 3490 3585 3538 et
3618 3496 3749 3539 tunc

2150 3590 2341 3647 pacem
2379 3576 2490 3647 agit
2522 3577 2604 3630 vir
2631 3575 2723 3631 ille
2753 3574 3055 3630 barbarus.

2224 3668 2481 3723 l7.Hinc
2531 3678 2843 3739 sequuntur
2880 3664 3149 3723 adversus
3203 3665 3572 3736 Ephesiorum
3624 3669 3749 3737 epi-

2152 3776 2382 3832 scopum
2427 3760 2596 3816 libelli
2633 3761 2881 3823 Antonii,
2910 3768 2963 3814 et
3010 3759 3288 3830 pontiﬁcis
3338 3757 3614 3829 Ephesum
3650 3761 3751 3814 mi-

2152 3854 2357 3923 gratio,
2383 3862 2438 3907 et
2467 3853 2616 3921 justa
2645 3852 2946 3907 multorum
2972 3851 3270 3922 depositio,
3294 3850 3389 3921 qui
3420 3850 3749 3922 deprehensi

2154 3954 2284 4000 sunt
2314 3960 2454 4000 auro
2476 3960 2603 4001 esse
2633 3943 2815 4015 adepti
2851 3944 3231 4015 episcopatus.
3270 3941 3476 3998 Deinde
3519 3943 3750 3998 l’aulicii

2154 4053 2182 4091 a
2242 4037 2480 4108 quadam
2548 4035 2710 4091 vidua
2766 4036 2909 4107 apud
2981 4036 3390 4106 imperatricem
3441 4036 3742 4090 accusatio.

2154 4130 2481 4201 Largiamur
2536 4138 2670 4184 Vero
2722 4128 2971 4183 nonnib’il
3031 4128 3363 4183 narrationi.
3414 4126 3747 4183 Coutinebat

2154 4232 2335 4278 autem
2377 4222 2682 4287 accusatio,
2708 4221 2854 4293 quod
2898 4222 3119 4276 debitor
3155 4228 3304 4278 esset
3329 4223 3552 4277 circiter
3583 4223 3749 4294 quin-

2153 4326 2445 4390 gentorum
2506 4330 2825 4372 aureorum.
2869 4316 3005 4371 Eum
3059 4316 3212 4371 ducit
3254 4316 3611 4387 impcratris,
3648 4335 3751 4372 nec.

2155 4412 2306 4481 prius
2342 4424 2468 4466 eum
2518 4409 2756 4476 remisit,
2787 4425 2952 4481 quam
3007 4410 3076 4462 ab
3112 4425 3178 4464 eo
3210 4411 3489 4479 esegisset
3523 4411 3751 4481 quanti-

462 4504 628 4558 αὐτοῦ
657 4504 955 4581 ,ποσῧτητα
1007 4501 1280 4572 χρυσίνων
1329 4501 1531 4572 λιτρῶν
1592 4504 1811 4567 ἑκατὸν,
1842 4502 2044 4556 ιιιποδέό

2155 4513 2319 4558 tatem
2353 4510 2577 4557 centum
2610 4500 2878 4558 librarum
2924 4500 3080 4557 auri:
3111 4496 3548 4558 reddiditautem
3584 4518 3749 4558 accu-

450 4599 602 4661 ,δωκε
624 4597 678 4651 δὲ
701 4600 766 4667 τῇ
798 4596 1109 4670 ὲγκαλούσῃ
1135 4595 1425 4668 χρυσίνους
1457 4596 1652 4666 μόνους
1675 4597 1736 4663 ἓξ
1764 4598 1860 4650 καὶ
1890 4595 2049 4668 τριά-

461 4708 646 4746 κοντα.
681 4691 747 4743 Τί
788 4689 883 4745 οὖν
915 4690 1060 4744 ποιεῖ
1082 4690 1143 4743 τὸ
1181 4686 1449 4757 ὲγκαλοῦν
1495 4690 1755 4758 γύναιον;
1802 4689 1925 4743 Ἐπὶ
1957 4688 2050 4741 τὸν

464 4784 640 4838 κοινὸν
672 4782 1011 4852 καταφεύγει
1056 4782 1369 4854 προστάτην
1390 4797 1407 4815 ο
1435 4782 1463 4834 6
1493 4782 1551 4836 δὲ
1581 4782 1673 4836 τὸν
1706 4780 2049 4852 ἐγκαλούμε-

463 4895 552 4931 νον
584 4873 711 4948 ἧγε,
736 4877 832 4931 καὶ
848 4876 916 4931 τά
945 4876 1201 4929 λείποντα
1236 4875 1333 4928 τοῦ
1367 4875 1565 4946 χρέους
1594 4875 1815 4947 ἀπῄτει.
1850 4874 2058 4942 Διέγνω

462 4971 555 5023 καὶ
579 4970 738 5024 τοῦτο
765 4972 800 5040 ἡ
833 4969 1065 5039 βασιλὶς,
1091 4969 1183 5022 καὶ
1206 4966 1356 5038 δηλοῖ
1383 4967 1462 5038 τῷ
1493 4968 1743 5038 ἀρχιερεῖ
1785 4964 2058 5019 ἀπολῦσαι

461 5063 550 5115 τὸν
583 5061 776 5133 ἀνδρα,
806 5061 881 5125 ώς
923 5060 1300 5131 ἀπαιτηθὲντα
1334 5059 1466 5131 παρ’
1512 5059 1732 5128 ἑαυτῆς.
1765 5058 2059 5121 ’Ἐνστασις

461 5157 589 5226 περὶ
642 5153 837 5207 τούτου
893 5153 1104 5226 σφοδρά
1134 5152 1266 5223 παρ’
1294 5151 1645 5224 ἀμφοτέρων,
1669 5150 1762 5204 καὶ
1792 5151 1947 5213 τέλος
1978 5151 2059 5212 είς

461 5247 740 5302 ἀναίδειαν
790 5246 934 5300 κατά
972 5245 1070 5301 τοῦ
1112 5246 1272 5315 ἀγίου
1314 5246 1505 5316 χωρεῖ.
1547 5244 1652 5297 Δύο
1684 5242 1795 5314 γὰρ
1832 5244 2059 5296 ἑκατον-

459 5340 696 5411 τάρχους
728 5339 830 5392 σὺν
860 5340 976 5402 τοῖς
1002 5337 1331 5409 ἀρχομένοις
1364 5334 1753 5401 ἐξαποστέλλει
1781 5332 1880 5387 τοῦ
1921 5335 2053 5387 ἀπο-

463 5434 672 5486 σπάσαι
718 5431 832 5485 τῶν
872 5432 1072 5503 χειρῶν
1126 5430 1223 5484 τοῦ
1278 5429 1435 5498 ἀγίου
1488 5430 1584 5482 τὸν
1626 5426 2052 5498 ἐγκαλούμενον.

466 5524 655 5578 Ταῦτα
688 5525 722 5595 η
755 5523 1073 5589 πλεονέκτις
1105 5522 1302 5595 γνώμη
1334 5521 1435 5592 τῆς
1468 5520 1810 5592 βασιλίσσης.
1844 5521 1911 5575 Τί
1942 5520 1999 5575 δὲ
2028 5521 2058 5573 6

458 5616 699 5683 δοξάζων
734 5617 863 5680 τοὺς
903 5615 1230 5682 δοξάζοντας
1274 5616 1460 5681 αὑτίν,
1501 5613 1806 5680 ὲξουθενῶν
1837 5614 1894 5668 δὲ
1928 5616 2056 5678 τοὺς

461 5710 946 5783 καταφρονοῦντας
972 5711 1144 5775 Θεός;
1181 5709 1453 5779 ’Ἄγγελον
1475 5709 1661 5772 αὐτοῖς
1694 5707 1925 5778 φοδερδν
1955 5708 2055 5759 ἐπε»

458 5803 684 5873 σφῖησιν
716 5805 775 5854 ὲν
809 5803 1074 5876 ῥομφαίᾳ·
1107 5803 1168 5857 ὃν
1196 5806 1230 5873 ὴ
1258 5802 1470 5873 πληθὺς
1517 5802 1704 5870 ἐκείνη
1738 5799 2051 5869 θεασαμένη

464 5894 711 5964 φρικτῶς
751 5897 828 5959 είς
867 5897 935 5950 τὰ
979 5895 1227 5967 πρόθυρα
1258 5894 1481 5961 στάντα,
1514 5894 1609 5949 καὶ
1646 5891 1857 5957 τούτοις
1890 5906 2057 5945 κατα-

2157 4595 2347 4650 satrici
2374 4603 2587 4650 tantum
2618 4601 2711 4650 se‘x
2740 4605 2794 4650 et
2818 4594 3042 4665 triginta
3072 4610 3272 4651 aureos
3299 4610 3576 4649 nummus.
3606 4592 3751 4660 Quid

2156 4703 2291 4758 ergo
2344 4685 2476 4742 facit
2536 4702 2658 4758 qua
2729 4688 3030 4743 accusabat
3102 4686 3337 4742 mulier?
3374 4684 3635 4758 Confugit
3683 4689 3751 4741 ad

2159 4793 2512 4835 communem
2556 4779 2928 4837 defensorem.
2964 4774 3061 4835 Ille
3108 4776 3289 4835 autem
3331 4777 3750 4850 producentlum

2157 4874 2376 4928 curavit
2399 4885 2525 4929 eum
2564 4874 2657 4945 qui
2706 4872 3095 4935 accusabatur.
3121 4870 3177 4926 et
3212 4864 3281 4928 ab
3312 4888 3380 4927 eo
3409 4875 3661 4946 exigebat
3694 4876 3750 4928 id

2156 4966 2303 5037 quod
2353 4962 2625 5037 reliquum
2678 4974 2799 5021 erat
2846 4956 3037 5019 debiti.
3091 4964 3209 5019 Hoc
3267 4974 3485 5035 quoque
3528 4965 3751 5021 rescivit

2162 5059 2522 5129 imperatrix,
2550 5074 2672 5129 qua:
2711 5057 3046 5129 signiﬁcavit
3088 5058 3364 5128 pontiﬁci,
3406 5064 3463 5112 ut
3497 5074 3623 5112 eum
3664 5059 3750 5111 di-

2159 5151 2424 5217 mitteret,
2464 5157 2591 5207 cu‘m
2624 5152 2744 5223 ipsa
2777 5151 2847 5205 ab
2883 5150 2979 5204 illo
3005 5151 3280 5220 exegisset
3324 5150 3638 5221 pecuniam.
3675 5143 3752 5202 De

2159 5241 2261 5296 hac
2299 5252 2360 5297 re
2390 5243 2532 5296 inter
2561 5246 2861 5314 utrumque
2904 5242 3203 5297 vehemens
3242 5243 3493 5296 exoritur
3532 5251 3753 5295 conten-

2160 5336 2274 5401 tio;
2308 5344 2365 5391 et
2393 5344 2675 5408 postremo
2696 5351 2787 5391 res
2812 5340 2878 5392 eo
2907 5333 3219 5399 deducitur,
3244 5346 3301 5390 ut
3332 5346 3428 5406 per
3460 5332 3750 5406 impuden-

2161 5426 2293 5479 tiam
2357 5426 2688 5496 procedatur
2735 5427 3002 5482 adversus
3057 5430 3335 5483 sanctum.
3387 5422 3556 5480 Mittit
3604 5427 3754 5489 enim

2164 5517 2307 5572 duos
2335 5518 2692 5573 centuriones
2723 5520 2849 5573 ru‘m
2874 5519 2991 5574 suis
3024 5521 3373 5583 cohortibus,
3412 5527 3475 5573 ut
3502 5534 3627 5574 eum
3659 5522 3757 5590 qui

2162 5609 2565 5677 accusabatur,
2601 5626 2632 5665 a
2656 5614 2835 5666 sancti
2890 5612 3148 5668 manibus
3190 5611 3596 5665 altstraherent.
3628 5609 3757 5667 Ihee

2164 5719 2329 5760 avara
2364 5718 2520 5760 meos
2569 5704 2962 5775 imperatricis.
3000 5700 3141 5771 Quid
3181 5714 3361 5758 autem
3394 5704 3487 5775 qui
3541 5704 3757 5773 glorifi-

2164 5804 2252 5849 cat
2288 5810 2404 5858 eos,
2443 5795 2535 5865 qui
2573 5794 2750 5864 ipsum
2790 5792 3123 5865 gloriﬁcaut,
3155 5792 3308 5846 nihili
3347 5803 3527 5845 autem
3569 5790 3759 5860 pendit

2166 5903 2295 5956 eos,
2332 5887 2424 5958 qui
2475 5888 2654 5958 ipsum
2709 5895 3068 5944 contemnunt
3094 5929 3108 5955 ,
3156 5884 3337 5939 Deus?
3372 5883 3637 5952 Angelum
3674 5883 3760 5933 ei!
