4084 6506
298 353 411 418 963

1575 349 1854 410 LEONIS
1886 348 2353 413 PHILOSOPHI

3472 355 3577 417 261

304 467 475 519 mittit
514 462 817 519 terribilem
847 460 901 514 in
942 458 1473 528 rliompluea.Quem
1514 472 1639 512 cum
1677 458 1767 511 illa
1812 458 1893 512 vi-

2021 459 2316 530 εληκτικῶς
2346 461 2694 523 ἀπαντῶντα,
2729 461 2907 533 δειλία
2932 462 3035 532 μὲν
3066 462 3155 515 καὶ
3184 462 3333 534 φόϐῳ
3365 466 3585 532 συνέχε-

305 560 482 613 disset
515 556 811 610 multitudo
847 553 1191 607 liorribiliter
1226 563 1462 607 stantem
1512 551 1568 605 in
1610 551 1897 605 vestibulis

2021 557 2110 615 πάι,
2162 551 2493 622 ὑποστρέφει
2524 553 2585 605 δὲ
2631 554 2728 607 σύν
2784 555 2972 624 τρόμῳ
3018 555 3114 608 καὶ
3160 553 3361 625 Θάμϐει
3406 556 3588 628 πολλῷ

306 658 363 705 et
388 651 469 706 eis
486 644 1206 711 oecurrentem,minaciter,
1239 645 1397 698 timet
1423 643 1645 712 quidem
1673 652 1726 698 et
1751 651 1895 698 metu

310 740 585 794 allii-itur:
622 736 919 791 revertitur
951 742 1135 791 autem
1189 751 1313 790 eum
1353 742 1593 790 tremore
1621 742 1675 790 et.
1705 750 1900 804 magna

309 830 692 893 admiratione,
712 837 766 882 et
798 828 1093 883 similibus.
1115 827 1251 882 Cum
1285 828 1400 882 haec
1428 837 1611 883 autem
1646 828 1903 884 rescivis-

309 933 392 979 set
422 921 765 993 imperatrix,
795 929 940 973 metu
973 920 1194 989 quidem
1223 920 1455 975 adicitur
1476 938 1491 986 ;
1513 928 1695 975 servat
1718 929 1900 974 autem

309 1013 653 1075 inimicitias,
689 1021 741 1066 et
777 1020 1025 1065 armatur
1059 1011 1128 1065 ad
1161 1011 1484 1066 vindictam.
1515 1011 1712 1065 Anima
1751 1011 1901 1065 enim

306 1107 475 1164 semel
511 1106 655 1159 victa
683 1104 933 1174 pecuniis
957 1144 971 1165 ,
1016 1111 1070 1157 et
1100 1104 1445 1158 vehementia
1477 1119 1745 1174 oppressa
1774 1118 1905 1157 ava-

309 1198 470 1259 ritim,
504 1211 610 1249 non
652 1204 831 1265 potest
860 1195 1103 1249 coerceri
1143 1194 1297 1249 freno
1350 1197 1553 1251 mentis
1590 1194 1906 1265 temperan-

310 1292 405 1344 tis.
454 1288 753 1358 Diligenter
792 1302 924 1357 ergo
979 1287 1175 1357 quaerit
1222 1288 1580 1358 imperatrix,
1631 1301 1902 1357 quasnam

311 1382 545 1437 insidias
587 1380 861 1433 invenerit
892 1379 1162 1434 adversus
1201 1380 1518 1450 pontiﬁcem
1556 1398 1570 1433 :
1603 1377 1906 1448 aliquando

308 1474 531 1542 quidem
579 1471 871 1533 minantis,
903 1468 1204 1538 aliquando
1238 1484 1369 1523 vero
1415 1469 1751 1524 blandientis
1779 1485 1905 1538 per-

312 1579 509 1618 sonam
556 1562 894 1632 suscipicns.
945 1560 1036 1615 llle
1071 1568 1253 1614 autem
1282 1568 1475 1614 manet
1524 1560 1785 1624 invictus,
1818 1559 1907 1612 lir-

316 1671 551 1725 musque
579 1662 634 1709 et
665 1653 985 1714 immobilis,
1018 1652 1085 1705 ab
1112 1666 1221 1704 uno
1263 1652 1382 1705 solo
1416 1651 1681 1721 pendens,
1710 1666 1906 1720 nempe

308 1762 340 1800 a
378 1744 659 1800 communi
691 1744 936 1799 omnium
972 1744 1170 1797 salute.
1200 1741 1317 1796 Non
1350 1751 1572 1810 potssum
1605 1752 1786 1797 autem
1820 1758 1906 1797 sa-

1992 1010 2153 1077 νεξίας
2188 1011 2565 1081 καταγομένη,

2007 643 2102 696 καὶ
2130 645 2244 707 τοῖς
2277 644 2589 713 ὁμοίοις.Ἦ
2618 642 2830 713 βασιλὶς
2859 645 2917 698 δὲ
2951 644 3123 700 ταῦτα
3157 646 3427 717 μαθοῦσα,
3457 665 3587 701 συν-

2003 735 2189 805 ἐχεται
2230 737 2329 806 μὲν
2353 736 2431 806 τῷ
2453 737 2585 801 δέει,
2619 737 2889 806 φυλάσσει
2917 739 2972 791 δὲ
3001 740 3103 809 τὴν
3131 739 3449 809 ἀπέχθειαν,
3493 740 3590 795 καὶ

2004 829 2141 896 πρὸς
2180 828 2281 898 τὴν
2331 829 2547 897 ἄμυναν
2612 827 3022 892 mammam.
3078 830 3240 901 Ψυχὴ
3296 831 3406 902 γὰρ
3444 831 3590 898 ἅπαξ

2005 919 2303 988 ήττηθείσα
2357 920 2682 990 χρημάτων,
2722 923 2820 974 καὶ⁹
2855 922 2933 991 τῷ
2985 921 3200 992 σφοδρῷ
3243 923 3343 992 τῆς
3393 925 3590 976 πλεον-

2620 1013 2858 1074 διανοίας
2893 1012 2992 1065 οὐκ
3021 1007 3129 1064 οἵδε
3159 1013 3435 1082 νηφούσης
3453 1015 3594 1067 ἀνα-

2006 1103 2350 1174 χαιτίζεσθαι
2380 1103 2605 1173 χαλινῷ.
2631 1104 2915 1157 Φιλοπονεῖ
2960 1104 3138 1157 τοίνυν
3183 1103 3304 1157 τίνα
3342 1106 3406 1158 ἂν
3442 1105 3596 1175 εὖροι

2010 1194 2295 1264 μεθοδείαν
2352 1195 2626 1265 ήβκσιλὶς
2664 1195 2806 1248 κατὰ
2865 1194 2959 1247 τοῦ
3019 1196 3342 1266 ἀρχιερέως,
3385 1199 3459 1266 πῆ
3498 1197 3598 1265 μὲν

2006 1284 2117 1337 τῶν
2155 1285 2418 1348 ἀπειλῶν,
2454 1288 2528 1354 πῆ
2565 1285 2623 1337 δὲ
2657 1285 2768 1338 τῶν
2820 1285 3074 1338 θωπειῶν
3111 1284 3599 1356 ἐπιμορφαζομένη

2007 1372 2084 1443 τῷ
2119 1372 2470 1443 προσωπείῳ.
2514 1373 2572 1425 '0
2609 1373 2667 1426 δὲ
2702 1373 2976 1443 ἀήττητος
3033 1371 3185 1441 μένει
3232 1371 3328 1424 καὶ
3374 1372 3600 1437 πάγιος,

2009 1465 2068 1517 ὲν
2116 1462 2311 1533 μηδενὶ
2392 1464 2790 1532 σαλευόμενος,
2853 1464 2971 1525 ἐνὸς
3040 1464 3207 1533 μόνου
3259 1459 3359 1534 τῆς
3409 1462 3599 1533 κοινῆς

2006 1557 2270 1611 ἁπάντων
2313 1556 2589 1627 σωτηρίας
2651 1554 3044 1627 ἐξηρτημένος.
3094 1554 3204 1608 Καί
3241 1573 3331 1626 μοι
3386 1556 3602 1626 θαυμά-

2011 1648 2127 1713 ζειν
2182 1648 2434 1702 σύνεστιν
2488 1649 2599 1713 ἀεὶ,
2645 1650 2741 1701 καὶ
2781 1648 3027 1718 θάμϐους
3056 1647 3457 1717 ἐμπίπλασθαι,
3506 1650 3601 1701 τὸν

2012 1741 2156 1794 θεῖον
2199 1740 2391 1794 τοῦτον
2426 1739 2717 1805 ἐννοοῦντι,
2771 1740 2868 1794 καὶ
2926 1740 3103 1811 μέγαν
3158 1740 3466 1809 θεράποντα
3492 1780 3508 1805 ,
3540 1740 3602 1793 τὸ

306 1834 381 1888 tis
430 1831 728 1897 admirari,
773 1832 1028 1899 cogitans
1076 1830 1221 1886 hunc
1269 1846 1528 1900 magnum
1562 1840 1615 1886 et
1659 1832 1902 1885 divinum

2021 1832 2248 1903 χρυσοῦν
2288 1833 2457 1896 δντως
2492 1832 2690 1901 στόμα,
2726 1832 2829 1901 τῆς
2863 1832 3018 1893 θείας
3065 1831 3478 1903 φιλανθρωπίας
3511 1831 3605 1887 τὸν

316 1920 709 1987 1)εἰἐρι’νιιιη,
760 1938 822 1977 os
854 1937 982 1977 vere
1032 1938 1303 1988 aureum,
1351 1938 1661 1992 praeconem
1712 1922 1910 1979 divina:

307 2016 699 2085 benignitatis,
731 2016 877 2084 quod
924 2025 1146 2085 propter
1188 2019 1439 2070 omnium
1500 2016 1736 2071 salutem
1771 2018 1911 2072 adeo

308 2117 428 2165 erat
458 2109 731 2164 sollicitus
759 2116 812 2163 et
852 2108 992 2163 adeo
1023 2107 1444 2175 incendebatur,
1483 2117 1537 2164 et
1567 2111 1751 2164 omnia
1783 2125 1910 2177 pro-

308 2203 525 2267 videns,
561 2216 682 2272 qum
708 2216 863 2257 mens
888 2199 1054 2255 Deum
1078 2201 1300 2272 dignata
1321 2201 1527 2269 videre,
1552 2210 1730 2272 potest
1762 2203 1917 2257 inve-

306 2295 431 2350 nire
460 2296 524 2350 ad
550 2295 807 2359 salutem,
838 2308 945 2349 non
981 2293 1317 2349 destituebat
1357 2294 1447 2349 ille
1477 2308 1594 2361 eos,
1626 2294 1718 2364 qui
1756 2302 1915 2349 erant

309 2387 554 2458 ejusdem
587 2388 822 2460 generis,
852 2388 989 2443 adeo
1026 2398 1105 2454 ut,
1125 2387 1269 2458 quod
1290 2397 1373 2443 est
1401 2388 1640 2442 maxime
1679 2388 1917 2442 admira-

311 2482 419 2535 bile
441 2480 522 2534 vel
555 2479 712 2534 inviti
737 2478 895 2533 multi
924 2481 1219 2550 peripsum
1252 2480 1483 2535 salutem
1519 2482 1629 2535 sint
1655 2481 1913 2535 assecuti.

391 2575 475 2628 l8.
513 2573 619 2627 Sed
653 2588 779 2628 cum
809 2574 925 2629 brec
958 2576 1029 2627 ita
1058 2590 1116 2628 se
1145 2573 1411 2628 haberent
1435 2616 1449 2641 ,
1476 2582 1530 2628 et
1560 2573 1804 2629 Lcclcsia
1833 2574 1917 2628 di-

311 2676 453 2720 vinae
504 2664 626 2719 ﬁdei
675 2665 1053 2721 illustraretur
1086 2667 1493 2736 splendoribns,
1532 2675 1586 2722 et
1640 2666 1919 2723 illumina-

312 2760 463 2812 tione
510 2757 731 2829 pietatis
786 2758 897 2812 vita
962 2759 1201 2813 lidclium
1271 2759 1599 2828 refulgeret,
1634 2777 1740 2815 non
1795 2761 1920 2815 tulit

313 2850 599 2905 hominum
629 2850 889 2906 inimicus
911 2890 926 2914 ,
965 2852 1083 2916 sed,
1113 2853 1261 2906 sicut
1299 2867 1327 2905 a
1366 2868 1449 2907 me
1474 2853 1679 2907 dictum
1707 2862 1788 2907 est
1820 2869 1916 2908 su-

312 2940 522 3009 perius,
556 2946 828 2993 convocat
864 2940 1096 2996 rebelles
1129 2954 1250 3010 quae
1278 2948 1408 2996 sunt
1440 2941 1546 2996 sub
1572 2956 1636 2995 eo
1671 2949 1919 3012 potesta-

310 3038 420 3095 tes,
453 3038 506 3084 et
534 3030 720 3083 omnia
762 3028 1053 3083 confundit
1080 3038 1133 3085 et
1170 3032 1452 3102 pervertit,
1483 3048 1691 3101 susque
1737 3031 1918 3103 deque

314 3123 679 3191 permiscens,
736 3134 788 3176 et
840 3123 1045 3177 multos
1088 3139 1293 3190 cogens
1350 3133 1403 3183 et
1458 3124 1819 3193 compellens,
1857 3135 1914 3178 ut

317 3227 472 3266 suam
531 3221 804 3265 terrenam
847 3210 1179 3265 reducerent
1236 3212 1525 3267 malitiam.
1569 3213 1635 3265 Et
1666 3213 1907 3281 primum

317 3300 539 3373 quidem
574 3302 978 3367 instrumentis,
1003 3303 1283 3373 quomodo
1306 3304 1435 3357 olim
1482 3315 1763 3374 serpente,
1796 3320 1913 3359 ma-

315 3387 452 3449 litiae
484 3411 616 3451 usus
647 3393 986 3466 Theophilo,
1014 3405 1067 3451 et
1123 3396 1443 3463 Severiano,
1474 3400 1674 3454 Acacio
1720 3408 1773 3454 et
1806 3398 1913 3454 An-

317 3488 527 3567 tiocho,
578 3500 631 3544 et
677 3489 1017 3560 presbyteris
1072 3490 1403 3560 quibusdam
1456 3500 1508 3546 et
1546 3492 1819 3559 diaconis,
1855 3500 1912 3549 et

318 3589 585 3651 praterea
617 3598 646 3636 e
676 3592 870 3637 senatu
929 3582 1171 3653 feminis,
1198 3600 1322 3654 qua:
1363 3594 1495 3640 sunt
1525 3587 1750 3658 antiqua
1788 3589 1914 3658 ejus

322 3688 498 3737 arma,
526 3672 984 3743 locupletissimis
1018 3673 1200 3729 viduis
1235 3685 1290 3730 et
1322 3676 1783 3741 sceleratissimis,
1818 3664 1914 3749 pa?

321 3764 467 3817 ravit
505 3772 735 3817 mortem
764 3770 977 3818 sancto.
1022 3765 1173 3819 Dicat
1204 3765 1402 3836 aliquis
1425 3766 1610 3821 Acacii
1639 3766 1916 3823 Berrltoea:

322 3855 567 3924 episcopi
627 3855 983 3910 temerarium
1040 3866 1096 3911 et
1143 3860 1515 3913 inconsultum
1573 3875 1910 3927 sermonem,

320 3950 415 4017 qui
442 3949 506 4003 ad
532 3957 738 4003 tantam
775 3955 1022 4019 pervenit
1050 3955 1365 4018 amentiam,
1399 3963 1455 4007 ιιι
1481 3953 1689 4009 diceret
1720 3972 1733 4008 :
1762 3954 1913 4023 Sine,

323 4056 425 4109 ego
444 4041 490 4095 ei
516 4040 721 4111 parabo
748 4042 934 4105 ollam,
969 4041 1035 4095 de
1063 4052 1257 4097 sancto
1284 4043 1335 4097 id
1370 4044 1557 4099 dicens
1588 4045 1915 4103 scelestissi-

324 4149 469 4187 mus.
530 4132 734 4187 Deinde
782 4135 951 4187 mittit
997 4134 1160 4188 etiam
1209 4135 1423 4206 aliquos
1470 4135 1819 4191 Antiochiam
1863 4146 1917 4192 et

324 4233 516 4295 postea
562 4224 977 4290 Alexandriam,
1007 4225 1135 4293 quid
1173 4224 1452 4279 facturos?
1488 4225 1555 4280 Ut
1604 4236 1920 4282 scrutaren-

328 4327 417 4369 tur
452 4316 634 4369 sancti
666 4314 867 4368 delicta
901 4330 930 4367 a
961 4315 1271 4382 juventute.
1305 4314 1449 4382 Quid
1478 4318 1659 4371 dicis?
1683 4316 1739 4371 lu
1779 4320 1917 4373 civi-

326 4416 491 4460 tatem
517 4405 758 4460 ccelestis
790 4405 939 4460 illius
969 4406 1127 4472 civis,
1164 4423 1289 4475 quae
1321 4408 1611 4461 verborum
1633 4418 1685 4463 ct
1705 4425 1917 4463 morum

328 4499 479 4551 illius
520 4497 821 4568 fragrantia
872 4497 1080 4552 bonum
1130 4499 1313 4553 emisit
1366 4498 1591 4554 odorem
1633 4516 1807 4570 usque
1846 4499 1916 4553 ad

328 4593 618 4645 cmlcstem
661 4599 715 4645 et
746 4606 1039 4661 supernam
1072 4592 1349 4646 civitatem
1402 4590 1727 4654 Jerusalem.
1756 4610 1921 4664 quam

328 4685 612 4739 intuentes
644 4683 810 4738 etiam
849 4683 1169 4738 meretrices
1205 4684 1667 4739 sanetilicantur?
1698 4685 1799 4740 Sed
1832 4686 1923 4741 de-

328 4778 564 4848 fecerunt
598 4787 895 4831 scrutantes
951 4778 1453 4844 scrutationes“,et
1485 4789 1824 4834 evanuerunt
1867 4782 1921 4834 in

330 4868 761 4942 cegitationibus
816 4872 956 4932 suis,
1005 4880 1063 4925 ut
1111 4857 1362 4927 dicamus
1407 4888 1531 4927 cum
1581 4872 1917 4929 Psalmista:

331 4965 626 5018 Conversus
658 4976 733 5017 est
760 4965 897 5017 enim
924 4964 1078 5017 labor
1106 4980 1288 5018 eorum
1319 4965 1373 5017 in
1398 4975 1554 5033 caput
1588 4981 1771 5018 eorum
1790 4967 1925 5029 ",ut

330 5059 638 5127 procedens
665 5058 808 5111 dicet
833 5059 1032 5123 oratio,
1064 5070 1119 5113 et
1160 5054 1431 5127 injustitia
1455 5074 1646 5114 eorum
1690 5061 1921 5116 descen-

331 5151 412 5205 dit
443 5152 496 5205 in
530 5150 790 5205 verticeni
831 5165 1020 5203 eorum
1043 5191 1059 5215 ,
1084 5151 1212 5208 inec
1258 5153 1455 5206 callide
1494 5152 1843 5208 maeliinantc
1870 5163 1925 5207 et

330 5251 665 5315 procurante
709 5242 1031 5313 Tlicopliilo.
1075 5243 1278 5308 Quales
1324 5256 1503 5298 autem
1537 5252 1591 5299 et
1630 5261 1795 5314 quam
1838 5262 1925 5300 so-

332 5340 584 5407 phistica!
618 5336 787 5408 hujus
828 5335 922 5391 Dei
956 5338 1128 5392 Itnstls
1184 5338 1436 5403 malitia),
1473 5354 1624 5391 vana:
1644 5347 1697 5392 el.
1732 5339 1925 5393 inanes

335 5447 491 5499 nugae
515 5433 720 5495 fuerint
753 5430 1023 5484 adversus
1058 5427 1353 5482 Dominum
1387 5442 1439 5485 et
1476 5432 1740 5487 adversus
1761 5431 1925 5484 Chri-

338 5531 481 5578 stum
528 5524 681 5593 ejus,
729 5538 1198 5594 supervacaneum
1250 5529 1331 5576 cst
1372 5521 1576 5578 dicere.
1644 5521 1928 5588 Quomodo

338 5614 517 5688 autem
548 5633 605 5671 se
631 5622 863 5688 gesserit
897 5621 948 5672 in
985 5619 1170 5673 ﬁdeles
1200 5626 1253 5671 et
1288 5627 1510 5674 sanctos
1542 5620 1841 5674 monachos
1875 5629 1929 5674 et

339 5704 393 5757 in
452 5706 631 5775 ipsum
674 5712 1011 5780 pontiticem,
1046 5711 1313 5767 studiosis
1357 5712 1694 5781 signiﬁcabit
1737 5714 1923 5773 lectio.

405 5845 454 5878 ²¹
481 5846 623 5903 Psal.
661 5862 816 5912 unt,
845 5850 897 5901 7.
978 5854 1020 5883 ³³
1055 5852 1197 5907 Psal.
1233 5869 1326 5917 vn,
1368 5854 1451 5907 l‘l.

2014 1926 2255 1996 κήρυκα,
2310 1926 2394 1978 ὅτι
2450 1924 2593 1977 κατὰ
2601 1934 2620 1990 ;
2645 1923 2903 1977 τοσοῦτον
2958 1924 3059 1993 τῆς
3113 1924 3368 1977 ἁπάντων
3418 1923 3606 1977 ἕνεκεν

2017 2017 2292 2087 σωτηρίας
2330 2014 2539 2085 ὴγωνία
2596 2016 2689 2069 καὶ
2738 2016 3022 2069 ἀνεκαίετο
3049 2032 3064 2047 ο
3126 2017 3221 2070 καὶ
3273 2017 3381 2068 πᾶν
3427 2015 3607 2070 ὁτιοῦν

2017 2108 2472 2181 προμηθούμενος
2517 2108 2625 2161 τῶν
2672 2108 2771 2162 ὅσα
2822 2108 2978 2172 νοῦς,
3023 2108 3115 2161 τὸν
3143 2108 3276 2161 Θεὸν
3303 2107 3608 2178 ἠξιωμένος

2012 2202 2168 2273 ὸρᾷν,
2198 2200 2477 2270 εὑρίσκειν
2506 2200 2587 2262 είς
2618 2197 2895 2269 σωτηρίαν
2919 2199 3170 2265 δύναται,
3201 2199 3295 2252 τοῦ
3311 2197 3609 2269 ὁμογενοῦς

2015 2296 2225 2359 ἐκεῖνος
2265 2294 2328 2347 οὐ
2382 2292 2755 2363 διελίμπανεν’
2788 2291 2931 2345 ὥστε
2977 2292 3072 2345 καὶ
3102 2292 3367 2357 ἄκοντας,
3412 2291 3475 2346 τὸ
3504 2306 3611 2348 πα-

2024 2385 2401 2457 ραδοξότατον,
2433 2384 2501 2437 δι’
2543 2384 2710 2437 αὐτοῦ
2744 2381 2986 2455 σωθῆναι
3018 2383 3270 2448 πολλούς.

2093 2570 2183 2640 ιη’.
2240 2572 2400 2625 Ἀλλὰ
2451 2570 2660 2625 τούτων
2707 2570 2855 2624 οὕτω
2900 2569 3265 2642 διακειμένων
3292 2612 3307 2637 ,
3366 2572 3463 2626 καὶ
3510 2573 3610 2643 τῆς

2034 2665 2364 2735 Ἐκκλησίας
2403 2667 2522 2727 ταῖς
2568 2664 2668 2733 τῆς
2695 2663 2850 2727 θείας
2876 2663 3120 2727 πίστεως
3152 2663 3612 2734 ἀκτινοϐολούσης

2027 2761 2444 2831 μαρμαρυγαῖς,
2494 2758 2589 2810 καὶ
2639 2759 2706 2827 τῇ
2768 2756 2976 2827 λάμψει
3027 2757 3127 2827 τῆς
3178 2756 3464 2819 εὐσεϐείας
3515 2754 3611 2810 τοῦ

2026 2853 2141 2924 βίου
2185 2851 2294 2904 τῶν
2350 2849 2557 2902 πιστῶν
2596 2848 3102 2919 ἐξαστράπτοντος,
3159 2848 3264 2902 οὐκ
3303 2850 3536 2921 ἧνεγκεν
3581 2850 3615 2904 ό

2027 2944 2436 3016 μισάνθρωπος·
2463 2940 2621 3007 ἀλλὰ,
2688 2941 2832 2995 καθά
2879 2958 2970 3011 μοι
3002 2942 3095 2995 καὶ
3122 2941 3335 2997 ἄνωθεν
3368 2941 3468 3013 ήδη
3522 2941 3613 2996 λέ-

2024 3037 2214 3090 λεκται
2245 3077 2259 3099 ,
2314 3034 2671 3102 συγκαλείται
2716 3032 2816 3097 τὰς
2870 3034 2964 3086 ὐπ’
3014 3032 3178 3087 αὐτὸν
3228 3034 3612 3097 amomum;

2022 3131 2308 3201 δυνάμεις,
2358 3130 2452 3184 καὶ
2479 3129 2550 3183 τὰ
2594 3128 2775 3182 πάντα
2806 3131 3006 3199 συγχεῖ
3040 3130 3133 3182 καὶ
3166 3131 3487 3199 συστρέφει,
3520 3129 3617 3184 καὶ

2023 3220 2139 3275 ἄνω
2172 3222 2267 3275 καὶ
2294 3219 2444 3273 κάτω
2472 3221 2639 3285 ποιεῖ,
2672 3219 2930 3273 συνωθῶν
2956 3219 3051 3271 καὶ
3085 3219 3428 3273 συνελαύνων
3480 3220 3617 3273 πολ-

2022 3313 2146 3375 λοὺς
2184 3313 2322 3383 πρὸς
2356 3312 2450 3365 τὸν
2493 3310 2851 3381 καταχθόνιον
2875 3300 3205 3382 τῆςέαυτοῦ
3249 3314 3450 3377 κακίας
3484 3314 3621 3366 ὐπο-

2020 3405 2346 3479 τροπισμὸν.
2374 3404 2486 3459 Καὶ
2517 3404 2739 3475 πρῶτον
2768 3404 2868 3475 μὲν
2903 3405 3157 3473 ὀργάνοις
3178 3444 3198 3474 ,
3230 3404 3483 3477 καθάπερ
3515 3408 3622 3461 πά-

2023 3498 2112 3553 λαι
2138 3497 2217 3568 τῷ
2262 3497 2383 3566 δφει
2432 3497 2529 3567 τῆς
2564 3496 2760 3559 κακίας
2790 3497 3135 3567 χρησάμενος
3158 3537 3172 3559 .
3206 3497 3453 3569 Θεοφίλῳ
3515 3498 3614 3553 καὶ

2022 3586 2358 3659 Σευηριανῷ,
2394 3588 2634 3658 Ἀκακίῳ
2698 3588 2793 3641 καὶ
2836 3589 3096 3658 Ἀντιόχῳ
3132 3590 3524 3660 πρεσϐυτέροις
3557 3590 3622 3646 τέ

2022 3696 2134 3733 τισι
2176 3679 2271 3733 καὶ
2319 3678 2607 3744 διακόνοις,
2643 3679 2733 3733 καὶ
2785 3673 2866 3742 οἷς
2900 3679 3010 3733 τῶν
3066 3682 3136 3732 ὲκ
3161 3680 3261 3751 τῆς
3290 3682 3621 3752 συγκλήτου,

2024 3771 2104 3825 ἔτι
2134 3771 2190 3826 δὲ
2219 3773 2314 3826 καὶ
2338 3772 2577 3841 γυναιξὶ,
2602 3772 2679 3843 τῷ
2726 3772 2941 3843 ἀρχαίῳ
2988 3773 3159 3844 ὅπλῳ,
3194 3775 3395 3845 χήραις
3452 3775 3620 3828 πλουο

2028 3864 2323 3928 σιωτάταις
2353 3881 2411 3918 τε
2462 3865 2558 3917 καὶ
2589 3866 2983 3935 μιαρωτάταις,
3012 3866 3103 3920 τὸν
3134 3868 3274 3921 κατὰ
3330 3866 3424 3920 τοῦ
3459 3867 3623 3935 ἁγίου

2026 3957 2247 4028 διήρτυε
2286 3956 2536 4013 θάνατον.
2579 3958 2800 4026 Λεγέτω
2848 3974 2930 4022 τις
2983 3958 3078 4013 τοῦ
3138 3959 3402 4031 Βερροίης
3452 3960 3622 4013 Ἀκα-

2028 4049 2149 4105 κίου
2172 4048 2271 4120 τὴν
2294 4050 2373 4113 εἰς
2404 4048 2662 4105 τοσοῦτον
2697 4050 2893 4120 μανίας
2930 4050 3322 4122 χασμολογίαν,
3344 4052 3623 4119 εἰπόντος,

2035 4144 2259 4209 Ἕασον,
2298 4142 2409 4211 ἐγὼ
2450 4144 2638 4213 ἀρτύω
2667 4143 2873 4215 χύτραν
2903 4145 2981 4215 τῷ
3016 4146 3179 4215 ἁγίῳ,
3207 4145 3438 4214 φάσκων
3476 4147 3505 4197 ὁ
3538 4147 3627 4197 ὲν-

2031 4238 2354 4304 αγέστατος.
2401 4237 2634 4289 Ἔπειτα
2668 4236 2763 4289 καί
2794 4254 2946 4302 τινας
2978 4238 3188 4308 πέμπει
3239 4238 3376 4307 πρὸς
3418 4238 3627 4289 Ἀντιό-

2030 4343 2205 4395 χειαν,
2256 4327 2349 4379 καὶ
2404 4326 2540 4396 μετὰ
2571 4325 2776 4396 ταύτην
2807 4329 2888 4392 είς
2928 4328 3345 4399 Ἀλεξάνδρειαν
3369 4346 3384 4361 ο
3418 4328 3472 4382 τί
3506 4329 3626 4383 δια·-

2033 4418 2409 4488 πραξομένους
2437 4436 2452 4483 ;
2511 4420 2622 4482 Τὰς
2666 4421 2732 4473 ὲκ
2762 4421 3015 4491 νεότητος
3049 4420 3143 4474 τοῦ
3173 4420 3332 4489 ἁγίου
3365 4420 3628 4491 πλημμε-

1959 4535 2003 4593 ο
2032 4510 2181 4575 λείας
2229 4509 2711 4582 ἐξερευνήσοντας.
2745 4513 2810 4565 Τί
2849 4512 3059 4579 λέγεις;
3096 4513 3247 4567 πόλιν
3280 4512 3489 4566 ἐκείνου
3528 4511 3625 4565 τοῦ

2030 4605 2477 4676 οὐρανοπολίτου,
2510 4606 2545 4675 ἢ
2573 4605 2651 4675 τῷ
2698 4606 2891 4659 εὐώδει
2939 4605 3048 4659 τῶν
3082 4607 3292 4660 ἐκείνου
3326 4605 3503 4673 λόγων
3530 4606 3627 4658 καὶ

2029 4698 2248 4766 τρόπων
2272 4697 2401 4768 ἄχρι
2421 4697 2531 4750 τῶν
2552 4699 2824 4770 οὐρανίων
2853 4700 3068 4769 καὶτῆς
3092 4699 3208 4753 ἄνω
3236 4699 3627 4771 μητροπόλεως

2039 4790 2396 4861 Ἰερουσαλὴμ
2436 4792 2534 4860 τὴν
2570 4792 2803 4845 εὐωδίαν
2856 4793 3125 4846 ἀνέδωκεν
3147 4834 3162 4858 ,
3190 4794 3258 4862 ἢν
3313 4793 3626 4864 καθορῶσαι

2028 4884 2122 4937 καὶ
2177 4884 2374 4955 πόρναι
2437 4884 2904 4953 καθαγιάζονται;
2959 4888 3109 4940 Ἀλλ’
3164 4887 3452 4950 ἐξέλιπον
3523 4889 3628 4950 ἐξι-

2027 4976 2391 5046 ερευνῶντες
2445 4978 2888 5046 ἐξερευνήσας,
2950 4981 3042 5032 καὶ
3101 4979 3522 5049 ἐματαιώθησαν
3568 4982 3628 5032 ἐν

2034 5072 2144 5132 τοῖς
2175 5068 2547 5140 διαλογισμοῖς
2614 5073 2792 5125 αὐτῶν
2818 5112 2832 5136 ,
2871 5072 2931 5124 τὸ
2978 5072 3073 5125 τοῦ
3107 5072 3423 5142 ψάλλοντος·
3480 5074 3621 5125 Ἑπ-

2033 5162 2307 5230 εστράρη
2342 5164 2449 5231 γὰρ
2476 5166 2511 5216 ό
2541 5166 2730 5229 πόνος
2760 5164 2960 5218 αὐτῶν
2985 5166 3071 5232 εὶς
3105 5166 3377 5235 κεφαλὰς
3405 5164 3625 5226 αὐτῶν,

2034 5255 2108 5317 ὡς
2141 5256 2240 5325 ἤδη
2285 5256 2494 5323 πριιὸὰς
2541 5258 2567 5309 ὁ
2606 5257 2762 5324 λόγος
2797 5257 3008 5310 ἐκεῖθεν
3036 5259 3159 5329 ἐρεῖ
3186 5301 3200 5324 ,
3229 5260 3329 5313 καὶ
3359 5259 3399 5325 ἠ
3427 5257 3630 5312 ἀδικία

2031 5347 2230 5400 αὐτῶν
2256 5348 2356 5401 ἐπὶ
2388 5352 2657 5417 κεφαλὰς
2676 5350 2896 5415 αὐτῶν,
2917 5352 3346 5419 καταϐέϐηκεν,
3366 5347 3628 5419 Θεοφίλου

2036 5440 2211 5492 ταῦτα
2260 5440 2453 5504 δεινῶς
2518 5443 3030 5511 ἀρχιτεκτονοῦντος
3080 5446 3176 5497 καὶ
3229 5443 3624 5504 διατάττοντοςε

2047 5529 2262 5582 Ὀποῖαι
2293 5530 2356 5599 δὴ
2394 5534 2488 5585 καὶ
2527 5534 2627 5601 τῆς
2659 5530 2829 5585 αὐτοῦ
2866 5533 2962 5586 τοῦ
2988 5534 3282 5603 θεομισοῦς
3311 5533 3629 5601 σοφιστικαὶ

2038 5622 2137 5691 τῆς
2186 5624 2386 5686 κακίας
2431 5625 2714 5696 τερθρείαι
2744 5626 2886 5679 κατὰ
2937 5625 3030 5679 τοῦ
3087 5626 3315 5697 Κυρίου,
3359 5625 3629 5678 καὶκατὰ

2038 5715 2133 5769 τοῦ
2165 5716 2400 5787 Χριστοῦ
2429 5717 2615 5785 αὐτοῦ,
2638 5720 2892 5788 περιττὸν
2936 5718 3137 5786 λέγειν·
3172 5717 3313 5771 κατὰ
3333 5716 3390 5769 δὲ
3421 5714 3630 5771 πιστῶν
