4084 6468
453 381 564 448 265
732 407 754 458 ἰ

1095 379 1377 440 ORATIO
1417 378 1712 439 XVIII.-—
1756 374 2146 437 LAUDATIO
2186 376 2248 437 S.
2283 375 2608 436 JOANNIS
2641 376 3052 436 CIIRYSOST.

3619 375 3724 438 266

467 493 720 566 μοναχῶν
765 493 861 546 κατ⁸
890 491 1076 556 ὁσίων,
1107 493 1202 545 καὶ
1232 490 1401 545 αὐτοῦ
1430 489 1524 544 τοῦ
1559 487 1886 561 ἀρχιερέως,
1927 489 2037 548 τοῖς

2145 484 2256 541 Nec
2285 486 2338 542 id
2379 487 2582 554 solum,
2616 488 2710 542 sed
2750 502 2813 542 ea
2864 487 3054 551 etiam,
3086 501 3206 555 qua?
3239 485 3368 540 fecit
3407 501 3532 539 eum
3579 495 3728 541 esset

457 585 766 655 φιλοπόνως
801 585 836 653 ἡ
874 583 1181 652 ἀνάγνωσις
1204 585 1450 652 γνωριεῖ.
1492 583 1568 634 Οὐ
1598 587 1763 652 μόνον
1797 579 1876 645 δὲ,
1903 577 2043 632 ἀλλὰ

455 675 553 728 καὶ
589 668 678 730 οἷά
716 690 837 726 τινα
869 673 970 744 δρᾷ
1016 673 1152 743 πρὸς
1199 672 1299 742 τὴν
1343 671 1697 742 Ἀλεξάνδρου
1726 670 2040 740 γενόμενος,

454 767 582 838 ἄρτι
631 767 1024 839 παραιτητέον,
1086 765 1122 820 ἃ
1168 764 1246 836 τῷ
1293 765 1503 820 ἐκεῖθεν
1548 762 2071 839 δημοσιευθήσεται.

453 859 747 929 κριτηρίῳο
782 859 943 929 ἡμεῖς
973 857 1032 911 δὲ
1065 856 1204 929 πρὸς
1231 857 1301 910 τὰ
1324 858 1503 914 οἰκεῖα
1535 857 1827 928 χωρῶμεν.

531 947 620 1004 ιθ’.
648 948 1011 1018 Διαγινώσκει
1038 949 1130 1004 οὖν
1155 950 1184 1002 6
1215 949 1466 1018 βασιλεὺς
1490 950 1644 1020 παρά
1677 966 1838 1002 τινων
1870 949 2042 1018 ἀσκη-

449 1042 564 1096 τῶν
593 1045 707 1106 τοῖς
740 1042 1076 1113 κατηγόροις
1132 1041 1232 1096 καὶ⁵
1261 1041 1506 1112 Θεοφίλῳ
1535 1041 1603 1094 τὰ
1623 1040 1901 1112 δρώμενα.
1932 1041 2041 1094 Καὶ

450 1131 538 1186 διὰ
569 1130 771 1203 πολλῆς
816 1132 920 1203 μὲν
972 1134 1071 1202 τῆς
1109 1131 1414 1201 ταχύτητος
1459 1133 1552 1186 καὶ
1595 1133 1881 1204 δυνάμεως
1918 1132 2040 1200 ἄγει

454 1224 540 1275 τὸν
571 1222 850 1292 Θεόφιλον.
888 1223 1095 1294 Γράφει
1129 1223 1185 1276 δὲ
1211 1223 1307 1277 καὶ
1333 1227 1468 1295 πρὸς
1486 1225 1583 1278 τὸν
1613 1223 1833 1295 Ῥώμης
1877 1225 2041 1277 Ἰννο-

452 1317 665 1372 κέντιον
691 1316 1012 1388 πρεπόντως
1035 1314 1129 1369 καὶ
1159 1316 1422 1384 συνετῶς,
1448 1317 1517 1371 τά
1543 1333 1603 1370 τε
1641 1316 1799 1382 ἄλλα,
1822 1317 1918 1370 καὶ
1941 1315 2040 1386 τὴν

451 1407 759 1479 ἀποστολὴν
812 1407 926 1460 άπὸ
961 1405 1185 1477 Ῥώμης
1236 1409 1459 1478 ταχεῖαν
1533 1407 1641 1461 τῶν
1715 1405 2040 1475 ὀφειλόντων

449 1497 834 1568 ἀκροάσασθαι
867 1497 935 1551 τὰ
963 1499 1107 1553 κατὰ
1136 1499 1415 1569 Θεόφιλον·
1453 1497 1533 1553 ἔτι
1563 1498 1620 1552 δὲ
1661 1499 1756 1552 καὶ
1785 1497 1922 1570 πρὸς
1947 1495 2040 1550 τὸν

453 1587 586 1643 ἴδιον
622 1587 854 1656 ἀδελφὸν
880 1587 981 1642 καὶ
1010 1588 1236 1658 βασιλέα
1290 1584 1568 1659 Ὀνώριον,
1615 1585 2038 1658 παρασκευάσαι

450 1678 542 1731 τὸν
573 1678 766 1732 πάπαν
822 1677 967 1732 κατὰ
1011 1680 1077 1732 τὰ
1110 1678 1390 1749 γραφέντα
1424 1677 1576 1746 αύτῷ
1612 1673 2034 1748 διαπράξασθαι.

449 1771 516 1825 Οἳ
549 1773 642 1827 καὶ
692 1771 1003 1843 δεξάμενοι,
1039 1771 1555 1841 παρασκευάζονται
1605 1769 1703 1840 μὲν
1749 1768 1886 1838 πρὸς
1938 1765 2037 1838 τὴν

2145 578 2514 642 Alexandriae,
2561 579 2676 648 jam
2718 587 2850 635 sunt
2885 578 3267 649 praetereunda-
3299 596 3313 644 ;
3348 594 3467 647 quae
3507 577 3726 646 quidem

2149 671 2578 740 publieabuntur
2603 673 2672 726 ab
2693 687 2781 734 eo,
2806 671 2952 740 quod
2985 672 3097 725 illic
3127 671 3368 726 futurum
3392 667 3729 740 eStjudicio.

2145 761 2255 818 Nos
2294 770 2473 818 autem
2499 763 2863 833 procedamus
2891 763 2958 819 ad
2985 772 3195 819 nostra.

2220 945 2304 998 l9.
2335 945 2633 1016 Cognoscit
2656 961 2785 1017 ergo
2838 948 3134 1016 imperator
3174 961 3203 999 a
3250 946 3575 1017 quibusdam
3611 964 3735 1004 nio-

2148 1037 2363 1102 nachis,
2393 1054 2516 1106 qua:
2551 1039 2619 1092 ab
2661 1040 3085 1094 accusatoribus
3135 1039 3274 1092 facta
3314 1047 3520 1094 suntet
3546 1039 3730 1094 Theo-

2146 1129 2319 1198 philo.
2357 1129 2407 1186 Is
2461 1138 2639 1184 autem
2684 1146 2878 1202 magna
2929 1131 3212 1185 celeritate
3251 1139 3307 1184 et
3358 1131 3409 1184 vi
3437 1131 3591 1202 jubet
3631 1132 3756 1186 ad-.

2143 1220 2273 1275 duci
2345 1219 2736 1291 Theophilum.
2805 1221 3006 1276 Scribit
3080 1235 3209 1275 vero
3279 1221 3346 1274 ad
3409 1221 3725 1291 pontificem

2145 1312 2462 1368 Romanum
2514 1312 2892 1368 Innocentium
2927 1313 3154 1384 pulchre
3181 1321 3235 1368 et
3279 1314 3574 1382 sapienter,
3601 1329 3727 1369 cum

2143 1405 2272 1470 alia,
2304 1413 2419 1459 tum
2465 1413 2526 1459 ut
2591 1406 2699 1462 cito
2749 1403 3456 1474 Romaproﬁciscerentur
3493 1407 3585 1474 qui
3663 1405 3732 1461 de

2143 1495 2448 1568 TheOpbilo
2475 1504 2895 1571 cognoscerent.
2925 1496 3196 1551 Praeterea
3243 1505 3424 1552 autem
3457 1497 3524 1551 ad
3560 1513 3743 1552 suum-

2141 1602 2365 1659 quoque
2394 1587 2619 1644 fratrem
2645 1595 2700 1642 et
2731 1588 3122 1658 imperatorem
3165 1586 3493 1649 Honorium,
3525 1596 3584 1641 ut
3618 1588 3734 1642 elli-

2140 1691 2290 1737 ceret
2311 1689 2370 1735 ut
2399 1697 2538 1753 papa
2565 1691 2963 1753 exsequeretur
2989 1696 3052 1735 ea
3083 1696 3204 1752 qua:
3227 1680 3294 1736 ad
3318 1681 3499 1751 ipsum
3527 1681 3749 1751 scriptae

2142 1770 2381 1826 fuerant.
2419 1770 2524 1838 Qui
2554 1788 2679 1827 cum
2714 1788 2779 1827 ea
2799 1773 3171 1842 accepissent,
3204 1787 3263 1827 se
3297 1772 3734 1842 parantquidem

448 1862 657 1917 τούτων
679 1863 1056 1938 ἐκπλήρωσιν·
1092 1863 1518 1933 διασκεψάμενοι
1552 1859 1724 1924 δὲ,ὠς
1757 1860 1822 1914 ἂν
1860 1859 1936 1930 μὴ
1957 1857 2035 1928 τῷ

2141 1860 2206 1914 ad
2239 1875 2301 1914 ea
2333 1861 2636 1930 implenda.
2666 1862 2804 1917 Cum
2840 1871 3022 1918 autem
3056 1861 3421 1925 dubitassem,
3456 1879 3522 1916 ne
3553 1863 3599 1917 si
3622 1866 3734 1916 cito

447 1957 605 2026 τάχει
634 1957 736 2024 τῆς
761 1956 1064 2026 ἀποστολῆς
1116 1958 1173 2009 ἐν
1221 1953 1798 2010 Κωνσταντινουπόλει
1845 1969 2036 2022 χρονο-

449 2048 808 2123 τριδήσωσιν,
864 2047 1039 2109 ἄλλως
1092 2063 1152 2100 τε
1194 2047 1287 2100 καὶ
1335 2045 1436 2116 τὴν
1474 2045 1896 2115 ἐπισυναγωγὴν
1928 2041 2036 2096 τῶν

445 2139 653 2194 λοιπῶν
705 2139 1257 2210 προσεπινοήσαντες,
1293 2137 1552 2208 δευτέραν
1603 2137 1822 2207 γραφὴν
1855 2154 1996 2205 προσ
2013 2163 2040 2178 οε

445 2233 715 2304 δέχονται.
756 2232 820 2286 Τί
851 2228 944 2287 οὖν
973 2234 1000 2286 ὁ
1034 2232 1206 2296 δεινὸς
1253 2233 1465 2293 ἐκεῖνος
1510 2232 1604 2284 καὶ
1636 2232 1883 2295 ποικίλος
1913 2231 2036 2286 θεο-

452 2328 654 2396 μισήςς
691 2324 877 2378 Ταῦτα
902 2323 1208 2396 διαμαθὼν,
1237 2324 1587 2392 ἐξανίσταται
1633 2325 2037 2397 μοχθηρότερον

449 2417 594 2470 κατὰ
619 2415 714 2469 τοῦ
745 2415 1137 2486 άρχιποιμένος
1157 2414 1254 2468 καὶ
1295 2417 1396 2486 τῆς
1428 2413 1664 2485 ποίμνης
1703 2414 1941 2486 ἐκείνης,
1977 2415 2038 2478 ὃς

449 2506 529 2576 τῷ
567 2505 778 2575 βασιλεῖ
805 2505 902 2570 τὰς
931 2505 1096 2558 αὑτοῦ
1122 2505 1450 2575 διεσάφησεν
1477 2505 1894 2577 ἀρῤητοποιίας.
1928 2508 2039 2561 Καὶ

449 2599 799 2669 πλασάμενος
847 2597 916 2651 τὰ
967 2597 1108 2651 κατὰ
1160 2597 1253 2650 τοῦ
1317 2597 1650 2669 Ὠριγὲνους,
1701 2598 2038 2669 συναρπάζει

452 2692 548 2743 καὶ
577 2689 864 2744 σπένδεται
909 2689 1014 2760 τὴν
1059 2689 1197 2761 πρὸς
1226 2689 1316 2743 τὸν
1350 2691 1522 2758 μέγαν
1565 2690 1884 2758 Ἐπιφάνιον
1925 2691 2039 2744 Κύ-

452 2802 592 2853 πρου
624 2783 829 2854 φιλίαν,
857 2782 932 2848 ὡς
961 2781 1122 2854 δῆθεν
1145 2783 1215 2835 τὰ
1258 2783 1576 2854 Ὠριγὲνους
1595 2783 2036 2838 διακαταϐαλεῖν.

453 2876 835 2946 Συναπάγεται
890 2875 1100 2938 τούτοις
1135 2876 1163 2928 6
1203 2874 1538 2944 Ἐπιφάνιος,
1587 2876 1681 2929 καὶ
1737 2876 2040 2943 συναγωνί-

455 2967 607 3030 ζεται
637 2965 898 3036 Θεοφίλῳ
945 2957 992 3034 ᾧ
1038 2960 1106 3036 ἦν
1158 2966 1186 3018 ὁ
1239 2965 1464 3035 σύμπας
1503 2965 1706 3030 σκοπὸς
1735 2966 1834 3036 τῆς
1874 2983 2040 3018 σπου-

457 3059 552 3127 δξς
590 3057 729 3114 κατὰ
779 3056 875 3111 τοῦ
924 3057 1080 3125 ἁγίου
1137 3055 1230 3111 καὶ
1271 3057 1379 3109 τῶν
1431 3056 1741 3127 εἰρημένων
1783 3055 2040 3126 ἀσκητῶν

2137 1937 2509 2017 mitterentur,
2561 1961 2775 2021 tempus
2827 1960 3071 2008 tererent
3123 1953 3634 2022 Constantinopoli,
3678 1964 3734 2008 et

2139 2039 2343 2111 alioqui
2376 2043 2737 2111 opperientes
2769 2043 2898 2098 dum
2934 2044 3129 2113 reliqui
3165 2059 3387 2114 quoque
3436 2060 3734 2116 congrega—

2138 2142 2354 2195 rentur,
2411 2143 2737 2204 exspectant
2783 2135 3058 2190 secundas
3108 2137 3345 2190 litteras.
3405 2137 3548 2202 Quid
3598 2152 3733 2207 ergo

2138 2225 2290 2280 v:tfer
2317 2226 2406 2280 ille
2427 2233 2480 2281 et
2505 2235 2723 2282 astutus
2748 2226 2836 2282 Dei
2865 2228 3042 2283 hostis
3059 2229 3080 2281 ?
3100 2227 3222 2282 llazc
3242 2243 3367 2282 cum
3392 2229 3732 2290 rescivisset,

2141 2318 2378 2390 insurgit
2410 2320 2732 2376 sceleratius
2779 2322 3047 2378 adversus
3093 2332 3373 2393 pastorum
3405 2323 3732 2394 principem,

2147 2418 2205 2465 et
2230 2411 2384 2466 illum
2412 2427 2660 2483 gregem,
2691 2413 2784 2483 qui
2817 2414 3132 2484 imperatori
3181 2414 3392 2470 nefaria
3431 2417 3551 2487 ejus
3589 2416 3734 2471 facta

2141 2511 2512 2572 exposuerant
2554 2511 2644 2558 :et
2692 2519 2818 2560 cum
2865 2505 2919 2559 in
2971 2522 3068 2561 eos
3099 2506 3458 2563 eonfinxisset
3515 2522 3752 2563 errores.

2142 2591 2418 2665 Origenis,
2465 2611 2724 2666 maguum
2787 2595 3156 2668 Epiphanium
3194 2598 3360 2669 Cypri
3408 2603 3728 2670 episcopum

2143 2685 2208 2740 ad
2252 2703 2313 2742 se
2343 2687 2595 2750 attrahit,
2638 2695 2694 2743 et
2729 2702 2855 2743 cum
2909 2703 2976 2744 eo
3007 2688 3110 2744 iuit
3150 2689 3470 2753 amicitiam,
3502 2695 3560 2742 ut
3599 2702 3733 2742 con-

2141 2787 2367 2848 gregata
2421 2780 2654 2850 synodo,
2709 2778 2918 2850 scripta
2987 2781 3413 2851 reprehenderet
3452 2778 3732 2850 Origenis.

2144 2868 2239 2926 llis
2274 2871 2557 2926 inducitur
2580 2871 2944 2941 Epiphanius,
2981 2860 3035 2928 et
3069 2872 3178 2928 fert
3209 2887 3367 2942 opem
3399 2870 3730 2941 Theophilo.

2143 2962 2314 3032 Cujus
2350 2963 2643 3019 universus
2671 2963 2838 3018 studii
2868 2979 3070 3034 scopus
3117 2981 3224 3020 non
3288 2966 3397 3020 alio
3448 2965 3733 3036 spectabat

2141 3070 2307 3128 quam
2334 3054 2600 3110 adversus
2632 3063 2908 3122 sanctum,
2940 3064 2988 3112 et
3015 3073 3134 3119 eos,
3159 3058 3248 3126 qui
3272 3057 3405 3112 dicti
3435 3067 3584 3124 sunt,
3613 3073 3734 3114 mo-

457 3149 806 3204 ἀποϐλέπων.
833 3149 989 3203 Μετά
1021 3147 1196 3202 ταῦτα
1227 3146 1314 3213 τί;
1357 3146 1545 3200 Πείθει
1583 3147 1673 3200 τὸν
1717 3147 2036 3216 Ἐπιφάνιον

2144 3147 2375 3202 nachos.
2409 3147 2540 3204 Post
2578 3148 2694 3203 haec
2731 3149 2909 3219 quid?
2959 3148 3258 3204 Pet-suadet
3310 3149 3639 3220 Epiphanio,
3672 3159 3733 3205 ut

455 3239 663 3309 γράψαι
719 3237 796 3308 τῷ
842 3236 1090 3309 Ἰωάννῃ,
1143 3235 1252 3289 τῶν
1298 3234 1607 3307 Ὠριγὲνους
1649 3233 1847 3301 βίϐλων
1926 3237 2036 3288 ἀπ-

450 3329 677 3402 έχεσθαι
708 3329 804 3383 καὶ
831 3328 1096 3399 μηδαμῶς
1125 3328 1457 3397 συμφρονεῖν
1481 3326 1688 3388 αὐτοῖς.
1708 3325 1765 3378 Ὁ
1780 3325 1836 3378 δὲ
1868 3326 2040 3396 μέγας

451 3423 621 3484 ὅντως
647 3413 800 3484 οὗτος
827 3419 1214 3489 Χρυσόστομος
1275 3417 1446 3471 ταῦτα
1479 3416 1794 3486 δεξάμενος,
1827 3418 1904 3488 τῷ
1935 3435 2036 3471 κα-

453 3512 610 3583 θαρῷ
653 3511 748 3566 τοῦ
794 3511 1140 3581 φρονήματος
1175 3510 1276 3564 οὐκ
1304 3508 1589 3580 ἐφρόντιζε
1623 3508 1733 3562 τῶν
1763 3509 2035 3579 ἐπεμϐαι-

454 3601 680 3665 νόντων,
714 3602 851 3672 μόνα
894 3599 952 3654 δὲ
984 3601 1052 3654 τὰ
1089 3599 1188 3672 τῆς
1220 3601 1496 3672 σωτηρίας
1548 3600 1876 3672 διεμερίμνα
1924 3602 2038 3655 δια·

455 3694 680 3757 παντός.

526 3783 598 3841 κ’.
642 3786 804 3842 Ἀλλὰ
836 3786 1013 3841 ταῦτα
1067 3785 1166 3856 μὲν
1205 3784 1517 3850 ἀκολούθως
1575 3789 1689 3851 τοῖς
1746 3788 2036 3858 πράγμασι

452 3876 748 3949 διατρέχων
775 3878 803 3930 6
839 3877 996 3946 λόγος
1023 3877 1280 3950 ἐδήλωσε·
1315 3879 1520 3950 μεταξὺ
1552 3879 1611 3933 δὲ
1638 3879 1746 3933 τῶν
1778 3881 2038 3935 τοιούτων

455 3972 489 4040 ἡ
540 3971 638 4041 τῆς
668 3969 1111 4042 πολυθρυλλήτου
1150 3971 1328 4042 χήρας
1368 3971 1686 4042 παρέστηκε
1716 3971 1810 4025 τοῦ
1853 3973 2037 4041 ἀμπε-

453 4060 623 4125 λῶνος
651 4061 923 4131 διήγησις,
963 4062 1098 4133 πρὸς
1119 4063 1183 4134 ἢν
1213 4061 1668 4136 καθισ[τ]όιμεθα.
1691 4063 2036 4132 Θεόγνωστος

456 4154 686 4218 ἐκεῖνος,
720 4153 748 4204 6
781 4153 1014 4225 εὐσεϐὴς
1064 4154 1158 4209 καὶ
1203 4154 1419 4220 πιστὸς,
1471 4150 1552 4221 εἷς
1602 4157 1694 4209 καὶ
1740 4156 1900 4221 αὐτὸς
1927 4156 2038 4210 τῶν

454 4245 672 4299 οἰκείων
727 4244 803 4315 τῷ
843 4245 1054 4315 βασιλεῖ
1114 4246 1403 4320 Ἀρκαδίῳο
1448 4247 1626 4318 φθόνῳ
1659 4247 1716 4301 δὲ
1767 4247 2036 4315 διαϐόλου,

456 4336 549 4390 καὶ
579 4337 743 4390 Γαΐου
769 4337 865 4394 τοῦ
900 4338 970 4390 τὰ
1004 4339 1214 4408 Ἀρείου
1258 4337 1581 4410 φρονοῦντος
1618 4338 1838 4410 διαϐολῇ
1873 4357 2038 4394 συκο-

457 4432 739 4495 φαντεῖται
771 4429 906 4500 πρὸς
935 4429 1161 4499 βασιλέα
1191 4431 1555 4498 Θεόγνωστος,
1589 4433 1684 4484 καὶ
1725 4430 1822 4504 τὴν
1854 4432 2038 4487 ἄδικον

2144 3241 2352 3296 scribat
2382 3240 2447 3294 ad
2488 3238 2752 3296 Joannem
2792 3250 2852 3294 ut
2886 3241 3161 3296 abstineat
3192 3257 3222 3295 a
3254 3243 3478 3311 scriptis
3531 3240 3731 3313 Orige-

2142 3332 2226 3388 nis
2279 3339 2331 3386 et
2377 3345 2503 3386 cum
2558 3335 2638 3388 eis
2678 3332 2902 3386 minimc
2949 3333 3171 3388 sentiat.
3228 3331 3323 3388 llle
3369 3341 3553 3388 autem
3601 3348 3736 3388 vere-

2143 3435 2374 3492 magnus
2425 3421 2860 3493 Chrysostomus
2903 3437 3026 3476 cum
3073 3422 3188 3477 haec
3235 3423 3566 3494 accepisset,
3605 3438 3732 3478 sen-

2141 3513 2329 3567 tentiae
2378 3528 2492 3569 suae
2543 3512 2714 3568 fretus
2765 3514 3033 3583 puritate,
3064 3529 3171 3568 non
3213 3513 3443 3569 curabat
3486 3529 3604 3578 eos,
3636 3515 3732 3585 qui

2143 3605 2522 3682 insultabant',
2577 3606 2674 3661 sed
2721 3605 2789 3661 de
2831 3607 3108 3662 communi
3151 3606 3338 3663 salute
3397 3607 3576 3663 solum
3611 3613 3732 3663 erat

2142 3706 2407 3768 perpetuo
2448 3697 2738 3753 sollicitus.

2210 3787 2302 3844 20.
2338 3786 2444 3841 Sed
2482 3788 2595 3842 haec
2630 3788 2853 3859 quidem
2899 3788 3064 3843 rebus
3097 3797 3494 3858 consequenter
3540 3801 3732 3858 persc-

2141 3896 2338 3950 quens,
2363 3879 2663 3935 declarabit
2688 3879 2887 3935 oratio.
2920 3881 3068 3934 inter
3090 3880 3204 3934 brec
3230 3887 3411 3934 autem
3445 3879 3732 3934 celebratae

2141 3973 2288 4026 illius
2324 3971 2499 4028 viduae
2530 3973 2702 4026 vineae
2739 3972 2974 4026 accessit
3006 3973 3270 4032 narratio,
3307 3970 3372 4023 ad
3404 3985 3568 4039 quam
3600 3985 3730 4040 ρει-ς

2142 4065 2412 4119 venimus.
2443 4063 2825 4135 Theognostus
2859 4063 2982 4133 pius
3023 4062 3114 4117 ille
3139 4069 3192 4117 ct
3217 4061 3410 4125 ﬁdelis,
3449 4069 3567 4116 erat
3609 4060 3730 4130 ipse

2141 4172 2360 4227 quoque
2383 4172 2526 4211 unus
2557 4172 2620 4211 ex
2655 4156 2747 4221 iis,
2780 4156 2877 4227 qui
2911 4163 3067 4210 erant
3100 4153 3398 4209 familiares
3431 4154 3731 4224 imperato-

2141 4251 2186 4304 ri
2233 4249 2486 4305 Arcadio.
2540 4249 2744 4304 Invidia
2808 4258 2991 4303 autem
3042 4247 3249 4302 diaboli
3326 4254 3381 4302 et
3432 4244 3574 4311 Gaii,
3633 4244 3728 4318 qui

2141 4342 2335 4397 morbo
2370 4341 2654 4396 laborabat
2681 4341 2820 4406 Arii,
2855 4339 2995 4410 apud
3019 4339 3403 4407 imperatorem
3429 4347 3730 4393 accusatur

2143 4433 2551 4506 Theognostns,
2589 4442 2642 4491 et
2667 4434 2870 4502 injusta
2899 4433 3169 4487 bonormn
3205 4430 3576 4498 publicatione
3600 4444 3725 4484 cum

454 4519 721 4592 δήμευσιν
799 4525 895 4574 καὶ
959 4523 1259 4592 ὑπερορίαν
1309 4523 1406 4576 σὺν
1457 4524 1679 4590 γυναικὶ
1736 4525 1829 4577 καὶ
1883 4526 2037 4577 παισὶ

2147 4527 2477 4598 relegatione
2505 4526 2800 4580 damnatur
2833 4525 2994 4580 simul
3028 4539 3151 4579 cum
3189 4538 3356 4578 uxore
3397 4533 3448 4578 et
3484 4522 3672 4577 liberis
3708 4537 3724 4586 ;

459 4615 868 4687 κατακρίνεται⁸
903 4616 996 4670 καὶ
1043 4616 1130 4669 ἵνα
1162 4615 1434 4684 συντέμω,
1477 4619 1606 4687 πρὶν
1639 4616 1670 4688 ἤ
1712 4616 1917 4686 φθάσαι
1947 4617 2037 4671 τὸν

455 4706 554 4776 τῆς
598 4705 815 4779 ὲξορίας
854 4709 1020 4762 τόπον
1047 4750 1060 4773 ,
1115 4709 1236 4762 καθ’
1285 4709 1407 4763 ὁδοῦ
1467 4710 1566 4780 τὴν
1609 4711 1729 4763 ὁδὸν
1775 4709 1871 4763 τοῦ
1921 4708 2036 4779 βίου

455 4801 700 4867 τελέσας,
733 4801 871 4872 πρὸς
916 4802 1010 4854 τὸν
1060 4801 1196 4856 Θεὸν
1245 4802 1574 4873 ἐξεδήμησε.
1626 4803 1833 4856 Τούτου
1875 4803 2036 4874 ἡσύο

456 4893 620 4961 ζυγος
680 4894 1071 4963 ύποστρέψασα
1126 4894 1462 4966 προστρέχει
1520 4893 1598 4965 τῷ
1657 4893 1788 4966 θείῳ
1849 4895 2034 4966 ἀνδρὶ,

451 4986 678 5039 τοιαῦτα
709 4985 778 5040 τὰ
815 4985 936 5040 καθ’
968 4986 1168 5056 ἑαυτὴν
1199 4986 1544 5051 ὲκδιδάξασα.
1601 4986 1660 5038 '0
1708 4985 1765 5039 δὲ
1810 5003 2034 5056 συμπα-

456 5077 552 5146 θὴς
572 5070 750 5142 οὗτος,
773 5078 867 5132 καὶ
886 5077 1122 5145 Χριστοῦ
1157 5077 1422 5148 μιμητὴς,
1453 5077 1745 5131 ἐπικλᾶται
1775 5077 1872 5145 τὴν
1903 5093 2038 5147 καρ-

452 5167 574 5220 δίαν
627 5165 706 5237 τῷ
744 5166 908 5220 πάθει
970 5169 1065 5220 καὶ
1096 5170 1164 5237 τῇ
1227 5168 1426 5238 χηρείᾳ
1477 5169 1576 5238 τῆς
1632 5169 1911 5236 γυναικός·
1943 5171 2038 5223 καὶ

454 5263 765 5332 παρηγορεῖ
825 5259 925 5329 μὲν
965 5260 1209 5324 ἱκανῶς,
1263 5262 1358 5314 καὶ
1414 5263 1674 5331 παραινεῖ
1712 5261 1778 5316 τὰ
1826 5263 2032 5316 εἰκόταο

448 5350 839 5406 summm;
882 5351 938 5405 δὲ
998 5352 1178 5418 πάλιν,
1221 5354 1368 5414 ὅπως
1403 5353 1640 5426 ἀποδοθῇ
1674 5358 1738 5425 τῇ
1788 5358 1933 5429 χήρᾳ
1968 5358 2037 5411 τὰ

457 5442 583 5496 ἴδια.
616 5444 727 5498 Καὶ
755 5443 820 5514 δὴ
863 5444 988 5514 περὶ
1017 5444 1208 5497 τούτου
1245 5443 1677 5516 διαμεριμνῶντι
1725 5448 1875 5519 αὑτῷ
1917 5449 2036 5501 ’ἑτε-

455 5550 547 5604 ρον
585 5536 614 5588 6
652 5535 894 5604 πονηρὸς
929 5536 1068 5589 κατὰ
1090 5536 1190 5605 τῆς
1217 5537 1394 5606 χήρας
1422 5539 1679 5604 γυναικὸς
1713 5541 2034 5612 ἁνερῤίπισε

451 5626 513 5678 τὸ
551 5627 744 5680 δεινόν.
784 5629 992 5697 Καιρδς
1043 5629 1153 5700 γάρ
1193 5625 1259 5701 ἦν
1315 5631 1344 5682 6
1399 5632 1495 5702 τῆς
1549 5628 1779 5704 τρύγης,
1812 5634 1878 5686 δι’
1913 5635 2032 5704 ὃνὴ

452 5721 666 5791 βασιλὶς
720 5721 912 5790 ἐξῆλθε
968 5722 1067 5792 τῆς
1115 5724 1341 5787 πόλεως.
1395 5725 1539 5788 Καὶ,
1584 5726 1686 5778 οὐκ
1742 5721 1839 5780 οἶδ’
1885 5729 2032 5792 ὅπως

452 5815 614 5879 εῐπω,
648 5815 933 5885 προτέροις
980 5817 1059 5879 εἰς
1100 5816 1191 5869 τὸν
1228 5816 1529 5886 ἀμπελῶνα
1564 5817 1662 5885 τῆς
1703 5819 1876 5888 χήρας
1921 5812 2032 5870 elc-

454 5904 574 5974 ἐ6η’
608 5905 703 5963 καὶ
735 5906 842 5978 ἰδίᾳ
872 5908 1016 5977 χειρὶ
1041 5908 1140 5975 τῆς
1165 5909 1410 5979 ἀμπέλου
1436 5909 1630 5979 βότρυν
1661 5909 2032 5979 ἀποτεμοῦσα,

458 5995 648 6050 ἐσθίει.
709 5993 842 6050 Εἶτα
889 5997 1197 6053 διδάσκεται
1259 5999 1332 6064 ὡς
1373 6000 1628 6070 ἀλλοτρία
1673 6001 1706 6069 ἡ
1768 5999 2029 6070 ἄμπελος.

2141 4627 2215 4683 et,
2255 4629 2316 4672 ut
2351 4619 2544 4688 paucis
2578 4619 2885 4680 absolvam,
2929 4617 3248 4686 priusquam
3286 4615 3628 4684 pervenisset
3654 4613 3723 4666 ad

2140 4710 2322 4764 locum
2361 4710 2414 4763 in
2463 4725 2624 4780 quem
2659 4719 2774 4763 erat
2807 4709 3106 4776 relegatus,
3144 4707 3198 4760 in
3231 4707 3448 4768 itinere,
3483 4703 3570 4758 via
3601 4706 3725 4758 vita:

2141 4809 2383 4871 peracta,
2433 4800 2686 4872 migravit
2733 4801 2797 4854 ad
2836 4799 3025 4856 Deum.
3083 4797 3256 4867 Hujus
3305 4810 3443 4850 uxor
3501 4810 3723 4850 reversa
3786 4787 3808 4796 ’

2141 4895 2351 4949 accedit
2388 4894 2454 4948 ad
2491 4895 2668 4948 virum
2698 4891 2966 4955 divinum,
3005 4900 3058 4945 et
3095 4889 3162 4945 de
3193 4904 3253 4945 se
3292 4887 3475 4944 omnia
3512 4887 3720 4942 docuit.

2139 4988 2240 5042 llic
2275 4997 2456 5042 autem
2481 4987 2798 5042 misericors
2829 4984 3104 5040 ctChristi
3129 4984 3393 5046 imitator,
3426 4982 3590 5037 corde
3621 4981 3722 5036 do-

2141 5077 2311 5131 lorem
2357 5077 2557 5146 accipit
2603 5077 2672 5130 ob
2700 5090 2760 5130 ea
2795 5091 2918 5145 quae
2952 5074 3290 5138 acciderant,
3326 5084 3380 5128 et
3409 5073 3479 5128 ob
3506 5073 3724 5128 feminas

2139 5170 2459 5224 viduitatem
2496 5189 2506 5224 :
2551 5177 2604 5223 et
2639 5169 2868 5238 pulchre
2899 5167 3118 5237 quidem
3152 5167 3492 5229 consolatur,
3522 5176 3575 5220 et
3600 5181 3722 5234 quae

2139 5277 2236 5332 par
2260 5274 2377 5315 erat
2399 5261 2448 5315 ei
2468 5261 2692 5315 suadet:
2721 5274 2920 5314 rursus
2952 5274 3080 5315 vero
3096 5259 3431 5323 considerat,
3458 5258 3722 5328 quemad-

2139 5353 2357 5408 modum
2403 5352 2577 5406 vidme
2624 5368 2723 5407 sua
2768 5355 3146 5409 restituantur.
3189 5353 3324 5408 Cum
3356 5352 3403 5407 is
3440 5360 3620 5406 autem
3651 5353 3721 5407 de

2137 5466 2204 5504 eo
2234 5447 2504 5504 sollicitus
2534 5457 2699 5510 esset,
2732 5447 2879 5501 aliud
2916 5446 3118 5500 malum
3149 5444 3411 5501 excitavit
3445 5443 3719 5516 malignus

2139 5541 2401 5596 adversus
2426 5539 2706 5592 mulierem
2744 5538 2980 5594 viduam.
3023 5537 3154 5593 Erat
3177 5539 3321 5594 enim
3362 5546 3576 5608 tempus
3605 5538 3720 5593 vin-

2137 5633 2347 5696 demim,
2380 5639 2601 5702 prepter
2628 5647 2789 5702 quam
2822 5632 3144 5702 imperatrix
3175 5647 3392 5704 egressa
3435 5647 3500 5687 ex
3537 5633 3674 5687 urbe
3701 5648 3719 5687 :

2137 5735 2188 5781 et
2233 5726 2420 5781 nescio
2461 5725 2737 5799 quomodo
2770 5725 2921 5796 prius
2967 5725 3210 5796 ingressa
3243 5726 3342 5781 lmt
3395 5743 3448 5780 ιιι
3507 5741 3715 5781 ςιιιι-αιη

2138 5819 2336 5881 vidum,
2395 5827 2450 5874 et
2497 5835 2592 5872 sua
2648 5835 2812 5873 manu
2866 5825 3146 5873 exsectum
3190 5817 3404 5872 botrum
3457 5819 3694 5875 comedit

2143 5908 2346 5964 Deinde
2375 5910 2624 5976 docetur,
2651 5911 2862 5966 vineam
2899 5925 3023 5968 esse
3059 5910 3304 5965 alterius.
3339 5911 3609 5964 inducunt
3641 5909 3720 5962 le—

2143 6003 2247 6073 gis,
2284 6003 2429 6072 quod
2474 6013 2556 6058 cst
2607 6005 2660 6059 in
2697 6003 2860 6060 rebus
2897 6003 3232 6074 hujusmodi,
3280 6001 3564 6066 auxilium,
3597 6012 3718 6068 quia!
