4084 6432
330 321 438 385 261

1596 348 1870 413 LEONIS
1898 355 2355 423 PHILOSOPHI

3489 382 3597 446 263

332 433 546 490 vineam
571 438 906 510 imperatriei
932 444 1227 515 adjndicat,
1256 449 1301 503 si
1322 451 1579 521 quid'tale
1600 461 1900 531 contigerit.

332 534 382 557 nl
441 529 661 557 ,Ιηη-ξκλ
727 534 953 557 --.Αιζ-....
1018 539 1099 557 ---1
1178 540 1209 557 l-
1275 542 1287 557 I
1410 545 1418 555 -
1445 545 1458 557 ι
1519 547 1529 557 ι
1579 549 1591 557 .
1801 554 1809 557 .
1837 554 1867 557 _,

2032 467 2310 524 Ἐντεῦθεν
2339 473 2621 542 εἰσάγουσι
2652 475 2751 548 τὴν
2789 478 2915 549 περὶ
2946 481 3014 534 τά
3044 481 3280 537 τοσαῦτα
3310 484 3401 539 τοῦ
3433 488 3601 557 νόμου

332 534 387 579 et
440 529 664 585 domino
724 534 956 601 pretium
1018 539 1100 591 vel
1142 540 1287 595 aliud
1330 545 1458 611 quid
1511 547 1668 616 jubet
1724 529 1913 620 reddi;

333 629 387 673 et
416 620 576 691 jussu
614 623 981 694 imperatricis
1039 631 1281 687 refertur
1317 637 1471 692 vinea
1521 640 1574 694 in
1628 658 1911 700 numerum

332 728 557 768 suorum
582 716 1047 775 suburbanuruin.
1091 720 1202 778 HOC
1264 734 1448 782 autem
1486 746 1593 784 11011
1632 742 1833 791 ιΟΙΙΙΕΓυ
1860 747 1913 791 οι

332 806 653 877 simpliciter
675 808 921 878 jubebat,
966 816 1061 869 sed
1096 816 1207 871 haec
1235 818 1343 873 duo
1376 824 1633 879 meditata
1671 845 1683 879 :
1744 845 1909 884 unum

330 898 572 965 quidem,
610 911 899 972 prOpterea
924 908 1069 977 quod
1105 912 1440 967 irasceretur
1476 916 1672 982 viduae,
1702 929 1760 973 ut
1792 936 1908 976 eam

329 989 505 1058 magis
537 990 797 1063 adﬂigeret
831 1013 845 1061 ;
892 999 1124 1054 alterum
1158 1013 1365 1069 autem,
1406 1015 1457 1060 et
1504 1008 1666 1077 cujus
1706 1011 1913 1081 majore

328 1079 511 1133 studio
534 1088 843 1150 tenebatur,
877 1097 935 1142 ut
965 1091 1240 1161 acciperet
1281 1099 1626 1153 occasionem
1676 1079 1907 1158 vexandi

326 1171 622 1239 pontificis,
657 1179 933 1248 cogitante
981 1182 1072 1236 illa
1114 1182 1229 1241 lore
1269 1200 1323 1242 ut
1352 1190 1634 1246 resisteret
1666 1204 1720 1248 et
1751 1197 1802 1249 in
1836 1196 1908 1252 le-

324 1278 443 1330 gem
477 1264 739 1323 incideret
765 1278 820 1325 et
847 1271 1149 1330 oﬂ'enderet
1179 1277 1491 1349 imperium.
1529 1283 1634 1340 Sed
1670 1286 1760 1340 illa
1789 1290 1909 1357 qui-

323 1362 444 1409 dem
506 1357 578 1411 ita
626 1376 685 1416 se
734 1361 1017 1433 habebat;
1065 1369 1304 1438 pontifex
1358 1384 1539 1431 autem
1585 1380 1912 1447 quomodo?

323 1449 618 1518 Suadebat,
640 1456 1007 1525 supplicabat,
1024 1471 1082 1514 ut
1098 1462 1327 1519 decebat
1345 1465 1463 1535 ejus
1478 1468 1902 1542 philosophiam.

320 1540 461 1607 Quid
519 1544 606 1598 illa
664 1550 910 1603 contra?
960 1550 1035 1607 Ea
1068 1555 1231 1610 dabat
1284 1574 1545 1628 responsa
1590 1540 1711 1633 quae
1749 1572 1907 1619 erant

321 1636 480 1704 plena
514 1638 874 1711 impudentia,
899 1643 1158 1704 Romana:
1190 1650 1321 1720 legis
1349 1654 1640 1723 auxilium,
1673 1666 1727 1713 et
1757 1674 1905 1729 quie-

320 1732 403 1783 vis
432 1730 561 1795 alia,
596 1749 757 1801 quam
783 1752 849 1790 ex
878 1741 1110 1797 adverso
1145 1743 1464 1813 objiciebat,
1509 1763 1645 1803 vana
1674 1753 1905 1822 phanta-

317 1822 401 1875 sia
432 1838 545 1878 suae
574 1830 922 1898 arrogantim.
946 1830 1162 1889 Rursus
1193 1853 1323 1908 ergo
1351 1850 1621 1911 temperat
1658 1847 1904 1905 medicus
1940 1824 1983 1880 Β

319 1914 719 1973 medicamenta
757 1922 969 1979 salutis.
1003 1923 1158 1991 Quod
1193 1939 1372 1985 autem
1409 1932 1696 1992 laborabat
1719 1942 1901 1995 curari

316 2021 427 2061 non
468 2016 701 2078 poterat.
735 2012 854 2074 Alia
886 2023 973 2069 est
1002 2027 1267 2084 praeterea
1308 2024 1521 2097 species
1566 2028 1900 2096 curationis,

317 2099 535 2155 solvens
589 2116 787 2159 causas
824 2121 919 2185 per
974 2123 1115 2181 quas
1161 2111 1450 2169 videbatur
1499 2116 1554 2171 id
1582 2118 1728 2188 quod
1764 2124 1905 2177 male

316 2191 570 2246 aﬂectum
614 2203 735 2249 erat
786 2197 1038 2255 laborare
1068 2204 1335 2273 gravius:
1397 2208 1617 2267 solvens
1665 2212 1903 2284 injustos

317 2296 615 2363 praeteritus
652 2307 664 2351 ;
700 2279 893 2369 nempe
923 2286 1217 2363 quod'hzec
1243 2297 1328 2351 lex
1363 2299 1584 2369 quidem
1618 2279 1735 2357 lata'
1756 2316 1904 2362 esset

314 2374 384 2427 ab
422 2366 871 2445 imperatoribus,
905 2383 999 2437 sed
1034 2384 1128 2453 qui
1162 2385 1304 2442 forte
1330 2366 1489 2443 erant
1521 2405 1551 2444 a
1584 2390 1685 2447 lide
1712 2396 1899 2452 alieni.

314 2464 395 2519 'fu
429 2464 610 2523 autem
646 2484 726 2535 es,
761 2473 963 2540 aiebat,
997 2476 1104 2543 lex,
1136 2486 1191 2532 et
1220 2479 1316 2549 tibi
1349 2481 1545 2551 obtigit
1577 2493 1633 2537 ut
1667 2486 1903 2557 impera.

312 2575 424 2624 res,
454 2570 507 2616 et
552 2572 636 2618 est
672 2565 766 2620 tibi
833 2568 1170 2625 conscientia
1205 2587 1325 2639 qua
1351 2576 1515 2646 cogit,
1550 2588 1605 2633 et
1632 2595 1752 2651 qua
1787 2597 1898 2637 rem

311 2653 517 2720 optime
578 2658 727 2725 norit
771 2671 826 2714 et
875 2662 1149 2734 intelligit.
1187 2663 1264 2721 Ne
1301 2669 1607 2737 permittas,
1642 2681 1700 2725 ut
1746 2676 1899 2729 multi

310 2746 489 2801 e0acti
515 2756 565 2802 te
596 2741 792 2829 novam
816 2766 1012 2807 vocent
1040 2752 1281 2822 Jezabel,
1310 2742 1364 2815 et
1391 2777 1511 2831 quae
1537 2762 1605 2819 de
1650 2763 1903 2827 Nabotlie

314 2838 520 2919 scripta
574 2848 703 2895 sunt
746 2841 799 2896 in
851 2841 1029 2899 Veteri
1079 2854 1429 2905 testamento.
1465 2850 1591 2909 llaec
1636 2858 1901 2927 sapientis

309 2916 529 2993 medici,
585 2946 708 3013 qum
760 2944 1026 3007 perpetuo
1075 2936 1415 3001 adhibebat,
1466 2916 1897 3013 medicamenta,

311 3020 455 3101 male
492 3010 743 3075 affectam
772 3023 1030 3080 feminam
1065 3031 1239 3101 magis
1271 3030 1681 3088 inllammabant
1710 3052 1724 3101 ;
1763 3010 1901 3092 adeo

2020 560 2306 631 βοήθειαν,
2348 567 2792 639 προσκυροῦντος
2835 575 2900 641 τῇ
2939 572 3170 643 βασιλίδι
3212 576 3303 629 τὸν
3342 577 3605 646 ἀμπελῶ-

2018 669 2104 720 να,
2137 657 2297 726 ἡνίκα
2337 662 2518 731 συμδῇ
2572 662 2633 714 τὸ
2682 663 2909 730 τοιοῦτο,
2950 666 3046 719 καὶ
3072 665 3492 739 ἀντισηκοῦντος
3522 688 3598 730 u-

2022 748 2314 819 μήματι,ἢ
2345 752 2516 821 ἑτέρῳ
2545 754 2756 823 τρόπῳ,
2775 755 2863 809 τὸν
2889 758 3109 831 κύριονζ
3130 759 3223 811 καὶ
3252 760 3600 815 συντάττετατ

2021 836 2273 892 κελεύσει
2299 842 2395 910 τῆς
2430 841 2700 911 βασιλίδος
2743 845 2771 898 6
2820 847 3093 915 ἁμπελὼν
3115 851 3227 912 τοῖς
3255 851 3438 913 αὐτοῖς
3462 869 3598 924 προ·
3630 874 3631 877 η

2016 928 2272 992 αστείοις.
2315 931 2487 985 Τοῦτο
2529 934 2584 987 δὲ
2631 935 2728 1006 ούχ
2774 937 2962 1001 ἁπλῶς
2996 942 3090 992 καὶ
3125 940 3200 1004 ὡς
3234 941 3393 1011 ἔτυχε
3427 930 3602 1015 ταύτῃ

2017 1019 2323 1083 ἐκελεύετο,
2363 1021 2451 1075 διὰ
2497 1023 2551 1077 δὲ
2598 1025 2690 1079 δύο
2740 1027 2913 1080 ταῦτα
2948 1030 3350 1100 μελετηθένταο
3378 1033 3436 1085 ἓν
3478 1036 3599 1104 μὲν,

2015 1110 2103 1162 διὰ
2138 1111 2299 1181 μῆνιν
2334 1113 2430 1185 τῆς
2463 1118 2658 1188 χήρας,
2692 1121 2784 1172 καὶ
2813 1119 2873 1173 τὸ
2895 1122 3101 1192 ταύτην
3128 1123 3311 1193 (mem
3340 1143 3598 1197 περισσο-

2014 1202 2216 1271 τέρως·
2246 1202 2305 1255 τὸ
2334 1204 2392 1258 δὲ
2425 1206 2677 1278 δεύτερον
2710 1211 2805 1264 καὶ
2856 1213 3057 1283 μᾶλλον
3105 1216 3598 1270 ἑπισπουδαστότε-

2017 1309 2141 1361 ρον,
2193 1296 2255 1347 τὸ
2304 1296 2561 1369 ἀφορμῆς
2610 1299 2785 1366 οὕτως
2829 1304 3023 1374 ἔχοντα
3067 1308 3438 1378 παρακινῆσαι
3495 1310 3593 1362 τὸν

2016 1384 2306 1453 μέγαν.....
2337 1388 2418 1442 Τὰ
2438 1390 2495 1443 δὲ
2528 1392 2618 1444 τοῦ
2644 1392 2945 1465 ἀρχιερέως
2979 1399 3171 1462 ὁποίας
3219 1401 3595 1471 παραινέσεις,

2014 1474 2287 1545 ίκετηρίαι
2324 1479 2451 1549 περὶ
2503 1481 2598 1533 τοῦ
2644 1484 2971 1552 πράγματος
3018 1487 3223 1553 ἱκαναὶ,
3254 1488 3354 1557 τῆς
3384 1490 3599 1543 ἐκείνου

2012 1566 2335 1638 φιλοσοφίας
2392 1571 2634 1638 ὲπάξιαι.
2694 1574 2881 1650 Ταύτῃ
2922 1576 2979 1630 δὲ
3039 1578 3163 1631 τίνα
3210 1580 3347 1650 πρὸς
3385 1581 3595 1647 caiisa;

2023 1659 2372 1732 Ἀποκρίσεις
2408 1664 2664 1735 άκηδείας
2691 1668 2908 1736 μεσταὶ,
2944 1670 3001 1722 αί
3031 1669 3124 1723 τοῦ
3168 1668 3478 1741 Ῥωμαῖκοῦ
3512 1674 3599 1726 v6-

2012 1768 2113 1821 μου
2149 1754 2414 1825 βοήθειαι,
2447 1758 2540 1810 καὶ
2570 1759 2721 1812 πᾶσά
2753 1777 2835 1824 τις
2861 1758 2994 1831 άλλη
3021 1761 3120 1831 τῆς
3149 1763 3353 1831 ἑαυτῆς
3395 1764 3595 1829 ἀλαζοο

2009 1846 2155 1909 νείας
2184 1848 2461 1912 ἀντίθετος
2507 1854 3000 1919 φαντασιοσκοπία.
3060 1854 3232 1909 Πάλιν
3274 1856 3366 1911 οὖν
3397 1856 3467 1910 τὰ
3496 1859 3600 1927 τῆς

2011 1938 2287 2010 σωτηρίας
2320 1942 2348 1993 6
2382 1941 2565 2011 ἰατρὸς
2610 1942 2901 2015 κεράννυσι
2942 1946 3233 2017 φάρμακα,
3276 1948 3369 2003 καὶ
3415 1949 3475 2003 τὸ
3505 1968 3596 2004 νο-

2011 2030 2140 2083 σοῦν
2199 2030 2613 2103 ἀθεράπευτον·
2681 2036 2866 2106 ἕτερον
2922 2037 3000 2091 ἔτι
3054 2040 3353 2111 θεραπείας
3411 2036 3628 2121 εἶδοςη

2007 2121 2150 2175 λύων
2181 2122 2277 2186 τάς
2311 2125 2513 2188 αἰτίας,
2550 2126 2624 2179 δι’
2661 2119 2736 2180 ὧν
2789 2129 2849 2182 τὸ
2899 2131 3107 2201 πάσχον
3163 2131 3338 2186 ἐδόκει
3388 2132 3596 2203 κρατύ-

2007 2212 2219 2278 νεσθαι,
2250 2215 2393 2269 λύων
2422 2217 2521 2280 τὰς
2563 2217 2785 2283 ἀδίκους
2816 2223 3142 2291 προφάσεις⁹
3185 2222 3267 2276 ὅτι
3311 2223 3469 2278 τοῦτο
3503 2241 3596 2277 νε-

2006 2305 2367 2377 νομοθέτηται
2403 2310 2501 2379 μὲν
2535 2312 2687 2381 παρὰ
2720 2310 3008 2382 βασιλέων,
3037 2315 3181 2384 τάχα
3210 2314 3266 2368 δὲ
3284 2314 3397 2368 τῶν
3427 2314 3600 2380 ξένων

2005 2396 2108 2467 τῆς
2138 2398 2396 2462 πίστεως.
2434 2401 2505 2454 Συ
2540 2402 2595 2455 δὲ
2645 2405 2739 2456 καὶ
2781 2402 3008 2475 εὖνομος
3054 2402 3124 2469 εἴ,
3162 2407 3254 2460 καὶ
3288 2407 3598 2487 βασιλεύειν

2005 2489 2172 2560 κεκλή
2183 2507 2374 2560 ρωσαι,
2389 2493 2480 2545 καὶ
2507 2495 2539 2564 ὴ
2566 2495 2869 2565 συνείδησις
2884 2496 3299 2564 ἀναγκάζουσα,
3318 2498 3592 2551 συνειδυῖα

2006 2582 2067 2635 τὸ
2130 2584 2386 2654 πρᾶγμα,
2431 2585 2922 2654 συγγινώσκουσα·
2982 2589 3118 2650 καὶ,
3179 2590 3254 2659 μὴ
3304 2590 3411 2660 δῷς
3464 2592 3595 2654 τοὺς

2005 2673 2232 2737 πολλοὺς
2268 2678 2713 2746 ἀναγκασθέντας
2752 2682 2877 2733 νέαν
2930 2681 3166 2745 Ἰεζάϐελ
3194 2685 3369 2735 εἰπεῖν
3392 2699 3474 2745 σε,
3502 2686 3595 2736 καὶ

2002 2764 2103 2818 ὅσα
2135 2764 2222 2817 διὰ
2255 2766 2356 2835 τῆς
2403 2769 2570 2821 πάλαι
2607 2770 2745 2841 ἀρᾶς
2786 2769 2861 2841 τῷ
2902 2771 3180 2825 Ναϐουθαὶ
3227 2774 3591 2844 διιστόρηται.

2004 2857 2193 2910 Ταῦτα
2242 2860 2350 2931 γὰρ
2399 2861 2493 2913 καὶ
2539 2860 2625 2915 διὰ
2665 2862 2883 2917 πάντων
2914 2863 3007 2918 τοῦ
3042 2863 3205 2934 σοφοῦ
3253 2864 3491 2936 θεράπου
3523 2866 3597 2919 τὰ

2006 2951 2438 3021 ἀλεξιφάρμακα
2464 2970 2476 2984 ·
2512 2956 2607 3007 καὶ
2665 2954 2865 3024 μᾶλλον
2901 2956 2981 3009 ἔτι
3018 2955 3343 3027 φλεγμαίνει
3398 2956 3460 3011 τὸ
3495 2961 3599 3029 ἀρ.

2007 3045 2249 3115 ρωστοῦν
2276 3045 2369 3099 ἐπὶ
2394 3044 2670 3112 τοσοῦτον,
2695 3047 2836 3101 ὥστε
2862 3050 2957 3101 καὶ
2979 3049 3069 3102 τὸν
3101 3049 3340 3119 θεράπον
3366 3050 3465 3122 τὴν
3492 3052 3594 3105 ούκ

311 3098 370 3166 ut
410 3126 511 3167 nec
554 3113 828 3169 medicum
856 3118 1076 3187 quidem
1124 3098 1463 3190 admitteret,
1506 3126 1622 3182 imo
1661 3144 1789 3183 vero
1814 3146 1900 3186 re-

311 3204 532 3227 ....Il......n
592 3216 635 3227 --
676 3224 826 3227 μ---η.
866 3210 962 3227 ηερ
1026 3211 1038 3222 ο
1534 3219 1548 3227 .
1592 3222 1601 3227 .
1714 3221 1725 3227 -
1752 3222 1782 3227 --

2005 3098 2370 3207 είσ“έξασθαι,
2401 3139 2603 3210 μᾶλλον
2631 3098 2687 3193 δὲ
2711 3140 3057 3207 ἀπώσασθαι,
3091 3098 3190 3195 καί
3208 3142 3303 3213 τὴν
3336 3098 3593 3213 ἀθέσμως

309 3204 559 3271 pelleret,
587 3216 640 3262 et
669 3224 832 3278 quam
863 3210 1076 3267 nefarie
1119 3227 1441 3287 conceptam
1467 3219 1680 3275 celabat
1714 3221 1898 3290 bilem,

308 3312 495 3373 aperte
539 3305 592 3359 in
643 3306 819 3361 lucem
875 3310 1149 3377 proderet.
1203 3310 1293 3366 Sic
1340 3314 1562 3384 quidem
1622 3319 1907 3385 repellitur

314 3395 607 3463 medicus;
644 3397 777 3469 quid
808 3415 958 3467 vero,
992 3418 1110 3473 qua:
1144 3403 1407 3476 deinceps
1446 3412 1905 3477 consequuntur?

307 3488 511 3567 Aderat
558 3490 677 3545 dies
716 3492 884 3548 festus
924 3500 977 3549 et
1012 3494 1246 3551 celebris
1290 3498 1471 3555 crucis
1510 3502 1561 3553 in
1595 3503 1765 3555 altum
1791 3503 1903 3557 ela-

307 3578 489 3641 tionis.
542 3591 598 3636 et
653 3581 897 3652 jusserat
960 3586 1238 3655 pontifex,
1307 3599 1364 3643 ut
1438 3599 1609 3661 portae
1650 3594 1902 3650 ecclesia

307 3671 698 3729 clauderentur
727 3676 830 3730 soli
862 3678 1224 3747 imperatrici.
1252 3680 1389 3737 Ecce
1412 3698 1544 3755 ergo
1571 3686 1780 3756 primus
1813 3688 1898 3741 in-

309 3764 556 3835 greditur
591 3766 911 3837 imperator,
943 3779 996 3825 et
1037 3770 1340 3828 fidelissimi
1401 3778 1584 3847 populi
1634 3780 1896 3836 universa

311 3858 605 3914 multitudo
635 3876 760 3914 cum
794 3861 916 3931 ipso
943 3871 997 3917 et
1030 3865 1179 3919 circa
1208 3866 1408 3937 ipsum.
1439 3867 1575 3925 Cum
1602 3882 1783 3928 autem
1815 3875 1900 3927 in-

308 3953 549 4022 cepisset
588 3963 821 4011 sanctus
863 3955 931 4011 de
965 3972 1118 4013 more
1151 3964 1493 4031 coneionari,
1541 3966 1623 4021 vis
1666 3970 1899 4025 sanctis-

306 4046 454 4124 simi,
497 4063 617 4121 quae
659 4064 783 4104 eum
820 4048 1174 4117 illuminarat,
1220 4052 1459 4124 Spiritus
1500 4058 1736 4115 reddidit
1786 4062 1894 4118 ele-

306 4120 611 4224 gantiorem
659 4142 949 4213 verborum
1003 4145 1466 4214 pulchritudinem
1517 4166 1644 4207 cum
1697 4168 1765 4208 eo
1801 4154 1894 4225 qui

310 4232 655 4303 loquebatur.
708 4231 772 4286 Et
817 4236 950 4303 quid
992 4251 1133 4305 Opus
1162 4246 1245 4292 est
1288 4238 1491 4305 dicere,
1524 4242 1590 4296 ad
1632 4253 1893 4313 quantam

309 4326 731 4401 admirationem
768 4330 997 4383 veniens
1030 4330 1322 4385 multitudo
1350 4371 1365 4395 ,
1406 4332 1678 4403 applausit
1705 4337 1894 4390 exsul-

309 4398 612 4474 tationibus
656 4436 829 4500 saera:
872 4422 1232 4477 dilectionis?
1273 4422 1407 4479 Cum
1439 4424 1555 4479 haec
1588 4434 1769 4481 autem
1804 4428 1896 4481 tie-

2006 3230 2455 3302 θαλαμευομένην
2485 3230 2650 3286 ὠδῖνα
2694 3232 2788 3286 τοῦ
2821 3234 2976 3305 χόλου
3012 3234 3246 3304 φανερὸν
3284 3235 3593 3307 ἀπορρῆξαι

2006 3325 2101 3377 καὶ
2139 3324 2569 3397 ἀνεπίκρυπτον.
2607 3324 2765 3380 Οὕτω
2814 3326 2913 3396 μὲν
2965 3326 3270 3380 ἀπωθεῖται
3313 3329 3341 3381 6
3382 3329 3591 3400 ἰατρός.

2004 3415 2069 3469 Τί
2115 3415 2170 3469 δὲ
2226 3417 2294 3469 τὰ
2337 3417 2500 3487 ἐξῆςς
2548 3418 2743 3488 Παρῆν
2792 3419 2827 3487 ἡ
2877 3416 3198 3488 ἀθροίσιμος
3256 3419 3440 3489 ἡμέρα
3493 3420 3592 3473 τοῦ

2006 3504 2239 3575 σταυροῦ
2285 3504 2386 3573 τῆς
2426 3494 2705 3574 ὑψώσεως,
2740 3508 2833 3558 καὶ
2884 3505 3229 3576 παραγγελία
3269 3506 3362 3560 τοῦ
3401 3509 3591 3578 ἀρχιε-

2008 3596 2147 3665 ρέως
2176 3596 2275 3659 τὰς
2314 3596 2488 3658 πύλας
2513 3595 2611 3665 τῆς
2646 3597 2941 3667 ἐκκλησίας
2971 3597 3295 3651 ἀποκλεῖσαι
3345 3598 3479 3669 μόνῃ
3521 3602 3587 3670 τῇ

2005 3686 2258 3755 βασιλίδι.
2308 3687 2438 3740 Ἰδοὺ
2493 3688 2673 3741 τοίνυν
2716 3688 2934 3760 πρῶτος
2983 3692 3010 3742 ὁ
3066 3689 3321 3759 βασιλεὺς
3373 3691 3587 3753 εἴσεισι,

2002 3781 2097 3831 καὶ
2136 3780 2243 3832 πᾶν
2285 3780 2348 3832 τὺ
2394 3779 2596 3850 πλῆθος
2630 3780 2725 3834 τοῦ
2776 3783 3101 3836 πιστοτάτου
3134 3783 3264 3836 λαοῦ
3313 3784 3410 3836 σὺν
3440 3785 3591 3854 αὐτῷ

2001 3875 2097 3928 καὶ
2146 3876 2275 3945 περὶ
2320 3875 2504 3928 αὐτόν.
2547 3876 2655 3928 Καὶ
2683 3876 2747 3948 δὴ
2778 3875 3088 3947 ἀρξαμένου
3123 3878 3264 3931 κατά
3306 3878 3366 3931 τὺ
3397 3878 3589 3941 εἰωθὸς

1999 3969 2334 4038 δημηγορεῖν
2387 3966 2483 4019 τοῦ
2527 3968 2707 4037 ἁγίου,
2761 3970 2792 4038 ὴ
2840 3968 2933 4021 τοῦ
2972 3969 3239 4036 παναγίου
3270 3968 3589 4038 Πνεύματος

1998 4060 2358 4131 ἐπιλάμψασα
2401 4060 2634 4130 δύναμις
2689 4061 2922 4132 ὡραιότε
2934 4079 3025 4130 ρον
3054 4062 3112 4115 τὸ
3142 4061 3337 4125 κάλλος
3367 4061 3475 4115 τῶν
3501 4061 3590 4114 λό-

1998 4171 2111 4222 γων
2153 4154 2249 4208 σὺν
2280 4153 2428 4223 αύτῷ
2458 4155 2711 4208 λαλοῦντι
2738 4155 3007 4219 ἀπέδειξε.
3048 4154 3154 4207 Καὶ
3177 4156 3230 4207 τί
3274 4155 3355 4207 δεῖ
3385 4154 3585 4224 λέγειν,

1998 4248 2122 4301 ὅσον
2152 4248 2231 4311 εἰς
2274 4246 2459 4316 θαῦμα
2506 4248 2568 4301 τὸ
2614 4247 2817 4319 πλῆθος
2852 4247 3095 4311 ἐλθόντες
3150 4249 3323 4317 ἱεραῖς
3364 4247 3585 4315 ἀγάπης

1999 4337 2384 4406 ἀγαλλιάσεσιν
2402 4339 2811 4409 ἐπεκρότησανς
2852 4338 3035 4402 Ἐντὸς
3062 4339 3118 4392 δὲ
3140 4339 3344 4391 τούτων
3366 4337 3460 4391 τοῦ
3480 4340 3586 4390 νεὼ

2000 4430 2357 4499 τελουμένων,
2410 4427 2520 4482 ἰδοὺ
2573 4428 2732 4500 καὶὴ
2781 4429 2993 4499 βασιλὶς
3046 4430 3143 4483 σὺν
3173 4429 3248 4499 τῷ
3280 4428 3451 4499 λοιπῷ
3486 4430 3585 4498 τῆς

307 4524 432 4568 rent
471 4514 613 4570 intra
643 4515 929 4589 templum,
961 4529 1088 4569 ecce
1110 4514 1273 4569 etiam
1312 4516 1628 4586 imperatrix
1658 4532 1782 4572 eum
1810 4535 1889 4574 re-

2005 4518 2313 4586 φαντασίας
2370 4516 2696 4589 κυκλώματι
2728 4558 2744 4583 ,
2794 4520 2887 4572 καὶ
2936 4520 3048 4582 τοῖς
3104 4520 3202 4589 μὲν
3269 4518 3450 4582 ἀλλοις
3487 4518 3588 4589 τὴν

307 4608 481 4681 liquo,
511 4607 601 4676 qui
631 4621 754 4681 eam
787 4605 1048 4680 stipabal,
1082 4607 1343 4662 comitatu
1372 4625 1387 4673 ;
1423 4618 1477 4663 et
1525 4611 1646 4665 aliis
1670 4611 1891 4682 quidem

306 4702 564 4755 omnibus
595 4687 906 4779 ingressum
950 4700 1245 4781 servabant
1276 4701 1529 4768 liberum,
1554 4705 1729 4787 ipsam
1761 4722 1893 4761 vero

307 4794 691 4869 prohibebant.
743 4796 823 4857 Ira
869 4793 1050 4868 adhuc
1096 4794 1556 4859 inconsideratam
1579 4799 1895 4869 possidebat

307 4862 732 4957 iinperatricem.
791 4863 945 4953 Mitto
996 4862 1180 4943 dicere
1225 4901 1490 4959 quantum
1539 4891 1593 4943 in
1642 4892 1891 4950 divinum

305 4979 643 5055 pontiﬁcem,
672 4980 814 5034 idem
850 4991 936 5036 est
959 4990 1139 5058 autem
1175 4982 1378 5054 dicere,
1406 4982 1458 5037 in
1503 4983 1669 5055 Deum
1695 4993 1893 5039 contu-

307 5072 487 5128 meliis
536 5070 757 5149 invecta.
806 5080 892 5126 est
938 5081 995 5126 et
1047 5072 1369 5127 infremuit.
1428 5070 1636 5143 Deinde
1687 5073 1895 5151 cogitat

303 5166 528 5238 quidam
564 5181 627 5221 ex
675 5145 865 5233 iis'qni
893 5180 1017 5219 cum
1047 5165 1161 5243 ipsa
1180 5175 1355 5232 erant,
1389 5154 1447 5220 et
1471 5174 1643 5221 tentat
1680 5145 1892 5235 portam

304 5260 484 5329 gladio
513 5269 802 5327 percutere
827 5275 841 5323 ;
868 5256 991 5325 ejus
1019 5269 1200 5311 autem
1236 5273 1430 5311 manus
1454 5258 1639 5336 statim
1668 5258 1889 5315 arescit.

304 5350 484 5425 Timet
534 5368 667 5421 ergo
715 5351 1037 5421 imperatrix
1090 5360 1144 5405 et
1197 5350 1381 5404 statim
1431 5352 1744 5405 revertitur.
1798 5349 1892 5405 llle

304 5454 483 5499 autem
520 5446 678 5514 cujus
704 5458 902 5498 manus
926 5450 1241 5505 exaruerat,
1275 5442 1487 5496 accedit
1525 5441 1593 5497 ad
1617 5453 1888 5507 sanctum,

308 5536 628 5607 pmuitcntia
681 5514 901 5600 ductus,
936 5547 990 5591 et
1035 5534 1352 5607 supplicans
1396 5535 1582 5589 statim
1637 5546 1888 5602 curatur,

304 5604 359 5678 et
391 5625 533 5680 Deus
578 5643 673 5696 per
708 5645 867 5703 suum
899 5610 1120 5701 servum
1165 5628 1548 5698 niagniiicatur
1580 5637 1634 5682 et
1681 5628 1890 5698 gloriti-

305 5726 481 5769 eatur.
548 5704 712 5771 Estne
780 5718 982 5789 aliquid
1043 5719 1248 5787 justius
1320 5728 1417 5773 aut
1467 5718 1792 5788 benignius,
1834 5729 1890 5771 et

306 5804 612 5878 promptius
649 5806 713 5860 ad
764 5811 1188 5864 Convertendam
1234 5810 1497 5875 animam,
1539 5809 1629 5863 cui
1673 5810 1884 5879 justum

303 5895 523 5971 abunde
541 5898 777 5967 suppetit
805 5902 825 5953 ’ἰ
851 5899 956 5954 Sed
991 5900 1122 5956 nihil
1147 5901 1288 5969 juvit
1322 5919 1461 5967 eam,
1498 5918 1613 5974 qua:
1642 5902 1885 5971 improba

1999 4610 2207 4663 εἴσοδον
2243 4611 2294 4663 οἱ
2341 4610 2713 4679 φυλάσσοντες
2766 4614 3029 4682 παρεῖχον
3080 4610 3381 4676 ἀκώλυτον,
3415 4610 3587 4680 αὐτὴν

1994 4706 2052 4767 δὲ
2091 4706 2427 4761 διεκώλυον·
2473 4708 2567 4761 καὶ
2619 4708 2648 4760 ὁ
2700 4708 2871 4778 θυμὸς
2925 4708 3005 4760 ἔτι
3058 4708 3119 4760 τὸ
3166 4707 3264 4777 τῆς
3311 4706 3584 4775 βασιλίδος

1995 4800 2281 4871 ἀλόγιστον
2340 4801 2724 4855 κατεϐὁσκετο.
2794 4802 2900 4855 Ἐὦ
2951 4801 3167 4870 λέγειν,
3204 4802 3329 4854 ὅσον
3375 4802 3454 4864 εἰς
3493 4799 3585 4853 τὸν

1994 4892 2261 4963 ἀρχιερέα
2308 4893 2400 4946 τὸν
2457 4894 2621 4956 θεῖον,
2665 4894 2863 4946 ταυτὸν
2909 4894 2967 4960 δὲ
3013 4896 3221 4958 εἰπεῖν,
3262 4893 3358 4946 καὶ
3400 4894 3479 4955 είς
3524 4893 3586 4945 τὸ

2006 4983 2163 5035 Θεῖον
2202 4982 2456 5055 ὲξύδρισε
2490 4986 2587 5037 καὶ
2625 4982 2955 5051 ὲφρυάξατο.
3017 4981 3340 5036 Βουλεύεταί
3370 4998 3455 5044 τις
3476 4982 3585 5033 τῶν

1997 5079 2094 5131 σῦν
2140 5078 2305 5147 αὐτῇ,
2342 5077 2438 5131 καὶ
2488 5078 2635 5151 ὁρμᾷ
2669 5075 2916 5148 ῥομφαίᾳ
2959 5076 3199 5141 πατάξαι
3250 5076 3348 5145 τὴν
3384 5074 3581 5142 πύλην,

1995 5169 2090 5221 καὶ
2124 5168 2441 5238 παραυτίκα
2492 5168 2810 5237 ξηραίνεται
2858 5168 2892 5237 ὴ
2939 5166 3131 5221 τούτου
3160 5165 3303 5236 χείρ.
3328 5164 3583 5218 Φοόεῖται

1994 5262 2174 5316 τοίνυν
2215 5264 2247 5333 ή
2296 5261 2527 5331 βασιλὶς,
2574 5260 2668 5315 καὶ
2720 5258 3393 5331 παραυτά-ὑποστρέφει.
3430 5256 3489 5309 ὐ
3526 5256 3585 5310 δὲ

2002 5354 2104 5424 τὴν
2147 5353 2303 5423 χεῖρα
2358 5351 2685 5422 ξηρανθεὶς,
2726 5352 2976 5423 πρόσεισι
3032 5349 3115 5420 τῷ
3164 5349 3320 5417 ἁγίῳ,
3356 5366 3586 5418 μεταγι-

1996 5446 2246 5507 νώσκων,
2288 5444 2551 5499 ἱκετεύων
2576 5458 2591 5473 ⁸
2630 5445 2725 5499 καὶ
2764 5444 3080 5515 παραυτίκα
3124 5444 3292 5505 ἰᾶται,
3328 5441 3424 5494 καὶ
3452 5442 3585 5505 Θείας

1993 5538 2082 5592 διά
2139 5538 2236 5591 τοῦ
2304 5538 2635 5609 θεράποντος
2686 5537 3054 5609 μεγαλύνεται
3132 5537 3227 5589 κα)⁵
3273 5535 3581 5600 δοξάζεται.

1999 5632 2189 5684 Ἔστιν
2228 5629 2360 5684 ἄλλο
2398 5647 2449 5683 τι
2480 5629 2685 5684 τούτων
2731 5628 3086 5699 ἐνδικώτερον
3125 5627 3157 5697 ῆ
3200 5625 3587 5696 φιλανθρωπό-

1999 5737 2181 5791 τερον,
2230 5722 2323 5773 xui.
2371 5722 2505 5791 πρὸς
2548 5721 2901 5791 παράκλησιν
2936 5719 3273 5789 ἐπιστροφῆς
3312 5716 3587 5785 ἑτοιμότε-

1997 5831 2090 5884 P9"
2124 5814 2301 5883 ψυχῆς
2355 5817 2789 5885 πλεονεκτούσης
2850 5813 2910 5866 τὸ
2952 5813 3191 5876 δίκαιον;
3262 5809 3402 5865 Ἀλλ’
3437 5810 3590 5861 οὑδὶν

1996 5905 2173 5978 ὢνησε
2226 5908 2325 5977 τὴν
2380 5908 2525 5972 ἅπαξ
2578 5907 2777 5975 ἑαυτὴν
2812 5906 2887 5977 τῷ
2929 5904 3159 5977 ῥᾳθύμῳ
3192 5904 3289 5975 τῆς
3336 5902 3588 5973 προαιρέ-
