4084 6430
358 306 468 373 269

1008 313 1296 373 ORATIO
1328 312 1550 374 XVIII.
1591 335 1659 346 -
1685 310 2075 373 LAUDATIO
2112 312 2173 371 S.
2219 312 2545 373 JOANNIS
2586 314 2994 374 CIIRYSOST-

3535 318 3653 380 Ε).Το

362 443 500 489 σεως
535 423 821 488 ὲκδοῦσαν,
865 426 964 496 τὴν
1005 427 1097 481 ἐπὶ
1120 428 1192 481 τὰ
1233 429 1404 500 χείρω
1439 428 1677 498 βαδίζειν
1700 426 1952 491 ἐλεεινῶς

2082 427 2346 482 'oluntate
2389 426 2547 497 sequi
2591 426 2872 482 deteriora
2928 428 3129 483 misere
3172 437 3461 484 statuerat.
3515 431 3653 485 Vide

361 517 649 587 ἑλομένην.
695 519 842 588 Ὅρα
890 519 948 573 δέ
1006 536 1097 589 μοι
1149 519 1246 574 τοῦ
1301 518 1568 590 βασιλέως
1609 519 1847 574 ἐνταῦθα
1895 519 1959 572 τὸ

359 610 563 682 ἀρετῆς
610 610 941 681 περιούσιον.
966 612 1169 666 Μαθὼν
1192 613 1304 686 γὰρ
1330 615 1397 667 τὶι
1422 613 1542 667 κατ’
1564 614 1756 685 αὐτὴν,
1789 608 1871 678 οἷς
1895 630 1956 666 τε

361 702 543 773 ἐκείνη
561 704 807 773 διεσάφει
830 704 909 775 τῷ
940 704 1168 774 βασιλεῖ,
1200 709 1296 761 καὶ⁸
1322 701 1402 770 οἷς
1428 708 1557 770 τοὺς
1593 706 1790 770 ἄλλους
1812 724 1957 778 παρο

362 794 669 859 εσκεύαζεν
704 796 1085 864 ἀναγγέλλειν,
1118 797 1297 853 πάντα
1342 798 1712 869 παραδλέπει,
1743 797 1838 851 καὶ
1866 798 1958 850 ούο

362 891 489 943 δένα
524 889 684 957 λόγον
709 891 947 944 ποιεῖται
981 891 1177 962 αὐτῆς,
1204 891 1374 945 πόθου
1399 892 1492 945 τοῦ
1526 892 1663 962 πρὸς
1693 891 1961 962 ἀρχιερέα

366 982 461 1033 καὶ
490 979 707 1043 δικαίας
737 980 921 1043 αίδοῦς
978 982 1146 1052 μηδὲν
1190 982 1633 1053 προτιμώμενος·
1658 983 1835 1045 ἄλλως
1874 1000 1958 1046 τε,

368 1075 460 1127 καὶ
491 1073 551 1127 τὸ
581 1072 819 1145 σκληρὸν
848 1075 941 1126 καὶ
972 1074 1148 1145 θρασὺ
1195 1073 1288 1127 τοῦ
1314 1073 1487 1137 εἴδους
1521 1075 1736 1142 ἐκείνης
1771 1074 1960 1143 σαφῶς

374 1165 759 1237 ἐπιστάμοιος.
822 1165 883 1219 '0
932 1165 1033 1236 μὲν
1076 1165 1231 1235 ἀγὼν
1257 1162 1414 1229 οὗτος
1448 1166 1649 1233 ἐξῶσαι
1676 1166 1768 1221 τὸν
1795 1167 1962 1221 καλὸν

370 1261 573 1313 ἐκεῖνον
601 1258 840 1328 ποιμένα
889 1258 1075 1321 πολύςο
1106 1261 1139 1328 ἠ
1174 1258 1230 1312 δὲ
1262 1259 1545 1331 προθυμία
1584 1259 1691 1313 τῶν
1724 1261 1962 1315 κωλυόν-

304 1329 312 1349 ’
369 1370 476 1406 των
498 1351 602 1408 οὐκ
631 1351 882 1422 ἀγεννής·
917 1352 950 1421 ὴ
975 1351 1031 1403 δὲ
1058 1329 1338 1405 τῶνθείων
1359 1352 1599 1405 κανόνων
1627 1352 1908 1423 ἀκρίϐεια,
1931 1357 1962 1423 ἡ

369 1443 424 1497 δὲ
449 1444 541 1497 ὑπ’
570 1442 736 1497 αὑτοῦ
762 1443 1112 1514 φωτιζομένη
1136 1443 1314 1509 πόλις,
1340 1446 1374 1514 ἡ
1397 1444 1454 1498 δὲ
1481 1445 1589 1497 τῶν
1616 1444 1961 1515 μοναζόντων

368 1535 563 1605 ἀγέλη,
621 1535 800 1590 πάντα
844 1537 911 1605 τῇ
960 1536 1061 1605 τῆς
1108 1536 1381 1606 βασιλίδος
1423 1536 1962 1609 ἁντιστρατευόμενα

370 1626 673 1698 τυραννίδι.
724 1627 834 1681 Καὶ
859 1627 1133 1681 τοσούτων
1158 1628 1353 1694 ὄντων,
1392 1629 1460 1683 τὰ
1505 1629 1605 1699 τῆς
1641 1628 1960 1699 ἐπιθυμίας,

372 1721 430 1790 ἢ,
464 1720 591 1789 τόγε
628 1719 998 1792 ἀληθέστερον
1027 1722 1222 1787 εἰπεῖν,
1259 1723 1359 1791 τῆς
1391 1723 1706 1793 μιαιφονίας
1739 1724 1773 1792 ή
1807 1724 1964 1794 βασι-

370 1812 455 1877 λὶς
504 1812 910 1885 ἐξεπλήρωσεν.
958 1813 1016 1867 'O
1069 1814 1170 1884 μὲν
1221 1815 1283 1885 δὴ
1336 1816 1511 1886 μέγας
1545 1816 1867 1883 ἀπόστολος,
1903 1818 1965 1871 τὸ

374 1902 573 1967 σκεῦος
598 1904 700 1973 τῆς
736 1905 970 1977 ἐκλογῆς
994 1922 1009 1937 ·
1041 1908 1107 1959 Oi
1135 1906 1419 1974 θέλοντες
1448 1906 1557 1977 ζῇν
1598 1908 1865 1975 εὐσεϐῶς
1896 1910 1966 1963 ἐν

374 1996 632 2068 Χριστῷ,
672 1999 827 2068 φησι,
862 1997 1327 2067 διωχθήσονται.
1372 2002 1481 2055 Καὶ
1535 2001 1638 2072 πρό
1680 2019 1742 2072 γε
1771 2006 1963 2058 τούτου

373 2087 539 2141 Δασὶδ
571 2090 601 2141 ό
632 2087 808 2159 μέγας
840 2088 1080 2154 πολλὰς
1136 2088 1345 2157 εἰσάγει
1391 2089 1510 2143 τῶν
1551 2090 1804 2145 δικαίων
1861 2092 1967 2157 τὰς

375 2181 640 2250 θλίψεις,
665 2181 761 2235 καὶ
794 2182 946 2235 πᾶσα
976 2181 1170 2253 Γραφὴ
1202 2181 1473 2254 πολλαχοῦ
1503 2185 1719 2255 συνᾴδει
1754 2186 1967 2250 τούτοις

376 2274 759 2337 θεόπνευστος.
796 2274 893 2338 Τίς
928 2274 986 2327 δὲ
1011 2276 1040 2329 ό
1066 2274 1225 2344 λόγος
1251 2276 1350 2346 τῆς
1386 2277 1685 2348 ἐπαχθείας
1708 2278 1817 2332 τῶν
1845 2280 1969 2333 δυσ-

378 2363 558 2435 χερῶν
585 2366 699 2425 τοῖς
749 2364 982 2429 δικαίοις
1016 2364 1253 2420 ἐνταῦθα
1296 2367 1483 2437 (καλὸν
1526 2370 1636 2439 γὰρ
1687 2371 1884 2441 μικρόν
1916 2389 1967 2424 τι

380 2456 743 2526 φιλοπονῆσαι
778 2456 992 2512 πολλῶν
1038 2457 1310 2529 ὠφελείας
1339 2460 1553 2533 ἕνεκεν)
1582 2462 1678 2516 τοῦ
1702 2465 1969 2532 Θεολόγου

380 2548 688 2619 Γρηγορίου
721 2548 952 2620 βροντῆς
1004 2550 1404 2621 ἐπακούσωμεν
1426 2553 1699 2621 λέγοντος·
1750 2557 1819 2610 Et
1862 2558 1973 2627 γὰρ

383 2641 480 2694 καὶ
512 2642 779 2711 χρηστὸς
813 2646 845 2696 ὁ
865 2642 1063 2712 ζυγὸς,
1092 2643 1190 2698 καί
1221 2644 1287 2699 τὸ
1311 2648 1560 2716 φορτίον
1580 2648 1686 2703 τοῦ
1712 2649 1972 2717 Χριστοῦ

382 2733 672 2803 ἐλαφρὸν,
708 2735 871 2789 ἀλλὰ
922 2734 1019 2789 διὰ
1057 2735 1174 2805 τὴν
1218 2738 1439 2792 ἐλπίδα
1472 2740 1652 2795 τοῦτο
1694 2741 1797 2796 καὶ
1859 2741 1976 2809 τὴν

384 2826 720 2882 ἀντίδοσιν
754 2827 1109 2896 δεικνύντος
1158 2830 1266 2885 τοῦ
1325 2832 1549 2902 λόγου,
1611 2834 1692 2899 ὡς
1723 2837 1784 2889 ai
1821 2834 1977 2890 κατὰ

386 2921 495 2973 τὸν
536 2923 807 2990 παρόντα
831 2922 979 2986 ¹βίον
1027 2923 1357 2993 ἀκρότητες
1391 2925 1510 2979 τῶν
1533 2927 1792 2997 ἀνδρῶν,
1825 2932 1975 2998 πρὸς

392 3015 496 3079 τὰς
523 3014 752 3071 ἐκεῖθεν
788 3016 1043 3083 ἐλπίδας
1069 3017 1169 3070 καὶ
1199 3017 1542 3086 ἀντιδόσεις
1566 3024 1977 3090 εὐφροσύναις

2059 527 2241 573 autem
2320 518 2411 573 hic
2474 518 2609 573 mihi
2674 519 3026 589 imperatoris
3096 518 3369 591 insignem
3429 522 3650 577 virtutis

2060 610 2478 666 abundantiam.
2514 609 2647 666 Nam
2706 627 2830 665 cum
2866 628 2952 668 res
2990 612 3113 682 ejus
3154 613 3492 679 rescivisset,
3536 624 3649 668 tam

2061 704 2191 767 illis,
2239 718 2362 773 qua:
2412 712 2746 774 exposuerat
2800 704 3143 774 imperatori,
3183 719 3348 774 quam
3390 704 3479 770 iis,
3529 722 3651 775 quae

2063 797 2200 851 alios
2230 796 2435 851 iecerat
2470 799 2809 865 renuntiare,
2853 797 3038 853 omnia
3071 798 3331 869 despicit,
3360 809 3414 854 et
3444 800 3651 854 nullam

2062 890 2181 960 ejus
2220 889 2373 945 ducit
2407 890 2702 953 rationem,
2745 893 2920 946 amori
2958 892 3013 946 in
3050 894 3364 963 pontiﬁcem
3403 901 3459 947 et
3495 907 3656 948 reveo

2063 978 2252 1036 rentia:
2288 980 2451 1051 justze
2495 981 2630 1035 nihil
2664 997 3014 1051 praeponens,
3062 982 3301 1039 maxime
3343 998 3470 1038 cum
3504 983 3653 1038 illius

2064 1088 2278 1128 morum
2324 1075 2680 1130 acerbitatem
2723 1076 2889 1130 sciret
2931 1084 2985 1130 et
3030 1076 3521 1145 importunitatem.
3557 1076 3655 1131 At-

2063 1182 2170 1237 que
2225 1166 2320 1222 illa
2370 1166 2591 1237 quidem
2646 1181 2977 1236 magnopere
3026 1167 3399 1223 contendebat
3446 1167 3656 1223 bonum

2063 1258 2283 1312 illorum
2324 1266 2603 1328 pastorem
2643 1258 2963 1328 expellere;
3024 1269 3331 1329 promptum
3374 1267 3555 1313 autem
3602 1268 3658 1313 et

2063 1354 2246 1407 alacre
2305 1352 2473 1405 animi
2535 1351 2780 1407 studium
2835 1365 3071 1416 eorum,
3120 1352 3215 1419 qui
3268 1350 3654 1421 prohibebant,

2064 1443 2380 1499 divinorum
2422 1460 2554 1499 vero
2591 1459 2867 1499 canonum
2894 1454 3152 1499 accurata
3191 1444 3399 1515 regula,
3442 1455 3494 1499 et
3520 1444 3660 1498 civi-

2066 1543 2151 1590 tas
2176 1550 2298 1607 quae
2324 1535 2395 1591 ab
2441 1550 2507 1591 eo
2542 1535 2960 1590 illuminabatur
2986 1577 3001 1600 ,
3032 1545 3086 1589 et
3124 1550 3317 1606 greges
3357 1534 3659 1590 monacho-

2068 1642 2230 1691 rum,
2293 1627 2479 1682 omnia
2540 1627 2873 1683 resistebant
2933 1627 3209 1697 tyrannidi
3263 1625 3658 1697 imperatricis.

2069 1722 2200 1787 Quae
2225 1735 2351 1775 cum
2397 1731 2510 1775 tam
2543 1720 2715 1776 multa
2746 1729 2958 1785 essent,
2999 1736 3153 1775 suam
3200 1731 3382 1774 tamen
3422 1719 3663 1789 explerit

2068 1812 2448 1882 cupiditatem,
2482 1822 2599 1879 aut,
2639 1823 2696 1867 ut
2731 1814 2914 1869 verius
2944 1813 3146 1877 dicam,
3173 1812 3373 1867 eaedem
3400 1812 3527 1866 fecit
3558 1810 3664 1865 im-

2069 1904 2331 1974 peratrix.
2388 1904 2567 1975 Atque
2622 1920 2852 1975 magnus
2903 1906 3125 1976 quidem
3170 1904 3375 1958 Paulus
3421 1918 3515 1958 vas
3550 1906 3662 1958 elc-

2068 1997 2269 2052 ctionis
2305 1997 2438 2052 dicit
2474 2015 2488 2053 :
2529 1997 2635 2064 Qui
2664 1999 2849 2051 volunt
2887 2002 2969 2066 pie
2997 1999 3164 2051 vivere
3188 1997 3241 2049 in
3270 1995 3483 2050 Christo
3510 1994 3662 2059 Jesu,

2067 2089 2478 2155 persecutionem
2532 2090 2807 2153 patientur
2841 2090 2934 2142 ¹³ε
2984 2088 3284 2159 quinetiam
3348 2094 3475 2141 ante
3538 2101 3661 2139 eum

2070 2196 2299 2251 magnus
2348 2181 2439 2237 ille
2482 2181 2648 2236 David
2689 2182 2917 2237 aﬂirmal
2943 2224 2955 2246 ,
3002 2198 3113 2236 esse
3168 2181 3363 2233 multas
3394 2179 3665 2249 justorunt

2072 2260 2392 2341 afﬂictiones
2439 2272 2486 2304 “
2518 2290 2531 2326 :
2564 2274 2746 2328 omnis
2788 2288 3009 2344 quoque
3069 2274 3337 2328 divinitus
3399 2271 3665 2341 inspirata

2074 2363 2359 2435 Scriptura
2409 2365 2596 2420 multis
2650 2365 2702 2418 in
2750 2366 2886 2421 locis
2944 2367 3029 2421 his
3081 2366 3369 2432 concin’t;
3414 2382 3671 2439 qumnant

2078 2465 2262 2513 autem
2327 2458 2399 2513 sit
2443 2458 2605 2524 ratio,
2644 2474 2745 2514 cur
2788 2458 2953 2527 justis
3013 2460 3199 2515 multa:
3232 2460 3546 2523 inferantur
3580 2460 3668 2512 hic

2077 2550 2338 2605 inolestiae
2397 2558 2451 2607 et
2499 2548 2847 2606 diﬂieultates
2883 2550 3201 2618 (honestum
3250 2560 3346 2607 est
3391 2552 3537 2606 enim
3581 2552 3668 2603 hic

2079 2656 2270 2713 parum
2330 2642 2703 2712 pliilosOphari
2740 2651 2964 2713 propter
3005 2643 3305 2697 multorum
3352 2642 3668 2699 utilitatem)

2078 2734 2363 2788 audiamus
2405 2736 2607 2789 tonitru
2656 2734 2903 2805 Gregorii
2936 2734 3221 2807 Tlteologi.
3263 2734 3406 2802 Quid
3450 2748 3579 2789 vero
3625 2735 3672 2786 is

2078 2824 2326 2880 dicit?Si
2353 2825 2495 2878 enim
2523 2826 2715 2896 jugum
2745 2844 2902 2882 suave
2940 2838 2988 2882 et
3027 2845 3160 2882 onus
3194 2826 3396 2882 Christi
3430 2826 3536 2880 lere
3562 2836 3663 2883 est.

2080 2927 2135 2969 at
2175 2916 2271 2970 hoc
2298 2925 2375 2971 est
2398 2928 2613 2985 propter
2658 2934 2801 2987 spem
2846 2928 2893 2972 et
2927 2919 3426 2982 remunerationem,
3460 2918 3673 2988 signi/i-

2080 3018 2237 3062 cante
2264 3011 2437 3073 verba,
2471 3010 2614 3079 quod
2633 3026 2750 3080 qua:
2782 3020 2905 3065 sunt
2948 3027 3171 3065 summm
3215 3012 3268 3063 in
3294 3010 3399 3063 vita
3422 3007 3673 3078 prteien-‘i

392 3106 488 3159 καὶ
543 3109 960 3177 χρηστότησιν
1001 3109 1442 3171 ἀπεικάζονται.
1510 3113 1674 3167 Ἀλλ’
1732 3112 1820 3167 ὅτι
1877 3116 1974 3167 καί

2086 3099 2360 3163 molestia,
2400 3102 2446 3154 si
2484 3112 2743 3170 spectetur
2770 3118 2884 3167 spes
2924 3118 3040 3171 quae
3078 3103 3191 3155 illic
3228 3111 3305 3156 est
3344 3112 3393 3155 et
3423 3118 3673 3155 renume-

389 3203 446 3250 αἱ
481 3202 810 3268 σωματικαὶ
839 3201 1041 3256 αὐτῶν
1060 3202 1329 3268 βάσανοι
1377 3206 1754 3274 εὐφροσύναι
1784 3206 1836 3260 δ’
1858 3210 1979 3262 εἰσὶ

389 3292 515 3358 τοῖς
560 3292 831 3361 δούλοις,
880 3294 984 3349 τοῦ
1055 3296 1411 3366 σοφωτάτου
1468 3299 1621 3367 πρὸς
1670 3302 1777 3354 τὸν
1830 3304 1981 3356 Θεὸν

390 3384 633 3449 ἤκουσα
678 3386 986 3456 λέγοντος.
1022 3384 1117 3453 Οἷς
1164 3391 1381 3444 καὶτὸν
1427 3391 1520 3444 νῦν
1563 3392 1981 3464 Θαυμαζόμενον

388 3477 623 3538 δίκαιον,
671 3480 802 3532 ὅταν
834 3480 1074 3551 ἀκούσῃς
1123 3482 1313 3552 χερσὶν
1357 3483 1576 3551 ἀνόμων
1622 3484 1983 3555 παραδιδόμε-

390 3585 503 3633 νον.
536 3569 703 3640 μηδὲν
754 3571 956 3641 πάθῃςσ
992 3572 1161 3627 αὑτοῦ
1216 3574 1324 3643 γὰρ
1368 3574 1522 3628 οὐδὲν
1571 3574 1827 3629 ἅπτεται·
1873 3578 1984 3630 τῶν

390 3660 448 3714 δὲ
481 3661 886 3731 παραδιδόντων
914 3664 1217 3736 ύπεράλγει
1244 3666 1347 3736 τῆς
1404 3669 1803 3738 προαιρέσεως.
1844 3671 1904 3723 'U
1928 3672 1983 3725 δὲ

393 3752 552 3821 λόγος
579 3756 1019 3825 ὲπαναγαγέσθω
1050 3758 1211 3811 πάλιν
1234 3758 1359 3813 ὅθεν
1392 3760 1620 3830 κατῆρε.

468 3929 577 3985 κα’.
626 3932 849 3998 Μεταξὺ
902 3934 1109 3988 τούτων
1132 3934 1359 4006 »βραχὺς
1384 3936 1535 4007 ἕρρει
1569 3939 1781 4008 χρόνος,
1823 3942 1916 3993 καὶ
1960 3942 1988 3994 ό

396 4024 494 4094 τὴς
528 4024 756 4097 Κύπρου
786 4027 1092 4081 κατέλαϐεν
1138 4029 1478 4098 Ἐπιφὰνιος.
1507 4032 1604 4085 Ὃν
1632 4034 1988 4103 συναρπάσας

398 4118 562 4173 πάλιν
589 4118 871 4187 Θεόφιλος,
905 4120 984 4191 τῷ
1016 4137 1077 4174 τε
1109 4122 1344 4193 ποικίλῳ
1375 4123 1476 4192 τῆς
1502 4125 1745 4195 γνώμης,
1779 4126 1877 4179 καὶ
1920 4130 1987 4198 τῇ

398 4211 539 4281 ἄλλῃ
584 4212 680 4266 τοῦ
714 4212 880 4282 ἤθους
934 4215 1250 4289 ὲπαγωγίᾳ,
1307 4217 1482 4272 ταῦτα
1537 4221 1842 4291 παρέπεισε
1872 4223 1990 4276 δια-

404 4302 738 4373 πράξασθαι,
772 4306 808 4359 ὃ.
831 4306 926 4359 καὶ
954 4307 1047 4361 τὸν
1075 4308 1233 4376 ἆγιον
1259 4308 1467 4376 ἐλύπει,
1496 4313 1591 4365 καὶ
1628 4312 1789 4367 αὑτὸν
1819 4314 1991 4386 ὑπερ-

400 4395 574 4466 61:th
627 4396 736 4450 τῶν
776 4399 1025 4452 κανόνων
1084 4401 1295 4454 ἐδείκνυ
1321 4403 1413 4456 τὸν
1456 4405 1793 4475 Ἐπιφάνιον.
1856 4412 1993 4465 Ποῖα

400 4488 466 4558 δὴ
493 4489 694 4558 ταῦταὶ
736 4492 848 4556 Τὰς
882 4494 1022 4564 πρὸς
1064 4498 1164 4567 τῆς
1206 4497 1416 4561 πόλεως
1464 4473 1693 4571 πλησίον
1741 4520 1986 4572 συναγω-
2026 4473 2070 4528 Ι)

403 4580 526 4645 γᾶς,
560 4582 661 4646 τὰς
694 4584 1060 4653 χειροτονίας,
1107 4586 1205 4650 τὰς
1249 4592 1576 4659 μοωμερεῖς
1618 4593 1991 4663 στηλιτεύσεις

402 4673 563 4743 δῆθεν
590 4675 686 4730 τοῦ
730 4677 1063 4748 Ὡριγένους,
1109 4679 1209 4751 τὴν
1261 4680 1429 4752 ἀλλην
1453 4681 1675 4739 ἃπασαν
1702 4685 1991 4742 αύθεντίαν

404 4782 463 4818 τε
512 4769 606 4821 καὶ
654 4770 1007 4840 προπέτειαν.
1064 4771 1198 4825 Τίνα
1257 4771 1316 4825 δὲ
1362 4771 1459 4825 τοῦ
1518 4774 1820 4848 ἀρχιερέως
1854 4779 1991 4849 πρὸς

405 4859 611 4925 ταύτας
660 4862 1026 4934 γνωρίζεσθαι
1053 4864 1162 4936 γὰρ
1191 4865 1286 4919 καὶ¹
1325 4866 1487 4922 αὐτά.
1537 4869 1612 4922 Τὸ
1640 4870 1987 4939 ἀνεξίκακον,

407 4952 465 5002 τδ
516 4952 863 5023 φιλάδελφον,
922 4956 981 5008 αἱ
1048 4958 1376 5029 εἰσηγήσεις
1435 4961 1534 5029 τῆς
1590 4961 1699 5015 τῶν
1748 4964 1991 5019 κανόνων

410 5043 753 5110 ἀκολουθίας.
780 5048 851 5100 τά
877 5064 939 5100 τε
984 5048 1143 5114 ἄλλα,
1173 5050 1265 5103 καὶ
1300 5051 1402 5104 ὅσα
1434 5051 1537 5121 τῆς
1567 5052 1781 5108 ἐκείνου
1811 5062 1992 5128 κρείτ-

409 5153 558 5202 τονος
584 5137 618 5209 ἢ
650 5140 793 5193 κατά
835 5140 1126 5212 ἄνθρωπον
1156 5142 1520 5213 γνωρίσματα
1555 5147 1872 5217 φρονήσεως
1899 5152 1994 5205 καὶ

413 5227 742 5301 βουλήσεως.
780 5226 878 5296 Οἷς
924 5233 1303 5306 εύλαὸηθέντα
1335 5236 1427 5289 τὸν
1470 5237 1813 5306 Ἐπιφάνιον,
1865 5241 1995 5294 ὐπο-

411 5324 656 5393 χωρῆσαι
687 5325 789 5395 μέν
822 5343 875 5379 τι
912 5328 1111 5398 μικρὸν
1143 5328 1239 5381 καὶ
1267 5330 1728 5398 μεταναστεύσαι,
1763 5333 1909 5402 μέγα
1938 5334 1995 5388 δὲ

410 5413 649 5486 λυπῆσαι
672 5419 800 5482 τοὺς
828 5419 1207 5484 συνωθοῦντας
1233 5420 1418 5476 αὐτόν.
1445 5422 1609 5475 Αὐτοὶ
1632 5422 1711 5486 δὲ,
1741 5424 1817 5487 ὡς
1850 5421 1996 5496 εἶχον

409 5509 626 5578 τάχους,
659 5513 724 5583 τῇ
756 5510 992 5582 βασιλίδι
1014 5513 1190 5567 ταῦτα
1226 5517 1635 5585 προσενεγκεῖν.
1678 5516 1739 5569 Ἥ
1766 5517 1821 5571 δὲ
1854 5519 1997 5571 κατά

409 5602 572 5671 τάχος
608 5604 692 5657 τὸν
734 5605 1053 5674 Ἐπιφάνιον
1085 5606 1490 5679 σφετερίζεται,
1520 5608 1695 5664 ταῦτα
1722 5609 1999 5666 διδάσκου·

412 5711 498 5758 σα,
537 5698 633 5749 καὶ
687 5698 1075 5769 ύποτιθεμένη,
1112 5698 1149 5752 ἃ
1191 5701 1289 5753 καὶ
1320 5700 1419 5770 τὴν
1456 5700 1643 5755 ἄδικον
1690 5702 1991 5774 ἐπιθυμίαν

486 5853 528 5884 ’³
556 5852 597 5908 II
632 5853 880 5922 Tim.m,
917 5856 1001 5910 1:2.
1083 5854 1126 5886 ³³
1159 5855 1305 5914 Psal.
1340 5871 1536 5921 xxxm.
1570 5858 1661 5915 20.

2085 3194 2244 3255 ratio,
2266 3204 2386 3247 sunt
2414 3194 2615 3249 similes
2644 3195 2797 3250 rebus
2826 3195 2964 3249 hstis
2992 3206 3039 3249 ct
3066 3197 3331 3250 secundis.
3366 3195 3674 3261 Quinetiam

2083 3282 2222 3353 quod
2247 3283 2358 3339 [nec
2381 3294 2643 3341 tormenta
2673 3289 2911 3356 corporis
2940 3297 3062 3341 sunt
3102 3290 3208 3341 tuis
3255 3288 3418 3341 servis
3449 3287 3673 3350 lwlitim,

2084 3375 2265 3430 audivi
2293 3377 2748 3445 sapientissimum
2782 3378 2852 3432 ad
2890 3377 3055 3433 Deum
3094 3380 3373 3435 dicentem.
3397 3378 3678 3445 Quamob-

2087 3483 2202 3523 rem
2255 3485 2380 3524 eum
2400 3468 2611 3538 justum
2635 3471 2728 3539 qui
2758 3485 2903 3525 nunc
2927 3470 3160 3525 habetur
3191 3473 3245 3525 in
3279 3470 3672 3533 admiratione.

2084 3562 2326 3618 audieris
2363 3562 2501 3616 tradi
2548 3562 2804 3619 manibus
2828 3564 3164 3635 iniquorum,
3203 3581 3267 3618 ne
3289 3565 3627 3634 perturberis
3662 3585 3674 3618 :

2087 3669 2210 3710 eum
2244 3656 2390 3711 enim
2423 3656 2555 3710 nihil
2597 3656 2811 3727 tangit:
2848 3659 2942 3713 sed
2971 3673 3114 3726 aegre
3152 3657 3297 3713 feras
3340 3659 3677 3712 voluntatem

2088 3763 2279 3803 eorum
2310 3750 2402 3819 qui
2440 3749 2620 3820 ipsum
2659 3752 2905 3804 tradunt.
2935 3751 3041 3805 Sed
3083 3766 3148 3805 eo
3178 3750 3388 3816 redeat,
3429 3750 3572 3805 unde
3598 3750 3681 3803 di-

2090 3855 2274 3909 gressa
2302 3851 2406 3904 est,
2438 3845 2634 3898 oratio.

2160 3931 2251 3984 2|.
2292 3931 2411 3986 Non
2462 3935 2691 3987 multum
2751 3933 2967 3987 interim
3018 3932 3231 3988 efﬂuxit
3290 3934 3683 4005 temporis,“

2092 4026 2241 4080 venit
2295 4026 2459 4097 Cypri
2535 4028 2828 4095 episc0pus
2896 4025 3256 4096 Epiphanius.
3318 4026 3490 4090 Quem
3556 4041 3679 4081 cum

2095 4133 2317 4172 rursum
2371 4121 2693 4174 attraxisset
2746 4118 3108 4189 Theophilus,
3163 4128 3279 4173 tum
3335 4118 3480 4189 quod
3537 4127 3683 4172 esset

2093 4212 2294 4267 callido
2340 4220 2399 4267 et
2440 4212 2594 4266 vafro
2625 4213 2865 4284 ingenio,
2895 4222 3011 4266 tum
3060 4212 3207 4280 quod
3254 4222 3394 4268 esset
3437 4212 3683 4265 moribus

2096 4304 2357 4376 praeditus
2414 4305 2557 4376 aptis
2616 4304 2682 4359 ad
2749 4304 3122 4368 alliciendum,
3174 4304 3470 4375 persuasit,
3531 4311 3682 4358 utea

2100 4399 2326 4463 faceret,
2389 4414 2511 4469 qua:
2542 4408 2593 4454 et
2654 4407 2903 4454 sanctum
2956 4398 3206 4454 molestia
3252 4398 3587 4463 alliciebant,
3634 4404 3687 4450 et

2102 4494 2279 4564 ipsum
2309 4492 2613 4549 reddebant
2640 4492 3008 4567 Epiphanium
3035 4508 3313 4548 canonum
3338 4500 3687 4559 contempto.

2100 4601 2234 4642 rem.
2278 4586 2536 4654 Quantam
2577 4597 2758 4643 autem
2826 4606 2890 4644 ea
2939 4591 3105 4644 sunt?
3134 4588 3265 4663 Quae
3300 4602 3464 4657 prope
3492 4585 3685 4638 civilu-

2100 4688 2209 4734 tem
2246 4678 2403 4734 iactae
2430 4690 2559 4735 sunt
2598 4681 3078 4752 congregationes,
3126 4678 3524 4740 ordinationes,
3559 4673 3685 4727 Ori-

2100 4772 2255 4842 genis
2276 4771 2593 4842 dogmatum
2653 4773 3167 4832 condemnationes,
3222 4784 3347 4823 cum
3400 4780 3526 4837 pars
3578 4781 3684 4817 una

2101 4866 2279 4922 solum
2308 4868 2629 4935 adesset;et
2679 4867 2935 4921 universa
2969 4864 3207 4933 denique
3239 4862 3307 4916 ab
3329 4876 3392 4916 eo
3420 4866 3685 4929 usurpata

2101 4959 2405 5015 auctoritas
2438 4968 2491 5014 et
2524 4960 2825 5015 temeritas.
2864 4954 3093 5022 Qualem
3136 4961 3318 5007 autem
3348 4959 3539 5005 contra
3572 4949 3687 5002 haec

2103 5070 2161 5110 se
2202 5054 2367 5126 gessit
2394 5053 2675 5123 pontifex?
2706 5050 2838 5105 Nam
2865 5063 2927 5103 ea
2958 5062 3175 5123 quoque
3210 5047 3354 5102 scire
3388 5052 3470 5100 est
3509 5056 3690 5111 opera:

2103 5148 2723 5218 pretinmzpatientem,
2790 5143 3020 5197 fratrum
3082 5149 3383 5198 amantem.
3446 5149 3689 5189 canones

2104 5247 2359 5296 accurate
2390 5244 2735 5310 sequentem,
2775 5244 2829 5290 et
2863 5236 2916 5290 in
2949 5233 3161 5290 caeteris
3188 5232 3260 5286 ita
3297 5246 3356 5286 se
3389 5236 3686 5299 gerentem,

2107 5347 2165 5392 ut
2188 5344 2244 5394 et
2282 5336 2572 5407 prudentia
2609 5341 2663 5388 et
2695 5334 2977 5389 voluntate
3007 5346 3066 5386 sc
3106 5326 3327 5383 homine
3366 5339 3489 5379 esse
3525 5337 3690 5390 supc-

2107 5431 2305 5486 riorem
2333 5436 2519 5499 aperte
2544 5426 2833 5482 indicaret.
2877 5424 3087 5493 Quibus
3122 5428 3304 5476 motus
3354 5415 3689 5487 Epiphanius

2108 5518 2507 5589 aliquantulum
2555 5517 2780 5588 quidem
2834 5514 3005 5569 cessit
3050 5520 3104 5566 et
3153 5509 3373 5563 deﬂexit
3425 5522 3437 5557 :
3494 5519 3687 5573 magna

2108 5620 2288 5669 autem
2318 5610 2501 5665 aﬂ‘ecit
2531 5608 2779 5664 molcSIia
2810 5622 2905 5662 eos
2953 5605 3044 5675 qui
3099 5604 3278 5672 ipsum
3315 5596 3688 5669 impellebant.

2102 5704 2209 5777 Ipsi
2238 5720 2365 5760 vero
2400 5718 2564 5775 quam
2613 5706 2910 5773 potuerunt
2957 5695 3226 5753 citissime
3274 5689 3339 5746 ad
3376 5684 3693 5761 imperatri-
