4084 6482
382 350 482 416 ἳἸῙ

1608 338 1883 399 LEONIS
1910 334 2369 398 PHlLOSOPEI

3516 287 3644 387 ὀτι

381 483 504 524 rem
536 465 651 520 haec
679 461 1009 517 retulerunt.
1043 459 1368 528 Ipsaautem
1400 453 1766 525 Epiphaniam
1794 453 1968 509 celer-

2081 453 2335 523 ἐπλήρου,
2380 446 2477 505 καὶ
2521 448 2559 503 ά
2597 447 2828 519 καθῄρει
2874 446 2967 501 τὶν
3003 446 3178 512 ἅγιον,
3226 443 3525 514 «positam
3558 446 3653 497 irai.

383 560 525 615 time
547 557 718 613 trahit
745 555 813 609 ad
842 568 972 608 suas
995 560 1209 621 partes,
1236 567 1301 606 ea
1322 550 1615 605 docensoet
1640 562 1964 617 suggerens,

383 661 508 719 qua!
553 647 677 717 eius
717 645 962 714 iniquam
1018 642 1312 711 expirabant
1368 640 1673 702 libidinem,
1730 650 1786 692 et
1840 651 1965 707 quae

384 750 634 795 sanctum
666 735 1050 806 deponebant;
1099 733 1364 802 adjiciens
1400 731 1566 785 etiam
1595 744 1861 783 arcanum
1898 727 1975 796 (o:

385 830 675 885 hominum
716 826 1036 883 audaciam!
1068 841 1102 879 ο
1128 823 1372 881 divinam
1422 821 1731 877 lenitatem!
1757 820 1774 881 i
1798 820 1970 873 hatre-

383 924 553 978 ticum
586 935 711 977 esse
760 919 859 974 Dei
914 931 1134 972 servum
1170 923 1224 971 et
1264 913 1557 968 famulum.
1601 910 1746 977 Quid
1781 918 1963 967 autem

384 1022 584 1067 contra
603 1011 828 1081 sapiens
859 1009 999 1065 diuit
1027 1007 1384 1078 Epiphanius,
1426 1004 1719 1060 audiamus
1747 1018 1760 1054 :
1796 1001 1853 1057 Si
1883 1012 1977 1057 est

384 1104 484 1159 tibi
511 1102 756 1173 quidem,
786 1102 989 1171 inquit,
1023 1115 1057 1154 ο
1090 1100 1413 1170 imperatrix
1440 1137 1461 1165 ,
1489 1096 1635 1152 ratio
1677 1111 1778 1151 cur
1801 1096 1975 1149 bare-

384 1193 489 1248 sim
522 1191 847 1262 suspiceris,
883 1189 1062 1252 adsit,
1094 1198 1152 1243 et
1192 1203 1420 1243 causam
1462 1202 1620 1244 suam
1648 1196 1775 1256 agat
1795 1184 1969 1241 Joan-

2066 548 2131 599 τὸ
2180 546 2492 619 ἀπόρρητον
2560 542 2639 612 (ὦ
2698 540 2905 611 βροτῶν
2970 540 3271 609 τολμηρεας
3314 540 3327 592 !
3377 535 3424 589 ὣ
3501 537 3654 602 θείας

2070 633 2862 709 μακροθυμίαςι)αιρεαιὼτην
2902 627 3042 685 εἶναι
3087 630 3179 683 τὸν
3222 629 3487 700 ἀρχιερέα
3515 628 3654 682 Θεοῦ

2070 727 2167 779 καὶ
2200 726 2531 795 θεράποντα.
2580 723 2651 775 Ti,
2696 720 2791 774 οὖν
2823 722 2851 773 ό
2897 723 3057 788 σοφὸς
3089 719 3378 783 άντέλαξεν
3426 719 3657 787 Ἐπιφά-

2070 835 2211 882 νιος,
2233 817 2662 887 καταμάθωμεν.
2698 817 2761 868 Ei
2788 816 2886 885 μὲν
2914 818 3033 868 ἐστι
3065 830 3167 874 σοι,
3197 807 3243 868 ὧ
3268 814 3501 883 βασιλὶς,
3522 813 3654 883 ἔφη,

2075 910 2235 979 λόγος
2275 908 2533 968 ὑπονοίας
2567 907 2971 979 αὶρεσαίηιδος,
3004 907 3263 975 παρέστω
3326 907 3422 960 καὶ
3465 906 3663 960 διδότω

2072 1004 2232 1072 λόγον
2289 1003 2318 1054 ό
2357 1001 2615 1069 Ἰωάννης
2655 1002 2713 1052 ὲν
2762 1000 3041 1071 μετανοίᾳ·
3078 1000 3127 1051 εἰ
3157 998 3215 1052 δὲ
3257 999 3417 1069 χάριν
3443 998 3658 1069 ὕϐρεως

2073 1094 2253 1149 ταῦτα
2285 1093 2571 1165 προϐάλλῃ
2601 1092 2670 1145 τὰ
2723 1092 2967 1163 ῥήματα,
3004 1092 3322 1160 Ἐπιφάνιος
3354 1091 3562 1145 τούτων
3591 1091 3657 1145 οὒ

2078 1187 2420 1256 συναινέτης.
2453 1184 2590 1237 Τότε
2638 1184 2702 1254 δὴ
2747 1183 3066 1244 κινηθεῖσαν
3109 1184 3209 1255 τὴν
3261 1181 3552 1253 πολετιίαν,
3594 1183 3663 1238 τὸ

382 1298 485 1340 nes
552 1283 605 1336 in
653 1280 999 1351 paenitentia.
1034 1279 1129 1335 Sin
1175 1288 1363 1333 autem
1409 1279 1527 1333 haec
1559 1278 1725 1333 verba
1757 1275 1974 1346 profers

2081 1280 2371 1348 θεοστυγὲς
2400 1281 2499 1349 τῆς
2527 1277 2788 1348 τοιαύτης
2827 1278 3158 1345 ἀποφάσεως
3187 1276 3504 1348 ἀπορρῆξαι
3533 1296 3663 1347 μια-

383 1389 553 1430 causa
584 1373 957 1439 contumeliae,
991 1371 1088 1425 tibi
1122 1370 1349 1425 minime
1387 1369 1693 1425 assentitur
1734 1367 1974 1438 Epipha-

2081 1373 2387 1445 ρολόγημα,
2425 1371 2500 1433 ὡς
2526 1371 2699 1441 Εἴπερ
2725 1368 3003 1440 ἐμποδὼν,
3047 1368 3356 1437 Ἐπιφάνιε,
3388 1370 3520 1440 γένῃ
3561 1374 3663 1441 τῆς

385 1467 532 1523 uins.
571 1462 728 1519 Tunc
779 1470 1055 1519 commota
1114 1462 1210 1517 illa.
1265 1461 1463 1528 hostis,
1513 1460 1699 1531 erupit
1746 1461 1803 1514 in
1836 1459 1974 1514 hanc

2092 1463 2345 1515 Ἰωάννου
2372 1460 2611 1532 ὶξορίας,
2638 1460 2749 1512 ίδοὺ
2787 1459 2991 1526 άνοεγω
3016 1462 3144 1522 τοὺς
3171 1459 3331 1522 ναοὺς
3363 1457 3477 1512 τῶν
3507 1461 3663 1514 sibi?»

384 1557 781 1612 cxsecrandam
820 1569 1049 1610 vocem:
1086 1552 1166 1619 Si,
1210 1568 1245 1608 ο
1297 1553 1591 1623 Epiphani,
1630 1552 1711 1608 sis
1744 1551 1974 1620 impedi-

2082 1553 2212 1617 λων,
2261 1553 2354 1605 καὶ
2404 1552 3000 1623 προσκυνεῖσθαιαὺτὰ
3033 1550 3448 1621 διαγωνιοῦμαι.
3485 1552 3665 1621 Χραίο

386 1654 612 1710 mcuto,
673 1645 973 1716 quominus
1028 1643 1271 1699 Joannes
1315 1645 1562 1698 mittatur
1591 1644 1645 1698 in
1702 1643 1974 1706 exsilium,

2083 1645 2269 1700 νεσθαι
2300 1644 2482 1698 τοίνυν
2514 1644 2712 1715 μηκέτι
2761 1644 2971 1711 στέγων
2997 1642 3096 1706 τὰς
3134 1642 3303 1705 ἀκοάς
3351 1642 3433 1713 τῷ
3471 1645 3669 1715 περιρ-

386 1752 519 1791 ecce
574 1738 820 1809 aperiam
870 1738 1072 1807 templa
1113 1735 1412 1800 idolorum,
1450 1744 1505 1790 et
1553 1733 1882 1791 contendam
1921 1740 1974 1788 ut

2087 1738 2365 1809 ραντηρίῳ
2393 1737 2488 1790 τοῦ
2517 1736 2886 1808 βορϐορὼδους
2916 1736 3024 1788 τῶν
3058 1735 3234 1804 λόγων
3263 1736 3367 1805 τῆς
3396 1737 3667 1807 πολεμίας

386 1844 453 1883 ea
484 1831 805 1884 adorentur.
821 1830 942 1883 Non
974 1827 1215 1899 amplius
1271 1842 1403 1897 ergo
1433 1826 1613 1881 ferens
1640 1825 1974 1896 Epiphanius

2082 1831 2112 1883 ὁ
2153 1830 2489 1896 Ἐπιφάνιος,
2537 1828 2656 1890 ὅλος
2706 1826 2773 1879 δι’
2821 1827 2943 1879 ὅλου
2971 1824 3222 1897 δακρύων
3281 1826 3521 1893 ἐγένετο,
3570 1826 3667 1879 καὶ

386 1936 553 1976 aures
606 1935 736 1974 suas
786 1920 953 1990 pollui
1005 1933 1166 1974 emno
1208 1919 1447 1974 inimicae
1512 1918 1772 1983 feminae,
1828 1925 1983 1973 totus

386 2011 643 2081 perfusus
678 2012 782 2067 fuit
813 2013 1097 2083 lacrymis,
1130 2023 1182 2067 et
1229 2030 1289 2069 se
1319 2028 1517 2069 eorum
1553 2028 1680 2067 esse
1713 2014 1979 2066 innocen-

386 2115 494 2162 tem
538 2106 939 2175 pronuntians,
1012 2104 1196 2175 l'ugam
1266 2106 1490 2160 omnino
1548 2105 1800 2176 arripuit.
1852 2102 1979 2159 llaec

386 2201 569 2248 autem
604 2194 791 2249 nescio
820 2193 1098 2264 quomodo
1145 2194 1304 2249 aliter
1337 2194 1691 2264 jactabantur
1716 2205 1979 2249 externo-

387 2301 510 2340 rum
540 2288 909 2342 sermonibus.
936 2286 1261 2355 Quomodo?
1284 2286 1440 2354 Quod
1471 2298 1701 2342 vocatus
1734 2286 1973 2356 Epipha-

387 2378 515 2432 nius
554 2392 654 2432 sua
675 2377 919 2433 decrevit
948 2379 1219 2434 sententia
1246 2377 1512 2433 Joannem
1540 2394 1665 2435 esse
1699 2379 1979 2449 deponen-

386 2468 538 2520 dum.
566 2465 691 2521 llaec
724 2482 848 2523 cum
871 2468 1176 2523 audivisset
1204 2465 1466 2531 Joannes.
1494 2469 1563 2523 ad
1591 2484 1716 2523 eum
1741 2469 1969 2523 scribit:

389 2557 623 2629 Sapiens
675 2556 968 2629 Epiphani,
1021 2569 1078 2615 et
1114 2568 1171 2614 tu
1218 2574 1340 2614 meo
1365 2560 1701 2614 consensisti
1740 2559 1975 2615 exsilio?

388 2652 466 2706 De
515 2660 718 2706 caetero
748 2668 857 2706 non
910 2651 1184 2709 videberis
1236 2652 1474 2721 amplius
1524 2652 1723 2708 sedens
1751 2653 1806 2707 in
1847 2654 1979 2709 sede

389 2754 506 2799 tua.
536 2744 630 2799 llle
653 2753 839 2799 autem
881 2744 948 2799 ad
981 2744 1100 2799 haec
1126 2744 1381 2799 rescribit
1410 2763 1423 2799 :
1456 2745 1673 2799 Atbleta
1710 2744 1976 2810 Joannes,

391 2836 492 2890 feri
533 2847 587 2890 et
621 2837 816 2903 vince;
849 2836 915 2891 ad
955 2836 1135 2892 locum
1187 2845 1393 2901 autem,
1430 2837 1501 2891 ad
1541 2853 1703 2905 quem
1738 2837 1978 2892 mitteris

392 2929 445 2981 in
479 2927 758 2993 exsilium,
818 2927 1044 2983 minime
1096 2929 1406 3000 pervenies.
1470 2929 1563 2983 Sic
1609 2929 1981 2998 scripserunt,

390 3028 447 3074 et
480 3020 561 3074 sic
591 3020 799 3075 factum
836 3030 939 3076 est.
977 3019 1114 3075 Nam
1146 3020 1291 3076 inter
1324 3021 1690 3091 navigandqu
1721 3029 1974 3075 mortuus

392 3110 478 3164 est
553 3111 916 3182 Epiphanius,
952 3120 1007 3168 et
1054 3112 1296 3169 Joannes
1347 3129 1475 3167 cum
1504 3114 1751 3167 nondum
1782 3129 1972 3182 perve-

391 3202 567 3263 nisset
597 3202 665 3258 ad
707 3204 888 3258 locum
924 3203 978 3257 in
1018 3204 1264 3258 secundo
1298 3204 1515 3270 exsilio,
1550 3213 1606 3257 ut
1646 3204 1761 3273 jam
1790 3204 1972 3257 decla-

391 3296 659 3362 rabimus,
694 3297 950 3368 migravit
977 3314 1042 3354 ex
1078 3298 1181 3353 hac
1209 3299 1342 3354 vita.

464 3388 554 3441 εει.
598 3387 737 3443 Cum
786 3397 990 3452 autem,
1049 3399 1339 3459 postquam
1393 3389 1487 3445 ille
1545 3388 1975 3459 enavigarisset,

394 3480 708 3536 reacivissct
755 3479 1037 3547 Joannes,
1094 3481 1556 3551 quemadmodum
1606 3482 1983 3551 propulsasset

394 3573 822 3643 imperatricem,
867 3574 1074 3644 profert
1114 3575 1483 3630 communiter
1522 3574 1983 3643 vituperationem

396 3664 664 3722 adversus
689 3682 908 3723 onmem
943 3669 1142 3722 malam
1189 3669 1469 3723 fetninam.
1502 3666 1675 3732 Quam
1720 3673 1983 3735 tanquam

393 3757 739 3826 acnigtuatice
770 3758 1036 3828 prolatam
1062 3760 1330 3815 adversus
1362 3758 1791 3828 imperatricern,
1835 3756 1979 3811 arri-

394 3849 516 3918 puit
544 3864 773 3905 examen
808 3860 1217 3907 accusatorum.
1242 3851 1296 3906 Id
1332 3853 1517 3922 itaque
1548 3867 1644 3922 per
1673 3866 1793 3905 eam
1823 3850 1976 3905 defe-

395 3952 526 3997 runt
543 3944 610 3999 ad
627 3943 1036 4014 imperatorem.
1055 3943 1155 3999 Cui
1176 3959 1301 3998 cum
1320 3945 1507 3999 nescio
1522 3958 1679 4013 quas,
1701 3959 1799 3997 nec
1812 3957 1975 4011 quam

396 4036 597 4089 multas
629 4035 971 4091 adhibuisset
1001 4036 1070 4091 ad
1122 4052 1247 4091 cum
1288 4035 1662 4092 inclinandum
1712 4035 1979 4098 rationes,

393 4127 610 4192 incitat,
645 4136 704 4181 ut
736 4126 939 4183 bellum
973 4129 1240 4199 suscipiat
1280 4129 1547 4185 adversus
1600 4126 1890 4192 Joannem,
1924 4136 1981 4180 et

396 4228 456 4272 ut
479 4228 671 4273 coacta
699 4221 914 4290 synodo
942 4220 1303 4275 damnaretur
1334 4221 1551 4275 exsilio.
1583 4218 1768 4291 Neque
1794 4228 1983 4273 tamen

396 4309 520 4365 sine
551 4308 855 4379 TbeOphilo
883 4311 1241 4366 constitutum
1277 4310 1378 4365 fuit
1402 4313 1504 4367 boc
1533 4321 1844 4376 certamen;
1880 4311 1982 4366 sed

396 4402 804 4473 quamprimum
837 4402 903 4456 ad
936 4418 1061 4456 eum
1115 4404 1301 4459 missis
1339 4405 1538 4459 litteris
1578 4411 1755 4468 curat,
1788 4414 1846 4457 ut
1888 4420 1980 4457 ve-

2085 1917 2263 1971 άθῶον
2315 1916 2510 1969 ἑαυτὸν
2558 1916 2667 1967 τῶν
2694 1915 2956 1968 τοιούτων
3009 1915 3454 1986 ἀποφηνάμενος,
3481 1916 3665 1971 τέλεον

2085 2009 2184 2081 τὴν
2211 2008 2507 2077 φυγαδείαν
2550 2007 2846 2075 ἠσπάζετο.
2896 2004 3085 2059 Ταῦτα
3121 2006 3198 2071 δὲ,
3229 2009 3331 2060 οὑκ
3367 2001 3467 2059 οἶδ’
3490 2008 3663 2072 ὅπως,

2086 2102 2421 2164 άπεναντίας
2449 2104 2565 2162 τοῖς
2593 2098 2696 2163 ἔξω
2733 2098 3088 2169 διεφημίςετό
3113 2116 3253 2164 πως,
3277 2100 3361 2152 ὅτι
3389 2099 3609 2170 κληθεὶς
3637 2102 3669 2154 ὁ

2100 2195 2416 2265 Ἐπιφάνιος
2498 2193 2598 2263 τὴν
2658 2190 2982 2263 καθαίρεσιν
3034 2192 3284 2244 Ἰωάννου
3335 2191 3663 2262 ἐψηφίσατο.

2086 2290 2197 2343 Καὶ
2259 2287 2473 2341 τούτων
2523 2284 2815 2347 διακούσας
2842 2285 2872 2337 δ
2931 2284 3210 2353 Ἰωάννης,
3244 2284 3450 2356 γράφει
3485 2285 3659 2356 αὑτῷ,

2097 2380 2403 2450 Ἐπιφάνιε,
2438 2379 2635 2446 λέγων,
2685 2378 2857 2445 σοφὲ,
2903 2376 2973 2429 σὺ
3019 2375 3319 2447 συνῄνεαας
3364 2378 3423 2430 ἂν
3463 2380 3529 2448 τῇ
3558 2378 3669 2450 ἐμῇ

2085 2473 2290 2543 ἐξορίᾳ·
2331 2471 2430 2539 οὑχ
2459 2468 2715 2541 ὁραθήσῃ
2759 2467 2869 2521 ἀπὸ
2915 2465 3011 2520 τοῦ
3062 2465 3158 2520 νῦν
3209 2467 3305 2519 ἐπὶ
3349 2464 3445 2520 τοῦ
3474 2466 3670 2535 θρόνου

2086 2582 2181 2619 σου
2232 2561 2608 2631 καθιούμενος.
2657 2559 2715 2613 '0
2768 2558 2826 2613 δὲ
2881 2558 3214 2629 ἀντιγράφει
3270 2559 3408 2630 πρὸς
3452 2559 3665 2613 ταῦτα’

2096 2656 2330 2727 ’Λθλητὰ
2373 2655 2625 2725 Ἰωάννη,
2649 2651 2811 2707 παίου
2841 2652 2934 2705 καὶ
2965 2652 3111 2705 νίκα·
3148 2650 3242 2704 τὸν
3274 2651 3331 2703 δὲ
3364 2651 3572 2722 χῶρον,
3601 2654 3665 2704 ὲν

2084 2743 2127 2816 ᾧ
2158 2748 2425 2820 εξορξζῃ,
2479 2746 2665 2799 οὐκέτι
2715 2744 2777 2797 οὑ
2843 2743 2925 2814 μὴ
2971 2742 3181 2814 φθάσῃς
3235 2743 3419 2805 αὐτός.
3477 2741 3669 2805 Οὕτως

2086 2841 2356 2912 ἔγραψαν,
2392 2840 2485 2894 καὶ
2530 2836 2705 2900 οὕτως
2748 2836 2989 2903 ἐγένετο.
3030 2834 3353 2903 Ἑπιφάνιος
3377 2834 3485 2905 γὰρ
3521 2836 3665 2887 κατὰ
3710 2866 3719 2879 ι

2083 2934 2176 2986 τὸν
2206 2930 2372 2985 πλοῦν
2402 2930 2648 3001 τελευτᾷ,
2699 2928 2793 2981 καὶ
2824 2927 3079 2997 Ἰωάννης
3105 2927 3276 2997 μήπω
3314 2926 3530 2995 φθάσας
3573 2927 3671 2980 τὸν

2085 3026 2259 3097 χῶρον
2282 3022 2423 3078 κατὰ
2447 3023 2510 3076 τὸ
2534 3022 2787 3092 δεύτερον
2812 3020 2913 3089 τῆς
2943 3018 3267 3089 ὑπερορίας,
3289 3018 3367 3082 ὡς
3399 3018 3501 3090 ἢδη
3525 3034 3669 3087 γνω-

2088 3118 2337 3187 ρίσομεν,
2372 3116 2439 3168 τὰ
2465 3115 2593 3185 τῇδε
2623 3111 3055 3182 καταλιμπάνει.
3670 3146 3674 3150 α

2152 3398 2254 3469 κβῖ
2298 3398 2505 3454 Μαθὼν
2536 3394 2629 3453 οὖν
2653 3401 2681 3453 ό
2730 3399 2905 3470 μέγας
2954 3398 3211 3470 Ἰωάννης
3240 3398 3379 3470 μετὰ
3410 3398 3502 3453 τδν
3528 3398 3667 3453 sua-

2084 3490 2252 3544 πλουν
2291 3490 2634 3557 Ἐπιφανίου,
2683 3491 2831 3553 ὅπως
2868 3490 3227 3561 διεκρούσατο
3260 3490 3359 3561 τὴν
3394 3490 3671 3561 βασιλίδα,

2082 3578 2331 3631 ἐκδίδωσι
2354 3578 2520 3648 ψόγον
2548 3583 2703 3650 κοινῇ
2732 3580 2874 3633 κατὰ
2901 3581 3085 3650 πάσης
3108 3582 3366 3649 γυναικὸς
3401 3583 3665 3652 πονηρᾶς.

2088 3672 2184 3723 Ὃν
2212 3671 2491 3740 ἁρπάσαν,
2525 3670 2600 3733 ὡς
2626 3670 3114 3741 αίνιγματισθιντα
3144 3672 3287 3725 κατὰ
3307 3673 3405 3739 τῆς
3435 3671 3673 3742 βασιλίσο

2084 3778 2203 3832 σης,
2243 3762 2304 3814 τὸ
2349 3762 2655 3831 κατήγορον
2683 3762 2913 3833 σμῆνος,
2960 3762 3157 3837 ταύτῃ,
3197 3764 3293 3818 καὶ
3327 3763 3418 3817 διὰ
3458 3763 3668 3831 ταύτης

2083 3852 2218 3920 πρὸς
2253 3850 2342 3902 τὸν
2373 3850 2597 3920 βασιλέα
2657 3853 3185 3923 προσαναφέρουσιν.
3227 3849 3299 3924 τῼ
3339 3854 3432 3906 καὶ
3470 3854 3668 3924 ήαὺτὴ

2079 3944 2179 4006 τὰς
2207 3942 2451 4013 κλήσεις,
2484 3942 2593 3996 οὐδ’
2634 3944 2765 4005 ὅσας
2812 3946 3012 4010 εἰπεῖν,
3040 3945 3136 3999 καὶ
3166 3946 3338 4010 ὅπως,
3374 3962 3662 4013 προσαγα-

2081 4036 2257 4103 γοῦσα
2305 4036 2637 4106 παροτρύνει
2695 4037 2905 4103 τοῦτον,
2957 4040 3330 4109 συγκροτῆσαι
3374 4039 3477 4091 τὸν
3523 4039 3668 4092 κατὰ

2094 4128 2345 4181 Ἰωάννου
2379 4128 2642 4198 πόλεμον,
2684 4130 2779 4183 καὶ
2818 4129 3114 4191 συνοδικῶς
3155 4129 3372 4199 ἐξορίαν
3402 4146 3668 4199 κατακρι-

2083 4216 2266 4289 θῆναι.
2295 4220 2371 4274 Οὑ
2402 4220 2510 4289 μὴν
2542 4220 2598 4273 δὲ
2632 4222 2804 4291 χωρὶς
2861 4221 3127 4289 Θεοφίλου
3171 4222 3264 4275 τὸν
3313 4222 3500 4291 άγῶνα
3530 4238 3661 4277 συν-

2086 4309 2317 4379 ίστησινο
2345 4311 2459 4364 ἀλλ’
2480 4312 2565 4365 ὅτι
2578 4312 2810 4382 τάχιστα
2842 4315 3083 4383 γραφαῖς
3105 4312 3294 4367 τοῦτον
3331 4315 3541 4383 εἰσάγει
3568 4316 3669 4367 σὺν

2096 4403 2339 4468 Ἰνδικοῖς
2383 4405 2704 4470 ἐπισκόποις
2736 4406 2831 4460 καὶ
2856 4407 3197 4473 Αἰγυπτίας,
3226 4409 3322 4460 καὶ
3369 4410 3482 4471 τοίς
3530 4407 3667 4462 καθ-

396 4492 510 4553 niat
547 4507 671 4545 cum
727 4495 1001 4562 episcopis
1025 4493 1225 4548 Iudicis
1275 4505 1329 4549 et
1359 4494 1653 4566 Egyptiis,
1693 4505 1742 4548 et
1779 4495 1846 4550 iis
1883 4495 1974 4565 qui

2082 4496 2382 4565 αιρεθεῖσιν
2420 4496 2661 4567 εὐλόγως
2689 4499 2812 4552 τότε
2855 4499 2945 4552 διά
2982 4516 3135 4563 τινας
3176 4500 3357 4562 αἰτίας
3385 4499 3538 4571 παρὰ
3567 4500 3665 4553 τοῦ

394 4594 525 4637 tunc
556 4591 780 4654 propter
809 4584 993 4653 justas
1036 4599 1235 4639 causas
1270 4585 1465 4640 merito
1494 4585 1722 4654 depositi
1757 4586 1974 4640 fuerant

2084 4562 2411 4659 ἀρχιερέως.
2454 4562 2584 4655 Καὶ,
2656 4590 2745 4644 ἵνα
2780 4591 3018 4645 συνελὼν
3062 4562 3239 4656 εἴπω,
3284 4562 3484 4656 πάντες
3536 4609 3665 4645 συν-

392 4690 422 4729 a
452 4673 742 4743 pontiﬁce;
788 4682 863 4737 et,
900 4681 958 4726 ut
988 4673 1156 4728 semel
1200 4674 1403 4739 dicam,
1454 4674 1743 4729 conﬂuunt
1786 4691 1980 4730 onlnes

387 4764 828 4833 Cliaalcedonem,
860 4766 913 4819 in
956 4781 1061 4837 qua
1097 4767 1249 4835 prius
1299 4766 1497 4837 parati,
1535 4769 1761 4822 veniunt
1784 4783 1977 4823 omnes

395 4859 448 4910 iu
506 4859 703 4912 urbem
777 4859 1005 4928 regiam.
1051 4858 1191 4914 Cum
1239 4850 1422 4913 autem
1488 4860 1826 4929 tardarent,
1881 4861 1977 4930 qui

389 4956 552 5007 erant
617 4946 788 5003 Roma
846 4952 1088 5017 venturi,
1128 4952 1426 5022 imperator
1485 4953 1755 5008 Arcadius
1823 4955 1977 5009 nullo

393 5038 559 5095 modo
606 5039 794 5096 volens
853 5042 1101 5113 aspicere
1157 5042 1557 5113 Theophilum,
1602 5044 1891 5099 dubitabat
1914 5056 1970 5101 et

388 5130 558 5189 variis
579 5128 991 5186 distrahebatur
1033 5134 1482 5202 cogitationibus,
1532 5133 1792 5204 ignorans
1827 5135 1974 5204 quod

389 5221 672 5277 Romanus
706 5222 996 5293 episc0pus
1054 5227 1344 5291 secundas,
1396 5236 1455 5280 ut
1508 5242 1539 5279 a
1588 5242 1673 5281 me
1704 5228 1855 5295 prius
1891 5227 1976 5281 di-

387 5324 537 5369 ctum
567 5321 674 5379 est,
714 5302 1072 5386 exspectabat
1101 5315 1332 5371 litteras.
1359 5317 1501 5384 Quid
1523 5334 1655 5391 ergo
1684 5319 1975 5392 Eudoxiaﬁ'

387 5407 539 5460 Clam
587 5408 819 5463 arcessit
865 5406 1228 5478 Theophilum
1280 5421 1332 5464 et
1365 5426 1460 5465 eos
1522 5413 1615 5481 qui
1668 5428 1792 5466 cum
1851 5414 1970 5484 ipso

392 5511 570 5565 erant,
595 5510 649 5555 et
671 5516 766 5554 eos
806 5502 1002 5571 amplis
1025 5517 1089 5557 ac
1119 5503 1426 5572 magniﬁcis
1464 5507 1819 5577 prosequitur
1844 5524 1967 5562 mu-

395 5592 641 5655 neribus,
681 5594 1082 5664 polliceturque
1106 5612 1165 5651 se
1193 5611 1577 5666 persuasuram
1627 5602 1965 5672 imperatori,

393 5686 455 5727 ut
484 5679 565 5730 eis
599 5693 803 5745 parcat.
856 5682 980 5739 [lace
1024 5703 1146 5739 cum
1186 5690 1536 5759 cognovisset
1582 5704 1770 5747 nosxer
1825 5691 1970 5748 Elias

276 5810 291 5816 -
389 5778 441 5824 et
469 5784 663 5835 magna
703 5775 833 5827 tuba
877 5778 1134 5833 Ecclesia:
1177 5782 1625 5853 Cltrysostomus,
1673 5803 1805 5843 usus
1836 5788 1967 5842 tuba

397 5858 680 5926 orationis,
709 5871 894 5918 etnon
923 5866 1119 5925 timens
1155 5874 1344 5936 aciem,
1372 5893 1537 5946 quant
1571 5878 1623 5933 in
1650 5895 1771 5935 cum
1808 5881 1957 5938 dirc-

2082 4679 2388 4750 εισρέουσιν
2415 4681 2473 4733 ὲν
2509 4680 2831 4751 Χαλκηδόνι,
2863 4677 2978 4754 ὲνῇ
3008 4684 3277 4753 πρότερον
3307 4700 3666 4754 παρασκευα-

2083 4772 2309 4840 σάμενοι
2366 4772 2504 4842 πρὸς
2542 4773 2644 4841 τὴν
2693 4774 2972 4843 βασιλείαν
3026 4776 3423 4830 εἰσελαύνουσι.
3467 4777 3665 4846 Χρονι-

2082 4863 2284 4928 ζόντων
2314 4864 2371 4916 δὲ
2405 4863 2516 4917 τῶν
2553 4865 2665 4918 ἀπὸ
2718 4866 2960 4937 Ῥώμης.
3006 4871 3034 4921 ὁ
3074 4868 3329 4937 βασιλεὺς
3378 4868 3663 4938 Ἀρκάδιος

2078 4954 2339 5023 Θεόφιλον
2381 4955 2628 5025 μηδόλως
2667 4957 2839 5009 Θέλων
2870 4958 3189 5022 Οεάσασθαι,
3218 4961 3490 5029 διαπορεῖ,
3530 4959 3659 5022 τοὺς

2079 5045 2372 5117 λογισμοὺς
2399 5051 2692 5119 συνεχεῖτο,
2726 5051 2937 5119 ἀγνοῶν
2961 5052 3042 5105 ὅτι
3061 5051 3317 5123 δευτέραν
3354 5056 3383 5107 ό
3413 5052 3655 5123 Ῥώμης,

2080 5137 2225 5190 καθά
2271 5156 2361 5208 μοι
2407 5141 2756 5212 προείρηται,
2790 5143 3010 5213 γραφὴν
3037 5144 3333 5214 ἐξεδέχετο.
3360 5146 3425 5199 Τί
3482 5144 3577 5199 οὖν
3624 5144 3660 5215 ἡ

2078 5233 2305 5297 Εὑδοξία
2333 5250 2348 5299 ;
2380 5233 2573 5305 Λάθρα
2615 5236 3004 5305 προσκαλεῖται
3059 5239 3319 5308 Θεόφιλον
3380 5240 3476 5292 καὶ
3530 5239 3660 5302 τοὺς

2078 5327 2175 5378 σὺν
2202 5327 2473 5397 αὑτῷ,κα“ι
2492 5328 2684 5399 δώροις
2714 5330 3105 5399 φιλοτιμεῖται,
3132 5331 3231 5385 καὶ
3250 5331 3430 5399 λόγοις
3452 5329 3665 5401 πληρο-

2078 5420 2253 5485 φορεῖ,
2307 5420 2399 5471 τὸν
2448 5419 2672 5489 βασιλέα
2727 5421 2937 5474 πείσειν
2978 5422 3074 5475 τοῦ
3122 5423 3411 5491 πεισθῆναι
3448 5423 3656 5485 αὐτοῖς.

2078 5509 2260 5563 Ταῦτα
2315 5512 2566 5580 διαγνοὺς
2598 5513 2626 5565 ό
2663 5513 2786 5567 καθ’
2820 5517 2968 5587 ἡμᾶς
3031 5517 3247 5581 Ἠλίας,
3302 5518 3395 5571 καὶ
3442 5516 3657 5587 μεγάλη

2077 5603 2313 5673 σάλπιγξ
2338 5609 2436 5675 τῆς
2481 5607 2808 5679 Ἐκκλησιας
2836 5610 2879 5662 Χ
2890 5611 3250 5679 ρυσόστομος,
3280 5613 3348 5682 τῇ
3376 5611 3469 5666 τοῦ
3493 5611 3655 5679 λόγου

2073 5698 2421 5767 χρησάμενος
2448 5698 2733 5767 σάλπιγγι,
2758 5701 2853 5755 καὶ
2890 5700 2991 5771 τὴν
3019 5701 3129 5754 τῶν
3162 5702 3654 5772 συνεπιτιθεμένων

2072 5792 2172 5860 οὑχ
2232 5791 2694 5863 ὑποστειλάμενος
2756 5796 3229 5864 ἀντιστράτευσιν,
3287 5796 3531 5864 Μωῠσῆς
3563 5791 3652 5849 οἷά

2071 5899 2154 5948 τις
2197 5882 2374 5949 ἄλλος,
2408 5886 2439 5955 ἦ
2485 5887 2746 5958 Φινεὲς,ῆ
2789 5887 3015 5957 Ἰησοῦς,
3046 5887 3079 5957 ἦ
3117 5892 3143 5943 ό
3176 5888 3403 5959 φοϐερός
3448 5890 3657 5951 ἐκεῖνος
