4084 6448
347 354 463 418 273
990 352 1273 413 ORATIO
1310 352 1619 413 XVlll.-
1661 350 2045 410 LAUDATIO
2085 350 2148 411 S.
2190 348 2512 409 JOANNIS
2541 348 2950 409 CHRYSOST.
3513 351 3621 416 274

345 472 445 519 καὶ
474 462 575 527 τῆς
596 460 749 531 θείας
774 460 1057 530 δυνᾶμεως
1079 461 1323 522 ἐνόπλιος
1346 460 1810 530 ἀρχιστράτηγος,
1836 458 1931 510 καὶ

2039 466 2233 513 serant
2256 459 2582 523 adversarii,
2606 467 2869 529 tanquam
2902 458 3046 514 alius
3086 460 3323 529 Moyses,
3356 472 3450 517 aut
3493 464 3621 520 Plui-

348 560 450 626 τὴν
488 554 766 626 ῥομφαίαν
800 552 1173 621 σπασάμενος,
1202 554 1570 622 καταπλήττει
1630 552 1690 605 τὸ
1734 551 1934 620 θράσος

2039 565 2189 611 necs.
2215 559 2310 603 aut
2329 549 2512 614 .Iesus,
2541 560 2636 603 aut
2673 551 2763 604 ille
2785 551 3048 605 terribilis
3085 553 3351 608 etdivinaz
3373 564 3620 612 armatus

345 651 455 704 τῶν
478 647 813 711 ἀντιπάλων,
829 645 1171 713 Συναγάγετε
1202 645 1337 712 πρός
1370 660 1465 713 με,
1485 645 1817 715 δημηγορῶν
1839 646 1935 698 καὶ

2039 641 2292 711 princeps
2344 640 2575 704 militiae,
2603 639 2794 694 stricta
2818 641 3137 711 rhomplima
3166 650 3333 697 terret
3364 646 3621 700 adversa-

260 756 267 759 ‘
346 744 545 810 λέγων,
596 739 723 802 τοὺς
777 740 943 807 ἱερεῖς
962 737 1061 805 τῆς
1092 735 1377 806 αἰσχύνης,
1408 736 1690 798 ἐσθίοντας
1726 737 1935 807 τράπε-

2039 736 2243 787 riorum
2273 733 2582 798 audaciam,
2620 733 2683 788 in
2726 735 2996 789 concione
3021 735 3213 790 dicens
3243 752 3254 788 :
3278 735 3622 809 Congregate

348 836 447 898 ζαν
483 832 744 895 Ἰεζάϐελ,
781 828 848 884 ἶν’
872 830 1011 883 εἴπω
1036 829 1218 893 αὐτοῖς
1241 846 1256 862 ⁸
1293 830 1439 893 Ἕως
1464 832 1594 884 πότε
1637 831 1932 900 χωλαίνετε

2039 820 2104 875 ad
2128 837 2219 878 me
2254 823 2574 878 sacerdotes
2609 823 2920 889 dedecoris,
2968 825 3324 879 comedentes
3370 842 3619 882 mensam

349 927 437 981 ἐπ’
463 925 809 995 ἀμφοτέραις
852 921 1068 991 ἰγνύαις
1095 922 1287 991 ὑμῶν;
1316 923 1363 975 εἰ
1389 922 1504 975 ἔστι
1543 922 1676 985 Θεὸς
1701 924 1730 976 ὁ
1761 922 1933 989 Βάαλ,

2039 912 2273 979 Jezabel,
2307 923 2366 969 ut
2392 915 2569 971 dicam
2604 916 2686 970 eis
2713 932 2726 968 :
2754 915 3057 985 Quousque
3087 917 3417 972 claudicatis
3437 921 3620 973 amba-

351 1015 653 1087 πορεύεσθε
715 1014 891 1067 ὀπίσω
933 1013 1125 1066 αὑτοῦ·
1177 1015 1227 1066 εἰ
1273 1012 1332 1066 δὲ
1376 1014 1627 1085 τράπεζα
1697 1014 1935 1078 Ἰεζάϐελ

2039 1009 2136 1065 bus
2165 1008 2371 1064 vestris
2412 1008 2569 1063 tibiis
2589 1008 2702 1061 ’i'?
2734 1008 2795 1063 Si
2847 1009 2977 1063 Baal
3022 1018 3108 1064 est
3154 1009 3318 1073 Dens,
3345 1011 3621 1067 amlnzlatc

355 1107 490 1176 αὔτη
551 1106 721 1170 Θεὸς,
754 1105 1023 1175 φαγόντες
1067 1105 1325 1175 ὲμέσατε.
1390 1105 1513 1160 Ἔτι
1563 1106 1939 1177 δημοσιεύως

361 1198 565 1269 τρανῶς
600 1200 701 1266 τὴν
746 1198 960 1267 ἄμαχον
990 1196 1251 1265 Θεοφίλου
1284 1198 1504 1263 κακίαν,
1549 1199 1642 1252 καὶ
1679 1199 1788 1253 τῶν
1834 1201 1934 1254 αύ-

361 1292 450 1345 τού
473 1291 735 1346 σκοτείων
768 1294 1183 1362 μηχανημάτων
1229 1291 1330 1363 τὴν
1374 1293 1696 1362 ἰταμότητα,
1727 1295 1934 1348 παντά-

358 1401 489 1438 πασι
534 1383 855 1453 προτίθησιν
904 1383 984 1446 εἰς
1035 1383 1350 1451 διάγνωσιν.
1407 1384 1633 1448 Τούτοις
1684 1385 1776 1439 τοῦ
1832 1391 1934 1459 τῆς

353 1476 635 1537 εὐσεϐείας
682 1475 899 1536 λέοντος
934 1474 1229 1544 βασιλικῶς
1275 1477 1369 1529 καὶ
1415 1478 1681 1545 γενναίως
1714 1480 1932 1551 παρρη-

355 1569 714 1638 σιασαμένου,
749 1569 804 1620 al
833 1567 933 1636 τῆς
968 1568 1232 1638 πονηρίας
1258 1569 1543 1634 ἀλώπεκες
1574 1570 1808 1642 δολερῶς
1833 1573 1934 1636 τὰς

354 1664 545 1730 ῥήσεις
600 1660 1010 1731 διεμερίζοντο,
1072 1662 1167 1714 καὶ
1217 1662 1413 1725 αὑταῖς
1450 1662 1663 1730 λέξεσιν
1718 1664 1934 1719 ἐπιδόν-

349 1769 441 1813 τες
471 1751 540 1804 τὰ
572 1747 667 1803 ἶσα
698 1749 774 1821 τῷ
806 1749 1014 1820 βασιλεῖ
1043 1751 1144 1821 τῆς
1182 1752 1522 1824 δημηγορίας
1548 1756 1933 1827 ἀγανακτῆσαι

2032 1113 2160 1175 post
2188 1103 2391 1173 ipsum.
2416 1102 2472 1158 Si
2503 1113 2686 1159 autem
2722 1103 2840 1174 ipsa
2875 1118 3062 1158 mensa
3088 1102 3305 1157 Iezabel
3338 1112 3423 1158 est
3451 1103 3615 1167 Deus,

2035 1196 2389 1251 comedentes
2427 1195 2696 1252 'evomite.
2755 1194 3035 1249 Pratersa
3089 1203 3275 1264 aperte
3333 1196 3621 1266 publicans

2035 1286 2299 1341 invictam
2322 1285 2612 1357 Theophili
2654 1287 2939 1350 malitiam,
2967 1295 3020 1341 et
3045 1288 3471 1342 tenebrosarum
3498 1288 3619 1356 ejus

2035 1379 2509 1435 machinationum
2554 1379 2977 1449 impudentiam,
3021 1381 3280 1449 proponit
3309 1383 3492 1434 omnia
3526 1394 3620 1434 co-

2036 1469 2357 1539 gnoscenda
2383 1471 2455 1525 ab
2478 1470 2754 1525 omnibus.
2788 1469 2926 1523 Cum
2958 1472 3072 1524 haec
3104 1471 3253 1541 regie
3276 1480 3330 1525 et
3358 1486 3623 1541 generose

2034 1562 2265 1618 dixisset
2323 1562 2412 1618 leo
2474 1563 2721 1634 pietatis,
2783 1564 2976 1633 vulpes
3031 1563 3402 1633 improbitatis
3455 1564 3621 1619 verba

2034 1652 2413 1709 fraudulenter
2463 1654 2755 1709 dividunt:
2803 1663 3011 1709 etcum
3071 1656 3266 1711 iisdem
3293 1655 3474 1712 verbis
3513 1656 3623 1710 im-

2032 1749 2270 1819 peratori
2288 1749 2571 1804 dedissent
2598 1749 2933 1818 exemplum,
2956 1756 3253 1818 coegerunt
3279 1764 3409 1803 eum
3436 1748 3621 1814 irasci,

349 1843 543 1896 τοῦτον
583 1819 956 1907 ἐξεϐιάσαντο,
998 1819 1108 1897 καὶ⁷
1146 1819 1426 1915 τὴν-κατα
1479 1819 1741 1917 Θεοςρίλου
1776 1819 1932 1921 βασι-

2039 1854 2089 1898 et
2122 1842 2426 1897 eil'ecerunt
2474 1852 2533 1895 ut
2584 1843 2935 1910 imperatoris
2990 1842 3297 1907 indignatio
3346 1842 3401 1895 in
3444 1840 3623 1896 Theo-

351 1934 489 1997 λέως
517 1935 898 2005 ἀγανάκτησιν
931 1934 1068 2005 πρὸς
1091 1936 1185 1988 τὸν
1210 1938 1476 2008 ἀρχιερέα
1510 1943 1931 2011 μετατραπῆναι

2039 1934 2273 2003 pliilum,
2327 1942 2739 1988 converteretur
2797 1932 2867 1986 ad
2917 1932 3253 2001 pontiﬁcem.
3308 1931 3410 1998 Qui
3456 1933 3621 1986 etiam

352 2024 867 2094 παρεσκευάσαντο,
900 2026 1289 2091 κελευσθέντες
1316 2028 1419 2098 τὴν
1452 2031 1576 2082 κατ’
1617 2032 1784 2085 αὐτοῦ
1812 2033 1935 2087 σύν-

2039 2026 2171 2094 inssi
2200 2033 2326 2080 sunt
2360 2026 2413 2078 in
2461 2040 2587 2080 eum
2633 2024 2813 2079 facere
2856 2025 3169 2079 concilium.
3229 2022 3296 2077 Et
3332 2038 3459 2078 cum
3488 2033 3626 2077 tem-

349 2117 470 2169 οδον
498 2116 918 2187 ἐξεργάσασθαι.
960 2117 1027 2173 Οἳ
1071 2121 1167 2173 καὶ
1196 2120 1452 2185 λαϐόντες
1491 2123 1580 2178 τὸν
1608 2126 1800 2196 καιρὸν
1833 2127 1935 2197 τῆς

350 2208 556 2272 ἁδείας,
590 2209 684 2262 καὶ
712 2209 850 2280 πρὸς
900 2210 1005 2281 τὴν
1046 2212 1225 2283 πάλην
1250 2213 1520 2283 ἀνδρικῶς
1559 2217 1933 2287 κονισάμενοι,

351 2296 408 2347 ὲν
440 2296 766 2362 διαϐουλίοις
796 2300 895 2368 τῆς
951 2301 1246 2370 βασιλίδος,
1289 2303 1503 2376 δώροις,
1555 2305 1761 2375 λόγοις,
1799 2311 1936 2362 ὑπο-

352 2388 625 2456 σχέσεσιν,
655 2388 929 2457 ἀπειλαῖς,
963 2391 1056 2444 καὶ
1106 2392 1239 2445 πᾶσι
1266 2395 1511 2464 τρόποις,
1549 2400 1931 2468 συναγείρουσι

352 2480 582 2543 πάντας.
632 2481 747 2535 Καὶ
793 2483 919 2546 τοὺς
979 2484 1078 2554 μὲν
1132 2488 1590 2553 ἁντιπαλαίοντας
1634 2492 1717 2561 τῷ
1745 2493 1941 2564 πλάνῳ

352 2568 449 2621 καὶ
484 2570 642 2639 γόητι
672 2571 778 2623 τῶν
803 2571 1146 2639 διαϐουλίων,
1176 2575 1363 2648 saepte
1387 2578 1777 2648 παρέπεμπον·
1807 2583 1937 2646 τοὺς

350 2659 408 2711 δὲ
457 2659 535 2729 τῷ
573 2660 806 2731 διακένῳ
834 2661 944 2716 τῶν
975 2664 1325 2734 ὑποσχέσεων
1353 2667 1933 2742 ἀνδραποδιζομένους,

354 2750 603 2814 ἐλεεινῶς
636 2751 888 2804 τοσοῦτον
945 2753 1257 2822 ὲφώπλιζον
1306 2758 1451 2811 κατά
1488 2758 1582 2812 τοῦ
1616 2762 1938 2832 ἀρχιποιμέο

356 2858 467 2903 νος,
505 2840 648 2894 ὥστε
689 2844 784 2895 καὶ
818 2842 980 2896 eam
1013 2844 1107 2898 καὶ
1143 2847 1408 2902 ἀπολέσαι
1457 2850 1645 2903 αὐτόν.
1686 2852 1876 2920 Μέγας
1907 2854 1937 2905 ὁ

360 2929 509 2998 ἀγὼν
556 2931 808 2986 ἐντεῦθεν
859 2934 971 2999 τοῖς
1024 2938 1153 3005 περὶ
1198 2938 1456 3005 Εύδοξίαν
1504 2942 1599 2994 καὶ
1652 2943 1933 3012 Θεόφιλον,

362 3022 681 3092 τραπέζαις,
705 3026 913 3097 χρυσῷ,
960 3027 1296 3094 κολακείαις,
1352 3034 1448 3084 καὶ
1488 3033 1710 3102 τρόποις
1763 3035 1936 3089 ἆπασι

2033 2133 2137 2187 pus
2170 2117 2509 2187 accepissent
2546 2116 2847 2180 libertatis,
2872 2122 2926 2170 et
2951 2116 3019 2169 ad
3055 2116 3258 2169 luctam
3295 2130 3355 2168 se
3395 2113 3617 2167 fortiter

2034 2210 2449 2273 instruxissent,
2488 2223 2551 2262 ac
2582 2208 2912 2262 muniissent
2941 2206 3211 2270 consiliis,
3254 2206 3622 2275 imperatricis

2035 2301 2221 2365 donis,
2250 2300 2457 2368 verbis,
2497 2300 2810 2370 promissis,
2854 2299 3041 2364 minis,
3071 2306 3125 2354 et
3156 2297 3414 2353 omnibus
3445 2297 3639 2352 modis

2036 2408 2233 2447 omnes
2260 2399 2602 2462 congregant
2626 2406 2640 2442 :
2672 2398 2727 2446 et
2750 2392 2888 2445 alios
2915 2391 3139 2460 quidem
3171 2390 3265 2459 qui
3295 2389 3624 2445 resistebant

2035 2484 2200 2553 plano
2230 2491 2284 2537 et
2322 2482 2698 2552 improborum
2743 2481 3051 2535 architecto
3078 2479 3464 2543 consiliorum,
3495 2477 3625 2530 mih

2035 2576 2225 2632 tebant
2280 2575 2335 2629 in
2387 2574 2681 2640 exsilium;
2731 2574 2870 2628 alios
2905 2585 3086 2627 autem
3125 2571 3281 2626 vanis
3329 2569 3622 2640 promissis

2038 2672 2234 2725 misere
2269 2667 2522 2722 redactos
2553 2667 2606 2721 in
2652 2668 2998 2731 servitutem,
3037 2666 3179 2721 adeo
3203 2665 3495 2719 armabant
3522 2664 3622 2718 ad-

2040 2776 2231 2816 versus
2263 2757 2597 2827 pontificem,
2636 2765 2693 2809 ut
2739 2772 2863 2812 eum
2903 2756 2990 2808 vel
3043 2752 3407 2810 sacriﬁcaturi
3435 2762 3623 2808 essent

2036 2860 2092 2907 et
2115 2848 2407 2922 perdituri.
2439 2848 2577 2902 Hinc
2614 2861 2872 2916 magnum
2929 2844 3152 2901 exsistit
3198 2851 3474 2898 certamen
3510 2840 3621 2894 Eu-

2039 2945 2214 2999 doxiae
2241 2950 2295 2995 et
2324 2937 2637 3009 TlteOphili,
2660 2936 2793 2991 dum
2813 2935 3043 3001 mensis,
3072 2947 3228 2998 auro,
3261 2931 3543 2988 blanditiis
3567 2939 3624 2986 et

2040 3044 2095 3089 ct
2136 3034 2313 3088 modis
2336 3032 2596 3087 omnibus
2617 3043 2751 3085 suos
2778 3028 2960 3082 socios
2992 3025 3059 3080 ad
3084 3026 3283 3081 bellum
3317 3026 3620 3080 instruunt.

365 3115 489 3178 τοὺς
517 3118 745 3220 οἰκείους
781 3120 1103 3190 συμμάχους
1135 3123 1269 3192 πρὸς
1302 3124 1393 3176 τὸν
1436 3125 1672 3195 πόλεμον
1707 3128 1932 3181 ἐπαλείο

2046 3125 2247 3181 Deinde
2296 3122 2468 3194 quid?
2506 3121 2861 3175 Adornantur
2904 3128 2958 3172 et
3012 3125 3384 3173 contexuntur
3429 3116 3622 3180 libelli,

360 3223 577 3274 φοντας.
610 3204 742 3262 Εἶτα
774 3209 865 3276 ii;
904 3212 1182 3267 Λιϐέλλων
1233 3217 1531 3286 συῤῥαῳαὶ,
1582 3220 1678 3270 καὶ
1730 3220 1933 3273 τούτων

354 3301 633 3375 ἀποστολὴ
658 3304 793 3375 πρὸς
821 3306 914 3358 τὸν
936 3305 1185 3376 βασιλέα,
1215 3310 1582 3380 περιεχόντων
1610 3310 1791 3377 πάσας
1831 3331 1936 3384 μα-

354 3395 669 3465 ταιότητας,
702 3398 796 3449 καὶ
840 3398 1040 3466 μανίας
1068 3400 1306 3467 ψευδεῖς.
1339 3402 1434 3453 καὶ
1462 3401 1619 3465 τέλος
1666 3404 1749 3457 ὅτι
1796 3406 1936 3475 μετὰ

353 3484 451 3556 τὴν
518 3487 811 3540 κοινωνίαν
859 3488 1033 3552 οὕτως
1093 3492 1302 3555 ἐκεῖνος
1364 3494 1393 3545 ό
1452 3494 1708 3565 Ἰωάννης
1761 3498 1936 3551 ἐποίει

354 3578 564 3641 πάντας
613 3579 1027 3646 ἀπογεύσασθαι
1059 3580 1328 3654 ὕδατος,νῆ
1364 3586 1683 3652 παστίλλου,
1726 3588 1816 3641 διὰ
1846 3590 1937 3643 τὸν

355 3667 608 3732 πτύελον,
641 3672 735 3721 καὶ
756 3671 863 3740 πρὸ
892 3671 1113 3724 πάντων
1139 3672 1323 3736 αὐτός.
1352 3674 1557 3725 Λοιπὸν
1583 3675 1683 3728 οὐκ
1714 3675 1795 3728 ἔτι
1828 3695 1935 3746 χω-

355 3758 509 3830 ροῦσι
556 3760 624 3812 δι’
682 3754 757 3814 ὧν
813 3757 882 3833 ἦν
941 3763 1123 3826 αὐτοῖς
1170 3764 1239 3818 τὰ
1289 3765 1418 3836 περὶ
1470 3766 1581 3818 τῶν
1628 3767 1937 3838 Ὠριγὲνους

355 3852 553 3920 βίϐλων
578 3853 1055 3923 κατηγορούμενα,
1092 3855 1228 3909 ἀλλὰ
1262 3857 1330 3910 δι’
1365 3856 1567 3928 ἐτέρων
1600 3859 1813 3931 ὕϐρεων
1842 3864 1935 3915 καὶ

352 3941 653 4014 λοιδοριῶν.
681 3944 899 3998 Τούτων
933 3938 1036 3999 ὧδέ
1058 3964 1175 4010 πως
1208 3950 1677 4020 σκευωρουμένων
1715 3952 1797 4022 (ού
1827 3953 1935 4025 γὰρ

352 4030 462 4089 οἷόν
501 4053 559 4088 τε
584 4036 653 4089 τὰ
673 4037 775 4106 τῆς
816 4037 1122 4107 σκευωρίας
1148 4038 1255 4091 ἀνὰ
1307 4042 1471 4110 μέρος
1500 4041 1775 4107 ἐπεξιέναι
1800 4045 1935 4114 πρὸς

352 4124 412 4177 ἓν
444 4126 594 4188 τέλος
625 4125 941 4197 ἀφορώσης,
976 4127 1068 4179 τὸν
1107 4129 1266 4196 φόνον
1294 4131 1386 4183 τού
1418 4131 1809 4201 ἀρχιποιμένος
1841 4134 1938 4187 καὶ

352 4218 443 4272 τὸν
466 4217 747 4288 θάνατον),
776 4220 1148 4289 ¹παραγίνεται
1189 4222 1327 4292 πρὸς
1356 4224 1448 4277 τὸν
1481 4225 1716 4294 ποιμένα
1756 4227 1818 4280 τὸ
1860 4227 1936 4298 μὴ

355 4311 741 4382 συναρπασθὲν
762 4312 855 4364 τοῦ
880 4314 1131 4382 ποιμνίου
1151 4316 1265 4377 τοῖς
1294 4313 1689 4386 [σ1παράκταις
1704 4319 1935 4381 ἐκείνοις

352 4404 588 4475 θηρίοις,
644 4406 722 4468 είς
768 4404 864 4458 δύο
913 4404 1010 4459 καὶ
1063 4408 1475 4479 τεσσαράκοντα
1523 4410 1934 4481 ἀριθμούμενον

2040 3227 2094 3274 et
2122 3219 2415 3272 mittuntur
2453 3215 2518 3269 ad
2550 3216 2955 3284 imperatorem,
2980 3211 3074 3281 qui
3112 3211 3399 3266 continent
3431 3223 3623 3264 omnes

2041 3310 2311 3363 vanitates
2336 3318 2391 3360 ct
2430 3307 2675 3360 insanias
2722 3302 2912 3358 falsas.
2946 3301 3293 3357 Postremum
3337 3315 3466 3356 vero
3505 3307 3626 3355 erat

2040 3399 2191 3470 quod
2219 3410 2338 3467 post
2364 3396 2807 3452 communionem
2830 3395 2916 3447 hic
2939 3392 3181 3447 Joannes
3207 3392 3411 3446 faceret
3430 3406 3625 3445 omnes

2044 3502 2267 3564 gustare
2297 3505 2497 3562 aquam
2542 3497 2637 3544 aut
2682 3486 2962 3559 pastillum
3024 3493 3248 3555 propter
3293 3492 3539 3553 sputum,
3570 3488 3625 3535 ct

2040 3592 2168 3640 ante
2199 3598 2395 3638 omnes
2446 3584 2586 3651 ipse.
2641 3580 2718 3634 De
2764 3585 2965 3633 caetero
2996 3585 3179 3631 autem
3223 3590 3334 3629 non
3384 3573 3625 3643 amplius

2042 3679 2349 3751 procedunt
2380 3691 2475 3746 per
2507 3690 2593 3739 ea,
2647 3690 2773 3744 qua:
2825 3674 2931 3743 ipsi
2989 3672 3045 3725 in
3097 3684 3225 3725 eum
3266 3667 3628 3722 intendebant

2042 3771 2301 3836 crimina,
2334 3783 2530 3838 nempe
2561 3766 2706 3837 quod
2753 3770 3064 3820 sectaretur
3094 3774 3316 3817 errores
3345 3757 3623 3829 Origenis,

2040 3864 2135 3920 sed
2173 3877 2268 3932 per
2300 3860 2667 3916 contumelias
2694 3864 2749 3912 et
2776 3854 3091 3910 maledicta.
3125 3852 3264 3907 Cum
3290 3851 3405 3905 haec
3434 3839 3626 3903 nescio

2038 3954 2315 4027 quomodo
2344 3956 2693 4007 struerentur
2727 3949 2939 4019 (neque
2970 3945 3117 4000 enim
3174 3942 3290 3997 ﬁeri
3335 3947 3538 4011 potest,
3569 3948 3629 3992 ut

2040 4053 2281 4101 structas
2320 4039 2552 4097 insidias
2573 4037 2888 4108 singulatim
2930 4047 3352 4105 persequamur,
3394 4043 3524 4099 qua
3558 4028 3633 4109 ad_

2040 4153 2206 4192 unum
2239 4136 2403 4189 linem
2417 4130 2768 4202 spectabant,
2794 4141 2995 4198 nempe
3025 4128 3089 4180 ad
3126 4123 3333 4179 caulem
3362 4120 3629 4191 principis

2041 4238 2322 4300 pastorum
2351 4237 2403 4280 et
2433 4222 2707 4292 mortem),
2735 4220 2955 4276 accedit
2978 4219 3045 4273 ad
3074 4226 3352 4287 pastorem
3377 4214 3453 4275 id,
3477 4212 3628 4283 quod

2039 4338 2069 4375 e
2096 4336 2255 4391 grege
2283 4334 2389 4374 non
2418 4316 2598 4370 inerat
2622 4320 2939 4381 correptum
2978 4324 3007 4363 a
3046 4308 3179 4364 feris
3226 4307 3341 4361 illis
3365 4304 3625 4359 immani-

2039 4414 2165 4478 bus,
2198 4426 2397 4481 nempe
2422 4408 2789 4477 quadraginta
2812 4406 2922 4458 duo
2950 4400 3195 4473 episcopi
3232 4413 3464 4454 numero
3491 4415 3505 4451 :
3530 4396 3629 4465 qui

352 4495 715 4559 ἐπισκόπους,
752 4496 801 4550 οἳ
850 4498 941 4549 τὸν
992 4497 1226 4568 ποιμένα
1272 4499 1807 4568 περικυκλῶσαντες,
1842 4502 1932 4555 διὰ

2039 4516 2314 4576 pastorem
2363 4498 2775 4556 circumdantes
2812 4494 3235 4550 admirabantur
3282 4489 3629 4561 repentinam

351 4586 595 4658 θάμϐους
628 4587 877 4658 ὑπῆρχον
919 4588 998 4658 τῷ
1037 4591 1135 4659 τῆς
1182 4591 1488 4662 μεταϐολῆς
1523 4592 1707 4664 ἁθρόῳ
1742 4611 1801 4647 τε
1835 4597 1931 4648 καὶ

350 4678 1015 4750 παρηλλαγμένῳ··ὂπως
1064 4682 1323 4752 Θεόφιλος
1368 4683 1650 4754 ἀγώγιμος
1698 4685 1795 4751 ῶν,
1837 4687 1932 4740 καὶ

349 4770 605 4834 ὑπόδικος
654 4772 993 4843 ἐνεχόμενος,
1036 4772 1299 4843 ἐξαπίνης
1348 4775 1441 4827 τοῦ
1500 4775 1713 4828 δικαίου
1737 4777 1934 4847 κριτὴς

349 4862 639 4937 καθῗ.[σ]το
662 4866 755 4918 καὶ
774 4865 1051 4935 δικαστής.
1089 4866 1155 4917 Τί
1197 4862 1290 4920 οὖν
1326 4869 1355 4920 ὀ
1379 4866 1585 4937 ποιμὴν
1621 4870 1649 4921 ὁ
1682 4868 1868 4934 καλὸς,
1907 4871 1937 4921 ὁ

354 4956 597 5026 μιμητὴς
650 4956 749 5009 τοῦ
805 4956 1042 5027 μεγάλου
1105 4958 1499 5027 ἀρχιποίμενος
1538 4959 1752 5029 ἰησοῦ;
1796 4961 1936 5013 Ἀλλ’

350 5040 455 5102 ὧδε
498 5047 593 5100 τοῦ
653 5048 816 5115 λόγου
858 5048 1082 5117 νόμενος
1106 5088 1122 5112 ,
1171 5049 1452 5120 ἐμνήσθην
1494 5051 1717 5121 ἡμερῶν
1749 5052 1935 5121 ἱερῶν,

350 5140 444 5193 τὸν
492 5140 795 5210 Δεσπότην,
844 5139 971 5203 τούς
1023 5157 1082 5193 τε
1147 5139 1397 5211 μαθητὰς
1448 5140 1582 5210 πρὸς
1638 5142 1701 5193 τὸ
1762 5142 1935 5205 πάθος

350 5234 606 5303 ἥκοντας,
637 5235 739 5304 τὴν
771 5234 984 5304 Καινὴν
1028 5234 1333 5305 Διαθήκην,
1366 5235 1465 5305 τὴν
1494 5235 1633 5306 πρὸς
1671 5235 1932 5307 ἀλλήλους

353 5326 579 5398 ἀγάπην
604 5367 620 5391 ,
642 5329 714 5382 τὰ
763 5329 880 5381 ἐκεῖ
917 5326 1220 5398 τελούμενα
1254 5329 1473 5381 ἅπαντα
1541 5328 1663 5382 καθ’
1708 5329 1939 5383 ἕκαστον

352 5419 634 5490 ἐνενόησα,
664 5420 765 5474 καὶ
806 5419 898 5472 τὸν
952 5420 1077 5491 ἄρτι
1129 5419 1381 5491 μαθητὴν
1427 5420 1826 5490 παραπλησίως
1857 5420 1941 5491 τῷ

348 5511 659 5582 διδασκάλῳ
711 5513 807 5565 καὶ
846 5512 1095 5583 Δεσπύτῃ
1148 5511 1621 5581 μυσυγωγοῦντα
1664 5514 1791 5575 τοὺς
1840 5513 1937 5565 ὑπ’

353 5605 537 5657 αὐτόν.
600 5604 827 5658 Πάντων
875 5604 986 5675 γὰρ
1037 5603 1413 5675 συνεχομένων
1455 5605 1549 5657 καὶ
1579 5606 1935 5675 λυπουμένων

356 5696 451 5748 ἐπὶ
487 5696 562 5767 τῷ
604 5696 749 5750 κατὰ
790 5696 882 5749 τὸν
933 5695 1256 5750 διδάσκαλον
1287 5697 1574 5767 ἀνιάματι,
1608 5697 1743 5767 φησὶ
1800 5698 1936 5769 πρὸς

356 5790 554 5853 αὐτοὺς
602 5792 632 5844 ὁ
676 5790 841 5859 σοφὸς
867 5791 1073 5854 ἐκεῖνος
1103 5792 1171 5845 τὰ
1221 5791 1341 5846 θεῖα
1391 5791 1484 5846 καὶ
1521 5791 1589 5846 τὰ
1619 5792 1935 5863 ἀνθρώπινα

434 5909 500 5940 ’δ’
528 5905 593 5964 Ill
623 5904 752 5977 Reg.
789 5922 947 5973 xrm,
981 5907 1071 5961 ‘Zl.

2039 4606 2093 4653 et
2118 4596 2393 4652 diversam
2439 4593 2826 4658 mutationem,
2864 4603 3063 4659 nempe
3096 4586 3240 4657 quod
3270 4581 3628 4653 Theophilus,

2041 4692 2139 4763 qui
2173 4697 2294 4747 erat
2325 4691 2468 4745 inter
2500 4703 2627 4743 reos
2668 4687 2897 4750 relatus,
2940 4690 3166 4754 repente
3198 4683 3270 4738 sit
3297 4679 3632 4735 constitutus

2043 4785 2214 4853 judex
2239 4782 2513 4836 adversus
2547 4790 2800 4835 sanctum
2831 4786 2888 4832 et
2910 4777 3121 4847 justum
3151 4773 3628 4843 Clirysostomum.

2048 4874 2188 4942 Quid
2221 4887 2353 4943 ergo
2384 4881 2568 4942 pastor
2602 4872 2693 4925 ille
2729 4871 2930 4931 bonus,
2980 4865 3160 4933 magni
3206 4861 3474 4933 principis
3534 4875 3633 4930 pa-

2046 4975 2280 5031 storum,
2313 4978 2509 5032 nempe
2547 4961 2699 5027 Jcsu,
2753 4956 3034 5014 imitator?
3062 4954 3173 5009 Sed
3209 4967 3336 5009 cum
3385 4954 3451 5007 ad
3486 4954 3632 5006 hunc

2044 5060 2226 5113 locum
2263 5054 2508 5126 pervenit
2540 5054 2746 5117 oratio,
2779 5050 3001 5105 memini
3045 5062 3331 5104 sacrorum
3358 5045 3570 5121 dierum
3608 5060 3623 5097 :

2049 5149 2338 5206 Dominum
2367 5146 2674 5202 venientem
2706 5145 2775 5200 ad
2816 5142 3155 5214 passionem,
3201 5139 3502 5209 discipulos
3533 5136 3628 5205 qui

2047 5254 2179 5300 tunc
2202 5252 2387 5306 erant,
2418 5242 2630 5297 Novum
2665 5237 3101 5297 Testamentum,
3139 5235 3279 5288 inter
3302 5247 3361 5287 se
3391 5229 3624 5284 invicem

2046 5336 2397 5399 charitatetu,
2426 5344 2482 5389 et
2507 5332 2695 5387 omnia
2740 5346 2861 5401 quae
2896 5329 3009 5384 illic
3044 5326 3275 5398 mystice
3324 5322 3468 5377 facta
3497 5328 3631 5376 sunt

2039 5428 2264 5483 eductos
2293 5423 2611 5495 singulatim
2639 5421 2788 5493 apud
2832 5436 2922 5474 me
2952 5415 3186 5488 cogitavi
3212 5428 3227 5468 :
3258 5421 3316 5469 et
3354 5427 3502 5477 eum,
3527 5410 3621 5479 qui

2041 5520 2203 5574 modo
2233 5524 2352 5573 erat
2379 5514 2708 5585 discipulus,
2747 5512 3005 5569 similiter
3029 5516 3196 5577 atque
3225 5504 3557 5573 magistrum
3574 5510 3629 5555 et

2048 5613 2360 5677 Dominum,
2388 5625 2484 5665 eos
2510 5609 2604 5679 qui
2637 5608 2741 5664 sub
2771 5622 2831 5662 sc
2855 5612 3033 5668 erant,
3070 5600 3381 5656 initiantein
3422 5602 3629 5666 myste-

2043 5705 2166 5760 riis.
2195 5704 2329 5758 Nam
2354 5717 2480 5758 cum
2513 5716 2710 5755 omnes
2744 5697 2935 5752 dolore
2978 5693 3364 5749 cruciarentur
3403 5692 3633 5758 pmpter

2042 5796 2388 5866 magistrum,
2408 5792 2542 5849 dicit
2566 5791 2644 5848 eis
2676 5790 2766 5846 ille
2788 5790 2868 5844 vir
2896 5786 3114 5857 sapiens
3139 5783 3193 5838 in
3220 5779 3423 5837 divinis
3441 5787 3499 5834 et
3521 5776 3630 5832 hn-
