4084 6484
392 362 497 424 975

390 478 571 532 manis
611 495 626 532 :

393 586 588 624 eorum
626 572 942 625 memoriam
975 570 1072 624 tibi
1094 571 1271 626 tradat
1296 572 1542 639 oratio?)
1600 572 1788 632 Orate,
1820 587 1853 622 ο
1887 570 1981 624 lilii

393 672 448 715 ct
484 662 647 716 amici
675 671 730 717 et
750 662 987 725 viscera,
1014 678 1136 732 qua:
1168 664 1302 719 mihi
1331 680 1394 719 ex
1424 664 1682 721 omnibus
1710 664 1985 735 prazeipuc

394 755 529 809 estis
560 754 802 809 vicissim
834 754 1055 814 dilecta,
1105 764 1160 808 et
1206 755 1316 811 Deo
1346 757 1490 827 agite
1521 758 1752 827 gratias.
1787 757 1986 813 Nullus

395 857 574 900 autem
616 857 875 900 cernatur
901 862 968 900 ex
1003 846 1160 901 vobis
1189 862 1247 901 se
1289 862 1580 917 separasse
1607 848 1676 902 ab
1709 848 1980 904 Ecclesia.

396 936 508 1002 Ego
529 937 674 992 enim
699 937 811 1006 iam
839 936 1073 1001 delibor,
1094 946 1148 993 et
1176 938 1345 994 instat
1364 948 1577 1009 tempus
1609 955 1743 995 mea:
1774 941 1978 997 resolu~

398 1028 584 1083 tionis.
613 1027 850 1083 Satanas
878 1043 988 1083 non
1029 1028 1133 1084 fert
1157 1045 1309 1085 meas
1332 1030 1600 1087 adversus
1633 1031 1813 1102 ipsum
1854 1034 1989 1086 ora-

396 1120 596 1182 tiones,
616 1120 712 1176 sed
746 1137 814 1175 ne
836 1121 1240 1178 obliviscamini
1262 1138 1435 1179 sacrae
1461 1139 1593 1179 meae
1614 1124 1668 1178 in
1701 1140 1798 1179 vos
1826 1124 1993 1178 dilec-

398 1206 590 1260 tionis.
610 1205 746 1261 Cum
786 1208 901 1263 hare
931 1216 985 1264 et
1019 1209 1104 1264 his
1156 1211 1314 1280 longe
1353 1212 1517 1280 plura
1550 1212 1802 1281 dixisset,
1836 1213 1989 1284 (quid

399 1312 540 1367 opus
569 1296 756 1354 dicere
790 1307 845 1353 et
883 1299 1154 1371 lacrymas
1192 1313 1247 1357 et
1270 1303 1546 1370 dolorem,
1610 1306 1813 1377 quibus
1861 1314 1993 1362 sunt

403 1390 693 1461 repleti?)
722 1392 942 1447 tandem
986 1408 1180 1450 omnes
1209 1398 1554 1465 complexus,
1606 1400 1821 1469 regavit
1875 1416 1995 1455 om-

403 1498 524 1544 nes,
562 1490 620 1536 ut
650 1484 794 1538 irent
836 1484 889 1539 in
926 1486 1221 1541 concilium
1261 1505 1275 1543 :
1316 1490 1724 1547 malehatenim
1757 1490 1991 1549 iuortctn

403 1575 591 1628 subire
634 1574 839 1645 gladio,
892 1576 999 1631 hoc
1056 1577 1270 1632 lucrum
1318 1596 1441 1636 esse
1488 1583 1852 1646 existimans.
1896 1600 1995 1655 pro

408 1667 692 1720 communi
733 1667 977 1720 onmium
1016 1669 1315 1725 securitate
1358 1684 1413 1726 et
1464 1673 1678 1741 Salute;
1707 1682 1761 1729 et
1805 1691 1997 1732 rursus

406 1756 542 1809 dicit
584 1753 739 1811 :Vos
774 1771 969 1812 omnes
1023 1759 1398 1815 recordamini
1449 1765 1615 1818 vitam
1670 1776 1992 1834 praesentem

1668 367 1946 429 LEONl-S
1974 367 2439 430 PHILOSOPUI

676 475 730 546 (ο
775 462 1195 544 quomodolieri
1227 484 1428 548 potest,
1481 486 1541 531 ut
1572 478 1692 532 sine
1725 479 1983 548 lacrymis

2114 476 2156 529 ὦ
2187 478 2302 540 πῶς
2326 481 2353 531 6
2387 478 2544 544 λόγος
2574 476 2841 546 ἀδακρυτὶ
2880 476 2979 545 τὴν
3013 476 3218 531 τούτων
3249 479 3474 551 μνήμην
3504 480 3689 534 6:36:-

3591 352 3681 434 E76

2088 570 2306 639 6άσοι;)
2334 611 2347 635 ,
2386 569 2651 636 Εΰξασθε,
2688 572 2884 639 λέγων,
2918 566 2962 625 ὦ
3009 572 3176 624 τέκνα
3229 573 3322 625 καὶ
3371 574 3537 642 φίλοι,
3587 578 3677 629 καὶ

2089 662 2377 731 σπλάγχνα
2430 662 2499 716 τὰ
2540 662 2666 732 ἐμοὶ
2711 664 2932 717 πάντων
2980 663 3442 734 ἀντιποθούμενα,
3481 666 3576 719 καὶ
3603 665 3684 735 τῷ

2088 753 2208 824 Θεῷ
2249 753 2348 823 τὴν
2382 754 2741 823 εὐχαριστίαν
2792 752 3044 807 ἀπόδοτε’
3084 754 3274 824 μηδεὶς
3326 757 3384 809 δὲ
3438 756 3496 823 ἐξ
3527 757 3685 828 ὑμῶν

2089 848 2189 918 τῆς
2225 846 2556 917 Ἐκκλησίας
2597 846 2789 916 ὀφθείη
2848 845 3315 916 ἀνακεχωρηκώς.
3386 848 3528 917 Ἐγὼ
3577 850 3687 917 γὰρ

2091 940 2191 1011 ἥδη
2243 938 2574 1009 σπένδομαι,
2615 938 2712 991 καὶ
2756 939 2784 990 ὁ
2842 937 3034 1008 καιρὸς
3099 937 3370 1009 ὲφέστηκέ
3437 955 3540 1008 μου
3585 941 3687 1008 τῆς

2091 1028 2425 1092 ἀναλύσεως.
2482 1029 2543 1082 Ὀ
2589 1030 2835 1091 Σατανᾶς
2880 1028 2941 1081 ού
2985 1027 3141 1098 φέρει
3175 1029 3302 1091 τοὺς
3349 1029 3521 1098 ἐμοὺς
3565 1031 3688 1083 κατ’

2093 1119 2257 1173 αὑτοῦ
2292 1119 2517 1188 λόγους,
2555 1117 2689 1172 ἀλλὰ
2737 1120 2812 1190 μὴ
2858 1118 3193 1189 ὲπιλάθησθέ
3226 1137 3329 1188 μου
3381 1119 3484 1188 τῆς
3535 1121 3687 1190 ίερᾶς

2094 1212 2232 1283 πρὸς
2280 1212 2429 1281 ὑμᾶς
2480 1211 2839 1281 ἀγαπήσεως.
2892 1209 3080 1264 Ταῦτα
3135 1210 3228 1264 καὶ
3279 1210 3461 1279 πολλῷ
3513 1212 3689 1263 πλεέω

2094 1303 2300 1357 τούτων
2371 1302 2620 1366 εἰπόντος
2663 1301 2738 1371 (τί
2780 1301 3054 1370 διαλέγειν
3096 1302 3204 1354 τῶν
3252 1301 3542 1372 δακρύων,
3584 1301 3687 1368 τῆς

2095 1392 2270 1465 λύπης
2303 1387 2371 1465 ἦς
2408 1390 2845 1461 ὲπληρῶθησαν;
2868 1392 2910 1457 ),
2937 1392 3249 1444 τελευταῖον
3298 1392 3711 1461 ἀσπασάμενοςη

2097 1486 2379 1550 ἃπαντας,
2434 1484 2739 1556 παρεκάλει
2796 1483 3004 1546 πάντας
3045 1482 3456 1554 παραγενέσθαι
3497 1485 3575 1546 είς
3626 1484 3687 1535 τὸ

2100 1575 2379 1646 συνέδριον
2400 1591 2413 1604 ·
2461 1575 2646 1646 ᾑρεῖτο
2683 1572 2793 1644 γὰρ
2826 1573 2921 1627 καὶ
2963 1572 3056 1625 τὸν
3090 1571 3179 1626 διὰ
3220 1572 3409 1639 ξίφους
3437 1570 3687 1635 θάνατον,

2098 1666 2292 1736 κέρδος
2340 1663 2501 1718 τοῦτο
2564 1664 2906 1735 ἡγούμενος,
2962 1662 3106 1733 ὑπέρ
3155 1680 3220 1731 γε
3277 1662 3378 1733 τῆς
3430 1662 3692 1716 ἁπάντων

2098 1754 2400 1824 ἀσφαλείας
2445 1754 2540 1807 καὶ
2571 1754 2877 1824 σωτηρίας,
2919 1753 3015 1806 καὶ
3053 1750 3209 1816 αὖθίς
3249 1769 3418 1823 φησι·
3461 1753 3694 1824 Μνημο-

406 1862 531 1901 esse
561 1846 728 1912 viam,
759 1856 814 1903 et
847 1848 1086 1905 transire
1127 1866 1250 1920 quae
1281 1850 1335 1905 in
1367 1867 1428 1907 ea
1462 1864 1596 1909 sunt
1630 1831 1771 1909 bona
1799 1865 1853 1911 et
1881 1872 1997 1910 mo—

2114 1847 2285 1900 ιεύετε
2308 1848 2529 1901 πάντων
2558 1846 2739 1916 ὑμεῖς,
2760 1846 2788 1897 ὁ
2811 1845 3003 1916 παρὼν
3033 1845 3147 1916 βίος
3172 1845 3287 1908 ὁδός
3311 1847 3483 1909 ἐστιν,
3511 1842 3692 1911 ἔλεγε,

405 1936 713 2003 lcsta;nec
765 1937 869 1993 hoc
922 1940 1123 2004 solum,
1188 1941 1284 1996 sed
1321 1950 1406 1997 est
1462 1945 1626 1999 etiam
1685 1945 1992 2002 nundinae:

406 2028 644 2084 emimus
674 2029 882 2100 itaque,
909 2031 1221 2097 vendimus,
1245 2032 1609 2091 diversamur.
1643 2035 1782 2092 Num
1804 2053 2000 2096 sumus

410 2133 514 2172 nos
538 2118 794 2174 meliores
828 2120 1175 2189 patriarchis,
1205 2124 1509 2193 prophetis,
1554 2136 1648 2181 aut
1676 2131 1946 2199 apostolis
1972 2133 1994 2186 ἲ

407 2207 555 2263 Dicit
576 2209 624 2263 ei
659 2210 882 2281 quidam
905 2227 1030 2267 cum
1055 2214 1261 2283 eiulatu
1290 2234 1301 2269 :
1325 2216 1431 2271 Sed
1461 2218 1726 2276 dellemus
1753 2232 1999 2279 nostram

414 2301 737 2365 orbitatem,
786 2318 971 2358 rerum
1010 2304 1418 2374 confusionem,
1453 2320 1655 2366 statum
1713 2313 1998 2379 Ecclesiae,

412 2402 461 2447 et
496 2394 635 2449 alios
674 2394 937 2460 honores,
971 2397 1175 2465 quibus
1206 2398 1390 2456 aii‘ecti
1422 2415 1644 2467 sumus,
1682 2412 1737 2461 et
1769 2406 2005 2476 ignomi-

415 2486 535 2540 nias
597 2486 798 2556 quibus
856 2485 1182 2544 alliciemur.
1242 2490 1348 2547 Sed
1399 2509 1468 2548 ne
1512 2504 1748 2562 vestras,
1804 2499 2003 2568 inquit,

425 2574 724 2645 relinquite
775 2577 1065 2636 ecclesias.
1116 2577 1237 2635 Non
1285 2583 1431 2637 enim
1480 2594 1566 2641 est
1598 2600 1627 2639 a
1667 2602 1753 2642 me
1803 2590 2007 2657 princi-

419 2668 609 2734 pium;
645 2682 823 2736 neque
881 2670 948 2722 ad
995 2685 1083 2725 me
1126 2687 1302 2742 usque
1351 2682 1437 2729 est
1484 2676 1633 2732 linis.
1690 2676 1809 2734 Non
1857 2683 2004 2736 etaim

420 2767 547 2825 post
585 2757 791 2814 Mosem
832 2764 1076 2817 surrexit
1113 2763 1316 2822 Jesus?
1346 2766 1465 2822 Non
1519 2769 1625 2825 fuit
1667 2772 1837 2828 David
1882 2791 2009 2831 sne-

418 2864 605 2903 cessor
634 2848 906 2907 Samuelis
934 2854 956 2907 ἲ
989 2852 1241 2911 Jerernia:
1280 2855 1493 2915 Baruch
1521 2863 1544 2915 ἲ
1574 2861 1705 2919 Eliae
1730 2864 1963 2921 Elisteus
1988 2867 2011 2921 ?

419 2938 549 2993 Pust
589 2941 821 2997 Paulum
855 2954 1042 3002 autem
1075 2948 1246 3018 quis?
1275 2948 1392 3006 Non
1426 2951 1773 3023 Timotheus,
1822 2956 2006 3021 Titus,

418 3030 660 3100 Apollo?
688 3030 829 3111 Non
860 3036 956 3090 alii
1005 3036 1437 3099 innumerabiles
1466 3044 1490 3098 ?
1518 3046 1624 3100 Sed
1653 3048 1698 3101 si
1731 3056 2007 3115 tenemus,

2104 1941 2197 1993 καὶ
2225 1939 2292 1993 τὰ
2322 1940 2497 2008 τούτῳ
2543 1937 2756 2009 χρηστὰ
2792 1939 2882 1992 καὶ
2926 1938 3149 2008 λυπηρὰ
3200 1935 3595 2007 παροδεύεται·
3631 1937 3694 1989 οὐ

2107 2032 2268 2101 μόνον
2298 2032 2377 2095 δὲ,
2428 2031 2565 2087 ἀλλὰ
2593 2032 2686 2085 καὶ
2716 2032 3023 2103 πανήγυρις
3044 2047 3057 2060 ·
3093 2031 3275 2084 τοίνυν
3318 2031 3694 2100 ἡγοράσαμεν,

2105 2123 2471 2194 ὲπωλήσαμεν
2492 2164 2508 2189 ,
2554 2123 2919 2192 καταλύομεν.
2952 2123 3045 2193 Μὴ
3078 2123 3336 2193 ἀμείνους
3383 2124 3548 2193 ἡμεῖς
3587 2123 3697 2175 τῶν

2106 2212 2481 2285 πατριαρχῶν,
2520 2212 2631 2266 τῶν
2660 2212 2979 2283 προφητῶν,
3017 2212 3129 2265 τῶν
3153 2211 3502 2277 ἀποστόλων;
3529 2211 3698 2279 Λέγει

2107 2324 2192 2370 τις
2230 2305 2289 2369 ἐξ
2337 2304 2522 2358 αὐτῶν
2561 2304 2696 2374 πρὸς
2727 2303 2926 2368 αὐτὸν,
2969 2302 3269 2372 ὀλοφυρμῷ
3302 2302 3697 2372 συνεχόμενος·

2120 2396 2283 2449 Ἀλλά
2323 2395 2615 2466 θρηνῶμεν
2647 2394 2746 2463 τὴν
2776 2393 2934 2464 ἡμῶν
2961 2393 3229 2464 ὀρφανίαν
3249 2433 3263 2457 ,
3293 2393 3394 2462 τὴν
3437 2391 3702 2460 σύγχυσιν

2109 2487 2216 2541 τῶν
2252 2488 2594 2557 πραγμάτων
2616 2529 2629 2551 ,
2658 2486 2757 2557 τὴν
2784 2486 2974 2539 στάσιν
3004 2488 3102 2555 τῆς
3141 2484 3495 2554 Ἐκκλησίας,
3531 2484 3700 2537 τᾶλλα

2110 2574 2191 2642 οἷς
2214 2577 2567 2649 ὲτιμῶμεθα,
2601 2578 2696 2630 καὶ
2726 2573 2807 2641 οἷς
2843 2576 3359 2647 ἀτιμασοησόμεθα.
3409 2574 3571 2629 Ἀλλὰ
3604 2576 3700 2637 τὰς

2114 2669 2233 2724 καθ’
2276 2670 2421 2739 ὑμᾶς
2464 2670 2538 2739 μὴ
2573 2669 2974 2739 καταλείπητε,
3027 2668 3220 2739 φησὶν,
3258 2668 3594 2736 ἐκκλησίαςο
3641 2669 3702 2719 οὐ

2113 2762 2221 2834 γὰρ
2256 2762 2350 2816 ἀπ’
2379 2761 2517 2833 ἐμοῦ
2546 2764 2578 2832 ἡ
2612 2762 2779 2833 ἀρχὴ,
2808 2762 2918 2814 οὐδ’
2948 2761 3054 2825 ἓως
3087 2761 3222 2830 ἐμοῦ
3252 2760 3425 2823 τέλος.
3466 2760 3557 2830 Μὴ
3593 2759 3704 2828 γὰρ

2118 2854 2257 2925 μετὰ
2300 2855 2541 2922 Μωῦσῆν
2578 2854 2678 2906 οὐκ
2702 2854 2902 2922 ἀνέστη
2951 2852 3192 2923 Ἰησοῦςς
3224 2852 3284 2905 οὐ
3314 2851 3560 2921 διάδοχος
3592 2852 3701 2904 Σα-

2118 2946 2334 3017 μουὴλὸ
2353 2946 2588 3017 Δα6“ιδ,ἣ
2622 2944 2889 3016 Ἱερεμίου
2914 2945 3149 3017 Βαροὺχ,
3184 2944 3370 2999 Ἥλιοῦ
3400 2943 3705 3006 Ἐλισαῖοςς

2118 3037 2259 3107 μετὰ
2291 3036 2500 3090 Παῦλον
2524 3035 2581 3089 δὲ
2605 3036 2723 3100 τίς;
2751 3036 2813 3089 οὑ
2848 3036 3139 3106 Τιμόθεος,
3172 3036 3351 3100 Τίτος,
3397 3032 3705 3100 Ἀπολλὼςς

420 3119 555 3173 dicit
604 3122 901 3193 quispiam,
968 3138 1187 3183 nostras
1245 3133 1530 3198 ecclesias,
1590 3139 1814 3194 omnino
1858 3156 2007 3195 (οω-

2115 3130 2176 3182 οὐ
2211 3130 2434 3201 μυρίοι;
2476 3129 2618 3182 Ἂλλ⁹
2650 3132 2698 3183 εί
2731 3129 3065 3200 κατέχομεν,
3126 3128 3231 3199 ἔφη
3260 3145 3344 3191 τις
3365 3169 3379 3192 ,
3416 3129 3516 3190 τὰς
3549 3126 3707 3197 ἡμῶν

422 3212 704 3267 municare
760 3228 982 3270 necesse
1052 3227 1136 3273 est
1185 3229 1239 3275 et
1286 3222 1651 3283 subscribere.
1684 3228 2008 3286 Communi-

423 3314 584 3369 cate,
640 3305 847 3375 inquit,
922 3316 981 3362 ut
1034 3326 1141 3365 non
1204 3315 1558 3382 perturbetur
1611 3335 1789 3391 neque
1867 3323 2013 3377 scin—

424 3392 586 3445 datur
613 3392 853 3448 Ecclesia
887 3396 1021 3451 :sed
1046 3414 1112 3452 ne
1138 3401 1525 3461 subscribatis.
1559 3407 1845 3470 Quomodo
1906 3409 2013 3466 huc

427 3483 592 3552 iubes
622 3485 956 3556 ?Quoniam,
1009 3490 1213 3562 inquit,
1256 3495 1464 3552 nullius
1515 3500 1647 3554 mihi
1680 3502 1852 3572 culpae
1891 3520 2013 3560 sum

427 3579 707 3641 conscius,
741 3593 965 3651 propter
993 3600 1159 3655 quam
1193 3586 1460 3658 deponar.
1492 3590 1586 3648 llis
1613 3610 1828 3650 sacram
1867 3598 2014 3653 illam

426 3670 644 3725 turbam
719 3689 953 3745 magnus
1027 3679 1176 3734 inter
1250 3685 1599 3752 patriarchas
1664 3691 2019 3747 conﬁrmavit

427 3760 886 3831 Chrysostomus.

496 3858 596 3912 25.
634 3857 754 3914 Jam
793 3864 1115 3931 concilium,
1150 3869 1295 3938 quod
1329 3878 1480 3925 extra
1520 3872 1707 3929 urbem
1748 3875 1800 3930 in
1837 3876 2017 3932 [inlini

429 3952 652 4016 praediis
680 3952 865 4007 inania
903 3956 958 4010 in
1010 3974 1135 4013 eum
1168 3967 1460 4027 statuerat,
1486 3971 1718 4022 arcessit
1743 3986 1890 4035 eum,
1930 3987 2019 4026 re-

428 4060 762 4114 sponsurum
790 4049 858 4103 iis
884 4066 1121 4120 quorum
1155 4056 1540 4113 accusabatur.
1575 4058 1710 4125 Quae
1759 4072 1940 4118 autem
1969 4064 2017 4118 ei

429 4126 738 4207 signiﬁcata
764 4149 915 4206 sunt,
937 4153 1097 4198 erant
1126 4144 1444 4215 huiusmodi
1478 4167 1491 4203 :
1525 4148 1729 4206 Sancta
1776 4156 2022 4224 synodus

429 4240 783 4299 congregata,
825 4229 1025 4288 Juanni
1066 4254 1079 4289 :
1118 4234 1355 4294 Libellos
1393 4249 1585 4295 contra
1609 4250 1662 4297 te
1682 4246 2019 4314 accepimus,

432 4319 624 4386 plenos
646 4320 805 4375 malis
824 4322 1347 4384 innumerabilibus.
1369 4328 1502 4385 Veni
1527 4347 1661 4404 ergo
1685 4335 1768 4389 eis
1789 4351 2016 4407 respon-

434 4412 735 4468 surusJiis
752 4413 929 4478 lectis,
949 4416 1060 4472 haec
1073 4420 1509 4480 scribitsanctus
1530 4424 1857 4482 :Ecclesiam
1890 4445 2022 4500 pro-

2118 3224 2448 3293 ἐκκλησίας,
2500 3222 2596 3277 καὶ
2654 3224 2987 3293 κοινωνῆσαι
3034 3223 3129 3275 καὶ
3181 3221 3497 3293 ὑπογράψαι
3556 3222 3706 3275 πᾶσα

2117 3317 2355 3385 ἀνάγκη.
2406 3316 2786 3387 Κοινωνήσατε
2840 3316 2930 3369 διὰ
2961 3315 3022 3368 τὸ
3064 3315 3375 3385 ἀτάραχον,
3428 3314 3533 3383 ἔφη
3559 3353 3572 3375 ,
3608 3314 3710 3383 τῆς

2132 3406 2459 3477 Ἐκκλησίας
2479 3407 2572 3460 καὶ
2596 3408 2961 3476 ἀδιάσχιστον’
2985 3406 3060 3477 μὴ
3085 3407 3438 3477 ὑπογράφητε
3463 3407 3540 3459 δέ.
3563 3406 3707 3468 Πῶς,

2120 3498 2243 3552 τίνα
2288 3499 2531 3562 κελεύεις
2578 3499 2820 3569 τρόπον;
2871 3499 3029 3562 Ὅτι,
3087 3498 3225 3568 ἔφη,
3253 3498 3362 3551 τῶν
3393 3499 3472 3561 είς
3515 3497 3713 3550 καθαί-

2122 3608 2270 3661 ρεσιν
2315 3591 2658 3661 αἰτιαμάτων
2692 3592 2843 3645 οὐδὲν
2884 3589 3109 3659 ἐμαυτῷ
3154 3589 3391 3642 σύνοιδα.
3427 3588 3704 3651 Τοιούτοις

2123 3686 2217 3739 τὸν
2273 3686 2418 3758 ἱερὸν
2468 3688 2678 3740 ἐκεῖνον
2719 3687 2908 3757 ὅμιλον
2950 3689 2978 3740 6
3016 3688 3188 3756 μέγας
3224 3686 3280 3739 ἐν
3334 3685 3710 3755 πατριάρχαις

2122 3779 2510 3850 κατοχυρώσας
2538 3780 2942 3850 Χρυσόστομος.

2196 3878 2301 3939 κγ’.
2342 3871 2477 3942 Ἤδη
2539 3872 2602 3925 τὸ
2652 3872 2928 3941 συνέδριον
2965 3870 3071 3936 ἔξω
3122 3874 3217 3942 τῆς
3258 3873 3463 3935 πόλεως
3508 3874 3566 3925 ἐν
3600 3874 3713 3933 τοῖς

2132 3962 2388 4032 Ῥυφίνου
2440 3964 2510 4017 τὰ
2562 3965 2686 4018 κατ’
2742 3966 2912 4019 αὑτοῦ
2969 3965 3105 4019 κενὰ
3152 3964 3710 4033 διαϐουλευσάμενον,

2127 4058 2516 4130 μετακαλεῖται
2547 4057 2737 4111 τοῦτον
2786 4058 2877 4109 τὸν
2917 4057 3107 4126 ἆγιον,
3157 4056 3714 4128 ἀπολογηθησόμενον

2122 4145 2203 4214 οἷς
2243 4149 2676 4204 ὲνδιαϐάλλεται.
2705 4145 2814 4202 Ἦν
2839 4149 2895 4202 δὲ
2931 4148 3002 4201 τὰ
3041 4149 3354 4220 δηλωθέντα
3384 4148 3559 4203 τοιάδε
3584 4164 3598 4176 ⁸
3646 4149 3708 4201 ῚΙ

2126 4242 2343 4304 σύνοδος
2370 4244 2401 4313 ἡ
2425 4241 2560 4310 ἁγία
2580 4241 2933 4312 συναχθεῖσα,
2961 4240 3041 4312 τῷ
3077 4242 3299 4315 Ἰωάννῃ
3325 4241 3450 4296 τάδε
3470 4257 3484 4271 ·
3523 4238 3712 4292 A1637.-

2123 4333 2249 4395 λους
2285 4332 2585 4404 ἐδεξάμεθα
2624 4334 2769 4388 κατὰ
2801 4334 2932 4400 σοῦ,
2974 4334 3199 4404 πλήρεις
3241 4332 3450 4405 μυρίων
3500 4330 3711 4385 κακῶν.

2139 4423 2291 4476 Ἐλθὲ
2330 4426 2510 4476 τοίνυν
2555 4425 2891 4495 ἀπαντήσων
2926 4425 3061 4495 πρὸς
3098 4426 3168 4480 τὰ
3203 4426 3457 4480 τοιαῦτα.
3493 4423 3714 4478 Τούτων

434 4511 553 4571 pter
580 4518 745 4572 quam
772 4504 914 4564 Deus
939 4506 1175 4565 Verbum
1197 4511 1400 4568 factum
1428 4526 1533 4582 est,
1557 4534 1624 4572 ne
1649 4518 1892 4583 scindas.
1922 4535 2007 4576 net

2124 4517 2608 4584 ἀναγνωσθέντων,
2631 4518 3028 4590 ἅντιγράφουσι
3061 4520 3163 4590 μὲν
3191 4520 3242 4572 οἱ
3275 4518 3405 4587 περὶ
3438 4516 3531 4571 τὸν
3555 4515 3711 4585 ἅγιον

434 4596 728 4665 dissolvas,
764 4614 941 4669 nequc
964 4610 1115 4656 extra
1138 4606 1405 4662 terminos
1432 4608 1672 4676 iudices,
1710 4628 2017 4683 repugnans

433 4689 695 4746 trecentis
747 4699 802 4747 ct
861 4694 1170 4750 octodecim
1233 4698 1522 4763 l‘atribus,
1569 4711 1623 4756 ct
1676 4719 1744 4759 ne
1770 4706 1923 4770 Abel,
1963 4716 2023 4759 ut

435 4778 593 4845 Cain,
626 4782 816 4838 dolose
839 4784 894 4839 in
926 4801 1117 4855 agrum
1143 4787 1418 4858 advoces;
1448 4795 1544 4846 sed
1578 4800 1633 4845 tu
1670 4795 1789 4848 veni
1815 4797 2019 4866 potius.

437 4872 796 4943 Septuaginta
821 4878 967 4931 enim
1001 4878 1181 4948 capita
1212 4890 1401 4950 aperte
1451 4883 1760 4951 continent,
1801 4887 1891 4956 qui
1924 4889 2023 4941 ad-

435 4981 629 5022 versus
661 4976 713 5023 te
738 4969 929 5039 scripti
960 4981 1089 5026 sunt
1121 4972 1313 5027 libelli.
1358 4971 1566 5031 Sumus
1607 4984 1788 5031 autem
1826 4994 1925 5033 nos
1956 4995 2022 5033 ex

436 5057 673 5112 diversis
706 5067 761 5113 et
790 5061 999 5129 plures,
1056 5063 1150 5120 Dei
1208 5067 1409 5136 gratia.
1453 5067 1518 5121 Et
1545 5078 1604 5122 ut
1665 5084 1788 5139 quae
1833 5078 2022 5141 postea

438 5151 816 5221 sequebantur
868 5154 921 5209 in
976 5171 1150 5224 pauca
1213 5160 1568 5224 contraham,
1630 5177 1754 5216 cum
1804 5164 2024 5233 sapiens

436 5244 684 5313 pontifex
722 5254 983 5315 praetcrea
1018 5250 1338 5318 scripsisset
1371 5261 1425 5307 et
1454 5253 1788 5308 ostendisset
1814 5256 2021 5309 nullam

436 5356 560 5397 esse
589 5357 779 5397 eorum
812 5358 935 5409 qua:
990 5343 1059 5397 ab
1090 5343 1225 5413 ipsis
1271 5344 1498 5411 fiebant,
1548 5350 2026 5417 consequentiam,

437 5434 641 5502 optime
675 5442 731 5488 et
769 5433 1084 5503 iustissime
1115 5452 1213 5494 eos
1242 5439 1542 5509 repellebat
1583 5441 2021 5510 prmscriptione,

438 5536 637 5593 eptans
676 5538 734 5583 ut
763 5528 817 5583 in
849 5544 910 5585 se
954 5530 1110 5585 ﬁeret
1141 5532 1329 5602 potius
1359 5534 1705 5587 oeenmenica
1752 5531 2022 5605 synodus.

444 5613 571 5670 Haec
599 5633 724 5672 cum
771 5622 1080 5691 accepisset
1124 5630 1179 5678 et
1222 5622 1513 5679 didicisset
1548 5625 1846 5680 concilium
1894 5623 2027 5678 illud

448 5719 542 5769 per
576 5708 885 5776 lectionem,
919 5714 1139 5769 irruunt
1172 5722 1437 5785 tanquam
1473 5715 1703 5781 leones;
1755 5727 1809 5770 et
1853 5732 1919 5770 ex
1962 5716 2028 5769 iis

448 5797 543 5863 qui
577 5796 729 5853 missi
757 5800 994 5866 fuerant.
1024 5806 1191 5860 alium
1223 5806 1445 5877 quidem
1468 5808 1810 5872 ceciderunt,
1861 5809 2026 5862 alium

451 5902 585 5944 vero
618 5892 1173 5964 comprehenderunt,
1222 5900 1389 5957 alium
1450 5908 1633 5958 autem
1670 5901 2026 5974 coniecerunt

2125 4605 2321 4658 ταῦτα’
2355 4606 2465 4677 Τὴν
2506 4604 2854 4677 Ἐκκλησίαν,
2884 4608 2950 4661 δι’
2992 4610 3057 4678 ἣν
3086 4610 3113 4661 6
3137 4608 3271 4671 Θεὸς
3293 4609 3466 4675 Λόγος
3499 4606 3716 4676 ἐγένετο

2128 4696 2286 4766 σὰρξ.
2335 4697 2410 4767 μὴ
2438 4698 2610 4767 σχίζε,
2662 4700 2797 4769 μηδὲ
2826 4700 3085 4764 κατάλυε,
3123 4700 3264 4770 μήτε
3303 4697 3410 4770 μὴν
3440 4698 3717 4770 περιόριον

2126 4792 2281 4861 κρίνε
2316 4794 2410 4846 καὶ
2442 4793 2668 4856 δίκαζε.
2714 4792 2848 4847 δέκα
2894 4794 2987 4846 καὶ
3032 4792 3178 4846 ὀκτὼ
3217 4793 3313 4846 καὶ
3374 4791 3714 4862 τριακοσίοις

2128 4884 2408 4953 Πατράσιν
2444 4883 2875 4955 ἐναντιούμενος,
2908 4885 3002 4937 καὶ
3031 4884 3107 4955 μὴ
3134 4884 3225 4938 τὸν
3267 4882 3435 4936 Ἅϐελ
3466 4896 3721 4954 προσκαο·

2126 4978 2221 5032 λοῦ
2253 4978 2443 5041 δολίως
2475 4978 2555 5041 εἰς
2594 4978 2657 5031 τὸ
2703 4978 2922 5031 πεδίονο
2967 4978 3083 5031 ἀλλ’
3124 4977 3245 5031 ἐλθὲ
3280 4976 3484 5047 μᾶλλον
3526 4976 3712 5041 αὐτός.

2130 5071 2240 5125 Καὶ
2264 5071 2369 5141 γὰρ
2404 5069 2723 5139 κεφαλαίοις
2763 5068 3142 5141 ἑϐδομήκοντα
3181 5069 3231 5122 οί
3260 5068 3405 5122 κατὰ
3436 5067 3533 5120 σοῦ
3578 5085 3715 5139 προ-

2127 5162 2300 5232 δήλως
2338 5162 2831 5233 περιστοιχίζονται
2863 5160 3129 5223 λίὸελλοι,
3166 5162 3261 5214 καὶ
3297 5160 3377 5213 ἔτι
3417 5161 3481 5213 ἐκ
3524 5159 3714 5227 διαφό-

2130 5272 2240 5325 ρων
2274 5255 2458 5324 ἡμεῖς,
2510 5256 2607 5307 καὶ
2652 5254 2895 5316 πλείονες
2939 5254 3038 5307 σὺν
3084 5254 3224 5323 Θεῷ.
3260 5255 3370 5308 Καὶ
3399 5253 3485 5305 ἵνα
3526 5253 3595 5305 τὰ
3623 5253 3715 5305 ἐπὶ

2128 5347 2336 5408 τούτοις
2383 5346 2655 5416 συντέμω,
2685 5348 2779 5398 καὶ
2815 5347 2844 5398 6
2887 5346 3049 5415 σοφὸς
3102 5345 3398 5417 ἀρχιερεὺς
3436 5343 3518 5398 ἔτι
3558 5342 3716 5411 λογο-

2130 5440 2426 5509 γραφήσας
2446 5439 2506 5490 τὸ
2522 5437 2887 5491 ἀνακόλουθον
2904 5438 3013 5491 τῶν
3030 5438 3260 5501 ἐκείνοις
3284 5434 3713 5506 πεπραγμένων,

2131 5529 2327 5601 ἄριστά
2364 5546 2424 5581 τε
2454 5532 2547 5584 καὶ
2576 5529 2893 5584 δικαιότατα
2928 5530 3319 5601 παρεγράφετο
3344 5528 3580 5590 τούτοις,
3617 5527 3716 5595 τὴν

2132 5626 2252 5678 κατ’
2291 5623 2459 5678 αὐτοῦ
2500 5623 2718 5677 σύνοδον
2762 5623 3149 5695 οἱκουμενικὴν
3199 5621 3454 5690 γενέσθαι
3517 5620 3716 5691 μᾶλλον

2132 5717 2442 5787 εὐχόμενος.
2484 5715 2670 5769 Ταῦτα
2702 5715 2996 5786 δεξάμενον
3029 5717 3124 5768 καὶ
3156 5713 3438 5783 ἁναμαθὺν
3481 5714 3542 5767 τὸ
3589 5730 3716 5765 συν·-

2135 5810 2309 5879 έδριον
2334 5810 2510 5861 ἐκεῖνο
2540 5809 2626 5861 διὰ
2662 5808 2760 5876 τῆς
2790 5806 3174 5874 ἀναγνώσεως,
3205 5805 3419 5876 ὁρμῶσι
3465 5804 3714 5873 καθάπερ

2137 5903 2367 5972 λέοντες,
2405 5901 2494 5955 καὶ
2548 5900 2653 5955 τῶν
2702 5898 3118 5955 ἀποσταλέντων
3149 5898 3208 5953 ὃν
3257 5898 3356 5969 μὲν
3389 5896 3623 5966 ἔδειραν,
3659 5893 3718 5949 ὃν
