4084 6468
267 416 372 481 2'77

919 409 1203 470 ORATIO
1225 407 1448 470 XVIII.
1482 431 1554 445 —
1590 408 1978 470 LAUDATIO
2013 410 2075 469 S.
2116 409 2358 471 JOANN
2367 410 2437 470 IS
2458 409 2866 472 CIIRYSOST.

3439 411 3548 476 278

265 537 321 590 δέ
381 528 770 602 περιέσχισαν,
820 526 880 577 ὃν
931 527 988 580 δὲ
1036 525 1377 596 ἐσιδήρωσαν
1433 524 1706 596 σιδήροις,
1760 523 1854 588 οὓς

1973 541 2015 578 in
2081 526 2295 582 vincula
2326 534 2380 580 et
2413 525 2621 581 I'erreos
2651 529 2967 594 compedes,
2991 542 3130 594 quos
3167 527 3240 582 illi
3275 525 3555 582 bacchan-

267 624 810 698 κορυϐαντιάσαντες
850 620 930 692 τῷ
965 619 1184 689 ποιμένι
1245 621 1747 690 παρεσκευάσαντο.
1791 619 1858 674 Τί

265 719 359 773 οὖν
392 717 475 770 ἐτι
516 715 652 785 πρὸς
697 711 912 776 τούτοις
956 711 1193 783 δρῷσιν;
1239 711 1573 783 Ἀραχνείων
1596 712 1858 782 νημάτων

266 808 686 882 ἀδρανεστέρας
742 801 1142 874 συγγράμμασι
1198 803 1752 875 καταψηφισάμενοι,
1798 803 1857 856 δν

267 903 388 955 οὔτε
416 897 586 964 εἶδον,
625 899 720 953 καὶ
757 891 818 952 οὗ
857 898 1043 967 φωνῆς
1072 897 1175 950 οὑκ
1205 897 1468 966 ἥκουσαν,
1499 895 1858 968 καθαιροῦσιν

270 991 569 1063 ἀρχιερέα,
617 990 713 1043 καὶ
763 987 937 1042 ταῦτα
981 985 1060 1057 τῷ
1111 986 1326 1056 βασιλεῖ
1376 986 1736 1060 ἀναφέρουσι.
1790 985 1858 1041 Τί

270 1085 558 1154 λέγοντεςς
589 1081 714 1136 Ὅτι
735 1079 811 1150 μὴ
827 1078 1200 1150 τολμήσαντος
1227 1077 1394 1130 αὑτοῦ
1428 1075 1856 1149 παραγενέσθαι,

279 1180 365 1232 διά
413 1177 471 1230 τὺ
525 1172 929 1242 συγγινώσκειν
956 1168 1026 1222 τὰ
1055 1165 1255 1222 ἑαυτοῦ
1281 1208 1296 1234 ,
1327 1167 1389 1221 τὸ
1435 1166 1493 1221 δέ
1521 1166 1765 1222 τοιοῦτον
1807 1169 1857 1221 οἱ

283 1272 428 1338 νόμοι
477 1262 828 1336 καθαιροῦσι,
879 1261 1042 1316 τοῦτο
1091 1261 1162 1334 δὴ
1205 1262 1304 1314 καὶ
1355 1261 1567 1332 ὑπέστη
1594 1278 1609 1293 ο
1661 1262 1758 1315 καὶ
1792 1260 1858 1332 δὴ

280 1356 523 1412 κελεύσει
570 1353 666 1408 τοῦ
704 1354 975 1425 ὑμετέρου
1013 1352 1252 1421 κράτους
1291 1352 1386 1407 καὶ
1432 1351 1584 1406 ἄκων
1615 1351 1858 1424 ἐξοριζέ-

277 1451 424 1516 σθω,
481 1449 578 1503 καὶ
629 1448 786 1511 δίκας
845 1445 1036 1500 διδότω
1092 1445 1178 1514 ἐφ’
1223 1437 1306 1508 οἷς
1356 1443 1703 1516 λελοιδόρηκε
1757 1443 1858 1515 τὴν

275 1542 566 1611 βασιλίδα,
607 1539 779 1594 εἰπὼν
828 1539 1002 1608 αὐτὴν
1069 1536 1349 1604 Ἰεζάϐελ,
1403 1538 1501 1591 καὶ
1541 1535 1718 1608 τούτῳ
1765 1535 1858 1590 τοῦ

272 1636 504 1688 θανάτου
532 1634 645 1695 τοῖς
667 1633 955 1702 φονευταῖς
979 1629 1444 1700 ἐπισπευδομένου
1470 1628 1559 1682 διὰ
1579 1627 1638 1682 τὸ
1658 1628 1861 1699 δύσφη-

272 1742 397 1796 μον.
454 1722 711 1778 Πιστεύει
762 1722 944 1776 τοίνυν
989 1721 1020 1775 6
1059 1719 1336 1792 βασιλεὺς,
1387 1716 1584 1793 οἷάπερ
1621 1721 1860 1793 ἱερεῦσιν

269 1817 459 1880 αὑτοῖς
480 1832 494 1846 ο
541 1815 638 1869 καὶ
686 1812 1062 1880 ἀνεξετάστως
1110 1813 1512 1884 στρατιωτικῆς
1557 1813 1860 1884 ἀποστολῆς

271 1906 632 1979 βαρϐαρικῶς
685 1903 1144 1975 παραταγείσης,
1184 1886 1533 1973 ἐξορισθῆναι
1581 1905 1674 1959 τὸν
1709 1905 1863 1972 ἀγιον

274 1994 517 2054 κελεύει.
548 1999 734 2066 Ἔγνω
759 1996 851 2052 οὖν
879 1996 939 2050 τὸ
972 1995 1175 2066 πιστὸν,
1194 1996 1398 2066 πλῆθος
1423 1995 1598 2052 ταῦτα
1619 2015 1632 2028 ·
1662 1997 1757 2053 καὶ
1793 1997 1869 2069 τῷ

267 2093 451 2156 ζέοντι
514 2091 610 2144 καὶ
663 2089 911 2163 περιόντι
967 2090 1070 2160 τῆς
1125 2087 1400 2153 πίστεως,
1456 2089 1548 2142 τὸν
1588 2087 1859 2159 βασίλειον

269 2185 438 2254 φόϐον
478 2185 822 2252 νικήσαντες,
876 2181 971 2234 καὶ
1001 2180 1152 2234 κάτω
1194 2179 1415 2243 θέντες,
1467 2179 1612 2233 κατὰ
1662 2179 1865 2250 κράτος

267 2277 636 2345 ἀντέστησαν.
689 2271 861 2326 Τοῦτο
893 2270 987 2325 οὖν
1019 2269 1246 2324 συνιδὼν
1275 2273 1304 2324 6
1349 2271 1444 2325 τοῦ
1483 2270 1620 2325 Θεοῦ
1654 2272 1866 2342 ἀνθρω-

274 2383 408 2427 me,
445 2366 540 2417 καὶ
573 2362 673 2428 τὰς
713 2365 778 2417 ἐκ
833 2361 929 2416 τοῦ
983 2363 1314 2432 πράγματος
1356 2360 1562 2431 βλάϐας
1595 2363 1690 2416 καὶ
1739 2365 1864 2426 τοὺς

271 2456 555 2520 κινδύνους
586 2454 1004 2526 άποσκοπήσας,
1034 2452 1289 2507 λανθάνει
1316 2453 1526 2516 πάντας
1556 2468 1570 2483 °
1601 2455 1695 2507 καὶ
1728 2457 1863 2524 πρὸς

271 2550 376 2619 τὴν
405 2549 622 2618 σφαγὴν
657 2547 822 2619 (οὑτω
861 2548 970 2617 γὰρ
1003 2545 1118 2615 ἐγὼ
1157 2546 1310 2601 καλῶ
1349 2545 1449 2618 τὴν
1481 2547 1705 2600 ἐκείνων
1738 2549 1861 2616 βουο

273 2639 374 2710 λῆν
399 2639 494 2693 καὶ
523 2637 720 2710 ὁρμὴν,
758 2633 915 2708 οἶμαι
941 2638 998 2698 δὲ
1033 2637 1130 2692 καὶ
1170 2638 1368 2710 ὑμεῖς)
1410 2639 1544 2692 ὡσεὶ
1590 2641 1863 2710 πρόϐατον

276 2729 562 2799 ἐθελοντὴς
638 2730 1027 2800 παραγίνεται.
1095 2728 1270 2782 Τοῦτο
1337 2729 1394 2782 δέ
1473 2730 1863 2798 συλλαϐόντες,

279 2822 440 2892 μέχρι
499 2821 600 2889 τῆς
643 2820 1006 2892 Προποντίδος
1062 2820 1318 2886 Εὐξείνου
1369 2822 1506 2884 τέως
1559 2821 1863 2888 ἐξέλκουσι.

275 2913 432 2966 Μετά
477 2911 651 2966 ταῦτα
705 2912 792 2976 τίς
830 2912 1325 2982 Μεταμεληθέντες
1371 2914 1515 2977 τινὲς
1552 2913 1612 2979 ἐξ
1647 2915 1862 2980 αὐτῶν,

282 3003 784 3074 σεσυκοφαντῆσθαι
822 3002 916 3056 τόν
962 3003 1216 3075 Ἰωάννην
1246 3005 1340 3058 καὶ
1362 3004 1654 3075 ἠδικῆσθαι
1690 3024 1864 3078 προσ·

281 3093 497 3158 ελεγον·
549 3096 640 3146 καὶ
689 3093 850 3147 τοῦτο
878 3095 979 3148 οὑκ
999 3089 1067 3166 ἦν
1096 3097 1209 3159 τοῖς
1238 3093 1456 3160 πολλοῖς
1477 3095 1566 3150 διὰ
1591 3097 1826 3160 πίστεως
1847 3113 1861 3128 ο

1961 625 2044 673 tes
2068 617 2277 690 pastori
2304 626 2652 691 paraverant.
2689 615 2830 684 Quid
2853 632 2984 688 ergo
3012 627 3133 688 post
3164 618 3279 675 hac
3304 621 3506 675 faciunt
3533 620 3558 674 τ

1959 707 2098 762 Cum
2133 723 2462 764 aranearum
2505 708 2630 764 telis
2653 707 3111 763 imbecillioribus
3159 710 3380 778 scriptis
3423 725 3550 765 eum

1960 797 2496 869 damnassent,quem
2519 814 2697 870 neque
2715 797 2960 854 viderant
2976 815 3152 868 neque
3179 800 3344 870 hujus
3364 817 3552 857 vocem

1960 891 2306 959 audiverant,
2347 891 2631 962 deponunt
2650 891 2985 962 pontiﬁcem,
3009 901 3062 946 et
3081 892 3195 947 haec
3213 893 3460 948 referunt
3482 895 3551 950 ad

1960 984 2364 1054 imperatorem.
2388 984 2533 1051 Quid
2549 984 2835 1041 dicentes?
2859 983 3019 1052 Quod
3079 1000 3206 1040 cum
3247 1001 3356 1041 non
3381 1003 3553 1043 ausus

1959 1087 2105 1136 esset
2119 1080 2401 1148 accedere,
2418 1080 2565 1150 quod
2592 1091 2736 1137 esset
2757 1082 2864 1138 sibi
2882 1084 3180 1152 conscius;
3206 1099 3332 1139 eum
3369 1095 3550 1140 autem

1961 1170 2106 1240 leges
2131 1170 2438 1240 deponant;
2461 1172 2564 1226 hoc
2577 1172 2744 1228 etiam
2769 1173 3054 1229 sustinuit.
3099 1173 3266 1231 Iussu
3293 1191 3424 1246 ergo
3455 1192 3551 1231 ve-

1958 1267 2090 1316 stra
2134 1262 2414 1332 potentiae,
2459 1261 2702 1328 aiebant,
2722 1263 2806 1319 vel
2826 1263 3029 1319 invitus
3061 1266 3354 1334 relegetur,
3370 1275 3424 1321 et
3462 1269 3555 1323 det

1961 1367 2158 1425 peltas
2182 1353 2333 1425 quod
2360 1354 2666 1410 maledictis
2691 1356 3000 1412 insectatus
3021 1357 3093 1412 sit
3139 1357 3550 1426 itnperatrirem

1958 1459 2079 1501 eam
2112 1445 2303 1502 dicens
2323 1443 2566 1510 Iezabel,
2589 1447 2671 1501 vel
2698 1447 2753 1500 in
2802 1462 2870 1502 eo
2897 1455 3073 1502 morte
3097 1449 3166 1502 ab
3198 1448 3553 1504 occisoribus

1961 1536 2263 1593 accelerata
2318 1547 2542 1609 propter
2582 1537 2730 1594 verbi
2782 1539 3157 1608 asperitatem.
3217 1537 3308 1592 Eis
3370 1538 3555 1608 itaque

1960 1631 2136 1684 credit
2163 1629 2463 1700 imperator
2487 1639 2751 1700 tanquam
2809 1630 3217 1697 sacerdotibus,
3244 1638 3299 1685 et
3346 1629 3556 1700 absque

1963 1724 2070 1780 ulla
2099 1724 2528 1787 examinatione.
2554 1723 2721 1778 missa
2747 1732 2912 1777 manu
2944 1724 3191 1788 militari,
3225 1722 3382 1792 jubet
3423 1739 3554 1777 san—

1967 1828 2113 1873 ctum
2151 1815 2413 1887 relegari.
2454 1816 2580 1871 Haec
2605 1816 2865 1888 cognovit
2914 1815 3091 1871 ﬁdelis
3126 1815 3314 1886 populi
3363 1815 3552 1870 multi-

1976 1909 2132 1974 tudo,
2166 1906 2401 1978 ﬁdeique
2437 1907 2651 1962 fervore
2679 1914 2735 1962 et
2765 1905 3062 1961 abundatia
3092 1906 3236 1960 victo
3259 1912 3314 1960 et
3345 1904 3556 1976 deiecto

1976 2007 2123 2054 metu
2155 1998 2527 2068 imperatoris,
2557 1998 2608 2050 vi
2633 1997 2980 2053 restiterunt.
3031 1994 3148 2050 Hoc
3192 2005 3374 2052 autem
3398 2015 3401 2017 ·
3425 2009 3553 2051 cum

1976 2090 2461 2147 animadvertisset
2486 2089 2568 2143 vir
2613 2089 2836 2144 divinus
2863 2098 3063 2159 etquae
3093 2103 3159 2144 ex
3196 2103 3264 2144 eo
3295 2087 3557 2143 orieban-

1975 2193 2063 2239 tur
2096 2183 2294 2238 damna
2339 2191 2396 2237 et
2421 2181 2665 2253 pericula
2695 2179 3127 2245 considerasset,
3154 2195 3347 2236 omnes
3400 2181 3552 2245 latet,

1972 2284 2028 2330 et
2063 2275 2132 2330 ad
2172 2275 2374 2330 caedem
2400 2273 2520 2342 (sic
2548 2272 2695 2327 enim
2751 2286 2856 2341 ego
2903 2286 3041 2325 voco
3097 2271 3321 2324 illorum
3359 2270 3552 2324 conci-

1983 2368 2118 2422 lium
2168 2376 2224 2422 et
2274 2367 2559 2436 impetum,
2589 2365 2847 2419 existimo
2881 2371 3066 2418 autem
3121 2377 3225 2417 vos
3283 2371 3555 2432 quoque),

1973 2475 2236 2534 tanquam
2261 2463 2382 2519 ovis
2417 2470 2614 2532 sponte
2663 2477 2760 2517 sua
2799 2460 3030 2516 accedit.
3069 2459 3204 2513 Eum
3249 2475 3381 2514 vero
3432 2474 3557 2513 cum

1973 2555 2550 2626 comprehendissent,
2593 2569 2769 2622 usque
2815 2552 2880 2607 ad
2937 2551 3134 2606 Etixini
3171 2550 3558 2621 Propontidem

1973 2657 2103 2703 tunc
2135 2647 2380 2701 trahunt.
2410 2643 2544 2699 Post
2581 2644 2698 2699 haec
2733 2642 2864 2713 quid
2890 2640 3180 2710 ?'Qnidam
3217 2657 3282 2697 ex
3318 2642 3388 2696 iis
3407 2641 3560 2696 ducti

1975 2737 2324 2809 pmniteutia,
2352 2733 2608 2790 dicebant
2645 2735 2813 2791 fuisse
2837 2733 3108 2788 Joannem
3139 2733 3442 2803 appetitum
3465 2747 3559 2786 ca-

1979 2829 2204 2884 lumniis
2232 2838 2286 2883 et
2328 2826 2531 2896 injuria
2563 2825 2839 2880 aﬂ‘ectum.
2871 2825 2981 2880 Nec
3012 2824 3118 2880 hoc
3161 2823 3488 2878 credebatur
3522 2840 3552 2875 ιι

1973 2918 2163 2972 multis
2206 2932 2221 2971 :
2261 2918 2422 2973 ﬁdem
2479 2926 2661 2972 autem
2720 2932 2809 2972 res
2878 2916 3011 2986 ipsae
3062 2915 3234 2983 magis
3290 2912 3558 2970 iecerunt.

1969 3007 2300 3076 Quomodo?
2332 3009 2412 3063 Ex
2445 3009 2654 3064 honore
2677 3017 2731 3062 et
2760 3008 3172 3070 emolumentis,
3204 3007 3404 3078 quibus
3429 3013 3561 3062 sunt

1972 3099 2152 3155 aﬁ'ecti
2209 3109 2584 3156 accusatores.
2656 3099 2761 3155 Sed
2824 3099 3116 3170 profanum
3171 3115 3235 3158 os
3277 3098 3564 3153 dedecoris

276 3184 478 3255 ἐκύρου
508 3183 564 3238 δὲ
587 3185 746 3240 πλέον
775 3185 873 3258 τὴν
901 3187 1086 3240 πίστιν
1114 3187 1179 3242 τά
1204 3187 1528 3258 πράγματα.
1563 3188 1720 3254 Πώς;
1770 3189 1864 3243 Ἐκ

1974 3180 2341 3262 respondebat
2372 3193 2457 3248 his
2491 3193 2653 3264 nugis
2681 3193 2872 3248 dicens
2903 3211 2917 3246 ι
2959 3191 3187 3247 Etiamsi
3216 3191 3351 3246 nihil
3385 3189 3564 3253 aliud,

271 3281 372 3349 τῆς
403 3279 513 3333 τῶν
561 3279 1020 3350 ἀπενηνεγμὲνων
1053 3281 1168 3343 τοῖς
1211 3281 1540 3350 κατηγόροις
1585 3281 1752 3350 τιμῆς
1804 3299 1863 3336 τε

272 3373 370 3429 καὶ
395 3373 699 3446 προκοπῆς.
743 3372 906 3427 mm
932 3373 995 3428 τὸ
1015 3373 1112 3443 τῆς
1140 3372 1404 3444 αἰσχύνης
1434 3373 1651 3444 ἀνίερον
1685 3377 1858 3444 στόμα

271 3468 539 3530 τοιούτοις
551 3467 773 3537 ἀπήντα
786 3468 897 3529 τοῖς
912 3467 1090 3538 φλυαρ
1101 3467 1127 3535 ἡ
1138 3483 1322 3536 μασιν.
1339 3466 1401 3519 Εἰ
1422 3466 1516 3518 καὶ
1535 3466 1702 3538 μηδὲν
1716 3467 1867 3531 ἄλλο,

1975 3295 2031 3339 at
2062 3285 2375 3354 arrogantia
2397 3293 2451 3340 et
2481 3283 2980 3356 superbialnannis
3007 3298 3132 3338 eum
3154 3281 3428 3354 deposuit,
3453 3296 3568 3336 suze

1974 3379 2198 3433 malitiae
2225 3379 2510 3449 improbus
2537 3370 2821 3434 'vetcrator
2854 3375 3198 3446 Scripturam
3248 3375 3558 3445 applicans,

1984 3487 2180 3542 nempe
2211 3473 2355 3542 quod
2391 3473 2645 3542 superbis
2681 3471 2888 3526 resistit
2920 3469 3208 3525 Dominus.

270 3563 484 3632 φάσκον
508 3563 666 3627 τέως,
694 3563 753 3616 τὸ
782 3562 1101 3628 ἀλαζονικὸν
1140 3563 1390 3617 Ἰωάννου
1415 3561 1647 3634 καθῄρει
1679 3564 1865 3631 αὑτὸν,
1908 3569 2250 3639 παρενείρων
2292 3569 2391 3638 τῆς
2441 3566 2638 3630 κακίας
2671 3566 2700 3619 6
2735 3561 2995 3633 σοφιστὴς
3029 3559 3089 3615 τὸ
3147 3561 3245 3628 τῆς
3312 3557 3564 3629 Γραφῆς,

268 3652 417 3712 κιθά
453 3655 547 3709 καὶ
577 3657 689 3718 τοῖς
724 3655 1098 3726 ὑπερηφάνοις
1130 3656 1518 3710 ἀντιτάσσεται
1546 3657 1774 3730 Κύριος.

343 3749 442 3802 κδ’.
493 3749 728 3802 Ἔπειτα
774 3748 975 3819 γράφει
1010 3749 1038 3802 6
1083 3747 1320 3819 διώκτης
1372 3750 1508 3821 πρὸς
1559 3751 1652 3802 τὸν
1690 3750 1866 3821 μέγαν
1956 3792 1961 3796 .

281 3842 660 3906 Ίννοκέντιον,
700 3839 919 3911 Ῥώμης
949 3841 1232 3911 ἀρχιερέα,
1257 3841 1377 3912 τὴν,
1411 3841 1478 3912 ἣν
1501 3842 1664 3906 αὑτὸς
1711 3842 1869 3910 ἔδρα-

268 3950 404 3997 σεν,
443 3933 527 3996 εἰς
569 3932 663 3985 τὸν
713 3931 950 4002 ποιμένα
1003 3932 1376 4003 μεταμορφῶν
1427 3935 1522 3992 καὶ
1574 3935 1868 3988 ποικίλλων

274 4023 651 4096 παρανομίαν.
701 4023 862 4077 Ἀλλὰ
910 4023 1169 4093 Θεόφιλος
1201 4025 1404 4095 γράφει
1453 4025 1554 4095 μὲν
1579 4065 1593 4088 ,
1630 4043 1865 4094 καταγιο

270 4117 548 4171 νὼσκεται
577 4117 663 4181 δὲ,
697 4117 1011 4184 διαγνόντος
1052 4117 1147 4170 τοῦ
1197 4118 1357 4171 πάπα
1401 4116 1591 4186 σαφῶς
1628 4118 1694 4172 τά
1730 4119 1872 4172 κατά

263 4209 366 4262 τὸν
416 4209 593 4277 ἆγιον.
647 4201 749 4260 Ὧν
805 4209 867 4262 τὸ
924 4207 1202 4270 πολυειδὲς
1249 4209 1358 4263 τῶν
1405 4209 1859 4280 ἐπιτηδευμάτων

267 4302 651 4370 καταπλαγεὶς
684 4303 711 4355 6
752 4300 998 4373 Ῥώμης,
1046 4301 1139 4354 ἐπὶ
1181 4300 1274 4354 τὸν
1323 4301 1460 4355 Θεὸν
1515 4303 1871 4372 καταφεύγει,

264 4394 534 4448 κάκεῖθεν
580 4395 786 4467 ἐξαιτεῖ
811 4395 1042 4466 λυθῆναι
1074 4394 1186 4448 τῶν
1222 4394 1536 4452 σκανδάλων
1581 4395 1653 4450 τὰ
1688 4413 1868 4468 μηχα-

264 4489 518 4557 νήματα.
560 4488 672 4546 Καὶ
705 4487 890 4557 μέντοι
923 4486 1018 4540 καὶ
1043 4486 1314 4558 λαμϐάνει
1344 4487 1444 4559 τὴν
1473 4486 1653 4553 λύσιν,
1687 4489 1781 4542 καὶ
1813 4488 1873 4540 τὸ

268 4583 444 4651 τάχος
480 4581 667 4653 ἡλίκον
698 4581 931 4643 ἐκεῖθεν.
992 4581 1056 4634 Ἦ
1098 4581 1298 4652 κυνικὴ
1341 4581 1606 4652 Θεοφίλου
1644 4581 1872 4651 ζήτησις

267 4674 374 4726 καὶ
429 4673 676 4727 ἀναίδεια
732 4673 876 4739 κατά
932 4672 1026 4740 τοὺ
1059 4673 1239 4728 ἀθώου
1291 4675 1371 4727 ἐτι
1428 4675 1870 4747 προσανηρεύνα.

287 4766 571 4821 Ἐντεῦθεν
623 4769 758 4841 πρὸς
807 4768 980 4840 ὀργὴν
1033 4767 1142 4822 τῶν
1196 4767 1404 4822 πιστῶν
1453 4767 1751 4834 ἐξανάπτει
1800 4770 1871 4826 τὰ

275 4859 460 4930 πλήθη
487 4877 500 4890 ·
533 4861 628 4914 καὶ
659 4861 877 4929 στάσεις
910 4862 976 4914 ἐκ
1015 4859 1206 4914 τούτου
1241 4861 1458 4932 μυρίαι,
1487 4862 1584 4916 καὶ
1616 4863 1823 4933 πληγαὶ
1847 4905 1863 4929 ,

271 4952 375 5004 καὶ
422 4951 670 5025 διάφοροι
718 4953 990 5017 κίνδυνοι,
1042 4955 1136 5022 καὶ
1187 4954 1399 5023 γίνεται
1446 4956 1560 5018 τοῖς
1605 4958 1867 5026 πονηροῖς

2049 3750 2141 3804 ‘25.
2178 3745 2386 3801 Deinde
2419 3744 2613 3800 scribit
2648 3749 2970 3812 persecutor
2993 3739 3059 3794 ad
3091 3739 3400 3792 Romanum
3428 3753 3564 3807 pon-

1977 3844 2178 3897 tiﬁcem
2231 3837 2635 3900 Innocentium,
2679 3848 2845 3904 quam
2908 3833 2962 3886 in
3017 3842 3294 3902 pastorem
3362 3831 3569 3886 fecerat

1983 3934 2328 4003 iniquitatem
2352 3929 2758 3984 transformans
2789 3935 2845 3982 et
2873 3925 3117 3980 varians.
3160 3923 3264 3978 Sed
3291 3921 3568 3991 The0phi-

1982 4029 2068 4084 Ius
2098 4025 2291 4082 scribit
2320 4021 2574 4093 quidem,
2601 4019 3002 4074 condemnatur
3031 4022 3238 4080 autem,
3273 4029 3398 4067 cum
3425 4028 3563 4084 papa

1984 4127 2172 4189 aperte
2207 4131 2294 4170 res
2345 4113 2521 4169 sancti
2555 4116 2934 4181 cognosceret.
2981 4105 3228 4172 Quorum
3272 4103 3456 4158 varios
3501 4118 3564 4157 ac

1977 4210 2310 4279 multiplices
2353 4213 2585 4260 conatus
2649 4200 2859 4256 mirans
2915 4197 3201 4252 Ronianus
3248 4195 3565 4266 cpiscopus,

1984 4302 2051 4356 ad
2092 4299 2263 4354 Deum
2293 4297 2564 4365 confugit,
2604 4301 2658 4348 et
2703 4292 2836 4363 petit
2861 4299 2922 4344 ut
2953 4290 3102 4343 illinc
3131 4288 3418 4343 solvantur
3451 4302 3568 4340 ma-

1977 4393 2326 4452 chinationes
2375 4386 2764 4443 oﬁensionnm.
2796 4381 3032 4436 Maxima
3069 4381 3255 4449 itaque
3283 4378 3569 4433 celeritate

1978 4485 2132 4542 illinc
2173 4482 2386 4553 accepit
2414 4480 2771 4536 solutionem.
2809 4477 3021 4532 Canina
3051 4472 3350 4544 Theophili
3389 4472 3570 4542 impu‘

1980 4579 2165 4634 dentia
2232 4576 2414 4630 adlmc
2483 4571 2801 4642 inquirebat
2865 4568 3137 4624 adversus
3188 4566 3562 4622 innocentem.

1980 4667 2120 4724 lIinc
2167 4667 2232 4721 ad
2272 4666 2410 4721 iram
2439 4664 2620 4719 irritat
2656 4661 2898 4717 ﬁdelium
2933 4658 3367 4713 multitudinem.
3399 4656 3564 4709 inuti-

1979 4762 2270 4817 merabilcs
2300 4776 2366 4814 ex
2414 4772 2479 4813 eo
2509 4759 2788 4812 exsistunt
2847 4754 3148 4809 seditiones
3191 4758 3246 4806 et
3297 4751 3471 4819 plagae
3513 4757 3568 4802 et

1977 4855 2192 4924 diversa
2227 4851 2502 4920 pericula,
2524 4861 2575 4904 et
2602 4842 3313 4912 contremiscuntimprobi.
3333 4839 3430 4894 Vir
3464 4840 3566 4893 im-

1983 4951 2110 5019 pius
2135 4946 2428 5002 celerrime
2460 4943 2598 5016 fugit
2628 4940 3040 5002 Alexandriam,
3079 4952 3201 4992 cum
3227 4936 3314 4990 vix
3350 4935 3566 4992 evasis-

270 5043 500 5112 τρόμος.
561 5044 725 5117 Ἀνὴρ
777 5044 1065 5116 δυσσεϐὴς,
1116 5047 1258 5099 κατὰ
1309 5046 1474 5116 τάχος
1533 5047 1752 5116 φεύγων
1786 5050 1865 5111 εἰς

1987 5051 2071 5101 set
2108 5056 2205 5098 eos
2236 5041 2328 5110 qui
2354 5039 2688 5109 quaesieram
2719 5049 2841 5090 eum
2871 5032 3010 5087 mari
3047 5032 3304 5086 obruere.
3334 5029 3426 5085 Sic
3467 5044 3566 5100 pa-

289 5131 721 5211 Ἀλεξάνδρειαν,
764 5135 918 5206 μόλις
948 5135 1169 5206 διαδρὰς
1202 5137 1328 5199 τοὺς
1360 5137 1710 5204 θαλασσῶσαι
1738 5137 1874 5200 τοῦ-

273 5243 368 5299 τον
401 5228 781 5299 ζητήσαντας,
836 5230 1023 5293 κακῶς
1052 5229 1153 5301 τῆς
1205 5228 1598 5303 βασιλευούσης
1641 5231 1871 5286 ἀποδιαο

278 5321 581 5390 ττομπεῖται
613 5321 711 5374 σὺν
755 5320 942 5383 αὑτοῖς
986 5320 1320 5394 κατηγόροις
1355 5321 1450 5390 καὶ
1492 5319 1869 5392 όμογνώμοσι.

272 5414 555 5468 Μανθάνει
580 5412 755 5467 ταῦτα
784 5413 939 5482 παρὰ
968 5413 1061 5466 τοῦ
1105 5412 1324 5485 Ῥώμης
1353 5417 1382 5468 6
1415 5397 1667 5484 βασιλεὺς
1707 5413 1874 5468 Ὁνώ-

275 5507 543 5578 pegasea!
584 5508 666 5561 ὅτι
697 5505 1051 5578 χαριζόμενοι
1085 5509 1152 5578 τῇ
1189 5505 1420 5578 Εύδοξίᾳ
1458 5509 1870 5579 σεσυκοφαντη-

275 5617 405 5668 igua:
438 5599 528 5652 τὸν
577 5601 853 5671 Ἰωάννην.
888 5600 996 5653 Καὶ
1040 5599 1342 5670 περίλυπος
1372 5601 1665 5671 γενόμενος
1704 5600 1868 5672 (ἔρως

275 5693 388 5766 γὰρ
433 5693 692 5761 ἐγκρατεῖ
732 5692 823 5744 τὸν
875 5691 1102 5761 βασιλέα
1150 5679 1394 5762 θερμὸς,
1446 5691 1542 5745 καὶ
1597 5689 1864 5759 ἐπεθύμει

278 5784 574 5837 θεάσασθαι
621 5785 714 5837 τὸν
767 5784 1066 5856 ἀρχιερέα)
1117 5783 1321 5851 γράφει
1359 5783 1437 5854 τῷ
1496 5782 1715 5854 ἀδελφῷ
1771 5783 1866 5836 καὶ

279 5876 490 5946 βασιλεῖ
544 5876 838 5948 ’Λρκαδίι;›,
873 5875 1120 5946 νεμεσῶν
1167 5877 1260 5929 καὶ
1301 5875 1739 5947 προσονειδίζων,
1783 5876 1865 5929 ὅτι

279 5968 523 6041 Θεοφίλῳ
574 5969 760 6044 χώραν
811 5970 1098 6041 παρέσχεν,
1138 5966 1195 6023 ὃν
1227 5969 1332 6024 ὑπὸ
1365 5969 1546 6024 αἰτίαν
1579 5969 1670 6024 καὶ
1713 5967 1870 6038 δίκην

1988 5144 2072 5191 ter
2097 5132 2510 5197 scandalorum,
2566 5128 2744 5185 malus
2776 5125 2916 5181 male
2944 5139 3010 5180 ex
3041 5124 3192 5196 regia
3241 5123 3570 5178 amandatur

1983 5242 2110 5284 cum
2154 5225 2291 5296 ipsis
2322 5221 2764 5283 accusatoribus,
2795 5225 2851 5274 et
2878 5217 2948 5273 iis
2987 5217 3080 5288 qui
3129 5225 3288 5271 erant
3319 5213 3566 5285 ejusdem

1981 5318 2294 5378 sententia.
2331 5315 2455 5371 lianc
2489 5313 2672 5369 Romae
2716 5310 2890 5365 audiit
2918 5309 3083 5364 etiam
3117 5309 3420 5377 imperator
3459 5305 3566 5357 Ilo-

1985 5410 2202 5478 norius.
2224 5415 2280 5464 et
2311 5405 2460 5480 quod
2493 5414 2552 5458 ut
2580 5410 2799 5473 gratum
2822 5397 3066 5455 facerent
3093 5395 3376 5458 Eudoxiae,
3399 5392 3567 5449 Joan-

1989 5513 2112 5553 nem
2147 5504 2280 5551 sunt
2318 5491 2661 5549 calumniati.
2693 5489 2892 5544 Dolore
2946 5502 3081 5558 ergo
3115 5484 3342 5541 affectus
3373 5484 3392 5554 (
3411 5483 3567 5539 valde

1983 5592 2128 5659 enim
2160 5588 2379 5644 amabat
2419 5586 2744 5658 imperator,
2789 5591 2843 5640 ct
2873 5582 3129 5652 cupiebat
3161 5581 3349 5635 videre
3391 5581 3569 5650 ponti-

1979 5685 2186 5755 ﬁcem),
2225 5683 2420 5740 scribit
2454 5681 2521 5736 ad
2558 5681 2780 5736 fratrem
2814 5677 3200 5749 imperatorem
3237 5671 3561 5732 Arcadium,

1975 5779 2101 5836 cum
2135 5795 2202 5835 eo
2230 5779 2589 5851 expostulans
2611 5783 2667 5831 et
2692 5774 3032 5845 exprobrans
3058 5771 3202 5842 quod
3234 5767 3560 5840 Theophila,

1977 5890 2142 5942 quem
2179 5887 2332 5929 reum
2355 5872 2597 5936 tenebat,
2627 5871 2803 5925 locum
2826 5865 3040 5923 dederit
3059 5862 3365 5934 deponendi
3391 5857 3564 5917 Joan-

1977 5982 2127 6035 ncm,
2163 5954 2326 6038 idq'ue
2373 5966 2488 6024 sine
2521 5965 2806 6023 Itontanis.
2845 5963 2970 6020 IILI‘C
3037 5977 3161 6020 cum
3206 5955 3564 6031 cognovisset
