4084 6508
453 379 564 445 2ῖ9
1721 382 1998 444 LEONIS
2044 383 2505 453 PHILOSOPHI
3624 398 3736 461 280

461 497 761 564 imperator
792 492 1084 558 Arcadius,
1119 508 1317 564 magna
1347 493 1544 548 ductus
1577 494 1920 562 pmnitentia,
1971 495 2037 550 de

2172 495 2278 569 ἷκε,
2308 501 2682 573 καθῃρηκέναι
2718 507 2809 558 τὸν
2851 505 3124 576 Ἰωάννην,
3152 507 3246 561 καὶ
3271 509 3441 563 ταῦτα
3469 510 3593 587 δίχα
3620 500 3737 565 τῶν

465 586 726 657 pontiﬁce
760 585 1069 640 revocando
1089 586 1366 655 cogitabat
1405 601 1419 639 :
1451 594 1504 639 et
1528 602 1655 641 ecce
1692 597 1859 641 noctu
1892 590 2039 642 venit

461 687 828 742 terraemotus,
874 687 928 730 et
978 678 1125 731 cadit
1165 692 1290 747 pars
1346 676 1547 732 cubilis
1613 678 1977 747 impcratrieis
2022 698 2035 732 :

467 768 682 837 fuitque
712 766 817 820 hoc
876 766 1047 836 (nam
1116 782 1239 837 quae
1295 767 1733 822 intercesserunt
1788 768 2042 822 lubenter

461 857 853 929 praetermitto)
892 874 1061 912 causa
1096 859 1492 914 revocationis.
1539 859 1756 913 Rursus
1788 874 1918 930 ergo
1944 874 2041 929 pa-

458 958 579 1003 stor
612 949 790 1004 bonus
840 949 1082 1019 (oportet
1133 951 1279 1005 enim
1331 950 1524 1019 paucis
1575 949 1796 1019 dicere)
1848 950 2044 1020 recipit

458 1055 703 1109 gregem,
764 1056 887 1095 cum
926 1041 1228 1111 imperator
1281 1041 1440 1111 longe
1494 1040 1840 1108 splendidius
1880 1056 2043 1111 quam

458 1133 616 1201 prius
645 1132 693 1186 ei
718 1133 1089 1202 processisset
1116 1134 1335 1189 obviam
1372 1154 1383 1187 :
1412 1143 1466 1188 et
1506 1134 1597 1189 ille
1632 1134 1853 1204 quidem
1890 1136 2044 1205 prius

462 1223 827 1279 contenderet
884 1234 941 1278 ut
989 1239 1077 1280 res
1134 1241 1249 1280 suae
1301 1226 1751 1280 examinarentur
1798 1243 1812 1279 Ξ
1853 1240 2045 1282 omnes

459 1331 591 1370 vero
614 1317 773 1387 plane
804 1318 1040 1374 violenta
1066 1320 1192 1374 ﬁdei
1230 1320 1474 1374 motione
1497 1335 1628 1375 eum
1661 1319 2043 1385 adduxissent,

462 1406 517 1459 in
552 1410 679 1461 sede
707 1407 1101 1472 collocassent,
1146 1419 1201 1464 et
1238 1418 1295 1462 ut
1339 1425 1528 1479 pacein
1586 1420 1773 1479 ageret
1828 1410 2048 1465 eil‘ecis-

461 1509 604 1552 sent.
648 1497 777 1554 litec
809 1515 1039 1554 suorum
1076 1517 1362 1557 servorum
1398 1501 1565 1564 Deus,
1600 1503 1690 1572 qui
1720 1503 1926 1556 resistit
1953 1519 2047 1556 su-

461 1590 656 1657 perbis,
699 1599 750 1643 et
782 1590 1069 1646 humilibus
1103 1594 1273 1646 reddit
1302 1594 1536 1662 gratiam
1564 1595 1630 1646 ”.
1687 1592 1828 1647 Hinc
1871 1594 2045 1657 adest,

463 1699 588 1750 quae
607 1684 984 1755 hospitalitate
1001 1693 1057 1739 et
1085 1688 1447 1756 temperantia
1474 1686 1799 1756 (scientibus
1825 1686 2046 1755 loquor)

467 1775 662 1829 Saram
724 1782 781 1830 et
825 1774 1135 1830 Susannam
1188 1777 1450 1847 exprimit
1499 1776 1800 1848 Olympias.
1849 1775 2048 1833 Paucis

2148 586 2256 637 ἀπὸ
2319 587 2554 657 Ῥώμης,
2610 591 2796 645 Ταῦτα
2831 593 3082 658 διαγνοὺς
3120 597 3147 648 6
3202 596 3461 664 βασιλεὺς
3528 602 3733 670 Ἀρκά-

2147 676 2278 741 διος,
2329 678 2498 732 πολλά
2548 698 2608 734 τε
2650 684 3033 751 μετεγνωκὼς,
3084 686 3436 743 διεσκέπτετο
3470 693 3601 759 περὶ
3633 695 3735 762 τῆς

2148 768 2501 838 ἀνακλήσεως
2531 773 2624 824 τοῦ
2662 762 3001 845 ἀρχιερέωςῗ
3025 779 3134 831 Καὶ
3168 780 3277 832 ἰδοὺ
3307 781 3531 851 σεισμὸς
3563 799 3734 836 καταρ

2149 856 2417 921 λαμϐάνει
2443 861 2655 927 νυκτὸς,
2684 865 2776 915 καὶ
2804 865 2990 917 πίπτει
3028 868 3192 937 μέρος
3222 869 3314 923 τοῦ
3347 870 3605 934 κοιτῶνος
3635 872 3736 941 τῆς

2153 947 2495 1021 βασιλίσσης.
2552 955 2661 1007 Καὶ
2711 956 2871 1009 τοῦτο
2910 958 3121 1024 γίνεται
3159 959 3266 1027 (τά
3315 961 3424 1033 γὰρ
3469 965 3528 1016 ἐν
3583 966 3736 1034 μέσῳ

2152 1043 2503 1114 παρέδραμον
2546 1045 2717 1117 ἑκὼν)
2751 1049 2783 1115 ἡ
2826 1048 2972 1100 αἰτία
3018 1052 3116 1119 τῆς
3149 1051 3521 1123 ἀνακλήσεως.
3566 1055 3736 1107 Πάλιν

2151 1130 2243 1189 οῦν
2282 1137 2310 1188 6
2357 1138 2616 1206 ποιμὴνό
2666 1138 2829 1202 καλὸς
2864 1140 2981 1212 (δεῖ
3026 1144 3135 1211 γὰρ
3186 1143 3470 1211 συντόμως
3518 1146 3734 1214 εἰπεῖν)

2152 1228 2528 1298 ἀπολαμϐάνει
2561 1230 2623 1283 τὸ
2670 1231 2940 1301 ποίμνιον,
2974 1233 3067 1285 τοῦ
3111 1232 3377 1304 βασιλέως
3408 1236 3556 1306 αύτῷ
3598 1237 3736 1307 λαμ-

2155 1322 2428 1391 προτέραν
2457 1322 2554 1392 τὴν
2582 1324 2888 1392 ἀπάντησιν
2921 1326 3055 1378 πολὺ
3080 1325 3178 1395 τῆς
3208 1326 3482 1397 προτέρας
3504 1346 3736 1397 πεποιη-

2155 1409 2314 1473 κότος
2334 1426 2349 1440 θ
2387 1410 2598 1463 ἐκείνου
2637 1412 2736 1479 μὲν
2768 1413 3032 1484 πρότερον
3061 1414 3127 1467 τὰ
3164 1413 3293 1467 καθ’
3323 1416 3516 1469 ἑαυτὸν
3552 1416 3737 1481 ἐξετας

2156 1500 2349 1571 σθῆναι.
2401 1500 2907 1572 διισχυριζομένου,
2949 1504 3167 1558 πάντων
3198 1504 3255 1556 δὲ
3306 1505 3466 1575 βιαίῳ
3500 1507 3735 1571 πίστεως

2160 1591 2330 1655 ὅντως
2411 1593 2675 1663 κινήματι
2723 1595 3217 1663 προσαγαγόντων,
3270 1596 3738 1666 ἐνθρονισάντων,

2156 1687 2252 1736 καὶ
2315 1684 2631 1756 είρηνεῦσαι
2686 1686 3031 1754 ποιησάντων
3079 1687 3263 1740 αὐτόν.
3316 1687 3505 1741 Ταῦτα
3551 1691 3585 1742 6.
3628 1688 3742 1740 τῶν

2160 1776 2355 1830 ἑαυτοῦ
2396 1776 2744 1848 θεραπόντων
2769 1778 2926 1842 Θεὸς,
2956 1781 2989 1832 ὁ
3028 1778 3155 1845 τοῖς
3177 1779 3606 1849 ζύπερηςοάνοις
3632 1781 3742 1834 άν-

466 1874 648 1920 autem
687 1881 808 1921 eam
842 1882 1063 1937 quoque
1102 1866 1344 1923 declaret
1380 1870 1585 1933 oratio,
1624 1885 1746 1938 qua:
1793 1870 2047 1940 volupta-

2167 1870 2567 1941 ιιταττόμενος
2590 1910 2604 1933 ,
2647 1872 2681 1924 ὁ
2713 1868 2837 1936 τοῖς
2866 1856 3171 1937 taxata-07g;
3216 1869 3584 1939 ἀντιμετρῶν
3624 1871 3740 1937 τὴν

465 1966 574 2012 tem
626 1958 790 2013 simul
836 1967 890 2012 et
924 1959 1363 2015 adhortationem
1406 1960 1471 2014 ad
1527 1962 1787 2016 virtutem
1846 1963 2053 2031 praebet

464 2050 557 2113 iis,
608 2050 701 2120 qui
750 2050 981 2105 laudant
1019 2067 1081 2106 ea
1117 2068 1240 2122 qua:
1281 2062 1412 2107 sunt
1447 2053 1703 2107 honesta.
1764 2052 2049 2124 Olympias

463 2147 607 2207 erat,
641 2157 765 2212 quae
804 2143 1195 2212 temperantia,
1232 2143 1636 2212 hospitalitate,
1680 2144 1938 2200 doctrina
1971 2144 2055 2198 di-

467 2233 847 2303 sciplinarum,
878 2249 988 2289 non
1023 2236 1207 2289 minus
1231 2244 1345 2289 erat
1377 2236 1548 2298 clara,
1573 2250 1736 2304 quam
1762 2236 2056 2306 splendore

468 2326 709 2395 generis,
743 2341 909 2396 opum
940 2336 993 2381 et
1026 2327 1479 2397 pulchritudinis,
1530 2337 1753 2397 propter
1798 2342 1919 2397 quae
1956 2341 2055 2380 an-

469 2416 752 2472 tecedebat
783 2419 1041 2498 omnibus
1100 2435 1223 2489 qua:
1265 2429 1395 2473 tunc
1439 2430 1616 2473 erant.
1668 2418 1795 2473 Haec
1858 2419 2057 2472 marito

470 2509 692 2575 quidem
727 2508 832 2564 fuit
866 2511 1163 2580 conjuncta
1196 2512 1462 2581 legitime,
1497 2528 1606 2565 non
1632 2521 1717 2566 est
1745 2523 1926 2565 autem
1961 2526 2059 2564 ex-

470 2611 649 2671 perta,
681 2610 739 2656 ιιι
766 2619 890 2673 qua:
922 2618 1048 2658 cum
1088 2618 1153 2659 eo
1183 2619 1376 2673 parum
1412 2604 1632 2659 vixerit.
1660 2603 1793 2656 Eam
1824 2604 2059 2672 impera-

474 2705 561 2748 tor
593 2696 940 2753 Theodosius
974 2696 1025 2751 vi
1054 2708 1245 2767 postea
1288 2697 1561 2761 trahebat,
1594 2704 1654 2750 ut
1682 2697 1911 2751 nuberet
1938 2696 2057 2751 cui-

472 2788 598 2841 dam
638 2796 876 2858 cognato
914 2804 1038 2855 suo,
1093 2804 1198 2844 non
1235 2790 1456 2858 quidem
1507 2788 1917 2855 dedignantem,
1963 2786 2059 2842 sed

475 2892 670 2936 contra
702 2897 766 2936 ea
812 2898 935 2953 quae
986 2898 1085 2953 par
1138 2891 1281 2943 erat.
1335 2882 1770 2952 signiﬁcantem.
1834 2881 2060 2936 Dicebat

474 2977 624 3031 enim
657 2994 670 3031 :
704 2974 763 3030 Si
791 2991 888 3030 rex
934 2990 1089 3031 meus
1126 2974 1380 3032 Christus
1442 2975 1709 3030 voluisset
1759 2990 1847 3029 me
1876 2974 2060 3029 vivere

476 3083 601 3123 cum
654 3069 874 3133 tnarito,
916 3068 1153 3138 primum
1189 3067 1417 3122 omnino
1470 3082 1577 3121 non
1619 3066 1961 3122 abstulisset.
1999 3064 2063 3118 Et

2154 1960 2350 2032 χάριν.
2400 1959 2682 2015 Ἐντεῦθεν
2712 1963 2745 2031 ὴ
2789 1960 2867 2032 τῷ
2919 1961 3183 2032 φιλοξένῳ
3225 1964 3319 2016 καὶ
3356 1961 3593 2033 σώφρονι
3640 1963 3742 2034 τὴν

2154 2053 2375 2125 Σάρραν
2414 2053 2507 2105 καὶ
2537 2052 2824 2107 Σωσάνναν
2869 2052 3172 2123 Ὀλυμπιὰς
3202 2053 3403 2124 (εἰδόσι
3427 2053 3570 2121 λέγω
3595 2054 3613 2121 )
3637 2071 3740 2125 χα-

2160 2143 2586 2215 ρακτηρίζουσα,
2637 2144 2956 2213 παρίστησι.
2990 2144 3245 2212 Δηλούτω
3275 2144 3330 2198 δὲ
3362 2132 3449 2197 διὰ
3494 2145 3744 2214 βραχέων

2157 2238 2254 2291 καὶ
2281 2237 2484 2307 ταύτην
2519 2239 2545 2290 6
2571 2236 2748 2305 λόγος,
2783 2238 2975 2309 ἡδονὴν
3009 2238 3126 2306 ἅμα
3156 2237 3249 2291 καὶ
3279 2237 3629 2307 παράκλησιν
3663 2241 3746 2300 εις

2157 2332 2360 2402 ἀρετὴν
2385 2334 2496 2394 τοῖς
2524 2330 2806 2384 ἐπαινοῦσι
2832 2330 2901 2382 τὰ
2932 2329 3076 2382 καλὰ
3105 2330 3499 2399 παρεχόμενος.
3546 2328 3745 2398 Ὀλυμ-

2159 2422 2310 2486 πιάς,
2336 2423 2401 2492 ἢν
2434 2419 2888 2491 ὑπερωραίουσαν
2918 2419 3019 2489 τῆς
3047 2419 3425 2489 σωφροσύνης,
3466 2420 3566 2489 τῆς
3599 2420 3747 2487 φιλο-

2161 2514 2476 2581 ξενίας,καὶ
2508 2512 2607 2581 τῆς
2639 2510 2890 2574 παιδείας
2916 2511 3027 2563 τῶν
3065 2511 3406 2581 μαθημάτων
3446 2512 3544 2581 οὐχ
3583 2508 3746 2583 ἦττον

2160 2609 2219 2661 ai
2266 2606 2627 2667 πολυτέλειαι,
2666 2604 2698 2676 ἢ
2746 2603 2840 2657 τοῦ
2893 2603 3086 2672 γένους
3134 2605 3227 2656 καὶ
3258 2604 3352 2656 τοῦ
3394 2604 3626 2657 πλούτου
3655 2610 3746 2657 καὶ

2161 2698 2262 2767 τῆς
2305 2697 2490 2768 ὥρας,
2521 2696 2569 2750 δι
2621 2689 2696 2749 ὧν
2742 2695 2999 2749 ἁπάντων
3046 2695 3154 2748 τῶν
3190 2696 3491 2765 τηνικαῦτα
3526 2694 3748 2767 ἐκράτει

2162 2792 2231 2844 τὰ
2261 2790 2588 2861 διαφέροντα
2614 2806 2625 2820 ’
2663 2789 2805 2858 αὕτη
2856 2785 3192 2858 συνεζεύχθη
3232 2789 3331 2857 μὲν
3370 2789 3617 2857 νομίμως
3652 2788 3749 2839 ἀνα

2164 2883 2274 2951 δρὶ,
2324 2883 2385 2935 οὐ
2420 2882 2752 2948 πεπείραται
2795 2880 2852 2932 δὲ
2916 2880 3115 2951 μικρὸν
3164 2877 3312 2948 αὐτῷ
3365 2877 3751 2947 συμϐιώσασα.

2165 2972 2384 3041 Ταύτην
2413 2974 2441 3024 6
2476 2971 2727 3042 βασιλεὺς
2763 2972 3043 3033 θεοδόσιος
3074 2971 3167 3021 ὲπί
3195 2988 3300 3025 τινι
3330 2971 3582 3037 συγγενεῖ
3613 2968 3752 3039 μετὰ

2164 3064 2338 3117 ταῦτα
2390 3063 2764 3135 βεϐιασμένως
2802 3063 2939 3133 πρὸς
2986 3063 3168 3132 γάμον
3214 3056 3436 3127 εἷλκεν,
3483 3061 3585 3114 οὐκ
3645 3060 3754 3113 ἀπ-

481 3158 615 3229 quid
645 3174 784 3229 opus
811 3166 895 3214 est
920 3160 1226 3213 orationem
1264 3158 1580 3225 extendere,
1620 3174 1744 3229 qua:
1780 3159 2063 3213 contendit

2167 3156 2444 3224 αξιοῦσαν,
2483 3155 2599 3210 ἀλλ’
2633 3155 3019 3226 ἀντιδηλοῦσαν
3048 3155 3116 3207 τὰ
3150 3154 3340 3208 δέοντα
3364 3193 3380 3219 ,
3408 3153 3482 3215 ὡς
3517 3153 3691 3224 Εἴπερ
3724 3155 3754 3205 6

478 3252 548 3305 ad
597 3267 681 3318 ea,
721 3266 843 3322 qua:
877 3250 1138 3321 deinceps
1175 3259 1503 3321 sequuntur,
1559 3250 1879 3320 exponenda
1917 3249 2062 3304 illus

479 3340 647 3395 verba
684 3340 988 3410 sapientia?
1028 3340 1090 3394 Ei
1131 3341 1276 3393 enim
1312 3340 1407 3410 qui
1444 3339 1610 3410 sapit,
1656 3339 1786 3394 licet
1827 3354 1892 3393 ex
1943 3338 2064 3392 ﬁm-

479 3431 620 3493 bria,
663 3438 723 3484 ut
767 3440 850 3486 est
880 3430 935 3485 in
969 3430 1281 3500 proverbio,
1328 3429 1384 3484 id
1424 3429 1570 3501 quod
1617 3436 1701 3484 est
1750 3436 2063 3484 contextum

481 3521 812 3591 intelligere.
834 3519 999 3577 Iussu
1015 3535 1147 3592 ergo
1173 3521 1522 3591 imperatoris
1545 3520 1870 3575 auferuntur
1899 3520 1947 3574 ei
1986 3519 2065 3572 fa-

482 3612 736 3677 cultates,
767 3612 941 3683 gratia
977 3612 1264 3668 custodite.
1289 3612 1382 3667 llla
1408 3621 1590 3668 autem
1612 3627 1676 3667 ea
1703 3628 1761 3667 re
1794 3611 1952 3666 valde
1980 3617 2070 3665 est

484 3704 687 3767 laetata,
703 3715 756 3759 et
776 3705 979 3759 dictum
1001 3706 1221 3775 protuiit
1243 3705 1558 3775 imperatori
1578 3704 1725 3774 quod
1744 3704 1967 3772 dignum
1986 3710 2072 3757 est

482 3796 632 3867 quod
647 3795 913 3850 habeatur
933 3797 986 3850 in
1003 3796 1367 3850 admiratione
1385 3806 1441 3850 et
1466 3795 1755 3849 mandetur
1774 3794 2070 3848 memoria).

484 3887 634 3942 Dixit
652 3890 794 3941 enim
816 3907 829 3942 :
848 3886 928 3944 Ne
939 3904 1000 3944 ea
1018 3889 1424 3956 custodiantur,
1439 3904 1471 3942 ο
1487 3888 1806 3957 imperator,
1825 3887 1917 3941 sed
1940 3885 2075 3941 den-

490 3989 579 4035 tur
600 3981 781 4051 potius
806 3982 1162 4052 pauperibus.
1183 3979 1302 4036 Jam
1323 3980 1449 4035 olim
1471 3980 1616 4035 enim
1636 3979 1925 4049 deprecor,
1954 3991 2076 4047 qua

487 4088 551 4127 ex
574 4074 674 4129 hac
696 4074 1086 4130 distributione
1110 4074 1343 4139 accedit,
1377 4088 1571 4128 vanam
1602 4072 1852 4143 gloriam.
1876 4069 2074 4123 Statim

489 4184 621 4238 ergo
644 4170 859 4224 laetatus
889 4167 1468 4236 iuitimperator,cum
1489 4165 1603 4218 haec
1645 4163 1911 4228 audisset,
1935 4170 1989 4217 et
2025 4162 2075 4216 ei

490 4279 586 4316 sua
612 4280 803 4318 rursus
821 4262 1018 4317 reddit.
1046 4262 1137 4315 Illa
1167 4269 1348 4316 autem
1381 4275 1505 4315 cum
1523 4274 1585 4313 ea
1610 4259 1934 4328 accepisset,
1960 4256 2080 4326 pul-

492 4356 765 4409 cherrime
795 4354 1016 4425 quidem
1043 4354 1470 4417 administravit,
1506 4367 1672 4420 seque
1712 4350 1866 4404 exuit
1893 4364 1956 4402 ac
1987 4364 2081 4419 pa-

494 4447 639 4501 ravit
672 4449 737 4501 ad
772 4446 1252 4508 exercitationem,
1301 4455 1352 4497 et
1418 4444 1582 4513 paulo
1611 4450 1735 4512 post
1767 4440 1999 4495 refertur
2025 4439 2079 4493 in

2169 3248 2302 3319 ὲμὺς
2335 3247 2591 3317 βασιλεὺς
2621 3247 2876 3300 ἐϐούλετό
2915 3264 2981 3317 με
3013 3245 3172 3318 ἀνδρλ⁵
3205 3245 3505 3315 συμϐιοῦν,
3538 3246 3757 3309 πάντως

2168 3340 2269 3393 οὐκ
2314 3339 2381 3393 ἂν
2425 3339 2516 3392 τὸν
2550 3339 2768 3410 πρῶτον
2818 3338 3115 3410 ἐλάμϐανε.
3150 3338 3260 3391 Καὶ
3293 3337 3344 3391 τί
3380 3337 3459 3390 δεῖ
3508 3336 3646 3409 πρὸς
3688 3337 3759 3390 τά

2171 3434 2298 3505 ἑξῆς
2330 3432 2438 3485 τῶν
2469 3432 2686 3500 ἐκείνης
2718 3431 2898 3500 σοφῶν
2939 3432 3223 3502 ῥημάτιον,
3255 3429 3349 3484 τοῦ
3394 3430 3556 3497 λόγου
3589 3427 3759 3482 σπεύ-

2169 3528 2374 3590 δοντος,
2423 3524 2905 3597 ἐμπλατύνεσθαις
2942 3523 3019 3595 τῷ
3060 3524 3171 3595 γὰρ
3212 3524 3439 3595 νήφοντι
3472 3525 3761 3577 κατανοεῖν

2174 3618 2319 3671 ἔστιν
2353 3619 2417 3670 ὲκ
2468 3618 2562 3670 τοῦ
2615 3616 2955 3686 κρασπέδου,
3001 3615 3145 3669 κατά
3176 3614 3274 3686 τὴν
3324 3614 3649 3685 παροιμίαν,
3699 3614 3763 3665 τὸ

2175 3706 2421 3777 ὕφασμα.
2458 3708 2849 3777 Προστάγματι
2888 3704 2983 3759 τοῦ
3018 3704 3281 3775 βασιλέως
3312 3705 3628 3776 ἀφαιρεῖται
3653 3701 3763 3754 τῶν

2176 3798 2551 3869 ὑπαρχόντων,
2582 3796 2829 3866 φυλακῆς
2861 3796 3041 3868 χάριν.
3091 3794 3154 3847 ῚΙ
3185 3795 3241 3847 δὲ
3273 3794 3471 3865 μᾶλλον
3505 3793 3648 3864 ἥσθη
3686 3791 3764 3862 τῷ

2176 3894 2487 3963 πράγματι,
2521 3891 2614 3944 καὶ
2641 3891 2793 3960 δηλοῖ
2820 3889 2899 3961 τῷ
2925 3889 3137 3961 βασιλεῖ
3167 3888 3324 3960 ῥῆσιν
3359 3886 3638 3959 θαύματος
3669 3884 3765 3939 καὶ

2181 3984 2401 4055 μνήμης
2435 3983 2710 4049 ἀξίαν.....

2320 4077 2547 4131 Λείπει.

2377 4169 2554 4232 Εὐθὺς
2591 4164 2686 4223 οὖν
2735 4168 2880 4240 ἥσθη
2931 4170 2960 4221 ὁ
3010 4166 3285 4238 βασιλεὺς,
3336 4166 3431 4220 καὶ
3476 4164 3769 4221 ἀποδίδωσι

2182 4260 2345 4315 πάλιν
2372 4259 2438 4312 τὰ
2470 4260 2689 4329 ἑαυτῆς.
2741 4260 2807 4312 Ἢ
2839 4259 2896 4313 δὲ
2926 4257 3191 4322 λαϐοῦσα,
3227 4254 3402 4311 ταῦτα
3435 4254 3534 4326 μὲν
3564 4255 3772 4325 ᾠκονόο

2185 4371 2361 4427 μησεν
2388 4355 2469 4407 ὅτι
2497 4353 2754 4421 μάλιστα,
2785 4352 2879 4404 καὶ
2911 4352 3041 4422 πρὸς
3069 4349 3167 4421 τὴν
3194 4350 3431 4418 ἄσκησιν
3453 4347 3769 4413 ἀποδύεται,

2184 4449 2277 4501 καὶ
2306 4448 2424 4517 μετ’
2456 4447 2659 4515 ὀλίγον,
2690 4448 2810 4508 ταῖς
2833 4444 3102 4507 διακόνοις
3132 4442 3579 4515 τῆςἘκκλησίας
3606 4442 3773 4509 ἐγκα-

495 4556 786 4594 numerum
830 4539 1270 4593 diaconissarum
1304 4536 1580 4590 Ecclesiae.
1615 4534 1720 4589 Sed
1754 4551 1821 4588 ne
1847 4534 1927 4589 sic
1957 4534 2063 4622 qui-

2183 4539 2495 4607 ταλέγεται.
2554 4537 2696 4590 Ἀλλ’
2747 4536 2871 4591 οὐδὲ
2924 4534 3062 4605 αῦτη
3117 4535 3224 4588 τῶν
3271 4534 3534 4604 Θεοφίλου
3584 4533 3775 4587 δεινῶν

494 4630 616 4686 dem
651 4633 827 4701 potuit
850 4628 1083 4684 evadere
1110 4629 1298 4700 gravia
1339 4627 1479 4682 retia
1505 4624 1820 4696 Theophili,
1857 4641 1981 4679 cum
2011 4628 2079 4678 il-

496 4722 603 4777 lius
637 4720 1062 4791 hospitalitatem
1102 4717 1418 4789 ignominiae
1466 4716 1751 4771 materiam
1807 4716 2083 4785 acceperit

497 4817 604 4870 iste
646 4815 754 4869 Deo
786 4814 1021 4867 invisus.
1059 4811 1174 4881 ipsa
1223 4820 1348 4881 post
1404 4812 1619 4865 multos
1639 4826 1829 4866 curam
1866 4824 2085 4879 quoque

500 4908 673 4975 gessit
702 4904 967 4968 Nectarii,
1004 4913 1060 4957 ut
1105 4920 1226 4975 quae
1266 4904 1383 4959 suis
1429 4903 1707 4966 manibus,
1752 4902 1974 4972 quando
2018 4899 2089 4952 ad

500 4997 670 5052 Deum
700 4999 959 5064 excessit,
994 4997 1116 5067 ejus
1141 4998 1279 5052 texit
1310 4998 1523 5051 oculos.
1560 4994 1681 5066 ipsa
1719 5009 1940 5065 quoque
1973 4992 2069 5045 ho-

503 5091 667 5162 Spitio
699 5106 954 5161 magnum
995 5091 1300 5160 accipiebat
1326 5089 1806 5159 Chrysostomum,
1835 5086 1884 5141 ei
1917 5085 2085 5138 libum

502 5182 796 5246 exhibens,
833 5190 1119 5252 propterea
1149 5181 1296 5252 quod
1328 5197 1437 5236 non
1475 5189 1662 5251 posset
1712 5177 1873 5233 avelli
1900 5191 1930 5229 a
1967 5185 2089 5230 stu-

508 5280 652 5345 diis;
687 5279 915 5347 ipseque
944 5292 1065 5331 eam
1102 5278 1155 5330 in
1205 5278 1448 5331 secundo
1494 5291 1594 5331 suo
1633 5274 1830 5328 exsilio
1872 5271 2090 5325 duobus

505 5372 758 5443 epistolis
791 5377 875 5425 est
914 5381 1258 5440 prosecutus.
1301 5366 1407 5423 Sed
1438 5369 1552 5422 inec
1583 5367 1803 5437 quidem
1850 5373 2036 5435 postea
2075 5380 2088 5417 :

508 5468 692 5520 veniat
728 5471 912 5517 autem
974 5461 1153 5516 oratio
1204 5460 1271 5516 ad
1340 5463 1416 5526 id,
1480 5460 1627 5532 quod
1687 5466 1771 5514 est
1833 5456 2084 5529 proposi-

511 5567 647 5615 tum.

582 5653 671 5709 9.5.
700 5652 830 5708 Post
847 5649 1122 5723 pontiﬁcis
1148 5644 1708 5704 secundaminsedem
1740 5658 1895 5699 suam
1926 5640 2088 5696 resti-

517 5746 797 5806 tutionem,
818 5759 941 5800 cum
970 5759 1079 5798 non
1096 5743 1322 5797 multum
1342 5739 1789 5811 praeterﬂuxisset
1812 5735 2096 5805 temporis,

589 5946 634 5979 ³⁵
664 5945 684 6001 l
710 5945 857 6001 Pctr.
886 5962 938 6013 v,
976 5948 1028 6001 5.

2184 4632 2405 4703 ἀρκύων
2438 4632 2741 4701 ἀμέτοχος,
2795 4631 2894 4699 τὴν
2952 4629 3168 4698 ἐκείνης
3237 4627 3577 4698 φιλοξενίαν,
3640 4626 3775 4696 ὕλην

2184 4726 2411 4794 ἀτιμίας
2460 4723 2555 4777 τοῦ
2607 4722 2895 4794 θεομισοῦς
2952 4723 3257 4792 εἰληφότος.
3313 4721 3463 4792 Αὕτη
3522 4722 3661 4790 μετὰ
3713 4735 3778 4788 γε

2188 4817 2420 4880 πολλοὺς
2449 4816 2744 4887 θεραπεύει
2775 4816 3080 4884 Νεκτὰριον
3111 4815 3301 4885 χερσὶν
3328 4814 3580 4877 οἰκείαις,
3618 4812 3779 4881 ἡνίκα

2191 4909 2330 4979 πρὸς
2357 4906 2490 4961 Θεὸν
2523 4907 2809 4978 ὲξεδήμει,
2853 4906 2922 4959 τά
2953 4906 3144 4959 τούτου
3191 4903 3480 4972 καλύψασα
3530 4903 3777 4973 ὄμματα.

2190 5001 2340 5071 Αὕτη
2393 5001 2486 5055 καὶ
2535 5000 2626 5053 τὸν
2687 5000 2861 5070 μέγαν
2920 4998 3116 5063 ξενίζει
3154 4997 3574 5068 Χρυσόστομον,
3632 4994 3782 5068 μάζῃ

2189 5094 2507 5164 δεξιουμένη
2556 5091 2643 5146 διὰ
2672 5091 2733 5145 τὸ
2765 5091 2932 5145 αὑτοῦ
2964 5091 3409 5162 ἀπερίσπαστονο
3450 5089 3545 5141 καὶ
3578 5087 3784 5156 ταύτην

2190 5190 2250 5241 ἐν
2282 5191 2349 5258 τῇ
2378 5186 2606 5257 δευτέρᾳ
2652 5184 2819 5237 αὑτοῦ
2855 5183 3043 5255 ὲξορίᾳ
3090 5182 3400 5242 ἐπιστολαῖς
3456 5180 3607 5232 δυσὶν
3655 5178 3779 5230 ἀντ-

2192 5277 2537 5345 εδεξιώσατο.
2600 5275 2761 5328 Ἀλλά
2792 5273 2968 5327 ταῦτά
3018 5290 3108 5343 μοι
3164 5271 3391 5343 ὓστερον
3419 5286 3430 5298 ’
3465 5271 3493 5321 6
3541 5267 3597 5320 δὲ
3628 5265 3786 5335 λόγος

2194 5372 2407 5425 εἶσιέτω
2439 5368 2575 5440 πρὸς
2602 5368 2662 5421 τὸ
2695 5366 3079 5439 προκείμενον.

2275 5649 2376 5697 κε’.
2410 5640 2563 5696 Μετά
2596 5638 2695 5709 τὴν
2720 5641 2799 5702 εἰς
2832 5637 2922 5692 τὸν
2961 5637 3152 5708 θρόνον
3185 5635 3447 5705 δευτέραν
3496 5627 3787 5685 ἀποκατά-

2218 5750 2407 5789 στασιν
2438 5732 2530 5786 τοῦ
2561 5731 2888 5803 ἀρχιερέως,
2938 5726 3136 5801 μικροῦ
3166 5725 3520 5797 διαρῤυέντος
3547 5724 3603 5775 ἐν
3638 5718 3790 5792 μέσῳ
