4084 6436
195 361 303 429 281

841 364 1130 431 ORATIO
1169 367 1391 430 XVIII.
1424 393 1492 405 -
1517 368 1905 431 LAUDATIO
1925 371 1983 433 S.
2019 373 2347 438 JOANNIS
2381 377 2801 446 CHRYSOST.

3375 392 3485 457 282

197 483 415 554 χρόνου,
451 480 775 550 συνεισῆλθέ
809 498 862 535 τι
894 483 1005 540 τῶν
1036 484 1352 553 ἀναγκαίως
1384 486 1656 556 δεομένων
1684 489 1784 559 τῆς

1891 489 2082 546 incidit
2113 493 2344 563 aliquid,
2374 496 2522 564 quod
2561 499 2876 555 necessario
2920 517 3060 574 opus
3093 505 3330 564 habebat
3364 528 3491 567 cor-

193 573 539 644 διορθώσεως
559 588 574 603 ⁸
613 575 709 627 καὶ
741 574 853 627 τῶν
879 575 1099 629 οίκείων
1132 577 1309 647 εἴχετο
1341 580 1484 632 κατά
1532 580 1733 651 κράτος
1756 582 1786 634 ὁ

194 668 306 721 τῶν
332 666 593 719 τοιούτων
614 666 937 738 διορθωτὴς,
970 671 1065 721 καὶ
1090 668 1249 733 αὖθις
1282 672 1315 740 ἡ
1352 669 1566 741 βασιλὶς
1595 672 1666 725 δι’
1686 672 1785 743 ὀρ-

195 760 301 829 τῆς
334 759 578 829 σφοδρᾶς
616 759 696 829 τῷ
724 761 945 827 ποιμένι
994 762 1313 815 καθίστατο.
1372 764 1438 816 Et
1494 780 1579 827 τις
1628 763 1785 835 ὑμῶν

195 847 305 907 οῐδε
328 852 421 906 τὸν
442 852 730 923 ἀργυροῦν
751 851 1069 923 ἀνδριάντα,
1099 855 1193 907 καὶ
1223 855 1323 918 τάς
1351 856 1626 926 δημώδεις
1662 859 1787 911 ἐκεῖ

198 946 438 1008 παιδιάς,
470 946 567 999 καὶ
589 944 686 998 τοῦ
716 944 861 999 θείου
890 946 1056 1017 δόμου
1120 948 1213 1000 τὸν
1243 948 1492 1019 θόρυόον,
1526 951 1622 1003 καὶ
1676 950 1780 1021 τὴν

200 1036 492 1107 ἀκοσμίαν,
527 1033 669 1089 οῖδεν
705 1036 735 1088 6
758 1037 924 1105 λέγω.
969 1036 1138 1091 Πάλιν
1168 1038 1262 1092 οὖν
1290 1040 1502 1107 ἀγῶνες
1528 1039 1593 1105 ἐξ
1630 1040 1785 1109 ἀγώ-

204 1149 328 1195 νων,
370 1131 464 1183 καὶ
525 1129 742 1183 σύνοδοι
795 1132 939 1184 κατά
990 1131 1085 1184 τοῦ
1145 1133 1468 1205 ἀρχιερέως.
1518 1133 1784 1189 Γινώσκει

208 1224 371 1276 ταῦτα
407 1226 434 1276 ό
458 1223 814 1291 διωκόμενος,
856 1225 954 1277 καὶ
986 1225 1086 1295 τήν
1126 1226 1455 1298 περιϐόητον
1503 1228 1786 1298 ἐκτίθησιν

207 1316 437 1383 ὁμιλίαν,
488 1315 684 1369 Πάλιν·
722 1315 1000 1383 Ἡρωδιὰς
1026 1317 1324 1385 μαίνεται.
1373 1319 1631 1374 Ἀνάπτει
1685 1321 1786 1391 τὴν

207 1408 363 1478 μῆνιν
416 1406 576 1460 τοῦτο
622 1409 727 1477 τῆς
772 1407 1079 1477 βασιλίδος⁶
1132 1412 1228 1464 καὶ
1286 1412 1449 1465 πάλιν
1502 1412 1788 1482 παρρησία

200 1502 311 1562 τοὶς
335 1499 685 1568 κατηγόροις.
746 1499 857 1551 Καὶ
912 1499 1176 1567 Θεόφιλος
1228 1501 1336 1555 ἀπὸ
1392 1502 1493 1572 τῆς
1532 1502 1785 1569 Ἀλεξαν-

197 1590 387 1663 δρείας
420 1589 832 1659 παραγενέσθαι
866 1589 1125 1659 δηλοῦται
1171 1594 1293 1662 μὲν,
1341 1592 1421 1647 ἔτι
1467 1595 1523 1648 δὲ
1576 1595 1789 1649 δειλιῶν

196 1686 225 1737 6
267 1683 503 1746 δείλαιος
546 1682 932 1738 ἀναϐάλλεται.
964 1683 1160 1754 Ὅμως
1216 1688 1518 1759 Ἀρειανῶν
1577 1690 1786 1755 κανόνι,

195 1775 453 1846 καθάπερ
516 1774 676 1844 τόξῳ,
741 1777 1094 1848 χρησάμενος
1120 1817 1133 1839 ,
1189 1779 1405 1849 βάλλειν
1462 1782 1787 1855 κατατολμᾷ

1887 583 2132 638 rectione
2162 603 2175 638 :
2224 593 2279 640 et
2306 602 2407 640 suo
2438 603 2540 658 pro
2581 590 2797 645 viribus
2830 591 3010 648 oiiicio
3042 594 3268 653 functus
3306 610 3389 656 est
3419 604 3487 666 is,

1886 675 1981 743 qui
2038 684 2157 728 erat
2200 692 2381 732 rerum
2443 680 2760 749 hujusmodi
2813 696 3133 756 corrector;
3198 700 3252 745 et
3295 707 3490 750 rursus

1886 767 2210 834 imperatrix
2246 769 2351 823 fuit
2391 771 2550 826 valde
2579 773 2719 828 irata
2746 778 2977 844 pastori.
3007 778 3062 833 Si
3088 797 3213 851 quis
3237 793 3481 842 vestrum

1888 858 1997 911 scit
2042 870 2357 929 argenteam
2392 871 2654 932 statuam,
2685 879 2741 921 et
2781 870 2873 939 qui
2906 871 3018 926 illic
3068 874 3272 931 fiebant
3328 879 3490 936 ludos

1886 947 2177 1014 publicos,
2217 960 2272 1005 ct
2324 951 2567 1008 divinam
2622 957 2793 1013 aedem
2849 963 3182 1018 contumelia
3213 967 3487 1035 affectam,

1889 1038 1996 1093 scit
2027 1041 2171 1109 quod
2199 1042 2346 1096 dico.
2379 1043 2598 1102 Rursus
2627 1064 2758 1119 ergo
2786 1055 3089 1108 certamina
3125 1072 3193 1111 ex
3228 1063 3489 1115 certami-

1887 1128 2073 1194 nibus,
2098 1138 2155 1184 et
2181 1134 2374 1200 synodi
2397 1134 2666 1193 adversus
2687 1140 3025 1208 pontiﬁcem.
3055 1142 3182 1201 Haec
3201 1153 3489 1219 cognoscit

1888 1220 1937 1276 is
1979 1234 2141 1291 quem
2194 1227 2689 1295 persequebantur,
2746 1241 2801 1285 et
2839 1235 3177 1291 celebratum
3230 1240 3382 1295 illum
3432 1250 3490 1296 et

1888 1311 2160 1383 insignem
2190 1316 2361 1373 habet
2390 1333 2702 1377 sermonem
2735 1341 2748 1376 :
2785 1322 2991 1380 Rursus
3025 1328 3155 1396 [urit
3198 1329 3486 1389 Herodias.

1889 1405 2005 1457 Hoc
2035 1408 2287 1461 accendit
2311 1410 2447 1464 iram
2476 1411 2876 1481 imperatricis,
2906 1424 2962 1470 et
2998 1433 3191 1473 rursus
3219 1422 3387 1477 libere
3425 1439 3489 1477 ac

1889 1493 2239 1551 conﬁdenter
2282 1509 2455 1569 agunt
2515 1514 2887 1558 accusatores.
2920 1504 2985 1559 Et
3016 1505 3331 1578 Theophilo
3362 1514 3486 1581 qui-

1890 1584 2013 1639 dem
2047 1588 2412 1659 signiﬁcatur,
2448 1602 2508 1647 ut
2533 1594 2721 1649 veniat
2754 1597 3087 1655 Alexandria
3122 1618 3136 1667 ;
3175 1602 3269 1656 sed
3309 1603 3490 1660 adhuc

1892 1675 2096 1732 timens
2136 1678 2316 1734 differt
2362 1682 2579 1739 infelix.
2628 1686 2836 1741 Ariano
2883 1696 3066 1744 tamen
3104 1707 3321 1747 canone
3364 1703 3487 1749 tan-

1890 1783 2057 1838 quam
2082 1786 2212 1826 arcu
2242 1789 2399 1837 usus,
2444 1777 2610 1831 audet
2645 1792 2769 1832 eum
2807 1778 2974 1836 ferire
2990 1782 3194 1851 jaculis
3222 1801 3285 1839 ex
3337 1796 3491 1841 atra-

194 1868 499 1938 τοξεύμασι
528 1870 638 1931 τοῖς
673 1870 738 1921 ὲκ
779 1869 1029 1939 μέλανος.
1073 1871 1186 1949 Τῆς
1231 1872 1290 1926 δι
1343 1872 1507 1943 βολῆς
1554 1874 1616 1929 τό
1664 1877 1785 1929 ἐκεῖ

1889 1868 2102 1915 mento.
2139 1862 2345 1919 Certus
2390 1873 2595 1934 autem,
2629 1872 2806 1937 {quem
2854 1870 3187 1940 aiferebant,
3241 1886 3362 1932 erat
3403 1879 3490 1932 hic

194 1960 429 2031 καίριον,
460 1961 542 2011 δτι
570 1959 694 2030 δίχα
724 1961 942 2015 συνόδου
986 1962 1015 2013 6
1054 1964 1405 2034 καθαιρεθεὶς
1452 1968 1519 2038 τῇ
1575 1968 1780 2038 ἐκκλη-

196 2052 287 2124 σία
315 2051 694 2123 είσέῥρευσεν.
756 2047 853 2116 Οἷς
885 2054 1123 2125 ἐντυχὼν
1162 2058 1190 2109 6
1221 2056 1362 2121 θεῖος
1419 2052 1573 2122 οὗτος
1620 2059 1783 2131 ἀνὴρ,

194 2146 288 2196 καὶ
311 2143 751 2214 διερωτώμενος,
783 2141 920 2198 Ὑπὸ
948 2144 1213 2215 βασιλέως
1240 2148 1532 2220 ὲξηλάθην,
1558 2150 1788 2220 ἀπεκρί-

192 2252 343 2299 νατο,
374 2235 467 2287 ὑπ’
499 2234 667 2288 αὐτοῦ
699 2234 965 2305 βασιλέως
1000 2237 1095 2288 καὶ
1141 2236 1472 2308 ἀνεκλήθην.
1536 2240 1603 2290 Ὅ
1658 2255 1787 2291 συν-

194 2328 372 2381 εδόκει
409 2326 511 2397 μὲν
548 2326 686 2390 τοῖς,
730 2326 849 2380 ὅσοι
898 2327 996 2379 τοῦ
1049 2327 1212 2399 ὀρθοῦ
1257 2330 1352 2382 καὶ
1381 2331 1651 2401 κρίματος
1690 2331 1789 2384 καὶ

196 2418 547 2487 φρονήματος
568 2432 584 2447 ο
616 2416 717 2468 καὶ
746 2417 774 2468 ὁ
802 2415 1059 2485 βασιλεὺς
1090 2419 1465 2473 συνεπείθετο.
1505 2422 1785 2489 Ἀνταγω-

195 2510 480 2578 νιζόμενον
525 2508 607 2573 δὲ,
662 2508 1043 2578 προσενώπιον
1090 2508 1187 2562 τοῦ
1231 2509 1521 2580 βασιλέως,
1570 2512 1631 2564 τὸ
1678 2512 1786 2565 τῶν

196 2601 525 2673 κακούργων
562 2601 822 2671 κηφήνων
854 2602 1081 2655 ἐκείνων
1112 2603 1343 2672 σμῆνος,
1382 2604 1459 2657 διε
1471 2604 1670 2674 μφόδει
1688 2607 1787 2677 τὴν

197 2693 395 2747 ἑαυτοῦ
426 2694 791 2763 ματαιότητα.
830 2693 1148 2764 Εἱσηγεῖταί
1177 2711 1261 2758 τις
1287 2696 1521 2750 ἐνταῦθα
1551 2698 1569 2767 ζ
1600 2697 1784 2750 Ἐλπί-

198 2786 307 2848 διος
334 2784 395 2837 δέ
430 2786 600 2850 ἐστιν,
629 2786 659 2839 ό
681 2785 784 2855 τῆς
819 2786 879 2837 ὲν
897 2785 1069 2857 Συρίᾳ
1090 2787 1437 2858 Λαοδικείας)
1470 2789 1786 2859 θαυμασίαν

201 2876 373 2940 δντως
402 2877 715 2947 εἰσήγησιν,
748 2877 840 2947 Μὴ
882 2877 1269 2949 θοριῖῧώμεθα,
1300 2879 1498 2948 λέγων,
1527 2883 1627 2933 ἐπὶ
1680 2882 1778 2935 τού

202 2967 471 3037 βασιλέως
496 2985 511 2999 ·
548 2969 805 3022 ἀπαίσιον
857 2970 1008 3040 γάρ·
1042 2969 1164 3022 ἀλλ’
1201 2972 1680 3042 ὑπογραψάτωσαν
1732 2976 1782 3027 οἱ

205 3059 505 3129 κατήγοροι
530 3060 614 3112 ὅτι
645 3059 934 3130 όμόπιστοι
965 3060 1073 3114 τῶν
1107 3062 1424 3133 ἐκθεμένων
1454 3065 1547 3117 τὸν
1582 3067 1786 3120 κανόνα

1886 1953 2056 2019 ictus,
2108 1957 2256 2026 quod
2296 1957 2509 2028 absque
2558 1963 2794 2031 synodo,
2843 1963 2940 2032 qui
2996 1973 3116 2020 erat
3164 1966 3485 2037 depositus.

1886 2044 2188 2115 irrupisset
2224 2049 2276 2102 in
2312 2051 2647 2118 ecclesiam;
2682 2069 2821 2124 quos
2853 2071 2977 2111 cum
3011 2060 3363 2116 convenisset
3398 2063 3489 2117 hic

1888 2138 1977 2192 vir
2025 2140 2243 2197 divinus
2287 2151 2341 2197 et
2388 2143 2457 2197 ab
2505 2144 2586 2199 eis
2629 2146 3083 2217 interrogaretur,
3138 2153 3425 2221 respondit
3472 2173 3486 2209 :

1888 2227 2170 2300 Expulsus
2205 2231 2282 2286 fni
2312 2234 2382 2288 ab
2412 2234 2764 2305 imperatore,
2807 2237 2883 2292 fui
2908 2239 3071 2294 etiam
3100 2252 3393 2299 revocatus
3420 2246 3490 2300 ab

1886 2321 2012 2391 ipso
2069 2324 2423 2394 imperatore.
2485 2327 2643 2392 Quod
2706 2329 2963 2398 placebat
3012 2332 3236 2401 quidem
3282 2335 3351 2389 iis
3395 2337 3487 2406 qui

1890 2424 2048 2468 erant
2079 2416 2215 2470 recti
2242 2417 2435 2486 judicii
2463 2427 2515 2473 et
2545 2422 2854 2486 sententiae,
2887 2431 2939 2478 et
2968 2423 3268 2495 imperator
3298 2428 3366 2482 iis
3398 2444 3490 2484 as-

1892 2504 2299 2570 sentiebatur;
2351 2522 2538 2561 coram
2596 2509 2930 2579 imperatore
2984 2520 3165 2566 autem
3223 2514 3489 2571 adversus

1889 2609 2014 2648 eum
2038 2595 2329 2651 decertans
2360 2598 2725 2665 malignorum
2782 2598 3033 2654 fucorum
3067 2616 3322 2669 examen,
3351 2615 3487 2661 stre-

1886 2688 2005 2757 pitu
2057 2688 2395 2743 obtundebat
2447 2690 2601 2744 illius
2636 2690 3072 2762 simplicitatem.
3112 2692 3269 2749 Tunc
3304 2708 3483 2754 autem

1889 2779 2099 2848 profert
2130 2779 2352 2849 quidam
2406 2782 2475 2851 (is
2520 2797 2650 2835 vero
2690 2791 2809 2837 erat
2862 2782 3149 2854 Eipidius,
3200 2786 3489 2843 Laodicea:

1889 2885 2013 2938 qua:
2061 2879 2145 2926 est
2186 2872 2240 2925 in
2278 2874 2438 2942 Syria
2475 2873 2801 2943 cpiscopus)
2836 2878 3166 2933 sententiam
3193 2879 3354 2949 plane
3388 2885 3487 2937 ad-

1888 2962 2197 3018 mirabilem
2234 2981 2247 3017 :
2283 2962 2362 3019 Ne
2395 2966 2818 3034 tumultuemur,
2862 2967 3064 3038 inquit,
3101 2971 3155 3024 in
3182 2983 3486 3044 conspectu

1891 3054 2240 3124 imperatoris
2276 3073 2291 3122 ;
2323 3055 2477 3111 nefas
2508 3066 2592 3112 est
2636 3058 2782 3113 enim
2815 3078 2827 3113 :
2868 3061 2962 3115 sed
3000 3060 3351 3118 subscribant
3391 3082 3487 3121 ac-

204 3151 573 3220 τυγχάνουσι·
604 3153 698 3204 καὶ
727 3150 912 3204 λύεται
941 3152 1003 3206 τὸ
1035 3153 1357 3223 ἀμφίϐολον.
1395 3157 1582 3220 Συνεὶς
1614 3156 1707 3212 οὖν
1755 3159 1783 3212 6

1889 3157 2177 3204 cusatores
2237 3164 2296 3203 se
2354 3164 2475 3204 esse
2518 3150 2764 3219 ejusdem
2820 3153 2967 3218 fidei,
3015 3156 3174 3224 cujus
3223 3168 3350 3212 sunt
3392 3160 3487 3230 qui

199 3242 497 3313 βασιλεὺςο
530 3243 608 3315 τῷ
643 3246 826 3316 ρᾴστῳ
876 3245 972 3301 τοῦ
1026 3248 1416 3319 προϐλήματος
1473 3250 1571 3322 τὴν
1632 3252 1787 3306 λύσιν

197 3336 294 3388 τοῦ
343 3335 777 3406 ἐγχειρήματος,
854 3337 996 3407 μετά
1063 3355 1207 3401 τινος
1270 3341 1629 3412 περιχαρείας
1693 3343 1787 3395 καὶ

198 3427 599 3497 μειδιάματος,
655 3426 844 3494 Οὐδὲν,
898 3429 1025 3498 ἔφη,
1061 3428 1252 3482 τούτου
1315 3430 1781 3503 λυσιτελέστερον.

196 3521 273 3574 Τὸ
310 3520 369 3575 δὲ
406 3520 806 3592 ἀμφίκρημνον
838 3519 934 3574 τοῦ
979 3521 1359 3592 προτεθέντος,
1413 3522 1622 3592 ίλίγγου
1672 3526 1788 3589 τοῖς

195 3614 535 3685 κατηγόροις
564 3614 782 3681 ἐγένετο
811 3614 1091 3685 πρόξενον.
1122 3615 1186 3667 Oi
1219 3615 1276 3668 δὲ
1304 3617 1542 3685 χείλεσιν
1596 3619 1788 3690 ἄκροις

196 3705 604 3776 ὑπισχνοῦνται
634 3707 753 3776 μὲν,
790 3707 967 3773 ἐξίασι
1006 3706 1064 3760 δὲ
1103 3708 1252 3761 κενοὶ
1290 3711 1386 3763 καὶ
1415 3709 1710 3781 ἄπρακτοι.

266 3888 385 3955 κς⁹.
417 3886 852 3943 Τούτων’ἀλλοτε
876 3887 1053 3951 ἄλλως
1085 3890 1496 3959 μηχανωμένων
1520 3889 1617 3944 καὶ
1646 3889 1788 3945 κατὰ

193 3983 397 4047 κύϐους
437 3980 861 4049 πεττευομένων
890 3982 1006 4044 τοῖς
1037 3981 1387 4052 κατηγόροις,
1426 3984 1594 4051 μῆνες
1646 4001 1789 4050 παρ-

197 4075 481 4127 ίππευσαν
530 4070 683 4124 δέκα.
748 4070 807 4122 ’0
846 4070 902 4124 δὲ
934 4071 1144 4140 ποιμὴν
1177 4071 1286 4124 τῶν
1344 4072 1613 4126 εἰωθότων
1664 4074 1787 4128 οὐδὲ

193 4166 368 4238 βραχύ
412 4183 475 4221 τι
503 4164 972 4234 παρελιμπάνετο,
1031 4165 1232 4234 μᾶλλον
1282 4166 1380 4236 μὲν
1402 4165 1496 4219 οὖν
1544 4166 1787 4221 ἐπεδίδου

191 4258 607 4332 περισσοτέρως
634 4260 756 4311 ὅσαι
787 4254 1015 4329 ἡμέραι.
1043 4258 1190 4312 Φιλεί
1220 4260 1328 4330 γάρ
1366 4275 1487 4323 πως
1532 4260 1560 4313 6
1593 4260 1787 4314 ἀκενό-

134 4350 142 4359 ’
187 4353 339 4417 δοξος
390 4350 531 4415 νοῦς
576 4350 641 4403 ἐν
694 4353 817 4415 ταῖς
866 4351 1227 4421 περιστάσεσι
1287 4351 1644 4422 χαριέστερον
1680 4352 1790 4405 δια·

187 4446 407 4500 κεῖσθαι
445 4445 550 4496 καὶ
591 4437 942 4515 λογιώτερον.
985 4444 1050 4496 Ol
1093 4444 1149 4496 δὲ
1178 4444 1281 4497 οὐκ
1321 4443 1565 4499 ἐδίδοσαν
1618 4442 1788 4499 ὕπνον

188 4542 298 4603 τοῖς
326 4538 663 4609 ὀφθαλμοῖς,
695 4537 756 4589 οὐ
798 4536 1064 4607 κατέσχον
1119 4536 1230 4591 τῶν
1255 4536 1535 4607 μηχανῶν,
1568 4537 1786 4608 πολιορ-

192 4628 420 4694 κοῦντες
440 4627 742 4692 παντοίως,
754 4625 851 4678 τοῦ
866 4625 1254 4695 τροπώσασθαι
1269 4626 1363 4681 καὶ
1377 4627 1785 4699 λαφυραγωγῆ-

190 4735 278 4771 σαι
298 4718 393 4772 τοῦ
411 4715 691 4790 βασιλέως
711 4718 804 4769 τὸν
820 4715 967 4769 νοῦν.
996 4716 1123 4769 Ὃδὲ
1135 4717 1388 4787 βασιλεύς
1406 4718 1670 4786 γενναίως
1687 4719 1787 4790 μὲν

191 4812 425 4882 ἀντεῖχε,
451 4810 557 4863 καὶ
588 4809 899 4862 ἀντετίθττο
938 4809 1101 4880 μέχρι
1126 4811 1291 4873 τινός.
1325 4810 1455 4864 Ὅτε
1490 4810 1546 4865 δὲ
1584 4812 1785 4865 πάντο·

193 4902 282 4956 θεν
320 4907 368 4958 οἱ
400 4905 716 4973 κατήγοροι
749 4901 809 4955 τὸ
840 4902 973 4955 ίδιον
1000 4903 1243 4971 ἀσφαλὲς
1303 4906 1784 4975 περιεποιήσαντο,

196 4998 285 5048 καί
314 5000 413 5051 οὒκ
445 4997 528 5051 ἔθ’
566 4990 678 5059 οἷός
727 5014 810 5060 τις
842 4992 910 5068 ἦν
948 4994 1017 5069 [6]
1051 4996 1189 5075 πρὸς
1216 4997 1316 5067 τὴν
1371 4998 1646 5068 τοσαύτην
1688 4998 1787 5049 ἐπ-

202 5091 499 5144 ανάστασιν
524 5088 623 5142 καὶ
652 5090 1103 5159 ἀντιπερίστασιν
1135 5087 1391 5161 κηρύξων
1424 5089 1456 5161 ἦ
1500 5090 1787 5162 βοηθήσων

199 5181 273 5248 τῷ
304 5182 569 5251 βασιλείῳ
602 5181 703 5245 νοῒ,
748 5184 1308 5252 καταμεμαλάκισται
1348 5186 1441 5236 καὶ
1475 5185 1658 5252 αὐτὸς,
1693 5188 1788 5239 καὶ

206 5274 337 5340 πρὸς
364 5277 427 5327 τὸ
463 5275 750 5345 πολέμιον,
784 5274 1127 5344 ἀνθρώπινόν
1180 5293 1231 5328 τι
1284 5275 1495 5339 παθὼν,
1552 5277 1786 5330 ὑποκλέ-

204 5381 390 5420 πτεται
417 5386 431 5401 ·
466 5370 565 5421 καὶ
597 5368 768 5430 ὅπως,
798 5367 1012 5437 τρανῶς
1042 5369 1377 5440 διηγήσομαι
1412 5386 1426 5399 ’
1476 5370 1541 5423 Ἠ
1571 5371 1787 5441 μεγάλη

204 5455 306 5510 τῶν
332 5459 565 5529 ἑορτῶν,
585 5461 620 5530 ή
650 5458 836 5530 ἡμέρα
864 5458 958 5511 τοῦ
984 5460 1225 5530 Χριστοῦ
1260 5462 1555 5528 γενεθλίων
1579 5464 1785 5534 παρῆν,

206 5553 344 5604 καιό
384 5551 666 5622 βασιλεὺς,
699 5552 775 5616 ὡς
803 5552 946 5617 ἔθος,
980 5553 1040 5605 οὐ
1080 5555 1401 5625 συμπαρῆν.
1466 5557 1688 5628 Ἐδήλου
1731 5559 1787 5612 δὲ

205 5642 277 5711 τῷ
306 5646 561 5715 ἀρχιερεῖ
597 5644 672 5716 μὴ
698 5645 965 5716 πρότερον
1018 5649 1366 5717 κοινωνῆσαι,
1403 5652 1532 5720 πρὶν
1566 5651 1598 5722 ἢ
1626 5652 1788 5706 αὐτὸν

205 5734 269 5786 τὰ
292 5734 618 5805 ἐγκλήματα
645 5737 1044 5792 ἀποδύσασθαι.
1073 5739 1229 5792 Οὕτω
1252 5739 1435 5810 διῆλθε
1467 5744 1559 5793 καὶ
1585 5742 1618 5811 ἡ
1652 5742 1788 5793 Τεσ-

209 5829 520 5898 σαρακοστή
541 5846 554 5859 ·
603 5830 698 5881 καὶ
730 5828 838 5900 πρὸ
878 5832 1007 5899 μιᾶς
1040 5831 1134 5885 τοῦ
1163 5835 1355 5903 Πάσχα
1382 5833 1542 5888 πάλιν
1574 5839 1600 5887 ό
1634 5834 1789 5905 βασι-

207 5916 346 5987 λεὺς,
379 5919 545 5992 βιαίῳ
576 5922 684 5975 τῶν
731 5924 1053 5996 κατηγόρων
1112 5926 1443 5997 ἐγκλήματι,
1508 5927 1659 5997 δηλοί
1713 5928 1779 5981 τὰ

1886 3239 2043 3293 illum
2093 3240 2389 3295 ediderunt
2421 3258 2712 3308 canoncm,
2750 3255 2804 3301 et
2836 3246 3017 3300 soluta
3068 3257 3154 3304 est
3188 3250 3485 3310 dubitatio.

1886 3332 2026 3386 Cum
2063 3348 2192 3404 ergo
2242 3335 2609 3391 intellexisset
2651 3338 2950 3407 imperator
2985 3339 3250 3395 facilitate
3282 3358 3486 3413 pr0po-

1888 3427 2111 3482 sitionis
2152 3428 2289 3481 solvi
2338 3428 2389 3482 id
2437 3427 2505 3483 de
2545 3446 2654 3499 quo
2699 3432 2982 3501 agebatur,
3020 3433 3176 3487 Imtus
3218 3441 3273 3487 et
3299 3435 3486 3490 subri-

1891 3518 2029 3574 dens
2070 3519 2207 3573 dixit
2244 3540 2256 3574 :
2314 3519 2461 3574 Nihil
2490 3532 2569 3576 est
2602 3522 2705 3577 hoc
2752 3523 2969 3578 melius.
3005 3523 3062 3577 Id
3106 3533 3288 3580 autem
3338 3530 3484 3597 quod

1889 3620 2009 3664 erat
2039 3612 2409 3680 propositum,
2434 3628 2559 3667 cum
2597 3622 2742 3669 esset
2771 3628 2974 3681 anceps
2997 3657 3011 3682 ,
3043 3616 3222 3672 t-ﬁecit
3255 3626 3312 3672 ut
3347 3620 3484 3673 cali-

1891 3709 2084 3770 garent
2120 3708 2492 3758 accusatores.
2536 3701 2602 3757 Et
2630 3712 2763 3758 tunc
2793 3706 3026 3760 summis
3060 3708 3283 3778 quidem
3320 3709 3484 3766 labiis

1890 3792 2245 3862 pollicentur,
2280 3808 2341 3849 re
2362 3801 2547 3848 autem
2580 3795 2785 3850 infecta
2814 3807 2944 3851 tunc
2969 3806 3196 3853 exeunt.

1961 3884 2055 3939 26.
2083 3883 2221 3940 Cum
2252 3885 2368 3939 haec
2402 3886 2538 3941 alias
2575 3888 2733 3941 aliter
2780 3889 3235 3943 machinarentur
3261 3905 3484 3946 accusa-

1891 3983 2062 4041 tores,
2101 3985 2155 4030 et
2208 3977 2434 4031 tesseris
2482 3977 2892 4047 quodammodo
2946 3979 3219 4044 luderent,
3262 3997 3483 4038 menses

1892 4068 2079 4124 decem
2127 4071 2532 4139 praeterierunt.
2592 4069 2790 4124 Pastor
2837 4079 3021 4124 autem
3080 4088 3147 4127 ne
3206 4075 3479 4128 tantillum

1892 4162 2112 4233 quidem
2165 4163 2638 4231 pratermittebat
2685 4178 2749 4215 cx
2813 4164 3094 4218 consuetis
3133 4181 3147 4230 ;
3190 4166 3300 4220 imo
3355 4182 3484 4221 vero

1892 4255 2141 4325 quotidie
2171 4256 2344 4325 magis
2395 4270 2459 4309 ac
2493 4256 2665 4325 magis
2710 4256 3015 4326 augebatur
3051 4259 3172 4327 ejus
3211 4259 3481 4315 studium.

1894 4347 2044 4402 Solet
2070 4347 2216 4402 enim
2250 4348 2435 4403 nescio
2464 4363 2574 4417 quo
2604 4349 2767 4401 modo
2800 4365 2978 4414 mens,
3010 4366 3131 4419 quae
3164 4360 3316 4406 caret
3340 4366 3482 4408 vana

1892 4440 2087 4512 gloria,
2110 4438 2411 4509 jucundius
2442 4440 2602 4504 allici,
2634 4448 2688 4495 et
2711 4456 2769 4496 sc
2794 4443 2967 4512 magis
2996 4444 3228 4498 rationis
3255 4459 3486 4517 compo-

1886 4544 2001 4588 tem
2035 4533 2330 4589 ostendere
2364 4532 2419 4587 in
2454 4533 2678 4588 casibus
2724 4534 2817 4603 qui
2865 4534 3146 4589 accidunt.
3187 4536 3267 4589 Illi
3301 4546 3484 4591 autem

1888 4642 2000 4681 non
2039 4625 2308 4681 dederunt
2349 4641 2603 4681 somnum
2640 4627 2839 4692 oculis,
2885 4628 3054 4683 nullis
3096 4629 3486 4685 abstinuerunt

1884 4718 2395 4775 machinationibus
2420 4758 2437 4783 ,
2489 4718 2842 4789 imperatoris
2874 4728 3111 4774 mentem
3145 4720 3482 4783 obsidentes,

1890 4823 1953 4868 ut
1983 4828 2102 4869 eam
2144 4811 2441 4868 funderent
2466 4822 2519 4868 et
2546 4814 2816 4882 captivam
2849 4813 3208 4868 abducerent.
3240 4812 3483 4883 Impera-

1885 4913 1977 4961 tor
2006 4920 2140 4961 vero
2173 4903 2497 4976 aliquandiu
2551 4905 2771 4959 fortiter
2800 4905 3002 4959 restitit
3032 4911 3087 4959 et
3132 4909 3481 4979 repugnavit.

1886 4994 2121 5062 Quando
2160 5002 2342 5051 autem
2386 4996 2535 5050 omni
2569 5010 2633 5051 ex
2684 5003 2836 5065 parte
2867 5002 2982 5048 tuta
3026 4995 3251 5052 fuerunt
3299 5000 3482 5068 omnia

1888 5087 2338 5154 accusatoribus,
2379 5102 2481 5142 nec
2518 5087 2664 5143 ullus
2694 5087 2800 5141 fuit
2834 5128 2849 5152 ,
2885 5087 2977 5157 qui
3021 5088 3287 5146 adversus
3318 5092 3482 5147 talem

1886 5176 2354 5236 insurrectionem
2393 5190 2577 5249 posset
2601 5182 2836 5251 amplius
2865 5182 3215 5250 imperatoris
3243 5193 3481 5239 mentem

1891 5273 2088 5329 fulcire
2116 5283 2170 5330 et
2210 5276 2258 5330 ei
2293 5291 2452 5345 Opem
2484 5274 2648 5337 ferre,
2689 5274 2807 5343 ipse
2838 5289 3060 5345 quoque
3086 5284 3170 5329 est
3214 5276 3481 5341 mollitus,

1892 5378 1946 5425 et
1992 5371 2290 5424 humanum
2324 5370 2457 5434 quid
2505 5384 2725 5439 passus,
2765 5368 2835 5423 ab
2897 5368 3119 5425 insidiis
3156 5366 3335 5423 hostis
3399 5381 3485 5425 est

1892 5464 2324 5519 circumventus.
2350 5462 2536 5517 Dicam
2573 5470 2754 5516 autem
2786 5470 2993 5535 aperte,
3026 5463 3318 5532 quomodo.
3353 5461 3482 5517 Erat

1892 5558 2008 5613 dies
2041 5557 2337 5621 maximus,
2367 5553 2573 5611 Christi
2607 5564 2785 5610 ortus.
2826 5555 3127 5626 Imperator
3162 5563 3368 5619 autem,
3422 5565 3484 5610 ut

1894 5666 2013 5707 mos
2043 5660 2149 5713 est,
2183 5663 2292 5703 non
2341 5648 2504 5704 simul
2531 5648 2742 5712 aderat,
2773 5646 3103 5718 signiﬁcavit
3130 5658 3309 5702 autem
3343 5664 3482 5719 pon-

1892 5746 2045 5809 tiﬁci,
2102 5759 2161 5800 se
2209 5757 2319 5798 non
2376 5745 2534 5812 prius
2576 5742 3114 5795 communicaturum
3151 5754 3316 5811 quam
3367 5742 3485 5810 ipse

1893 5838 2124 5891 crimina
2149 5835 2532 5892 diiuisset.Sic
2552 5837 2811 5907 praeteriit
2828 5835 2992 5892 etiam
3018 5835 3480 5906 Quadragesima;

1897 5939 1951 5984 et
1993 5928 2085 5985 die
2117 5943 2228 5984 uno
2257 5938 2381 5984 ante
2404 5927 2649 5995 Pascha,
2683 5944 2879 5985 rursus
2909 5929 3209 5998 imperator
3244 5928 3482 5983 violento
