4084 6436
328 355 436 420 285

977 353 1265 414 ORATIO
1304 350 1524 413 XVIII.
1562 373 1629 384 -
1669 345 2061 410 LAUDATIO
2092 345 2156 407 S.
2196 341 2520 404 JOANNIS
2555 340 2967 402 CHRYSOST.

3504 338 3613 405 286

402 466 509 528 κζ’.
562 461 802 525 Ἕξεισιν
848 462 876 514 ὁ
927 461 1181 532 βασιλεὺς
1231 462 1369 533 μετὰ
1403 461 1576 515 ταῦτα
1625 458 1914 530 γυμνασίοι

2102 454 2193 507 ΞΠ.
2246 452 2537 524 Egreditur
2578 463 2699 522 post
2739 452 2852 506 haec
2882 452 3180 522 imperator
3205 466 3235 506 e
3274 452 3421 523 regia
3447 467 3613 509 causa

328 557 490 627 χάριν
518 553 627 606 τῶν
661 552 973 623 βασιλείων
1009 554 1101 606 καὶ
1133 553 1323 623 βλέπει
1348 554 1410 605 τὸ
1436 552 1620 605 πεδίον
1646 549 1923 623 μακρόθεν

327 641 717 713 λευχειμονοῦν
748 644 861 705 τοῖς
906 642 1310 710 νεοφωτίστοις.
1343 638 1627 711 Θαυμάζει
1670 638 1748 709 τῷ
1795 637 1924 690 θεά-

329 754 463 806 ματι
483 776 498 798 ,
528 734 633 804 γῆς
664 733 824 797 ἄνθος
851 732 1025 787 δοκῶν
1054 733 1114 787 τὸ
1156 733 1453 804 ὁρώμενον.
1497 732 1774 805 ’Υπῆρχον
1813 731 1921 801 γὰρ

327 829 456 899 περὶ
494 828 828 899 τρισχιλίους
871 828 922 881 οἱ
954 827 1323 897 νεοφὼτιστοι.
1359 829 1605 899 Διερωτᾷ
1646 827 1700 881 τί
1730 827 1795 882 ἄν
1834 825 1931 895 εἴη

324 920 485 974 τοῦτο
536 918 675 987 (καὶ
739 920 841 990 δρα
881 918 946 988 δή
982 936 1072 988 μοι
1114 918 1211 986 τῆς
1252 921 1497 990 πονηρᾶς
1539 918 1792 986 γλώσσης
1826 916 1922 987 τὴν

325 1010 649 1078 ὶξαπάτηνγ
669 1008 790 1061 Τῶν
820 1008 1167 1079 ἑτεροδόξων,
1196 1008 1428 1079 ἔφησαν,
1459 1007 1921 1062 Οὐαλεντινιανῶν

329 1106 478 1153 ἔστιν
506 1103 538 1171 η
562 1100 793 1170 πληθύς.
814 1101 926 1154 Καὶ
953 1100 1069 1170 ἆμα
1091 1101 1169 1171 τῷ
1200 1101 1368 1172 λόγῳ,
1390 1100 1565 1172 λάθρα
1595 1100 1711 1153 κατ’
1739 1097 1919 1152 αὐτῶν

330 1189 571 1260 ὁρμῶσιν
607 1190 800 1261 ἄνδρες
835 1190 1109 1262 ξιφήρεις.
1144 1188 1255 1262 Καὶ
1280 1192 1348 1244 τὰ
1374 1190 1470 1244 ἐπὶ
1497 1190 1710 1253 τούτοις
1742 1190 1825 1252 τίς
1854 1189 1920 1242 ἂν

333 1280 484 1348 λόγος
520 1281 967 1352 παρώηλὼσεικ
997 1282 1160 1337 πάλιν
1190 1282 1433 1354 πληγαὶ,
1466 1282 1627 1336 πάλιν
1654 1281 1915 1351 βάσανοι,

329 1374 491 1428 πάλιν
518 1373 716 1442 δεσμὰ,
745 1374 907 1429 πάλιν
931 1375 1191 1444 φυλακαί.
1224 1375 1308 1430 Τὰ
1328 1377 1698 1447 δεσμωτήρια,
1724 1375 1919 1444 ὲκκλη⁶

327 1464 479 1528 σίαι,
527 1464 710 1535 πλήρη
761 1462 949 1534 ὕμνων
998 1467 1091 1519 καὶ
1138 1464 1489 1535 δοξολογιῶν·
1522 1468 1578 1519 αἱ
1628 1465 1917 1537 ἐκκλησίαι

324 1556 544 1625 χείρους
581 1554 997 1628 δεσμωτηρίων,
1033 1556 1256 1623 ποινῶν,
1291 1556 1573 1626 μαστίγων
1606 1556 1917 1628 πληρέστα-

322 1661 434 1710 ται,
463 1646 556 1699 καὶ
588 1645 996 1716 στρεϐλώσεων.
1029 1647 1151 1700 Ἔτι
1182 1647 1354 1719 μῆνες
1389 1650 1447 1703 ἐν
1479 1648 1632 1720 μέσῳ
1661 1649 1756 1703 δύο
1778 1691 1793 1715 ,
1824 1651 1917 1703 καὶ

321 1738 350 1786 ὁ
386 1735 640 1805 βασιλεὺς
672 1736 763 1810 βίᾳ
793 1738 1061 1803 πεισθεὶς,
1090 1739 1241 1811 δηλοῖ
1266 1739 1343 1811 τῷ
1371 1742 1654 1811 ἀρχιερεῖ·
1673 1742 1747 1796 Τὸ
1774 1742 1915 1797 κατά

323 1829 418 1881 σοῦ
458 1830 566 1883 τῶν
603 1831 711 1885 σῶν
738 1808 1071 1903 ⁷κατηγόρων
1103 1808 1383 1905 ήνπληθῦς
1537 1808 1773 1899 ’ἑαυτοῖς
1817 1837 1914 1889 £7:-
1946 1808 1989 1864 Β

323 1922 630 1977 εσπάσαντο
659 1924 853 1995 κρίμα.
879 1924 1071 1977 Τοίνυν
1105 1926 1268 1990 αὐτὸς
1292 1926 1360 1980 τὰ
1386 1928 1525 1981 κατά
1553 1928 1752 1982 σαυτὸν
1780 1929 1913 1981 ἀνα-

321 2014 433 2078 θεὶς
493 2016 589 2069 ἐπὶ
635 2015 730 2070 τὸν
784 2016 951 2084 Θεὸν,
998 2017 1181 2083 ἔξελθε
1227 2020 1326 2091 τῆς
1376 2021 1694 2093 ἐκκλησίας.
1743 2022 1915 2075 Τοῦτο

320 2108 534 2177 τρανῶς
570 2111 598 2163 ὁ
625 2109 770 2181 ίερδς
800 2110 1042 2183 ἀθλητὴς
1068 2112 1308 2183 δηλωθὲν
1341 2114 1614 2182 διαγνοὺς,
1645 2116 1912 2186 παραινέ-

321 2217 444 2266 σας,
478 2202 773 2273 στηρίξας,
802 2204 1188 2275 οἰκοδομήσας,
1220 2208 1290 2260 τὰ
1314 2206 1577 2261 κάλλιστα
1609 2209 1743 2261 πᾶσι
1776 2225 1910 2279 συμ-

321 2292 773 2362 6ουλευσάμενος,
799 2295 1005 2359 πάντας
1021 2298 1521 2369 κατασπασάμενος
1546 2299 1625 2368 τῷ
1649 2300 1792 2370 ἁγίῳ
1820 2301 1914 2353 καὶ

318 2384 622 2455 τελευταίῳ
652 2386 952 2457 φιλήματι,
984 2387 1077 2441 τὸν
1112 2391 1510 2461 συντακτήριον
1545 2389 1912 2446 ἀποδέδωκεν.

322 2475 443 2529 Ἔτι
473 2476 530 2529 δὲ
579 2477 845 2549 παραθεὶς
888 2478 987 2555 τὰς
1021 2483 1151 2552 περὶ
1199 2480 1297 2553 τὴν
1345 2481 1656 2552 θαυμασίαν
1712 2482 1912 2553 Ὀλυμ-

316 2567 483 2620 πιάδα
504 2568 783 2634 διακόνους
802 2570 913 2624 τῶν
932 2571 1347 2626 εὒλαϐεστάτων
1370 2572 1761 2645 πρεσϐυτέρων
1780 2576 1909 2638 τινὶ,

313 2660 414 2729 τῆς
439 2660 737 2732 ἐκκλησίας
766 2662 1047 2734 ἐξέρχεται
1072 2689 1095 2729 ς’
1123 2665 1473 2729 συνελθόντος
1508 2666 1659 2737 αὐτῷ
1692 2670 1785 2720 καὶ
1811 2667 1907 2720 τοῦ

314 2752 684 2817 φυλάσσοντος
732 2754 965 2823 ἀγγέλου
1014 2755 1111 2826 τὴν
1149 2757 1448 2828 ἐκκλησίαν
1475 2798 1491 2823 ,
1536 2758 1611 2829 μὴ
1651 2760 1909 2830 φέροντος

313 2841 519 2913 ταύτης
566 2845 701 2916 ὁρᾷν
738 2846 837 2917 τὴν
870 2849 1127 2919 ἐρημίαν.
1174 2844 1283 2903 ’Ἦν
1324 2850 1435 2923 γὰρ
1480 2851 1632 2905 οὐδὲν
1683 2852 1906 2923 ἄμεινον

316 2935 438 2988 τότε
467 2935 695 3010 θεάτρου
729 2939 1051 3012 διακειμένη
1074 2984 1088 3006 ,
1120 2941 1499 3014 κλωθωμένων
1519 2986 1532 3010 ,
1566 2945 1870 3017 τρεχόντων
1889 2986 1904 3011 ,

322 3026 669 3094 ροιζοὺντων,
693 3034 1217 3105 καταμωκωμένων,
1237 3034 1392 3089 διασυ
1402 3038 1603 3107 ρόντων
1623 3038 1715 3091 τὸν
1731 3037 1909 3106 ἅγιον.
1938 3016 1983 3078 C

318 3117 527 3187 Φρικτά
554 3121 744 3190 ταῦτα,
778 3126 873 3177 καὶ
899 3122 1114 3195 θρήνων
1150 3125 1351 3194 ἐπάξια
1371 3143 1384 3158 ο
1418 3129 1508 3197 ὑφ’
1541 3120 1615 3183 ὧν
1651 3130 1743 3181 καὶ
1776 3131 1803 3182 ὁ
1827 3130 1914 3182 λό-

316 3227 413 3279 γος
446 3215 781 3286 συμπάσχει,
824 3219 1188 3293 κομματικῶς
1219 3218 1318 3292 τὴν
1353 3222 1575 3291 μνήμην
1608 3222 1900 3293 προϐαλλό-

317 3319 500 3370 μενος.
533 3305 577 3358 Τ
582 3305 614 3359 ἀ
645 3306 898 3361 ἐντεῦθεν
929 3292 1285 3383 φρικτότερα.
1331 3313 1420 3366 Ἐν
1459 3314 1596 3385 αὐτῇ
1626 3292 1693 3385 τῇ
1729 3314 1913 3385 ἡμέρᾳ

311 3396 412 3464 τῆς
441 3396 535 3450 τοῦ
560 3400 846 3472 φωστῆρος
872 3401 1107 3467 διώξεως
1138 3404 1170 3475 ἢ
1202 3405 1551 3470 καταδύσεως
1587 3405 1830 3460 τοιοῦτόν
1858 3426 1910 3460 τι

314 3488 756 3559 φρικωδέστατον
773 3492 978 3559 γίνεται
1003 3510 1014 3524 ο
1049 3494 1407 3567 Φοϐερωτάτη
1431 3499 1664 3566 φανεῖσα
1690 3497 1751 3568 φ)
1762 3498 1821 3566 ὸξ
1846 3500 1909 3551 ὲκ

315 3579 482 3647 μέσου
512 3581 609 3635 τοῦ
641 3582 830 3654 θρόνου
854 3625 869 3649 ,
917 3588 975 3638 ἐν
1001 3580 1045 3654 ᾧ
1072 3587 1181 3641 τῶν
1211 3588 1385 3657 λόγων
1425 3592 1454 3642 ὀ
1493 3590 1782 3661 ὑποφήτης
1817 3591 1910 3645 τοῦ

313 3675 472 3745 λόγου
503 3678 601 3742 τὰς
631 3677 923 3751 ἐξηγήσεις
956 3682 1139 3736 εἰώθει
1171 3685 1376 3750 ποιεῖν,
1404 3684 1671 3755 διαχεῖται
1700 3686 1797 3756 τῆς
1823 3687 1914 3739 έκ-

313 3769 541 3840 κλησίας
579 3772 831 3841 ἁπάσης,
860 3774 1283 3846 ἀποδενδροῦται
1334 3775 1472 3846 πρὸς
1517 3774 1651 3847 ὕψος
1680 3777 1769 3831 διὰ
1801 3778 1911 3830 τῶν

310 3862 558 3916 ἁλύσεων
590 3863 721 3936 ἄχρι
765 3864 866 3936 τῆς
898 3868 1105 3938 ὀροφῆς
1138 3867 1233 3922 τοῦ
1266 3868 1466 3923 κώνου·
1499 3870 1622 3937 καὶ,
1659 3869 1913 3941 καθάπερ

313 3952 427 4023 εχις
458 3956 701 4027 γαστέρα
729 3957 1000 4028 φαγοῦσα,
1031 3959 1129 4029 τῆς
1154 3960 1448 4031 ἐκκλησίας
1475 3962 1568 4014 ἐπὶ
1591 3961 1759 4016 νῶτον
1782 3963 1910 4031 ἐφέ-

314 4061 439 4114 ρετο
462 4086 478 4109 ,
508 4048 924 4119 σωφρονίζουσα
947 4090 962 4115 ,
1016 4051 1474 4123 καταπλήττουσα
1516 4052 1723 4117 πάντας
1744 4095 1760 4118 ,
1802 4052 1910 4107 τῶν

311 4138 598 4210 τολμητῶν
628 4140 989 4211 θεατρίζουσα
1017 4142 1088 4198 τὰ
1114 4144 1463 4216 τολμήματα.
1508 4146 1620 4200 Καὶ
1648 4146 1701 4199 τί
1731 4146 1793 4200 τὸ
1823 4149 1911 4201 ἐν·

307 4228 532 4297 τεῦθενς
567 4231 908 4303 Ἀπηλιῶτου
948 4235 1298 4290 ἐπεισϐάλλει
1326 4237 1485 4308 πνοὴ,
1520 4236 1841 4292 καὶιθᾶττον
1875 4238 1908 4309 ἢ

308 4319 487 4427 λόγος,
520 4324 610 4378 τὸν
748 4326 1056 4427 συγκλήτοέ
1081 4328 1278 4400 βουλῆς
1305 4331 1710 4385 καταϐόσκεται
1732 4327 1905 4387 οἷκον.
1943 4369 1988 4427 D

308 4405 442 4464 Εἶτα
459 4411 695 4487 διαπερᾷ
717 4416 971 4486 λογικῶς,
990 4412 1078 4472 οἷα
1102 4419 1160 4473 τὸ
1180 4420 1315 4491 πῦρ,
1340 4422 1434 4474 ἐπὶ
1467 4423 1565 4486 τὰς
1600 4422 1909 4493 βασιλείους

307 4504 479 4569 αὐλάς
504 4522 519 4535 ο
565 4505 810 4578 θάμϐους
866 4504 935 4581 ἦν
983 4511 1254 4578 κατιδεῖν,
1289 4513 1532 4584 ὡσπερεὶ
1566 4514 1776 4584 μεταξὺ
1811 4517 1913 4571 δύο

306 4598 552 4665 πυρίνων
577 4600 782 4670 ὀρέων,
814 4601 906 4656 τὸν
952 4603 1053 4673 μὲν
1081 4603 1228 4658 ἔνδον
1275 4605 1402 4659 λαὸν
1432 4606 1509 4678 μὴ
1540 4607 1865 4679 λωϐῶμενον
1890 4624 1906 4638 ·

303 4690 448 4743 τὰδὲ
476 4690 658 4746 ἐκεῖσε
684 4692 910 4764 δώματα
942 4695 1475 4768 καταδαπανῶμεναο
1508 4699 1618 4754 τῶν
1655 4702 1701 4754 θ’
1742 4703 1903 4773 ἱερῶν

303 4781 607 4852 κειμηλίων
638 4783 700 4837 τὸ
731 4783 844 4856 πῦρ
874 4785 951 4858 μὴ
980 4786 1189 4857 ψαῦσαι
1222 4788 1603 4860 κατατολμῶν,
1646 4792 1740 4844 καὶ
1769 4808 1899 4863 στη-

304 4870 515 4925 λιτεῦον
560 4873 660 4944 τήν
702 4874 869 4946 ἄλλην
921 4877 1029 4932 τῶν
1067 4878 1423 4949 συκοφαντῶν
1461 4880 1785 4954 τολμηρέαν,
1816 4884 1896 4945 ¹τί

302 4964 695 5037 τολμησάντων
743 4969 958 5037 είπεῐν;
1000 4970 1120 5024 Ὅτι
1146 4970 1216 5024 δι’
1247 4970 1538 5045 ἀφαίρεσιν
1566 4974 1675 5028 τῶν
1703 4974 1899 5047 τιμίων

305 5058 480 5124 ὑλῶν,
519 5059 628 5113 τῶν
666 5061 829 5133 ἱερῶν
878 5063 1182 5135 κειμηλίων
1226 5067 1255 5119 ὁ
1305 5066 1484 5137 ἱερεὺς
1530 5067 1893 5139 ἀπελήλαται.

304 5149 412 5202 Καὶ
456 5150 517 5203 οὐ
544 5150 704 5204 τοῦτο
746 5152 907 5222 μόνον
955 5152 1042 5224 (ῶ
1097 5154 1306 5225 τόλμης
1351 5154 1652 5226 ἀνθρώπων
1686 5157 1772 5212 Ῑῶ
1803 5156 1898 5211 τοῦ

302 5239 611 5306 κρείττονος
643 5240 945 5312 ἀνοχῆςῐ),
978 5242 1093 5296 ἀλλ’
1140 5243 1221 5297 ἔτι
1266 5245 1521 5317 πονηρῶς
1570 5247 1664 5302 καὶ
1720 5246 1895 5311 ἀθέως

299 5333 413 5392 τοῖς
437 5332 767 5404 κατηγόροις
794 5334 1249 5407 διαπεφήμισται,
1274 5338 1357 5392 ὅτι
1401 5339 1652 5412 Ἰωάννην
1683 5343 1732 5395 οἱ
1762 5344 1898 5411 ἀγα-

300 5423 512 5487 πῶντες
531 5467 546 5493 ,
578 5426 676 5497 τὴν
709 5426 1009 5498 ἐκκλησίαν
1037 5430 1372 5503 ἐνέπρησαν.
1404 5434 1586 5503 Τάφος
1612 5435 1897 5507 ἀνεῳγμέο

298 5530 387 5577 νος
412 5514 582 5579 ὅντως
612 5518 640 5570 ὁ
668 5516 877 5588 λάρυγξ
908 5519 1110 5574 αὐτῶν.

2025 547 2460 610 exercitationis,
2487 556 2541 599 et
2564 545 2709 599 videt
2741 545 2928 613 procul
2952 560 3205 614 campum
3248 547 3613 601 albescentem

2026 637 2277 693 candidis
2312 640 2557 694 vestibus
2602 652 2818 699 eorum,
2867 639 2959 708 qui
2995 653 3187 691 recens
3217 624 3375 693 erant
3409 640 3613 693 illumi-

2026 731 2162 785 nati.
2191 728 2267 784 Eo
2307 738 2488 785 autem
2518 730 2840 800 spectaculo
2870 729 3102 783 adicitur
3133 731 3517 799 admiratione,
3555 742 3614 786 ut

2025 822 2118 893 qui
2151 829 2313 877 terrae
2343 821 2532 876 ﬂorem
2580 831 2798 892 putaret
2828 837 2951 878 esse
2991 822 3046 876 id
3080 823 3226 893 quod
3261 825 3611 881 cernebatur.

2027 914 2196 970 Erant
2229 915 2373 969 enirn
2422 929 2614 968 recens
2640 915 3077 970 illuminatorum
3117 915 3220 969 tria
3249 916 3417 970 millia
3452 911 3615 972 cir'ci-

2025 1017 2107 1063 ter
2146 1025 2159 1061 :
2214 1016 2406 1079 rogat,
2452 1008 2714 1077 quidnam
2763 1008 2868 1063 hoc
2915 1009 3007 1064 sit.
3050 1008 3184 1064 Vide
3224 1019 3407 1066 autem
3457 1010 3616 1065 malae

2025 1101 2221 1170 lingua:
2247 1099 2652 1170 decoptionem.
2692 1100 2808 1166 Est,
2835 1102 3111 1172 inquiunt,
3154 1103 3610 1159 hcterodoxorum

2024 1190 2319 1244 multitudo
2338 1191 3043 1259 Valentinianorum.QuOd
3065 1195 3230 1249 simul
3256 1206 3417 1266 atque
3438 1197 3613 1253 dixis-

2022 1291 2164 1348 sent,
2187 1297 2255 1336 ex
2285 1281 2503 1338 insidiis
2533 1283 2585 1337 in
2611 1298 2708 1338 eos
2731 1285 2996 1354 impetum
3024 1284 3233 1339 faciunt
3256 1288 3355 1341 viri
3389 1290 3610 1344 armati.

2021 1374 2153 1440 Quae
2184 1388 2314 1430 vero
2347 1374 2591 1445 postluec
2623 1384 2753 1431 sunt
2774 1385 3096 1440 consecuta,
3136 1393 3385 1447 quaenam
3423 1391 3612 1436 osten—

2020 1467 2163 1521 derit
2187 1468 2365 1522 oratio
2405 1467 2427 1520 ?
2462 1465 2675 1524 Rursus
2710 1468 2901 1538 plagae,
2932 1483 3124 1523 rursus
3166 1477 3460 1535 tormenta,
3491 1471 3613 1525 r’ur-

2022 1574 2116 1613 sus
2158 1559 2412 1623 vincula,
2454 1574 2648 1615 rursus
2688 1560 2979 1615 custodite.
3025 1558 3287 1617 Carceres
3321 1572 3478 1617 erant
3520 1579 3615 1618 ec-

2020 1651 2203 1708 clesiae
2234 1651 2408 1722 plenae
2451 1651 2669 1724 hymnis
2700 1662 2754 1707 et
2786 1651 3323 1722 gloriﬁcationibus:
3368 1654 3616 1712 ecclesiae

2019 1754 2151 1795 vero
2197 1740 2505 1797 deteriores
2563 1742 2903 1807 carceribus,
2966 1743 3168 1815 poenis,
3237 1742 3503 1816 ﬂagellis,
3560 1758 3615 1801 et

2020 1832 2310 1887 tormentis
2338 1833 2691 1903 plenissimae.
2731 1833 2849 1889 Duo
2868 1835 3050 1890 adhuc
3088 1850 3306 1891 menses
3344 1837 3611 1894 interces-

2018 1933 2247 1987 serunt,
2281 1934 2336 1979 et
2369 1923 2669 1994 imperator
2700 1926 2750 1979 vi
2794 1942 3118 1997 persuasus,
3158 1928 3435 2000 signiﬁcat
3471 1946 3611 2001 pon-

2021 2015 2175 2079 tiﬁci,
2215 2016 2408 2072 dicens
2440 2035 2453 2071 :
2484 2015 2778 2074 Multitudo
2823 2028 3043 2075 tuorum
3074 2022 3521 2077 adversariorum
3558 2025 3612 2078 in

2018 2123 2077 2163 se
2111 2108 2335 2163 attraxit
2364 2109 2413 2163 id
2440 2110 2584 2179 quod
2606 2111 2660 2165 in
2698 2118 2750 2167 te
2779 2110 2881 2164 fuit
2912 2112 3275 2167 constitutum
3318 2113 3609 2183 judicium.

2018 2198 2100 2254 Tu
2140 2216 2271 2273 ergo
2308 2217 2398 2258 res
2445 2212 2568 2258 tuas
2610 2201 2721 2287 Deo
2769 2204 3122 2259 committens
3150 2243 3166 2267 ,
3223 2207 3483 2276 egredere
3546 2222 3607 2259 cx

2016 2293 2272 2349 ecclesia.
2320 2292 2436 2350 Hoc
2484 2310 2608 2350 cum
2650 2307 2836 2366 aperte
2871 2295 2976 2350 sibi
3016 2296 3387 2368 signiﬁcatum
3421 2311 3611 2352 sacru-

2016 2392 2243 2443 Sanctus
2290 2387 2658 2444 intellexisset
2703 2388 2929 2455 athleta,
2963 2400 3252 2460 postquam
3303 2390 3610 2455 admonuit,

2014 2478 2366 2533 contlrmavit
2388 2518 2405 2544 ,
2438 2478 2750 2546 aedificavit,
2789 2480 3050 2536 omnibus
3081 2497 3204 2552 qua:
3244 2492 3372 2538 sunt
3406 2485 3612 2554 optima

2015 2571 2317 2639 consuluit,
2338 2587 2643 2643 omnesque
2674 2582 2760 2629 cst
2789 2574 3076 2629 osculatus
3108 2584 3301 2629 sancto
3331 2585 3386 2629 et
3417 2576 3612 2630 ultimo

2016 2663 2227 2726 osculo,
2272 2676 2368 2718 eos
2412 2662 2597 2718 valere
2632 2662 2823 2733 jussit.
2884 2662 3155 2719 Praeterea
3201 2672 3410 2728 autem,
3461 2681 3585 2719 eum

2015 2769 2137 2823 qua
2167 2769 2292 2808 cum
2329 2753 2639 2808 admirabili
2673 2752 2993 2825 Olympiade
3036 2763 3194 2809 erant
3216 2796 3229 2819 ,
3264 2755 3611 2812 diaconissas

2015 2846 2234 2901 cuidam
2271 2846 2427 2901 valde
2454 2847 2545 2916 pio
2579 2860 2644 2901 ac
2678 2845 2939 2917 religioso
2981 2846 3301 2917 presbytero
3326 2861 3609 2903 commen-

2014 2938 2223 3006 dasset,
2260 2938 2543 3011 egreditur
2567 2953 2633 2994 ετ
2659 2939 2923 3004 ecclesia,
2964 2940 3128 2995 simul
3158 2955 3283 2995 cum
3317 2940 3436 3011 ipso
3469 2956 3609 3011 quo-

2016 3045 2122 3099 que
2153 3044 2382 3100 egresso
2417 3030 2637 3100 angelo,
2670 3030 2765 3100 qui
2799 3030 3149 3086 custodiebat
3194 3030 3511 3098 ecclesiam,
3552 3043 3610 3086 ut

2016 3124 2110 3193 qui
2142 3138 2250 3178 non
2284 3122 2448 3178 ferret
2467 3122 2609 3179 hanc
2638 3123 2823 3179 videre
2854 3123 3228 3180 solitudinem.
3261 3122 3445 3179 Nihilo
3461 3125 3607 3179 enim

2018 3214 2215 3268 melius
2237 3225 2356 3267 erat
2390 3224 2521 3267 tunc
2544 3212 2758 3280 affecta,
2792 3230 2956 3285 quam
2997 3206 3299 3282 tl'teatrum,
3330 3229 3456 3270 cum
3490 3214 3609 3269 dis-

2017 3318 2324 3369 currerent,
2374 3306 2866 3372 tumultuarentur,
2886 3307 3272 3372 cxsibilarent,
3290 3306 3605 3373 irriderent,

2018 3397 2439 3467 maledictisque
2464 3407 2717 3455 sanctum
2751 3400 3115 3455 incesserent.
3149 3398 3290 3455 Sunt
3319 3399 3434 3455 haec
3475 3400 3607 3453 hor-

2017 3490 2185 3546 renda
2226 3498 2279 3546 et
2315 3491 2481 3562 digna
2534 3491 3068 3557 lamentationibus,
3113 3506 3143 3545 a
3188 3492 3388 3562 quibus
3439 3493 3603 3548 simul

2015 3581 2181 3637 etiam
2220 3580 2457 3637 ailicitur
2487 3583 2687 3648 oratio,
2728 3598 2850 3653 qua:
2878 3597 3070 3638 eorum
3103 3584 3353 3639 meminit
3393 3599 3488 3655 per
3517 3586 3605 3638 iu-

2014 3674 2149 3729 cisa.
2177 3673 2311 3739 Quae
2342 3672 2606 3744 deinceps
2635 3682 3075 3744 consequuntur,
3105 3684 3236 3729 sunt
3272 3675 3449 3746 magis
3478 3677 3606 3729 hor-

2019 3765 2220 3821 ribilia.
2255 3766 2333 3821 Eo
2386 3766 2507 3837 ipso
2549 3766 2640 3821 die
2682 3766 3087 3836 persecutionis
3117 3766 3235 3823 sive
3259 3782 3496 3822 occasus
3520 3768 3603 3821 lu-

2016 3859 2266 3925 minaris,
2302 3860 2359 3912 iit
2390 3859 2496 3912 tale
2525 3856 2658 3927 quid
2690 3859 2929 3913 maxime
2962 3857 3247 3913 horribile.
3289 3856 3608 3913 Terribilis...

2015 3952 2157 4007 sima
2214 3965 2486 4022 apparens
2520 3949 2737 4004 ﬂarnma
2788 3966 2855 4004 ex
2912 3950 3094 4005 medio
3142 3950 3363 4017 throno,
3400 3952 3454 4004 in
3492 3968 3604 4021 quo

2017 4043 2170 4100 verbi
2206 4044 2479 4113 interpres
2510 4041 2724 4096 solebat
2753 4042 3104 4112 interpretari
3137 4039 3481 4114 Scripturas,
3509 4058 3603 4112 per

2017 4136 2331 4191 universam
2402 4133 2732 4189 ditl‘unditur
2789 4131 3122 4199 ecclesiam,
3183 4141 3239 4188 et
3306 4134 3601 4189 catenatim

2013 4228 2259 4300 assurgit
2284 4228 2337 4281 in
2378 4226 2727 4281 altitudinem
2761 4238 2937 4294 usque
2969 4224 3038 4278 ad
3065 4233 3272 4281 tectum
3294 4235 3349 4281 et
3376 4225 3603 4297 perinde

2015 4337 2080 4378 ac
2110 4323 2322 4393 vipera,
2351 4335 2474 4391 quae
2496 4318 2679 4374 exedit
2712 4327 2953 4386 uterum,
2987 4318 3164 4375 fertur
3184 4334 3348 4389 super
3383 4329 3599 4390 tergora

2012 4412 2284 4474 ecclesiae,
2317 4411 2619 4482 castigans,
2672 4408 3002 4477 admonens,
3042 4419 3096 4465 et
3126 4425 3320 4466 omnes
3362 4421 3601 4478 terrens,
3694 4478 3695 4481 η

2013 4505 2192 4577 palam
2222 4511 2508 4560 ostentans
2541 4502 2781 4557 audaces
2827 4502 3081 4559 homines
3114 4517 3177 4558 ea
3223 4519 3391 4559 ausos
3415 4547 3431 4571 ,
3482 4521 3604 4576 quae

2011 4615 2121 4655 non
2174 4598 2469 4655 debebant.
2520 4594 2662 4661 Quid
2713 4593 2977 4665 deinceps
3034 4602 3119 4650 est
3162 4606 3524 4653 c0nsecutnm
3577 4601 3601 4650 ‘?

2017 4692 2285 4747 Exoritur
2302 4695 2499 4745 ventus
2526 4686 2886 4754 subsolanus,
2909 4695 2963 4743 et
2985 4687 3136 4742 dicto
3168 4688 3332 4744 citius
3351 4688 3603 4761 depascit

2009 4784 2240 4839 curiam.
2290 4780 2498 4837 Deinde
2542 4781 2703 4853 ignis,
2741 4779 2975 4852 perinde
3005 4795 3070 4836 ac
3108 4781 3153 4835 si
3196 4791 3343 4837 esset
3388 4785 3601 4837 ratione

2009 4876 2295 4947 praeditus,
2343 4875 2547 4929 transit
2598 4873 2666 4928 ad
2722 4874 2903 4928 aulam
2963 4872 3169 4943 regiam
3217 4890 3232 4937 ;
3292 4874 3601 4946 Iicebatque

2008 4969 2197 5023 videre
2251 4968 2551 5022 tnasimum
2617 4966 2945 5021 miraculum
2975 5006 2990 5031 ,
3047 4966 3217 5021 veluti
3268 4968 3410 5022 inter
3460 4967 3599 5022 duos

2012 5062 2202 5132 igneos
2233 5070 2471 5126 montes,
2497 5058 2758 5129 populum
2780 5057 3003 5131 quidem
3035 5059 3128 5128 qui
3158 5067 3278 5113 erat
3307 5060 3456 5115 intus
3487 5074 3597 5113 non

2013 5152 2130 5209 laedi
2168 5170 2183 5219 ;
2237 5152 2431 5207 domos
2466 5162 2649 5206 autem
2681 5162 2803 5220 qua:
2842 5148 2953 5203 illic
3000 5158 3159 5203 erant
3199 5152 3449 5204 consumi
3490 5168 3505 5216 ;
3545 5158 3598 5204 et

2011 5247 2191 5317 ignem
2216 5260 2326 5299 non
2365 5242 2571 5298 audere
2606 5256 2735 5297 vasa
2768 5256 2928 5297 sacra
2960 5250 3205 5312 tangere,
3242 5252 3294 5298 ct
3320 5243 3502 5297 invehi
3539 5243 3594 5297 in

2004 5342 2167 5393 aliam
2204 5338 2672 5409 sycophantarum
2709 5333 2998 5389 audaciam
3034 5352 3049 5401 ;
3096 5335 3227 5405 quid
3269 5336 3390 5390 ausi
3439 5343 3596 5389 erant

2001 5433 2188 5489 dicere
2224 5431 2247 5484 ?
2302 5429 2459 5497 Quod
2509 5436 2732 5499 propter
2780 5428 2993 5485 ablatas
3026 5428 3296 5498 pretiosas
3336 5428 3596 5482 materias

2002 5535 2058 5580 et
2095 5540 2224 5579 vasa
2257 5537 2415 5579 saera
2447 5521 2661 5592 ejectus
2699 5518 2877 5575 fuerat
2914 5516 3183 5601 pontifex,
3211 5517 3324 5575 Nec
3354 5518 3469 5573 iure
3503 5534 3593 5573 so.
3636 5592 3647 5599 1

300 5606 434 5675 lunt,
475 5608 530 5680 (ο
569 5608 852 5666 hominum
895 5614 1220 5671 audaciam!
1259 5632 1293 5673 ο
1329 5620 1727 5691 omnipotentis
1778 5619 2165 5677 tolerantiam!
2204 5620 2221 5689 )
2289 5615 2384 5674 sed
2421 5615 2600 5670 adhuc
2638 5612 2886 5683 improbe
2950 5621 3004 5667 et
3044 5611 3208 5681 impie
3271 5626 3302 5665 a
3338 5611 3588 5681 malignis

294 5716 488 5774 sparsa
506 5710 590 5757 est
617 5700 783 5770 farina,
806 5706 951 5777 quod
975 5706 1066 5778 qui
1082 5707 1349 5766 Joannem
1377 5715 1656 5779 amabant,
1686 5723 2013 5771 exusserant
2045 5712 2362 5769 ecclesiam.
2389 5708 2719 5779 Sepulcrum
2748 5721 2933 5761 revera
2957 5714 3151 5777 patens
3167 5713 3354 5777 guttur
3371 5718 3587 5758 eorum.

368 5804 477 5869 κη’.
518 5798 806 5853 Ἅκούεται
838 5801 1015 5856 ταῦτα
1044 5807 1140 5859 καὶ
1164 5806 1241 5877 τῷ
1266 5808 1520 5881 ὑπάρχῳ.
1562 5810 1620 5864 '0
1653 5810 1730 5877 δὲ,
1763 5828 1896 5882 φρο-

292 5889 403 5946 νῶν
435 5891 500 5945 τὰ
543 5890 813 5965 Ἑλλήνων
836 5934 851 5961 ,
889 5896 1059 5969 ταύτῃ
1093 5900 1319 5966 πολλοὺς
1352 5904 1452 5973 μὲν
1488 5903 1594 5959 τῶν
1628 5921 1896 5973 προσανι-

2085 5808 2176 5862 28.
2237 5807 2551 5861 Audiuntur
2636 5806 2749 5859 haec
2810 5818 3030 5875 quoque
3078 5817 3106 5856 a
3171 5802 3449 5873 praefecto.
3500 5799 3593 5856 ille

2006 5914 2216 5970 autem,
2264 5909 2319 5956 ut
2350 5902 2441 5972 qui
2474 5910 2623 5957 secta
2662 5910 2805 5957 esset
2845 5909 2895 5955 ct
2928 5900 3198 5954 sententia
3240 5897 3479 5969 gentilis,
3526 5910 3591 5951 ea
