4084 6446
471 375 576 443 287

1742 370 2017 431 LEONIS
2048 366 2510 429 PHILOSOPHI

3656 359 3766 425 288

474 491 545 545 de
575 503 742 545 causa
792 489 993 544 multos
1032 486 1253 558 quidem
1289 502 1365 545 ex,
1391 484 1727 557 pastoribus,
1761 484 2056 540 sacerdoti-

2184 482 2433 551 ιειμένων
2477 480 2553 552 τῷ
2599 477 2991 551 ἀρχιποιμένι,
3041 472 3349 545 ποιμένων,
3401 471 3630 544 ίερὲων,
3674 470 3773 527 καὶ

476 582 599 647 bus,
630 592 684 637 et
713 582 837 636 aliis
868 598 932 636 ex
967 581 1194 652 populo,
1231 581 1323 650 qui
1356 590 1515 634 erant
1557 578 1797 633 dedicati
1825 578 2060 649 principi

478 684 780 743 pastorum,
822 673 1115 728 tormentis
1144 672 1389 743 subiicit.
1410 670 1667 726 Procedit
1690 679 1870 725 autem
1895 671 2060 726 etiam

478 765 743 819 adversus
778 764 1094 832 pontificem
1124 772 1178 819 et
1216 780 1341 817 eum
1372 764 1616 817 vinctum
1649 762 1876 817 tradens
1918 763 2065 815 mili-

470 855 658 920 tibus,
698 856 877 910 solum
920 857 1126 926 relegat
1179 856 1233 910 in
1271 855 1619 927 Bithyniam:
1666 862 1721 910 et
1757 870 1880 909 cum
1915 862 2065 909 esset

478 945 652 1011 solus,
687 946 742 1019 (ο
776 947 1103 1001 miraculum
1126 949 1169 1018 ἲ)
1202 948 1563 1017 proﬁtebatur
1592 947 1762 1001 libere
1786 947 2062 1016 pietatem.

476 1036 551 1092 Ut
582 1040 765 1093 liniam
802 1040 1133 1106 orationem,
1171 1040 1223 1094 iu
1267 1039 1544 1111 quoddam
1583 1040 1924 1109 oppidulum,
1976 1036 2066 1092 eui

476 1144 678 1182 nomen
704 1139 788 1183 est
814 1128 1087 1194 Cuctrsos,
1114 1130 1317 1184 athleta
1346 1131 1764 1185 transmittitur.
1800 1129 1864 1183 Et
1881 1131 2068 1183 dolose

477 1222 697 1291 quidem
731 1222 835 1276 hoc
884 1222 1089 1276 factum
1129 1232 1213 1276 est
1235 1233 1289 1277 et
1311 1223 1379 1277 de
1422 1223 1717 1287 industria,
1751 1231 1809 1276 ut
1836 1223 1946 1277 illic
1984 1224 2069 1277 itt-

478 1314 827 1369 tcrimeretur
877 1314 944 1369 ab
985 1313 1213 1377 lsauris,
1253 1316 1352 1383 qui
1402 1330 1523 1369 eam
1561 1315 1908 1369 obsidebant.
1959 1316 2068 1370 Sed

479 1405 626 1458 enim
656 1419 765 1458 non
807 1404 1016 1459 dimisit
1051 1420 1175 1457 eum
1214 1398 1378 1467 Deus,
1416 1405 1510 1473 qui
1551 1404 1792 1459 custodit
1825 1419 1942 1461 eos.
1976 1405 2068 1471 qui

481 1505 708 1567 sperant
735 1496 788 1550 in
814 1496 1022 1565 ipsum.
1048 1495 1166 1549 Illic
1197 1496 1343 1549 enim
1384 1495 1604 1563 quidam
1640 1496 1859 1549 nomine
1887 1493 2072 1548 Phila-

482 1589 762 1658 delphius,
788 1586 974 1642 divina
996 1586 1210 1642 visione
1240 1586 1521 1657 dignatus,
1554 1588 1755 1658 excipit
1787 1588 2068 1643 athletam.

481 1682 614 1735 Erat
660 1689 850 1733 autem
888 1688 1045 1734 totus
1094 1679 1183 1733 ille
1233 1679 1389 1734 locus
1424 1680 1617 1749 plenus
1658 1680 1807 1735 cultu
1847 1679 2073 1733 simula-

482 1786 703 1825 crorum
732 1780 787 1825 et
808 1770 1087 1839 impietate
1115 1788 1128 1823 :
1164 1778 1446 1824 mutantur
1490 1779 1712 1833 autem;
1750 1769 2076 1838 quomodo?

478 1861 769 1915 Habebam
801 1865 846 1925 ,'
881 1860 972 1928 qui
1030 1860 1146 1913 illic
1200 1868 1392 1922 erant,
1438 1858 1722 1913 hominem
1780 1861 2071 1928 quemdam

480 1953 879 2023 paralytieum:
912 1966 1074 2020 quem
1128 1965 1252 2004 eum
1280 1950 1664 2014 adduxissent,
1705 1966 1884 2021 neque
1926 1953 2071 2006 enim

482 2044 601 2097 lleri
633 2051 855 2113 poterat
908 2049 973 2095 ut
1009 2042 1461 2105 absconderetur,
1496 2059 1618 2112 qua:
1639 2058 1802 2113 supra
1831 2050 2070 2098 montem

482 2137 587 2190 sita
621 2142 740 2189 erat
762 2175 778 2200 ,
813 2135 1078 2188 virtutum
1131 2150 1329 2204 magna
1364 2136 1561 2190 civitas
1583 2177 1596 2199 ,
1630 2152 1754 2191 eum
1788 2146 1984 2207 rogant
2015 2146 2074 2190 ut

478 2225 662 2295 ipsum
684 2233 858 2279 curet.
892 2224 984 2279 ille
1006 2233 1215 2288 autem,
1248 2234 1471 2294 accepta
1492 2227 1863 2283 conversione
1886 2238 1940 2282 et
1969 2228 2075 2284 litle

483 2314 631 2387 ejus,
681 2319 775 2387 qui
826 2318 1170 2388 patiebatur,
1197 2333 1325 2374 cum
1354 2334 1478 2373 eum
1530 2319 1643 2373 cito
1677 2329 1948 2387 curasset,
1983 2337 2079 2391 per

482 2424 610 2463 eum
635 2409 950 2465 universam
975 2411 1251 2480 regionem
1288 2409 1447 2481 (erat
1471 2426 1602 2466 vero
1634 2411 1803 2466 multa
1833 2421 1887 2466 et
1912 2414 2083 2466 inuu-

488 2500 799 2569 merabilis)
836 2502 1062 2555 attrahit
1087 2541 1102 2562 ,
1142 2502 1410 2571 baptizat,
1470 2501 1631 2557 docet
1675 2503 1933 2573 pietatem
1971 2545 1986 2569 ,
2027 2512 2082 2557 et

488 2601 773 2662 postremo
804 2593 920 2649 illic
957 2594 1192 2648 collocat
1222 2608 1438 2650 omnem
1477 2594 1725 2649 ordinem
1761 2596 2080 2651 sacerdota-

488 2686 616 2738 lem.
644 2683 943 2754 Propterea
993 2684 1251 2739 ineffabili
1294 2685 1496 2753 gaudio
1544 2686 1779 2739 adicitur
1821 2687 1904 2740 vir
1935 2686 2076 2741 divi~

488 2792 615 2841 nus,
642 2786 697 2828 et
733 2778 935 2832 multos
965 2779 1059 2848 qui
1096 2788 1358 2833 venerant
1390 2788 1488 2833 aut
1530 2781 1679 2834 allati
1710 2780 1952 2847 fuerant,
1978 2797 2077 2835 cu-

489 2877 579 2923 rat
610 2868 676 2923 ab
700 2870 959 2924 omnibus
986 2871 1213 2926 morbis.

556 2960 649 3015 29.
703 2962 809 3016 Sed
868 2976 991 3016 cum
1038 2963 1141 3016 iter
1200 2963 1420 3032 quidem
1476 2962 1798 3029 confecerit,
1855 2976 2077 3021 maneat

487 3054 685 3107 oratio.
710 3052 842 3107 Post
892 3053 1146 3108 exsilium
1194 3065 1376 3109 autem
1436 3054 1700 3125 principis
1748 3069 2067 3124 pastorum,

2166 576 2274 629 τῶν
2307 576 2485 629 ἄλλων
2513 574 2779 645 μιγάδων,
2806 571 2894 624 διὰ
2918 569 3171 640 βασάνων
3197 569 3341 634 ἄγει.
3370 567 3559 636 Χωρεῖ
3579 566 3636 618 δὲ
3675 580 3771 629 γα),

2168 670 2307 722 κατὰ
2340 670 2594 739 ίεράρχου
2619 709 2632 733 ,
2671 666 2767 719 καὶ
2793 663 2984 718 τοῦτον
3022 662 3248 732 δέσμιον
3281 659 3560 731 παραδοὺς
3601 676 3767 730 στρα·

2168 760 2425 825 τιώταις,
2465 759 2557 812 ἐπὶ
2608 757 2708 828 τὴν
2763 756 3019 810 Βιθυνίαν
3060 752 3380 824 ὑπερορίζει
3432 750 3763 821 μονώτατον.

2180 850 2344 903 Ἀλλὰ
2378 850 2475 903 καὶ
2509 849 2671 919 μόνος
2698 846 2778 901 ὣν
2804 848 2829 918 ν(
2851 846 2896 900 ὣ
2926 844 3025 899 τοῦ
3068 843 3348 914 θαύματος
3368 841 3407 909 l)
3430 840 3772 913 ὲπαρῤησιά·

2172 942 2296 1007 ζετο
2323 941 2421 1011 τὴν
2455 942 2761 994 εὐσέϐειαν.
2792 937 2961 1000 Τέλος
2993 936 3088 989 τοῦ
3120 936 3305 1004 λόγου,
3342 935 3480 1001 πρός
3520 950 3572 985 τι
3615 932 3771 985 πολί-

2172 1051 2321 1106 χνιον
2368 1033 2705 1101 (Κουκουσδς
2750 1029 2910 1085 τούτο
2955 1029 3198 1097 λέγεταιὶ
3240 1030 3269 1080 6
3315 1026 3555 1097 ἀθλητὴς
3602 1043 3773 1096 μετα-

2175 1126 2453 1196 πέμπεται
2480 1166 2495 1191 ,
2531 1124 2723 1188 δολίως
2771 1123 2869 1177 καὶ⁷
2914 1122 3106 1174 τούτου
3146 1118 3636 1190 ἐπιτετηδευμένον
3674 1116 3767 1170 τοῦ

2126 1268 2133 1275 .
2173 1219 2474 1291 δράματος,
2524 1216 2618 1269 τοῦ
2660 1215 3013 1287 ἀναιρεθῆναι
3048 1212 3212 1267 αὑτὸν
3245 1213 3425 1265 ἐκεῐσε
3464 1211 3617 1282 παρὰ
3658 1209 3771 1263 τῶν

2174 1310 2381 1379 ταύτην
2413 1306 2848 1379 πολιορκούντων
2889 1305 3173 1368 Ἰσαύρων.
3230 1301 3373 1357 Ἀλλ’
3413 1301 3472 1355 οὐ
3503 1301 3614 1373 γὰρ
3663 1302 3772 1368 ἀφ-

2177 1402 2310 1471 ῆκεν
2344 1402 2505 1455 αὑτὸν
2541 1402 2569 1453 6
2602 1399 2894 1469 φυλάσσων
2920 1398 3048 1460 τοὺς
3098 1396 3421 1458 ἐλπίζοντας
3468 1394 3555 1446 ἐπ’
3606 1394 3770 1448 αύτξν

2178 1496 2330 1557 Θεὸς.
2380 1496 2528 1547 Ἐκεῖ
2565 1494 2673 1564 γὰρ
2711 1490 3059 1561 Φιλαδέλφιός
3104 1506 3188 1552 τις
3217 1487 3361 1540 οὕτω
3399 1486 3769 1555 καλούμενος,

2181 1588 2332 1650 θείας
2361 1586 2627 1649 ὀπτασίας
2658 1583 2930 1652 ἀξιωθεὶς,
2968 1581 3286 1651 ὑποδέχεται
3315 1580 3408 1632 τὸν
3440 1580 3771 1647 ἀγωνιστήν.

2193 1678 2251 1733 Ὀ
2278 1680 2335 1732 δὲ
2363 1678 2539 1749 χῶρος
2564 1678 2775 1740 ἐκεῖνος
2819 1676 2963 1737 ἄπας
2994 1672 3388 1742 εἰδωλομανίας
3414 1671 3515 1741 μὲν
3546 1666 3615 1741 ἦν
3643 1671 3778 1741 πλή-

2186 1783 2288 1836 ρης
2315 1766 2412 1818 καὶ
2441 1766 2633 1828 ἀθεῖας
2656 1780 2671 1795 ο
2709 1763 3138 1835 μεταϐάλλονται
3180 1762 3259 1824 δὲ,
3289 1761 3433 1825 πῶς;
3466 1754 3627 1830 Εἷχόν
3654 1776 3778 1813 τινα

2182 1857 2551 1929 παραλυτικὸν
2582 1858 2630 1910 oi
2675 1858 2893 1919 ἐκεῖσε,
2944 1856 3041 1908 καὶ
3080 1851 3269 1907 τοῦτον
3304 1854 3607 1921 ἀγαγόντες
3654 1852 3777 1923 (οὐκ

2182 1947 2251 2021 ἦν
2303 1951 2413 2022 γὰρ
2468 1948 2854 2019 ἀποκρυϐῆναί
2906 1964 3022 2011 πως
3071 1948 3169 2017 τὴν
3223 1947 3632 2017 ὑπερκειμένην
3680 1944 3777 1998 τοῦ

2180 2043 2341 2115 δρους
2381 2043 2490 2096 τῶν
2522 2041 2734 2113 ἀρετῶν
2783 2038 3186 2111 μεγαλόπολιν)
3235 2036 3446 2103 ἀξιοῦσι
3482 2038 3576 2090 τοῦ
3610 2037 3778 2109 θερα-

2184 2133 2385 2187 πεῦσαι
2415 2134 2601 2187 αὐτόν.
2641 2133 2702 2186 ’0
2730 2132 2788 2185 δὲ
2808 2133 2913 2202 τὴν
2936 2130 3278 2202 ἐπιστροφὴν
3305 2129 3649 2199 δεδεγμένος,
3685 2132 3780 2182 καὶ

2183 2227 2284 2294 τὴν
2316 2227 2497 2280 πίστιν
2518 2226 2617 2280 τοῦ
2656 2228 2982 2295 πάσχοντος,
3025 2223 3122 2277 καὶ
3163 2222 3355 2276 τοῦτον
3386 2221 3597 2291 ταχέως
3632 2212 3781 2285 ιξιαμ

2186 2322 2443 2390 σάμενος,
2471 2318 2565 2372 διὰ
2601 2318 2695 2372 τοῦ
2732 2318 2850 2381 ἑνὸς
2888 2317 3107 2371 ἃπασαν
3135 2315 3233 2387 τὴν
3266 2314 3454 2387 χώραν
3477 2314 3502 2384 <
3526 2313 3695 2385 πολλὴ
3724 2313 3780 2366 δέ

2181 2430 2265 2475 τις
2296 2413 2393 2465 καὶ
2436 2412 2809 2482 ἀναρίθμητος
2834 2405 2941 2482 ἦν)
2975 2409 3145 2471 ἕλκει,
3179 2407 3431 2478 βαπτίζει
3452 2448 3465 2468 ,
3501 2406 3598 2477 τὴν
3630 2408 3782 2459 εὐσέ-

2184 2505 2341 2556 ϐειαν
2375 2504 2696 2569 ἐνδιδάσκει,
2732 2504 2827 2557 καὶ
2856 2503 3012 2565 τέλος
3032 2502 3213 2554 πᾶσαν
3238 2499 3393 2564 τάξιν
3412 2502 3537 2553 ἐκεῖ
3561 2498 3781 2552 συνέταο

2187 2596 2276 2661 ξεν
2312 2597 2624 2669 ίερώσυνον.
2657 2599 2756 2650 Διὰ
2788 2594 2950 2648 τοῦτο
2988 2595 3083 2647 καὶ
3119 2592 3295 2664 χαρὰν
3337 2591 3521 2665 χαίρει
3570 2594 3598 2643 6
3634 2590 3779 2653 θεῖος

2184 2688 2329 2758 ἀνὴρ
2359 2687 2748 2757 ἀνεκλάλητον,
2773 2685 2873 2739 καὶ
2901 2683 3134 2747 πολλοὺς
3159 2683 3421 2746 ἐλθόντας
3443 2723 3458 2746 ,
3501 2682 3592 2734 καὶ
3624 2681 3778 2749 ἐνεχ-

2183 2782 2378 2843 θέντας
2406 2782 2513 2834 ἀπὸ
2550 2779 2740 2835 πασῶν
2772 2778 3068 2851 θεραπεύει
3098 2776 3207 2830 τῶν
3236 2776 3409 2829 νόσων
3435 2773 3635 2828 αὐτῶν.

2260 2966 2361 3019 κθ’.
2407 2964 2547 3016 ’Λᾶ.λ⁵
2575 2957 2677 3016 ὦδε
2706 2964 2809 3031 μὲν
2838 2962 2937 3032 τὴν
2986 2960 3212 3031 πορείαν
3245 2958 3526 3021 διανύσας,
3566 2958 3595 3009 6
3627 2956 3784 3025 λόγος

2187 3059 2556 3129 ἀναμεινάτω.
2588 3057 2742 3110 Μετὰ
2768 3056 2826 3109 δὲ
2856 3056 2957 3123 τὴν
2997 3052 3216 3124 ὲξορίαν
3257 3050 3350 3105 τοῦ
3390 3050 3783 3121 ἁρχιποιμένος

490 3142 630 3200 (hanc
676 3144 823 3197 enim
860 3158 981 3212 ego
1016 3144 1192 3198 solum
1250 3145 1506 3210 narrabo,
1538 3146 1722 3214 qualia
1753 3146 1808 3200 in
1850 3162 2069 3217 gregem

2185 3152 2387 3222 (τοῦτο
2416 3151 2526 3220 γὰρ
2557 3150 2717 3220 μόνον
2746 3146 2859 3214 ἐγὼ
2901 3147 3272 3216 διηγήσομαι,
3314 3138 3400 3196 οἶα
3432 3142 3509 3212 τῷ
3546 3144 3787 3212 ποιμνίῳ

487 3241 616 3285 sunt
646 3232 949 3285 machinati
991 3232 1261 3289 immanes
1296 3234 1373 3288 illi
1411 3236 1730 3302 ianiatores,
1766 3244 1819 3290 et
1858 3251 1980 3307 quae
2002 3239 2070 3290 ab

479 3324 567 3376 eis
603 3321 745 3376 laeta
800 3323 952 3392 sunt)
980 3324 1260 3390 quomodo
1289 3325 1494 3378 dixerit
1533 3335 1587 3380 et
1619 3327 1938 3396 exposuerit
1971 3328 2072 3380 ali-

485 3416 613 3484 quis
641 3416 973 3486 multiplices
1001 3418 1326 3472 cruciatus?
1350 3420 1571 3489 quinam
1610 3429 1794 3476 autem
1824 3422 1877 3476 hi
1905 3424 2075 3478 sunt?

487 3505 717 3574 Exsiiia,
747 3523 957 3578 asperae
978 3510 1353 3578 tractationes,
1385 3513 1809 3582 publicationes,
1838 3517 2078 3571 transla-

480 3601 689 3667 tiones,
728 3598 888 3671 lugae,
923 3603 1134 3658 acerbae
1162 3606 1363 3659 mortis
1394 3607 1853 3672 machinationes.
1886 3624 1991 3663 non
2018 3609 2074 3663 in

486 3692 592 3747 hac
626 3701 720 3748 aut
752 3696 840 3749 illa
861 3696 1103 3763 civitate,
1124 3697 1219 3751 sed
1264 3696 1375 3752 fere
1394 3712 1495 3766 per
1520 3700 1840 3754 universum
1874 3699 2071 3752 orbem

482 3794 667 3843 terrae.
694 3788 951 3843 Pervenit
981 3791 1084 3844 hoc
1108 3788 1176 3843 ad
1210 3804 1374 3845 aures
1407 3788 1639 3844 Romani
1663 3791 1961 3861 pontiﬁcis.
1999 3788 2077 3844 Ex

485 3895 554 3936 eo
583 3880 664 3947 ﬁt,
698 3891 757 3936 ut
784 3897 956 3939 novas
986 3884 1297 3955 excogitent
1326 3886 1593 3947 rationes.
1626 3894 1679 3940 et
1707 3885 2079 3939 accusatrices

482 3974 701 4029 litteras
737 3974 957 4029 mittant
990 3986 1369 4030 accusatores.
1416 3973 1523 4029 Sed
1572 3976 1661 4030 ille
1692 3976 1914 4047 quidem
1946 3987 2081 4030 tunc

487 4083 679 4139 parum
715 4068 990 4137 patienter
1024 4068 1222 4122 tolerat
1260 4085 1273 4120 :
1326 4067 1547 4139 eligitur
1583 4077 1763 4123 autem
1800 4068 2081 4123 Constan-

484 4160 718 4231 tinopoli
742 4160 991 4229 quidam,
1018 4160 1246 4214 nomine
1260 4160 1547 4223 Arsacius,
1578 4162 1670 4231 qui
1698 4171 1816 4215 erat
1840 4161 1922 4216 vel
1945 4163 2082 4232 ipsis

404 4302 405 4305 η
486 4252 735 4321 piscibus
774 4252 949 4320 magis
984 4260 1192 4315 mutus,
1224 4254 1543 4307 amentibus
1582 4256 1874 4322 atnetttior,
1928 4259 2083 4310 senio

488 4340 804 4405 confectus,
856 4342 1296 4405 condemnatus,
1356 4344 1587 4397 inutilis.
1646 4343 1723 4398 Ex
1785 4360 1895 4415 quo
1949 4348 2082 4417 quid

489 4429 992 4487 acciditioinnes
1055 4436 1279 4487 omnino
1354 4436 1621 4490 recedunt
1695 4439 1762 4492 ab
1826 4440 2082 4495 ecclesia.

490 4524 632 4591 Quid
651 4539 782 4595 ergo
811 4525 938 4579 mali
976 4524 1448 4596 horumjudices?
1480 4526 1819 4585 Persuadent
1851 4532 2088 4601 impera-

493 4617 622 4684 tori,
675 4626 729 4673 et
775 4633 968 4673 omnes
1010 4630 1213 4689 coguut
1269 4620 1472 4675 invitos
1515 4624 1775 4679 assentiri
1834 4626 2084 4683 Arsacio.

490 4710 559 4766 Et
585 4712 725 4768 alios
754 4712 976 4782 quidem
1019 4710 1255 4767 ducebat
1286 4714 1453 4769 timor
1481 4732 1496 4781 ;
1549 4717 1641 4769 alii
1676 4728 1856 4773 autem
1893 4733 2085 4776 contra

489 4805 857 4871 decertantes,
891 4806 1157 4876 martyrio
1208 4819 1467 4878 suscepto
1498 4812 1953 4878 coronabantur;
1993 4816 2084 4868 alii

492 4910 623 4950 vero
656 4895 783 4965 luga
810 4897 1045 4952 salutent
1072 4897 1175 4952 sibi
1209 4900 1551 4967 qtuerebant.
1590 4900 1906 4959 intercessit
1942 4915 2090 4960 totus

493 5000 676 5042 annus
716 4995 773 5041 et
802 5002 997 5057 parum
1029 4988 1287 5059 amplius,
1322 4997 1376 5045 et
1432 4990 1666 5046 moritur
1693 4992 1978 5051 Arsaeius.
2026 4996 2086 5052 Ei

493 5090 676 5133 autem
708 5081 955 5133 succedit
997 5081 1239 5138 Atticus.
1266 5082 1528 5148 Quanam
1588 5093 1769 5141 autem
1795 5088 1863 5141 ab
1896 5105 1962 5144 eo
1996 5092 2088 5146 tie-

490 5169 671 5224 bant?
718 5170 1139 5239 Aeeusationes,
1225 5175 1626 5238 ordinationes.
1672 5182 2085 5249 metropolitani

492 5262 703 5333 indigni
734 5263 830 5334 qui
856 5263 1187 5319 mandentur
1233 5268 1529 5323 memor'ne.
1560 5267 1790 5334 Quidam
1829 5273 1928 5325 viri
1961 5274 2087 5328 boni

494 5372 606 5413 non
632 5358 873 5413 ferentes
910 5359 1026 5414 hac
1058 5359 1265 5424 videre,
1299 5368 1433 5416 eunt
1475 5363 1733 5416 itomam.
1772 5363 1849 5418 Ex
1889 5369 2087 5435 quibus

492 5466 619 5505 cum
648 5452 964 5507 reseivisset
1019 5453 1271 5518 antistes,
1308 5453 1521 5524 singula
1553 5455 1723 5512 refert
1768 5456 2089 5529 imperatori

497 5538 761 5597 Honorio.
810 5545 1123 5614 imperator
1174 5552 1358 5600 autem
1418 5560 1543 5602 cum
1591 5548 1985 5622 imperatorem
2036 5562 2089 5608 et

499 5631 721 5687 fratrem
748 5637 968 5705 scriptis
990 5640 1057 5691 ad
1090 5654 1215 5692 eum
1242 5640 1443 5696 litteris
1485 5645 1688 5700 acriter
1723 5646 2001 5716 arguisset
2034 5657 2089 5702 et

498 5726 964 5792 reprehendisset,
1023 5741 1478 5803 comparatasque
1538 5737 1768 5792 insidias
1797 5747 1852 5793 et
1880 5740 2091 5794 machi-

503 5816 757 5868 nationes
775 5820 821 5869 ei
858 5822 1082 5885 pulchre
1106 5827 1471 5891 exposuisset,
1504 5829 1767 5901 increpat,
1805 5832 2064 5886 admonet

507 5905 877 5970 adhortatur,
928 5918 984 5961 et
1030 5920 1310 5977 postremo
1360 5920 1597 5976 consulit
1679 5934 1738 5977 ut
1796 5937 2086 5982 revocetur

2187 3242 2321 3311 παρ’
2351 3241 2578 3293 ἐκείνων
2608 3240 2717 3292 τῶν
2746 3238 3046 3309 παρακτῶν
3073 3237 3169 3289 καὶ
3200 3235 3482 3307 θηριωδῶν
3512 3237 3785 3304 ἐπιμεμη-

2182 3336 2443 3405 χάνηται,
2479 3327 2567 3386 οἶα
2606 3332 2701 3384 καί⁸
2744 3330 3208 3399 διαπέπρακται),
3247 3328 3364 3390 πῶς
3413 3328 3479 3381 ἄν
3511 3342 3594 3389 τις
3640 3327 3788 3379 εἴποι

2178 3429 2279 3489 τὰς
2301 3426 2598 3488 πολυειδεῖς
2616 3425 2730 3477 τῶν
2756 3424 3072 3489 κολάσεων;
3104 3422 3259 3486 τίνας
3288 3422 3351 3492 δὴ
3381 3420 3623 3487 ταύτας;
3672 3421 3791 3487 Ἐξ-

2192 3519 2349 3586 ορίας
2370 3554 2385 3575 .
2437 3515 2861 3586 σκληραγωγίας
2881 3555 2895 3579 ,
2945 3512 3263 3585 δημεύσεις,
3286 3514 3748 3582 μεταναστεύσεις
3770 3553 3784 3575 ,

2180 3609 2385 3677 φυγὰς,
2415 3606 2663 3660 θανᾶτων
2703 3607 2920 3677 πικρῶν
2956 3605 3209 3675 μηχανὰς
3231 3643 3246 3667 ,
3280 3606 3340 3657 οὑ
3402 3604 3545 3658 κατὰ
3585 3604 3789 3674 ταύτην

2185 3702 2218 3770 ἢ
2265 3700 2501 3769 ταύτην,
2534 3699 2652 3752 ἀλλ’
2682 3700 2785 3753 ἀνα
2826 3700 3010 3751 πᾶσαν
3054 3696 3253 3768 μικροῦ
3292 3696 3391 3766 τὴν
3434 3697 3785 3769 οἰκουμένην.

2181 3795 2387 3847 Φθὰνει
2422 3799 2541 3856 ταις
2572 3794 2763 3856 ἀκοαῖς
2801 3792 2900 3844 τοῦ
2959 3790 3178 3860 Ῥώμης
3204 3790 3505 3842 ἐπισκόπου
3540 3804 3554 3819 ⁸
3579 3790 3789 3841 ὲκείθεν

2186 3889 2256 3941 τὰ
2304 3887 2591 3958 δράματα·
2646 3885 2903 3940 ἐντεῦθεν
2960 3885 3068 3937 τῶν
3125 3883 3454 3955 κατηγόρων
3505 3886 3791 3953 κατήγορει

2188 3981 2517 4051 γράμματα.
2558 3979 2801 4043 Ἐκεῖνος
2832 3979 2962 4047 μὲν,
2990 3976 3131 4029 ἀλλὰ
3171 3978 3328 4039 τέως,
3373 3974 3548 4046 βραχύ
3591 3993 3644 4027 τι
3683 3993 3791 4045 μα-

2190 4073 2475 4144 κροθυμεῖ·
2512 4073 2903 4143 χειροτονεῖται
2942 4070 3001 4124 δέ
3038 4086 3129 4133 τις
3150 4071 3291 4122 κατὰ
3316 4070 3415 4139 τὴν
3438 4069 3791 4122 Κωνσταντι-

2190 4165 2466 4228 νούπολιν,
2513 4162 2614 4234 τὴν
2642 4163 2837 4232 κλῆσιν
2878 4162 3206 4235 Ἀρσάκισς,
3254 4162 3348 4213 καὶ
3387 4155 3543 4224 οὗτος
3593 4160 3792 4231 ἰχθύων

2190 4252 2575 4321 ἀφωνότερος,
2642 4255 2895 4323 ἀνοήτων
2969 4252 3360 4320 ἀνοητότερος,
3428 4252 3792 4323 γεραίτατος,

2195 4345 2670 4413 κατεγνωσμένος,
2704 4344 3025 4413 ἀσυντελής.
3062 4342 3155 4407 Ἓξ
3182 4340 3245 4397 οὗ
3275 4345 3326 4395 τί
3361 4344 3605 4413 γίνεταις
3648 4345 3792 4398 Πάν-

2192 4454 2283 4499 τες
2314 4436 2495 4489 τέλεον
2526 4436 2624 4505 τῆς
2660 4436 2956 4505 ἐκκλησίας
2999 4436 3348 4504 ἀφίστανται.
3382 4438 3445 4489 Τί
3478 4436 3571 4491 οὖν
3610 4439 3656 4490 oi
3687 4455 3792 4491 κα-

2193 4533 2279 4584 κοὶ
2306 4532 2413 4584 τῶν
2441 4530 2701 4584 τοιούτων
2731 4530 2916 4600 κριταί
2946 4548 2959 4593 ;
2996 4529 3410 4598 Παραπείθουσι
3435 4531 3790 4600 τὸνβασιλέα,

2193 4625 2288 4678 καὶ
2316 4624 2525 4687 πάντας
2556 4622 2790 4685 ἄκοντας
2820 4623 3014 4691 ἄγουσι
3049 4623 3340 4676 συνθέσθαι
3370 4623 3449 4693 τῷ
3490 4625 3542 4676 Ἀ
3558 4625 3789 4694 ρσακίῳ.

2190 4717 2303 4770 Καὶ
2330 4717 2456 4780 τοὺς
2496 4716 2595 4785 μὲν
2625 4710 2763 4786 ἦγεν
2793 4717 2821 4767 6
2856 4715 3056 4783 φόϐος,
3106 4716 3153 4767 οἱ
3192 4715 3248 4767 δὲ
3290 4716 3794 4786 ἀνταγωνιζόμενοι

2192 4807 2565 4879 ἐμαρτύρουν,
2599 4807 3015 4876 ἐστεφανοῦντο,
3043 4808 3092 4860 οἱ
3118 4807 3173 4859 δὲ
3200 4811 3356 4879 φυγῇ
3390 4808 3487 4880 τὴν
3516 4810 3794 4880 σωτηρίαν

2190 4899 2705 4971 ὲπρατματεύοντο.
2736 4900 3015 4963 Ἐνιαυτὺς
3038 4900 3157 4963 ὅλος
3180 4901 3238 4951 ἐν
3262 4902 3434 4970 μέσῳ,
3450 4901 3546 4954 καὶ
3598 4903 3794 4971 μικρὸν

2189 5010 2242 5047 τι
2286 4993 2444 5064 πρὸς,
2476 4994 2575 5045 καὶ
2608 4993 2841 5061 θνήσκει
2884 4993 3197 5063 Ἀρσὰκιος.
3248 4993 3357 5045 Καὶ
3388 4993 3579 5047 τοῦτον
3621 4994 3796 5047 Ἀττι-

2192 5087 2287 5149 κὸς
2316 5085 2641 5156 διαδέχεται.
2680 5085 2816 5137 Τίνα
2859 5085 2916 5137 δὲ
2951 5086 3127 5155 τούτῳ
3156 5085 3223 5139 τὰ
3258 5084 3550 5154 δρώμενας
3586 5087 3793 5156 Προεο-

2191 5180 2304 5244 λαὶ,
2374 5178 2735 5250 χειροτονίαι,
2805 5180 3239 5249 μητροπολίται,
3298 5181 3519 5248 μνήμης
3572 5180 3791 5244 ἀνάξια.

2191 5272 2378 5327 Ταῦτα
2408 5270 2484 5343 μὴ
2517 5269 2782 5343 φέροντές
2811 5288 2955 5333 τινες
2979 5271 3087 5324 τῶν
3111 5272 3206 5340 τῆς
3244 5271 3445 5342 ἀρετῆς
3482 5271 3791 5342 ἀνθρώπων

2192 5367 2352 5437 δρᾷν,
2380 5365 2473 5417 ἐπὶ
2494 5364 2595 5434 τὴν
2626 5362 2849 5433 Ῥώμην
2872 5363 3119 5417 ὀρπίασιψ
3146 5364 3205 5430 ἐξ
3227 5357 3301 5415 ὧν
3321 5362 3347 5413 6
3373 5363 3633 5432 πρόεδρος
3654 5366 3791 5416 ἀνα-

2194 5456 2385 5528 μαθὼν
2412 5499 2426 5524 ,
2458 5455 2537 5526 τῷ
2573 5454 2791 5527 βασιλεί
2840 5455 3083 5527 Ὀνωρέῳ
3114 5455 3523 5525 προσαναφέρει
3553 5454 3621 5507 τὰ
3665 5452 3791 5506 καθ’

2194 5552 2447 5606 ἕκαστον.
2478 5552 2536 5602 '0
2555 5549 2612 5603 δὲ
2629 5548 2884 5619 βασιλεὺς
2896 5547 3201 5619 τῷβασιλεῖ
3213 5548 3535 5616 αὑταδὲ).φῳ
3551 5565 3698 5619 γραφ
3710 5551 3792 5612 7!;

2188 5640 2607 5713 φρονίμως,τῶ
2628 5639 2871 5709 ἐλέγχων
2884 5655 2942 5692 τε
2963 5640 3053 5691 καὶ
3066 5639 3175 5692 τῶν
3189 5637 3367 5691 ἄλλων
3380 5638 3606 5691 δικαίων
3625 5639 3794 5691 αἰτια-

2197 5741 2383 5811 μόιτων
2418 5738 2925 5809 παραστησάμενος
2955 5736 3055 5806 τὴν
3083 5734 3400 5804 ἐνέργειαν,
3446 5734 3542 5786 καὶ
3576 5732 3640 5803 δὴ
3673 5734 3794 5786 κατ’

2196 5833 2324 5893 ἔπος
2349 5831 2826 5901 ἀναζωγραφήσας
2849 5828 2957 5881 τῶν
2982 5844 3232 5896 σκευωρη
3244 5828 3431 5894 μάτων
3456 5826 3525 5877 τὰ
3548 5842 3798 5895 μηχανη-

2202 5942 2369 5989 una,
2390 5926 2638 5989 ὲπιτιιλᾶ,
2662 5921 3050 5986 παραινεῖ,κσ.ὶ
3077 5922 3248 5987 πέρας
3274 5918 3638 5991 συμϐουλεύει
3661 5921 3791 5975 dva-
