4084 6430
361 395 470 458 9.83

1005 385 1290 446 ORATIO
1326 383 1550 446 XVIII.
1575 405 1645 416 -·
1684 378 2070 442 LAUDATIO
2093 379 2155 440 S.
2189 379 2511 442 JOANNIS
2549 381 2963 444 CHRYSOST.

3537 382 3642 445 230

372 499 642 577 κληθῆναι
657 499 749 552 τὸν
771 496 944 564 άγιον.
969 496 1086 549 Οὐκ
1105 493 1261 548 ἔλαθε
1277 493 1335 547 δὲ
1355 493 1528 548 ταῦτα
1542 491 1641 561 τὴν
1661 490 1920 556 Εύδοξίαν
1942 508 1957 524 ο

2088 499 2306 544 .anctus.
2339 489 2457 544 Non
2483 491 2763 546 latuerunt
2785 491 2900 547 haec
2930 490 3255 557 Eudoxiam,
3284 507 3406 563 quae
3437 508 3515 548 or.
3535 498 3646 552 tia-

377 597 412 666 ῆ
457 595 536 664 τῷ
583 589 947 660 πιθανωτέρῳ
985 587 1306 658 χρησαμένη
1356 585 1467 639 τῶν
1513 584 1963 656 ἐπιτηδευμάτων

375 687 548 755 (δεινὴ
569 686 680 754 γὰρ
700 679 768 754 ἦν
791 682 858 735 τὰ
881 678 1132 747 τοιαῦτα)
1157 677 1334 731 πείθει
1355 679 1446 731 τὸν
1465 677 1692 747 βασιλέα
1711 678 1836 738 τοὺς
1857 675 1965 729 ἀπὸ

387 780 609 850 Ῥώμης
633 775 1001 847 ἀναμείναντα
1020 815 1035 837 ,
1059 773 1145 825 διὰ
1174 773 1236 825 τὸ
1259 771 1366 824 τῶν
1388 770 1742 841 πραγμάτωνΔ
1759 769 1964 838 ἀτάρα-

379 894 472 945 χον
497 873 565 943 (ῶ
593 871 925 941 προφάσεως
957 866 1180 928 ἀνοσίας
1207 865 1248 934 ί)
1293 866 1427 926 τέως
1453 862 1544 916 τὸν
1589 862 1848 933 πρόεδρον
1889 864 1964 933 μὴ

381 963 841 1022 ἀνακαλέσασθαι·
897 958 1367 1029 μεταστειλαμένη
1416 956 1472 1010 δὲ
1511 955 1686 1025 λάθρα
1741 957 1961 1025 κατέχει

381 1062 506 1124 τοὺς
540 1059 658 1112 τότε
687 1055 936 1124 λιμένας,
991 1051 1086 1104 καὶ
1123 1049 1377 1114 Ἄϐυδον,
1423 1049 1515 1102 καὶ
1557 1049 1737 1102 πᾶσαν
1777 1048 1968 1101 διάϐα-

389 1169 491 1216 σιν,
544 1149 672 1210 τοὺς
719 1146 818 1216 μὲν
869 1142 1118 1203 ἀνιόντας
1158 1140 1467 1210 Ῥωμαίους
1517 1138 1963 1208 ἐγκελευσαμένη

388 1240 704 1311 κακουχίαις
743 1235 842 1292 καὶ
872 1233 1096 1305 ύὸρεσιν
1119 1229 1579 1300 ἀποπέμψαντας,
1613 1228 1712 1292 τὰς
1741 1228 1799 1280 δὲ
1840 1225 1967 1280 τού-

385 1355 492 1390 των
547 1329 836 1390 ἐπιστολὰς
872 1324 1118 1396 ἀρπάξαι
1171 1322 1266 1377 καὶ
1320 1322 1570 1390 ἀγαγεῖν.
1627 1319 1778 1391 ᾜδει
1833 1318 1965 1389 γὰρ,

387 1424 502 1494 ᾔδει
537 1424 570 1492 η
613 1417 752 1488 σοφὴ
800 1414 896 1468 τοῦ
931 1414 1230 1474 κακοῦντος
1251 1451 1266 1476 ,
1301 1411 1377 1474 ὡς
1417 1408 1825 1479 ἐξεταζομένων
1859 1407 1968 1460 τῶν

389 1511 730 1581 πραγμάτων
772 1503 1215 1574 ἀνακληθήσεται
1247 1504 1276 1555 6
1313 1500 1626 1572 ἀρχιερεύς.
1659 1499 1847 1553 Ταῦτα
1875 1501 1970 1554 καὶ

389 1603 771 1674 μεμηχάνηται
834 1599 902 1668 τῇ
974 1595 1226 1666 βασιλίδι,
1283 1595 1378 1648 καὶ
1441 1593 1615 1664 πέρας
1671 1593 1966 1663 ἐλάμϐανε.

386 1695 725 1764 Κατέχονται
754 1689 861 1758 γὰρ
890 1689 938 1740 οί
962 1685 1071 1740 ἀπὸ
1103 1683 1326 1754 Ῥώμης
1356 1685 1476 1737 ἐκεῖ
1504 1682 1968 1754 παραγεγονότες,

2067 583 2151 635 nis
2177 590 2338 637 utens
2377 583 2760 650 probabilitate
2794 583 2937 653 (erat
2961 585 3106 638 enim
3139 584 3194 638 in
3243 585 3409 641 rebus
3453 587 3650 658 hujus-

2068 671 2211 726 modi
2268 672 2550 742 ingeniosa
2601 673 2798 729 artifex
2829 675 2848 744 )
2877 677 3168 744 persuadet
3203 677 3546 747 imp-oratori,
3587 690 3649 735 ut

2068 760 2171 828 iis,
2221 763 2314 830 qui
2371 762 2556 818 Itonia:
2619 774 2798 824 erant.
2833 768 3189 834 exspectatis,
3231 777 3287 822 ut
3331 783 3418 822 res
3463 779 3652 827 essent

2068 864 2253 904 vacuae
2288 850 2434 904 omni
2465 853 2876 921 perturbatione
2897 853 2950 922 (ο
2983 855 3232 924 iniquum
3265 864 3584 926 praetextam
3608 860 3648 927 l)

2069 948 2200 994 tunc
2239 956 2349 996 non
2379 952 2660 1002 revocaret
2693 946 3021 1000 antistitem.
3056 946 3209 1001 Clam
3286 959 3468 1002 autem
3523 949 3650 1003 mit-

2075 1043 2486 1104 tenshoccupat
2532 1037 2624 1106 qui
2665 1047 2795 1090 tunc
2827 1047 2987 1091 erant
3035 1050 3246 1107 portus,
3289 1040 3653 1110 Abydumque

2069 1130 2124 1176 et
2165 1137 2383 1180 onmem
2427 1127 2746 1190 transitum,
2789 1125 2992 1195 jubens
3028 1126 3390 1182 ascendentes
3424 1127 3647 1196 quidem

2071 1212 2351 1284 Romanos
2397 1215 2536 1270 male
2578 1217 2842 1270 multatos
2916 1225 2970 1271 et
3025 1216 3377 1271 contumeliis
3427 1217 3652 1270 allectos

2068 1303 2410 1371 amandare;
2461 1319 2648 1359 eorum
2705 1317 2884 1360 autem
2948 1306 3210 1374 epistolas
3281 1312 3364 1363 eis
3436 1317 3652 1376 ereptas

2071 1394 2312 1451 auferre.
2371 1394 2592 1452 Sciebat
2630 1399 2778 1450 enim
2828 1409 3035 1467 aperte,
3099 1399 3311 1453 Sciebat
3347 1399 3544 1453 callida
3596 1398 3654 1453 in

2073 1486 2233 1542 malis
2261 1486 2480 1552 mulier,
2513 1487 2658 1556 quod
2694 1488 2736 1541 si
2778 1502 2862 1541 res
2890 1489 3365 1553 examinarentur,
3394 1497 3542 1542 esset
3568 1503 3654 1542 re-

2071 1581 2358 1636 vocandus
2393 1581 2662 1652 pontifex.
2691 1580 2816 1636 llaec
2847 1581 3248 1656 etmachinata
3277 1589 3363 1635 est
3413 1581 3655 1650 impera-

2074 1673 2203 1736 trix,
2283 1689 2458 1743 eaque
2531 1673 2690 1728 finem
2729 1682 3081 1744 acceperunt.
3131 1673 3453 1730 Detinentur
3487 1673 3657 1738 enim,

384 1782 799 1859 φρουροῦνται,
849 1779 943 1831 καὶ
1001 1775 1430 1846 κακουχοῦνται,
1489 1773 1851 1829 ἀπαιτοῦνται
1901 1773 1971 1826 τά

2088 1769 2167 1837 lui
2195 1764 2370 1820 Roma
2420 1766 2551 1821 illuc
2588 1774 2886 1832 venerant;
2924 1767 3304 1837 conjiciuntur
3352 1767 3408 1820 in
3467 1775 3659 1822 custo-

392 1835 413 1853 τ
429 1835 451 1859 ι-
470 1835 484 1838 -
504 1835 513 1837 ν
533 1835 544 1855 ι
573 1835 585 1837 ⁷
787 1835 798 1844 -
1183 1835 1216 1846 η
1416 1835 1425 1841 ⁷

369 1880 716 1950 γράμματα,
756 1872 1110 1926 ἀνθίστανται
1144 1870 1418 1934 γενναὶόν⁸
1451 1869 1484 1927 ἡ
1537 1867 1857 1929 ἀντίστασις
1891 1866 1971 1930 είς

2088 1835 2248 1921 diam,
2301 1859 2442 1912 male
2498 1859 2820 1922 multantur,
2875 1835 3071 1912 littera:
3107 1859 3178 1912 ab
3238 1860 3318 1914 eis
3366 1865 3654 1928 petuntur.

387 1971 635 2026 κίνδυνον
663 1967 924 2036 καταντᾷ.
981 1962 1092 2016 Καὶ
1141 1963 1249 2032 γάρ
1307 1979 1391 2026 τις
1429 1960 1636 2024 κλάσας
1680 1960 1772 2012 τὸν
1818 1957 1970 2012 ἀντί-

386 2083 546 2136 χειρα
584 2061 679 2117 τοῦ
717 2059 1042 2123 ἐπισκόπου,
1084 2057 1328 2128 ἁρπάζει
1372 2055 1468 2107 σὺν
1519 2057 1632 2116 τοῖς
1677 2051 1972 2124 γράμμασι

391 2158 485 2208 καὶ
518 2153 554 2208 δι
590 2152 945 2222 ἐπεφέροντο.
995 2143 1130 2202 Εἶτα
1170 2143 1490 2200 κολακεύειν
1531 2141 1728 2204 αὐτοὺς
1767 2142 1818 2194 οἱ
1852 2140 1974 2194 τολ-

395 2243 565 2316 μηταὶ
594 2241 994 2304 ἀναιδεύονται,
1024 2235 1214 2308 χρυσῷ
1259 2232 1548 2302 διακλέψαι
1599 2233 1659 2284 τὸ
1692 2231 1975 2302 συμπαθὲς

395 2333 896 2408 μηχαωρῤαφοῦσι·
930 2333 1025 2386 καὶ
1073 2331 1254 2384 πάντα
1282 2327 1432 2381 δόλον
1465 2326 1726 2379 πλέκουσι
1761 2325 1882 2394 μὲν,
1913 2325 1975 2377 ού

394 2429 641 2484 πείθουσι
667 2426 744 2481 δέ.
777 2426 921 2489 Πῶς,
954 2425 1049 2477 καὶ
1065 2422 1186 2476 τίνα
1213 2421 1415 2493 τρόπον
1440 2437 1454 2486 ;
1498 2417 1664 2473 καλὸν
1691 2416 1790 2470 καὶ⁸
1819 2415 1978 2469 τοῦτο

391 2523 587 2576 εἰπεῖν.
621 2517 834 2580 Παῦλος
887 2517 916 2568 ὁ
960 2515 1102 2578 θεῖος
1153 2512 1474 2574 ἀπόστολος,
1532 2508 1744 2572 τούτοις
1804 2525 1976 2579 προσ-

390 2613 623 2675 επιστάς
648 2611 730 2664 ἐτι
766 2608 912 2663 κατὰ
969 2607 1067 2678 τὴν
1115 2605 1255 2660 ὀδόν
1313 2603 1619 2664 Βλέπετε,
1682 2599 1978 2672 προύλεγε,

388 2707 516 2774 πῶς
553 2701 950 2775 περιπατεῖτε,
981 2701 1063 2766 ὠς
1097 2697 1303 2768 σοφοί,
1330 2695 1417 2766 μὴ
1445 2692 1526 2762 ὡς
1555 2693 1799 2763 ἄσοφοι,
1829 2691 1982 2746 ειδό-

390 2820 486 2868 τες
513 2801 603 2853 ὅτι
648 2801 707 2853 αι
755 2795 970 2865 ἡμέραι
1001 2792 1262 2860 πονηραί
1289 2793 1429 2845 εἱσι.
1464 2788 1563 2842 Διά
1601 2787 1713 2841 τῶν
1755 2786 1880 2840 τότε
1910 2785 1981 2839 τά

388 2895 484 2948 νῦν
531 2890 918 2960 αἰνιξάμενος·
973 2882 1018 2956 ᾧ
1065 2885 1492 2956 στηριζόμενοι,
1527 2881 1590 2934 τὸ
1627 2880 1983 2950 ἐπικείμενον

396 2985 472 3056 τῷ
513 2983 697 3055 χαλκῷ
740 2981 850 3036 τῶν
911 2978 1201 3050 άγρευτῶν
1232 2977 1332 3046 τῆς
1389 2973 1647 3038 Εύδοξίας
1700 2973 1762 3026 ού
1811 2988 2019 3042 προση,

399 3080 599 3149 ήκαντο
643 3066 858 3146 δέλεαρ.
933 3069 1314 3141 Ὑπέστρεψαν
1371 3062 1464 3121 οὖν
1521 3065 1660 3134 μετά
1691 3063 1852 3118 ἕκτον
1881 3079 1985 3116 που

2078 1952 2155 2006 Illi
2189 1951 2404 2006 fortiter
2437 1952 2704 2008 resistunt
2736 1969 2750 2017 ;
2781 1953 3093 2006 resistentia
3141 1961 3323 2007 autem
3364 1950 3567 2007 desinit
3604 1954 3660 2006 in

2078 2043 2405 2115 periculum.
2456 2043 2592 2098 Nam
2644 2059 2769 2098 eum
2823 2045 3079 2115 fregisset
3129 2044 3356 2115 quidam
3408 2045 3660 2114 pollicem

2079 2135 2346 2204 episeopi,
2395 2148 2518 2188 cum
2550 2133 2754 2189 litteris
2787 2135 2930 2203 rapit
2987 2134 3151 2189 etiam
3191 2148 3255 2188 ea
3290 2147 3413 2202 quae
3468 2131 3666 2187 affere-

2079 2227 2233 2280 bant.
2276 2225 2482 2280 Deinde
2515 2228 2720 2280 audent
2753 2226 3103 2296 impudentes
3138 2235 3193 2280 et
3216 2225 3454 2280 audaces
3479 2224 3658 2278 homi-

2081 2334 2180 2374 nes
2200 2335 2296 2376 eos
2322 2317 2581 2384 blandiri,
2615 2334 2753 2373 auro
2774 2319 3208 2375 misericordiam
3236 2319 3539 2373 moliuntur
3561 2317 3666 2372 sibi

2083 2426 2406 2482 comparare
2441 2429 2454 2466 :
2500 2422 2554 2466 ct
2585 2426 2804 2467 omnem
2835 2413 3056 2482 quidem
3102 2412 3290 2466 dolum
3333 2418 3659 2474 contexunt,

2084 2519 2193 2560 non
2220 2512 2402 2557 autem
2447 2505 2796 2574 persuadent.
2850 2502 3141 2570 Quomodo
3183 2512 3238 2559 et
3290 2517 3528 2573 quanam
3581 2520 3670 2556 ra-

2083 2598 2233 2653 tione
2262 2598 2285 2652 ?
2329 2597 2626 2652 Pulchrum
2655 2607 2736 2654 est
2791 2599 2894 2654 hoc
2947 2614 3168 2669 quo1ue
3201 2599 3404 2654 dicere.
3434 2597 3662 2662 Paulus,

2085 2687 2308 2742 divinus
2359 2687 2678 2758 Apostolus,
2737 2689 2804 2742 ad
2847 2703 2941 2744 eos
3001 2689 3291 2753 accedens,
3353 2688 3656 2758 praedixit:

2096 2781 2276 2837 Videte
2297 2780 2558 2853 quomodo
2593 2789 2747 2834 cauto
2779 2779 3086 2843 ambuletis,
3129 2789 3386 2847 tanquam
3437 2779 3657 2848 sapim-

2089 2885 2188 2938 tcs,
2247 2884 2664 2944 nontanquuam
2715 2872 3048 2940 insipientes,
3095 2873 3318 2924 scientes
3363 2871 3501 2938 quod
3545 2869 3663 2924 dies

2090 2967 2220 3020 mali
2248 2975 2371 3020 sunt
2406 2966 2449 2997 ⁸⁷
2483 2983 2496 3018 :
2533 2979 2630 3034 per
2681 2979 2746 3018 ea
2788 2978 2912 3033 quae
2962 2962 3168 3025 fiebant
3226 2970 3378 3025 tunc,
3435 2975 3500 3014 ea
3548 2976 3672 3028 qua:

2092 3075 2239 3114 nunc
2272 3059 2412 3112 llunt
2439 3059 2606 3112 tacite
2634 3057 2893 3112 innuens.
2923 3055 3044 3120 Quo
3067 3054 3288 3125 quidem
3342 3055 3678 3118 continuati,

399 3145 547 3239 μῆνα
581 3169 714 3239 πρὶς
744 3145 815 3219 τά
843 3165 1040 3228 οἰκεῖα,
1073 3158 1417 3230 δηλώσαντες
1453 3156 1689 3211 ἅπαντα.
1723 3153 1834 3206 Καὶ
1856 3151 1982 3205 ταῦ-

2100 3167 2208 3206 non
2250 3151 2596 3204 admiserunt
2620 3164 2826 3214 escam,
2872 3162 2993 3217 qua:
3023 3149 3106 3202 ori
3139 3155 3461 3201 venatorum
3495 3145 3678 3200 Eudo-

397 3275 467 3312 τα
503 3259 602 3330 μὲν
623 3258 726 3318 ἕως
753 3251 880 3316 ὧδε,
914 3252 1010 3304 καὶ
1049 3249 1223 3310 οὕτως
1269 3246 1486 3316 ἔχοντα.

2106 3245 2351 3296 αἰθέριοι
2379 3241 2656 3311 imposita.
2702 3239 2832 3293 Post
2873 3248 3089 3293 sextum
3123 3251 3255 3307 ergo
3305 3251 3550 3291 mensem
3605 3234 3676 3289 ad

393 3370 530 3410 suos
563 3352 793 3416 reversi,
827 3346 1212 3417 signiticarunt
1259 3341 1464 3396 omnia.
1501 3339 1566 3393 Et
1612 3337 1725 3391 haae
1757 3335 1976 3405 quidem
2020 3337 2327 3406 hucusque,
2356 3345 2411 3390 et
2442 3336 2514 3388 ita
2539 3350 2595 3389 se
2624 3334 2847 3387 habent.

469 3448 533 3502 λ’.
571 3447 712 3517 Πρὸς
737 3444 805 3496 τὰ
840 3441 966 3511 ἑξῆς
1007 3439 1064 3492 δὲ
1104 3435 1298 3508 χωρῶν
1339 3436 1367 3487 ὁ
1402 3433 1582 3500 λόγος,
1616 3431 1726 3484 τῶν
1753 3446 1974 3501 προκειο

401 3543 579 3613 μένων
609 3536 838 3608 ἐχέσθω.
885 3534 1048 3604 Ἀρτι
1093 3528 1189 3583 τοῦ
1219 3525 1543 3599 φερωνύμον
1572 3523 1671 3592 τῆς
1700 3523 1851 3586 θείας
1883 3522 1983 3613 κάξ

401 3611 545 3705 ριτος
600 3626 835 3698 ἐνιαυτῷ
878 3623 1045 3692 παντὶ
1097 3620 1236 3692 πρὸς
1287 3620 1356 3690 τῇ
1416 3616 1647 3687 πολίχνῃ
1684 3611 1985 3681 Κουκουσῷ

397 3723 824 3795 διαπρέψαντος,
853 3716 1136 3773 κάνταῦθα
1161 3715 1289 3776 τοὺς
1314 3710 1462 3782 λιμῷ
1486 3712 1580 3764 καὶ
1603 3707 1748 3778 δίψει
1777 3706 1985 3776 Κυρίου

399 3817 576 3884 λόγων
618 3813 966 3884 λιμὼξαντας
1017 3806 1434 3879 διαθρέψαντος,
1484 3801 1642 3872 λιμὸς
1673 3799 1841 3869 ἄρτου
1895 3798 1989 3850 καὶ

400 3899 512 3966 τῶν
546 3906 863 3975 ἀναγκαίων
921 3901 1159 3972 κατέσχε
1200 3898 1300 3970 τὴν
1359 3896 1463 3966 γῆν
1526 3895 1622 3948 καλ⁸
1678 3892 1778 3962 τὴν
1835 3889 1991 3960 βασι-

400 4002 686 4056 λεύουσαν.
733 3996 953 4067 Ταύτην
995 3993 1357 4048 ἐκλείπουσαν
1396 3986 1646 4053 διαγνοὺς
1669 3986 1697 4038 6
1733 3981 1938 4054 ποιμὴν
1966 3984 1994 4035 6

401 4094 588 4158 καλὸς,
617 4088 923 4146 ἐπιστολῶν
967 4085 1283 4156 παρηγορεῖ
1316 4082 1411 4136 καὶ
1438 4079 1615 4148 λόγων
1643 4081 1757 4140 τοῖς
1784 4075 1992 4146 βοηθή-

406 4202 562 4256 μασι.
593 4183 707 4238 Καὶ
726 4181 946 4253 πρῶτον
980 4178 1080 4251 μὲν
1111 4177 1204 4230 τὸν
1245 4175 1312 4228 δι’
1349 4171 1642 4242 ἐπιστολῆς
1666 4171 1826 4239 λόγον
1860 4169 1996 4222 θαυ-

2156 3430 2247 3483 50.
2285 3428 2364 3482 Ad
2396 3443 2460 3482 ea
2512 3436 2718 3488 autem,
2764 3442 2886 3496 quae
2923 3425 3183 3493 deinceps
3229 3431 3676 3492 consequuntur,

2089 3521 2391 3592 procedens
2426 3521 2606 3575 oratio
2641 3527 3008 3589 persequatur
3036 3534 3098 3573 ea
3136 3533 3258 3587 quae
3288 3527 3419 3572 sunt
3477 3529 3682 3586 propo-

2087 3615 2214 3669 sita.
2247 3613 2382 3668 Cum
2431 3613 2544 3682 jam
2595 3612 2749 3681 quia
2781 3611 2962 3665 divina
3006 3610 3179 3680 gratia
3227 3616 3313 3663 est
3366 3609 3686 3664 denomina-

2090 3713 2201 3769 tus,
2235 3711 2350 3758 toto
2393 3719 2539 3756 anno
2565 3704 2619 3756 in
2655 3703 2913 3772 oppidulo
2943 3701 3160 3757 Cueuso
3191 3716 3252 3756 se
3285 3701 3546 3772 praeclare
3565 3719 3692 3771 ges-

2099 3801 2287 3858 sisset.
2323 3808 2372 3852 et
2402 3797 2634 3852 aluisset
2661 3810 2780 3862 eos,
2817 3796 2911 3865 qui
2955 3797 3100 3850 fatue
3132 3803 3187 3848 et
3230 3795 3319 3848 siti
3359 3795 3686 3849 laborabant

2094 3889 2383 3944 verborum
2416 3886 2653 3950 Domini,
2696 3886 2868 3939 fames
2892 3885 3052 3955 panis
3110 3894 3166 3939 et
3209 3901 3391 3939 rerum
3425 3900 3690 3940 necessa-

2095 3979 2300 4032 riarum
2334 3988 2536 4032 terram
2566 3975 2772 4029 invasit
2803 3993 2818 4028 :
2847 3984 2902 4028 et
2925 3989 3053 4029 cum
3085 3974 3228 4029 hanc
3253 3975 3448 4028 urbem
3479 3977 3687 4044 regiam

2095 4069 2332 4124 deficere
2360 4067 2716 4138 cognovisset
2753 4073 2944 4135 pastor
2971 4065 3064 4120 ille
3091 4065 3289 4129 bonus,
3317 4079 3438 4119 eam
3473 4065 3685 4135 episto-

2097 4161 2274 4214 larum
2304 4169 2359 4215 et
2386 4159 2695 4214 orationum
2722 4158 3048 4212 consolatur
3079 4156 3321 4212 auxiliis.
3355 4155 3419 4210 Et
3445 4157 3688 4226 primunt

405 4250 620 4351 μασίως
667 4250 942 4346 τρέιροντα
985 4250 1086 4336 τὰς
1135 4269 1314 4341 ψυχὰς
1362 4267 1472 4321 τῶν
1524 4263 1919 4336 ἀκροωμένων,
1971 4261 1983 4313 ί

2101 4254 2321 4323 quidem
2378 4267 2523 4317 eam,
2578 4266 2700 4321 quae
2729 4259 2814 4306 est
2863 4265 2960 4320 per
3005 4250 3317 4319 epistolam,
3361 4250 3693 4314 orationem,

401 4370 494 4425 τοῦ
528 4370 688 4438 λόγου
729 4367 1009 4436 σιτοδότης
1044 4363 1326 4426 σιτοδοτεῖ,
1363 4363 1422 4414 ὲν
1457 4356 1778 4428 κεφαλαίοις
1813 4357 1988 4408 εἴκοςι

405 4461 502 4514 καὶ
525 4459 822 4528 τέτταρσιν
849 4453 1288 4525 ἀριθμούμενονο
1325 4450 1462 4521 πρὸς
1492 4449 1621 4512 τοὺς
1653 4446 1994 4510 σκανδαλιζο-

2101 4343 2416 4398 auditorum
2454 4341 2669 4396 animas
2711 4341 3050 4396 nutrientem
3095 4340 3523 4406 admirabiliter,
3559 4356 3694 4409 sup-

2109 4435 2318 4503 peditat
2378 4430 2638 4486 frumenti
2714 4431 3008 4486 verborum
3077 4434 3506 4501 suppeditatur;
3568 4450 3693 4503 qua:

411 4552 609 4623 μένους
639 4522 716 4605 ἐν-
733 4551 852 4612 ταῖς
892 4522 998 4601 *τού
1027 4522 1146 4617 βίου
1199 4541 1574 4615 παρανομίαις
1610 4542 1640 4594 6
1674 4539 1832 4608 λόγος
1862 4537 1983 4606 ἔχωπ

2105 4525 2353 4579 continet
2402 4522 2592 4593 viginti
2618 4533 2855 4592 quatuor
2885 4522 3086 4592 capita.
3117 4523 3201 4577 Ad
3231 4539 3330 4579 eos
3363 4533 3568 4590 autem,
3602 4528 3696 4592 qui

408 4645 689 4698 ὑπόθεσιν.
735 4640 905 4711 Ἀρχὴ
941 4639 999 4692 δὲ
1025 4636 1104 4706 τῷ
1139 4637 1285 4706 λόγῳ
1317 4635 1436 4702 τίς;
1481 4631 1706 4703 ’ἰατρῶν
1754 4629 1875 4701 μὲν,
1906 4628 2000 4683 καὶ

2107 4619 2232 4672 vita:
2265 4615 2618 4671 offenduntur
2653 4616 3064 4687 iniquitatibus,
3103 4617 3270 4672 habet
3296 4627 3687 4688 argumentum

404 4736 476 4802 τὰ
522 4735 669 4803 ἑξῆς.
707 4702 915 4786 Ἔτιιδέ
937 4702 1375 4801 πρὸς-κυριακὸν
1404 4724 1520 4790 δύο,
1552 4702 1808 4793 καὶπρὸς
1845 4721 1974 4774 Κων

2101 4714 2309 4769 oratio.
2341 4714 2629 4780 Quodnam
2656 4722 2742 4769 est
2774 4724 2958 4768 autem
2994 4713 3322 4784 principium
3370 4715 3694 4768 orationis?

408 4825 692 4876 σταντῖνον
726 4819 1100 4891 πρεσϐύτερον
1135 4817 1355 4889 γραφὰς
1384 4814 1702 4883 διαφόρους,
1738 4813 1832 4864 καὶ
1866 4809 1983 4878 «(ibi

2105 4807 2298 4864 Medici
2327 4806 2572 4877 quidem,
2605 4815 2658 4860 et
2689 4822 2810 4876 quae
2829 4806 3026 4861 deinde
3054 4813 3383 4874 sequuntur.
3415 4803 3689 4860 Praeterea

405 4915 578 4985 αὐτὴν
606 4915 705 4984 τὴν
733 4912 1045 4984 θαυμασίαν
1081 4907 1446 4978 Ὀλυμπιάδα.
1484 4905 1625 4960 Ἀλλ’
1663 4905 1763 4957 ούκ
1794 4901 1983 4972 ἀφῆκεε

2102 4909 2284 4955 autem
2335 4899 2476 4955 duas
2526 4899 2593 4952 ad
2661 4897 2977 4969 Cyriacum,
3026 4907 3080 4951 et
3136 4897 3204 4951 ad
3257 4896 3680 4953 Constantinum

408 5006 580 5069 οὕτως
616 5010 643 5060 6
664 5005 858 5076 φθόνος
884 5002 1218 5069 αὑτόν.¹Ἦδη
1250 5001 1359 5071 γάρ
1388 4997 1732 5068 κακουχίαις,
1759 4993 1994 5057 αἰκίαις,

407 5099 506 5153 οὐκ
534 5099 684 5152 ἐστιν
723 5097 874 5160 ὅσαις
921 5099 1120 5160 εἰπεῖν,
1172 5094 1307 5164 πρὸς
1345 5090 1683 5163 Ἀραὸυσσὸν
1713 5085 2002 5158 μεταπέμ-

409 5208 592 5246 πεται.
625 5192 738 5245 Καὶ
783 5190 951 5247 πάλιν
989 5192 1047 5244 ἐν
1073 5188 1251 5260 ταύτῃ
1289 5185 1390 5256 τῆς
1425 5183 1594 5254 ἄλλης
1643 5181 1903 5250 πολίχνης
1934 5177 2002 5232 τὰ

411 5284 575 5355 ὅμοια
601 5285 631 5338 6
661 5283 1013 5354 θεραπευτὴς
1033 5277 1604 5352 διαπραγματεύεται.
1639 5273 1752 5328 Καὶ
1784 5271 1949 5325 πάλιν
1976 5271 2005 5322 6

412 5377 603 5447 φθόνος
627 5376 738 5431 τῶν
767 5376 1093 5447 κατηγόρων
1140 5372 1221 5444 τῷ
1263 5371 1416 5441 φόϐῳ
1474 5367 1826 5440 μαιούμενος,
1868 5364 2006 5436 πρὸς

416 5469 612 5533 ὠδῖνας
649 5471 814 5539 φόνου
867 5469 963 5522 καὶ
1005 5467 1200 5530 τόκους
1232 5464 1431 5527 αὐτοὺς
1463 5461 1690 5516 συνωθεῖ
1717 5460 1812 5514 καὶ
1839 5458 2010 5512 διανι-

415 5560 534 5630 στᾷ,
574 5559 667 5612 καὶ
689 5556 969 5622 τοσοῦτον,
999 5555 1143 5609 ὥστε
1179 5555 1355 5609 εἰπεῖν
1377 5568 1502 5607 τινα
1526 5553 1638 5614 τοῖς
1675 5547 2005 5620 κατηγόροις

415 5649 676 5705 τοιοῦτον
699 5650 870 5704 Ἴδετε
902 5647 1094 5719 νεκρὸν
1124 5644 1464 5718 φοϐεροῦντα
1491 5645 1618 5706 τοὺς
1658 5641 1888 5706 ζῶντας,
1915 5643 2011 5694 καὶ

415 5743 751 5815 κρατοῦντας
799 5741 1157 5796 διαπτοοῦντα
1180 5783 1195 5808 ,
1227 5738 1476 5809 καθάπερ
1524 5737 1649 5798 τοὺς
1698 5733 1891 5797 παῖδας
1923 5732 1994 5785 τὰ

483 5860 526 5890 ’⁷
559 5859 765 5931 Ephes.
790 5873 847 5924 v,
873 5859 957 5925 l5,
990 5857 1076 5912 16.

617 5960 892 6020 ΡΔτιιοι..
941 5957 1062 6018 (in.
1109 5955 1293 6018 CVII.

2104 4991 2480 5060 presbyterum
2501 4991 2653 5044 varia
2683 4990 2916 5057 scripta,
2939 4997 2994 5043 et
3017 4989 3082 5042 ad
3110 4989 3284 5059 ipsam
3309 4991 3690 5044 admirabilem

2101 5082 2504 5154 Olympiadem.
2540 5081 2646 5137 Sed
2677 5096 2786 5136 non
2821 5082 2903 5134 sic
2932 5097 3057 5136 eum
3081 5081 3539 5137 dimisitiuvidia.
3573 5081 3694 5137 1am

2109 5177 2254 5229 enim
2303 5175 2646 5236 vexationes,
2677 5173 2932 5242 injurias,
2959 5171 3280 5228 atllictiones
3322 5174 3508 5229 nescio
3533 5191 3698 5244 quam

2115 5269 2319 5322 multas
2375 5281 2698 5336 perpessus,
2764 5265 3164 5320 transmittitur
3210 5266 3575 5338 Arahyssum.
3640 5267 3708 5323 Et

2121 5375 2316 5415 rursus
2347 5362 2401 5414 in
2447 5374 2513 5413 eo
2556 5359 2748 5413 eadem
2795 5358 2947 5422 facit,
2999 5373 3122 5428 quae
3169 5358 3224 5412 in
3266 5357 3374 5412 alio
3416 5358 3702 5428 oppidulo.

2116 5450 2335 5508 Rursus
2381 5461 2565 5507 autem
2609 5450 2816 5506 invidia
2848 5466 2908 5505 se
2937 5450 3286 5505 obstetricem
3310 5452 3558 5520 praebens
3614 5467 3705 5507 ac-

2115 5554 2431 5600 cusatorum
2463 5544 2657 5607 metui,
2699 5560 2795 5599 eos
2822 5543 3053 5612 impellit
3077 5552 3132 5598 et
3164 5543 3357 5598 incitat
3386 5545 3452 5598 ad
3479 5545 3700 5615 parien-

2120 5639 2244 5694 dam
2267 5637 2494 5702 caedem,
2522 5637 2659 5692 adeo
2697 5645 2754 5692 ut
2773 5653 2838 5693 οι
2863 5620 3283 5694 accusatoribus
3300 5638 3522 5708 quidmn
3545 5637 3706 5693 dixe-

2103 5731 2174 5786 rit
2196 5730 2316 5787 suis
2345 5731 2512 5787 sociis
2541 5747 2553 5783 :
2578 5729 2768 5789 Videte
2789 5741 3064 5788 mortuum
3091 5731 3394 5788 terribilem
3423 5732 3519 5804 qui
3549 5733 3704 5788 vivos

3225 5940 3294 6000 10
