4084 6436
413 404 513 470 ‘2‘)1

1670 384 1949 448 [ΕΘΝῐὸ
1980 380 2438 447 PHILOSOPHI

3579 380 3689 446 292

421 523 589 571 terret
611 522 663 569 ct
685 524 867 566 rerum
898 508 1164 578 poticntes
1183 514 1408 574 stupore
1441 502 1706 573 percellit,
1726 499 1985 569 quomodt

2107 501 2501 573 μορμολύκεια.
2545 498 2641 564 Τίς
2679 496 2884 566 ταύτα;
2923 498 2952 552 ό
2992 496 3262 567 ἀσθενὴς,
3312 497 3342 551 ό
3386 496 3683 569 ἐξόριστος,

424 607 588 660 larva:
632 597 1007 672 pueros.Quis
1039 597 1152 651 hare
1207 595 1482 649 facit?l|le
1528 594 1856 655 imbecillus,
1908 592 1999 646 ille

418 699 708 767 relegatus,
727 694 819 764 qui
845 706 952 746 non
980 690 1144 744 habet
1161 689 1253 758 qui
1270 703 1398 742 eum
1422 684 1787 741 defendatJlli
1813 694 1995 737 autem

416 789 689 859 serpentis
716 785 955 841 insidias
994 784 1049 837 in
1083 798 1142 837 se
1173 783 1352 835 adhuc
1399 786 1767 842 ostentantes,
1815 776 1999 845 jusse-

411 890 538 937 runt
564 895 688 936 eum
712 878 821 949 jaci
844 881 896 932 in
926 876 1214 947 quemdam
1244 876 1421 928 locum
1453 871 1698 926 omnium
1743 869 2000 924 desertis-

408 974 605 1029 simum
667 990 681 1027 :
736 972 1039 1027 scientibus
1102 970 1247 1031 dico,
1300 968 1633 1039 Pityuntem,
1697 965 1992 1019 finitimum

405 1064 604 1118 accolis
633 1064 1002 1117 Tzaunorum.
1038 1064 1232 1115 Adhuc
1282 1072 1465 1113 autem
1514 1069 1815 1127 antequam
1864 1070 1993 1126 per-

408 1156 617 1210 veniret
661 1165 887 1211 sanctus
921 1157 974 1209 in
1007 1155 1108 1208 loci
1142 1153 1493 1209 solitudinem
1556 1152 1683 1222 (hoc
1723 1150 1867 1205 enim
1896 1163 1997 1220 ego

407 1246 641 1300 narrabo
678 1244 956 1313 paululum
984 1241 1378 1312 intersistcns),
1407 1241 1474 1295 ab
1499 1255 1565 1294 co
1595 1254 1784 1295 rursus
1811 1240 1998 1293 viden-

415 1349 525 1400 tur,
565 1337 709 1390 sicut
737 1335 1056 1399 Antiochiae,
1090 1333 1261 1388 divini
1292 1331 1541 1403 Apostoli
1585 1347 1597 1383 :
1642 1329 1769 1399 quid
1798 1331 1988 1384 dicen-

406 1426 530 1489 tes?
564 1422 811 1477 Divinam
849 1423 1083 1493 gratiam
1131 1420 1444 1483 afferentes,
1509 1417 1907 1474 confirmantes
1940 1427 1994 1474 et

418 1516 867 1577 corroborantes,
924 1520 1212 1583 tingentes,
1246 1509 1532 1564 laudantes
1586 1522 1712 1563 cum
1766 1514 1995 1578 prepter

408 1604 703 1672 puritatem
775 1602 1167 1668 conscientiae,
1251 1610 1530 1672 postremo
1601 1599 1994 1654 annuntiantes

406 1692 526 1763 ejus
546 1693 612 1749 ad
636 1691 806 1747 Deum
859 1704 1170 1753 excessum,
1212 1690 1437 1759 fereque
1460 1696 1519 1744 ut
1546 1689 1612 1744 ad
1640 1703 1833 1745 eorum
1867 1702 1994 1758 per-

407 1784 613 1840 veniret
640 1783 905 1838 honorem
941 1792 993 1836 et
1026 1782 1293 1851 gloriam:
1332 1780 1592 1837 Eudoxiae
1647 1779 1897 1834 fmtidam
1935 1788 1994 1835 et

406 1876 661 1931 infamem
682 1882 934 1938 mortem,
963 1889 1195 1944 eamque
1221 1884 1346 1930 ante
1376 1884 1605 1929 mortem
1635 1887 1813 1943 ipsum
1838 1886 1981 1941 saepe
2026 1866 2068 1921 Β

406 1983 434 2021 a
453 1980 514 2021 se
543 1963 881 2035 requisiisse.
910 1961 1053 2017 Nihil
1078 1963 1502 2034 praetermittunt
1530 1963 1674 2033 quod
1702 1962 1905 2017 faceret
1925 1960 1992 2016 ad

405 2073 529 2112 eum
555 2056 884 2112 docendum.
909 2054 1200 2111 Postremo
1235 2070 1361 2111 eum
1411 2063 1645 2127 pascunt
1681 2054 1983 2118 ambrosia,

416 2148 664 2203 dicentes
701 2164 717 2201 :
754 2145 867 2202 ilac
901 2146 1001 2202 tibi
1038 2161 1196 2216 opem
1250 2145 1480 2211 ferente,
1512 2146 1668 2200 mtllo
1699 2145 1807 2199 alio
1847 2159 1987 2214 opus

402 2238 628 2294 habebis
680 2238 1043 2292 nutrimento.
1105 2237 1280 2302 Quam
1335 2252 1460 2291 cum
1528 2237 1846 2306 accepisset,
1894 2249 1991 2289 co-

411 2328 578 2383 medit
607 2343 792 2383 coram
824 2327 1063 2389 duobus,
1106 2327 1198 2394 qui
1240 2340 1366 2381 eum
1416 2325 1648 2381 fideliter
1680 2324 1988 2396 sequeban-

413 2426 523 2472 tur.
588 2415 693 2483 Qui
724 2417 889 2471 etiam
936 2416 1084 2483 digni
1112 2415 1287 2471 habiti
1320 2425 1449 2471 sunt
1493 2430 1744 2470 sermone
1770 2424 1824 2469 ct
1855 2429 1990 2469 con-

407 2508 763 2579 templatione
815 2507 908 2563 Dei
960 2522 1292 2578 praeconum,
1328 2508 1654 2578 impleriquc
1699 2505 1902 2575 gaudio
1937 2513 1992 2561 et

404 2600 794 2665 exsultatione,
840 2614 963 2669 qua:
1013 2599 1165 2653 illinc
1218 2600 1614 2669 proficiscitur.
1667 2598 1803 2652 Tres
1856 2594 1988 2666 eigo

411 2702 532 2762 post
586 2692 703 2746 haec
746 2707 964 2746 menses
1020 2692 1468 2757 intercesserunt,
1526 2699 1579 2745 et
1644 2689 1985 2761 augebantur

416 2782 558 2836 mala
594 2782 798 2851 quibus
831 2797 956 2836 eum
996 2781 1305 2837 adiciebant
1359 2781 1603 2848 milites;
1636 2782 1781 2851 quod
1812 2782 1988 2851 ipsum

406 2887 622 2942 quoque
659 2872 983 2927 meditatum
1009 2879 1064 2927 et
1086 2871 1153 2927 de
1184 2871 1453 2927 industria
1478 2880 1831 2941 procuratum
1866 2870 1982 2925 fue-

404 2971 548 3017 rata
588 2962 1060 3032 persecutoribus.
1105 2960 1239 3028 Quae
1269 2971 1450 3018 autem
1493 2962 1560 3017 ab
1602 2963 1683 3017 eis
1727 2960 1986 3016 meditata

410 3054 654 3122 fuerant,
685 3052 796 3109 Deo
830 3070 939 3109 non
972 3056 1343 3125 permittente,
1369 3055 1483 3111 cito
1516 3054 1822 3122 interrupta
1857 3052 1979 3108 fue-

404 3152 533 3198 runt
573 3152 630 3197 et
685 3143 945 3198 rescissa.
1004 3142 1267 3208 Quisnam
1320 3152 1501 3198 autem
1553 3143 1800 3198 modus?
1853 3141 1984 3197 Data

402 3236 548 3289 enim
589 3235 671 3289 sic
728 3235 843 3289 haec
878 3249 1101 3304 quoque
1154 3241 1430 3304 postrema
1478 3235 1721 3289 narratio
1769 3250 1987 3290 summo

411 3327 699 3381 ntiraculo.
724 3324 974 3380 Nondum
997 3325 1299 3380 Cumanam
1339 3327 1817 3397 appropinquaret
1854 3342 1985 3383 san-

403 3427 547 3480 rtus,
582 3433 711 3474 ecce
735 3429 919 3473 autem
991 3425 1158 3473 noctu
1186 3418 1235 3472 ei
1267 3426 1535 3489 apparent
1582 3416 1882 3475 Basiliscus
1926 3425 1981 3473 et

404 3507 679 3564 Lucianus
724 3518 1023 3579 martyres,
1072 3508 1324 3563 dicentes
1364 3506 1560 3563 :Bono
1611 3517 1732 3564 esto
1775 3507 1982 3575 animo,

398 3612 452 3655 et
492 3598 688 3671 gaudio
718 3599 932 3655 exsulta
974 3597 1258 3661 ineffabili,
1295 3598 1465 3653 frater
1515 3596 1779 3655 Joannes.
1830 3598 1969 3653 Cras

382 3694 544 3747 enim
579 3691 743 3747 simul
793 3689 1023 3745 erimus.
1068 3688 1183 3741 Hoc
1232 3688 1412 3756 ipsum
1459 3703 1681 3759 quoque
1725 3688 1984 3743 dixerunt

396 3785 484 3839 sui
517 3782 705 3852 templi
738 3782 1083 3851 presbytero,
1124 3789 1184 3835 ut
1217 3795 1278 3834 se
1327 3789 1547 3849 pararet
1598 3780 1663 3834 ad
1699 3780 1847 3850 justa
1897 3779 1978 3834 fa-

394 3877 588 3931 cienda
615 3885 670 3930 et
689 3875 907 3929 debitas
937 3873 1244 3943 exsequias
1268 3872 1463 3927 divino
1503 3872 1773 3943 pontifici.
1823 3871 1983 3928 Venit

389 3981 526 4039 ergo
575 3969 642 4022 ad
706 3968 886 4022 locum
939 3966 1101 4021 divus
1170 3963 1460 4035 pontifex;
1509 3964 1705 4035 quaerit
1774 3974 1981 4020 vestem

394 4060 764 4130 splendidam,
797 4074 921 4129 quae
945 4060 1179 4129 tempori
1227 4066 1282 4114 et
1331 4056 1582 4127 dignitati
1639 4057 1932 4112 conveniat
1964 4073 1978 4110 :

394 4158 571 4206 mutat
595 4158 777 4206 autem
808 4164 872 4205 ea
899 4165 1022 4220 quae
1062 4150 1338 4219 gestabat,
1372 4158 1428 4205 et
1445 4150 1539 4205 illa
1587 4149 1870 4205 distribuit
1910 4149 1979 4206 iis

400 4243 493 4312 qui
520 4243 770 4297 aderant.
815 4241 1020 4296 Deinde
1059 4256 1281 4297 sacrum
1335 4241 1579 4296 celebrat
1637 4242 1962 4312 mysterium

394 4333 772 4389 communicat
830 4340 1184 4388 sacramento
1237 4321 1459 4404 gratiae,
1505 4332 1687 4387 fundit
1750 4335 1976 4388 ultimas

396 4436 612 4493 preces.
636 4420 845 4477 Deinde
885 4436 1009 4475 cum
1038 4422 1105 4477 de
1146 4437 1301 4478 more
1328 4422 1553 4479 dixisset
1574 4423 1665 4478 hic
1706 4425 1848 4478 inter
1882 4439 1980 4493 pa-

2104 588 2150 662 ᾧ
2193 595 2268 664 μή
2292 594 2406 647 ἐστι
2435 594 2755 665 συνήγορος,
2788 593 2852 645 Οί
2881 592 2939 646 δὲ
2987 593 3051 644 τὸ
3100 590 3453 644 ἐπιϐουλεῦον
3478 591 3560 644 ἔτι
3589 592 3686 645 τοῦ

2104 685 2282 755 όφεως
2317 686 2375 738 ἐν
2404 686 2618 748 ἑαυτοῖς
2652 684 3052 754 θεατρίζοντες,
3082 683 3164 746 είς
3198 681 3376 753 χῶρόν
3417 699 3544 737 τινα
3589 700 3690 752 με·-

2109 775 2455 848 ταρριφῆναι
2511 774 2701 829 τοῦτον
2766 774 3179 828 διακελεύονται
3236 773 3506 828 πάντοθεν
3558 775 3692 845 ἐρη-

2105 870 2363 940 μότατον,
2444 867 2609 921 εἰδόσι
2671 867 2836 937 λέγω,
2909 868 3003 921 τδν
3089 868 3396 921 Πιτυοῦντα
3460 869 3687 936 λεγόμε-

2103 975 2216 1025 νον,
2279 959 2391 1013 τῶν
2451 958 2774 1031 περιχώρων
2824 958 3047 1023 Τζάνων
3104 959 3196 1012 τὸν
3269 960 3490 1030 ὅμορον.
3565 961 3685 1013 Ἔτι

2102 1048 2160 1101 δὲ
2223 1049 2331 1120 πρὸ
2389 1048 2485 1103 τοῦ
2550 1066 2613 1117 γε
2694 1048 2899 1118 φθάσαι
2967 1048 3065 1117 τὴν
3112 1048 3351 1119 ἐρημίαν
3389 1050 3481 1101 τὸν
3529 1050 3687 1116 ἅγιον

2104 1140 2285 1213 (τοῦτο
2314 1141 2423 1212 γὰρ
2457 1139 2570 1210 ἐγὼ
2624 1140 2959 1212 διηγήσομαι
2990 1141 3186 1211 μικρὸν
3219 1140 3484 1211 ἐπισχὼν)
3512 1142 3685 1195 ὀπτά-

2101 1232 2459 1303 νονταιαῦτῷ
2504 1232 2686 1297 πάλιν,
2737 1232 2992 1301 καθάπερ
3021 1234 3079 1285 ἐν
3117 1232 3442 1304 Ἀντιοχείᾳ,
3467 1236 3517 1287 οἱ
3551 1234 3685 1287 θεῖοι

2102 1325 2411 1379 ἀπόστολοι.
2449 1324 2513 1376 Τί
2577 1323 2861 1392 λέγοντεςς
2897 1323 3011 1393 Τήν
3072 1324 3224 1378 θείαν
3260 1325 3434 1395 χαρὰν
3486 1326 3680 1393 ἐπιφέ-

2103 1433 2313 1489 ροντες,
2341 1415 2703 1487 ἐνισχύοντες,
2738 1415 3127 1484 ἐπαλείφοντες
3152 1418 3219 1488 τῇ
3249 1416 3344 1470 τοῦ
3384 1418 3683 1482 συνειδότος

2102 1509 2265 1563 αὑτὸν
2298 1507 2657 1579 καθαρότητιο
2705 1507 2799 1561 ἐπὶ
2846 1509 3014 1562 πᾶσιν
3064 1507 3554 1581 άναγγελιξόμενοι
3580 1512 3683 1581 τὴν

2102 1601 2240 1672 πρὸς
2286 1600 2422 1655 Θεὸν
2469 1601 2780 1671 ἐκδημίαν,
2826 1602 2888 1655 τὸ
2943 1603 3307 1673 συντετάχθαι
3352 1605 3418 1675 τῇ
3475 1604 3685 1662 ἑαυτῶν

2099 1695 2234 1764 τιμῇ
2276 1709 2335 1746 τε
2362 1693 2455 1746 καὶ
2486 1692 2638 1763 δόξᾳ,
2672 1694 2764 1748 τὸν
2790 1694 2847 1748 δὲ
2876 1695 2978 1764 τῆς
3017 1693 3275 1758 Εύδοξίας
3315 1694 3548 1749 ὀδωδότα
3591 1696 3687 1749 καὶ

2100 1785 2300 1855 ἄτιμον
2326 1785 2578 1853 θάνατον,
2609 1786 2707 1856 τὴν
2730 1787 2789 1840 δέ
2819 1787 2927 1859 πρὸ
2946 1786 3039 1841 τοῦ
3068 1788 3298 1843 θανάτου
3326 1788 3529 1860 πολλὴν
3551 1790 3684 1858 παρ’

2096 1876 2271 1946 αὐτῆς
2325 1877 2672 1949 ἐπιζήτησιν,
2723 1878 2878 1932 οὐδὲν
2929 1879 3010 1933 ὅτι
3060 1880 3137 1950 μή
3194 1879 3683 1951 παραλιμπάνουσι

2096 1972 2206 2025 τῶν
2234 1972 2482 2044 ὑστέρων
2509 1974 2591 2036 είς
2628 1973 2959 2040 ἀναδίδαξιν.
2987 1973 3153 2037 Τέλος
3188 1973 3467 2045 ἀμϐροσία
3495 1972 3685 2028 τοῦτον

2098 2066 2384 2133 σιτίζουσι,
2424 2067 2715 2140 φήσαντες,
2785 2066 2875 2131 Ὧς
2928 2065 3280 2137 ἐπαρκούσης
3324 2084 3408 2121 σοι
3454 2066 3681 2138 ταύτης.

2096 2159 2294 2230 ἐτέρας
2324 2160 2384 2212 οὐ
2417 2157 2657 2230 δεηθήσῃ
2691 2157 2919 2229 τροφῆς.
2961 2158 3073 2211 Καὶ
3115 2157 3318 2223 λαϐὼν,
3348 2157 3547 2228 ἔφαγε,
3573 2160 3682 2212 τῶν

2096 2249 2196 2303 σὺν
2242 2247 2393 2318 αὐτῷ
2431 2248 2526 2302 δύο
2580 2247 2790 2311 πιστῶς
2845 2247 3363 2303 ἐπακολουθούντων
3422 2247 3681 2317 ἐνώπιονο

2094 2341 2144 2394 οἳ
2172 2340 2230 2394 δέ
2275 2340 2617 2411 κατηξίωντο
2644 2340 2745 2411 τῆς
2770 2339 2991 2410 ὁμιλίας
3029 2340 3140 2393 τῶν
3174 2339 3553 2412 θεοκηρύκων,
3585 2342 3683 2394 καὶ

2093 2432 2194 2503 τῆς
2234 2431 2452 2485 ἐκεῖθεν
2504 2432 2684 2501 χαρᾶς
2733 2430 3097 2502 ἐμφορεῖσθαι
3127 2434 3221 2486 καὶ
3259 2435 3359 2504 τῆς
3412 2433 3678 2502 ἀγαλλιά-

2094 2536 2253 2587 σεως.
2283 2524 2446 2593 Τρεῖς
2486 2518 2581 2577 οὖν
2614 2524 2753 2594 μετὰ
2780 2523 2958 2579 ταῦτα
2983 2524 3150 2595 μῆνες
3190 2527 3248 2579 ἐν
3272 2526 3443 2597 μέσῳ,
3490 2527 3584 2581 καὶ
3609 2527 3679 2580 τά

2092 2616 2241 2669 δεινὰ
2287 2615 2443 2685 παρά
2480 2615 2589 2669 τῶν
2620 2616 2972 2684 στρατιωτῶν
3003 2617 3336 2682 ἐπετείνετο,
3380 2619 3551 2673 πάλαι
3581 2621 3677 2688 μὲν

2094 2706 2188 2759 καὶ
2215 2705 2376 2761 τοῦτο
2411 2706 2707 2777 μελεηθέν
2726 2707 2822 2761 καὶ
2843 2707 3236 2763 διαπευασθέν
3256 2711 3369 2773 τοῖς
3393 2709 3673 2775 διώκταις.

2090 2795 2210 2867 Θεῷ
2253 2796 2310 2851 δὲ
2341 2798 2437 2852 καὶ
2473 2798 2543 2853 τά
2567 2799 2668 2869 τῆς
2723 2799 2954 2871 μελέτης
3016 2800 3093 2871 μὴ
3140 2801 3565 2872 συγχωρούμενα
3599 2803 3677 2857 δι-

2090 2890 2298 2943 εσπᾶτο
2331 2889 2525 2945 θᾶττον
2574 2892 2669 2945 καὶ
2711 2891 3068 2947 ἀνεκόπτετό.
3126 2894 3223 2955 Τίς
3275 2894 3332 2947 δέ
3378 2896 3407 2947 ό
3434 2895 3669 2966 τρόποςς

2090 2980 2317 3035 διδόσθω
2346 2981 2444 3036 καὶ
2472 2981 2631 3035 τοῦτο
2664 2983 3061 3053 κορυφουμένῳ
3091 2982 3330 3054 θαύματι
3370 2985 3675 3042 τελευταῖον

2088 3074 2358 3145 διήγημα.
2402 3073 2572 3129 Οὔπω
2625 3077 2691 3146 τῇ
2734 3075 2965 3150 Κομάνῃ
3013 3078 3386 3148 προσήγγιζον
3438 3081 3489 3132 oi
3540 3081 3675 3151 περὶ

2091 3168 2184 3221 τὸν
2216 3168 2393 3237 ἅγιον,
2428 3170 2526 3222 καὶ
2583 3168 2694 3223 ίδοὺ
2750 3168 2901 3240 αὐτῷ
2948 3172 3143 3236 νυκτὸς
3198 3172 3523 3237 Βασιλίσκος
3575 3175 3673 3229 καὶ

2091 3268 2393 3331 Λουκιανός
2420 3268 2471 3321 oi.
2498 3267 2777 3338 μάρτυρες
2806 3267 3111 3337 φαίνονται,
3144 3269 3369 3340 Θάρσει,
3394 3271 3674 3340 λέγοντες,

2087 3362 2266 3431 χαρᾶς
2316 3361 2672 3432 ἀνεκλαλήτῳ
2722 3362 3129 3435 ἀγαλλιάματι,
3169 3364 3364 3434 ἀδελφέ
3423 3366 3668 3436 Ἰωάννη.

2087 3453 2286 3526 Αὔριον
2310 3456 2421 3525 γὰρ
2459 3456 2577 3525 ἅμα
2609 3455 2870 3527 ἐσόμεθα.
2905 3456 2981 3510 Τὸ
3022 3457 3079 3511 δὲ
3112 3456 3243 3511 αὐτὸ
3270 3459 3366 3511 καὶ
3423 3458 3503 3531 τῷ
3536 3476 3672 3531 πρε-

2089 3550 2340 3621 σόυτέρῳ
2384 3550 2647 3620 προεῖπον
2673 3548 2767 3603 τοῦ
2813 3548 3023 3603 ἑαυτῶν
3067 3550 3491 3622 τεμενίσματος,
3529 3552 3672 3607 ἐτοι-

2090 3642 2495 3714 μασθησομένῳ
2543 3642 2679 3712 πρὸς
2736 3643 2919 3696 πᾶσαν
2991 3642 3091 3712 τὴν
3153 3641 3500 3714 λειτουργίαν
3566 3644 3669 3714 τῆς

2088 3734 2476 3806 προσηκούσης
2511 3733 2665 3797 ὁσίας
2696 3734 2775 3807 τῷ
2805 3733 2937 3805 θείῳ
2969 3734 3237 3807 ἀρχιερεῖ.
3256 3735 3459 3790 Φθάνει
3482 3736 3668 3790 τοίνυν

2084 3827 2177 3880 τὸν
2209 3826 2373 3879 τόπον
2395 3828 2423 3880 ό
2450 3826 2593 3891 θεῖος
2627 3825 2939 3897 ἀρχιερεύς·
2967 3826 3221 3897 ἐπιζητεῖ
3255 3827 3334 3898 τῷ
3360 3828 3539 3898 καιρῷ
3572 3831 3667 3882 καὶ

2084 3922 2151 3991 τῇ
2188 3918 2317 3992 ἀξίᾳ
2344 3919 2444 3990 τὴν
2501 3918 2733 3983 ἐπαξίαν
2785 3918 2982 3991 στολήν
3023 3920 3118 3972 καὶ
3164 3919 3428 3995 λαμπράν
3453 3937 3469 3954 ο
3508 3920 3668 3987 ἐξαλ-

2082 4011 2275 4065 λάσσει
2304 4028 2365 4065 τε
2391 4009 2457 4065 τά
2488 4009 2823 4083 φορούμενα,
2857 4009 2925 4063 τά
2953 4009 3011 4063 δὲ
3039 4011 3151 4075 τοῖς
3194 4011 3430 4083 παροῦσι
3469 4013 3665 4082 διαμε-

2085 4100 2247 4175 ρίξει.
2285 4095 2422 4155 Εἶτα
2449 4101 2920 4171 μυσταγωγείται,
2954 4102 3206 4153 κοινωνεῖ
3234 4098 3330 4154 τοῦ
3364 4101 3666 4170 μυστηρίου

2082 4194 2181 4265 τῆς
2211 4194 2457 4266 χάριτος,
2492 4196 2727 4247 ποιεῖται.
2755 4193 2854 4263 τὴν
2876 4191 3196 4246 τελευταίαν
3225 4193 3413 4266 εὐχήν.
3436 4193 3669 4246 Ἔπειτα

2082 4288 2145 4342 τὸ
2197 4287 2258 4352 ἐξ
2289 4285 2445 4351 ἔθους
2474 4285 2647 4340 εἰπὼν
2673 4287 2702 4340 ό
2738 4285 3042 4355 θαυμάσιος
3087 4278 3244 4349 οὗτος
3273 4288 3331 4339 ἐν
3392 4285 3671 4357 πατριάρ-

2082 4397 2228 4451 χαις,
2262 4377 2359 4432 καὶ
2410 4380 2586 4451 μέγας
2614 4378 2784 4441 ὅντως
2808 4378 3193 4448 Χρυσόστομος
3220 4395 3234 4408 ·
3259 4376 3399 4444 Δόξα
3434 4378 3512 4447 τῷ
3542 4376 3665 4446 Θεῷ

2085 4470 2302 4523 πάντων
2328 4470 2536 4534 ἕνεκεν,
2568 4466 3113 4540 ἐπισφραῃσάμενος
3144 4467 3323 4537 ἐαυτῷ
3362 4468 3426 4521 τδ
3464 4467 3661 4537 Ἀμήν,

396 4514 670 4571 triarcbas
696 4514 917 4569 divinus
939 4524 997 4569 et
1020 4530 1210 4569 revera
1234 4530 1468 4585 magnus
1499 4515 1930 4587 Chrysostomus
1959 4535 1974 4571 :

396 4607 580 4633 (ειη-α..
621 4605 727 4633 IL...
764 4617 992 4633 nun-\nln-
1024 4609 1203 4633 1...”:A
1283 4616 1330 4633 Α.
1383 4607 1526 4633 (AA-4.
1582 4611 1742 4633 ..ιι-...Α
1797 4609 1974 4633 ΑηιιΑζ-

2091 4514 2296 4523 ””’⁷”“”’
2329 4514 2536 4534 ⁷”“”“’⁷
2570 4514 3110 4540 “’⁷”⁷ΥΙ”“Ι’”’Ἱ”“”³
3146 4514 3319 4537 ⁷⁷⁷⁷⁷7
3373 4514 3423 4521 ⁷⁷
3483 4514 3661 4537 ⁸·Γ“Ἰ“ν

2089 4564 2179 4619 καλ⁸
2211 4563 2546 4629 ἀνακλιθεὶς,
2581 4564 2965 4618 ἀναπέπαυται
3012 4563 3077 4632 τῇ
3122 4562 3665 4633 τεσσαρακαιδεκάτῃ

2338 4598 2546 4629 ιλινςιδ,
2581 4598 2757 4618 υιννυιυς
2770 4598 2965 4616 ΙθιῆυυἉυ
3024 4598 3077 4631 ⁸⁵1
3134 4598 3647 4631 υόνυἎιδᾺωυπΠὮΠς

393 4607 583 4663 Gloria
616 4605 729 4662 Deo
762 4617 992 4677 propter
1022 4609 1230 4671 omnia,
1280 4616 1336 4662 et
1382 4607 1528 4662 facto
1581 4611 1745 4679 signo
1794 4609 1978 4663 crucis

392 4701 788 4771 subjuntisset,
825 4701 999 4757 Amen
1026 4718 1043 4768 ;
1070 4710 1125 4756 et
1154 4701 1520 4767 recubuisset,
1570 4702 1838 4772 requievit
1880 4702 1978 4759 de-

390 4797 538 4849 cimo
596 4806 799 4865 quarto
853 4794 1063 4849 mensis
1102 4792 1470 4864 Septembris.
1525 4792 1748 4849 Licebat
1794 4802 1977 4849 autem

391 4888 579 4943 videre
602 4896 722 4957 post
756 4887 892 4953 luce,
930 4898 1189 4956 tanquam
1212 4886 1371 4956 signo
1404 4887 1554 4951 datu,
1581 4895 1975 4943 concurrentes

386 4993 452 5033 ex
498 4977 681 5046 Syria,
708 4976 927 5043 Cilicia,
979 4976 1158 5033 Ponto
1184 4986 1241 5033 et
1291 4977 1553 5032 Armenia
1602 4992 1767 5032 omne
1801 4992 1974 5047 genus

390 5074 679 5127 hominum
734 5078 791 5127 et
836 5085 1063 5127 onmem
1110 5079 1353 5139 aetatem,
1408 5078 1632 5141 propter
1681 5071 1973 5126 utilitatem

386 5181 749 5223 communem
784 5173 838 5221 et
879 5166 1114 5221 salutem
1154 5184 1169 5221 :
1210 5172 1265 5221 et
1291 5164 1373 5222 sic
1411 5165 1704 5235 deponitur
1744 5164 1973 5234 patieu-
2014 5221 2015 5224 η

390 5261 668 5316 tissintum
701 5269 758 5314 et
793 5257 1211 5315 sam-tissimum
1251 5258 1387 5313 illud
1430 5272 1634 5326 corpus
1674 5272 1798 5310 cum
1832 5270 1972 5310 mar-

386 5365 567 5426 tyrum
601 5356 694 5425 qui
738 5354 857 5407 illic
893 5359 1049 5409 sunt.
1086 5351 1417 5421 corporibus
1461 5368 1474 5405 :
1520 5349 1840 5406 beatissima
1868 5364 1965 5403 au-

384 5454 492 5500 tem
547 5455 603 5500 et
644 5445 992 5501 divinissima
1048 5442 1233 5497 anima
1275 5442 1566 5512 excipitur
1617 5440 1964 5495 intemeratis

386 5538 635 5593 manibus
666 5538 994 5592 immortalis
1020 5536 1266 5590 omnium
1302 5534 1488 5604 Regis,
1527 5534 1741 5589 Domini
1772 5541 1827 5587 ct
1868 5532 1963 5587 Dei

380 5628 559 5681 nostri
586 5635 642 5681 ct
673 5626 979 5684 Salvator-is
1004 5626 1133 5683 Jcsu
1175 5627 1402 5690 Christi,
1446 5642 1609 5696 quem
1634 5642 1758 5681 cum
1804 5623 1967 5680 Patre

377 5728 427 5771 et
460 5724 656 5771 sancto
692 5716 895 5786 Spiritu
949 5720 1107 5774 decet
1143 5720 1324 5775 omnis
1364 5719 1557 5789 gloria,
1609 5719 1807 5783 honor,
1869 5731 1968 5786 po-

382 5808 578 5873 tentia,
619 5810 876 5874 majcstas
916 5820 971 5865 et
1011 5813 1441 5883 magnificentia,
1483 5826 1630 5867 nunc
1669 5821 1721 5867 et
1767 5811 1820 5865 in
1862 5825 1964 5865 sac—

377 5904 499 5959 cuia
536 5902 883 5955 saeculorum.
924 5902 1119 5959 Amen.

2079 4657 2176 4711 τοῦ
2209 4656 2590 4727 Σεπτεμϐρίου
2624 4655 2815 4728 μηνός.
2852 4651 2964 4709 Ἦν
2992 4649 3087 4707 οὖν
3138 4653 3268 4706 ἰδεῖν
3309 4653 3446 4723 μετά
3487 4652 3664 4706 ταῦτα

2083 4748 2440 4819 συρρέοντας,
2477 4747 2665 4819 ὥσπερ
2702 4746 2811 4800 ἀπὺ
2840 4745 3206 4817 συνθήματος,
3244 4744 3307 4797 ἐκ
3348 4761 3409 4797 τε
3438 4743 3661 4816 Συρίας,

2078 4843 2353 4910 Κιλικίας,
2388 4843 2591 4897 Πόντου
2627 4843 2720 4897 καὶ
2766 4841 3082 4912 Ἀρμενίας,
3111 4840 3221 4893 πᾶν
3256 4837 3412 4904 γένος
3444 4835 3659 4909 ἀνθρώ-

2080 4952 2219 5002 πων,
2262 4935 2445 4988 πᾶσαν
2478 4934 2716 5005 ἡλικίαν,
2757 4932 2859 5003 τῆς
2910 4930 3102 5001 κοινῆς
3153 4930 3340 4983 ἕνεκεν
3389 4928 3662 4998 ὠφελείας

2077 5028 2171 5082 καὶ
2204 5025 2501 5097 σωτηρίας.
2536 5026 2648 5080 Καὶ
2673 5025 2817 5079 οὕτω
2854 5021 3275 5077 συναποτίθεται
3308 5021 3407 5091 μέν
3436 5020 3497 5074 τὸ
3526 5035 3659 5089 καρ⁸

2076 5121 2444 5192 τερικὼτατον
2477 5121 2654 5173 ἐκεῖνο
2688 5119 2781 5171 καὶ
2812 5117 2968 5186 ἆγιον
3017 5116 3177 5187 σῶμα
3210 5116 3327 5177 τοῖς
3353 5114 3465 5168 τῶν
3513 5128 3657 5182 μαρ-

2074 5217 2258 5286 τύρων
2289 5212 2525 5270 ἐνταῦθα
2559 5212 2834 5283 σώμασιν·
2877 5213 2913 5282 ή
2944 5210 3000 5264 δὲ
3034 5208 3283 5281 μακαρία
3307 5208 3400 5261 καὶ
3421 5203 3657 5259 θεοειδε-

2072 5310 2243 5379 στάτη
2286 5308 2432 5378 ψυχὴ
2488 5307 2608 5370 ταῖς
2658 5303 2951 5375 ἁχράντοις
3003 5302 3163 5376 χερσὶ
3233 5298 3327 5354 τοῦ
3382 5298 3656 5353 ἀθανάτου

2070 5402 2290 5456 πάντων
2317 5400 2611 5464 Βασιλέως,
2638 5397 2733 5451 τοῦ
2763 5395 2969 5465 Κυρίου
2996 5397 3096 5449 καὶ
3123 5392 3261 5448 Θεοῦ
3282 5394 3375 5448 καὶ
3403 5392 3656 5463 Σωτῆρος

2069 5494 2226 5566 ἡμῶν
2275 5492 2452 5564 Ἰησοῦ
2505 5492 2768 5565 Χριστοῦ·
2805 5491 2922 5563 μεθ’
2957 5484 3018 5545 οὗ
3077 5488 3155 5560 τῷ
3187 5486 3389 5556 Πατρὶ,
3433 5487 3549 5556 ἅμα
3575 5482 3656 5555 τῷ

2069 5586 2211 5657 ἀγίῳ
2237 5586 2539 5655 Πνεύματι,
2582 5584 2708 5651 δόξα
2737 5585 2960 5657 πρέπει,
2992 5582 3128 5654 τιμὴ
3162 5582 3253 5635 καὶ
3286 5579 3513 5651 κράτος,
3559 5593 3655 5646 με·

2071 5678 2364 5749 γαλωσύνη
2399 5696 2457 5732 τε
2488 5679 2585 5733 καὶ
2627 5679 3080 5749 μεγαλοπρέπεια
3102 5716 3118 5743 ,
3159 5676 3242 5737 εἰς
3290 5676 3416 5738 τοὺς
3451 5670 3652 5732 αίῶνας

2074 5771 2182 5827 τῶν
2215 5771 2446 5827 αἰώνων.
2494 5771 2691 5843 Ἀμήν.
