4084 6438
398 473 506 537 293

1086 469 1371 533 ORATIO
1400 471 1557 532 XIX.
1594 493 1656 506 ·-·
1699 469 1990 531 HORTA']

2094 468 2199 529 lIA
2233 466 2332 527 AD
2369 462 2627 527 ΟΜΝΕὸ
2664 457 3001 521 FIDELES.

3574 446 3680 511 29i

1797 603 2061 662 ommo
2102 588 2221 658 xix
2249 602 2347 673 (ι).

400 726 613 794 Leonis,
651 723 708 779 in
749 721 962 783 Christo
1010 725 1327 794 sentpitetjno
1374 721 1527 794 Rege,
1557 717 2129 794 itnpertttoris,_oratt'o
2170 715 2255 794 re!
2292 714 2517 794 epistola
2552 711 2875 794 para’notico
2923 705 3205 794 catholica,
3240 704 3310 756 ad
3342 712 3678 772 quoscunque

974 778 1216 851 videlicet
1234 788 1438 850 Cﬁristi
1452 778 1644 861 vﬁdeles'
1657 791 1880 860 scripta,
1906 778 2220 842 'hortatoria
2248 778 2330 839 ad'
2348 784 2472 838 bene
2501 778 2779 851 sancteque
2812 778 3103 834 vivendum.

1506 908 1737 969 (Banorm
1770 902 1949 957 Annal.
1979 904 2041 956 ad
2060 916 2243 954 annum
2264 901 2377 956 912,
2399 912 2450 949 ιι.
2473 898 2558 961 V.)

426 994 427 997 η
468 1015 801 1073 Benedictus
836 1014 983 1074 Deus
1013 1013 1199 1081 Pater,
1234 1015 1330 1087 qui
1363 1031 1461 1087 per
1486 1014 1749 1072 dilectum
1788 1013 1987 1069 Filium
2014 1011 2068 1073 Α
2094 998 2319 1075 faceret,
2354 1008 2448 1065 sed
2486 1021 2609 1078 quas
2645 1005 2980 1077 sempiterno
3012 1011 3259 1073 tempore
3298 1010 3530 1056 mortem
3569 1014 3678 1055 una

399 1126 561 1166 suum
593 1107 887 1164 Dominum
910 1114 1163 1165 nostrum
1189 1105 1375 1163 desum
1397 1105 1683 1162 Christum
1733 1102 1991 1160 liberavit

405 1219 501 1262 nos
534 1219 567 1260 a
606 1201 814 1258 diaboli
853 1200 1147 1264 servitute,
1180 1207 1237 1255 et
1275 1199 1333 1254 in
1366 1201 1620 1270 portione
1666 1206 1988 1256 sanctorum

401 1312 626 1353 suorum
654 1308 759 1351 nos
788 1293 1250 1358 collocavit,cum
1287 1293 1427 1349 ﬁlios
1468 1300 1524 1349 et
1562 1293 1811 1349 heredes
1844 1291 1990 1348 invi-

401 1388 579 1445 sibilis
595 1382 784 1459 gloriat
809 1400 925 1442 suae
953 1400 1060 1441 nos
1096 1384 1469 1451 constituerit,
1495 1393 1550 1440 et
1579 1398 1610 1439 a
1636 1383 1991 1456 turpitudine

400 1478 721 1551 passionum
743 1491 845 1533 nos
860 1475 1262 1548 segregaverit,
1282 1484 1339 1533 et
1373 1474 1643 1548 integram
1674 1476 1836 1533 nobis
1867 1490 1988 1531 eam

400 1571 866 1645 pulchritudinem
907 1572 1321 1636 instauraverit,
1365 1572 1419 1627 in
1454 1588 1563 1644 qua
1604 1572 1761 1628 initio
1818 1570 1988 1629 creati

400 1666 627 1725 fuimus.
657 1663 743 1722 vel
784 1663 970 1737 potius
1006 1676 1069 1717 ea
1106 1663 1266 1733 longe
1301 1663 1586 1721 meliorem
1626 1664 1788 1720 nobis
1817 1662 1989 1735 largi-

402 1770 492 1816 tus
536 1773 683 1814 nunc
729 1755 917 1813 fuerit.
970 1755 1089 1813 Non
1137 1756 1308 1826 enim,
1358 1758 1819 1830 quemadmodum
1860 1765 1992 1815 tunc

396 1849 686 1921 temporis,
720 1849 899 1905 malus
936 1848 1026 1904 ille
1051 1849 1291 1914 dmninn,
1332 1848 1428 1920 qui
1468 1857 1673 1907 terram
1709 1850 1987 1916 comedit,

400 1942 476 1997 ita
502 1956 655 1997 nunc
690 1939 859 1996 libere
880 1948 1064 2011 potest
1093 1940 1160 1996 ad
1195 1955 1298 1998 nos
1330 1941 1596 1999 accedere
1616 1981 1633 2009 ,
1683 1943 1990 2013 praesertim

401 2049 527 2090 cum
552 2047 663 2088 non
690 2031 866 2087 valeat
887 2032 1010 2088 lixis
1027 2033 1205 2089 oculis
1230 2033 1432 2089 intueri
1458 2047 1651 2089 eorum
1672 2034 1866 2090 faciem
1895 2034 1990 2106 qui

404 2122 605 2178 (velum
651 2120 833 2193 ipsum
863 2136 963 2193 pro
997 2138 1098 2178 sua
1130 2125 1311 2195 patria
1352 2134 1487 2181 sunt
1518 2124 1991 2182 assecuti.'Bene-

398 2214 608 2278 dictus,
646 2212 896 2285 inquam,
944 2214 1106 2269 etiam
1139 2215 1283 2273 Deus
1308 2214 1502 2283 Filius,
1532 2217 1627 2287 qui
1665 2216 1990 2274 novissimis

401 2304 600 2360 diebus
615 2304 668 2360 in
687 2304 1104 2363 similitudinem
1126 2308 1410 2362 hominum
1438 2306 1618 2364 lactus
1638 2323 1707 2364 ex
1735 2310 1989 2375 muliere,

402 2408 459 2453 et
513 2400 570 2453 in
621 2404 865 2470 tempore
898 2414 1023 2454 cum
1074 2402 1396 2471 apparuerit
1437 2402 1532 2457 ille
1571 2402 1666 2473 qui
1711 2418 1817 2460 una
1858 2418 1985 2459 eum

405 2488 567 2545 Patre
598 2490 808 2547 creavit
848 2492 1078 2561 saecula,
1111 2503 1171 2547 ut
1200 2492 1639 2550 cacodaamonem
1684 2494 1863 2565 ipsum
1889 2494 1987 2551 de-

397 2588 730 2638 structorem
768 2583 916 2641 vasis
966 2583 1172 2652 fictilis,
1202 2594 1417 2642 natura;
1462 2587 1675 2644 scilicet
1708 2588 1986 2653 humanae,

397 2673 454 2727 in
478 2672 644 2729 simili
692 2673 865 2745 ﬁgura
898 2688 1175 2747 apparens
1198 2720 1213 2745 ,
1248 2686 1581 2747 contereret,
1612 2687 1667 2736 et
1710 2680 1987 2737 hominem

396 2760 511 2833 jam
543 2761 821 2835 perditum
858 2764 912 2820 in
946 2780 1152 2821 novum
1194 2766 1472 2823 hominem
1502 2776 1558 2824 et
1589 2769 1989 2840 incorruptibi-

401 2854 507 2908 lem
559 2853 995 2923 rcformarct,et
1039 2872 1139 2929 per
1174 2868 1405 2916 mortem
1456 2875 1613 2916 suam
1665 2871 1986 2932 perpetuam

404 2944 552 3002 illam
581 2948 775 3003 mortis
802 2948 1175 3007 incursionem
1209 2960 1262 3006 et
1308 2951 1601 3022 imperium
1638 2952 1877 3021 sisteret,
1920 2969 1989 3010 ac

405 3039 463 3095 in
504 3040 768 3113 sanguine
812 3044 1127 3099 testamenti
1174 3043 1262 3100 sui
1310 3042 1583 3100 ﬁrmatam
1624 3060 1815 3116 pacem
1849 3047 1990 3105 scri-

403 3130 580 3199 beret,
606 3142 661 3189 ct
683 3135 1045 3192 concordiam
1098 3135 1160 3191 in
1208 3134 1353 3192 coelo
1379 3144 1435 3193 et
1456 3136 1512 3193 iu
1551 3144 1694 3192 terra
1725 3137 1989 3207 firmaret,

400 3235 683 3298 assumpta
716 3227 970 3284 videlicet
988 3238 1179 3285 nostra
1203 3226 1438 3284 humana
1460 3237 1659 3284 natura
1692 3229 1747 3285 in
1781 3239 1987 3289 sortem

402 3320 556 3389 regni
578 3320 819 3392 sui,qui,
840 3319 969 3376 dum
989 3320 1094 3376 sibi
1126 3319 1310 3377 ramis
1337 3320 1752 3378 tabernaculum
1784 3321 1990 3377 forma-

402 3411 502 3475 vit,
536 3426 640 3469 nos
660 3428 734 3468 ex
756 3411 1108 3484 corruptibili
1150 3413 1514 3469 tabernaculo
1556 3413 1624 3470 ad
1664 3413 1992 3487 incorrupti.

398 3502 564 3561 bilem
614 3505 954 3560 mansionem
1010 3504 1063 3559 in
1111 3504 1270 3561 caelis
1328 3506 1784 3573 transformavit,
1835 3514 1891 3564 et
1933 3487 1989 3564 in

401 3593 590 3651 divino
616 3595 823 3651 lumine
854 3594 1115 3652 fiduciam
1147 3595 1295 3653 illam
1329 3597 1495 3654 nobis
1524 3598 1792 3662 restituit,
1819 3614 1987 3669 quam

2092 1118 2218 1163 eum
2258 1102 2524 1159 servitute
2579 1100 2948 1155 conculcaret.
2992 1094 3109 1150 lloc
3141 1096 3287 1151 enim
3311 1102 3432 1149 erat
3474 1105 3678 1148 nostra:

2090 1195 2374 1253 servitutis
2431 1194 2761 1259 obsonium,
2814 1198 2869 1248 et
2908 1191 3012 1244 hac
3053 1189 3121 1245 de
3173 1202 3340 1243 causa
3392 1201 3457 1240 eo
3504 1186 3678 1254 magis

2092 1295 2335 1343 nostram
2364 1286 2671 1342 libertatem
2693 1280 2835 1338 tueri
2851 1280 3141 1342 debemus,
3172 1292 3233 1333 ea
3269 1277 3324 1331 in
3356 1275 3677 1330 memoriam

2091 1385 2437 1441 revocantes,
2464 1387 2608 1446 quae,
2641 1371 2770 1426 dum
2794 1367 2939 1426 servi
2958 1381 3231 1433 essemus,
3255 1364 3406 1436 passi
3430 1378 3625 1419 sumus
3659 1378 3673 1426 ;

2091 1467 2229 1524 illud
2274 1467 2552 1539 praecipue
2583 1462 2937 1525 meditantes,
2985 1457 3246 1530 quidnam
3284 1456 3356 1511 sit
3395 1454 3541 1524 quod
3579 1467 3678 1525 pro

2092 1562 2252 1619 nobis
2274 1561 2462 1617 datum
2484 1565 2569 1616 est
2594 1556 2830 1629 pretium
2860 1571 2876 1621 ;
2909 1567 3018 1608 non
3046 1564 3241 1606 aurum
3269 1546 3542 1610 videlicet,
3566 1561 3679 1599 non

2090 1663 2409 1728 argentum,
2459 1652 2555 1709 sed
2587 1650 2773 1706 dilecti
2815 1647 2939 1703 Filii
2984 1643 3080 1701 Dei
3112 1642 3387 1714 pretiosus
3425 1638 3674 1710 sanguis,

2093 1764 2256 1825 quem
2280 1747 2441 1803 Pater
2474 1745 2593 1817 ipse
2623 1742 2763 1798 Deus
2792 1755 2891 1810 pro
2920 1737 3079 1794 nobis
3108 1735 3335 1792 tradidit
3370 1733 3555 1801 morti,
3577 1747 3678 1786 nec

2093 1842 2173 1897 illi
2204 1839 2449 1913 pepercit
2481 1843 2707 1909 propter
2742 1844 2997 1905 magnam
3036 1827 3364 1884 charitatem
3413 1838 3523 1897 qua
3574 1838 3679 1877 nos

2093 1933 2308 1993 dilexit.
2348 1929 2427 1987 Ne
2456 1930 2643 1998 itaque
2662 1926 2799 1983 tanti
2828 1924 2952 1980 doni
2994 1920 3505 1985 immmensitatem,
3530 1919 3677 1987 quod

2094 2024 2252 2081 nobis
2274 2022 2502 2092 largitus
2542 2028 2629 2076 est
2661 2019 2829 2083 Deus,
2859 2023 3305 2075 contemnamus,
3340 2026 3443 2066 nos
3475 2009 3677 2064 iterum

2094 2130 2287 2173 servos
2329 2122 2637 2170 statuentes
2679 2129 2692 2165 :
2744 2125 2853 2165 non
2884 2108 3032 2164 enim
3087 2104 3324 2175 amplius
3371 2101 3679 2157 libertatem

2094 2207 2409 2278 huiusmodi
2444 2206 2643 2261 iterum
2676 2214 3061 2271 assequemur,
3099 2195 3419 2285 cumsemel
3441 2193 3679 2249 dilectus

2098 2297 2190 2353 Dei
2222 2296 2396 2354 Filius
2430 2295 2718 2371 proprium
2763 2289 3091 2362 sanguinem
3138 2286 3367 2351 fuderit,
3398 2292 3459 2339 ut
3507 2298 3609 2340 nos
3647 2300 3678 2338 a

2094 2389 2337 2464 peccatis
2366 2387 2522 2445 liberi
2550 2385 2770 2457 justitia
2818 2383 3159 2454 repleamur.

2160 2480 2375 2556 Repleti
2410 2481 2581 2552 igitur
2604 2478 2904 2539 sanctitate
2936 2476 3111 2540 illius,
3144 2474 3238 2546 qui
3262 2473 3446 2530 omnia
3480 2471 3678 2545 replet,

2092 2576 2416 2632 thesaurum
2471 2582 2725 2629 nostrum
2776 2570 2939 2625 nobis
2977 2569 3232 2639 largitum
3283 2567 3554 2637 integrum
3580 2581 3679 2620 cu—

2092 2668 2424 2734 Stodiamus,
2452 2681 2552 2721 nec
2582 2663 2736 2720 illum
2766 2663 2974 2723 nobisa
2996 2675 3274 2732 quoquam
3306 2659 3519 2730 subripi
3550 2673 3681 2729 per-

2092 2764 2400 2828 mittamus,
2424 2774 2534 2816 non
2552 2758 2699 2815 enim
2725 2756 2963 2826 amplius
2985 2757 3090 2811 erit
3106 2753 3480 2810 excusationis
3500 2754 3678 2807 locus.

2092 2854 2250 2911 Tunc
2307 2853 2550 2919 etenim,
2620 2850 2748 2905 licet
2795 2848 3002 2918 absque
3072 2847 3179 2925 ulla
3238 2847 3498 2911 utilitate,
3578 2846 3683 2901 fuit

2094 2955 2276 3003 tamen
2325 2945 2515 3000 relicta
2567 2943 2750 3014 aliqua
2795 2941 3125 2997 excusatio:
3182 2955 3332 2995 nunc
3366 2955 3495 2997 vero
3528 2957 3680 3014 qua:-

2094 3054 2220 3096 nam
2250 3053 2376 3095 esse
2409 3037 2635 3108 poterit,
2655 3050 2780 3089 cum
2814 3035 2963 3089 nulla
2989 3035 3059 3089 sit
3088 3033 3322 3090 dmmoni
3351 3033 3584 3091 facultas
3610 3035 3679 3090 ad

2094 3148 2197 3188 nos
2242 3129 2565 3196 accedendi,
2618 3127 2714 3184 sed
2748 3127 2935 3199 potius
2993 3126 3087 3182 ille
3134 3142 3235 3183 nos
3288 3126 3482 3197 fugiat,
3534 3134 3596 3183 ut
3651 3139 3682 3182 a

2093 3232 2397 3295 conspectu
2423 3221 2589 3294 ignis,
2612 3231 2666 3277 et
2694 3221 2741 3277 si
2771 3220 2850 3274 illi
2876 3219 3095 3276 obviam
3123 3219 3467 3285 steterimus,
3507 3218 3684 3291 fugiet

2094 3334 2199 3376 nos
2229 3315 2418 3389 procul
2460 3315 2682 3381 dubio;
2728 3313 2817 3371 sin
2856 3322 3039 3369 autem
3088 3313 3416 3379 acceSScrit,
3466 3315 3685 3368 eveniet

2097 3420 2155 3467 ut
2184 3409 2543 3466 conculcetur
2565 3408 2670 3463 sub
2700 3405 2933 3478 pedibus
2965 3406 3175 3460 nostris
3211 3414 3473 3475 tanquam
3510 3405 3557 3461 is
3583 3409 3679 3476 qui

2096 3502 2345 3573 rapinam
2382 3507 2469 3556 est
2511 3505 2773 3570 operatus
2804 3497 2827 3552 ?
2863 3496 3214 3552 Conﬁdentes
3248 3496 3353 3550 bac
3384 3497 3451 3551 de
3484 3510 3679 3563 causa,

2094 3609 2208 3650 non
2244 3590 2409 3649 nobis
2447 3590 2584 3661 ipsis
2608 3630 2626 3658 ,
2687 3588 2799 3644 imo
2836 3586 2913 3642 illi
2944 3587 3132 3658 potius
3165 3586 3258 3658 qui
3307 3586 3488 3657 ipsum
3519 3588 3683 3642 nobis

399 3687 743 3761 perdidimus
776 3688 928 3745 illius
961 3688 1156 3757 livore,
1189 3690 1285 3763 qui
1317 3690 1372 3746 in
1416 3690 1623 3748 lumine
1664 3682 1991 3763 permanere
2016 3707 2060 3764 ο
2095 3683 2535 3747 conculcandum
2569 3679 2812 3737 reddidit
2838 3679 3079 3750 potentia
3108 3676 3507 3749 magnitudinis
3541 3694 3677 3745 sum,

400 3782 597 3849 noluit,
622 3782 887 3855 principis
906 3783 1260 3840 tenebrarum
1287 3800 1304 3849 ;
1335 3782 1390 3840 in
1408 3799 1521 3855 quo
1539 3785 1706 3840 etiam
1731 3800 1834 3841 nos
1857 3784 1989 3840 dum

400 3890 655 3933 essemus
681 3875 998 3931 mortificati
1031 3876 1092 3930 in
1126 3876 1333 3933 erroris
1372 3877 1710 3945 corruptela,
1743 3892 1890 3931 nunc
1921 3876 1991 3933 ad

403 3968 575 4022 vitam
617 3981 813 4025 sumus
848 3969 1047 4025 iterum
1083 3968 1347 4033 revocati,
1374 3968 1637 4036 absorpta
1665 3968 1755 4021 illa
1784 3978 1993 4023 morta-

404 4057 563 4114 litate
585 4074 684 4130 μει-
720 4059 897 4131 ipsius
919 4060 1144 4116 luminis
1166 4060 1463 4117 cﬂicaciam
1484 4069 1541 4115 et
1565 4059 1845 4127 virtutem,
1876 4076 1991 4117 ma-

396 4151 579 4221 jorem
616 4153 835 4209 scilicet
880 4152 1359 4224 participationem
1418 4162 1475 4209 et
1544 4154 1988 4210 communionem

398 4245 603 4315 purioris
634 4245 787 4301 illius
814 4245 996 4317 largiti
1034 4244 1199 4304 nobis
1218 4245 1450 4303 luminis
1486 4246 1698 4316 adepti,
1739 4246 1794 4301 in
1821 4247 1992 4318 gloria

396 4338 801 4410 magnitudinis
826 4337 972 4410 eius.
996 4339 1329 4397 Benedictus
1353 4339 1518 4399 etiam
1554 4340 1722 4407 Deus,
1749 4342 1991 4410 Spiritus

404 4425 656 4483 videlicet
699 4425 814 4494 Dei,
866 4427 961 4497 qui
998 4428 1171 4500 replet
1210 4428 1421 4495 omnia,
1452 4434 1509 4484 et
1547 4426 1603 4484 in
1632 4443 1743 4500 quo
1781 4428 1990 4486 caelesti

396 4518 577 4589 gratia
620 4517 779 4591 digni
807 4518 942 4575 facti
982 4534 1200 4584 sumus,
1227 4529 1284 4575 et
1310 4518 1641 4576 delictorum
1675 4532 1990 4579 nostrorum

400 4612 788 4671 remissionem
805 4628 1000 4670 sumus
1013 4613 1322 4675 consecuti,
1343 4612 1525 4669 soluta
1544 4613 1601 4668 in
1620 4612 1709 4669 die
1730 4612 1995 4669 condem-

397 4706 647 4763 nationis
688 4713 747 4761 et
787 4704 1070 4763 destructa
1119 4706 1331 4778 peccati
1403 4706 1581 4779 ipsius
1615 4706 1990 4762 damnatione.

473 4795 656 4855 Liberi
691 4796 879 4869 itaque
913 4812 943 4853 a
988 4797 1271 4855 servitutis
1302 4797 1460 4870 jugo,
1488 4812 1601 4869 quo
1642 4799 1990 4865 tenebamur,

406 4890 457 4944 in
490 4889 743 4959 libertate
760 4890 1132 4958 ambulemus,
1166 4904 1273 4947 nec
1294 4890 1499 4946 iterum
1528 4890 1699 4960 priori
1741 4890 1992 4946 servituti

2092 3778 2276 3837 securi
2300 3778 2573 3841 vivamus,
2600 3791 2708 3831 non
2738 3775 2939 3830 iterum
2955 3772 3125 3828 stulte
3152 3779 3472 3842 appetentes
3492 3772 3677 3827 cibum

2092 3868 2430 3942 cognitionis
2460 3867 2595 3925 boni
2621 3875 2675 3921 et
2714 3864 2870 3928 mali,
2908 3863 3006 3919 sed
3038 3862 3359 3934 angelorum
3390 3862 3515 3916 cibo
3553 3877 3680 3918 con-

2093 3963 2230 4021 tenti
2273 3965 2471 4026 simus,
2511 3974 2674 4031 quem
2721 3957 2817 4030 qui
2868 3957 3182 4026 degustant,
3228 3968 3509 4023 nunquam
3554 3954 3679 4009 illos

2094 4055 2367 4127 pmnitere
2412 4050 2704 4122 contingit.
2754 4048 3022 4115 Quisnam
3074 4059 3204 4099 vero
3256 4043 3442 4099 cibum
3483 4054 3680 4100 nactus

2092 4149 2163 4207 ad
2190 4144 2509 4203 frnitionem
2548 4140 2673 4195 vita:
2712 4147 2767 4195 et
2791 4133 3379 4199 suavitatisidoneum,
3407 4134 3641 4189 amaritn
3661 4162 3677 4174 -

2091 4239 2239 4296 dinis
2270 4248 2327 4293 et
2369 4234 2567 4290 mortis
2604 4233 3057 4301 eibumgustare
3106 4240 3350 4296 unquam
3393 4226 3680 4282 voluerit?

2093 4331 2365 4388 Praeterea
2395 4331 2441 4385 si
2470 4328 2525 4382 in
2556 4325 2695 4381 cibis
2728 4318 3184 4394 eorruptibilibus
3214 4318 3397 4375 nullus
3425 4319 3681 4390 coinqui-

2092 4425 2215 4482 nari
2261 4424 2435 4493 cupit,
2474 4433 2715 4490 quonam
2763 4422 2925 4487 pacto
2962 4411 3077 4469 ﬁeri
3120 4410 3320 4483 poterit
3347 4419 3406 4465 ut
3444 4426 3549 4467 nos
3580 4412 3678 4483 qui

2094 4517 2435 4587 sempiterna
2484 4510 2719 4567 fruimur
2767 4505 3079 4572 suavitate,
3111 4505 3250 4561 cibis
3292 4504 3681 4559 amaritudinis
3721 4569 3726 4583 Ι

2094 4607 2458 4680 cupiditatum
2474 4598 3025 4670 carniscoinquinari
3046 4595 3469 4668 permittamus?
3487 4595 3684 4653 Nullus

2090 4702 2567 4773 seipsum,-quteso
2588 4710 2709 4758 vos.
2739 4692 2990 4751 seducat.
3017 4692 3210 4748 Omnis
3237 4689 3455 4760 quidem
3486 4703 3684 4743 concu-

2091 4792 2366 4866 piscentia
2394 4789 2579 4845 carnis
2613 4801 2737 4844 esca
2768 4792 2872 4850 est,
2897 4792 2952 4839 et
3000 4782 3335 4839 incentivum
3376 4779 3682 4851 quoddam,

2090 4886 2367 4943 iniudicatis
2384 4885 2617 4943 aﬂerens
2629 4879 2977 4943 suavitatem,
2992 4874 3191 4935 deinde
3207 4889 3334 4931 vero
3357 4873 3423 4929 ad
3451 4882 3682 4929 mortem

404 4998 506 5040 nos
550 4984 941 5055 subjiciamus.
975 4980 1034 5037 Si
1068 4980 1248 5045 enim,
1271 4981 1376 5051 qui
1416 4980 1772 5053 temporalem
1808 4982 1990 5053 adepti
2018 5048 2060 5055 Α
2092 4995 2201 5036 nos
2230 4975 2742 5051 praecipitesducit.

404 5085 535 5129 sunt
563 5048 894 5141 liberalem,
918 5072 1063 5131 ferre
1096 5072 1250 5129 nullo
1278 5048 1439 5143 pacto
1456 5048 1687 5145 possunt
1708 5083 1790 5142 ut,
1826 5048 1994 5131 liber-
2018 5048 2073 5109 Ῑ)
2175 5048 2313 5127 cum
2338 5048 2503 5141 igitur
2533 5067 2713 5123 cibum
2748 5062 3045 5117 habeamus
3071 5066 3291 5113 mterme
3313 5056 3457 5121 vitae,
3486 5069 3684 5110 cavea-

409 5175 516 5221 tate
540 5167 813 5237 neglecta,
844 5166 1045 5221 iterum
1071 5162 1139 5220 ad
1173 5164 1459 5222 servitutis
1488 5165 1679 5238 jugum
1717 5177 1996 5222 revertan-

406 5267 516 5325 tur,
562 5268 774 5332 quanto
818 5258 992 5329 magis
1039 5271 1166 5321 nos,
1212 5258 1307 5330 qui
1360 5258 1757 5329 sempiternam
1802 5274 1996 5314 sumus

407 5354 644 5410 assecuti
674 5353 990 5410 libertatem
1016 5392 1032 5418 ,
1070 5352 1248 5423 ipsius
1282 5351 1557 5408 libertatis
1590 5351 1819 5423 gloriam
1862 5367 1997 5407 con-

407 5465 628 5507 servare
655 5450 942 5516 debemus,
991 5464 1095 5505 nec
1137 5449 1339 5504 iterum
1376 5448 1662 5505 servitutis
1695 5448 1997 5519 ignominia

406 5544 544 5599 allici
571 5562 589 5611 ;
608 5544 813 5615 quique
836 5558 947 5599 non
968 5557 1171 5599 vanum
1198 5542 1475 5598 libertatis
1492 5541 1770 5613 quoddam
1796 5556 1995 5599 nomen

405 5634 585 5708 adepti
627 5649 845 5702 minus,
886 5649 1013 5706 quae
1044 5635 1099 5691 in
1128 5634 1237 5691 hac
1270 5635 1380 5689 vita
1418 5642 1631 5691 tantum
1663 5651 1765 5692 nos
1797 5636 1997 5693 liberos

483 5774 500 5803 '
537 5770 583 5826 11
606 5771 739 5828 Cor.
773 5786 825 5834 v,
857 5770 949 5825 Ἦ.

2104 5178 2229 5219 tuus
2279 5177 2368 5227 ne,
2402 5158 2606 5216 diaboli
2652 5169 2907 5213 escarum
2956 5149 3323 5213 delectatione
3368 5146 3579 5213 allecti,
3612 5145 3678 5200 ad

2105 5263 2337 5311 mortem
2368 5251 2724 5324 prolabamur
2755 5262 2771 5314 ;
2800 5246 2899 5304 sed
2931 5242 3242 5302 sanctitatis
3277 5238 3423 5294 illius
3455 5237 3547 5308 qui
3580 5253 3682 5291 nos

2105 5348 2175 5401 ab
2204 5344 2464 5399 omnibus
2495 5337 2926 5410 inquinamentis
2966 5333 3173 5391 nostris
3207 5327 3481 5402 purgavit,
3511 5328 3683 5398 parti-

2106 5444 2257 5515 cipes
2289 5441 2439 5507 facti,
2484 5436 2659 5495 sancti
2693 5434 3018 5491 efﬁciamur.
3058 5429 3172 5485 liae
3209 5426 3356 5483 enim
3405 5424 3473 5480 de
3513 5438 3684 5478 causa

2108 5541 2287 5595 factus
2319 5544 2404 5592 est
2436 5550 2534 5605 pro
2563 5532 2722 5589 nobis
2750 5531 2871 5602 ipse
2908 5534 3214 5601 peccatum,
3250 5539 3320 5580 ne
3357 5520 3597 5592 amplius
3628 5524 3685 5574 in

2106 5633 2266 5687 nobis
2302 5636 2490 5700 regnet
2519 5632 2803 5699 peccatum
2835 5624 2851 5653 ¹
2889 5639 2904 5691 ;
2942 5626 3193 5676 mortuus
3223 5617 3389 5675 etiam
3420 5621 3508 5671 est
3542 5613 3685 5685 ipse,

1928 5838 2162 5895 ΝστΑΞ.

476 5937 557 6003 (Ι)
584 5935 710 5994 Haec
734 5937 916 5993 oratio
942 5938 1133 5994 Graece
1168 5937 1439 6007 impressa
1470 5949 1577 5987 non
1606 5941 1805 5989 exstat.
