4084 6436
372 454 479 521 295

1608 451 1885 517 LEONIS
1924 452 2391 519 PIIILOSOPHI
2470 430 2477 437 ’

3557 458 3667 525 296

380 586 449 625 ne
479 567 688 639 peccati
711 579 875 637 opera
905 564 1143 637 amplius
1172 565 1385 631 vivant,
1418 564 1545 619 dum
1589 564 1643 619 in
1678 565 1839 621 nobis
1867 565 1961 635 ju-
1992 575 2039 631 Α
2068 566 2452 638 comparavit,
2506 566 2579 621 ita
2628 566 2796 622 etiam
2845 581 2945 624 nos
2992 580 3151 638 requa
3202 566 3441 625 ferentes
3474 572 3665 626 animo

378 660 542 715 stitia:
594 658 826 713 vixerint
867 672 1055 727 opera.
1113 655 1578 722 Misericordiam,
1635 656 1863 723 fratres,
1914 666 1967 712 et

381 752 775 806 humanitatem
804 749 1122 819 diligamus,
1152 750 1265 804 haec
1292 749 1436 803 enim
1460 758 1545 804 est
1573 748 1697 805 vita:
1723 750 1970 807 caelestis

382 844 719 916 aggregatio,
750 849 805 896 et
834 857 931 897 eos
970 842 1064 911 qui
1092 843 1267 912 ipsam
1302 840 1565 912 diligunt,
1608 843 1735 899 licet
1766 844 1878 900 sint
1914 843 1969 897 in

378 951 566 999 carne,
596 935 851 990 caelestes
883 933 1050 989 efficit
1076 951 1089 987 :
1116 932 1559 1004 quandoquidem
1591 935 1757 988 etiam
1789 935 1971 1005 ipsum

379 1030 661 1083 cmlestetn
682 1025 852 1082 Deum
881 1028 935 1080 in
958 1040 1125 1080 carne
1153 1024 1268 1080 ﬁeri
1303 1026 1418 1096 ipsa
1445 1024 1644 1090 effecit,
1673 1034 1726 1081 ct
1752 1041 1813 1080 ea
1850 1040 1973 1095 qua:

380 1122 522 1173 inter
554 1134 615 1174 se
651 1119 920 1173 immenso
947 1116 1159 1172 distant
1199 1118 1403 1187 spatio,
1440 1116 1491 1171 in
1527 1132 1699 1171 unum
1736 1117 1973 1188 conjun-

378 1211 479 1264 xit.
515 1207 842 1265 Volutemus
874 1210 1060 1264 animo
1091 1218 1359 1279 quantum
1418 1209 1639 1264 intersit
1698 1209 1841 1263 inter
1873 1209 1973 1262 luti

383 1315 625 1357 massam
660 1307 714 1355 et
748 1299 994 1370 ﬁgulum.
1041 1297 1183 1363 Quid
1221 1297 1390 1369 igitur
1439 1297 1660 1368 figulus,
1706 1306 1765 1351 ut
1810 1296 1976 1352 faciat

382 1409 481 1450 vas
505 1393 639 1448 utile
667 1394 733 1447 ad
754 1391 976 1463 aliquod
1003 1391 1395 1455 ministerium,
1434 1391 1670 1461 suscipit
1699 1390 1800 1444 luti
1828 1405 1973 1445 mas-

383 1500 527 1551 sam,
554 1492 605 1539 et
628 1484 804 1538 lutum
834 1483 1015 1553 ipsum
1050 1497 1159 1536 non
1193 1482 1457 1552 suscipiet
1488 1482 1750 1551 seipsum,
1786 1488 1840 1535 et
1889 1495 1976 1536 se-

386 1578 566 1646 ipsum
601 1574 893 1645 abnegabit
926 1574 948 1627 ?
981 1573 1049 1626 At
1090 1571 1366 1642 quomodo
1417 1571 1531 1625 ﬁeri
1574 1586 1735 1626 secus
1780 1569 1979 1641 poterit

386 1687 486 1727 vas
528 1685 833 1742 congruum
897 1668 962 1722 ad
1013 1667 1236 1737 aliquod
1291 1666 1684 1729 ministerium,
1722 1666 1827 1721 nisi
1883 1680 1979 1736 per

389 1779 587 1818 manus
620 1761 769 1832 ﬁguli
804 1760 1045 1830 accipiat
1087 1759 1530 1815 benedictionem
1564 1759 1587 1811 ?
1621 1758 1776 1813 Tunc
1807 1761 1976 1824 enim,

389 1866 450 1911 ut
477 1870 543 1910 ex
587 1867 652 1908 eo
688 1852 892 1923 aliquid
936 1850 1202 1906 formetur
1230 1850 1362 1905 utile
1395 1857 1481 1904 est
1525 1850 1727 1912 lutum,
1756 1848 1976 1918 quando

2078 658 2389 714 adinvicem
2427 658 2725 730 opprobria
2752 667 2806 714 et
2840 659 3221 726 contumelias,
3248 659 3479 730 gloriam
3505 662 3666 716 nobis

2072 765 2483 822 comparemus,
2536 750 2774 807 salutem
2826 751 3134 807 consecuti.
3171 748 3388 821 Typum
3422 752 3569 806 enim
3611 761 3668 807 et

2072 843 2357 912 exemplar
2413 840 2659 911 seipsum
2717 841 2881 898 nobis
2935 841 3026 897 ille
3066 840 3334 907 tradidit,
3385 844 3665 912 quomodo

2075 945 2330 1007 oporteat
2355 952 2516 1009 opem
2546 938 2691 995 ferre
2716 947 2772 996 et
2801 940 3085 1010 suscipere
3110 939 3440 1004 imbecillos,
3473 939 3565 1010 qui
3596 938 3667 993 ad

2075 1028 2262 1083 infima
2316 1036 2522 1084 nostra:
2580 1028 2979 1085 imbecillitatis
3036 1043 3161 1084 cum
3225 1027 3665 1093 descendisset,

2075 1120 2169 1190 qui
2199 1131 2282 1175 est
2314 1136 2479 1191 supra
2501 1135 2693 1177 omnes
2723 1120 2991 1177 cmlarum
3022 1121 3277 1184 virtutes,
3298 1120 3457 1174 nlhili
3480 1120 3671 1189 pendit

2076 1213 2260 1267 omnia
2306 1213 2681 1279 incommoda,
2727 1228 2854 1269 cum
2889 1213 3042 1269 nulla
3076 1224 3237 1284 pacto
3272 1215 3429 1270 aliter
3454 1228 3551 1269 nos
3581 1214 3668 1268 in-

2078 1303 2267 1359 ﬁrmos
2297 1307 2480 1360 sanari
2512 1304 2783 1361 licuisset.
2812 1304 2908 1359 Illa
2942 1316 3218 1361 sectemur
3247 1305 3462 1360 Domini
3490 1304 3665 1360 vesti-

2078 1394 2188 1465 gia,
2229 1410 2325 1465 per
2357 1394 2829 1466 longanimitatem
2856 1410 2959 1451 nos
2989 1396 3142 1465 ipsos
3177 1396 3410 1451 humiles
3435 1395 3669 1450 redden-

2079 1497 2187 1552 tes,
2223 1497 2278 1543 et
2311 1487 2543 1541 aliorum
2576 1485 2824 1543 defectus
2846 1488 2903 1542 in
2938 1487 3227 1543 charitatis
3256 1488 3484 1541 victoria
3511 1502 3670 1556 :equo

2081 1580 2325 1636 ferentes
2355 1580 2566 1646 animo;
2591 1596 2703 1635 non
2732 1581 3059 1647 irascentes,
3090 1580 3181 1636 sed
3213 1580 3395 1650 potius
3433 1592 3533 1649 pro
3560 1579 3673 1635 illis

2083 1684 2354 1730 orantes:
2411 1674 2860 1745 quandoquidem
2904 1673 3069 1730 etiam
3113 1672 3368 1727 Christus
3418 1685 3518 1741 pro
3562 1672 3672 1726 illis

2085 1766 2281 1821 orabat
2316 1767 2410 1835 qui
2436 1780 2562 1822 eum
2599 1767 2655 1821 in
2690 1781 2858 1821 cruce
2885 1781 2983 1836 pro
3009 1780 3110 1819 sua
3143 1764 3439 1835 fragilitate
3468 1763 3675 1818 allicie-

2085 1855 2219 1910 bant
2258 1856 2462 1926 injuria
2508 1875 2520 1911 :
2559 1871 2668 1911 non
2700 1856 2845 1911 enim
2879 1854 3292 1927 cognoscebant
3332 1868 3508 1925 neque
3541 1854 3675 1925 quid

387 1956 474 2003 est
510 1946 648 2001 bene
678 1922 1009 2014 dispositum
1054 1942 1121 1997 ad
1155 1942 1305 2013 ﬁguli
1350 1942 1709 1996 voluntatem.
1768 1936 1980 1994 Efﬁcia-
2010 1922 2052 1976 Β
2086 1922 2330 2001 facerent
2379 1947 2780 2018 intelligebant,
2814 1955 2870 2003 et
2916 1922 3021 2002 hac
3070 1947 3138 2001 de
3160 1962 3327 2003 causa
3374 1922 3499 2002 etim
3544 1922 3677 2002 έθη-

387 2050 512 2090 mur
555 2035 744 2104 itaque
769 2033 935 2088 etiam
969 2047 1071 2087 nos
1099 2032 1237 2087 bene
1271 2030 1553 2101 dispositi,
1590 2042 1786 2085 exacta
1829 2028 1980 2085 vide-

388 2130 517 2183 licet
568 2136 622 2182 et
678 2126 919 2197 perfecta
972 2140 1097 2180 cmn
1160 2126 1324 2196 ﬁgulo
1353 2124 1579 2189 unione,
1613 2129 1667 2177 et
1714 2137 1780 2178 ex
1834 2122 1980 2178 bono

388 2220 600 2275 semine
642 2219 845 2273 bonum
895 2216 1133 2271 1ιιιριυιι)
1179 2215 1493 2281 aﬁ'eramus,
1538 2213 1979 2270 misericordiam

387 2310 642 2366 videlicet
675 2318 729 2365 et
758 2310 1108 2364 clementiam
1141 2325 1155 2375 ;
1189 2323 1289 2364 nec
1317 2323 1346 2362 a
1374 2309 1523 2363 bona
1559 2308 1772 2363 semine
1800 2308 1979 2363 malus

391 2406 607 2460 fructus
662 2404 898 2468 oriatur,
954 2409 1009 2456 et
1056 2400 1187 2455 vitis
1231 2398 1299 2453 ad
1334 2400 1578 2455 laetitiam
1628 2401 1876 2468 plantata
1924 2399 1981 2454 in

391 2496 820 2552 amaritudinem
861 2501 1245 2558 convertatur,
1291 2507 1416 2548 cum
1468 2502 1616 2549 recte
1664 2492 1983 2549 noverimus

390 2591 538 2662 quod
585 2588 799 2643 fructus
844 2588 934 2643 ille
957 2587 1049 2657 qui
1091 2602 1205 2642 non
1236 2593 1321 2640 est
1359 2585 1567 2657 proprii
1610 2586 1837 2641 seminis
1869 2601 1985 2657 ger-

389 2698 612 2747 manus,
648 2680 1085 2735 benedictionem
1120 2693 1226 2733 non
1256 2679 1488 2744 obtinet,
1518 2678 1613 2734 sed
1642 2676 1983 2733 maledictio-

394 2788 539 2837 nem,
573 2778 627 2827 et
672 2770 913 2825 laborem
947 2769 1203 2840 agricolae
1231 2769 1482 2824 inutilem
1512 2767 1710 2835 reddit,
1746 2777 1799 2822 et
1831 2783 1983 2837 spem

392 2863 597 2919 laetitiae
624 2863 682 2917 in
730 2861 1048 2917 maestitiam
1081 2860 1161 2915 illi
1198 2861 1490 2918 convertit.
1528 2861 1605 2914 Ex
1638 2859 1785 2915 bono
1815 2860 1983 2929 igitur

390 2955 603 3013 semine
655 2953 895 3008 fructum
939 2950 1221 3007 diversum
1264 2960 1319 3007 et
1351 2951 1590 3005 alienum
1638 2965 1749 3005 non
1784 2949 1983 3004 affera-

394 3063 539 3112 mus.
571 3062 638 3102 ne
684 3045 1005 3101 maestitiam
1045 3044 1301 3116 agricolae
1342 3044 1711 3114 praebeamus,
1739 3052 1792 3098 et
1822 3043 1985 3097 male-

395 3139 654 3194 dictionis
732 3136 1058 3192 sententiam
1132 3136 1499 3191 incurramus.
1587 3135 1696 3191 Sed
1779 3136 1980 3191 bonum

390 3245 713 3302 operemur,
756 3231 961 3285 bonum
998 3228 1297 3299 agricolam
1334 3243 1445 3299 prae
1476 3229 1654 3284 oculis
1696 3229 1981 3293 habentes,
2009 3258 2053 3320 Ο

393 3337 574 3392 neque
622 3322 824 3375 malum
871 3320 924 3371 ln
978 3318 1126 3373 bona
1174 3316 1628 3380 admisceamus;
1684 3330 1791 3369 non
1835 3315 1981 3370 enim

391 3421 478 3469 est
522 3410 887 3475 credendum,
918 3409 1047 3463 dum
1082 3424 1178 3463 rex
1223 3408 1483 3478 quiescit,
1523 3408 1791 3462 latronem
1828 3421 1981 3460 arma

393 3504 796 3575 depositurum.
832 3501 942 3557 llac
968 3500 1136 3571 igitur
1164 3500 1233 3555 de
1259 3514 1426 3555 causa
1456 3500 1524 3554 ad
1554 3500 1791 3555 nobilem
1817 3499 1984 3569 Regis

396 3597 641 3655 domum,
676 3610 797 3664 qua:
827 3608 931 3649 nos
960 3592 1066 3664 ipsi
1099 3608 1315 3660 sumus,
1368 3607 1522 3646 arma
1563 3592 1851 3647 homicidae
1893 3606 1987 3646 ca-

400 3688 739 3743 cadazmonis
770 3687 1081 3758 irrumpere
1126 3701 1194 3741 ne
1233 3686 1636 3756 permittamus.
1672 3685 1813 3740 Dicit
1838 3687 1984 3739 enim

396 3780 543 3837 Deus
579 3799 591 3834 :
634 3779 961 3835 lnhabitabo
998 3778 1143 3834 inter
1183 3778 1333 3848 ipsos
1377 3786 1433 3833 et
1461 3778 1842 3834 deambulabo.
1876 3777 1988 3831 Ma-

396 3874 483 3928 lus
518 3886 647 3928 vero
693 3872 905 3925 dmmon
941 3878 995 3925 et
1042 3868 1315 3923 homicida
1357 3868 1428 3922 ah
1477 3867 1640 3922 initio
1704 3869 1985 3923 hominem

396 3966 524 4021 odio
578 3964 801 4027 habuit,
848 3979 973 4019 cum
1011 3961 1284 4032 superbus
1329 3961 1403 4017 sit
1441 3970 1494 4017 et
1552 3960 1983 4032 supplantator;

394 4069 448 4111 et
486 4072 585 4128 per
616 4072 741 4112 eum
778 4054 983 4110 invidia
1014 4062 1199 4110 ortum
1232 4054 1448 4117 habuit,
1496 4061 1551 4109 et
1586 4069 1684 4124 per
1721 4053 1985 4109 invidiam

403 4165 555 4207 mors
622 4148 869 4218 regnavit
929 4149 984 4202 in
1041 4148 1225 4203 nobis.
1300 4147 1557 4201 Christus
1604 4155 1794 4201 autem
1858 4158 1986 4199 cum

394 4243 638 4299 venisset
692 4250 986 4312 tyrannum
1034 4240 1219 4309 ejecit,
1255 4255 1366 4309 quo
1400 4241 1577 4310 ejccto
1620 4240 1755 4293 nihil
1794 4250 1986 4295 eorum

398 4334 636 4406 amplius
664 4342 929 4404 operatur
957 4348 1078 4403 qua:
1111 4341 1272 4387 antea
1299 4333 1351 4386 in
1379 4334 1498 4403 ipso
1522 4333 1915 4402 operabantur.

470 4429 760 4496 Quomodo
802 4428 969 4498 igitur
995 4426 1375 4496 operabuntur
1400 4426 1608 4496 aliquid
1641 4437 1988 4495 qumcutique

400 4526 727 4593 potestatem
754 4517 1030 4573 habebant
1054 4525 1345 4587 antequam
1366 4524 1638 4587 tyrannus
1659 4514 1990 4587 ejiceretur?

2086 2046 2381 2095 cusserunt
2413 2039 2505 2109 qui
2559 2047 2723 2095 terrae
2772 2038 3131 2094 fundamenta
3173 2046 3474 2094 concutere
3512 2040 3676 2095 solet.

2084 2130 2141 2186 ld
2190 2113 2355 2187 etiam
2389 2132 2549 2188 nobis
2582 2132 2906 2195 declaravit,
2944 2149 3053 2187 non
3083 2132 3262 2188 solum
3303 2148 3367 2187 ea
3418 2133 3675 2203 longani-

2087 2225 2272 2280 mitate
2331 2240 2438 2294 qua
2488 2224 2799 2296 perferebat
2850 2224 3110 2295 injurias,
3151 2240 3343 2280 verum
3388 2226 3553 2280 etiam
3606 2241 3675 2281 ex

2086 2327 2279 2373 nostra
2306 2318 2363 2371 in
2391 2330 2580 2381 carne,
2613 2332 2779 2388 quam
2812 2319 3132 2387 assumpsit,
3168 2317 3496 2374 humilitate.

2157 2406 2300 2473 Quid
2344 2407 2490 2462 enim
2540 2408 2705 2462 vilius
2760 2408 3144 2477 corruptione,
3190 2423 3355 2479 quam
3399 2422 3534 2462 caro
3561 2407 3677 2477 ipsa

2088 2498 2427 2554 haareditatis
2472 2499 2597 2553 loco
2652 2498 2907 2553 obtinet?
2940 2497 3308 2554 Nihilominus
3344 2498 3529 2553 nullus
3571 2500 3681 2552 ira-

2086 2592 2262 2646 scitur
2322 2590 2580 2644 imbecilli
2634 2590 2774 2659 parti
2840 2592 3129 2661 corporis.
3197 2589 3293 2646 sed
3347 2591 3678 2660 compatltur

2087 2683 2269 2752 potius
2300 2680 2398 2743 illi,
2430 2680 2576 2736 fovet
2612 2680 2761 2735 illam
2799 2688 2854 2736 et
2887 2683 2937 2736 ei
2966 2680 3073 2736 fert
3103 2694 3286 2750 opem.
3326 2680 3383 2734 Si
3428 2681 3590 2751 igitur
3620 2682 3675 2734 in

2088 2777 2254 2829 rebus
2282 2788 2405 2844 quae
2431 2783 2560 2828 sunt
2587 2772 2844 2828 obnoxiae
2875 2773 3219 2844 corruptioni
3260 2774 3334 2827 ita
3369 2774 3484 2830 ﬁeri
3514 2774 3676 2838 solet,

2088 2870 2295 2932 quanto
2326 2864 2500 2934 magis
2528 2862 2580 2916 in
2615 2862 2700 2919 his
2731 2863 2895 2919 rebus
2919 2880 3042 2934 qua:
3067 2865 3422 2935 corruptione
3448 2864 3674 2919 carent!

2087 2952 2166 3009 Ne
2199 2964 2424 3025 propter
2447 2955 2791 3025 iniquitatem
2822 2955 2992 3027 iniqui
3018 2955 3234 3023 fiamus,
3269 2956 3363 3011 sed
3397 2957 3679 3011 vincamus

2088 3046 2143 3101 in
2185 3046 2587 3111 misericordia,
2638 3055 2696 3101 ut
2737 3046 2849 3102 Deo
2893 3046 3023 3103 facti
3067 3050 3219 3115 boni,
3270 3049 3434 3104 etiam
3470 3064 3571 3103 nos
3610 3052 3684 3105 ab

2087 3150 2153 3191 eo
2183 3134 2502 3206 diligamur.
2533 3135 2721 3208 Neque
2761 3146 2985 3209 propter
3029 3139 3264 3194 aliorum
3304 3139 3679 3195 infirmitatem

2088 3228 2253 3283 etiam
2283 3243 2387 3285 nos
2415 3229 2614 3285 infirmi
2640 3230 2963 3298 reddamur,
2989 3231 3085 3286 sed
3111 3232 3317 3302 potius,
3357 3233 3405 3288 si
3436 3233 3552 3287 fieri
3586 3248 3682 3303 po-

2088 3330 2230 3386 test,
2273 3336 2340 3376 ex
2390 3330 2579 3378 nostra
2612 3322 2769 3377 ﬁrma
2808 3324 3126 3379 valetudine
3172 3324 3382 3394 aliquid
3443 3325 3680 3381 infirmis

2086 3413 2409 3484 largiamur,
2452 3426 2511 3469 ut
2549 3415 2626 3469 illi
2661 3422 2950 3482 sanentur,
2998 3430 3099 3470 nec
3140 3417 3378 3485 amplius
3407 3416 3681 3471 claudicet

2089 3507 2183 3577 qui
2216 3506 2447 3563 claudus
2473 3518 2581 3572 est,
2621 3516 2678 3562 et
2702 3508 2913 3565 festuca
2947 3512 3015 3568 ab
3040 3512 3161 3582 ejus
3188 3511 3365 3565 oculis
3396 3514 3684 3566 removea-

2093 3609 2201 3663 tur,
2240 3609 2294 3654 et
2315 3599 2498 3654 videat
2532 3599 2699 3655 frater
2729 3617 2919 3658 noswr
2938 3619 3062 3675 qua:
3085 3603 3228 3659 bona
3253 3610 3384 3658 sunt
3412 3610 3471 3658 et
3500 3612 3674 3661 recta.

2088 3692 2565 3759 Quemadmodum
2604 3697 2752 3749 enim
2789 3712 2886 3769 pes
2917 3713 3088 3755 sanus
3126 3714 3236 3754 non
3273 3699 3572 3761 claudicat,
3607 3701 3682 3755 ita

2091 3787 2289 3843 oculus
2316 3802 2422 3842 non
2444 3786 2777 3844 allucinatus
2796 3788 2998 3844 videbit
3022 3798 3191 3845 recta.
3213 3789 3310 3844 frte
3327 3789 3490 3844 etiam
3505 3793 3683 3847 omnis

2089 3881 2439 3935 exacerbatio
2468 3881 2645 3935 oritur
2668 3895 2733 3935 ex
2768 3881 3111 3936 inﬁrmitate.
3152 3881 3208 3936 Si
3242 3897 3372 3936 vero
3420 3882 3679 3950 corporis

2092 3973 2338 4028 membra
2382 3988 2489 4027 non
2536 3974 2933 4043 percutiemus,
2978 3972 3075 4028 sed
3125 3973 3308 4041 potius
3354 3972 3682 4036 fovebimus,

2093 4080 2196 4120 cur
2232 4081 2357 4119 eum
2388 4065 2481 4135 qui
2517 4067 2816 4122 secundum
2851 4065 3109 4137 spiritum
3156 4065 3408 4121 inﬁrmus
3435 4073 3539 4132 est,
3573 4080 3683 4120 non

2093 4159 2504 4225 miserahimur,
2561 4158 2657 4215 sed
2716 4161 2943 4215 vulnera
2986 4160 3171 4230 potius
3208 4159 3539 4229 indigemus,
3579 4175 3685 4213 no-

2093 4256 2265 4304 stram
2294 4251 2691 4306 conscientiam
2726 4251 2935 4321 pariter
2970 4252 3375 4307 vulnerantes?
3412 4250 3518 4307 Sed
3552 4251 3685 4305 talia

2094 4339 2277 4396 facere
2303 4358 2411 4396 non
2443 4348 2531 4397 cst
2562 4342 2713 4397 illum
2748 4342 2977 4407 imitari,
3012 4343 3104 4412 qui
3139 4357 3234 4412 per
3268 4342 3493 4398 vulnera
3529 4342 3687 4419 devi-

2092 4434 2167 4488 cit
2209 4434 2404 4489 fortem
2448 4435 2675 4490 hmuani
2714 4436 2932 4506 generis
2981 4437 3216 4499 hostem,
3257 4444 3312 4488 et
3341 4434 3435 4505 qui
3480 4434 3684 4489 debilia

2092 4526 2458 4583 confirmavit.
2490 4525 2695 4583 Sumus
2719 4528 2953 4582 invicem
2982 4526 3228 4583 membra
3257 4545 3271 4581 ε
3300 4525 3685 4582 custodiamus

399 4619 458 4675 Si
505 4615 757 4672 videlicet
796 4612 1011 4667 Domini
1060 4613 1346 4667 victoriam
1395 4611 1609 4667 irritam
1667 4612 1988 4677 reddamus,
2018 4619 2071 4679 1)
2099 4627 2387 4691 propterea
2417 4618 2635 4690 mystici
2660 4619 2912 4689 corporis
2954 4619 3347 4691 integritatem,
3386 4633 3453 4673 ne
3479 4618 3681 4689 ρει-«ιιι.

399 4719 455 4767 et
495 4718 789 4782 tyrannum
821 4708 1055 4776 ejectum
1081 4706 1238 4775 quasi
1272 4704 1450 4761 adhuc
1482 4712 1803 4777 regnantem
1840 4704 1990 4759 cola-

399 4820 525 4859 mus
561 4813 615 4859 et
646 4816 996 4860 veneremur.
1032 4797 1246 4869 Cuique
1275 4808 1454 4853 autem
1486 4797 1619 4853 satis
1652 4802 1799 4868 patet
1824 4809 1987 4865 quam

400 4897 474 4954 sit
529 4898 631 4951 hoc
674 4893 1007 4951 damnabile.
1054 4890 1458 4946 Canvertamus
1506 4888 1676 4959 igitur
1721 4887 1990 4943 adversus

400 5003 525 5041 eum
558 5000 710 5040 arma
739 4999 861 5055 quae
895 4983 1014 5053 ipse
1053 4985 1196 5037 male
1229 4981 1284 5036 in
1321 4980 1530 5035 malitia
1562 4993 1661 5035 sua
1692 4978 1796 5033 sibi
1828 4991 1991 5048 para-

400 5080 501 5143 vit,
543 5092 667 5131 eum
702 5074 960 5129 videlicet
993 5072 1121 5127 odio
1161 5079 1580 5142 prosequentes,
1627 5076 1683 5125 et
1725 5067 1990 5123 invidiam

400 5177 591 5225 contra
625 5167 807 5236 ipsum
841 5172 1212 5229 assumentes,
1255 5163 1698 5232 quandocunque
1730 5160 1849 5229 ipse
1876 5159 1988 5228 jam

404 5263 569 5319 morti
617 5260 926 5317 destinatus
968 5271 1195 5312 suarum
1229 5256 1429 5311 virium
1465 5255 1769 5326 periculum
1812 5252 1997 5307 facere

402 5366 598 5413 contra
645 5370 746 5410 nos
797 5350 1041 5406 voluerit
1094 5363 1159 5402 ac
1213 5347 1259 5403 si
1298 5347 1479 5402 adhuc
1516 5347 1743 5401 viveret.
1784 5345 1995 5398 Bonum

407 5462 539 5503 vero
568 5442 859 5501 charitatis
899 5440 1180 5495 vinculum
1216 5440 1358 5493 inter
1387 5454 1484 5492 nos
1522 5438 1827 5491 adinvicem
1876 5438 1995 5491 sine

407 5538 633 5607 querela
669 5549 1087 5600 conservemus,
1122 5532 1276 5586 illum
1313 5533 1617 5595 imitantes,
1650 5531 1741 5601 qui
1779 5547 1880 5585 nos
1910 5530 1996 5583 di-

410 5631 565 5694 lexit,
602 5628 921 5689 Dominum,
953 5638 1005 5682 et
1029 5643 1140 5681 non
1174 5641 1321 5690 eum,
1357 5626 1448 5694 qui
1478 5641 1579 5680 nos
1610 5633 1693 5679 cst
1719 5624 1848 5678 odio
1881 5639 1997 5693 pro-

411 5728 659 5782 secutus,
720 5718 1027 5772 daemonem
1067 5733 1081 5781 ;
1135 5725 1187 5770 et
1228 5716 1374 5770 sicut
1421 5714 1677 5769 Christus
1730 5712 1997 5767 Dominus

414 5809 733 5879 iniquitates
761 5817 978 5861 nostras
1003 5809 1118 5876 ipse
1150 5808 1412 5876 portavit,
1436 5816 1511 5871 et,
1539 5806 1669 5860 dum
1693 5805 1884 5860 dilexit
1903 5821 2003 5862 nos

409 5903 663 5973 indignos
711 5900 837 5952 licet
868 5896 1049 5966 aliqua
1079 5899 1305 5965 honore,
1344 5913 1613 5955 summam
1644 5898 1744 5955 sibi
1772 5898 2000 5968 gloriam

2092 4725 2218 4767 mus
2248 4712 2655 4782 nosmetipsos:
2684 4712 2870 4768 nullus
2889 4711 3036 4767 enim
3070 4721 3285 4768 suamet
3306 4711 3483 4781 perdit
3509 4725 3687 4765 mem-

2095 4802 2213 4858 bra.
2261 4801 2318 4859 Si
2354 4819 2484 4860 vero
2516 4804 2725 4876 aliquid
2758 4805 2985 4870 amittit,
3037 4806 3143 4861 hoc
3181 4804 3405 4876 quidem
3461 4803 3684 4859 defectu

2097 4893 2282 4962 potius
2304 4895 2528 4950 evenire
2565 4896 2725 4960 solet,
2753 4910 2864 4951 non
2900 4904 3084 4952 autem
3110 4911 3365 4953 excessu.

2168 4983 2455 5049 Quomodo
2478 4986 2643 5057 igitur
2668 5002 2771 5044 nos
2789 4988 3048 5044 virtutem
3068 4988 3274 5059 adepti,
3295 5003 3403 5058 qua
3424 4987 3690 5044 excedere

2100 5078 2400 5146 possimus,
2432 5089 2655 5149 propter
2683 5079 2830 5136 illius
2864 5095 3157 5137 excessum
3189 5080 3432 5146 virtutis,
3457 5081 3550 5151 qui
3586 5094 3688 5133 nos

2100 5172 2299 5229 divites
2334 5173 2592 5236 reddidit,
2625 5174 2825 5230 iterum
2854 5178 2909 5231 in
2933 5176 3157 5231 defectu
3186 5175 3555 5239 ambulamus,
3578 5190 3690 5228 non

2104 5274 2469 5335 agnoscentes
2515 5266 2739 5322 divitias
2777 5268 3001 5324 virtutis
3046 5280 3252 5324 nostrze
3282 5269 3304 5322 ?
3334 5266 3693 5323 Perﬁt'iamus

2105 5357 2170 5410 ad
2216 5359 2445 5413 invicem
2488 5375 2609 5427 quae
2641 5359 2799 5415 nobis
2844 5360 3045 5415 desunt
3090 5360 3142 5415 iu
3198 5359 3689 5414 miserationibus:

2104 5451 2486 5504 custodiamus
2525 5452 2868 5506 harmoniam
2903 5453 3075 5519 illam,
3106 5453 3159 5507 in
3193 5467 3301 5523 qua
3332 5466 3430 5507 nos
3451 5452 3692 5521 Spiritus

2106 5549 2334 5593 sanctus
2350 5539 2444 5594 Dei
2465 5542 2751 5596 constituit
2779 5561 2791 5597 :
2823 5543 3023 5611 singuli
3045 5543 3110 5596 ad
3130 5541 3362 5597 invicem
3385 5543 3696 5596 communi-

2107 5642 2296 5686 cantes
2324 5647 2486 5701 quam
2520 5634 2588 5687 ab
2616 5634 2734 5703 ipso
2764 5635 3048 5690 consecuti
3091 5649 3287 5691 sumus
3327 5634 3605 5693 virtutem,
3638 5642 3694 5685 et

2106 5737 2270 5792 quam
2299 5724 2444 5793 apud
2474 5739 2577 5779 nos
2610 5724 2735 5779 licet
2758 5725 3078 5789 habeamus,
3100 5724 3190 5777 illa
3217 5732 3400 5779 tamen
3437 5724 3537 5792 ipsi
3559 5738 3655 5792 age
3675 5750 3691 5762 -

2109 5833 2234 5873 ntus
2257 5836 2271 5883 ;
2311 5826 2365 5873 et
2398 5833 2492 5887 per
2514 5820 2699 5873 omnia
2724 5818 3063 5890 gloriﬁcetur
3083 5818 3505 5889 caputonmium
3537 5816 3697 5871 Chri-

2111 5919 2247 5965 stus.
2270 5907 2352 5971 ANe
2382 5910 2583 5980 singuli
2616 5911 2883 5968 nobismet
2911 5910 3043 5980 ipsis
3075 5910 3212 5967 satis
3240 5925 3363 5967 esse
3393 5917 3651 5980 putemus
3683 5924 3697 5974 ;
