4084 6434
432 336 539 395 297

1126 333 1410 394 ORATIO
1444 332 1673 392 XlX.-
1710 328 2207 390 HORTATORIA
2244 328 2345 387 AD
2381 326 2640 388 OMNES
2671 326 3008 388 FIDE‘LES.

3576 326 3684 388 298

431 446 618 502 nullus
641 444 789 500 enim
821 445 927 500 sibi
953 445 1057 515 ipsi
1088 447 1362 502 suiliciens
1391 454 1509 501 est:
1547 442 1642 499 sed
1684 440 2011 499 sullicientia
2043 445 2092 503 Α
2120 441 2185 497 ad
2202 455 2323 497 eam
2344 456 2469 512 qua:
2494 455 2772 511 nunquam
2796 440 2998 505 deﬁcit,
3022 438 3472 509 tranquillitatem
3506 448 3688 498 trans-

434 546 628 593 nostra
659 552 726 591 ex
765 536 876 593 Deo
906 537 974 592 ad
1000 537 1183 592 omnia
1219 535 1491 606 praebetur
1518 534 1735 590 abunde
1770 551 1863 603 per
1897 535 2004 587 lar-

429 630 693 701 gitionem
746 628 1073 698 beneplaciti
1119 629 1227 694 sui,
1264 641 1374 699 qua
1420 625 1592 697 replet
1634 624 1840 681 omnia.
1898 624 2007 679 Nos

432 723 605 776 etiam
655 720 972 791 aperiamus
1013 721 1222 775 viscera
1267 727 1475 782 nostra,
1516 726 1571 773 et
1624 716 2008 788 compatientia

430 823 622 869 nostra
653 812 888 866 fratrum
927 820 1243 867 nostrorum
1285 810 1533 865 flammas
1569 809 2008 878 exstinguamus,

430 914 491 959 ut
551 905 625 959 ita
672 912 921 960 nostrum
986 904 1152 959 etiam
1218 902 1603 972 exslinguatur
1668 899 2008 957 incendium.

430 996 811 1066 Eleemosynis
860 995 1005 1050 enim
1035 993 1332 1048 remittitur
1364 1002 1674 1063 peccatum,
1714 1000 1769 1047 et
1814 991 1869 1045 in
1906 988 2010 1043 mi-

429 1086 802 1141 serationibus
852 1099 1158 1156 pauperum
1214 1084 1558 1154 dissipantur
1604 1082 1810 1139 divitia:
1871 1080 2012 1135 male

431 1186 626 1246 partae,
657 1191 753 1246 per
779 1190 904 1231 eum
940 1174 1032 1244 qui
1075 1175 1127 1228 in
1159 1183 1484 1244 paupertate
1516 1173 1584 1229 ad
1628 1173 1882 1229 cmlestes
1925 1171 2012 1227 di-

432 1268 589 1322 vitias
610 1281 739 1321 suas
762 1281 861 1320 nos
882 1264 1117 1319 vocavit.
1148 1266 1507 1321 Ambulemus
1542 1266 1597 1319 in
1633 1264 2010 1334 simplicitate,

427 1366 483 1409 et
512 1370 621 1410 non
664 1356 718 1409 in
763 1355 891 1411 dolo
926 1362 982 1409 et
1017 1355 1308 1424 iniquitate
1342 1354 1465 1411 aliis
1508 1355 1837 1417 invidentes,
1864 1353 2013 1424 quod

431 1448 535 1501 fuit
564 1446 809 1502 onmium
848 1447 1119 1501 malorum
1168 1446 1324 1500 radix
1364 1455 1419 1502 et
1456 1445 1642 1516 'origo,
1686 1460 1865 1516 neque
1912 1444 2015 1500 iter

432 1549 721 1594 teneamus
750 1536 886 1592 illud
931 1552 1028 1607 per
1070 1535 1219 1606 quod
1267 1536 1471 1592 malum
1523 1551 1685 1592 omne
1730 1536 1787 1591 in
1826 1537 2016 1591 orbem

434 1630 699 1685 introivit.
749 1627 807 1682 Si
838 1628 987 1683 enim
1018 1636 1303 1697 peceatum
1341 1643 1448 1682 non
1484 1627 1828 1697 deliquisset,
1862 1626 2016 1680 nullo

434 1731 597 1793 pacto
635 1721 774 1776 mala
820 1730 1305 1792 cognoscerentur.
1331 1718 1444 1776 Hac
1470 1719 1537 1775 de
1565 1733 1732 1792 causa
1758 1718 1943 1772 dolum
1963 1724 2018 1772 et

433 1815 779 1886 iniquitatem
808 1814 1149 1876 omittamus,
1178 1813 1444 1883 quoniam
1477 1813 1758 1883 simplices
1780 1821 1835 1865 et
1874 1809 2010 1865 recti

427 1911 734 1979 jungentur
763 1908 895 1961 Deo.
928 1907 994 1961 Et
1032 1906 1159 1976 quis
1193 1920 1433 1975 unquam
1464 1905 1663 1976 poterit
1695 1906 1846 1959 illum
1883 1918 2010 1973 per-

430 2010 669 2064 vertere,
696 2000 790 2069 qui
822 1996 1067 2052 omnium
1097 2006 1318 2067 superat
1351 1994 1774 2051 rectitudinem?
1807 1991 2013 2048 Trans-

432 2106 627 2146 eamus
664 2091 830 2146 etiam
876 2092 931 2143 in
971 2088 1201 2157 spiritus
1231 2086 1586 2156 simplicitate
1624 2084 1890 2141 daemonis
1932 2083 2013 2137 la-

435 2196 633 2250 queos,
671 2195 771 2236 nec
799 2180 853 2234 in
887 2179 1014 2234 illos
1061 2177 1450 2247 impingamus,
1503 2193 1573 2232 ne
1615 2194 1727 2248 quo
1753 2186 1911 2248 pacto
1945 2176 2015 2230 ad

441 2274 715 2344 propriam
758 2288 943 2328 necem
976 2286 1281 2326 serventur.
1317 2270 1377 2325 Si
1413 2270 1539 2339 quis
1572 2270 1717 2324 enim
1765 2268 2016 2340 proximo

440 2381 546 2420 suo
573 2364 914 2419 machinatur
946 2364 1111 2429 mala,
1147 2364 1387 2433 seipsum
1424 2361 1521 2415 alit
1549 2360 1616 2414 ad
1657 2360 1800 2416 diem
1846 2360 2016 2415 inter-

440 2460 575 2523 itus,
597 2467 651 2511 et
684 2456 951 2511 carbones
988 2461 1279 2509 coacervat
1314 2454 1381 2507 ad
1412 2452 1650 2521 seipsum
1685 2451 2015 2506 comburen-

434 2550 589 2610 dum,
608 2554 662 2602 et
683 2545 903 2602 sibimet
933 2545 1122 2615 spinas
1149 2544 1384 2598 seminat
1404 2551 1464 2596 ut
1481 2542 1537 2596 itt
1559 2541 1670 2596 illis
1694 2540 2015 2595 suffocetur.

435 2640 516 2695 Ne
554 2639 739 2709 itaque
780 2639 968 2708 spinas
998 2636 1158 2691 nobis
1189 2636 1324 2705 ipsis
1357 2648 1628 2699 seramus,
1664 2648 1729 2687 ea
1768 2632 2021 2688 videlicet

437 2734 704 2787 facientes
731 2730 855 2785 aliis
886 2745 1008 2799 qua:
1041 2729 1201 2784 nobis
1234 2726 1350 2782 fieri
1384 2726 1663 2782 nolumus.

503 2820 650 2888 Quid
688 2830 870 2875 autem
908 2819 953 2874 si
988 2829 1044 2873 tu
1076 2818 1243 2873 alium
1287 2816 1601 2887 conspicias
1639 2817 1693 2871 in
1738 2824 1881 2871 terra
1920 2831 2020 2871 sua

439 2916 581 2969 bona
620 2913 830 2970 semina
873 2921 1147 2968 serentem
1192 2910 1356 2973 mala,
1401 2920 1622 2980 propter
1650 2924 1774 2964 eum
1817 2916 2019 2964 terram

442 3009 605 3062 etiam
631 3016 780 3061 tuam
831 3007 950 3075 ipse
990 3002 1233 3074 perdes?
1263 3001 1459 3056 Nullus
1495 3003 1549 3056 in
1584 3000 1853 3056 fructibus
1901 3000 2022 3055 istis

441 3099 535 3169 qui
577 3106 1044 3167 corrumpuntur,
1094 3095 1297 3150 malum
1335 3095 1630 3167 agricolam
1675 3094 1927 3147 imitatur
1960 3092 2016 3146 in
2037 3123 2089 3191 α

443 3192 509 3246 iis
538 3205 657 3260 quae
696 3188 971 3244 deteriora
1007 3193 1177 3253 sunt;
1224 3186 1319 3241 sed
1367 3184 1553 3256 potius
1589 3182 1879 3254 diligenter
1926 3183 2016 3237 iu-

438 3284 646 3337 cumbit
696 3290 753 3336 ut
804 3282 915 3335 Deo
978 3280 1257 3335 fructuum
1312 3280 1558 3349 largitori
1602 3279 1657 3332 in
1691 3278 1877 3333 latitia
1918 3294 2019 3350 pro

440 3374 682 3444 acceptis
718 3372 992 3427 fructibus
1024 3371 1256 3441 gratiam
1296 3369 1519 3425 referat.
1568 3368 1761 3425 Omnis
1806 3370 2017 3425 fructus

441 3483 539 3537 pro
567 3483 677 3537 quo
700 3483 808 3522 non
838 3466 1153 3523 referuntur
1174 3467 1383 3537 gratiae,
1407 3480 1515 3521 non
1534 3475 1615 3521 est
1637 3467 1705 3520 ab
1729 3466 1847 3535 ipso
1869 3466 2016 3537 agri-

437 3560 560 3614 cola
586 3557 717 3624 Deo,
751 3574 852 3614 nec
878 3568 1061 3613 ortum
1085 3558 1248 3614 habet
1276 3574 1305 3613 a
1333 3557 1700 3615 seminatione
1743 3558 1795 3611 in
1827 3557 2018 3612 divino

442 3647 648 3703 lumine
664 3648 832 3711 facta,
852 3646 947 3702 sed
970 3648 1150 3718 potius
1176 3648 1244 3701 ab
1262 3647 1476 3702 occulta
1497 3646 1657 3701 nobis
1680 3647 2016 3701 zizaniorum

439 3739 976 3807 supersctninatione
1000 3757 1013 3793 :
1036 3748 1090 3794 et
1123 3739 1225 3793 hac
1252 3739 1319 3793 de
1343 3752 1511 3794 causa
1544 3748 1789 3808 tempore
1821 3740 2018 3795 messis

439 3828 655 3884 fructus
688 3829 778 3883 ille
816 3829 1224 3885 comburendus
1274 3830 1528 3885 traditur.
1562 3829 1722 3896 Quis,
1769 3831 2015 3899 inquam,

440 3920 661 3975 sibimet
697 3921 875 3990 ignem
915 3921 1167 3976 accendit
1192 3921 1215 3975 ?
1258 3922 1386 3992 quis
1417 3936 1555 3992 opus
1580 3937 1738 3976 suum
1768 3921 1835 3975 ad
1865 3922 2019 3975 dolo-

439 4026 557 4067 rem
586 4012 691 4067 sibi
716 4020 892 4082 parat,
913 4022 969 4067 et
1003 4027 1111 4067 non
1136 4012 1205 4067 ad
1232 4013 1687 4082 tranquillitatem
1716 4013 1739 4065 ?
1772 4013 1853 4067 vel
1874 4012 2018 4081 quis,

439 4105 572 4159 dum
619 4118 712 4157 rex
752 4103 954 4172 aliquis
997 4102 1174 4172 ipsum
1224 4102 1290 4156 ad
1335 4104 1574 4172 quietem
1629 4112 1683 4158 et
1729 4103 2017 4172 imperium

440 4194 661 4259 invitat,
688 4195 924 4248 miseriae
941 4209 1105 4263 opera
1123 4203 1330 4263 queret
1353 4192 1376 4245 ?
1404 4192 1697 4265 aniamus
1716 4196 2019 4259 miseriam,

438 4299 565 4353 quae
594 4293 676 4339 est
706 4285 759 4338 in
796 4285 900 4338 hoc
932 4292 1126 4339 nostro
1157 4284 1373 4337 mortali
1403 4298 1655 4353 corpore,
1693 4284 1821 4338 dum
1848 4284 2019 4354 Spiri-

445 4388 556 4440 tns,
589 4378 682 4446 qui
713 4384 923 4447 regnat,
964 4391 1065 4429 nos
1097 4376 1288 4429 invitat
1320 4374 1386 4430 ad
1418 4391 1668 4445 regnum.

2113 547 2325 599 eamus,
2380 540 2435 588 et
2479 548 2577 603 per
2616 533 2903 603 penuriam
2950 532 3149 586 divites
3188 530 3508 595 eiliciamur,
3546 541 3600 587 et
3631 533 3705 587 in-

2112 628 2299 683 labore
2336 628 2689 697 quiescamus
2737 640 2752 680 :
2807 624 3267 697 quemadmodum
3314 625 3558 680 Lazarus
3599 626 3691 680 ille

2110 719 2458 791 evangelicus
2486 722 2507 751 ’
2552 735 2648 791 per
2675 719 2895 795 labores
2930 717 3169 789 quietem
3218 717 3453 787 adeptus
3493 726 3599 783 est,
3637 728 3691 771 ct

2113 828 2211 884 per
2253 812 2440 867 ulcera
2479 812 2533 867 in
2577 812 2703 867 sinu
2742 810 2975 866 Abrahm
3017 810 3185 864 foveri
3214 809 3431 864 meruit.
3475 807 3532 863 Si
3566 810 3691 877 quis

2111 913 2245 954 vero
2285 913 2432 954 nunc
2470 899 2692 970 quidem
2734 898 3033 953 infeliciter
3083 898 3215 968 agit,
3252 898 3495 950 futuram
3536 913 3691 951 suam

2112 990 2359 1046 lzetitiam
2405 991 2701 1062 iniquitate
2744 990 2931 1061 aliqua
2972 1005 3080 1044 non
3130 989 3366 1044 maculet
3399 1006 3414 1055 ;
3453 989 3689 1045 inveniet

2113 1082 2261 1139 enim
2286 1081 2360 1137 ita
2378 1098 2479 1154 pro
2503 1083 2653 1139 brevi
2681 1082 2869 1138 labore
2891 1093 2944 1138 et
2964 1083 3274 1138 calamitate
3300 1084 3690 1152 sempiternum

2113 1172 2371 1243 gaudium
2395 1182 2449 1229 et
2470 1174 2713 1228 laetitiam
2735 1190 2750 1240 ;
2770 1174 2894 1245 igne
2924 1189 3159 1243 namque
3183 1182 3447 1244 purgatur
3473 1188 3695 1238 aurum,

2115 1275 2171 1319 et
2217 1265 2398 1319 anima
2440 1266 2788 1321 miseriarum
2851 1265 3070 1320 llatnma
3136 1282 3296 1321 suum
3348 1266 3693 1337 splendorem

2117 1355 2462 1426 adipiscitur.
2499 1355 2636 1411 Cum
2681 1356 2985 1427 gratiarum
3043 1357 3261 1411 actione
3311 1372 3593 1427 speremus
3637 1356 3692 1410 in

2116 1461 2241 1503 eum
2272 1447 2365 1517 qui
2397 1446 2505 1503 sibi
2550 1448 2906 1518 complacuit,
2931 1457 2991 1502 ut
3023 1464 3119 1518 per
3158 1447 3593 1502 combustionem
3639 1448 3693 1502 in

2117 1555 2286 1597 carne
2325 1540 2623 1612 largiretur
2657 1540 2819 1596 nobis
2860 1540 3268 1611 probationem.
3302 1538 3420 1595 Non
3462 1540 3697 1594 tardabit

2119 1632 2213 1687 diu
2246 1647 2371 1703 spes
2401 1632 2531 1697 ista,
2564 1640 2619 1686 et
2640 1632 2893 1687 adveniet
2927 1632 3355 1702 exspectationis
3384 1638 3626 1702 tempus,
3644 1639 3698 1687 et

2121 1732 2254 1779 tunc
2274 1724 2717 1779 manifestabitur
2732 1738 2919 1778 eorum
2938 1723 3218 1777 beatitudo
3238 1722 3330 1792 qui
3357 1723 3411 1776 in
3438 1722 3695 1792 patientia

2122 1826 2379 1886 tanquam
2404 1816 2530 1886 igne
2559 1822 2690 1872 sunt
2721 1816 2960 1884 probati:
2991 1830 3093 1870 nec
3120 1814 3226 1869 erit
3255 1813 3489 1883 amplius
3520 1814 3694 1876 labor.

2118 1920 2296 1976 neque
2342 1904 2521 1970 dolor,
2557 1905 2643 1961 vel
2676 1904 2852 1959 fames
2905 1904 2988 1958 vel
3036 1903 3233 1975 frigus,
3279 1905 3374 1959 sed
3404 1902 3613 1967 laetitia,
3642 1911 3701 1957 ct

2114 1998 2273 2053 cibus
2301 1996 2571 2060 caelestis,
2592 2004 2648 2052 et
2673 1998 2917 2051 suavitas
2954 1995 3308 2065 sempiterna.

2184 2090 2511 2161 Quicunque
2570 2104 2705 2145 vero
2745 2104 2868 2143 cum
2922 2088 3206 2156 temporali
3246 2088 3424 2157 aliqua
3468 2085 3697 2141 delecta-

2116 2187 2267 2240 tione
2310 2183 2594 2239 meliorem
2645 2182 2809 2236 vitam
2852 2180 2997 2235 nacti
3048 2195 3238 2233 sumus
3265 2194 3429 2248 quam
3471 2188 3530 2231 ut
3573 2178 3698 2247 igne

2120 2276 2438 2347 probemur,
2470 2288 2580 2327 non
2614 2272 2999 2343 proptereaab
3034 2271 3151 2339 ipsa
3189 2268 3557 2324 delectatione
3596 2283 3698 2323 nos

2119 2366 2263 2421 vinci
2309 2365 2581 2429 sinamus,
2604 2370 2660 2418 et
2686 2378 2807 2432 qua:
2847 2363 3006 2416 nobis
3030 2363 3159 2417 data
3188 2369 3316 2416 sunt
3350 2361 3416 2415 ad
3442 2361 3697 2429 salutem,

2119 2457 2385 2512 faciamus
2402 2462 2460 2509 ut
2476 2455 2712 2510 miseriae
2734 2455 2845 2508 sint
2870 2454 3029 2507 nobis
3051 2452 3273 2507 occasio
3302 2452 3651 2522 sempiterna
3680 2468 3697 2515 ;

2118 2548 2215 2604 sed
2260 2548 2419 2618 quasi
2468 2546 2657 2602 fideles
2716 2547 2994 2617 przepositi
3040 2545 3240 2601 domus
3268 2584 3285 2611 ,
3342 2545 3698 2601 villicationis

2120 2649 2326 2694 nostra:
2351 2638 2618 2693 rationem
2659 2637 3044 2706 inculpabiiem
3071 2635 3299 2691 reddere
3321 2651 3419 2691 nos
3440 2651 3698 2707 paremus

2122 2733 2203 2788 illi
2238 2732 2333 2802 qui
2361 2745 2481 2786 eam
2513 2728 2675 2784 nobis
2702 2728 3132 2794 commendavit,
3156 2742 3258 2782 nec
3278 2728 3699 2783 eomessationi-

2122 2825 2246 2889 bus,
2291 2823 2675 2887 ebrietatibus,
2725 2828 2779 2875 et
2824 2821 3189 2876 immunditiis
3227 2821 3567 2890 voluptatum
3596 2836 3700 2875 nos

2122 2915 2273 2985 ipsos
2316 2912 2612 2968 reddamus
2664 2912 2935 2967 obnoxios
2982 2929 2997 2978 ;
3058 2911 3153 2966 sed
3200 2912 3381 2981 potius
3434 2922 3701 2982 praesente

2123 3004 2385 3061 felicitate
2430 3013 2652 3060 utamur
2686 3004 2753 3058 ad
2786 3005 3089 3073 gratiarum
3131 3003 3400 3059 actionem
3430 3003 3576 3060 illius
3605 3005 3698 3074 qui

2123 3112 2224 3153 nos
2253 3096 2515 3152 discrevit
2551 3097 2606 3151 in
2648 3096 2937 3151 altitudine
2974 3094 3288 3151 divitiarum
3329 3110 3577 3161 suarum,
3623 3104 3700 3161 et,

2121 3205 2244 3247 cum
2278 3204 2527 3246 essemus
2568 3204 2637 3245 ex
2683 3188 2873 3244 eadem
2913 3188 3013 3243 luti
3046 3203 3251 3253 massa,
3280 3204 3383 3245 nos
3421 3203 3534 3260 prae
3576 3189 3700 3244 aliis

2119 3279 2445 3343 honoravit,
2482 3276 2685 3333 fratres
2728 3287 2951 3334 nostros
2985 3279 3147 3335 nobis
3190 3278 3569 3348 subjicienda,
3627 3278 3701 3332 ita

2122 3378 2307 3423 tamen
2337 3376 2396 3421 ut
2434 3375 2489 3423 et
2518 3382 2619 3422 nos
2660 3367 3022 3437 subiiciantur
3072 3368 3123 3421 in
3156 3376 3345 3422 sancta
3388 3368 3699 3423 humilitate

2121 3469 2173 3513 et
2216 3457 2579 3527 subiectione,
2612 3471 2721 3511 non
2769 3458 3061 3527 imperiose
3103 3466 3393 3531 regnantes
3436 3456 3490 3510 in
3532 3453 3698 3508 animi

2119 3549 2355 3604 elatione
2411 3555 2467 3604 et
2522 3550 2859 3617 arrogantia,
2915 3549 3010 3604 sed
3065 3563 3189 3602 cmn
3238 3545 3619 3603 misericordia
3644 3545 3697 3599 in

2121 3640 2429 3695 visceribus
2454 3641 2836 3710 spiritualibus
2861 3640 2985 3695 aliis
3009 3648 3265 3706 tanquam
3298 3638 3424 3692 filiis
3455 3635 3702 3692 imbecil-

2121 3732 2352 3787 lioribus
2380 3741 2639 3801 tanquam
2682 3739 2951 3803 potentes,
2986 3741 3039 3786 ct
3068 3746 3257 3786 omnes
3290 3745 3413 3785 cum
3445 3729 3703 3783 omnibus

2124 3822 2556 3878 misericordiam
2590 3832 2939 3885 exercentes,
2987 3831 3045 3876 ut
3076 3824 3179 3875 hoc
3209 3830 3370 3890 pacto
3412 3835 3513 3874 nos
3552 3820 3699 3889 ipsos

2122 3912 2420 3976 lucremur,
2454 3925 2558 3966 nec
2600 3910 2750 3965 illum
2800 3921 3021 3981 propter
3056 3910 3326 3964 mundum
3363 3910 3700 3972 amittamus,

2120 4006 2210 4074 qui
2242 4004 2371 4059 vicit
2405 4003 2666 4058 mundum
2691 4044 2706 4069 ,
2742 4012 2796 4058 et
2827 4004 3073 4058 beneficii
3110 4003 3230 4056 loco
3252 4001 3401 4071 digni
3433 4000 3561 4054 odio
3602 4000 3700 4053 Iza-

2123 4100 2371 4162 bcamur,
2408 4096 2504 4153 sed
2551 4098 2845 4169 diligamur
2874 4098 3075 4168 potius,
3119 4105 3329 4152 etcum
3365 4096 3458 4150 ille
3489 4095 3699 4149 venerit

2122 4192 2211 4261 qni
2250 4206 2348 4245 nos
2376 4189 2587 4251 dilexit,
2628 4190 2908 4245 lucremur
2944 4200 3203 4259 prteterea
3240 4203 3339 4258 pro
3376 4187 3462 4241 his
3494 4186 3701 4241 nostris

2126 4284 2310 4344 rebus,
2362 4297 2483 4352 quae
2525 4281 2663 4335 nihil
2706 4290 2857 4348 sunt,
2898 4282 3202 4336 mercedem
3256 4281 3310 4334 in
3365 4279 3535 4351 gloria
3586 4278 3701 4341 Dei,

2123 4376 2212 4429 cui
2246 4377 2364 4429 laus
2396 4382 2450 4428 et
2478 4375 2651 4428 honor
2684 4373 2736 4427 in
2768 4374 2968 4428 saecula
3005 4373 3354 4426 saeculorum.
3385 4372 3580 4425 Amen.

518 4468 577 4523 Si
610 4484 738 4524 vero
775 4470 939 4523 etiam
976 4469 1259 4523 molestias
1302 4468 1559 4538 patimur,
1614 4470 1717 4525 hoc
1750 4471 1854 4525 erit
1898 4486 2022 4540 pro-
2061 4486 2103 4539 ῃ
2196 4464 2383 4521 Valete
2415 4466 2469 4519 in
2502 4464 2740 4536 Spririttt
2790 4474 3009 4530 sancto,
3045 4462 3421 4533 corruptionis
3466 4462 3705 4520 imbecil-

442 4572 655 4634 pterea,
685 4571 741 4615 ut
774 4576 1086 4631 rcgncmus,
1114 4577 1222 4614 non
1259 4572 1317 4615 ut
1346 4561 1656 4615 universam
1690 4563 1854 4616 vitam
1885 4577 2015 4633 aga-

440 4672 568 4712 mus
601 4656 655 4711 in
693 4655 901 4718 dolorr,
930 4655 1024 4710 scd
1061 4663 1116 4710 ut
1144 4669 1240 4725 per
1276 4654 1647 4711 transitoriam
1677 4655 2011 4726 angustiam,

504 4888 524 4918 ¹
563 4882 693 4938 Luc.
724 4896 828 4936 xw.

2124 4558 2327 4612 litatem
2373 4556 2637 4627 patientia
2686 4565 3032 4626 superantes,
3073 4556 3272 4610 virtute
3308 4553 3698 4630 incorruptibi-

2122 4652 2291 4708 litatis
2317 4650 2624 4707 confirmati
2650 4657 2704 4707 ct
2730 4650 2995 4706 roborati.

1858 5221 2349 5247 -~-—.O.——-—
