4084 6438
398 288 497 352 301

1636 302 1926 363 PHECES
1964 302 2426 370 LlTUliGltLii,

3559 308 3664 372 302

396 407 579 473 τυχεῖν
616 405 709 458 τοῦ
740 407 953 474 ἐφετοῦ,
980 407 1168 479 ὼράθη
1218 411 1245 462 ὁ
1295 393 1439 474 λίθος
1477 413 1856 483 μετηρμένος,
1894 414 1976 465 καῖ

2099 411 2264 465 modo
2303 413 2566 467 desiderii
2618 422 2902 483 compotes
2936 416 3127 471 tierent
3162 416 3263 487 (Ι),
3300 418 3534 487 lapidem
3591 420 3642 473 vi

396 496 538 560 θεῖος
568 498 786 562 νεανίας
835 502 1211 554 καταστέλλων
1258 502 1348 555 τὸν
1396 503 1626 575 θόρυὸον
1666 504 1847 560 αὐτῶν
1882 507 1981 575 τῆς

393 587 594 657 ψυχῆς·
632 588 872 661 Ἠγέρθη
892 590 1022 661 γὰρ,
1041 590 1226 660 φησὶν,
1246 593 1451 665 Ἰησοῦς
1472 597 1499 648 ὀ
1519 594 1741 666 Κύριος.
1765 595 1856 650 Διὸ
1881 614 1979 667 κη-

398 678 595 746 ρύξατε
634 683 748 744 τοῖς
780 681 1011 753 κήρυξιν
1040 682 1210 736 αὐτοῦ
1242 685 1533 755 μαθηταῖς,
1560 687 1641 749 εἰς
1692 687 1793 757 τὴν
1824 686 1975 741 Γαλι-

396 770 553 825 λαίαν
579 771 830 842 δραμεῖν,
883 774 975 831 καὶ
1003 774 1201 844 ὄψεσθε
1246 776 1431 847 αὑτὸν,
1466 778 1776 833 ἀναστάντα
1807 780 1869 832 ἐκ
1891 795 1978 832 νε-

396 861 565 932 κρῶν,
594 863 670 927 ὡς
696 864 964 935 ζωοδότην
993 866 1088 920 καὶ
1113 866 1338 938 Κύριον.

851 958 1422 1027 Ἐεαποστειλάριον
1460 959 1527 1028 γ’.

467 1046 594 1100 Ὀτι
612 1047 846 1118 Χριστὸς
871 1049 1191 1121 ἐγήγερται,
1212 1054 1373 1122 μήτις
1398 1053 1770 1108 διαπιστείτω·
1804 1054 1977 1124 ἐφάνη

398 1142 460 1208 τῇ
513 1140 704 1211 Μαρίᾳ
758 1139 892 1212 γάρ,
942 1141 1137 1197 ἔπειτα
1184 1142 1478 1216 καθωράθη
1526 1148 1638 1209 τοῖς
1685 1148 1765 1209 εἰς
1812 1146 1981 1217 ἀγρὸν

398 1230 636 1295 απιοῦσι,
665 1232 897 1301 μύσταις
921 1233 976 1289 δὲ
1000 1234 1160 1289 πάλιν
1183 1235 1338 1305 ὤφθη
1361 1238 1740 1309 ἀνακειμένοις
1766 1238 1980 1302 ἕνδεκα,

402 1320 487 1384 οὓς
516 1322 799 1391 βαπτίζειν
829 1324 1145 1395 ἐκπέμψας,
1175 1329 1254 1391 είς
1278 1329 1563 1399 οὐρανοὺς,
1591 1330 1713 1383 ὅθεν
1748 1333 1981 1385 καταϐέ-

397 1416 588 1480 ϐηκεν,
640 1416 953 1488 ἀνελήφθη,
1003 1418 1283 1488 ὲπικυρῶν
1330 1420 1391 1473 τὸ
1430 1422 1693 1494 κήρυγμα
1754 1422 1980 1493 πλήθεσι

396 1506 504 1559 τῶν
535 1508 804 1577 σημείων.

476 1598 539 1653 '0
588 1599 875 1663 ἀνατείλας
919 1600 1090 1671 ἥλιος,
1125 1603 1189 1655 ἑκ
1230 1602 1438 1657 παστοῦ
1469 1605 1545 1668 ὡς
1587 1607 1841 1675 νυμφίος,
1872 1607 1979 1660 ἀπὸ

2085 504 2285 557 derunt
2348 514 2616 566 amotum,
2648 506 3038 576 cmlestemqne
3064 507 3344 575 juvenem,
3395 511 3487 579 qui
3518 525 3673 565 men-

2088 600 2171 647 tcs
2223 592 2437 647 illarum
2466 593 2719 649 turbatas
2746 595 3112 664 compescuit,
3145 594 3364 651 dicens:
3418 596 3670 652 Surreth

2084 678 2244 735 Jesus
2295 681 2589 748 Dominus;
2659 682 2891 754 ideoque
2941 683 3118 755 ipsius
3172 684 3379 740 nuntiis
3427 686 3671 740 nuntiate

2086 780 2146 825 ut
2168 772 2220 827 in
2240 772 2515 829 Galilteam
2543 786 2792 841 currant,
2812 777 2963 833 illum
2988 776 3159 835 visuri
3182 778 3277 848 qui
3323 794 3386 831 ex
3439 780 3669 841 mortuis

2088 866 2330 919 surrexit
2376 865 2502 921 vita:
2553 866 2789 922 donator
2826 875 2881 922 et
2923 868 3201 927 Dominus.

2530 956 3021 1027 Exaposteilarium
3051 960 3107 1014 5.

2152 1046 2433 1107 Christum
2465 1050 2774 1107 surrexisse
2806 1066 2965 1106 nemo
2981 1050 3189 1106 diuidat
3208 1067 3221 1102 :
3241 1052 3498 1122 apparuit
3521 1052 3668 1103 enim

2087 1137 2292 1202 Mariae,
2316 1138 2517 1195 deinde
2558 1139 2896 1210 (discipulis)
2924 1140 3259 1197 exeuntibus
3296 1156 3413 1203 rus,
3457 1140 3669 1193 demto-

2086 1248 2195 1301 que
2223 1231 2476 1291 undecim
2506 1233 2622 1289 suis
2672 1234 2959 1302 apostolis,
3016 1233 3223 1303 quibus
3264 1233 3331 1288 ad
3380 1233 3667 1301 baptizan-

2084 1323 2215 1377 dum
2277 1323 2488 1389 missis,
2550 1324 2668 1392 ipse
2725 1324 2781 1378 in
2840 1324 3051 1379 caelum
3106 1323 3255 1378 unde
3304 1323 3671 1378 descenderat

2086 1424 2405 1485 assumptus
2455 1423 2565 1480 est,
2624 1430 2790 1486 quam
2851 1416 3038 1473 multis
3096 1414 3274 1485 signis
3330 1415 3670 1468 euntirmans

2086 1505 2564 1576 praedicationem.

2153 1596 2199 1652 Ο
2228 1598 2425 1654 Oriens
2456 1600 2539 1654 sol
2574 1598 2737 1654 hodie
2760 1614 2793 1654 e
2824 1599 3100 1668 sepulcro,
3128 1597 3312 1668 qualis
3355 1612 3389 1651 e
3433 1596 3673 1651 thalamo

391 1690 488 1742 τοῦ
536 1690 710 1759 τάφου
766 1692 1036 1764 σήμερον,
1065 1695 1159 1747 καὶ
1203 1694 1294 1749 τὸν
1342 1694 1478 1766 ᾅδην
1525 1697 1848 1763 σκυλεύσας,
1885 1700 1976 1752 καὶ

2086 1707 2346 1762 sponsus,
2407 1691 2681 1746 infernum
2747 1692 3018 1761 spolians,
3096 1699 3445 1759 mortemque
3507 1687 3662 1741 fran-

392 1779 624 1836 θάνατον
671 1785 1047 1855 καταργήσας,
1084 1785 1144 1839 σὲ
1173 1787 1438 1859 τεκούσης
1490 1789 1830 1859 πρεσϐείαις,
1863 1791 1976 1859 φῶς

2087 1801 2243 1857 gens,
2268 1784 2563 1841 Genitricis
2584 1794 2688 1840 tuae
2709 1783 2964 1855 precibus
2989 1784 3286 1855 (annuens)
3308 1785 3467 1839 nobis
3492 1784 3668 1839 lucem

389 1876 523 1941 ἡμῖν
573 1873 986 1943 ἑξαπόστειλον,
1013 1877 1129 1947 φῶς
1181 1879 1414 1949 φωτίζον
1458 1882 1707 1952 καρδίας,
1738 1882 1832 1941 καὶ
1882 1885 1978 1946 τὰς

387 1967 599 2038 ψυχάς,
633 1968 750 2039 φῶς
780 1969 1016 2040 βαδίζειν
1064 1972 1310 2036 ἅπαντας
1357 1974 1654 2045 ὲμσιὸάζον
1686 1979 1745 2033 ἐν
1773 1977 1979 2048 τρίϐοις

394 2059 840 2131 προσταγμάτων
874 2077 989 2124 σου,
1020 2064 1113 2116 καὶ
1144 2063 1284 2128 ὁδοῖς
1313 2063 1415 2134 τῆς
1449 2065 1694 2137 εἰρήνης.

853 2149 1139 2205 Έωθινόν
1168 2150 1238 2223 γ’,
1270 2148 1422 2224 ἦχος
1450 2151 1521 2224 γ’.

461 2238 575 2309 Τῆς
600 2241 965 2315 Μαγδαληνῆς
1012 2245 1252 2315 Μαρίας,
1286 2245 1383 2315 τὴν
1408 2245 1502 2300 τοῦ
1531 2248 1784 2319 Σωτῆρος
1814 2250 1978 2319 εὐαγ-

392 2328 752 2400 γελιζομένης
801 2332 864 2384 ὲκ
915 2333 1128 2403 νεκρῶν
1179 2336 1481 2390 ἀνάστασιν
1525 2339 1623 2392 καὶ
1652 2340 1977 2409 ἐμφάνειαν,

389 2420 795 2487 διαπιστοῦντες
839 2423 887 2477 οἱ
941 2424 1205 2497 μαθηταὶ,
1234 2426 1510 2493 ὠνείδιζον
1570 2430 1631 2485 τὸ
1681 2433 1782 2502 τῆς
1840 2451 1976 2506 καρ-

385 2511 507 2576 δίας
560 2513 815 2584 σκληρόν.
850 2515 1013 2571 Ἀλλά
1065 2519 1179 2582 τοῖς
1231 2519 1480 2591 σημείοις
1529 2522 1981 2589 καθοπλισθέντες

385 2606 481 2659 καὶ
505 2604 748 2676 θαύμασι
777 2607 914 2678 πρὸς
944 2608 1005 2663 τὺ
1039 2610 1306 2681 κήρυγμα
1332 2610 1750 2677 ἀπεστέλλοντο,
1782 2616 1878 2670 καὶ
1912 2617 1978 2671 σὺ

386 2699 507 2765 μὲν,
536 2699 734 2771 Κύριε,
767 2700 906 2772 πρὸς
935 2701 1025 2756 τὸν
1050 2704 1360 2774 ἀρχίφωτον
1394 2706 1703 2779 ἀνελήφθης
1733 2708 1976 2782 Πατέραο

380 2793 433 2843 οι
482 2791 537 2846 δὲ
581 2793 881 2865 ἐκήρυττον
930 2794 1211 2866 πανταχοῦ
1244 2796 1335 2851 τὸν
1362 2798 1548 2867 λόγον,
1586 2802 1699 2863 τοῖς
1731 2800 1977 2871 θαύμασι

388 2882 756 2955 πιστούμενοι·
788 2884 868 2938 διὸ
889 2885 935 2938 οἱ
970 2886 1336 2955 φωτισθέντες
1358 2888 1426 2942 δι’
1452 2890 1655 2955 αὐτῶν,
1682 2890 1977 2963 δοξάζομεν

388 2990 484 3027 σου
512 2976 610 3045 τὴν
637 2979 700 3031 ἐκ
737 2977 950 3048 νεκρῶν
976 2978 1296 3044 ἀνάστασιν,
1328 2981 1679 3051 φιλάνθρωπε
1713 2983 1906 3055 Κύριε.

843 3070 1418 3140 Ἐξαποστειλάριον
1454 3072 1525 3128 δ’.

456 3160 589 3224 Ταῖς
620 3161 845 3233 ἀρεταῖς
873 3162 1281 3234 ἀστράψαντες,
1313 3163 1514 3235 ῐδωμεν
1566 3166 1889 3230 ἐπιστάντας
1919 3168 1977 3222 ὲν

382 3252 652 3325 ζωηφόρῳ
690 3254 935 3325 μνήματι
988 3254 1187 3328 ἄνδρας
1216 3258 1274 3311 ὲν
1304 3257 1753 3327 άστραπτούσαις
1809 3260 1975 3332 ἐσθή-

384 3362 501 3398 σεσι
536 3346 887 3417 μυροφόροις,
912 3346 1225 3413 κλινούσαις
1256 3350 1334 3414 είς
1363 3350 1464 3421 γῆν
1492 3349 1615 3421 ὄψιν
1637 3367 1652 3382 ο
1686 3351 1781 3405 τοῦ
1814 3352 1979 3423 ούρα-

381 3434 473 3487 νοῦ
493 3434 847 3500 δεσπόζοντος
896 3435 1117 3508 ἔγερσιν
1165 3438 1528 3510 amoena.
1555 3442 1647 3494 καὶ
1672 3442 1809 3515 πρὸς
1832 3442 1980 3515 ζωὴν

380 3526 458 3595 τῷ
509 3530 763 3599 μνημείῳ
805 3531 1105 3603 δράμωμεν
1138 3533 1236 3587 σὺν
1268 3532 1346 3605 τῷ
1378 3532 1590 3604 Πέτρῳ.
1622 3534 1719 3587 καὶ
1751 3534 1808 3588 τὸ
1836 3552 1978 3607 πρα-

380 3618 511 3687 χθὲν
538 3619 944 3691 θαυμάσαντες,
980 3623 1256 3695 μείνωμεν
1290 3624 1526 3694 Χριστὸν
1556 3624 1775 3697 βλέψαι.

451 3798 543 3863 Τὸ,
564 3798 821 3868 Χαίρετε,
839 3799 1234 3871 φθεγξάμενος,
1257 3802 1533 3876 διημείψω
1553 3804 1650 3876 τὴν
1676 3804 1854 3875 λύπην
1868 3806 1978 3858 τῶν

381 3892 767 3963 προπατόρων,
788 3893 1087 3967 Κύριε,τὴν
1114 3895 1289 3966 χαρὰν
1311 3896 1652 3967 άντεισάγων
1702 3898 1978 3970 ἐγὲρσεὼς

382 4003 478 4037 σου
509 3986 567 4037 ὲν
600 3987 809 4058 κόσμῳ.
833 3987 1051 4060 Ταύτης
1083 3984 1206 4055 οὖν,
1239 3989 1500 4055 ζωοδότα,
1538 3991 1626 4044 διά
1649 3991 1745 4062 τῆς
1772 3992 1968 4062 κυησά-

380 4095 483 4148 σης
530 4096 610 4141 σε,
640 4081 755 4148 φῶς
792 4080 1028 4149 φωτίζον
1058 4082 1309 4153 καρδίας,
1345 4083 1463 4154 φῶς
1512 4084 1813 4153 οἰκτιρμῶν
1867 4085 1975 4136 τῶν

380 4170 493 4222 σῶν
534 4170 939 4238 ὲξαπὸστειλον,
975 4173 1068 4226 τοῦ
1116 4174 1247 4245 βοᾷν
1292 4190 1398 4227 σοι’
1420 4174 1774 4246 Φιλάνθρωπε
1819 4175 1975 4229 θεάν-

378 4265 565 4335 θρωπε
587 4304 600 4331 ,
628 4266 757 4333 δόξα
784 4270 850 4337 τῇ
883 4270 949 4337 σῇ
982 4268 1222 4340 ὲγέρσει.

822 4443 1111 4499 Ἔωθινὸν
1149 4444 1222 4509 δ’,
1261 4440 1414 4517 ἦχος
1450 4444 1522 4501 δ’.

452 4534 686 4607 Ὀρθρος
719 4532 788 4610 ἧν
823 4538 994 4609 βαθὺς
1041 4539 1138 4593 καὶ
1187 4540 1242 4593 αί
1296 4541 1559 4608 γυναῖκες
1596 4536 1761 4611 ἦλθον
1790 4541 1887 4593 ἐπὶ
1913 4541 1973 4594 τὸ

378 4633 569 4705 μνῆμά
597 4653 716 4702 σου,
736 4637 958 4707 Χριστὲ.
979 4637 1140 4691 Ἀλλά
1159 4638 1220 4691 τὸ
1242 4638 1401 4710 σῶμα
1422 4639 1519 4708 οὐχ
1543 4639 1766 4711 εὑρέθη,
1786 4638 1849 4691 τὸ
1874 4656 1972 4692 πο-

374 4730 635 4800 θούμενον
670 4733 886 4796 αὐταῖς⁹
922 4733 1003 4786 διδ
1051 4734 1461 4805 ἀπορουμέναις
1488 4776 1502 4799 ,
1535 4734 1586 4786 οἱ
1621 4736 1738 4797 ταῖς
1768 4734 1973 4805 ἀστρα-

372 4825 637 4889 πτούσαις
672 4827 924 4898 ἐσθήσεσι
956 4828 1309 4893 ἐπιστάντες,
1348 4828 1414 4880 Τί
1468 4828 1560 4881 τὸν
1605 4828 1784 4893 ζῶντα
1836 4826 1975 4896 μετά

370 4917 480 4970 τῶν
508 4920 718 4990 νεκρῶν
741 4920 984 4991 ζητεῖτε;
1020 4921 1226 4989 ἔλεγον·
1261 4920 1493 4991 ἠγέρθη,
1525 4921 1602 4983 ὡς
1636 4922 1891 4991 προεῖπε·
1920 4920 1974 4971 τί

370 5010 740 5082 ἀμνημονεῐτε
772 5013 879 5065 τῶν
907 5014 1172 5085 ῥημάτων
1202 5013 1369 5067 αὑτοῦ
1392 5010 1518 5079 ;Οίς
1549 5012 1879 5077 πεισθεῖσαι,
1899 5011 1971 5064 τὰ

370 5103 638 5173 ὁραθέντα
692 5106 1014 5177 ἐκήρυττον·
1048 5107 1165 5161 ἀλλ’
1192 5107 1367 5160 ἐδόκει
1409 5106 1576 5177 λῆρος
1609 5107 1678 5159 τά
1734 5106 1969 5173 εὐαγγέ-

372 5194 478 5256 λια,
507 5195 680 5261 οὕτως
709 5195 850 5269 ἦσαν
876 5200 956 5253 ἔτι
974 5202 1162 5264 νωθεῖς
1188 5202 1236 5253 οἱ
1262 5201 1525 5271 μαθηταί’
1553 5199 1668 5254 ἀλλ’
1698 5201 1726 5252 ὁ
1760 5200 1968 5264 Πέτρος

375 5288 600 5359 ἔδραμε,
641 5293 735 5347 καὶ
766 5292 913 5359 ἰδὼν,
942 5292 1163 5359 ἐδόξασὲ
1207 5311 1302 5347 σου
1336 5294 1473 5364 πρὸς
1518 5293 1707 5346 ἑαυτὸν
1739 5292 1807 5346 τὰ
1836 5291 1965 5345 θαυ-

379 5399 567 5439 μασια.

2086 1877 2237 1933 mitte
2267 1892 2390 1947 quae
2423 1877 2588 1933 corda
2646 1885 2700 1932 et
2766 1885 2982 1933 mentes
3031 1876 3326 1941 illuminat,
3370 1888 3670 1946 omnesque

2086 1968 2316 2041 impellit
2352 1967 2419 2022 ad
2459 1967 2853 2025 ambulandum
2909 1968 2966 2024 in
3013 1967 3397 2025 mandatorum
3444 1974 3666 2022 tuorum

2082 2060 2297 2118 semitis
2328 2070 2383 2116 et
2410 2059 2466 2113 in
2507 2058 2611 2115 viis
2638 2059 2812 2130 pacis.

2536 2148 2860 2211 Matutinum
2886 2148 2941 2213 3,
2974 2158 3128 2203 tonus
3151 2148 3206 2203 3.

2158 2240 2387 2298 Mariam
2418 2240 2793 2312 Magdalenam
2847 2238 3153 2297 Salvatoris
3199 2239 3664 2295 resurrectionem

2084 2335 2603 2406 apparitionemque
2646 2333 2997 2389 nuntiantem
3050 2331 3362 2387 dillidentes
3406 2330 3666 2401 discipuli

2083 2426 2151 2482 de
2184 2427 2370 2481 cordis
2400 2425 2601 2481 duritia
2637 2423 2933 2496 vituperati
2986 2431 3137 2479 sunt.
3189 2422 3296 2479 Sed
3349 2422 3522 2494 signis
3562 2422 3665 2477 mi-

2084 2518 2400 2587 raculisque
2429 2516 2626 2573 armati
2670 2516 2722 2573 iu
2762 2514 3209 2587 prazdicationem
3240 2523 3372 2569 sunt
3411 2514 3665 2585 profecti.

2082 2610 2151 2666 Et
2191 2618 2274 2676 tu,
2311 2609 2566 2674 Domine,
2599 2607 2655 2663 in
2694 2609 2874 2663 lucem
2911 2608 3055 2665 lucis
3079 2606 3413 2679 principium
3451 2622 3665 2662 assum-

2082 2712 2210 2773 ptus
2269 2717 2351 2758 es.
2419 2702 2638 2755 Patrem
2696 2715 2828 2756 vero
2875 2701 2951 2755 illi
3011 2700 3389 2771 praedicabant
3439 2699 3666 2768 ubique.

2080 2795 2247 2852 verba
2280 2794 2563 2850 miraculis
2587 2794 3002 2850 conﬁrmantes.
3054 2794 3245 2865 Itaque
3293 2808 3394 2847 nos
3433 2807 3531 2862 per
3570 2806 3668 2846 eos

2080 2886 2375 2943 illuminati
2404 2893 2555 2939 tuam
2598 2902 2664 2941 ex
2707 2888 2942 2941 mortuis
2979 2883 3447 2941 resurrectionem
3500 2883 3669 2955 glori-

2082 2977 2336 3041 ﬁcamus,
2373 2993 2406 3031 o
2441 2977 2728 3032 hominum
2764 2984 3005 3044 amator,
3038 2974 3286 3031 Domine.

2580 3068 3065 3138 Exaposteilarium
3093 3069 3148 3124 4.

2157 3162 2470 3219 Virtutibus
2494 3180 2592 3218 nos
2619 3164 2911 3218 illuminati
2937 3162 3224 3218 videamus
3248 3172 3454 3218 stantes
3480 3158 3541 3216 in
3577 3177 3666 3223 sa—

2079 3258 2246 3313 lutari
2271 3265 2629 3312 monumento
2646 3257 2897 3313 homines
2925 3256 3274 3313 vcsﬁmcntis
3306 3256 3662 3324 fulgentibus.

2078 3350 2464 3417 odorantibus,
2498 3350 2803 3419 oculosque
2829 3348 2896 3403 ad
2924 3356 3128 3403 terram
3152 3347 3479 3418 cogentibus
3504 3346 3662 3401 induo

2080 3452 2189 3508 tos,
2222 3442 2466 3499 caelestis
2493 3441 2708 3497 Domini
2739 3441 3204 3497 resurrectionem
3230 3440 3565 3503 ediscamus,
3610 3446 3665 3493 et

2077 3535 2203 3590 vita:
2232 3549 2423 3589 amore
2454 3534 2521 3587 ad
2549 3540 2966 3587 monumentum
2992 3547 3284 3589 curramus
3318 3546 3444 3587 cum
3474 3528 3659 3593 Petro,

2078 3625 2461 3695 mirantesque
2516 3625 2665 3695 quod
2716 3624 2922 3679 factum
2985 3633 3072 3680 est
3122 3639 3447 3680 maneamus
3504 3622 3666 3677 Chri-

2077 3724 2222 3770 stum
2259 3715 2723 3785 contemplantes.

2149 3807 2255 3875 Qui
2322 3808 2597 3875 clamasti,
2660 3806 2933 3873 Gaudete,
3009 3814 3285 3863 commota
3365 3806 3663 3876 primorum

2078 3907 2368 3970 parentum
2423 3898 2665 3963 luctum,
2729 3897 2980 3963 Domine,
3032 3898 3266 3968 gratiam
3321 3897 3665 3953 substituens

2079 3990 2502 4048 resurrectionis
2532 3999 2638 4049 tua:
2667 3991 2720 4045 in
2748 3989 2974 4046 mundo.
3009 3996 3068 4043 tu
3099 3987 3193 4059 qui
3230 4004 3350 4044 eam
3380 4002 3506 4042 cum
3559 3988 3663 4041 vita

2078 4083 2279 4149 donas,
2306 4099 2403 4153 per
2435 4084 2583 4138 illam
2618 4098 2742 4153 quae
2765 4096 2817 4136 te
2844 4080 3107 4151 portavit,
3147 4080 3238 4133 lux
3264 4081 3431 4134 corda
3462 4076 3666 4134 illumi-

2076 4190 2238 4236 nans,
2297 4178 2385 4229 lnx
2448 4173 2788 4239 misericors,
2851 4172 3020 4226 incita
3078 4185 3146 4224 ex
3200 4172 3312 4227 tuis
3350 4172 3442 4242 qui
3492 4170 3559 4225 ad
3608 4176 3660 4223 te

2077 4268 2317 4321 clament
2355 4283 2368 4320 :
2399 4264 2444 4320 Ο
2480 4266 2765 4320 hominum
2799 4271 3014 4319 amator
3068 4262 3216 4321 Deus
3255 4264 3442 4331 homo,
3491 4263 3664 4333 gloria

2078 4358 2476 4415 resurrectioni
2510 4367 2635 4412 tum.

2516 4450 2843 4504 Maturimtm
2876 4450 2931 4515 4,
2968 4461 3122 4506 tonus
3147 4449 3201 4504 4.

2142 4546 2283 4599 Ante
2315 4544 2618 4599 diluculum
2646 4543 2909 4597 mulieres
2953 4542 3019 4598 ad
3055 4551 3210 4598 tuum
3248 4550 3664 4598 monumentum

2078 4638 2232 4693 ibant
2265 4655 2280 4705 ;
2318 4636 2413 4693 sed
2444 4635 2595 4705 quod
2625 4634 2966 4706 excptabant
2996 4650 3197 4706 corpus
3230 4650 3339 4689 non
3389 4635 3665 4692 viderunt.

2078 4745 2317 4798 cumque
2343 4728 2399 4783 in
2426 4728 2597 4784 dubio
2627 4716 3295 4800 Inercrent,l'ulgentibus
3314 4725 3662 4781 vestimentis

2083 4830 2294 4878 Stantes
2345 4821 2651 4877 dixerunt:
2704 4820 2821 4876 Cur
2876 4820 3152 4875 viventem
3206 4819 3352 4872 inter
3416 4824 3665 4869 mortuos

2088 4915 2340 4985 quaeritis
2372 4915 2397 4967 ἲ
2441 4914 2708 4978 surrexit,
2754 4913 2897 4967 sicut
2956 4909 3118 4963 dixit.
3184 4907 3298 4962 Cur
3372 4906 3663 4962 verborum

2079 5008 2201 5078 ejus
2241 5006 2428 5062 oblitae
2464 5007 2600 5062 estis
2629 5005 2653 5058 ’ἔ
2679 5004 2755 5057 Ex
2782 5004 2887 5057 hoc
2920 5002 3080 5056 tidem
3109 4999 3488 5071 concipienles
3521 4998 3666 5067 quod

2078 5098 2333 5153 viderant
2395 5097 2749 5153 nuntiabant.
2828 5092 2934 5148 Sed
2986 5108 3177 5148 carum
3251 5091 3429 5145 fausta
3501 5088 3664 5142 verba

2076 5190 2330 5262 discipuli
2379 5189 2595 5245 somnia
2652 5185 3073 5250 existimabant,
3124 5184 3263 5240 adeo
3320 5185 3486 5237 etiam
3532 5190 3664 5233 tunc

2076 5279 2218 5335 tardi
2250 5285 2410 5335 erant
2443 5274 2632 5332 corde.
2667 5272 2865 5328 Petrus
2908 5281 3092 5327 tamen
3120 5268 3392 5332 cucurrit,
3433 5273 3489 5321 et
3537 5279 3662 5319 cum

2078 5373 2329 5438 vidisset,
2386 5378 2483 5427 tua
2533 5375 2755 5440 propter
2812 5367 2993 5438 ipsum
3054 5373 3280 5437 operata
3332 5356 3662 5433 gloriﬁcavit

2073 5466 2361 5523 miracula.

1892 5649 2125 5707 NOTAE.

451 5746 526 5822 (1)
565 5749 811 5822 Scilicet,
844 5760 904 5809 ut
936 5750 1253 5824 sepulcrum
1277 5756 1529 5820 apertum
1554 5748 1889 5804 invenirent.
