4084 6440
442 295 551 358 303

939 407 1426 477 Exaposteilarium
1456 413 1510 468 5.

514 493 633 549 Vita
686 504 740 552 et
785 497 871 552 via
907 498 1186 566 Christus,
1220 517 1345 556 cum
1377 506 1728 568 surrexisset.
1757 507 2010 580 Cleophze

445 583 720 655 Lucaeque
745 589 846 642 iter
865 586 1114 644 faciendo
1133 606 1316 647 eomes
1341 592 1464 659 fuit,
1497 596 1764 654 etabillis
1799 602 2018 670 agnitus

449 684 528 731 est
561 678 615 730 in
650 677 873 732 Emmao
931 695 1127 750 panem
1179 681 1458 754 frangens.
1506 687 1726 742 illorum
1764 693 1929 746 corda
1963 705 2018 750 et

437 775 646 822 mentes
696 769 982 837 ardebant,
1030 771 1159 827 dum
1203 777 1285 830 eis
1332 777 1666 846 loqueretur,
1707 780 2012 857 scripturis

437 857 584 926 quod
617 858 820 915 factum
882 862 1060 918 luerat
1105 867 1415 936 explicans.
1447 869 1585 925 Cum
1621 873 1702 930 eis
1750 876 2013 932 clamabi-

433 964 556 1004 mus
593 967 607 1004 :
650 949 919 1018 Surrexit,
951 963 1006 1009 et
1043 971 1072 1008 a
1104 955 1266 1013 Petro
1305 963 1460 1016 visus
1495 969 1603 1019 est.

502 1039 771 1098 lmmensa
804 1052 893 1098 tua
928 1045 1092 1100 laudo
1127 1062 1374 1115 munera,
1411 1065 1446 1106 ο
1479 1055 1799 1112 misericors
1830 1057 2003 1114 Crea-

431 1141 521 1184 tor
580 1148 757 1199 meus,
787 1135 935 1204 quod
967 1146 1019 1192 te
1049 1142 1227 1209 ipsum
1253 1143 1634 1212 exiuanivisti,
1662 1157 1722 1201 ut
1756 1158 2008 1219 portares

437 1221 795 1293 salvaresque
823 1226 1090 1294 perditam
1129 1229 1412 1286 hominum
1446 1246 1725 1298 naturam,
1753 1245 1830 1304 et,
1883 1240 2010 1294 licet

431 1309 604 1377 Deus,
633 1327 701 1367 ex
757 1324 950 1370 sancta
1009 1316 1100 1372 Dei
1154 1320 1431 1377 Genitrice
1465 1327 1616 1381 nasci
1664 1337 1888 1398 propter
1925 1344 2012 1385 me

428 1401 674 1466 voluisti,
727 1415 782 1461 et
841 1406 1175 1466 descendere
1225 1428 1400 1483 usque
1472 1416 1540 1470 ad
1594 1416 1870 1473 infernum
1938 1419 2006 1474 ad

428 1492 747 1548 salvandum
801 1511 916 1564 me,
971 1497 1220 1571 Virginis
1249 1519 1370 1574 quae
1406 1514 1459 1562 te
1505 1509 1694 1578 genuit
1726 1511 2009 1580 precibus,

428 1599 465 1638 ο
487 1601 707 1644 summe
736 1590 1054 1650 misericors
1091 1593 1337 1653 Domine.

731 1701 1062 1760 Matutiuum
1095 1709 1147 1772 5,
1183 1718 1337 1766 tonus
1381 1712 1620 1785 obliquus
1649 1715 1699 1769 Ι.

498 1791 544 1845 Ο
570 1809 730 1862 quam
758 1797 1026 1866 sapientia
1053 1807 1143 1853 tua
1163 1801 1388 1870 judicia,
1418 1803 1643 1861 Domine
1669 1807 1682 1860 !
1723 1807 2008 1876 Quomodo

428 1882 646 1950 quidem
692 1883 855 1940 Petro
906 1889 1039 1942 solis
1073 1890 1314 1948 linteolis
1347 1894 1549 1951 dedisti
1584 1903 1737 1951 tuam
1780 1913 2008 1956 noscere

423 1974 944 2028 resurrectionem?
996 1977 1155 2034 Lucae
1218 1990 1398 2036 autem
1455 1991 1510 2039 et
1565 1984 1830 2057 Cleophze
1898 1988 2007 2043 iter

425 2057 634 2116 faciens
702 2063 964 2134 loqueris,
998 2079 1050 2122 et
1087 2070 1316 2140 loquens
1364 2086 1470 2126 non
1520 2075 1706 2129 statim
1739 2083 1794 2130 te
1829 2078 2006 2131 mani--

426 2149 622 2213 festas.
657 2156 802 2210 unde
836 2165 889 2211 et
921 2159 1378 2228 vituperationem
1439 2164 1678 2222 incurris
1733 2175 1793 2222 ut
1850 2169 2007 2226 solus

423 2254 717 2301 extraneus
747 2248 799 2301 in
821 2247 1144 2317 Jerusalem,
1169 2255 1541 2326 ignoransque
1565 2259 1990 2329 magistratuum

425 2335 574 2391 illius
608 2340 955 2396 sententiam.
990 2341 1096 2398 Sed
1132 2355 1184 2398 tu
1231 2347 1414 2401 omnia
1449 2347 1515 2402 ad
1545 2349 1841 2406 utilitatem
1873 2367 2004 2421 ope-

422 2425 503 2481 ris
563 2431 1006 2496 accommodans,
1081 2437 1395 2506 prophetias
1464 2441 1532 2506 ad
1585 2449 1639 2498 te
1694 2451 2008 2513 spectantes

424 2517 733 2585 explicasti,
759 2521 890 2575 etin
925 2522 1308 2582 benedictione
1344 2531 1504 2598 panis
1558 2533 1780 2602 agnitus
1824 2549 1884 2590 es
1933 2538 2001 2589 ab

424 2606 534 2661 illis
559 2623 790 2678 quorum
821 2611 930 2680 jam
966 2623 1124 2669 antea
1151 2619 1318 2673 corda
1354 2621 1420 2675 ad
1463 2623 1541 2678 tui
1576 2625 2005 2695 recognitionem

425 2708 586 2754 erant
635 2704 986 2762 inﬂammata.
1023 2708 1084 2762 ili
1117 2721 1296 2766 autem
1339 2715 1627 2786 discipulis
1662 2724 2006 2791 congregatis

420 2787 534 2855 jam
601 2790 773 2849 effuse
845 2797 1240 2855 nuntiaverunt
1298 2811 1448 2861 tuam
1521 2813 2004 2877 resurrectionem,

425 2880 588 2951 cujus
631 2899 798 2942 causa
828 2889 1091 2947 miserere
1121 2896 1317 2949 nostri.

921 2999 1407 3074 Exaposteilnrium
1435 3011 1486 3066 6.

1695 309 1967 373 LEONIS
1986 315 2440 378 PHILOSOPHI

3597 320 3701 384 304

2587 427 3153 495 Ἐξαποστειλάριον
3189 433 3248 482 ε’.

2224 520 2290 574 Ἦ
2321 520 2433 590 ζωὴ
2463 521 2555 573 καὶ
2584 519 2702 583 ὁδὸς
2729 519 2963 590 Χριστὸς
3003 521 3066 572 ὲκ
3103 522 3315 591 νεκρῶν
3475 523 3703 597 Κλεόπα

2121 616 2216 668 καὶ
2257 612 2335 683 τῷ
2361 613 2543 682 Λουκᾷ
2587 612 2939 677 συνώδευσεν,
2979 606 3176 683 οἷσπερ
3231 613 3326 666 καὶ
3355 615 3702 688 ἐπεγνώσθη,

2117 707 2198 768 εἰς
2240 703 2519 774 Ἐμμαοῦς
2548 703 2692 756 κλῶν
2715 703 2806 756 τὸν
2826 703 3009 774 ἄρτον,
3058 697 3133 756 ὧν
3160 703 3330 773 ψυχαὶ
3356 707 3458 758 καὶ
3485 708 3703 778 καρδίαι

2125 795 2412 864 καιόμεναι
2442 793 2754 864 ἐτύγχανον,
2809 795 2898 848 ὅτε
2933 795 3144 859 τούτοις
3196 795 3376 849 ἐλάλει
3403 798 3460 850 ὲν
3489 801 3553 869 τῇ
3576 799 3700 869 ὁδῷ,

2115 889 2208 940 καὶ
2228 887 2470 958 Γραφαῖς
2487 886 2831 956 ήρμήνευσεν
2854 886 2889 938 ά
2907 884 3138 954 ὑπέστη,
3163 885 3280 956 μεθ’
3305 878 3402 952 ὧν,
3437 886 3700 958 Ἠγέρθη,

2114 976 2428 1046 κράξωμεν,
2455 975 2613 1045 ὤφθη
2642 992 2701 1028 τε
2729 974 2822 1028 καὶ
2851 974 2928 1045 τῷ
2954 975 3165 1046 Πέτρῳ.

2197 1068 2386 1138 ’Υμνῶ
2429 1084 2524 1120 σου
2556 1067 2616 1120 τὸ
2645 1066 2953 1137 ἀμέτρητον
2991 1065 3161 1129 ἕλεος,
3217 1066 3418 1136 ποιητά
3459 1084 3582 1136 μου,
3617 1068 3700 1121 ὅτι

2115 1160 2312 1214 σαυτὸν
2361 1158 2668 1223 ἐκένωσας,
2733 1157 2828 1211 τοῦ
2879 1157 3108 1228 φορέσαι
3173 1158 3267 1211 καὶ
3320 1158 3491 1212 σῶσαι
3535 1158 3696 1226 φύσιν

2115 1251 2324 1323 βροτῶν
2367 1250 2736 1313 κακωθεῖσαν,
2785 1251 2880 1304 καὶ
2925 1249 3060 1314 Θεὸς
3089 1249 3165 1304 ὢν
3193 1251 3424 1322 ἠνέσχου
3453 1293 3468 1318 ,
3500 1253 3562 1306 ὲκ
3595 1253 3693 1323 τῆς

2111 1344 2283 1413 ἁγνῆς
2307 1342 2616 1407 Θεόπαιδος,
2674 1343 2796 1395 κατ’
2829 1342 2934 1412 ἐμὲ
2965 1341 3061 1395 τοῦ
3110 1342 3363 1409 γενέσθαι
3387 1385 3402 1409 ,
3434 1345 3525 1398 καὶ
3558 1361 3691 1396 κατ-

2114 1434 2288 1488 ελθεῖν
2314 1434 2506 1506 μέχρις
2531 1433 2682 1504 ᾅδου,
2711 1433 2878 1487 θέλων
2905 1451 2972 1504 με
2997 1434 3090 1488 τοῦ
3109 1436 3349 1504 σωθῆναι
3379 1435 3691 1508 πρεσϐείαις

2113 1525 2212 1596 τῆς
2233 1525 2501 1597 τεκούσης
2536 1541 2621 1591 σε,
2651 1524 2901 1579 Δέσποτα
2929 1525 3342 1597 πανοικτίρμον.

2439 1721 2716 1776 Ἐωθινὸν
2750 1725 2816 1785 e',
2855 1714 3007 1790 ἦχος
3043 1719 3300 1788 πλάγιος
3335 1717 3408 1773 α’.

2187 1814 2253 1867 Ὠ
2275 1813 2384 1867 τῶν
2418 1811 2596 1882 σοφῶν
2630 1829 2724 1866 σου
2759 1801 3065 1882 χριμάτων,
3100 1809 3326 1880 Χριστέ.
3355 1809 3480 1871 Πῶς
3502 1808 3693 1880 Πέτρῳ

2111 1905 2210 1975 μὲν
2241 1903 2354 1967 τοῖς
2385 1901 2611 1966 ὀθονίοις
2664 1904 2843 1974 μόνοις
2904 1902 3112 1985 ἔδωκας
3162 1900 3414 1971 ἐννοῆσαί
3460 1917 3554 1956 σου
3591 1901 3693 1972 τὴν

2108 1996 2424 2060 ἀνάστασιν,
2470 1997 2651 2068 Λουκᾷ
2698 1996 2754 2050 δὲ
2799 1995 2894 2050 καὶ
2950 1994 3170 2067 Κλεόπᾳ
3217 1994 3692 2065 συμπορευόμενος

2105 2083 2354 2158 ὡμίλεις,
2384 2089 2479 2143 καὶ
2522 2090 2728 2160 ὁμιλῶν
2759 2090 2859 2143 οὐκ
2931 2087 3133 2150 εὐθέως
3178 2086 3369 2140 ἑαυτὸν
3403 2087 3688 2156 φανεροῖςς

2106 2182 2190 2237 διδ
2240 2183 2334 2237 καὶ
2393 2181 2648 2252 ὀνειδίζῃ,
2675 2182 2753 2245 ὡς
2805 2179 2966 2251 μόνος
3011 2178 3296 2250 παροικῶν
3325 2180 3384 2232 ὲν
3421 2175 3691 2247 Ἰερουσα-

2109 2271 2245 2344 λὴμ,
2271 2271 2365 2326 καὶ
2394 2271 2468 2343 μὴ
2501 2270 2746 2342 μετέχων
2769 2271 2878 2324 τῶν
2909 2271 2966 2324 ἐν
2999 2271 3143 2324 τέλει
3177 2268 3563 2340 βουλευμάτων
3592 2268 3691 2320 αὐ-

2108 2361 2231 2433 τῆς.
2251 2361 2392 2415 Ἀλλ’
2416 2363 2444 2415 ὁ
2467 2361 2645 2415 πάντα
2678 2361 2814 2432 πρὸς
2843 2361 2904 2415 τὺ
2931 2361 3027 2415 τοῦ
3060 2361 3377 2429 πλάσματος
3413 2361 3692 2429 συμφέρον

2107 2453 2427 2524 οἰκονομῶν,
2451 2453 2546 2506 καὶ
2573 2452 2669 2517 τὰς
2707 2452 2836 2525 περὶ
2867 2455 2962 2507 σοῦ
2993 2452 3332 2524 προφητείας
3364 2450 3688 2515 άνέπτυξας,

2109 2543 2204 2598 καὶ
2233 2543 2292 2596 ὲν
2325 2543 2402 2614 τῷ
2439 2543 2683 2612 εὐλογεῖν
2728 2543 2820 2597 τὸν
2868 2542 3032 2613 ἄρτον
3066 2541 3344 2611 ἔγνώσθης
3379 2541 3583 2605 αὐτοῖς,
3615 2531 3691 2593 ὧν

2108 2637 2205 2691 καὶ
2256 2635 2361 2708 πρὸ
2411 2635 2602 2689 τούτου
2658 2635 2714 2689 αἱ
2749 2635 2966 2706 καρδίαι
3009 2634 3146 2703 πρὸς
3199 2632 3402 2702 γνῶσίν
3456 2647 3549 2685 σου
3591 2631 3688 2683 άν-

2113 2727 2424 2797 εφλέγοντο,
2481 2726 2531 2780 οἳ
2577 2727 2673 2781 καὶ
2717 2728 2831 2790 τοῖς
2883 2724 3152 2795 μαθηταῖς
3206 2722 3685 2794 συνηθροισμένοις

2107 2819 2206 2890 ἥδη
2254 2818 2465 2888 τρανῶς
2513 2817 2808 2889 ὲκὴρυττόν
2863 2834 2956 2871 σου
3007 2816 3105 2887 τὴν
3155 2815 3453 2870 ἀνάστασιν
3479 2830 3495 2847 ο
3535 2809 3691 2885 δι’ἦς

2111 2909 2335 2978 ἐλέησον
2367 2909 2534 2979 ἡμᾶς.

2557 3022 3129 3091 Ἕξαποστεινίάριον
3171 3019 3240 3086 ς’.

496 3083 542 3137 0
575 3083 844 3154 Salvator,
870 3091 962 3161 qui
997 3100 1049 3148 te
1098 3097 1373 3153 hominem
1413 3111 1608 3158 natura
1669 3119 1795 3163 esse
1840 3123 2000 3163 mon-

2175 3113 2443 3168 Δεικνύων
2460 3115 2542 3168 ὅτι
2581 3115 2889 3186 ἄνθρωπος,
2922 3114 3129 3186 Σῶτερ,
3160 3109 3214 3167 εἷ
3240 3113 3361 3167 κατ’
3391 3113 3600 3176 οὐσίαν,
3631 3112 3692 3165 ἒν

425 3177 693 3243 stravisti,
719 3186 773 3233 et
797 3188 952 3236 stans
982 3183 1126 3240 inter
1156 3188 1460 3259 discipulos
1488 3202 1612 3261 post
1633 3198 1999 3254 resurrectio-

334 3255 344 3264 ’
423 3279 546 3319 nem
566 3266 818 3334 docuisti,
853 3285 979 3326 cum
1021 3275 1102 3330 eis
1136 3293 1384 3341 vescene,
1425 3297 1457 3335 ο
1514 3284 1783 3352 baptisma
1825 3289 1999 3357 pmni-

421 3357 628 3423 tentia‘,
655 3361 746 3430 qui
780 3363 844 3417 ad
877 3365 1152 3421 cml‘estem
1181 3369 1395 3426 Patrem
1432 3385 1752 3446 assumptus
1807 3378 1876 3433 ab
1909 3380 2001 3434 illo

422 3450 750 3508 mittendum
801 3455 1140 3514 Paraclctum
1191 3465 1478 3520 nuntiasti.
1529 3468 1811 3525 Excellens
1859 3471 2002 3527 Deus

422 3541 610 3610 homo,
635 3547 807 3615 gloria
843 3559 949 3605 tua:
983 3557 1374 3611 resurrectioni
1408 3560 1420 3612 ξ

495 3632 679 3690 Mundi
724 3647 937 3695 creator
975 3653 1031 3698 et
1058 3648 1300 3701 oumium
1334 3665 1514 3705 rerum
1557 3651 1844 3721 Dominus,
1875 3670 1998 3710 car-

422 3739 548 3780 nem
581 3727 849 3785 viventem
907 3733 1137 3791 induens
1171 3754 1236 3792 ex
1285 3756 1423 3810 puro
1472 3751 1564 3799 tuo
1623 3747 1912 3817 sanguine,
1967 3763 2000 3803 ο

422 3821 773 3877 sanctissima
807 3823 993 3896 Virgo,
1025 3841 1339 3902 corruptam
1372 3844 1624 3890 naturam
1655 3853 1830 3893 meam
1871 3838 2000 3893 fun-

422 3912 574 3968 ditus
604 3917 911 3983 renovavit,
962 3935 1180 3984 rursus,
1215 3933 1273 3978 ut
1307 3935 1433 3981 ante
1477 3929 1843 3993 nativitatem,
1879 3939 2000 4002 post

420 4004 763 4062 nativitatem
788 4012 1092 4081 deponens.
1138 4011 1294 4069 Unde
1331 4015 1559 4074 ﬁdenter
1585 4007 1778 4076 omnes
1816 4031 1866 4076 te
1907 4023 2000 4078 be—

419 4093 725 4155 nedicimus
755 4101 1056 4159 clamantes
1083 4121 1098 4158 :
1131 4103 1335 4172 Gaude,
1387 4108 1724 4168 Dominatrix
1766 4115 1954 4169 mundi
1983 4116 1995 4168 !

729 4211 1059 4270 Matutinum
1100 4216 1154 4281 6,
1193 4225 1346 4274 tonus
1367 4221 1609 4292 obliquus
1633 4223 1689 4278 2.

492 4298 574 4353 Τιι
608 4317 739 4356 vere
767 4318 850 4366 es,
881 4303 1122 4368 Christe,
1171 4323 1275 4378 pax
1305 4309 1399 4365 Dei
1431 4328 1561 4381 erga
1597 4315 1868 4380 homines,
1900 4332 1998 4386 pa-

421 4405 543 4445 cem
575 4399 726 4446 tuam
761 4403 885 4462 post
933 4401 1397 4455 resurrectionem
1435 4401 1726 4474 discipulis
1771 4408 1992 4477 dedisti,

420 4482 657 4552 illosque
698 4486 989 4549 ostendisti
1045 4491 1290 4556 territos,
1337 4501 1592 4562 putantes
1631 4513 1692 4552 se
1741 4501 1994 4568 spiritum

419 4573 629 4630 videre.
665 4575 770 4633 Sed
797 4593 862 4631 ex
891 4579 1109 4636 illorum
1142 4584 1417 4641 mentibus
1446 4595 1706 4645 terrorem
1743 4590 2000 4661 depulisﬁ

420 4669 587 4737 pedes
605 4680 658 4724 et
681 4687 876 4727 manus
900 4674 1228 4741 ostendens;
1251 4685 1624 4748 praetereaque
1653 4681 1895 4737 nondum
1935 4683 2000 4737 li-

419 4760 701 4826 dentibus,
723 4780 865 4820 esca:
900 4765 1322 4836 participatione
1344 4769 1722 4843 doctrinaeque
1747 4776 2002 4835 recorda-

420 4850 568 4905 tione
599 4863 808 4910 mentes
831 4857 896 4910 ad
929 4858 1342 4928 Intelligendum
1369 4860 1685 4931 Scripturas
1713 4865 1997 4934 aperuisti.

419 4940 711 5012 Postquam
739 4955 918 5000 autem
953 4947 1216 5018 Spiritum
1251 4965 1280 5004 a
1312 4950 1474 5007 Patre
1509 4955 1834 5010 mittendum
1873 4973 2002 5027 pro-

418 5032 692 5098 misivsses,
741 5035 848 5091 illis
904 5037 1232 5097 benedixisti
1279 5050 1332 5097 et
1378 5045 1442 5098 ad
1487 5047 1686 5100 coelum
1741 5048 2000 5118 abreptus

417 5139 499 5183 cs.
535 5123 661 5188 ideo
694 5141 819 5182 cum
853 5129 962 5184 illis
1003 5131 1298 5188 adoramus
1338 5144 1423 5201 te;
1461 5138 1637 5213 gloria
1674 5139 1794 5201 tibi,
1841 5140 2000 5197 Chri-

419 5224 502 5272 ste
521 5217 537 5271 i

941 5337 1421 5406 Exaposleilarium
1456 5344 1505 5397 7.

488 5426 626 5490 Quia
656 5427 946 5484 Dominum
971 5433 1292 5502 diligebant,
1319 5452 1382 5489 ex
1411 5438 1569 5492 dictis
1597 5439 1778 5494 Maria:
1810 5445 1874 5497 ad
1906 5459 1996 5498 se-

420 5519 671 5585 pulcrum
700 5535 1067 5578 cucurrerunt
1105 5525 1295 5581 Simon
1335 5527 1529 5584 Petrus
1559 5540 1615 5585 ct
1654 5534 1797 5589 alius
1829 5551 1991 5605 quem

419 5607 640 5660 amabat
665 5607 922 5665 Christus
953 5613 1284 5685 discipulus.
1328 5618 1611 5676 Venerunt
1642 5624 1972 5680 invenerunt

426 5708 534 5763 que
607 5699 952 5758 solummodo
1019 5705 1236 5766 linteola
1300 5709 1450 5766 intus
1525 5727 1741 5782 sparsa:
1799 5717 1996 5786 capitis

2108 3206 2258 3277 μέσῳ
2305 3204 2435 3270 στὰς
2480 3205 2781 3268 ἐδίδασκες,
2819 3203 3058 3266 ἀναστὰς
3103 3204 3168 3257 ἐκ
3212 3201 3308 3256 τοῦ
3353 3202 3563 3270 τάφου,
3596 3202 3690 3256 καὶ

2107 3296 2361 3368 βρώσεως
2417 3295 2818 3366 συμμετέσχες,
2851 3295 3136 3365 βάπτισμα
3175 3293 3462 3361 μετανοίας
3486 3309 3500 3322 θ
3530 3291 3688 3353 εὐθὺς

2102 3388 2158 3441 δὲ
2191 3387 2326 3457 πρδς
2355 3385 2605 3456 οὐράνιον
2632 3384 2942 3455 άνελήφθης
2999 3383 3238 3456 Πατέρα,
3291 3383 3386 3437 καὶ
3418 3382 3688 3454 μαθηταῖς

2105 3481 2343 3550 πέμπεις
2388 3479 2479 3532 τὸν
2529 3476 2886 3547 Παράκλητον
2952 3475 3012 3528 ὃν
3063 3475 3410 3546 ὲπηγγείλω’
3455 3471 3690 3543 ύπέρθεε

2103 3570 2441 3641 θεάνθρωπε,
2467 3569 2594 3634 δόξα
2621 3571 2688 3640 τῇ
2726 3570 2790 3638 σῇ
2825 3567 3061 3638 ὲγέρσει.

2185 3661 2245 3716 '0
2275 3661 2506 3732 ποιητὴς
2535 3660 2634 3729 τῆς
2670 3660 2902 3723 κτίσεως
2921 3701 2934 3724 ,
2973 3659 3067 3712 καὶ
3093 3659 3225 3720 Θεὸς
3271 3657 3379 3710 τῶν
3409 3655 3687 3720 ἁπάντων,

2105 3755 2287 3826 σάρκα
2323 3753 2570 3824 βροτείαν
2607 3752 2799 3807 ἐλαϐεν
2845 3751 2907 3815 ἐξ
2956 3750 3242 3822 ἀχράντων
3275 3748 3525 3818 αἱμάτων
3572 3765 3690 3813 σου,

2102 3846 2342 3914 παναγία
2377 3844 2640 3917 Παρθένε,
2672 3844 2766 3899 καὶ
2802 3842 3100 3914 φθαρεῖσάν
3164 3859 3264 3914 μου
3306 3841 3433 3912 ὅλην
3463 3839 3560 3910 τὴν
3591 3839 3692 3908 φύ-

2105 3957 2188 3992 σιν
2218 3937 2614 4009 ὲκαινούργησε
2679 3937 2842 3991 πάλιν
2869 3936 2944 4000 ὡς
2975 3935 3082 4006 πρὸ
3111 3934 3208 3988 τοῦ.
3235 3935 3396 3997 τόκου
3422 3977 3436 3999 ,
3470 3932 3694 3987 καταλι-

2105 4032 2224 4086 πὼν
2255 4031 2393 4102 μετὰ
2421 4030 2602 4095 τόκον,
2627 4029 2748 4084 ὅθεν
2777 4029 2986 4092 πιστῶς
3012 4045 3071 4081 σε
3094 4028 3295 4091 πάντες
3345 4023 3694 4100 ἀνευφημοῦε

2105 4137 2204 4198 μεν
2231 4121 2546 4190 κράζοντες·
2567 4122 2761 4191 Χαῖρε,
2794 4119 3064 4172 Δέσποινα
3096 4118 3326 4189 κόσμου.

2391 4230 2670 4284 Ἐωθινὸν
2723 4228 2800 4293 ς’,
2842 4225 2994 4298 ἦχος
3033 4226 3289 4296 πλάγιος
3320 4227 3368 4291 ,ϐ
3390 4266 3405 4280 .

2186 4321 2252 4375 Ἥ
2299 4321 2468 4385 ὅντως
2518 4322 2709 4393 εἰρήνη
2759 4321 2858 4386 σὺ,
2902 4319 3140 4390 Χριστὲ,
3193 4319 3329 4388 πρὸς
3369 4317 3689 4388 ἀνθρώπους

2103 4414 2261 4477 Θεοῦ,
2292 4415 2515 4485 εἰρήνην
2546 4413 2641 4484 τὴν
2676 4412 2774 4484 σὴν
2800 4412 2995 4477 διδοὺς,
3030 4411 3167 4482 μετά
3194 4410 3290 4481 τὴν
3325 4409 3545 4479 ἔγερσιν
3585 4427 3688 4481 μα-

2105 4506 2297 4577 θηταῖς
2353 4505 2626 4575 ὲμφόϐους
2657 4503 2864 4569 ἔδειξας
2907 4503 3126 4568 αὐτοὺς,
3161 4501 3422 4569 δόξαντας
3471 4501 3689 4571 πνεῦμα

2099 4599 2252 4670 όρᾷνο
2285 4598 2418 4651 ἀλλᾶ
2450 4597 2802 4658 κατέστειλας
2858 4595 2951 4648 τὸν
2980 4593 3220 4664 τάραχον
3247 4592 3426 4647 αὐτῶν
3456 4592 3557 4661 τῆς
3585 4591 3689 4660 ψυ-

2101 4691 2223 4761 χῆς,
2247 4689 2424 4756 δείξας
2453 4690 2549 4754 τὰς
2567 4692 2750 4760 χεῖρας
2777 4689 2870 4742 καὶ
2900 4688 3027 4752 τοὺς
3056 4688 3224 4749 πόδας
3254 4701 3368 4738 σου·
3397 4685 3537 4757 πλὴν
3557 4685 3688 4737 ἀπι-

2103 4783 2371 4836 στούντων
2404 4781 2506 4846 ἔτι,
2539 4784 2603 4852 τῇ
2640 4784 2737 4852 τῆς
2791 4780 2997 4850 τροφῆς
3043 4777 3341 4850 μεταλήψει
3399 4778 3494 4830 καὶ
3543 4776 3688 4830 διδα-

2102 4871 2213 4942 χῶν
2256 4873 2557 4942 ἀναμνήσει
2589 4869 2859 4938 διήνοιξας
2910 4870 3090 4923 αὐτῶν
3117 4869 3206 4922 τὸν
3232 4868 3357 4922 νοῦν
3379 4867 3475 4920 τοῦ
3508 4866 3684 4920 συνιέ.

2101 4982 2188 5018 ναι
2215 4964 2314 5028 τὰς
2343 4965 2586 5036 Γραφὰς,
2613 4959 2694 5028 οἷς
2742 4965 2835 5017 καὶ
2886 4965 2986 5032 τὴν
3022 4961 3304 5033 Πατρικὴν
3352 4957 3687 5030 ἐπαγγελίαν

2103 5054 2604 5126 καθυποσχόμενος,
2627 5056 2720 5109 καὶ
2745 5055 3045 5125 εὐλογήσας
3069 5052 3287 5116 αὐτοὺς,
3307 5051 3525 5122 διέστης
3552 5050 3686 5120 πρὸς

2101 5149 2352 5220 οὐρανόν·
2402 5147 2480 5201 διὸ
2527 5149 2624 5202 σὺν
2675 5148 2860 5211 αὐτοῖς
2906 5143 3324 5218 προσκυνοῦμέν
3357 5161 3449 5206 σε,
3488 5141 3682 5212 Κύριε,

2103 5241 2229 5305 δόξα
2273 5258 2376 5295 σοι.

2559 5353 3132 5421 Ἐξαποστειλάριον
3173 5353 3244 5413 ζ’.

2175 5447 2296 5500 ’Ότι
2328 5442 2467 5516 ἦραν
2496 5447 2587 5499 τὸν
2622 5445 2845 5515 Κύριον,
2884 5447 2982 5515 τῆς
3015 5445 3234 5516 Μαρίας
3265 5443 3559 5512 ειπούσης,
3593 5442 3682 5493 ἐπὶ

2101 5541 2192 5593 τὸν
2222 5541 2390 5609 τάφον
2423 5540 2656 5609 ἔδραμον
2684 5541 2864 5608 Σίμων
2892 5539 3100 5608 Πέτρος
3132 5538 3225 5590 καὶ
3279 5536 3437 5600 ἄλλος
3469 5537 3679 5604 μύστης

2101 5629 2334 5699 Χριστοῦ
2358 5628 2416 5682 ὃν
2459 5630 2649 5699 ἠγάπα
2682 5646 2696 5660 ·
2727 5629 2946 5702 ἔτρεχον
2974 5628 3031 5681 δὲ
3062 5629 3109 5679 oi
3138 5625 3265 5686 δύο,
3297 5627 3393 5678 καὶ
3426 5620 3582 5695 εὗρον
3613 5626 3678 5673 τὰ

2102 5720 2300 5787 ὀθόνια,
2333 5719 2481 5774 ἔνδον
2526 5718 2752 5790 κείμενα
2785 5719 2940 5789 μόνα,
2974 5716 3069 5771 καὶ
3114 5714 3358 5787 κεφαλῆς
3415 5711 3484 5785 ἦν
3523 5711 3580 5770 δὲ
3622 5712 3680 5763 τὸ
