4084 6478
516 322 620 391 305

1723 314 2004 379 PRECES
2044 317 2475 379 LITURGICIE

3687 325 3793 389 306

520 435 804 506 σουδαριον
845 431 1016 504 χωρὶς
1060 428 1305 495 τούτων,
1356 426 1438 480 διὸ
1481 426 1641 480 πάλιν
1671 426 1977 498 ἡσύχασαν,
2008 425 2097 480 τδν

2216 429 2345 483 :nim
2373 428 2655 484 sudarium
2691 430 2851 500 longe
2904 440 3024 488 erat
3070 440 3365 490 semotum.
3446 434 3794 505 Quapropter

522 525 759 599 Χριστὸν
794 525 901 587 ἓως
936 520 1096 575 εἶδον.

591 615 825 686 Μεγάλα
850 614 946 670 καὶ
994 609 1274 681 παράδοξα
1318 608 1384 662 δι’
1419 608 1519 680 ἐμὲ
1550 607 1923 680 κατειργάσω,
1966 607 2102 676 Χρι-

523 711 615 765 στέ
646 725 747 779 μου
784 704 1039 760 πολυέλεε
1066 720 1077 732 ·
1112 704 1174 754 ἐκ
1203 698 1480 771 Παρθένου
1509 699 1617 769 γὰρ
1677 699 1847 769 κόρης
1880 697 2104 767 ἐτέχθης

522 796 945 871 ἀνερμήνεύτως
969 834 982 854 ,
1014 791 1108 844 καὶ
1143 788 1373 861 σταυρὸν
1411 786 1702 852 κατεδέξω,
1737 786 1831 839 καὶ
1878 785 2106 839 θάνατον

525 887 861 959 ὑπομείνας,
885 872 1180 950 ἐξανέστης
1218 882 1274 933 ὲν
1308 878 1454 952 δόξῃ,
1486 878 1583 930 καὶ
1606 878 1704 944 τήν
1731 876 1888 947 ήμῶν
1944 874 2107 945 φύσιν

523 978 906 1051 ἡλευθέρωσας
954 973 1049 1027 τοῦ
1105 971 1334 1025 θανάτου
1363 986 1376 1001 ο
1409 967 1559 1036 δόξα,
1586 968 1813 1040 Χριστὲ,
1863 970 1931 1039 τῇ
1980 967 2110 1038 δόξῃ

528 1090 647 1138 σου,
680 1070 809 1136 δόξα
835 1071 902 1139 τῇ
930 1067 995 1137 σῇ
1025 1064 1277 1134 δυνάμει.

893 1155 1182 1211 Ἐωθινὸν
1220 1152 1294 1219 ζ’,
1334 1149 1487 1223 ἦχος
1539 1150 1754 1220 βαρύς.

595 1252 727 1307 Ἰδοὺ
761 1249 951 1305 σκοτία
981 1248 1074 1301 καὶ
1126 1245 1291 1317 πρωῒ,
1337 1246 1430 1297 καὶ
1478 1244 1531 1297 τε
1558 1243 1695 1315 πρὸς
1728 1243 1790 1295 τὸ
1826 1243 2109 1313 μνημεῖον,

529 1343 740 1411 Μαρία,
789 1340 1051 1408 ἕστηκας,
1088 1333 1223 1388 πολὺ
1281 1333 1469 1394 σκότος
1496 1331 1693 1401 ἔχουσα
1729 1331 1847 1391 ταῖς
1898 1327 2108 1398 φρεσὶν,

531 1614 805 1684 σουδαρίῳ
856 1610 955 1680 τὴν
981 1608 1280 1662 ἀνάστασιν
1310 1604 1709 1688 ὲτεκμήραντο,
1733 1601 1840 1688 καὶ
1873 1600 2111 1688 ἀνεμνή-

2205 518 2260 573 in
2298 534 2458 589 prece
2481 532 2801 579 manserunt
2830 524 3004 580 donec
3032 524 3309 581 Christum
3345 526 3617 582 viderent.

2276 610 2471 683 Magna
2497 622 2553 669 et
2592 615 2937 672 incredibilia
2983 626 3208 687 propter
3244 634 3330 673 me
3361 626 3624 689 operatus
3652 634 3735 680 es.
3757 636 3793 668 ο

2206 702 2462 759 Christe!
2502 706 2596 775 qui
2625 723 2710 762 me
2764 724 3094 779 magnopere
3125 711 3420 767 miseratus
3439 727 3515 767 es.
3551 711 3629 765 Ex
3656 728 3791 781 pura

2210 795 2359 851 enim
2392 794 2618 869 Virgine
2674 800 2933 855 inell’abili
2977 803 3231 872 prodigio
3282 804 3523 873 genitus,
3570 820 3793 859 crucem
3836 830 3839 831 ν
3896 856 3899 859 .

2210 886 2492 956 accepisti,
2526 897 2756 944 mortem
2795 891 3013 947 subiisti
3070 904 3125 948 et
3153 895 3207 948 iu
3261 896 3436 965 gloria
3476 896 3787 959 surrexisti,

2212 984 2468 1032 naturam
2523 980 2827 1039 redimens.
2875 983 3085 1053 Gloria,
3136 986 3381 1052 Christe,
3413 988 3604 1057 gloria:
3639 993 3790 1043 tuae!

2212 1068 2470 1137 potestati
2504 1075 2611 1123 tuae
2634 1070 2804 1139 gloria
2830 1073 2846 1125 ί

2587 1159 2917 1215 Matutinum
2945 1162 2998 1228 7,
3032 1171 3185 1218 tonus
3211 1166 3412 1234 gravis.

2285 1248 2425 1305 Ecce
2447 1251 2689 1307 nondum
2716 1254 3015 1308 diluculum
3046 1272 3059 1307 :
3095 1270 3214 1318 cur,
3245 1255 3435 1320 Maria,
3464 1258 3720 1313 tenebras
3740 1258 3794 1311 in

2214 1340 2379 1395 corde
2412 1352 2775 1411 gerens,.stas
2839 1344 2907 1399 ad
2953 1354 3393 1411 monumentum,
3424 1356 3478 1401 et
3508 1350 3711 1414 quaeris
3740 1350 3793 1402 in

2216 1445 2323 1501 qua
2356 1441 2507 1499 parte
2537 1432 2699 1489 Jesus
2731 1434 3236 1505 fueritdepositus?
3275 1436 3380 1492 Sed
3408 1440 3532 1494 vide
3556 1454 3798 1495 concur-

2216 1528 2403 1577 rentes
2434 1520 2756 1591 discipulos,
2788 1524 3065 1592 quomodo
3104 1539 3175 1579 ex
3219 1526 3461 1581 linteolis
3490 1535 3546 1581 et
3575 1528 3798 1583 sudario

2218 1612 2683 1667 resurrectionem
2717 1614 3079 1684 conjecerint,
3111 1614 3466 1686 Scripturaru
3479 1634 3525 1679 m_
3551 1618 3622 1673 ad
3644 1619 3796 1673 illum

531 1680 740 1773 σθησαν
767 1680 867 1771 τῆς
898 1696 1025 1770 περὶ
1054 1696 1243 1750 τούτου
1274 1680 1542 1764 Γραφῆς·’
1559 1691 1678 1762 μεθ’
1724 1682 1798 1744 ὧν
1824 1689 1919 1743 καὶ
1948 1689 2016 1742 δι’
2039 1680 2118 1742 ὧν

2219 1704 2586 1772 spectantium
2618 1705 2997 1761 recordantes.
3032 1706 3169 1761 Cum
3213 1707 3324 1763 illis
3349 1720 3402 1763 et
3431 1724 3528 1778 per
3549 1709 3673 1765 illos
3699 1725 3803 1764 nos

529 1763 805 1867 stabiliret;
826 1763 1227 1853 ’πιστεύσαντες
1256 1784 1603 1861 ἁγυμνοῦμέν
1630 1799 1690 1836 σε
1726 1783 1815 1837 τὸν
1845 1780 2111 1851 ζωοδότην

2216 1809 2435 1865 quoque
2459 1810 2583 1849 cum
2612 1794 2713 1852 (ille
2749 1805 2801 1852 te
2829 1797 3176 1854 celebramus
3221 1763 3457 1857 canticis
3487 1802 3613 1856 vitae
3641 1801 3803 1856 Chri-

528 1887 788 1960 Χριστόν.

991 1973 1561 2041 Ἐξαποοντειλάριον
1597 1977 1670 2039 η’.

598 2072 703 2126 Δύο
752 2070 1015 2140 ἀγγέλους
1062 2068 1309 2139 βλέψασα
1370 2065 1580 2119 ἔνδοθεν
1659 2063 1754 2117 τοῦ
1842 2065 2112 2136 μνημείου

531 2166 722 2235 Μαρία
739 2162 1114 2233 ἐξεπλήττετο,
1133 2162 1227 2215 καὶ
1249 2162 1292 2214 Χ
1303 2160 1482 2231 ριστὸν
1499 2156 1788 2227 ἀγνοοῦσα,
1809 2158 1883 2223 ῶς
1900 2176 2110 2231 κηπου-

539 2257 631 2327 ρδν
660 2253 916 2326 ἐπηρώτα
938 2269 951 2282 ·
1002 2251 1198 2321 Κύριε,
1236 2251 1339 2303 ποῦ
1368 2249 1429 2302 τὸ
1460 2248 1616 2319 σῶμα
1663 2247 1757 2301 τοῦ
1803 2247 1978 2318 Ἰησοῦ
2012 2264 2113 2319 μου

544 2347 831 2411 ageam“
866 2345 1070 2415 Κλήσει
1096 2343 1151 2396 δὲ
1201 2340 1388 2396 τοῦτον
1420 2339 1622 2408 γνοῦσα
1660 2334 1796 2394 εἶναι
1840 2339 2002 2393 αὑτὸν
2024 2340 2114 2393 τὸν

543 2435 789 2508 Σωτῆρα,
819 2437 1017 2507 ἤκουσε
1053 2451 1067 2465 ·
1107 2435 1200 2497 Μή
1238 2451 1341 2504 μου
1375 2432 1570 2496 ἆπτου,
1603 2430 1740 2501 πρὸς
1769 2430 1863 2485 τὸν
1894 2432 2117 2504 Πατέρα

533 2528 752 2598 ἄπειμι,
786 2528 906 2581 είπὲ
935 2528 1048 2591 τοῖς
1074 2526 1322 2597 ἀδελφοῖς
1358 2543 1481 2597 μου.

601 2620 853 2692 Τριάδος,
873 2620 1047 2692 Κόρη,
1064 2620 1287 2683 τέτοκας
1307 2621 1631 2693 ἀπορρήτους
1647 2620 1738 2673 τδν
1760 2619 1874 2684 ἕνα,
1896 2616 2117 2673 διπλοῦν

531 2716 597 2785 τῇ
634 2714 794 2784 φύσει
822 2714 1071 2777 πέλοντα,
1105 2713 1200 2766 καὶ
1227 2711 1448 2765 διπλοῦν
1473 2711 1724 2784 ἐνεργείᾳ
1743 2754 1758 2778 ,
1794 2710 1889 2765 καὶ
1922 2711 2017 2764 ἕνα
2048 2714 2113 2782 τῇ

534 2806 854 2860 ύποστάσεν
892 2803 1080 2858 τοῦτον
1109 2799 1201 2858 οὖν
1234 2803 1539 2859 ἐκδυσώπει
1579 2804 1665 2857 ἀεὶ
1717 2803 1857 2874 ὑπὲρ
1887 2802 1995 2856 τῶν
2027 2802 2117 2856 πί-

539 2915 652 2951 στει
723 2896 1213 2965 προσκυνούντων,
1274 2896 1340 2950 ἐκ
1398 2895 1580 2966 πάσης
1664 2895 1958 2965 ἐπιϐουλῆς
2022 2895 2115 2949 τοῦ

540 2989 730 3060 ἐχθροῦ
764 2988 1182 3061 λυτρώσασθαιο
1215 2989 1294 3043 ὅτι
1324 2988 1524 3052 πάντες
1554 2988 1691 3060 πρδς
1730 2988 1789 3042 σὲ
1820 2987 1914 3041 νῦν
1944 3006 2115 3043 κατα-

540 3081 827 3154 φεύγομεν,
864 3081 1129 3135 Δέσποινα
1157 3081 1409 3135 Θεοτόκε.

822 3176 1112 3229 Ἐωθινὸν
1147 3174 1222 3240 η’,
1260 3169 1413 3244 ἦχος
1474 3175 1730 3242 πλάγιος
1758 3173 1827 3243 γ’.

606 3264 687 3318 Τά
715 3266 815 3336 τῆς
843 3264 1064 3335 Μαρίας
1091 3264 1300 3333 δάκρυα
1336 3262 1397 3316 ού
1451 3263 1628 3333 μάτην
1652 3265 1826 3332 χεῖται
1856 3262 2073 3334 θερμῶς
2096 3278 2115 3293 ο

540 3360 651 3414 ἰδοὺ
685 3359 795 3429 γὰρ
826 3357 1184 3428 κατηξίωται,
1210 3358 1305 3411 καὶ
1338 3357 1700 3412 διδασκόντων
1730 3356 1996 3424 ἀγγέλων,
2019 3356 2116 3425 τῆς

534 3451 710 3520 ὅψεως
755 3448 920 3504 αὐτοῦ
969 3448 1064 3501 τοῦ
1100 3448 1299 3517 ἰησοῦο
1325 3447 1437 3500 ἀλλ’
1467 3447 1547 3500 ἐτι
1598 3448 1865 3516 πρόσγεια
1908 3449 2114 3517 φρονεῖ,

536 3537 626 3596 οἷα
670 3540 807 3611 γυνὴ
853 3539 1105 3608 ἀσθενὴς.
1139 3537 1218 3591 διὸ
1248 3539 1343 3591 καὶ
1377 3537 1770 3607 ἀποπέμπεται
1820 3538 1895 3606 μὴ
1950 3553 2118 3606 προσ-

537 3632 744 3702 ψαῦσαι
773 3632 1015 3703 Χριστῷ,
1048 3632 1164 3685 ἀλλ’
1186 3633 1335 3701 ὅμως
1359 3629 1537 3701 κήρυξ
1562 3630 1840 3699 πέμπεται
1868 3632 1981 3691 τοῖς
2008 3631 2119 3693 σοῖς

541 3727 831 3795 μαθηταῖς.
865 3717 963 3786 Οἷς
1005 3724 1303 3792 εὐαγγέλια
1340 3722 1510 3792 ἔφησε
1533 3761 1548 3785 ,
1594 3722 1694 3791 τὴν
1725 3721 1861 3790 πρὸς
1895 3720 1986 3773 τὸν
2017 3738 2122 3773 παπ

536 3817 713 3889 τρῷον
740 3817 939 3888 κλῆρον
959 3816 1142 3870 ἄνοδον
1167 3815 1608 3884 ἀπαγγέλλουσα,
1635 3813 1757 3884 μεθ’
1788 3808 1857 3884 ἦς
1889 3811 2121 3877 ἀξίωσον

540 3909 633 3963 καὶ
666 3909 811 3978 ἡμᾶς
839 3907 937 3977 τῆς
969 3906 1267 3976 ἐμφανείας
1305 3922 1420 3970 σου,
1451 3905 1695 3956 Δέσποτα
1722 3902 1916 3972 Κύριε.

993 3994 1564 4062 Ἐξαποστειλὰριον
1603 3994 1674 4050 θ’.

611 4091 1147 4161 Συγκεκλεισμένων,
1180 4088 1447 4145 Δέσποτα,
1466 4085 1574 4139 τῶν
1611 4084 1792 4157 θυρῶν
1824 4086 1899 4149 ὡς
1942 4086 2123 4156 εἰσῆλ-

541 4182 653 4246 θες,
676 4184 803 4246 τοὺς
830 4181 1160 4242 ἀποστόλους
1198 4178 1440 4247 ἕπλησας
1482 4178 1797 4247 Πνεύματος
1830 4177 2121 4245 παναγίου,

541 4273 832 4345 εἰρηνικῶς
866 4273 1207 4342 ἐμφυσήσεις.
1244 4264 1342 4333 Οἷς
1374 4269 1592 4339 δεσμεῖν
1624 4285 1687 4322 τε
1715 4269 1813 4321 καὶ
1838 4269 1986 4321 λύειν
2026 4269 2125 4332 τάς

538 4366 814 4438 ἁμαρτίας
847 4366 1111 4434 εἴρηκας,
1154 4365 1247 4416 καὶ
1292 4361 1435 4415 ὀκτὼ
1478 4360 1594 4431 μεθ’
1628 4362 1840 4431 ἡμέρας
1893 4361 1996 4432 τὴν
2029 4361 2126 4429 σὴν

2214 1893 2360 1941 stum
2390 1887 2735 1944 donatorem.

2727 1977 3217 2047 Exaposteilarium
3252 1980 3304 2036 8.

2284 2070 2506 2127 Duobus
2549 2071 2759 2143 angelis
2805 2072 2950 2127 intra
2989 2084 3403 2132 monumentum
3466 2078 3799 2146 conspectis,

2214 2162 2389 2216 Maria
2421 2162 2613 2218 territa
2641 2174 2747 2229 est,
2807 2163 3203 2237 Christumque
3250 2183 3362 2223 non
3395 2184 3702 2239 agnoscens
3731 2170 3801 2223 il-

2216 2255 2327 2311 lum
2357 2257 2713 2311 hortulanum
2745 2265 2948 2329 putans
2970 2258 3327 2331 interrogavit
3358 2278 3373 2315 :
3406 2262 3511 2318 Ubi
3538 2263 3642 2317 mei
3668 2261 3797 2318 Jesu

2216 2361 2422 2416 corpus
2451 2346 2807 2418 deposuisti?
2855 2348 3237 2419 Appellation'e
3293 2365 3428 2407 vero
3490 2366 3800 2423 agnoscens

2190 2438 2557 2495 .Salvatorem
2609 2437 2786 2493 audiit
2822 2438 3141 2511 (dicentem)
3176 2458 3190 2494 :
3222 2439 3346 2495 Noli
3392 2457 3480 2497 me
3530 2450 3799 2515 tangere;

2216 2529 2353 2584 abeo
2379 2527 2447 2583 ad
2480 2527 2695 2583 Patrem
2726 2547 2740 2584 :
2775 2526 3038 2585 fratribus
3060 2530 3196 2585 meis
3226 2533 3513 2586 annuntia.

2289 2618 2466 2674 Unam
2526 2618 2844 2685 Trinitatis,
2900 2636 2933 2675 ο
2982 2620 3176 2693 Virgo,
3231 2623 3486 2693 prodigio
3539 2623 3799 2679 inelTabili

2219 2727 2513 2785 personam
2540 2711 2805 2783 genuisti,
2852 2721 3049 2769 natura
3080 2712 3304 2784 quidem
3340 2723 3397 2771 et
3455 2716 3655 2771 virtute
3699 2715 3801 2771 du-

2218 2805 2441 2874 plicem,
2477 2805 2760 2875 hypostasi
2791 2814 2975 2861 autem
3000 2820 3185 2860 unam.
3228 2804 3383 2861 Illum
3418 2823 3549 2877 ergo
3583 2824 3800 2877 semper

2190 2948 2191 2953 η
2217 2911 2317 2966 pro
2346 2894 2602 2950 omnibus
2633 2895 2993 2951 adorantibus
3023 2896 3077 2951 in
3114 2895 3219 2951 [ide
3246 2910 3497 2967 precare,
3530 2907 3589 2951 ut
3614 2912 3709 2952 eos
3737 2898 3806 2952 ab

2218 2988 2474 3043 omnibus
2503 2988 2709 3043 inimici
2742 2988 2961 3044 insidiis
2984 2988 3201 3043 liberet.
3227 2986 3416 3047 Itaque
3468 2990 3537 3044 ad
3570 2998 3623 3043 te
3657 3006 3804 3044 nunc

2138 3104 2183 3162 α
2218 3080 2586 3152 confugimus,
2615 3079 2840 3135 Domina
2873 3078 2965 3135 Dei
2996 3079 3270 3136 Genitrix.

2534 3173 2857 3227 Matutinum
2890 3171 2945 3237 8,
2983 3181 3133 3227 tonus
3162 3173 3403 3244 obliquus
3429 3175 3480 3229 5.

2286 3263 2404 3321 Non
2436 3264 2645 3321 frustra
2689 3264 2859 3320 Maria
2914 3264 3176 3320 ardentes
3229 3266 3506 3337 lacrymas
3529 3264 3807 3322 effundit:

2185 3373 2346 3415 .ecce
2374 3357 2519 3413 enim
2556 3357 2719 3429 digna
2753 3359 3006 3423 elﬁcitur,
3054 3357 3379 3412 docentibus
3423 3358 3655 3427 angelis,
3685 3373 3809 3427 quae

2218 3448 2410 3505 Jesum
2470 3449 2651 3519 ipsum
2700 3449 2903 3504 videat.
2952 3447 3154 3503 Verum
3205 3448 3458 3512 humilia,
3503 3450 3689 3517 qualia
3726 3450 3808 3503 iu-

2192 3542 2379 3613 ‘lirma
2412 3541 2628 3607 mulier,
2658 3540 2826 3596 sentit
2858 3556 2923 3595 ex
2971 3554 3038 3594 eo
3086 3541 3234 3610 quod
3274 3557 3341 3597 ne
3368 3540 3647 3595 Christum
3684 3547 3807 3593 tan-

2220 3644 2311 3706 gat
2351 3647 2659 3691 amovetur.
2698 3634 2805 3689 Sed
2878 3634 3044 3688 simul
3114 3633 3305 3689 nuntia
3356 3632 3643 3702 discipulis
3699 3633 3810 3687 tuis

2222 3724 2477 3778 mittitur.
2553 3723 2767 3789 Quibus
2818 3721 2997 3778 fausta
3028 3737 3189 3789 ,voce
3241 3723 3385 3777 viam
3419 3722 3487 3777 ad
3523 3732 3808 3794 paternam

2223 3815 2605 3872 haereditatem
2638 3814 2925 3884 praedicat.
2961 3815 3096 3870 Cum
3131 3830 3240 3885 qua
3268 3825 3323 3870 et
3356 3829 3459 3869 nos
3486 3813 3810 3870 manifesta-

2223 3908 2376 3963 tione
2409 3916 2502 3962 tua
2533 3907 2732 3977 dignos
2763 3906 2990 3972 habeas,
3015 3905 3245 3969 Domine
3274 3907 3288 3960 ι

2713 3994 3205 4063 Emaposteilarium
3233 3995 3288 4049 9.

2295 4087 2534 4149 Clausis,
2561 4102 2594 4141 ο
2640 4084 2892 4149 Domine,
2947 4084 3124 4153 portis
3170 4084 3454 4153 ingressus
3526 4085 3810 4151 apostolos

2192 4181 2429 4251 spiritu
2487 4179 2672 4234 omnis
2722 4174 3039 4232 sanctitatis
3073 4171 3376 4241 replevisti,
3419 4172 3647 4242 pacilice
3694 4175 3812 4227 sul-

2228 4273 2368 4329 ﬂans
2396 4274 2491 4340 (l).
2536 4270 2645 4326 Eos
2676 4270 2844 4339 ligare
2877 4276 2931 4322 et
2960 4268 3176 4323 solvere
3204 4276 3431 4334 peccata
3466 4263 3723 4332 jussisti.;
3753 4274 3809 4319 et

2233 4375 2358 4436 post
2391 4374 2516 4419 octo
2548 4363 2669 4419 dies
2698 4363 2842 4415 latus
2894 4373 3199 4428 manusque
3240 4356 3464 4411 Thema:
3498 4356 3814 4423 ostendisti.

542 4459 784 4529 πλευρὰν
834 4456 911 4527 τῷ
940 4457 1109 4526 Θωμᾷ
1134 4454 1420 4518 ὑπέδειξας
1444 4454 1536 4505 καὶ
1552 4455 1647 4515 τὰς
1670 4456 1857 4523 χεῖρας
1877 4468 1889 4480 ⁸
1927 4452 2045 4522 μεθ’
2067 4447 2118 4506 οἷ

2250 4455 2496 4522 Quocum
2527 4454 2833 4508 clamamus
2868 4467 2881 4504 :
2936 4448 3015 4504 Tu
3044 4449 3312 4505 Dominus
3343 4454 3397 4504 ct
3426 4448 3570 4504 Deus
3600 4464 3683 4503 es.

545 4547 791 4617 βοῶμενο¹
827 4545 1029 4617 Κύριος
1056 4545 1150 4598 καὶ
1178 4544 1310 4607 Θεὸς
1347 4545 1410 4597 σὺ
1449 4544 1735 4614 ὑπάρχεις.

615 4639 720 4692 Τὸν
766 4638 858 4691 σὺν
905 4637 1019 4690 υἱὸν
1061 4636 1135 4700 ὡς
1208 4635 1438 4704 ἔϐλεψας
1488 4634 1795 4688 ἀναστάντα
1847 4636 1910 4686 ὲκ
1952 4634 2123 4702 τάφου

540 4732 862 4801 τριήμερόν,
886 4730 1188 4799 Θεόνυμφε,
1210 4728 1451 4795 παναγία
1483 4726 1745 4795 Παρθένε,
1772 4727 1991 4780 ἅπασαν
2015 4725 2127 4779 θλί-

542 4824 636 4893 ψιν
682 4823 928 4889 ἀπέθου,
957 4824 1023 4895 ἢν
1072 4821 1313 4891 ὑπέστης
1357 4820 1433 4883 ὡς
1492 4824 1705 4891 μήτηρ,
1745 4820 1834 4873 ὅτε
1887 4818 2129 4881 κατεῖδες

545 4919 841 4986 πάσχοντα,
880 4915 975 4971 καὶ
1009 4916 1186 4987 χαρᾶς
1216 4913 1614 4985 ἐμπλησθεῖσαι,
1673 4914 1770 4967 σὺν
1803 4914 1915 4976 τοῖς
1963 4911 2128 4965 αὐτοῦ

549 5011 818 5081 μαθηταῖς
850 5009 1186 5081 γεραίρουσα
1215 5007 1402 5061 τοῦτον
1460 5005 1650 5077 ὕμνεις
1672 5022 1685 5034 '
1727 5005 1807 5059 διὸ
1838 5005 1963 5068 τοὺς
1997 5005 2128 5058 Θεο-

544 5104 702 5157 τόκον
732 5120 789 5155 σε
817 5102 912 5155 νῦν
938 5102 1311 5172 κηρύττοντας
1346 5098 1517 5162 σῶζε.

876 5193 1159 5249 Ἐωθινόν
1185 5192 1251 5257 θ’,
1274 5188 1423 5263 ἦχος
1449 5190 1702 5259 πλάγιος
1724 5188 1792 5242 δ’.

632 5291 719 5353 Ὧς
747 5290 834 5344 ἐπ’
857 5288 1102 5359 ἐσχάτων
1130 5287 1239 5341 τῶν
1269 5285 1501 5356 χρόνων,
1532 5283 1701 5353 οὔσης
1726 5282 1883 5351 ὀψίας
1910 5281 2125 5335 21516601-

549 5398 676 5448 των,
715 5382 1006 5452 ὲφίστασαι
1048 5381 1161 5442 τοῖς
1212 5378 1426 5445 φίλοις,
1456 5375 1692 5448 Χριστὲ,
1727 5375 1819 5426 καὶ
1893 5372 2131 5443 θαύματι

554 5478 738 5548 θαῦμα
775 5476 1037 5546 βεϐαιοῖς,
1095 5475 1160 5545 τῇ
1192 5468 1559 5540 κεκλεισμένῃ
1594 5466 1782 5520 εἰσόδω
1814 5466 1919 5519 τῶν
1953 5466 2134 5535 θυρῶν

552 5572 649 5642 τὴν
681 5572 746 5625 ὲκ
784 5569 992 5641 νεκρῶν
1041 5585 1134 5621 σου
1183 5563 1497 5620 ἀνάστασιν·
1531 5558 1644 5613 ἀλλ’
1675 5558 1917 5628 ἕπλησας
1956 5558 2131 5627 χαρᾶς

2305 4638 2501 4692 Filium
2542 4646 2696 4691 tuum
2744 4636 2938 4691 videns
2986 4651 3017 4690 e
3064 4635 3318 4706 sepulcro
3371 4644 3493 4703 post
3540 4641 3651 4686 tres
3700 4633 3818 4685 dies

2232 4728 2559 4789 redivivum,
2625 4740 2658 4780 o
2704 4724 2799 4780 Dei
2836 4725 3072 4795 Sponsa,
3106 4723 3451 4778 sanctissima
3477 4720 3664 4789 Virgo,
3702 4737 3818 4775 om-

2195 4834 2359 4881 ,uem
2419 4817 2631 4887 depone
2682 4815 3033 4871 amictionem
3104 4830 3228 4884 qua:
3300 4822 3350 4866 te
3412 4811 3633 4875 invasit,
3690 4828 3813 4867 cum

2237 4908 2517 4980 passionis
2548 4907 2705 4962 testis
2746 4906 2920 4971 fuisti,
2953 4911 3008 4961 et
3040 4904 3222 4975 gratia
3266 4904 3471 4973 repleta
3508 4904 3812 4959 mercedem

2239 5019 2367 5059 cum
2396 5002 2688 5072 discipulis
2718 5000 2998 5069 accipiens
3053 4996 3215 5061 lauda
3255 5011 3404 5052 eum.
3468 4994 3814 5068 Quapmpter

2238 5094 2385 5151 salva
2421 5093 2515 5163 qui
2546 5100 2598 5147 te
2632 5090 2916 5159 Deiparam
2951 5086 3268 5159 pradicant.

2577 5182 2903 5237 Matutinum
2931 5181 2986 5245 9,
3008 5190 3163 5234 tonus
3196 5180 3436 5249 obliquus
3458 5180 3515 5233 4.

2311 5278 2370 5332 ln
2407 5276 2616 5332 ultimis
2644 5274 2865 5337 diebus,
2909 5287 3137 5342 vespere
3189 5270 3413 5325 Sabbati
3447 5280 3573 5323 ante
3604 5269 3814 5325 amicos

2239 5381 2377 5433 Slas,
2432 5383 2466 5422 ο
2513 5366 2753 5431 Christe,
2812 5365 3187 5433 miraculoque
3246 5360 3568 5416 miraculum
3619 5361 3819 5414 contir-

2243 5475 2382 5524 mas,
2415 5456 2630 5513 scilicet
2659 5466 2940 5524 portarum
2970 5456 3283 5509 clausarum
3310 5454 3595 5508 iuvasionc
3626 5467 3817 5508 resur-

2239 5552 2563 5607 rectionem.
2622 5547 2880 5615 Quinimo
2940 5545 3114 5618 gratia
3159 5544 3459 5615 discipulos
3510 5543 3816 5615 replevisti,

2075 5666 2306 5725 ΝΟΤᾹΞ.

628 5768 706 5837 (ι)
740 5769 1015 5827 Sulllando
1049 5771 1237 5826 dicens
1274 5788 1284 5822 :
1330 5770 1447 5825 Pax
1467 5770 1625 5825 vobis.
