4084 6468
378 318 486 381 307
1646 331 1926 392 LEONlS
1956 333 2421 401 PHILOSOPHI
3538 358 3646 421 308

377 436 670 507 sanctique
726 438 956 510 spiritus
1009 442 1303 511 participes
1334 443 1586 511 etIeCisti,
1624 454 1951 516 potestatem

2062 453 2190 514 τοὺς
2226 454 2499 524 μαθητὰς,
2529 457 2623 511 καὶ
2674 457 2989 527 Πνεύματος
3020 459 3175 529 ἁγίου
3205 462 3517 532 μετέδωκας
3544 469 3643 520 αὺ-

375 530 686 585 dimittendi
740 540 962 602 peccata
1017 535 1098 589 eis
1152 536 1418 603 tribuisti,
1454 546 1510 592 et
1567 536 1836 593 Thomam
1889 557 1951 596 ne

2060 546 2195 608 τοῖς,
2225 546 2320 598 καὶ
2370 547 2619 612 ἐξουσίαν
2664 550 2888 620 ἐνειμας
2934 552 3183 620 ἀφέσεως
3209 530 3523 624 αμαρτιῶν,
3551 561 3647 613 καὶ

376 621 547 678 ﬂuctu
588 624 994 681 incredulitatis
1040 628 1490 699 subtnergeretur
1531 631 1784 687 servasti.
1830 632 1951 687 ideo

2058 636 2149 688 τὸν
2177 637 2381 708 Θωμᾶν
2412 640 2472 692 ού
2502 641 2811 707 κατέλιπες,
2837 642 2914 715 τῷ
2942 645 3039 715 τῆς
3069 621 3345 709 ἀπιστίας-
3394 621 3643 703 κατασα-

378 726 562 765 veram
612 712 900 767 scientiam
958 714 1117 770 nobis
1166 717 1441 774 concedas
1494 728 1956 792 peccatorumque

374 802 781 869 remissionem,
820 817 854 859 ο
886 804 1118 876 benigne
1151 808 1472 865 misericors
1509 807 1759 866 Domine.

872 894 1359 965 Exaposteiiarium
1391 900 1478 955 10.

446 983 758 1043 Tiberiadis
797 1002 946 1044 mare
992 1005 1119 1045 cum
1172 991 1300 1047 [iliis
1350 992 1619 1058 Zebedaai,
1651 991 1953 1051 Nathanael
2030 970 2061 981 ν

373 1072 645 1146 Petroque
690 1087 745 1133 et
780 1079 998 1136 duobus
1028 1081 1152 1137 aliis
1203 1081 1469 1138 Thomam
1505 1083 1699 1139 habuit
1740 1084 1957 1155 piscan-

372 1176 501 1231 tem,
558 1167 675 1237 qui,
724 1167 951 1239 iubente
1004 1172 1246 1236 Christo,
1303 1174 1653 1230 dextrorsum
1726 1176 1953 1247 (retia)

370 1256 749 1325 demittentes,
791 1262 994 1318 tnultos
1024 1265 1204 1333 pisces
1230 1264 1549 1320 eliciebant.
1588 1266 1725 1320 Cum
1756 1266 1954 1321 Petrus

370 1362 677 1417 agnoscens
726 1354 1062 1422 adnatabat,
1108 1358 1217 1414 illis
1270 1360 1493 1414 tertium
1544 1374 1813 1430 apparens
1860 1374 1955 1429 pa-

369 1453 493 1492 nem
527 1441 847 1513 piscemque
891 1449 1230 1505 carbonibus
1274 1461 1521 1508 assatum
1576 1454 1949 1509 manducavit.

446 1527 552 1593 Qui
589 1544 620 1585 e
639 1534 893 1601 sepulcro
917 1545 1039 1605 post
1065 1545 1177 1593 tres
1200 1538 1319 1595 dies
1345 1542 1610 1609 excessit,
1636 1541 1953 1610 Dominum,

367 1633 403 1672 ο
434 1618 619 1690 Virgo,
651 1637 819 1679 exora
864 1640 966 1695 pro
1008 1627 1117 1683 illis
1150 1637 1250 1700 qut
1288 1638 1341 1685 te
1374 1632 1656 1687 celebrant
1701 1633 1952 1703 votisque

368 1710 583 1765 beatam
609 1714 871 1770 salutant.
897 1714 973 1771 Te
996 1718 1140 1772 enim
1166 1734 1356 1775 omnes
1377 1721 1673 1792 refugium,
1698 1722 1953 1789 salutem,

2060 729 2348 794 πτίζεσθαι
2382 731 2647 788 κλύδωνι’
2678 734 2760 789 διὸ
2790 736 3075 808 παράσχου
3127 738 3223 792 καὶ
3269 741 3403 811 ἡμῖν
3445 742 3649 810 γνῶσιν

2059 820 2256 894 ἀληθῆ,
2288 824 2381 878 καὶ
2406 823 2602 895 ἄφεσιν
2633 828 3014 897 πταισμάτων,
3045 827 3390 901 εὖσπλαγχνε
3414 833 3611 905 Κύριε.

2142 980 2145 983 _
2521 916 3101 990 Ἔξαποστειλάριον
3137 927 3172 975 ι’

2130 1005 2448 1077 Τιϐεριάδος
2481 1008 2748 1074 θάλασσα,
2798 1012 2895 1066 σὺν
2931 1012 3089 1066 natat
3117 1013 3429 1079 Ζεϐεδαίου,
3457 1013 3645 1068 Ναθα-

2056 1098 2194 1169 ναὴλ
2217 1098 2295 1170 τῷ
2324 1100 2517 1173 Πέτρῳ
2546 1118 2627 1167 τε,
2664 1101 2763 1155 σὺν
2791 1100 2944 1157 δυσὶν
2974 1103 3157 1166 ἄλλοις
3187 1104 3378 1172 πάλαι,
3403 1106 3499 1159 καὶ
3530 1108 3645 1159 Θω-

2060 1192 2167 1261 μᾶν
2197 1186 2309 1262 εἶχε
2342 1192 2479 1263 πρὸς
2512 1192 2711 1265 ἄγραν⁶
2768 1194 2817 1247 οἳ
2862 1196 3100 1265 Χριστοῦ
3147 1200 3212 1269 τῇ
3267 1200 3557 1268 προστάξει
3588 1205 3645 1255 έν

2054 1281 2248 1346 δεξιοῖς
2273 1283 2633 1354 χαλάσαντες,
2694 1285 2898 1356 πλῆθος
2920 1282 3101 1342 εἷλκον
3120 1288 3341 1359 ἰχθύων,
3357 1290 3415 1343 δν
3440 1292 3642 1364 Πέτρος

2054 1373 2237 1442 γνοὺς,
2258 1374 2395 1445 πρὸς
2421 1375 2584 1429 αὑτὸν
2614 1377 2864 1447 ὲνήξατο,
2894 1374 2976 1442 οἷς
3007 1380 3066 1431 τὸ
3093 1380 3275 1451 τρίτον
3303 1382 3514 1452 φανεὶς,
3548 1385 3640 1436 καὶ

2054 1468 2220 1538 ἄρτον
2254 1466 2422 1532 ἔδειξε
2454 1469 2547 1522 καὶ
2578 1467 2730 1538 ἰχθὺν
2762 1468 2851 1522 ἐπ’
2879 1470 3189 1541 ἀνθράκων.

2127 1559 2231 1612 Τὸν
2265 1560 2574 1614 ἀναστάντα
2605 1559 2808 1631 Κύριον
2843 1564 3145 1632 τριήμερον
3189 1566 3252 1617 ὲκ
3298 1563 3390 1619 τοῦ
3438 1566 3635 1631 τάφου,

2056 1650 2323 1722 Παρθένε,
2360 1651 2681 1706 καθικέτευε
2744 1654 2885 1724 ὑπὲρ
2929 1655 3038 1707 τῶν
3078 1672 3137 1708 σε
3188 1654 3501 1726 ὑμνούντων
3550 1659 3643 1709 καὶ

2056 1743 2207 1815 πόθῳ
2243 1744 2694 1814 μακαριζόντωνο
2738 1746 2798 1799 σὲ
2844 1747 2954 1817 γὰρ
3002 1746 3199 1817 ἔχομεν
3248 1747 3445 1812 πάντες
3475 1766 3642 1803 κατα-

367 1804 856 1877 mediatricemque
888 1809 1033 1879 apud
1078 1810 1230 1864 illttm
1272 1811 1577 1878 habemus;
1619 1829 1721 1868 nos
1779 1814 1951 1870 luere-

2057 1804 2555 1905 goyijv'atotr'jpt'ov,
2596 1834 2691 1888 xui.
2737 1804 2963 1907 μεσίτην
3011 1804 3146 1908 τέρὲς
3179 1836 3366 1890 τοῦτον
3396 1804 3641 1908 ’νκλῆρος

364 1896 511 1951 ditas
542 1905 634 1951 tua
664 1905 720 1952 ct
755 1900 900 1955 servi
932 1902 1035 1964 tui,
1076 1918 1110 1956 ο
1141 1901 1401 1974 Deipara,
1436 1903 1503 1959 ad
1540 1913 1695 1960 tuum
1757 1906 1946 1977 suspi-

364 1988 540 2044 cimus
566 1990 858 2047 auxilium.

642 2080 971 2136 Matutine»:
1005 2084 1092 2149 ιο,
1118 2092 1276 2140 tonus
1308 2086 1551 2156 obliquus
1591 2086 1648 2141 2.

435 2166 733 2241 Postquam
765 2173 820 2227 in
852 2172 1129 2229 infernum
1175 2174 1584 2241 descendisses,
1617 2187 1670 2231 et
1704 2192 1769 2233 ex
1799 2192 1949 2232 mor-

363 2260 476 2317 tuis
508 2263 876 2333 surrexisses,
906 2264 1168 2336 discipuli
1198 2274 1291 2320 tua
1324 2267 1701 2334 abscessione,
1755 2277 1815 2323 ut
1850 2284 1950 2338 par

363 2364 506 2419 erat,
555 2357 816 2426 prostrati
859 2356 926 2410 ad
970 2358 1350 2426 operationem
1395 2359 1650 2413 conversi
1695 2369 1845 2422 sunt,
1895 2367 1951 2415 et

364 2458 560 2499 rursus
613 2448 680 2498 ad
728 2446 944 2517 navigia
992 2457 1047 2501 et
1078 2449 1238 2513 retia,
1289 2449 1384 2503 sed
1440 2464 1715 2519 nusquam
1763 2450 1949 2520 pisces

362 2534 672 2603 capiebant.
731 2535 813 2592 Tu
880 2553 1032 2605 vero,
1098 2537 1377 2603 Salvator,
1449 2541 1696 2596 omnium
1763 2556 1947 2596 rerum

362 2627 614 2691 Domine,
647 2629 997 2684 dextrorsum
1029 2630 1168 2685 retia
1202 2631 1431 2702 injicere
1458 2633 1622 2703 jubes
1652 2651 1666 2700 ;
1720 2640 1777 2689 et
1821 2648 1951 2691 vere

361 2719 616 2790 Operatio
674 2732 827 2775 tuum
876 2722 1108 2777 verbum
1166 2723 1288 2779 fuit.
1327 2723 1737 2781 Multitudinem
1796 2727 1945 2782 enim

361 2813 596 2880 piscium
645 2824 932 2884 ceperunt.
981 2815 1093 2870 Nos
1141 2825 1326 2870 autem
1371 2817 1636 2887 hospitali
1669 2819 1946 2885 convivio,

361 2904 417 2956 in
447 2914 590 2959 terra
626 2918 838 2974 parato,
865 2907 1025 2975 cujus
1054 2916 1233 2963 tecum
1261 2907 1517 2979 discipuli
1568 2908 1725 2965 fuere
1776 2912 1948 2982 parti-

358 2997 534 3065 cipcs,
585 2996 949 3066 spiritualiter
996 2999 1229 3070 dignare
1280 3000 1565 3068 delectari,
1598 3017 1632 3058 υ
1664 3001 1945 3058 hominum

361 3102 579 3145 amator
627 3091 857 3147 Domine
887 3092 901 3146 ί

859 3269 1350 3341 Exapoateilnrium
1380 3273 1466 3329 ll.

433 3358 566 3416 Post
600 3360 842 3415 divinam
888 3364 1379 3428 resurrectionem,
1432 3374 1516 3420 ter
1564 3364 1786 3420 Petrum
1840 3365 1945 3420 Do-

359 3453 540 3507 minus
568 3453 884 3509 sciscitatus
935 3474 950 3511 :
993 3454 1187 3511 Utrum
1247 3473 1333 3513 me
1380 3460 1835 3515 amasisuarum
1892 3459 1942 3515 ei

357 3543 543 3599 ovium
586 3547 991 3615 paseendarum
1019 3549 1358 3620 pracipuum
1381 3550 1679 3606 committit
1702 3566 1941 3619 munus;

354 3638 452 3706 qui
501 3638 837 3708 discipulum
880 3636 1012 3695 Jesu
1058 3641 1291 3695 charum
1349 3641 1545 3702 videns
1590 3652 1939 3713 sequentem,

356 3727 650 3783 Doutinum
692 3730 1053 3801 interrogavit
1090 3749 1105 3786 :
1140 3732 1206 3786 Et
1253 3732 1345 3788 ille
1391 3733 1527 3804 quid
1574 3733 1598 3788 ’ί
1635 3732 1693 3788 Si
1740 3734 1933 3798 velim,

354 3820 643 3891 respondit
684 3820 975 3890 Dominus,
1024 3823 1177 3879 illum
1242 3825 1419 3881 donec
1473 3826 1673 3882 iterum
1723 3826 1940 3881 veniam

354 3929 600 3982 manere,
630 3915 759 3985 quid
796 3916 863 3969 ad
885 3924 958 3979 te,
986 3916 1060 3969 mi
1094 3913 1258 3972 Petre
1288 3917 1313 3971 ?

425 4006 471 4060 Ο
502 4007 852 4063 tremendum
901 4010 1229 4081 mysterium
1263 4010 1275 4063 !
1307 4008 1353 4067 Ο
1394 4010 1722 4067 incredibile
1765 4010 1939 4065 mira-

354 4100 541 4153 culum
574 4101 587 4153 l
627 4109 803 4156 morte
841 4115 992 4157 mors
1017 4101 1246 4157 omnino
1276 4101 1462 4172 fugata
1493 4111 1599 4159 est.
1646 4100 1784 4170 Quis
1829 4119 1937 4157 non

354 4190 596 4245 celebret
654 4190 956 4260 adoretque
1006 4199 1193 4259 tuam,
1255 4206 1290 4246 ο
1337 4190 1619 4259 Verbum,
1690 4210 1939 4249 resurre-

352 4281 614 4347 ctionem,
662 4289 717 4336 et
772 4296 893 4351 quae
928 4291 982 4337 te
1031 4282 1378 4338 immaculate
1437 4284 1492 4338 in
1540 4300 1707 4341 carne
1753 4288 1940 4355 genuit

2052 1925 2160 1996 γὰρ
2193 1926 2282 1989 σὸς
2329 1926 2424 1978 καὶ
2447 1924 2657 1979 οἰκέται
2690 1925 2950 1995 πέλομεν,
2979 1925 3230 1992 Θεοτόκε,
3266 1926 3517 1998 καῖπρδς
3544 1928 3642 1997 τὴν

2054 2016 2152 2087 σὴν
2182 2014 2467 2086 ἀντίληψιν
2494 2015 2734 2079 ἅπαντες
2760 2015 3074 2088 ἀφορῶμεν.

2349 2107 2631 2161 Ἐωθινὸν
2672 2112 2723 2171 ι’,
2764 2104 2916 2177 ἦχος
2954 2106 3208 2177 πλάγιος
3241 2105 3321 2171 ,6”.

2122 2200 2278 2256 Μετὰ
2326 2201 2425 2273 τὴν
2469 2202 2549 2264 είς
2582 2198 2709 2272 ᾅδου
2741 2201 3001 2265 κάθοδον,
3034 2200 3128 2255 καὶ
3168 2200 3266 2272 τὴν
3317 2202 3381 2253 ὲκ
3428 2199 3643 2271 νεκρῶν

2049 2294 2367 2356 ἀνάστασιν,
2398 2292 2757 2362 ἀθυμοῦντες,
2789 2291 2864 2352 ὡς
2914 2292 3080 2358 εἰκὸς,
3119 2292 3211 2345 ἐπὶ
3242 2291 3322 2362 τῷ
3371 2293 3639 2362 χωρισμῴ

2054 2402 2169 2452 σου,
2199 2384 2420 2456 Χριστὲ,
2473 2385 2523 2437 oi
2556 2384 2797 2455 μαθηταὶ
2834 2384 2970 2456 πρὸς
3001 2384 3264 2455 ἐργασίαν
3298 2385 3637 2453 ἐτράπησαν,

2051 2478 2147 2531 καὶ
2176 2477 2337 2530 πάλιν
2367 2477 2527 2530 πλοῖα
2557 2478 2651 2531 καὶ
2677 2477 2889 2539 δίκτυα,
2921 2476 3016 2530 καὶ
3043 2477 3190 2548 ἄγρα
3214 2476 3477 2546 οὐδαμοῦο
3504 2476 3640 2529 ἀλλὰ

2052 2567 2139 2631 σὺ,
2179 2566 2384 2638 Σῶτερ,
2410 2565 2769 2636 ἐμφανισθεὶς
2797 2565 2872 2629 ὡς
2894 2566 3171 2633 Δεσπότης
3190 2566 3428 2630 πάντων,
3446 2564 3637 2637 δεξιοῖς

2050 2660 2117 2713 τά
2149 2659 2339 2713 δίκτυα
2368 2656 2612 2720 κελεύεις
2645 2658 2828 2729 βαλεῖν
2849 2698 2863 2724 ,
2899 2657 2993 2715 xci.
3018 2652 3085 2729 ἦν
3108 2658 3136 2709 δ
3169 2657 3326 2724 λόγος
3358 2658 3518 2730 ἔργον
3547 2658 3637 2710 εύ-

2052 2751 2172 2816 θὺς,
2204 2750 2301 2806 καὶ
2324 2749 2530 2819 πλῆθος
2550 2750 2659 2803 τῶν
2687 2749 2885 2820 ίχθύων
2914 2750 3071 2813 πολὺ,
3097 2752 3193 2803 καὶ
3216 2752 3433 2803 δεῖπνον
3464 2748 3636 2814 ξένον,

2050 2842 2267 2915 ἕτοιμον
2297 2840 2355 2894 έν
2389 2843 2482 2911 γῇ,
2516 2840 2576 2892 οὐ
2616 2840 2997 2910 μετασχόντων
3027 2840 3147 2893 τότε
3181 2857 3273 2892 σου
3305 2840 3414 2892 τῶν
3459 2840 3636 2910 μαθη-

2049 2934 2189 2987 τῶν·
2230 2932 2325 2988 xui
2356 2933 2504 3004 ἡμᾶς
2543 2931 2639 2985 νῦν
2671 2931 2877 3003 νοητῶς
2912 2931 3251 2997 καταξίωτον
3277 2930 3635 3002 ἐντρυφῆσαι,

2053 3025 2409 3098 φιλάνθρωπε
2442 3026 2641 3096 Κύριε.

2500 3266 3071 3336 Ἐξαποστειλάριον
3108 3283 3166 3320 ια
3186 3305 3200 3319 .

2125 3358 2281 3415 Μετὰ
2301 3359 2399 3430 τὴν
2424 3358 2579 3412 θείαν
2597 3359 2836 3430 ἔγερσιν,
2855 3361 2977 3429 τρὶς
3001 3358 3081 3427 τῷ
3106 3359 3317 3427 Πέτρῳ,
3336 3355 3512 3419 Φιλεῖς
3531 3372 3597 3425 με
3619 3373 3634 3419 ;

2057 3452 2358 3523 πυθόμενος
2392 3453 2420 3505 ὁ
2447 3451 2675 3523 Κύριος,
2705 3450 2812 3503 τῶν
2849 3450 2996 3504 ἰδίων
3055 3449 3344 3522 προϐάτοιν
3394 3448 3605 3518 προδῶ.

2052 3548 2202 3599 λεται
2228 3545 2635 3615 ποιμενόῳχην·
2669 3543 2729 3606 δς
2755 3542 2878 3596 ἰδὼν
2907 3543 2969 3596 δν
2994 3543 3184 3611 ὴγάπα
3214 3541 3244 3593 δ
3266 3540 3473 3610 Ἰησοῦς
3504 3540 3631 3592 ἑπό-

2054 3656 2236 3708 μενον,
2278 3639 2443 3708 ἧρετο
2473 3638 2565 3690 τὸν
2588 3637 2887 3706 Δισπότηνσ
2910 3628 3080 3698 Οὗτος
3111 3634 3169 3687 δὲ
3200 3636 3287 3699 τίς
3312 3632 3440 3686 Ἐὰν
3469 3632 3631 3695 θέλω,

2052 3732 2244 3802 ἔφησε,
2278 3730 2459 3801 μένειν
2475 3728 2687 3795 τοῦτον,
2711 3727 2816 3791 ἕως
2843 3727 2937 3780 καὶ
2961 3726 3124 3780 πάλιν
3153 3726 3406 3797 ἔρχομαι,
3426 3727 3477 3779 τί
3502 3725 3635 3794 πρὸς

2053 3823 2133 3889 σὲ,
2168 3821 2289 3891 φίλε
2328 3820 2501 3891 Πέτρε
2518 3836 2533 3885 ;

2125 4007 2189 4059 Ὢ
2223 4002 2454 4075 φοϐερὸν
2499 4002 2798 4071 μυστήριον
2828 4000 2841 4053 l
2871 3998 2917 4051 ὣ
2961 3996 3262 4070 παράδοξον
3292 3995 3517 4067 θαῦμαί
3549 3995 3636 4048 διὰ

2052 4096 2285 4152 θανάτου
2336 4094 2568 4156 θάνατος
2620 4090 2899 4154 παντελῶς
2952 4089 3259 4160 ἠφανίσθη’
3290 4087 3377 4150 τίς
3421 4081 3515 4140 οὖν
3560 4085 3636 4156 μὴ

2049 4187 2373 4259 ἀνυμνήσει,
2404 4185 2500 4237 καὶ
2530 4182 2614 4245 τίς
2666 4182 2741 4253 μὴ
2766 4182 3137 4253 προσκυνήσει
3166 4197 3258 4233 σου
3279 4178 3381 4250 τὴν
3399 4178 3635 4231 ἀνάστα-

2051 4298 2157 4343 σιν,
2189 4278 2329 4346 Λόγε
2352 4318 2367 4344 ,
2418 4277 2513 4330 καὶ
2559 4276 2662 4345 τὴν
2707 4276 2887 4342 ἁγνῶς
2929 4277 2988 4328 ἐν
3043 4273 3209 4343 σαρκὶ
3257 4271 3526 4325 τεκοῦσάν
3574 4288 3633 4322 σε

357 4371 646 4441 Deiparam
675 4371 700 4425 ’ί
740 4372 915 4442 Cujus
946 4373 1347 4430 intercessione
1385 4390 1578 4432 omnes
1613 4375 1682 4431 ab
1719 4377 1939 4433 inferno

2053 4372 2343 4435 Θεοτόκον;
2395 4365 2461 4440 ἧς
2513 4370 2634 4431 ταῖς
2696 4367 3017 4438 πρεσϐείαις
3061 4367 3311 4429 ἅπαντας
3356 4364 3634 4435 λύτρωσαι

354 4464 507 4518 salva
533 4463 545 4516 !

2053 4466 2145 4535 τῆς
2174 4462 2423 4533 γεέννης.

623 4554 952 4610 Matutinum
986 4556 1075 4621 ii,
1109 4564 1261 4611 tonus
1292 4556 1534 4627 obliquus
1572 4559 1625 4614 4.

2346 4555 2631 4611 Ἑωθινὸν
2668 4553 2759 4620 la',
2787 4550 2940 4625 ἦχος
2984 4553 3240 4623 πλάγιος
3275 4551 3347 4609 δ’.

426 4647 790 4705 Manifestans
859 4660 909 4704 te
963 4650 1144 4721 ipsum
1202 4650 1512 4720 discipulis,
1566 4664 1599 4706 ο
1651 4650 1933 4720 Salvator,

2115 4651 2370 4725 Ibavept'bv
2398 4651 2593 4704 ἑαυτὸν
2621 4650 2738 4711 τοῖς
2795 4647 3066 4718 μαθηταῖς
3098 4663 3216 4711 σου,
3247 4645 3458 4716 Σῶτερ,
3493 4642 3631 4715 μετὰ

353 4749 477 4812 post
508 4743 994 4811 resurrectionem,
1022 4741 1235 4797 Simoni
1268 4752 1487 4799 tuarum
1513 4744 1715 4800 dedisti
1747 4746 1934 4801 ovium

2053 4746 2147 4814 τὴν
2188 4746 2509 4806 ἀνάστασιν,
2554 4741 2760 4812 Σίμωνι
2793 4740 3035 4803 δέδωκας
3066 4739 3166 4810 τὴν
3196 4738 3309 4791 τῶν
3342 4736 3625 4810 προϐάτωκ.

352 4848 568 4897 curam,
602 4834 656 4889 in
684 4836 892 4889 amoris
921 4838 1354 4900 successionem,
1404 4835 1782 4907 pascendique
1808 4836 1933 4893 olli-

2053 4836 2237 4909 νομὴν,
2268 4836 2349 4899 είς
2396 4834 2617 4904 ἀγάπης
2663 4832 2995 4898 ἀντέκτισιν,
3034 4832 3138 4897 τὴν
3176 4829 3270 4883 τοῦ
3320 4830 3631 4900 ποιμαίνειν

350 4926 499 4979 cium
544 4942 560 4989 ;
613 4924 848 4995 ideoque
902 4926 1058 4981 illum
1113 4927 1465 4999 interrogasti
1512 4946 1525 4981 :
1578 4928 1776 4984 Utrum
1849 4944 1938 4985 me

2053 4926 2305 4997 φροντίδα
2351 4923 2519 4979 αίτῶν
2541 4940 2553 4953 ·
2586 4923 2667 4975 διὸ
2716 4922 2812 4975 καὶ
2842 4921 3058 4990 ἔλεγες·
3086 4922 3150 4977 Εἰ
3194 4919 3393 4989 φιλεῖς.
3435 4921 3629 4991 Πέτρε,

353 5033 527 5081 amas,
564 5014 722 5072 Petre
745 5017 771 5070 2
802 5016 972 5074 Pasce
995 5033 1168 5090 agnos
1195 5034 1369 5084 meos,
1397 5034 1562 5092 pasce
1585 5036 1718 5076 ovcs
1751 5036 1928 5077 meas.

2053 5019 2304 5089 ποίμαινε
2329 5015 2400 5070 τὰ
2429 5014 2592 5086 ἀρνία
2617 5032 2742 5085 μου,
2777 5014 3025 5083 ποίμαινε
3059 5012 3127 5067 τὰ
3152 5012 3407 5081 πρόϐατὰ
3428 5031 3551 5083 μου.
3572 5012 3630 5064 Ὀ

350 5110 451 5176 Qui
492 5110 606 5165 cito
634 5110 961 5167 charitatcm
1000 5122 1290 5171 ostentans
1318 5114 1389 5170 de
1429 5115 1605 5169 altero
1656 5113 1935 5185 discipulo

2053 5110 2097 5163 Ξὲ
2144 5108 2348 5171 εὐθέως
2396 5105 2805 5175 ἐνδεικνύμενος
2853 5105 2915 5158 τὸ
2973 5105 3347 5174 φιλόστοργον,
3377 5103 3627 5173 περὶτοῦ

352 5203 672 5261 sciscitatus
700 5211 806 5260 est.
841 5205 1063 5260 Illorum
1094 5207 1372 5276 precibus,
1424 5222 1457 5261 o
1489 5207 1730 5275 Christe,
1800 5226 1933 5281 gre-

2053 5204 2201 5258 ἱλλου
2250 5202 2497 5274 μαθητοῦ
2542 5201 2921 5255 ἐπυνθάνετοο
2976 5193 3053 5254 ὧν
3106 5199 3226 5261 ταῖς
3281 5196 3623 5268 πρεσϐείαις,

352 5310 472 5362 gem
504 5304 660 5354 tuum
693 5296 872 5369 ipsum
905 5298 973 5354 ab
1006 5296 1227 5356 infestis
1259 5298 1403 5369 lupis
1428 5300 1645 5356 custodi
1681 5301 1696 5352 l

2053 5296 2269 5368 Χριστὲ,
2302 5295 2402 5366 τὴν
2430 5294 2667 5365 ποίμνην
2707 5310 2805 5347 σου
2850 5291 3177 5363 διαφύλαττε
3211 5291 3274 5344 ὲκ
3316 5289 3497 5349 λύκων
3529 5286 3617 5343 λν-

2053 5387 2393 5456 μαινομένων
2426 5385 2619 5456 αὐτήν.

2048 5402 2393 5457 μαινομενων
2426 5402 2619 5457 αυτην.

1606 5683 2392 5725 ψ’·-
