4084 6500
444 430 548 495 313
1541 437 1930 501 CANTICUM
1946 440 2118 508 ,COM
2124 441 2276 503 PUN
2280 442 2400 503 CTI
2405 442 2504 504 ON
2516 444 2602 504 IS.
3596 443 3627 503 3
3640 442 3701 506 Η,

813 541 1141 613 Ῥαγήσεται
1168 544 1235 597 τὰ
1268 547 1505 615 μνημεῖα
2052 557 2097 610 Α
2421 550 2664 619 Ἀζύγων
2692 552 2786 605 καὶ
2818 552 3027 622 ἱερέων,

725 633 987 686 Nautiwa
1018 637 1466 707 κατεστιγμὲνων
2407 637 2584 710 Οἴμοιῐ
2628 640 2834 711 πληθὺς
2862 642 2955 694 καὶ
2984 642 3247 711 μιγάδων.

725 724 802 794 Τῇ
839 723 932 776 τοῦ
960 725 1149 796 κριτοῦ
1172 728 1492 799 ὑπαντήσει,
2477 730 2881 801 Χωριζομένων
2911 734 3209 800 συγγόνων.

586 814 688 869 ίὲὕ
726 816 941 885 Μιχαὴλ
967 818 1293 886 σπέρχοντος
1321 820 1438 889 ἅμα
1728 884 1736 890 _
2405 821 2633 888 Γονέων,
2662 822 2831 890 φίλων
2864 826 2959 876 καὶ
2979 824 3207 888 τέκνων,

726 907 938 970 Πάντας
973 911 1105 980 ῥιπῇ
1142 911 1493 981 παραστῆσαι
2265 911 2366 964 160
2407 911 2501 972 Τίς
2537 912 2736 965 ἐννοῶν
2769 914 2869 967 οὐκ
2890 913 3154 982 οἱμὼξεις

725 999 1013 1069 Τεττάρων
1051 1002 1113 1053 ὲκ
1138 1001 1246 1053 τῶν
1280 1003 1517 1072 ἀνέμων.
2072 1046 2079 1053 .
2404 1003 2499 1066 Τίς
2522 1002 2576 1055 δὲ
2610 1003 2978 1073 βαστάσειτὸν
3009 1005 3209 1070 πόνους

800 1091 986 1154 Σὺνες,
1018 1091 1188 1165 ψυχὴ,
1217 1098 1354 1164 μετά
1382 1097 1553 1150 ταῦτα
2402 1093 2515 1145 Οὐκ
2541 1092 2759 1162 Mount
2785 1095 2892 1164 γὰρ
2922 1095 3182 1163 ἀλλήλους

698 1184 946 1254 ’Φρικτοὶ
976 1184 1092 1248 πῶς
1130 1186 1366 1241 τίθενται
1392 1189 1590 1259 θρόνοι,
2405 1183 2500 1241 Εἰς
2530 1184 2656 1246 τοὺς
2685 1183 2949 1253 ἄπειρους
2972 1184 3195 1247 αἰῶνας-

595 1274 699 1329 150
735 1274 845 1328 Καὶ
866 1276 1298 1333 ἀναπτύσσονται
1333 1279 1504 1350 βίϐλοι
2478 1273 2663 1343 Ψυχὴ,
2692 1275 2910 1341 λογίζου
2933 1275 3052 1337 πῶς
3082 1275 3253 1345 ἄρδην

729 1367 1159 1437 Παρισταμένων
1186 1371 1243 1423 ὲν
1276 1371 1427 1443 φόϐῳ
2268 1364 2369 1420 165
2406 1364 2778 1435 Βληοήσονται
2815 1368 2901 1427 εἰς’
2920 1365 3194 1429 κολάσεις,

744 1458 1003 1530 Ἀπείρωκ
1041 1462 1136 1513 καί
1156 1462 1476 1533 ἀναρίθμων
2418 1456 2731 1521 Ἐλκόμενοι
2763 1456 3054 1525 ἀποτόμως

732 1547 1005 1616 Ἀγγέλων
1026 1568 1085 1603 τε
1111 1552 1206 1605 καὶ
1233 1553 1555 1621 ἀνθρώπων.
2418 1543 2555 1596 Ὑπὸ
2590 1544 2882 1614 πυρφόρων
2915 1544 3188 1612 ἀγγέλων.

798 1640 931 1692 Τότε
960 1641 1146 1695 λοιπὸν
1180 1646 1235 1696 αἱ
1265 1645 1531 1710 κολάσειςῖ
2403 1636 2515 1690 καὶ
2555 1636 2807 1700 στέναξον
2829 1637 2934 1707 ’πρὸ
2963 1637 3063 1706 τῆς
3082 1640 3280 1708 πείρας

592 1724 696 1779 155
732 1728 1136 1800 Δειχοήσονται,
1172 1733 1239 1796 ἃς
1276 1736 1542 1807 προέφην,
2417 1727 2512 1779 Ἐκ
2536 1726 2734 1796 βάθους
2765 1728 2861 1797 τῆς
2888 1728 3147 1791 διανοίας.

730 1819 1170 1891 ’Λπολαμὸάνειν
1191 1825 1426 1897 ἑτοίμως
2057 1889 2090 1897 λ
2269 1817 2371 1872 170
2497 1818 2583 1881 Ὡς
2614 1818 2923 1889 θησαυροὺς
2953 1820 3050 1889 τῆς
3076 1821 3314 1874 ἀδύσπου

728 1908 867 1973 Τοὺς
896 1912 1234 1978 ὑπευθύνους
1261 1915 1516 1985 διψῶσαι,
2057 1908 2098 1944 ⁸⁵
2409 1912 2520 1964 Καὶ
2551 1912 2784 1982 οὐρανοῦ
2816 1914 3208 1986 καταρράκτας

726 1990 826 2051 Ὦν
850 2000 1157 2068 τελευταῖος
1180 2007 1275 2058 καὶ
1301 2008 1517 2078 πρῶτος
2419 2002 2683 2072 Ἀνέῳξας
2711 2004 3085 2068 κατακλύξωνν

720 2088 898 2154 Μόνος
928 2093 1037 2161 ἐγὼ
1063 2096 1091 2148 ὁ
1124 2098 1476 2168 παντλήμων.
2408 2094 2551 2147 Σῶτε
2563 2112 2612 2164 ρ,
2637 2094 2734 2164 τὴν
2763 2095 2865 2165 γῆν
2896 2096 2987 2149 ἐπὶ
3011 2096 3157 2160 Νῶε,

588 2178 694 2232 HO
818 2180 1214 2255 ’Υπαγορεύσει
1248 2190 1470 2259 πραέως
2407 2187 2597 2248 Οὕτως
2630 2186 2724 2241 καὶ
2744 2185 2840 2239 νῦν
2868 2188 3209 2241 κατᾶκλυσον

738 2270 797 2324 Ὅ
824 2272 1085 2346 δικαστὴς
1117 2280 1231 2341 τοῖς
1260 2278 1432 2344 ἀξίοις
1454 2296 1467 2310 ο
2271 2276 2371 2329 175
2407 2277 2509 2328 Τὸν
2540 2276 2798 2347 βόρϐορον
2826 2276 2936 2329 τῶν
2964 2279 3153 2331 παθῶν
3188 2294 3317 2347 μου.

728 2363 836 2415 Καὶ
864 2364 1151 2436 αὐστηρῶς
1186 2368 1545 2438 ἁμαρτωλοὺς
2476 2362 2547 2418 Ὦ
2571 2368 2815 2420 Δέσποτα
2841 2369 2950 2421 τῶν
2973 2370 3211 2433 αἰώνων,

728 2453 834 2507 Τοῦ
869 2455 1112 2527 βήματος
1144 2459 1427 2527 ἀπελάσειῖ
2410 2457 2612 2527 Πάτερ,
2650 2458 2760 2525 Υἱὲ,
2792 2459 2886 2512 καὶ
2919 2461 2979 2512 τὸ
3008 2460 3255 2530 Πνεῦμα,

726 2542 833 2607 Οὓς
860 2546 961 2615 μὲν
987 2549 1067 2610 εἰς
1091 2548 1250 2613 δόξαν
1269 2551 1538 2620 ἐφέλκων,
2420 2547 2482 2599 Ἦ
2508 2549 2934 2617 τρισυπόστατος
2968 2553 3066 2622 μία

586 2631 691 2688 145
723 2634 829 2698 Οὓς
849 2635 906 2688 δὲ
934 2632 1071 2708 πρὸς
1101 2639 1334 2711 ἄληκτον
1360 2642 1576 2707 πένθος.
2413 2641 2521 2691 Καὶ
2544 2640 2847 2710 ἀδιαίρετος
2880 2643 3064 2710 φύσις,

811 2726 948 2781 Ὑπὸ
983 2730 1182 2799 πολλῆς
1207 2732 1610 2804 εὐσπλαγχνίας
2270 2729 2372 2782 180
2403 2731 2503 2791 Δός
2533 2748 2624 2801 μοι
2653 2733 2846 2803 καιρὸν
2871 2736 3155 2804 μετανοίας

725 2820 1151 2890 Καμπτόμενος,
1177 2822 1451 2894 ἐλεήμων,
2412 2822 2456 2873 Π
2467 2821 2556 2890 ρος
2580 2821 2734 2874 λύσιν
2767 2825 3250 2895 ἀμπλακημάτων.

724 2910 815 2982 Μὴ
837 2911 1086 2982 φοὸεροῖς
1112 2913 1418 2985 ὑπηρέταις
2477 2908 2547 2965 Ὦ
2574 2915 2839 2967 Δέσποινα
2857 2914 3107 2982 Θεοτόκε,

726 3002 838 3054 Καὶ
860 3002 1199 3072 ἁμειλίκτοις
1224 3005 1481 3073 ἀγγέλοις
2406 3005 2668 3071 Σπεῦσον,
2697 3006 2885 3077 βοήθει
2920 3025 3010 3079 μοι
3036 3008 3204 3079 τάχος
3230 3024 3250 3044 ο

591 3091 693 3147 150
729 3092 993 3160 ’Δθέμιτα
1022 3095 1112 3148 τὸν
1138 3096 1200 3148 ὲκ
1223 3094 1459 3166 βρέφους
2419 3098 2483 3150 Ἢ
2512 3098 2622 3168 γὰρ
2644 3099 2797 3169 ἀκμὴ
2819 3101 2919 3168 τῆς
2940 3099 3131 3172 ἀξίνης

728 3184 817 3236 Σοὶ
848 3187 1115 3240 πταίοντα
1140 3187 1458 3259 παραδῲης.
2052 3231 2096 3288 C
2271 3186 2373 3241 185
2424 3186 2506 3251 Ὠς
2531 3187 2779 3259 ἄκαρπον
2804 3189 3030 3259 ἐκφοϐεῖ
3058 3207 3148 3260 με,

796 3275 1212 3347 Φιλανθρωπίας
1238 3280 1337 3349 σῆς
1374 3281 1545 3346 ὅντως
2055 3275 2096 3288 “’
2412 3279 2524 3331 Καὶ
2552 3281 2584 3348 ἡ
2609 3279 2752 3350 φορά
2780 3281 2877 3349 τῆς
2899 3280 3178 3355 δρεπάνης

741 3366 1095 3422 Ἐκπέσουσιν
1122 3371 1383 3436 ἀλαζόνες
2405 3368 2511 3431 ηὪς
2553 3368 2731 3440 ἄωρον
2763 3370 3051 3425 ὲκδεδίττει
3074 3387 3095 3407 ⁸

728 3456 949 3526 Κριταὶ,
991 3461 1163 3529 σοφοὶ,
1190 3462 1282 3515 καὶ
1318 3462 1601 3527 δυνάσται,
2426 3461 2484 3512 Ὀ
2509 3460 2565 3512 δὲ
2589 3460 2874 3531 λικμήτωρ
2901 3460 3000 3531 τὴν
3019 3461 3221 3518 καῦσιν

592 3544 696 3598 155
728 3547 838 3599 Καὶ
866 3547 1103 3617 βασιλεῖς
1134 3550 1461 3622 ὑπερόπται,
2423 3550 2511 3611 Ὠς
2541 3550 2743 3619 ἄχυρον
2764 3549 2980 3603 ἀπειλεῖ
2995 3565 3110 3619 μοι.

523 3722 864 3793 Rumpentur
901 3736 1255 3783 monumenta
1301 3738 1647 3786 mortuorum
1696 3730 1764 3786 ad
1808 3729 2020 3785 Judicis
2213 3727 2635 3798 Separationem
2696 3727 2952 3798 fratrum,
3012 3736 3319 3800 parentum,
3383 3728 3710 3799 amicorum,

452 3814 778 3884 adventum,
813 3818 1083 3875 Michaele
1132 3821 1294 3877 simul
1337 3822 1629 3878 festinante
1659 3836 1851 3878 omnes
1880 3837 2023 3891 puu—
2131 3824 2296 3888 atque
2353 3818 2676 3885 liberorum,
2727 3820 2853 3889 quis
2886 3821 3139 3891 cogitans
3184 3836 3290 3875 non
3344 3821 3712 3891 ingemiscet?

452 3917 546 3963 cto
573 3910 838 3978 temporis
867 3912 915 3965 ei
947 3912 1165 3977 sistere,
1205 3927 1235 3966 τι
1264 3922 1498 3982 quatuor
1525 3915 1726 3970 venus,
2126 3908 2261 3974 Quis
2296 3908 2435 3964 feret
2465 3909 2622 3964 dolor
2635 3911 2763 3965 em?
2788 3910 2905 3965 Non
2936 3911 3085 3966 enim
3111 3911 3259 3967 inter
3285 3924 3343 3966 se
3368 3912 3605 3980 amplius
3630 3913 3710 3967 vi-

524 3999 790 4071 lntellige,
820 4003 1028 4069 anima,
1064 4005 1341 4075 quomodo
1386 4014 1513 4076 post
1544 4009 1659 4062 haec
1687 4006 1874 4061 throni
1911 4021 2029 4062 me-
2132 3998 2341 4055 debunl
2366 4002 2420 4055 in
2446 4002 2629 4055 omnia
2656 4001 2883 4056 Baecula-

451 4092 640 4149 tuendi
700 4100 994 4164 ponentur,
1054 4104 1109 4152 et
1161 4112 1286 4151 cum
1340 4099 1537 4154 timore
1580 4098 1812 4154 inﬁnitis
1863 4106 2028 4166 atque
2203 4092 2421 4159 Anima,
2458 4103 2648 4163 reputa
2672 4132 2688 4158 ,
2718 4109 2827 4163 quo
2859 4100 3018 4163 pacto
3048 4094 3117 4148 ah
3152 4092 3339 4163 ignitis
3367 4094 3711 4149 daemonibus

453 4186 952 4243 innumerabilibus
1012 4188 1244 4256 angelis,
1301 4188 1729 4262 hominibusque
1783 4190 2021 4246 circuut-
2126 4185 2397 4241 violenter
2442 4185 2715 4251 distracti,
2773 4187 2829 4240 in
2881 4186 3153 4256 supplicia
3182 4184 3608 4249 contrudcutur,
3655 4197 3712 4239 et

452 4277 747 4343 stantibus,
783 4278 909 4334 libri
944 4282 1286 4350 aperientur.
2050 4264 2423 4345 Dautequam
2495 4274 2796 4345 experiaris
2826 4311 2844 4340 ,
2932 4274 3089 4329 mitte
3147 4273 3383 4344 gemitus
3458 4288 3527 4327 ex
3602 4272 3715 4326 iuno

522 4367 811 4439 Reliquum
851 4371 979 4437 erit,
1025 4380 1085 4427 ut
1131 4387 1327 4443 preme,
1375 4388 1513 4445 quas
1546 4374 1793 4445 praedixi,
1850 4375 2029 4428 susci-
2131 4367 2317 4422 corde.

454 4458 606 4529 piant
636 4474 785 4526 reos,
829 4459 1062 4531 quorum
1097 4463 1311 4534 primus
1357 4472 1413 4521 et
1459 4465 1683 4521 ultimus
1733 4466 1884 4521 solus
1928 4479 2030 4537 ego
2202 4457 2273 4513 Ut
2301 4459 2590 4514 thesauros
2621 4459 2807 4531 abyssi
2842 4466 2896 4513 et
2927 4465 3242 4513 cataractas
3269 4456 3395 4511 coeli
3426 4455 3709 4525 aperiens,

452 4540 823 4608 miserrimus.
2134 4549 2406 4615 Salvator,
2460 4561 2660 4606 terram
2698 4566 2839 4621 aqua
2894 4554 2947 4604 in
3018 4548 3156 4604 facie
3202 4546 3318 4604 Noe
3358 4546 3589 4611 diluisti,
3641 4545 3715 4598 ita

521 4637 792 4696 Allahitur
811 4640 988 4698 Judex
1019 4644 1214 4714 dignos
1249 4654 1552 4710 mansuete,
1607 4654 1661 4701 et
1710 4654 2030 4715 peccatores
2134 4659 2280 4699 nunc
2311 4644 2626 4713 passionum
2655 4646 3155 4697 mearum‘cmnum
3186 4640 3357 4695 dilue.

452 4742 480 4781 a
522 4729 780 4784 tribunali
820 4745 1015 4801 aspera
1058 4749 1192 4789 voce
1234 4736 1460 4805 repellet
1486 4753 1501 4791 :
1531 4735 1655 4791 illos
1695 4736 1750 4789 in
1787 4735 2019 4805 gloriam
2204 4733 2250 4789 0
2278 4732 2501 4789 Domine
2554 4733 2910 4797 saeculorum,
2961 4731 3144 4795 Pater,
3185 4730 3326 4795 Fili,
3380 4736 3434 4783 et
3470 4728 3713 4797 Spiritus

453 4838 643 4879 secum
673 4822 975 4892 adducens,
1026 4826 1126 4883 hos
1172 4828 1241 4883 ad
1279 4827 1484 4884 luctum
1535 4829 1760 4885 mittens
1802 4830 2018 4901 sempi-
2132 4835 2340 4889 sancte,
2396 4840 2502 4879 una
2558 4825 2613 4879 in
2663 4823 2842 4879 tribus
2901 4822 3275 4879 subsistentiis
3332 4819 3564 4875 indivisa
3612 4834 3712 4873 na-

452 4920 698 4971 ternum;
2133 4925 2278 4982 tura,
2309 4916 2378 4972 da
2408 4916 2538 4972 mihi
2574 4924 2792 4988 tempus
2823 4914 3179 4987 pmnitentiae,
3215 4913 3282 4969 ad
3321 4913 3593 4985 expianda
3618 4911 3712 4968 de-

527 5005 715 5078 Magna
751 5016 1033 5077 permotus
1057 5009 1458 5077 misericordia,
1488 5011 1778 5083 propitius,
1815 5027 1885 5067 ne
1920 5021 2031 5066 tra-
2134 5011 2260 5065 licta
2288 5024 2431 5065 mea.

453 5101 554 5158 das
581 5099 759 5157 servis
784 5100 921 5157 diris
965 5116 1069 5158 nec
1100 5103 1310 5161 nuntiis
1340 5104 1495 5159 duris
1532 5119 1656 5161 eum
1709 5104 1803 5176 qui
1851 5103 2032 5160 indea
2201 5102 2247 5159 Ο
2292 5103 2540 5167 Domina,
2594 5101 2688 5158 Dei
2742 5099 2934 5166 Mater,
2989 5098 3214 5165 festina,
3286 5097 3396 5153 cito
3451 5110 3710 5152 succurre

455 5193 688 5261 pueritia
726 5201 918 5247 contra
947 5196 1000 5249 te
1039 5192 1327 5265 delinquit.
2135 5195 2266 5249 mihi
2300 5210 2313 5245 :
2345 5194 2556 5251 securis
2588 5194 2734 5248 enim
2777 5191 2926 5247 acies
2987 5200 3158 5246 terret
3183 5205 3291 5254 me,
3321 5197 3507 5258 utpote
3537 5188 3711 5242 infru-

525 5279 830 5335 Clementia
856 5288 947 5334 tua
980 5281 1237 5337 excident
1285 5289 1606 5352 arrogantes
1643 5281 1882 5351 iudices,
1943 5296 2033 5336 sa-
2134 5293 2409 5349 ctuosum,
2458 5291 2513 5339 et
2546 5282 2650 5337 falx
2699 5282 3039 5337 transeundo
3066 5291 3128 5335 ut
3166 5278 3521 5336 immaturum
3573 5279 3703 5333 ext!-

460 5371 697 5442 pientes,
732 5370 980 5443 dynastas
1009 5382 1063 5428 et
1099 5388 1256 5445 reges
1313 5382 1751 5444 contemptores;
1788 5372 2029 5444 coniugii
2136 5374 2679 5441 mescit;ventilator
2728 5382 2912 5430 autem
2965 5366 3124 5438 mihi,
3171 5380 3230 5427 ut
3285 5369 3477 5442 parcae,
3533 5369 3714 5441 ignem

458 5473 736 5532 expertum
788 5479 1008 5534 quoque
1062 5462 1408 5521 sacerdotum
1478 5473 1534 5520 et
1590 5464 2031 5535 conjugatorum,
2142 5466 2403 5522 minatur.

462 5555 592 5625 proh
625 5556 812 5611 dolor!
843 5557 1153 5613 multitudo.
