4084 6464
416 412 442 471 ἷ
459 412 526 475 15
1664 409 1942 469 LEONIS
1972 410 2429 471 PHILOSOPHI

426 564 731 580 ———-

3555 409 3660 476 316

610 736 1251 857 morus
1326 733 2591 883 manumanus
2662 733 3464 852 AUGUSTI

1630 962 2047 1008 COGNOMENTO
2107 960 2479 1006 PHILOSOPIII

1318 1131 1423 1193 AD
1450 1131 1785 1193 OMARUM
1844 1130 2408 1192 SARACENORUM
2486 1128 2753 1191 REGEM

1007 1299 1090 1357 De
1169 1297 1316 1374 fidei
1396 1295 1774 1358 Christianae
1854 1295 2117 1355 ueritate
2183 1304 2241 1356 et
2300 1296 2618 1377 mysteriis
2669 1303 2725 1357 et
2784 1294 2857 1355 de
2895 1291 3086 1353 rariis

1320 1421 1782 1482 Saracenorum
1849 1419 2183 1483 hceresibus
2243 1428 2301 1481 et
2353 1419 2751 1499 blasphemit's

1738 1600 2363 1694 EPISTOLA.

412 1794 796 1858 (Rymphoriano
827 1793 1133 1857 Champcrio,
1170 1794 1510 1859 Lugdunensi,
1537 1795 1815 1855 interprete
1848 1793 2074 1856 Lugduni
2110 1794 2292 1855 prodiit
2314 1805 2443 1842 anno
2478 1794 2591 1843 1501
2618 1807 2631 1854 ;
2665 1807 2835 1844 recusa
2859 1793 3046 1843 deinde
3081 1793 3132 1840 in
3189 1788 3412 1841 Bibliotlt.
3460 1789 3665 1838 Patrum

1644 1880 1873 1938 maxima,
1909 1885 2023 1928 tom.
2060 1877 2207 1936 XVII,
2231 1891 2276 1939 p.
2314 1876 2418 1939 45.)

477 2173 661 2226 Gloria
706 2171 837 2237 Deo,
886 2180 943 2227 et
983 2172 1266 2242 multiplex
1314 2173 1613 2243 gratiarum
1651 2176 1795 2231 actio
1823 2191 1990 2232 exsu-
2022 2190 2061 2244 Α
2094 2176 2192 2241 ιίο,
2250 2182 2599 2245 perscrutare
2649 2177 2806 2226 vetus
2869 2176 3257 2225 testamertum
3303 2166 3450 2237 quod
3514 2163 3665 2220 dedit

406 2278 604 2332 pet-aus
647 2263 820 2319 cmlos
878 2269 936 2316 et
997 2263 1323 2330 perveniens
1375 2264 1441 2318 ad
1492 2278 1557 2317 ca
1618 2280 1738 2334 quae
1790 2266 1985 2335 placita

404 2363 537 2407 sunt
572 2353 673 2420 illi,
705 2361 761 2408 et
791 2362 1092 2423 penetrans
1137 2352 1321 2408 abdita
1362 2354 1559 2423 ipsius,
1582 2357 1744 2424 cujus
1766 2365 1848 2410 est
1894 2356 1990 2410 bo-

404 2448 551 2500 nitas
587 2453 644 2499 et
671 2444 956 2501 miseratio
984 2459 1150 2513 super
1179 2459 1372 2500 servos
1403 2460 1559 2511 suos,
1588 2448 1682 2516 qui
1706 2457 1790 2501 est
1820 2462 1985 2511 unus,

400 2542 460 2586 ct
484 2546 592 2586 non
632 2540 718 2587 est
740 2532 886 2586 alius
914 2538 1112 2601 praeter
1147 2546 1291 2589 eum.
1324 2530 1495 2600 Ipsius
1528 2542 1615 2589 est
1645 2534 1900 2599 altitudo,
1934 2542 1989 2589 et

407 2620 759 2695 magnitudo,
821 2630 877 2678 et
912 2638 1167 2693 regnum,
1210 2631 1269 2679 et
1324 2636 1588 2694 potestas,
1646 2627 1766 2696 ipse
1804 2627 1990 2682 omnia

406 2717 837 2788 circumquaque
892 2717 1286 2787 complectens.
1344 2716 1635 2775 Credimus
1696 2720 1752 2773 in
1819 2736 1989 2775 unum

410 2806 601 2872 Deum,
652 2808 743 2861 cui
777 2806 976 2862 similis
1028 2820 1137 2861 non
1175 2816 1281 2875 est,
1340 2823 1441 2864 nec
1486 2808 1626 2863 alius
1661 2817 1747 2864 est
1796 2819 1992 2880 przeter

406 2912 556 2950 eum.
621 2896 695 2950 De
734 2904 933 2951 caetero
983 2896 1187 2954 notasti
1245 2897 1378 2953 mihi
1431 2912 1875 2956 commemorans
1925 2901 1993 2956 de

408 2987 636 3043 Christo
688 2987 828 3043 Filio
874 2986 1077 3056 Mariae,
1106 3004 1279 3060 quare
1315 2990 1612 3047 adoremus
1654 3007 1781 3049 cum
1815 3008 1829 3046 :
1863 3007 1989 3048 cum

410 3080 527 3145 ipse
569 3077 639 3133 de
701 3079 999 3150 semetipso
1050 3080 1427 3136 testimonium
1482 3082 1766 3151 perhibent
1802 3082 1993 3140 dicens

410 3169 560 3238 quod
596 3172 800 3225 missus
830 3170 903 3226 sit
932 3185 961 3224 a
992 3172 1122 3236 Deo,
1145 3180 1201 3226 et
1226 3173 1319 3242 qui
1348 3173 1639 3232 confessus
1662 3174 1829 3229 fuerit
1844 3190 1990 3239 eum,

415 3262 773 3318 conﬁtebitur
798 3277 985 3319 coram
1010 3277 1084 3318 eo
1134 3266 1228 3335 qui
1265 3265 1417 3321 mis-it
1449 3265 1602 3320 illum
1632 3283 1646 3319 :
1687 3274 1743 3321 et
1772 3268 1993 3332 iterum,

413 3365 536 3404 cum
598 3351 927 3405 ascenderet
974 3349 1041 3404 ad
1085 3352 1285 3416 caelos,
1316 3351 1457 3407 dixit
1509 3351 1796 3424 discipulis
1826 3355 1942 3409 suis
1977 3372 1992 3410 :

403 3441 645 3497 Ascendo
696 3442 766 3495 ad
807 3439 1118 3497 Creatorem
1145 3460 1340 3507 meum,
1383 3452 1434 3499 et
1473 3445 1545 3497 ad
1576 3443 1886 3500 Creatorem
1919 3448 1994 3519 (I)

2089 2267 2232 2322 Deus
2292 2264 2418 2319 liliis
2446 2264 2634 2326 Israel,
2670 2260 2838 2331 Moysi
2887 2259 3159 2325 et.David,
3206 2258 3488 2328 prophetis
3520 2257 3658 2310 suis.

2088 2360 2156 2413 Et
2187 2358 2383 2411 iterum
2415 2364 2662 2410 scrutare
2694 2367 2889 2407 novam
2942 2352 3136 2421 legem,
3158 2351 3305 2419 quod
3370 2357 3452 2402 est
3484 2346 3632 2401 Evan

2089 2448 2313 2519 geliuru,
2345 2445 2491 2517 quod
2519 2444 2811 2499 datumest
2837 2442 2999 2500 nobis
3028 2440 3096 2496 ab
3124 2438 3390 2510 apostolis
3415 2437 3617 2491 Christi
3641 2452 3655 2500 ;

2088 2547 2142 2595 et
2167 2548 2296 2593 tunc
2321 2536 2580 2603 reperies,
2616 2535 2686 2590 de
2716 2534 2935 2590 Christo
2963 2532 3251 2588 veritatem
3279 2537 3334 2584 et
3375 2528 3518 2582 viain
3573 2542 3660 2581 re-

2090 2634 2235 2681 ctam
2273 2640 2340 2680 eo
2374 2640 2548 2694 usque
2576 2632 2635 2677 ut
2666 2638 2773 2677 non
2803 2622 2876 2677 sit
2913 2621 2970 2677 in
3004 2630 3057 2677 te
3088 2620 3196 2675 ulla
3227 2618 3506 2680 titubatio,
3535 2617 3662 2670 dum

2090 2716 2297 2772 videris
2349 2716 2692 2786 Scriptorum
2725 2712 3097 2771 testimonium
3133 2710 3533 2781 perbibeutetn,
3567 2709 3669 2764 sibi

2092 2808 2328 2861 invicem
2388 2805 2818 2861 concordantem
2876 2804 2932 2857 in
2989 2802 3235 2865 Christo,
3290 2798 3437 2870 quod
3490 2807 3577 2853 est
3613 2798 3670 2851 in

2093 2912 2237 2953 novo
2284 2906 2340 2952 ct
2390 2897 2560 2952 veteri
2603 2901 2956 2957 testamento,
2992 2901 3047 2949 ot
3089 2900 3222 2947 tunc
3251 2904 3374 2946 vere
3401 2888 3671 2957 intelliges

2092 2987 2161 3042 de
2215 2986 2458 3042 Christo.
2494 2984 2768 3039 Scientem
2813 2992 2864 3040 te
2896 2981 3181 3039 reddimus
3237 2980 3306 3035 de
3345 2977 3449 3033 ﬁde
3481 2986 3669 3032 nostra

2091 3077 2367 3151 quomodo
2391 3078 2683 3132 adoremus
2704 3090 2849 3141 eum,
2879 3082 2933 3130 et
2955 3088 3078 3142 qua
3108 3074 3179 3129 sit
3206 3070 3448 3128 eruditio
3477 3070 3530 3123 in
3558 3083 3665 3137 qua

2092 3187 2307 3237 sumus,
2342 3169 2519 3223 donec
2549 3167 2849 3236 intelligas,
2874 3166 2919 3223 si
2936 3174 3119 3221 tamen
3142 3163 3403 3235 placitum
3429 3168 3515 3215 est
3542 3158 3671 3223 Deo,

2093 3264 2286 3317 dantes
2329 3260 2425 3314 tibi
2458 3257 2833 3314 testimonium
2890 3256 2961 3312 de
3014 3270 3157 3311 novo
3207 3262 3262 3309 et
3293 3252 3461 3307 veteri
3493 3260 3668 3304 testa-

2097 3360 2300 3418 mento,
2356 3351 2483 3424 quia
2536 3347 2685 3420 quod
2709 3348 2949 3403 dicimus
2976 3347 3046 3402 de
3076 3346 3321 3411 Christo,
3357 3357 3548 3399 verum
3586 3342 3672 3395 di-

2097 3445 2275 3500 cimus
2308 3462 2322 3498 :
2375 3442 2683 3499 secundum
2738 3440 2890 3512 quod
2927 3438 3115 3495 notavi
3147 3437 3267 3503 tibi,
3297 3436 3573 3491 trutinare
3620 3443 3675 3490 et

405 3542 653 3596 vestrum,
685 3530 754 3584 ad
792 3530 955 3585 Deum
1007 3547 1178 3585 meum
1208 3543 1259 3587 et
1288 3533 1356 3585 ad
1407 3532 1581 3588 Deum
1597 3544 1835 3589 nam
1855 3537 1899 3590 ⁸.
1931 3536 2001 3591 Et
2028 3537 2071 3591 Β
2098 3543 2351 3592 scrutare
2373 3533 2552 3590 donec
2575 3534 2741 3590 scias.

406 3625 607 3677 iterur-
652 3622 817 3687 dieis,
859 3623 1012 3693 quia,
1053 3637 1181 3677 cum
1232 3625 1319 3678 lex
1351 3623 1524 3695 Moysi
1564 3624 1619 3679 in
1652 3625 1778 3695 igne
1798 3627 1993 3683 fuisset

401 3719 646 3766 cremata
668 3719 724 3767 et
753 3719 1078 3767 renovasset
1095 3726 1215 3766 eam
1248 3710 1456 3769 Esdras
1484 3715 1762 3784 propheta
1801 3725 1861 3771 ut
1889 3732 1991 3785 po-

409 3800 517 3855 tuit
550 3799 601 3855 ei
632 3799 900 3856 memoria
934 3799 1120 3858 cordis
1143 3802 1227 3857 sui
1258 3803 1559 3870 recordari,
1590 3812 1647 3860 et
1712 3820 1823 3861 nou
1872 3809 1992 3863 siue

405 3891 714 3955 mendacio.
748 3901 934 3948 etnon
972 3891 1080 3949 fuit
1114 3892 1322 3950 ibidem
1348 3896 1677 3952 recordatus
1703 3896 1773 3953 de
1801 3912 1990 3955 restire

405 3984 669 4049 rectione,
718 3998 892 4054 neque
918 3982 986 4038 de
1016 3984 1295 4053 paradiso.
1327 4001 1509 4057 neque
1553 3988 1624 4044 de
1649 3989 1887 4046 inferno.
1921 3992 1991 4047 Et

402 4077 609 4129 iterum
662 4074 828 4143 dicis,
872 4075 1021 4146 quod
1062 4075 1191 4134 talis
1223 4077 1301 4132 sit
1342 4077 1602 4136 Christus
1626 4089 1758 4138 ante
1791 4082 1985 4147 Deum,

406 4162 593 4232 qualis
645 4173 701 4218 et
727 4162 924 4229 Adam,
974 4171 1031 4219 et
1058 4165 1190 4235 quia
1220 4167 1460 4221 comedit
1497 4167 1757 4225 Christus
1772 4178 1829 4225 et
1859 4171 1988 4226 dor-

403 4255 583 4318 mivit,
622 4255 770 4309 sicut
803 4262 860 4310 et
904 4255 1084 4311 Adam
1114 4264 1209 4312 :et
1238 4266 1422 4314 tamen
1458 4274 1570 4316 non
1603 4268 1656 4315 te
1676 4264 1989 4319 etnnmovit

408 4345 478 4397 nd
525 4345 628 4398 hoc
656 4344 765 4399 nisi
802 4346 1053 4414 paucitas
1097 4347 1475 4417 intelligentia:
1508 4358 1615 4406 tua:
1643 4351 1711 4407 de
1744 4354 1986 4411 Christo.

404 4433 471 4487 Et
501 4434 700 4488 iterum
745 4434 1002 4504 cognovi,
1049 4435 1179 4503 quia
1225 4436 1366 4493 dicis
1410 4438 1561 4507 quod
1610 4437 1784 4496 Maria
1830 4456 1991 4499 soror

404 4526 592 4579 Aaron
633 4534 691 4581 et
718 4525 891 4597 Moysi
943 4527 1198 4597 genuerit
1225 4528 1505 4585 Christum
1555 4548 1569 4585 :
1621 4540 1678 4588 et
1712 4535 1988 4604 quomodo

404 4618 583 4686 potuit
639 4633 785 4682 esse,
819 4633 944 4673 cum
977 4626 1192 4674 mortua
1229 4619 1393 4675 fuerit
1428 4632 1723 4695 postquam
1774 4628 1988 4697 egressi

401 4721 532 4765 sunt
558 4709 627 4765 de
658 4709 894 4781 Egypto
935 4710 990 4765 iu
1010 4710 1257 4777 deserto,
1288 4720 1346 4768 et
1370 4729 1532 4770 nemo
1562 4732 1629 4772 es
1661 4717 1744 4774 eis
1780 4718 1989 4789 ingres-

2165 3627 2451 3697 Cognosce
2509 3624 2663 3696 quod
2724 3630 3015 3693 postquam
3083 3619 3141 3674 in
3205 3618 3477 3689 principio
3539 3615 3666 3670 fecit

2092 3714 2241 3773 Deus
2295 3715 2496 3773 ctelum
2549 3721 2845 3773 etrtcrram
2898 3710 3080 3784 (cuius
3103 3716 3420 3766 nomenest
3451 3705 3680 3763 benedi-

2084 3806 2263 3877 ctum)
2296 3816 2352 3863 et
2386 3819 2647 3875 maguum
2680 3804 2864 3863 lumen
2911 3802 3038 3858 cmli
3085 3809 3143 3857 et
3178 3809 3361 3864 teme,
3384 3799 3532 3869 quod
3560 3812 3671 3853 non

2091 3899 2319 3970 capiunt
2350 3906 2569 3961 cuncta,
2614 3908 2795 3965 neque
2844 3891 3160 3947 mortalium
3204 3889 3433 3955 attingit
3469 3888 3673 3943 intelli-

2090 3994 2296 4063 gentia,
2323 3990 2474 4045 visus
2506 3996 2592 4044 est
2624 3986 2794 4058 Moysi
2830 3987 2883 4040 in
2916 3985 3039 4055 igne
3068 3984 3122 4037 in
3163 3989 3350 4037 monte
3382 3981 3514 4035 Sina
3537 3980 3557 4009 ¹
3582 4021 3596 4043 ,
3620 3981 3674 4031 in

2092 4085 2258 4140 verbo
2287 4081 2541 4137 luminis:
2566 4089 2628 4135 et
2646 4077 2808 4142 dixit,
2828 4074 2908 4133 Ne
2930 4075 3152 4138 timeas,
3174 4072 3412 4144 Moyses,
3437 4087 3536 4141 ego
3557 4086 3674 4124 sunt

2092 4175 2357 4231 Dominus
2376 4174 2521 4229 Deus
2549 4180 2701 4237 tuus,
2719 4179 2939 4226 creator
2966 4176 3114 4229 tuus,
3141 4167 3325 4221 lumen
3356 4165 3420 4222 de
3438 4164 3673 4225 lutnine.

2092 4265 2331 4322 Verbum
2345 4265 2411 4320 de
2431 4263 2589 4319 Patre
2601 4278 2667 4318 ex
2683 4261 2886 4333 quibus
2904 4259 3145 4328 Spiritus
3162 4264 3390 4313 sanctus
3405 4254 3670 4326 procedit.

2092 4356 2160 4412 Et
2186 4357 2313 4414 ideo
2337 4356 2595 4420 dicimus,
2630 4354 2858 4408 Paterct
2880 4352 3053 4406 Filius
3077 4361 3130 4406 et
3163 4349 3407 4419 Spiritus
3423 4354 3671 4409 sanctus,

2092 4448 2275 4503 lumen
2295 4447 2363 4502 de
2393 4447 2619 4509 lumine,
2646 4444 2876 4501 verbum
2894 4442 2965 4498 de
2984 4441 3095 4499 Deo
3128 4441 3295 4510 :quia
3324 4453 3493 4495 unum
3522 4446 3673 4499 sunt,

2092 4556 2200 4596 non
2228 4546 2546 4611 separantes
2560 4553 2647 4603 ea,
2674 4538 2802 4607 quia
2832 4534 3077 4605 procedit
3095 4531 3333 4589 Verbum
3352 4532 3425 4585 de
3450 4526 3675 4589 lumine,

2089 4643 2145 4690 et
2164 4632 2403 4703 Spiritus
2432 4637 2661 4687 sanctus
2677 4628 2746 4685 de
2772 4629 2997 4692 lumine,
3025 4635 3079 4681 et
3100 4625 3229 4697 quia
3244 4638 3359 4679 non
3380 4628 3464 4679 est
3481 4619 3679 4676 inloco

2093 4725 2325 4779 minimo
2378 4723 2666 4787 mittimus,
2712 4727 2769 4777 et
2807 4719 2862 4774 in
2912 4718 3154 4772 maximo
3218 4712 3544 4783 multiplex,
3584 4707 3677 4764 sed

406 4818 504 4857 sus
558 4804 633 4858 sit
672 4812 879 4859 terram
941 4804 1414 4874 repromissionis,
1480 4807 1641 4878 longe
1689 4787 1983 4880 antequam

2091 4815 2299 4885 ubique
2348 4824 2496 4869 totus
2534 4822 2641 4868 est.
2684 4810 2904 4865 intuere
2939 4787 3109 4864 soloin
3159 4806 3216 4861 in
3243 4819 3354 4876 quo
3378 4810 3513 4859 sunt
3543 4799 3678 4854 radii

404 4904 730 4951 nasceretur
782 4894 954 4949 Maria
978 4873 1150 4951 Mater
1174 4896 1386 4953 Christi
1417 4907 1472 4954 et
1505 4873 1661 4968 pater
1680 4900 1810 4970 ejus
1838 4873 1985 4956 doa-
2012 4873 2055 4930 Ο
2088 4914 2143 4962 et
2169 4873 2431 4977 splendor
2465 4922 2478 4959 :
2515 4902 2765 4973 nunquid
2794 4915 2905 4955 non
2931 4899 3109 4964 vides,
3141 4873 3276 4968 quia
3298 4909 3476 4966 usque
3492 4906 3679 4963 aequa-

402 4986 567 5039 chim.
611 4984 745 5040 Nam
783 4985 972 5053 Maria,
1026 4987 1133 5041 lilia
1169 4988 1375 5052 Aaron,
1419 4989 1521 5044 fuit
1553 4990 1620 5045 de
1667 4993 1812 5047 tribu
1862 4993 1989 5050 Levi
2078 4999 2154 5056 iis
2204 4998 2341 5055 est?
2390 4998 2610 5066 Quanto
2679 4995 2863 5066 magis
2910 4991 3056 5049 Deus
3110 4990 3206 5062 qni
3236 4988 3368 5045 fecit
3420 4988 3592 5043 solem
3627 4992 3682 5036 et

403 5077 499 5132 lilii
540 5075 734 5146 Iacob,
785 5077 954 5133 naria
1006 5094 1136 5135 vero
1216 5078 1391 5137 Mater
1438 5081 1678 5146 Christi,
1724 5084 1833 5139 lilia
1882 5084 1990 5140 fuit
2084 5088 2270 5143 omnia
2298 5104 2426 5159 quae
2445 5094 2582 5144 sunt
2608 5084 2754 5141 intra
2784 5083 2987 5139 etclam
3015 5089 3071 5138 et
3099 5076 3468 5136 terramle
3496 5077 3679 5129 ltttnctt

400 5166 650 5224 Joachitn
681 5169 749 5235 de
776 5184 975 5240 genere
998 5168 1193 5250 David,
1220 5170 1295 5226 de
1326 5172 1470 5227 tribu
1491 5170 1633 5228 Juda
1664 5172 1758 5229 iilii
1794 5172 1986 5232 Jseob.
2085 5188 2140 5234 et
2161 5178 2399 5235 Verbum
2461 5177 2606 5250 quod
2637 5186 2807 5231 estex
2842 5175 3054 5245 seipso,
3093 5172 3236 5227 facta
3276 5178 3407 5226 sunt
3462 5164 3669 5224 omnia.

409 5256 799 5315 Verumtamen
830 5261 878 5316 si
912 5260 1047 5317 velis
1080 5248 1228 5316 scire
1247 5261 1317 5318 de
1345 5261 1591 5329 Christo,
1624 5274 1682 5319 ut
1705 5265 1983 5335 pertineat
2089 5277 2145 5324 et
2172 5270 2341 5324 voluit
2362 5248 2556 5340 ipsum
2608 5266 2847 5325 Verbum
2888 5266 3075 5323 dicere
3105 5261 3308 5321 Filium
3334 5274 3527 5317 suurn.
3560 5253 3670 5308 Sed

402 5351 471 5406 ad
494 5361 549 5411 te
574 5354 768 5411 notitia
793 5354 972 5425 ipsius
999 5352 1177 5412 donec
1204 5370 1315 5421 non
1340 5357 1420 5413 sit
1452 5359 1507 5413 in
1546 5365 1602 5415 to
1630 5358 1745 5414 ulla
1773 5359 1979 5416 tituba-
2089 5376 2158 5417 ne
2202 5375 2423 5431 paveas,
2458 5360 2696 5417 Verbum
2740 5358 2837 5416 Dei
2882 5358 3070 5415 dicere
3102 5352 3298 5410 Filium
3332 5350 3422 5406 Dei
3459 5362 3477 5400 :
3540 5343 3674 5416 quia

479 5532 680 5589 ‘Juan.
716 5551 809 5601 xx,
841 5535 925 5588 I7.
1003 5538 1021 5567 ²
1055 5534 1222 5588 Exod.
1257 5552 1367 5589 xix.

1939 5687 2171 5745 NUTJE.

481 5801 555 5869 (ι)
610 5798 707 5855 llic
762 5804 990 5858 observa
1049 5806 1462 5879 Mahumctanos
1524 5810 1659 5864 male
1710 5810 1887 5881 legere
1927 5808 2253 5875 Creatorem,
2286 5824 2405 5880 pro,
2443 5808 2677 5863 Patrem.
