4084 6428
400 386 507 451 3i?

1606 367 1965 431 EPISTOLA
2001 365 2101 423 AD
2136 361 2481 423 OMARUM.

3554 353 3659 418 318

409 496 553 550 Deus
590 492 749 546 Pater
788 498 873 545 est
904 486 1068 544 Verbi
1098 485 1205 551 sui,
1232 496 1288 540 et
1324 482 1416 539 ubi
1465 492 1549 537 est
1589 478 1824 534 Verbum
1878 475 1992 540 Dei,
2024 481 2068 538 Α
2100 473 2290 535 reniet,
2320 480 2369 524 et
2406 484 2509 521 non
2540 464 2772 519 tardabit
2802 464 2867 516 ’⁸.
2907 461 3075 519 lsaias
3109 480 3123 517 :
3158 460 3288 517 Post
3332 470 3381 516 te
3411 462 3660 516 ambula-

404 585 479 637 ibi
513 588 602 635 est
640 582 803 641 Deus,
830 577 957 647 quia
986 575 1227 630 Verbum
1259 571 1445 628 Deiex
1479 569 1589 625 Deo
1620 568 1725 632 est,
1759 576 1813 621 et
1852 565 1979 634 Spi-

406 673 547 726 ritus
606 677 833 724 sanctus
886 682 950 721 ex
983 665 1093 720 Deo
1150 672 1277 719 est:
1334 670 1388 717 et
1417 676 1537 731 qua!
1567 659 1681 713 vult
1714 655 1978 719 Verbum,

370 820 377 826 ,
404 771 692 831 operatur,
721 767 777 814 et
824 771 947 826 qua:
978 753 1091 809 vult
1125 752 1365 823 Spiritus
1418 758 1665 815 sanctus,
1697 754 1978 816 operatur,

368 832 459 907 ἐι
492 865 617 920 qua:
649 849 763 903 vult
812 849 1001 909 Pater,
1041 850 1323 914 operatur,
1355 850 1411 897 et
1449 840 1565 895 haec
1594 838 1779 893 omnia
1839 850 1981 890 unus

413 944 559 999 Deus
607 927 895 1012 operatur.
950 938 1071 993 Non
1125 936 1421 992 dividimus
1473 934 1615 989 inter
1657 946 1775 997 eos,
1807 944 1984 999 neque

412 1037 598 1106 plures
654 1034 787 1087 deos
814 1031 1050 1087 dicimus
1078 1028 1163 1084 cui
1206 1042 1314 1083 non
1367 1033 1454 1082 cst
1506 1023 1707 1081 similis
1736 1022 1791 1076 in
1819 1034 1984 1090 regno

417 1138 643 1177 manens
664 1122 719 1175 in
746 1128 1098 1189 perpetuum,
1133 1131 1358 1187 regnum
1387 1123 1659 1169 sanctum.
1687 1111 1847 1166 Pater
1872 1124 1981 1164 non

418 1226 500 1272 est
533 1214 774 1285 genitus,
835 1209 1009 1265 Filius
1042 1217 1127 1263 est
1177 1207 1419 1277 genitus.
1481 1203 1723 1275 Spiritus
1758 1208 1983 1257 sanctus

420 1322 524 1361 non
550 1313 636 1361 est
659 1303 898 1373 genitus,
929 1314 1105 1370 neque
1136 1299 1433 1368 ingenitus.
1461 1294 1697 1350 Necesse
1747 1302 1832 1349 cst
1890 1306 1986 1344 au-

416 1409 523 1455 tem
556 1398 716 1453 nobis
750 1411 817 1450 ex
840 1393 1123 1465 prophetis
1154 1391 1402 1461 proferre
1424 1386 1821 1453 testimonium,
1841 1382 1985 1454 quod

416 1489 560 1543 Deus
594 1486 927 1542 benedictus
956 1474 1174 1537 vocavit
1218 1480 1497 1537 Christum
1538 1475 1796 1540 Verbum,
1829 1488 1986 1529 suum

416 1577 638 1640 Filium.
684 1585 737 1630 et
777 1589 873 1643 per
904 1570 1135 1629 Verbum
1174 1570 1319 1641 quod
1362 1567 1605 1640 procedit
1644 1581 1710 1620 ex
1761 1565 1986 1629 lumine,

414 1671 659 1727 condidit
708 1669 908 1723 caelum
959 1674 1014 1720 et
1076 1676 1280 1720 terram
1341 1672 1395 1718 et
1442 1660 1626 1717 omnia
1667 1676 1788 1730 qum
1820 1660 1873 1713 in
1898 1661 1980 1716 eis

416 1772 569 1819 sunt.
625 1761 838 1832 Moyses
893 1758 1025 1813 dicit
1055 1758 1099 1823 ⁸,
1131 1755 1271 1811 Deus
1313 1768 1410 1825 per
1442 1752 1677 1808 Verbum
1715 1751 1843 1805 fecit
1871 1765 1990 1804 om-

2080 559 2228 620 bunt,
2269 556 2431 610 vincti
2458 552 2677 606 manicis
2705 562 2938 623 pergent,
2975 560 3024 605 et
3055 559 3102 605 te
3141 550 3465 615 adorabunt,
3514 561 3661 620 teque

2079 646 2515 716 deprecabuntur,
2539 645 2663 715 quia
2687 652 2742 696 tu
2761 660 2815 698 es
2842 641 2982 696 Deus
3009 651 3058 697 et
3084 658 3186 695 non
3217 650 3294 696 est
3316 642 3455 695 alius
3473 651 3663 712 pra'tcr

2083 748 2130 792 te
2160 736 2300 791 Deus
2359 734 2555 790 Israel.
2615 735 2870 788 Salvator
2912 733 3235 802 confundens
3258 731 3496 787 inimicos
3526 744 3665 798 tuos,

2084 824 2329 881 abierunt
2365 828 2419 878 in
2472 823 2832 893 confusionem
2856 823 3145 877 ".Jterum
3170 822 3337 877 David
3380 840 3393 876 :
3428 822 3567 878 Deus
3598 825 3662 876 de

2085 917 2218 972 cwlo
2254 918 2521 985 prospexit
2563 930 2720 983 super
2742 915 2884 983 ﬁlios
2909 914 3181 968 hominum
3216 923 3273 966 ut
3306 913 3477 967 videat
3511 915 3558 969 si
3588 925 3666 969 est

2083 1010 2382 1080 intelligens
2411 1018 2503 1062 aut
2557 1009 2825 1078 requirens
2885 1005 3098 1071 Deum;
3148 1023 3325 1061 omnes
3356 1008 3660 1062 declinare-

2087 1114 2233 1168 runt,
2285 1104 2447 1158 simul
2483 1104 2695 1157 inutiles
2751 1102 2881 1170 facti
2924 1110 3073 1164 sunt,
3127 1110 3333 1157 nonest
3364 1103 3457 1171 qui
3486 1101 3660 1170 faciat

2088 1194 2301 1258 bonum,
2334 1209 2435 1247 non
2473 1202 2552 1246 est
2585 1207 2752 1261 usque
2780 1190 2848 1244 ad
2889 1206 3051 1243 unum
3100 1192 3167 1244 “.
3200 1189 3266 1243 Et
3297 1190 3493 1245 iterum
3526 1209 3539 1245 :
3570 1190 3672 1244 Di-

2087 1288 2169 1341 scit
2203 1283 2457 1337 Dominus
2487 1282 2716 1336 Domino
2749 1298 2867 1335 meo.
2890 1298 2912 1335 ι
2948 1281 3133 1336 Sedea
3160 1280 3363 1335 dextris
3394 1283 3545 1347 meis,
3578 1281 3672 1335 do-

2090 1391 2182 1429 nec
2208 1390 2400 1442 ponam
2427 1373 2672 1426 inimicos
2691 1380 2809 1426 tuos
2842 1371 3133 1425 scabellum
3155 1370 3348 1439 pedum
3372 1381 3586 1425 tuorum
3603 1372 3667 1426 ”.

2088 1466 2307 1538 Moyses
2358 1465 2498 1520 dixit
2558 1463 2627 1520 de
2691 1463 2947 1534 passione
3015 1461 3266 1516 Christi:
3307 1460 3557 1515 Videbitis
3596 1463 3672 1514 ui-

2093 1570 2202 1614 tam
2234 1567 2462 1612 uestram
2494 1552 2803 1623 pendentem
2843 1568 3024 1607 coram
3048 1550 3217 1605 oculis
3254 1550 3463 1614 vestris,
3486 1559 3534 1603 et
3566 1566 3669 1603 non

2093 1650 2318 1707 credetis
2345 1650 2411 1704 ³⁷⁵.
2445 1649 2616 1704 David
2656 1666 2669 1703 :
2714 1644 2993 1702 Foderunt
3037 1660 3229 1700 manus
3262 1660 3405 1698 meas
3435 1653 3485 1697 et
3517 1644 3675 1712 pedes

2095 1760 2255 1807 meos,
2298 1743 2762 1795 dinumeraverunt
2809 1738 2987 1794 omnia
3052 1752 3175 1791 ossa
3204 1753 3341 1803 mea,
3385 1734 3675 1789 diviserunt

416 1853 530 1908 nia.
568 1812 737 1904 David
789 1849 846 1903 in
884 1812 1140 1910 Psalmis,
1181 1812 1348 1896 Verbb
1400 1838 1614 1894 Domini
1639 1836 1754 1891 caeli
1787 1834 1990 1905 ﬁrmati
2020 1812 2067 1872 Β
2096 1833 2197 1888 sibi
2240 1834 2549 1889 vestimenta
2588 1839 2795 1895 mea,et
2822 1845 2979 1899 super
3015 1838 3203 1884 uestem
3230 1844 3399 1883 meam
3422 1830 3678 1882 miserunt

415 1942 620 2007 sunt';
644 1946 699 1996 et
745 1937 874 1993 alibi
911 1954 925 1991 :
965 1930 1033 1990 In
1093 1942 1370 1996 teternum,
1401 1928 1660 1992 Domine,
1718 1933 1990 1995 permanet

426 2034 650 2090 Verbum
677 2042 827 2087 tuum
853 2030 874 2062 '
899 2046 918 2095 ;
949 2028 1218 2084 etiterum
1247 2019 1434 2080 :Misit
1472 2020 1696 2077 Verbum
1716 2021 1757 2085 ⁸,
1790 2028 1843 2074 et
1859 2033 1990 2073 con-

417 2137 523 2181 tra.
580 2122 684 2180 Job
737 2120 869 2177 dicit
900 2121 967 2176 de
998 2119 1204 2190 Spiritu
1246 2124 1476 2172 sancto:
1511 2111 1741 2182 Spiritus
1773 2107 1991 2162 Domini

419 2217 542 2285 fecit
575 2215 725 2280 me’;
763 2213 974 2284 Moyses
1004 2229 1019 2265 :
1053 2206 1285 2278 Spiritus
1308 2205 1524 2260 Domini
1556 2218 1713 2273 super
1727 2217 1893 2272 aquas
1921 2199 1991 2268 {e-

420 2304 666 2361 rebatur'
684 2324 697 2369 ;
716 2303 917 2360 Isaias:
941 2300 1171 2372 Spiritus
1196 2296 1407 2353 Domini
1428 2309 1583 2363 super
1606 2307 1704 2356 me,
1730 2306 1820 2361 per
1840 2305 1992 2360 quem

422 2398 576 2451 unxit
599 2395 762 2460 me’,‘
810 2393 976 2449 David
1023 2410 1038 2446 :
1078 2384 1273 2444 Emitte
1333 2383 1594 2456 Spiritum
1645 2392 1791 2435 tuum
1834 2379 1905 2443 ‘°.
1939 2386 1993 2433 et

419 2494 643 2551 contra;
680 2495 734 2539 et
786 2483 1007 2543 lterum,
1061 2479 1299 2548 Spiritus
1354 2485 1474 2529 tuus
1542 2472 1706 2527 bonus
1775 2468 1991 2525 deducet

420 2594 500 2631 me
530 2579 668 2641 ",et
700 2584 920 2639 contra;
951 2580 1005 2628 et
1029 2574 1250 2636 iterum,
1277 2566 1538 2637 Spiritum
1568 2574 1767 2618 rectum
1800 2562 1993 2614 innova

419 2673 472 2725 in
510 2667 798 2723 uisceribus
830 2667 959 2720 meis
990 2664 1033 2696 "
1079 2668 1173 2719 εει
1208 2661 1427 2725 lterum,
1465 2656 1666 2726 Spiritu
1711 2650 1995 2724 principali

423 2762 684 2830 conﬁrma
730 2775 811 2813 me
843 2758 909 2812 ".
966 2754 1094 2811 Haec
1128 2761 1258 2810 sunt
1288 2752 1355 2807 de
1392 2748 1565 2806 veteri
1594 2747 1712 2817 lege
1742 2744 1995 2800 testimo-

429 2856 543 2920 nia,
600 2852 742 2923 quod
776 2849 1019 2906 Verbum
1072 2854 1128 2904 et
1162 2843 1403 2917 Spiritus
1461 2843 1552 2912 qui
1600 2846 1825 2897 suntex
1860 2834 1995 2901 Deo,

426 2964 638 3003 omnem
667 2954 980 3002 creaturam
1027 2940 1357 2997 creaveriut.
1391 2934 1617 3006 Oportet
1651 2947 1751 2987 nos
1798 2929 1998 2985 iterum

424 3038 666 3109 proferre
717 3033 1120 3098 testimonium,
1176 3027 1321 3101 quod
1382 3025 1528 3081 Deus
1556 3020 1795 3078 Verbum
1838 3033 1998 3075 suum

2093 1938 2283 1984 sortem
2301 1930 2367 1982 ’⁸.
2398 1928 2601 1983 Isaias:
2638 1926 2810 1981 Homo
2836 1935 3008 1995 potest
3021 1924 3163 1995 ferre
3177 1925 3386 1995 plagam
3411 1925 3533 1992 quia
3561 1924 3682 1978 abs-

2092 2020 2333 2074 conditus
2357 2028 2432 2074 est
2465 2019 2638 2073 vultus
2684 2017 2820 2087 ejus,
2851 2018 2989 2071 unde
3038 2034 3129 2071 nec
3158 2017 3517 2086 reputabimus
3539 2032 3679 2070 eum.

2105 2109 2233 2165 Vere
2268 2110 2547 2182 languores
2580 2120 2793 2164 nostros
2828 2110 2938 2177 ipse
2968 2108 3115 2173 tulit,
3152 2118 3201 2162 et
3231 2107 3440 2162 dolores
3470 2116 3680 2161 nostros

2092 2203 2201 2265 ipse
2226 2202 2454 2271 portarit
2489 2202 2536 2233 "
2565 2202 2664 2272 (Ξ).
2707 2199 2832 2256 Haec
2872 2209 3001 2257 sunt
3031 2200 3346 2255 testimonia
3370 2200 3514 2268 quod
3541 2200 3682 2254 Deus

2093 2306 2156 2345 ex
2216 2290 2325 2346 Deo
2374 2300 2495 2346 est:
2524 2289 2797 2345 Joannes:
2828 2288 2893 2342 In
2919 2291 3180 2360 principio
3197 2298 3312 2345 erat
3353 2288 3597 2355 Verbum,
3627 2300 3678 2343 et

2110 2380 2328 2437 Verbum
2371 2391 2485 2436 erat
2538 2381 2679 2451 apud
2732 2380 2895 2436 Deum
2930 2397 2948 2435 :
2981 2392 3031 2436 et
3059 2380 3200 2435 Deus
3222 2391 3335 2435 erat
3370 2380 3596 2435 Verbum
3613 2382 3682 2433 ”.

2096 2471 2316 2528 Gabriel
2360 2490 2374 2526 :
2412 2471 2642 2541 Spiritus
2668 2480 2886 2526 sanctus
2913 2471 3233 2540 superveniet
3264 2470 3317 2524 in
3361 2480 3430 2535 te,
3470 2477 3520 2524 et
3572 2470 3683 2525 uir-

2097 2576 2179 2620 tus
2226 2565 2487 2620 Altissimi
2537 2564 2869 2620 obumbrabit
2920 2564 3012 2619 tibi
3059 2565 3132 2619 ⁸⁸.
3170 2564 3375 2621 Paulus
3409 2562 3684 2634 :Spiritus

2098 2666 2319 2711 sanctus
2384 2666 2658 2711 scrutatur
2694 2656 2894 2722 omnia,
2952 2666 3001 2711 et
3044 2657 3190 2711 norit
3247 2655 3455 2710 occulta
3484 2655 3581 2710 Dei
3617 2657 3686 2709 ”.

2099 2747 2338 2805 Joannes
2370 2748 2417 2780 '°
2450 2767 2464 2804 :
2491 2747 2617 2802 Non
2646 2749 2941 2816 accepimus
2973 2748 3221 2817 spiritum
3260 2747 3559 2815 seruitutis,
3593 2748 3687 2801 sed

2100 2839 2347 2906 spiritum
2380 2837 2470 2907 qui
2497 2844 2666 2890 estea:
2702 2835 2808 2890 Deo
2845 2853 2864 2901 ;
2917 2836 3115 2891 iterum
3146 2853 3159 2890 :
3216 2835 3277 2890 Si
3305 2837 3420 2905 quis
3438 2836 3687 2904 spiritum

2102 2928 2305 2985 Christi
2330 2944 2437 2983 non
2470 2927 2644 2993 habet,
2680 2926 2765 2980 Inc
2794 2942 2899 2980 non
2928 2934 3005 2981 est
3029 2926 3147 2996 ejus
3172 2925 3237 2981 ³¹.
3265 2926 3388 2980 llaec
3442 2934 3574 2981 sunt
3604 2935 3688 2980 te-

2103 3021 2358 3076 stimonia
2386 3019 2453 3076 de
2480 3018 2632 3075 Novo
2663 3018 3041 3087 Testamento,
3070 3018 3215 3091 quod
3248 3016 3503 3073 Christus
3519 3016 3690 3072 Filius

428 3107 622 3187 Filium
653 3145 814 3185 suum
849 3125 1085 3182 vocavit.
1116 3121 1289 3179 lsaias
1318 3118 1477 3182 dicit,
1513 3113 1643 3169 Ecce
1684 3112 1840 3183 Virgo
1867 3124 1996 3163 con-
2026 3145 2068 3204 ο
2106 3109 2199 3204 Dei
2230 3110 2346 3204 sit“:
2377 3108 2594 3166 Gabriel
2622 3107 2689 3164 ad
2728 3108 2963 3164 Mariam
2992 3128 3005 3164 :
3047 3108 3179 3164 Ecce
3211 3110 3475 3179 concipies
3504 3117 3552 3163 et
3593 3124 3691 3177 pa-

423 3224 579 3294 cipiet
625 3232 675 3278 et
718 3219 888 3290 pariet
924 3212 1127 3271 Filium
1177 3213 1245 3279 “,
1271 3220 1325 3268 et
1378 3217 1615 3272 contra;
1651 3212 1705 3260 et
1753 3204 1990 3258 iterum:

428 3291 698 3368 Parvulas
717 3320 875 3365 natus
906 3317 983 3364 est
1015 3306 1187 3369 nobis,
1222 3313 1270 3358 et
1301 3301 1447 3372 ﬁlius
1467 3298 1625 3351 datus
1654 3302 1730 3349 est
1756 3294 1906 3348 nobis
1925 3291 1994 3345 ¹⁸.

425 3405 623 3462 lterum
676 3401 819 3459 Deus
848 3400 1030 3465 Pater,
1060 3398 1125 3452 ad
1154 3396 1328 3450 David
1374 3411 1387 3447 :
1440 3389 1731 3459 Postquam
1768 3385 1999 3439 dormie-

427 3498 502 3551 ris
528 3511 645 3551 cum
683 3492 927 3564 patribus
962 3490 1088 3551 tuis,
1131 3484 1398 3541 suscitabo
1436 3480 1500 3534 de
1532 3479 1730 3548 femore
1763 3484 1866 3564 tuo
1908 3473 1998 3543 qui

426 3586 621 3643 sedebit
656 3561 814 3653 super
843 3581 1086 3635 thronum
1114 3574 1304 3632 Israel.
1327 3570 1439 3641 Ego
1469 3583 1559 3622 ero
1600 3567 1646 3620 ei
1679 3561 1995 3653 in‘Patre-m,

426 3682 476 3728 et
533 3673 641 3742 ipse
712 3650 812 3724 ira
834 3667 969 3721 mihi
1000 3666 1054 3719 in
1105 3660 1374 3734 ﬁlium“.
1426 3655 1598 3712 David
1644 3654 1699 3708 in
1726 3650 1997 3708 Psalmis:

431 3764 686 3820 Dominus
730 3761 866 3815 dixit
916 3757 987 3813 ad
1036 3772 1138 3823 me,
1169 3763 1226 3810 et
1270 3760 1457 3809 contra
1490 3745 1788 3803 Zacharias
1819 3742 1998 3799 dicit:

429 3855 612 3912 Gaude
645 3866 695 3906 et
726 3853 929 3912 (tutare,
962 3848 1079 3917 ﬁlia
1108 3843 1257 3907 Sion,
1295 3842 1489 3903 clama,
1525 3839 1644 3908 ﬁlia
1677 3833 2000 3896 Jerusalem,

428 3949 552 4018 quia
582 3960 698 4000 ecce
738 3942 848 3997 Rea:
880 3951 1000 3995 tuus
1046 3938 1184 3994 venit
1217 3935 1312 3989 tibi
1355 3932 1506 3987 mitis
1532 3938 1583 3986 et
1642 3928 1824 3983 sedens
1848 3940 2005 3994 super

428 4042 633 4111 pullum
672 4039 870 4103 asinar,
926 4036 1171 4105 loquetur
1212 4045 1394 4100 pacem
1423 4025 1665 4098 gentibus
1692 4022 1761 4075 ¹⁴¹.
1800 4019 2003 4075 lterum

431 4110 648 4203 opOrtet
678 4144 779 4184 nos
802 4126 1048 4199 proferre
1085 4122 1464 4178 testimonium
1502 4115 1569 4171 de
1590 4117 1707 4187 lege
1736 4112 1851 4175 Dei,
1878 4110 2006 4181 quia

430 4202 593 4280 Jesus
640 4220 901 4277 Christus
951 4213 1123 4270 Filius
1170 4211 1377 4276 Mariae,
1429 4208 1571 4263 Deus
1620 4206 1689 4262 de
1742 4204 1853 4259 Deo
1912 4202 2007 4257 sit.

2105 3202 2206 3257 ries
2255 3201 2450 3271 ﬁlium,
2504 3212 2555 3256 et
2596 3201 2811 3256 vocabis
2863 3218 3049 3256 nomen
3076 3202 3190 3271 ejus
3240 3200 3426 3255 Iesum
3453 3217 3472 3255 :
3505 3209 3556 3254 et
3581 3200 3691 3270 ipse

2094 3293 2315 3348 redimet
2336 3295 2582 3362 populum
2633 3309 2787 3347 suum
2814 3295 3099 3363 avpeccatis
3131 3310 3310 3348 eorum
3349 3293 3417 3346 δ’.
3448 3290 3690 3346 Paulus:

2103 3385 2252 3441 Misit
2284 3384 2424 3441 Deus
2459 3383 2663 3439 Filium
2706 3403 2861 3443 suum
2887 3394 3070 3439 natum
3103 3384 3166 3439 de
3206 3385 3443 3448 muliere,
3487 3384 3690 3454 factum

2101 3475 2194 3531 sub
2262 3476 2373 3544 lege
2417 3484 2475 3528 ut
2518 3490 2605 3528 eos
2658 3478 2748 3545 qui
2796 3475 2891 3529 sub
2947 3474 3053 3544 lege
3092 3483 3245 3528 erant
3292 3474 3573 3528 redimeret
3615 3474 3687 3509 ³⁸·

2099 3565 2339 3623 Joannes
2370 3568 2510 3633 :Qui
2528 3566 2696 3620 credit
2722 3568 2774 3620 in
2808 3564 3009 3621 Filium
3039 3565 3154 3632 Dei,
3178 3567 3330 3621 habet
3350 3568 3509 3621 vitam
3540 3576 3695 3621 aJter-

2102 3674 2265 3725 nam;
2295 3659 2385 3729 qui
2405 3675 2523 3712 vero
2554 3674 2657 3713 non
2688 3659 2853 3713 credit
2880 3658 2935 3713 in
2967 3659 3141 3723 illum,
3173 3676 3275 3712 non
3310 3658 3505 3713 ridebit
3527 3659 3690 3713 vitam

2104 3761 2378 3816 alternam,
2425 3749 2516 3805 sed
2546 3751 2630 3804 ira
2662 3749 2760 3805 Dei
2795 3760 2972 3806 manet
3004 3766 3160 3818 super
3185 3767 3303 3804 eum
3343 3750 3410 3804 “.
3439 3748 3640 3804 Paulus
3674 3767 3689 3803 :

2105 3838 2247 3894 Deus
2270 3856 2413 3893 unus
2467 3835 2647 3893 Filius
2678 3838 2772 3892 Dei
2801 3855 2892 3908 per
2920 3855 3070 3909 quem
3099 3838 3243 3907 facta
3266 3846 3387 3889 sunt
3416 3836 3595 3889 omnia
3625 3835 3691 3892 ³⁸.

2105 3926 2297 3985 Petrus
2329 3945 2342 3981 :
2377 3926 2455 3980 Tu
2484 3944 2536 3981 es
2565 3926 2809 3981 Christus
2857 3924 3031 3981 Filius
3063 3927 3161 3980 Dei
3190 3926 3291 3979 vivi
3322 3925 3389 3978 ³⁸.
3425 3922 3648 3979 Gabriel
3677 3943 3693 3976 :

2108 4021 2230 4085 Ave,
2260 4018 2463 4082 Maria,
2494 4019 2671 4089 gratia
2709 4019 2886 4089 plena,
2920 4018 3176 4072 Dominus
3209 4026 3381 4069 tecum
3409 4031 3430 4068 :
3463 4013 3694 4084 Spiritus

2108 4122 2323 4167 sanctus
2363 4112 2687 4179 superveniet
2727 4111 2780 4165 in
2818 4119 2886 4176 te,
2931 4118 2980 4163 et
3017 4109 3182 4163 rirtus
3215 4104 3479 4159 ditissimi
3511 4109 3695 4159 obum—

2108 4203 2281 4257 brabit
2311 4203 2435 4269 tibi,
2475 4213 2525 4257 et
2556 4203 2692 4273 quod
2722 4212 2968 4256 nascetur
2992 4216 3056 4254 ea:
3080 4209 3128 4252 te
3153 4196 3407 4253 Sanctum
3425 4196 3696 4251 vocabitur

433 4314 605 4369 1300b
634 4313 782 4368 illius
814 4310 991 4371 Isaac.
1022 4306 1117 4362 ﬁlii
1157 4303 1416 4370 Άῖιτπὶιω,
1444 4316 1569 4357 cum
1601 4306 1749 4355 esset
1776 4298 1829 4351 ἱιι
1853 4296 2006 4349 Obiit!
2113 4294 2288 4351 Filius
2320 4297 2415 4351 Dei
2466 4297 2532 4351 ³⁷.
2570 4297 2776 4351 lterum
2814 4296 3073 4350 Christus
3119 4294 3171 4348 in
3208 4292 3503 4361 Evangelia
3540 4309 3553 4346 :
3582 4288 3695 4363 Ego

436 4407 559 4461 vita:
624 4418 758 4469 suae,
818 4400 1152 4456 benedicens
1205 4394 1347 4451 ﬁlios
1392 4406 1526 4449 suos
1569 4387 1916 4461 prophetavit
1938 4385 2011 4441 de
2111 4405 2225 4442 sum
2258 4388 2352 4443 lux
2377 4388 2583 4455 mundi,
2611 4406 2703 4459 ego
2729 4405 2763 4443 α
2802 4387 2965 4442 Patre
2992 4386 3152 4451 exiri,
3186 4393 3235 4440 et
3259 4385 3327 4437 ad
3357 4400 3475 4438 eum
3516 4400 3695 4438 reuer-

436 4496 596 4566 ipsis,
617 4493 809 4548 dicens
835 4490 1009 4551 Judre,
1049 4487 1161 4541 lilio
1188 4499 1292 4541 suo
1323 4498 1337 4535 :
1369 4482 1451 4536 Tu
1478 4497 1538 4536 es
1568 4482 1784 4534 catulus
1819 4476 2007 4540 leonis,
2041 4482 2089 4542 ι)
2114 4497 2272 4534 surus
2316 4497 2454 4546 sum,
2518 4497 2611 4551 ego
2642 4497 2759 4534 sum
2809 4480 3125 4533 resurrectio
3153 4488 3203 4531 et
3244 4479 3372 4532 vita.
3408 4475 3474 4529 Et
3503 4477 3594 4546 qui
3620 4492 3700 4530 me

443 4605 546 4642 non
574 4588 848 4641 minuetur
877 4581 940 4636 de
978 4581 1174 4651 femore
1208 4588 1298 4631 tuo
1330 4576 1440 4628 dua:
1473 4589 1635 4643 neque
1657 4568 1981 4641 princepst

2118 4571 2277 4636 videt,
2330 4571 2465 4623 videt
2498 4581 2546 4623 ct
2579 4568 2819 4623 Patrem.
2854 4567 2967 4638 Ego
3012 4580 3061 4621 et
3097 4567 3263 4621 Pater
3293 4581 3453 4618 unum
3490 4581 3696 4617 sumus.

438 4699 527 4737 nec
564 4681 740 4734 veniat
773 4677 862 4747 qui
895 4675 964 4729 sit
985 4670 1307 4743 exspectatio
1324 4669 1556 4739 gentium
1586 4665 1650 4730 ",
1685 4664 1775 4730 qui
1806 4671 1883 4717 est
1902 4661 2015 4730 ipse
2118 4661 2321 4717 Paulus
2349 4678 2363 4715 :
2397 4661 2805 4715 lllnminabitur
2834 4659 3062 4714 mundus
3089 4660 3151 4713 de
3180 4658 3345 4711 Juda.
3371 4655 3435 4709 Et
3462 4656 3695 4709 iterum:

438 4764 703 4821 Christus.
759 4746 1029 4816 Jreretuias
1056 4756 1322 4826 propheta
1344 4772 1364 4808 τ
1389 4751 1521 4805 Ecce
1551 4749 1688 4805 Deus
1720 4758 1898 4802 noster
1927 4762 1991 4799 cu

2118 4753 2378 4807 Ascendit
2444 4751 2585 4806 Deus
2626 4766 2782 4820 super
2824 4752 3001 4813 caelos,
3046 4765 3204 4818 super
3259 4750 3697 4801 sedemsanctam

439 4854 631 4910 similis
659 4869 762 4907 non
792 4861 891 4915 est,
911 4851 1001 4920 qui
1026 4850 1221 4903 invenit
1275 4860 1477 4899 onmem
1508 4843 1649 4898 uiam
1696 4839 1988 4909 prudentia:

2120 4860 2296 4907 suam,
2350 4845 2560 4899 intuens
2587 4854 2785 4898 terram
2820 4852 2876 4896 ut
2920 4842 3093 4897 videat
3117 4840 3379 4910 obligatos
3410 4855 3541 4909 quos
3566 4838 3700 4893 obli-

438 4961 487 5003 et
517 4958 635 5019 post
664 4949 777 5001 ha-c
808 4946 1069 5001 ridebitur
1090 4958 1247 5012 super
1278 4951 1496 5002 terram,
1527 4948 1574 4994 et
1621 4953 1740 4991 cum
1771 4933 2012 4991 omnibus
2121 4937 2267 5007 gavit
2305 4932 2473 5005 Satan
2510 4937 2562 4990 in
2589 4936 2781 4990 delicto
2803 4950 2919 4987 suo.

438 5041 537 5095 erit
557 5048 897 5095 conversatus
950 5037 1015 5092 ³⁹.
1048 5035 1248 5091 lter-mn
1279 5050 1294 5088 :
1320 5031 1465 5087 Deus
1497 5029 1779 5098 manifeste
1819 5027 2010 5094 veniet,
2142 5034 2149 5041 ‘
2194 5025 2303 5084 Vos
2334 5037 2513 5085 autem
2554 5026 2769 5083 habetis
2790 5025 2845 5079 in
2883 5026 2997 5095 lege
3026 5030 3207 5078 vestra
3242 5064 3258 5089 ,
3295 5021 3441 5095 quod
3476 5020 3699 5093 angelus

877 5216 901 5245 ⁸
932 5212 1080 5269 Psal.
1110 5227 1285 5277 sunt,
1310 5209 1369 5265 6.
1438 5212 1466 5245 ⁸
1492 5206 1639 5263 Psal.
1664 5222 1857 5271 curru,
1893 5206 1983 5261 89.
2061 5205 2250 5263 "Psai.
2308 5204 2466 5277 x._6,
2512 5204 2613 5261 '20.
2644 5275 2657 5277 _
2679 5275 2694 5277 _
2725 5204 2747 5236 ⁷
2796 5200 2928 5277 Job
2955 5216 3156 5277 xxxiii,
3192 5200 3245 5254 4.
3266 5269 3299 5277 η
3338 5198 3378 5277 _"
3394 5196 3527 5251 Gen.
3565 5195 3696 5277 ηιξ.

442 5288 463 5318 ⁸
508 5288 613 5343 lsa.
680 5301 793 5343 ut.
836 5284 861 5337 1
933 5265 1241 5338 Πῖῖιῖεξι.
1274 5265 1403 5343 ἐιη,
1440 5280 1530 5333 '50.
1637 5278 1675 5309 ¹¹
1707 5265 1854 5332 Pauli
1909 5293 1991 5331 CXI

2114 5278 2200 5332 te.
2316 5265 2724 5337 “Psithia”.
2824 5272 3149 5343 "Ibimtt.
3239 5265 3695 5343 ⁸ξιέςρηημιέ.

446 5360 486 5389 ⁸⁵
644 5318 801 5418 alii:
840 5318 896 5386 ἶ*
926 5351 943 5406 Ι
975 5318 1117 5424 Reg:
1270 5318 1566 5424 13:35:."
1894 5318 1991 5402 εἶ’

2254 5318 2600 5424 ἰιι-ὅποτ’
2646 5318 3174 5424 ἶῐξὶαιξιξςίέ.
3206 5341 3280 5424 -'_°
3304 5318 3604 5424 Daha-cuit.
3640 5336 3698 5389 3.

1004 5408 1375 5482 “vPsal.'XItt.
1412 5420 1469 5483 2,
1497 5420 1550 5473 ὅ.
1652 5419 1704 5489 Ἰ³
1742 5418 1878 5489 Psal.
1910 5431 1991 5469 cu

2096 5456 2110 5470 .
2156 5418 2235 5489 ﬂ”:
2254 5408 2409 5489 Deut.
2438 5408 2627 5489 sunt,
2660 5413 2748 5470 66.
2810 5411 2871 5445 ’⁸⁵
2897 5413 3039 5489 Psal.
3063 5427 3174 5489 xx_t_,
3357 5408 3410 5489 1‘
3444 5408 3544 5489 lsﬁ-
3567 5422 3700 5489 _L||l.

1124 5474 1400 5554 ante},
1420 5474 1515 5545 33.
1591 5490 1637 5521 ³⁸
1670 5487 1710 5542 tt
1743 5488 1873 5542 Cor.
1906 5492 1991 5549 ",1

2149 5488 2195 5518 ³⁸
2220 5486 2331 5539 lmo
2361 5484 2560 5539 Paulus
2593 5485 2748 5537 limn.
2778 5496 2897 5545 vtu.
2933 5480 3016 5554 [5.
3122 5482 3168 5513 ⁶¹
3191 5481 3325 5554 ibid.
3356 5478 3390 5532 9
3486 5475 3530 5507 ³¹
3567 5474 3698 5529 Luc.

1785 5558 1828 5588 ³⁸
1858 5556 1903 5611 ll
1943 5557 2071 5611 Cor.
2095 5555 2137 5618 1.
2178 5558 2263 5612 19.
2343 5558 2388 5592 ³⁸
2417 5555 2573 5611 Joau.
2604 5571 2678 5621 at,
2710 5555 2801 5609 27.
2880 5554 2923 5584 ⁸⁷
2953 5552 3086 5607 Luc.
3120 5566 3157 5616 t,
3189 5550 3279 5604 55.

512 5217 533 5250 ³
558 5217 695 5273 Cen.
730 5232 772 5270 ι.
877 5216 901 5245 ⁸
932 5212 1080 5269 Psal.
1110 5227 1285 5273 sunt,
1310 5209 1369 5265 6.
1438 5212 1466 5245 ⁸
1492 5206 1639 5263 Psal.
1664 5222 1857 5271 curru,
1893 5206 1983 5261 89.

2096 5205 2250 5263 ‘Psai.
2308 5219 2365 5267 ς,
2411 5204 2466 5271 6,
2512 5204 2613 5261 ἐῢ.
2725 5204 2747 5236 ⁷
2796 5200 2900 5273 Job
2959 5216 3156 5273 nstri,
3192 5200 3245 5254 4.

443 5429 483 5459 ἰ
505 5425 610 5483 lsa.
639 5442 765 5490 xcv,
800 5426 891 5480 Η.

441 5499 495 5561 3,
529 5497 581 5550 4.
654 5498 701 5530 ’⁸
738 5496 896 5551 Joau.
926 5512 971 5558 1,
997 5495 1049 5547 l.

444 5559 490 5629 ι(
515 5568 604 5624 51.
716 5568 762 5599 ⁸³
794 5568 972 5624 Galat.
1003 5564 1185 5631 tv,l5.
1260 5562 1304 5594 "
1324 5560 1481 5616 Juau.
1502 5574 1589 5626 ut,
1618 5559 1708 5613 3|}.

1947 5649 2183 5706 NOTAE.

481 5752 589 5875 ἐξ)
640 5749 1107 5874 2⁷,ιιιειιιηιιιεοιῆίκ
1148 5748 1388 5803 Vidimus
1411 5765 1529 5804 eum
1552 5748 1849 5816 despectum
1901 5754 1950 5798 et
2002 5742 2342 5800 novissimum
2391 5734 2695 5801 virorumet
2729 5746 2978 5800 scientem
3018 5738 3409 5811 inﬁrmium”.
3451 5743 3504 5790 ε*
3548 5734 3698 5805 quasi

515 5839 636 5875 scon
680 5836 782 5874 rtus
809 5838 867 5874 ru
918 5838 979 5874 us
1008 5835 1143 5875 eius.

444 5835 713 5878 αυδεοηαιι
725 5838 782 5874 υς
809 5835 979 5874 ιίιιιω
1008 5835 1143 5891 ejus.
