4084 6458
400 413 510 474 3ἳῦ

1644 400 1919 462 LEONIS
1960 395 2415 459 PHILOSOPHI

3584 399 3689 459 δξξο

404 530 535 584 dicit
570 526 851 581 Zachariae
894 542 907 579 :
943 524 1080 580 Ecce
1124 522 1392 578 annuntio
1422 521 1519 575 tibi
1550 521 1691 592 quod
1729 527 1991 574 nascetur
2021 517 2073 577 Α
2101 530 2263 584 quam
2305 515 2571 583 elegerat.
2621 510 2844 581 Accepit
2883 510 3114 564 formam
3170 509 3410 565 hominis
3447 507 3690 567 Verbum

406 622 504 676 tibi
552 620 723 674 Filius
758 619 1069 687 praecedens
1128 617 1360 671 Verbum
1394 613 1512 676 Dei,
1559 622 1613 667 et
1644 610 1882 667 Verbum
1922 610 1999 678 ip-

404 713 544 775 sius,
571 712 860 763 vocabitur
899 723 1097 762 nomen
1131 711 1252 775 ejus
1287 704 1541 759 Messias.
1574 704 1852 769 Qumritur
1884 716 1912 754 a
1946 710 2000 758 te

403 816 575 868 quare
618 799 756 853 Deus
781 798 956 852 voluit
978 798 1192 851 mittere
1222 795 1421 850 Filiqu
1453 796 1507 849 in
1544 806 1698 849 utero
1726 792 1996 863 Virginis:

403 892 532 960 quia
558 890 887 944 benedictus
920 891 1059 944 Deus
1085 897 1139 943 et
1172 897 1426 943 sanetum
1451 902 1649 940 nomen
1673 886 1816 955 ejus,
1844 899 2000 938 crea-

416 981 493 1033 vit
528 980 727 1031 coelum
773 987 825 1032 et
881 987 1081 1032 terram
1119 986 1173 1031 et
1199 978 1381 1032 omnia
1413 993 1533 1047 quae
1569 976 1622 1029 in
1654 976 1734 1029 eis
1774 983 1922 1037 sunt,
1949 982 2003 1028 et

412 1071 622 1124 creavit
657 1071 880 1139 angelos
899 1086 1054 1135 suos,
1084 1069 1134 1121 in
1166 1070 1341 1139 prima
1369 1068 1685 1122 conditione
1715 1082 1814 1121 sua
1846 1072 2003 1120 erant

415 1164 467 1218 in
506 1164 739 1216 circuitu
767 1162 973 1216 'l'broui
1008 1180 1019 1216 :
1060 1172 1115 1216 et
1159 1162 1342 1215 subito
1384 1162 1668 1230 ingressus
1703 1168 1785 1214 est
1816 1160 1870 1213 in
1898 1173 2002 1212 una

415 1255 629 1324 legione
656 1254 998 1323 angelorum,
1026 1260 1210 1306 tumor
1241 1261 1295 1306 et
1324 1253 1607 1321 superbia,
1646 1251 1908 1305 facientes
1946 1266 2006 1306 se

410 1345 522 1399 Deo
557 1345 789 1409 similes,
824 1345 1073 1399 dicentes
1108 1363 1119 1397 :
1154 1343 1433 1400 Ponamus
1462 1345 1648 1399 sedem
1682 1345 1841 1398 nobis
1865 1345 2007 1398 sicut

409 1446 495 1493 est
552 1440 712 1493 sedes
750 1437 867 1501 Dei,
927 1447 980 1492 et
1008 1439 1417 1491 circumeamus
1464 1438 1662 1490 emlum
1696 1448 1750 1491 et
1779 1446 2000 1501 terram,

413 1533 559 1585 sicut
608 1542 663 1585 et
722 1531 886 1585 Deus.
922 1530 1170 1598 Cumque
1217 1529 1360 1582 Deus
1423 1528 1787 1591 cogitationes
1816 1542 2003 1580 eorum

415 1623 762 1693 cognovisset
787 1663 800 1685 ,
842 1622 1071 1692 projecit
1105 1621 1365 1673 Satanam
1412 1628 1467 1672 et
1499 1634 1713 1672 onmem
1741 1619 2005 1688 legionem

417 1718 611 1784 ipsius,
640 1717 707 1771 de
742 1718 883 1769 ratio
921 1716 985 1767 ad
1044 1722 1270 1777 terram,
1322 1720 1375 1766 et
1415 1713 1539 1765 facti
1574 1719 1703 1766 sunt
1735 1713 2009 1766 dattnones

416 1818 470 1863 et
498 1808 704 1862 inimici
728 1807 962 1860 ﬁliorum
982 1805 1133 1860 Adae.
1169 1806 1416 1874 Cumque
1441 1803 1662 1860 fecisset
1682 1804 2008 1859 DeusAdam

417 1902 701 1955 constituit
733 1916 855 1955 eum
883 1900 933 1952 in
964 1898 1236 1967 paradiso,
1270 1897 1457 1952 dicens
1490 1898 1539 1951 ei
1593 1912 1606 1948 :
1640 1896 1863 1950 Comede
1892 1912 2007 1950 om-

417 1995 509 2046 nia
541 2009 879 2064 qua'cumque
904 1991 1170 2055 volueris;
1204 1992 1267 2044 de
1291 1990 1434 2059 ligno
1461 2005 1577 2042 vero
1599 1989 1694 2041 hoc
1725 1989 1866 2059 quod
1887 2006 2012 2058 pro-

418 2089 567 2140 hibeo
622 2086 735 2150 tibi,
801 2102 863 2138 ne
905 2083 1176 2147 comedas,
1228 2098 1332 2151 quo
1388 2082 1473 2135 die
1504 2080 1793 2134 comederis
1837 2098 1901 2134 ex
1929 2097 2010 2144 eo,

418 2189 586 2229 morte
628 2176 919 2239 morieris;
969 2183 1213 2227 tentatus
1259 2188 1391 2227 vero
1431 2186 1459 2224 a
1496 2173 1736 2235 diabolo,
1780 2173 2014 2226 comedit

416 2287 481 2324 ex
517 2285 603 2334 eo,
642 2279 695 2322 et
726 2268 1005 2339 projectus
1028 2277 1111 2321 est
1142 2265 1210 2319 de
1250 2264 1532 2335 paradiso,
1567 2274 1621 2319 et
1673 2263 2017 2319 lrwrcditavit

419 2373 651 2416 mortem
685 2371 740 2414 et
766 2358 1267 2413 contradictionem
1291 2368 1345 2412 et
1371 2357 1633 2413 delictum
1668 2357 1721 2411 in
1752 2357 2016 2427 progenie

419 2435 543 2515 sua,
576 2459 701 2522 post
726 2466 874 2504 eum.
901 2448 1042 2504 Deus
1075 2464 1206 2502 vero
1237 2450 1426 2503 volens
1457 2448 1671 2517 eripere
1704 2456 2013 2502 creaturam

420 2556 577 2595 suam
627 2544 694 2595 de
744 2555 912 2594 manu
969 2539 1200 2603 diaboli,
1253 2539 1457 2593 direxit
1489 2538 1603 2594 Noe
1656 2542 1721 2592 ad
1755 2539 2014 2610 populum

420 2648 586 2687 suum
626 2641 685 2686 ut
718 2633 1048 2702 pmniterent
1082 2642 1135 2688 et
1151 2634 1468 2687 recederent
1495 2634 1562 2685 ab
1585 2647 1751 2702 opere
1774 2631 2014 2698 diaboli;

422 2740 664 2794 cumque
700 2725 941 2780 venisset
995 2726 1061 2779 ad
1103 2741 1221 2791 eos,
1258 2734 1731 2796 contempserunt,
1765 2734 1819 2781 et
1868 2740 2019 2781 men-

425 2819 615 2872 dacem
650 2834 774 2872 eum
808 2827 1223 2888 reputavcrunt.
1254 2818 1517 2889 Prmccpit
1546 2820 1711 2889 igitur
1741 2820 1886 2876 Deus
1905 2818 2019 2879 Noe

425 2920 486 2964 ut
519 2913 725 2967 faceret
760 2926 967 2975 aream,
999 2922 1053 2967 et
1083 2912 1323 2967 mitteret
1350 2912 1407 2966 in
1458 2928 1521 2967 ea
1554 2912 1622 2966 de
1670 2913 1822 2967 omni
1865 2928 2019 2969 crea-

426 3012 569 3070 tura,
601 3012 654 3057 et
678 3003 908 3059 immisit
945 3005 1089 3058 Deus
1122 3003 1412 3060 diluvium.
1448 3005 1637 3075 Aperti
1674 3014 1804 3061 sunt
1835 3004 2018 3061 fontes

427 3094 612 3163 abyssi
643 3100 696 3147 et
737 3102 1029 3148 cataractae
1057 3095 1208 3160 coali,
1250 3103 1304 3151 et
1355 3094 1541 3151 eﬁusa:
1592 3108 1723 3151 sunt
1783 3110 1938 3166 aqua:
1967 3102 2021 3149 ct

426 3185 739 3255 con~untpti
775 3195 903 3240 sunt
945 3186 1260 3243 habitantes
1291 3195 1518 3251 terram,
1554 3197 1610 3243 et
1656 3205 1821 3244 omne
1871 3190 2017 3260 quod

430 3289 685 3333 movetur
715 3294 882 3348 super
916 3294 1060 3345 eam,
1093 3291 1321 3350 excepto
1361 3278 1475 3336 Noe
1524 3282 1617 3352 qui
1650 3282 1750 3337 fuit
1784 3282 1837 3335 in
1869 3296 2017 3345 arca,

428 3378 481 3421 et
506 3384 676 3424 uxore
706 3366 845 3435 ejus,
886 3378 943 3423 et
968 3370 1144 3425 tribus
1176 3370 1308 3425 filiis
1341 3372 1461 3441 ejus
1485 3382 1540 3426 et
1587 3374 1852 3426 uxoribus
1884 3372 2024 3426 ﬁlio-

433 3475 551 3513 rum
596 3460 737 3529 ejus.
793 3459 926 3516 Post
954 3461 1091 3529 haec,
1144 3462 1408 3518 misertus
1442 3463 1586 3519 Deus
1617 3480 1782 3534 super
1815 3480 1877 3519 ea
1904 3479 2026 3535 qua:

435 3552 658 3619 fecerat,
721 3554 980 3624 praecepit
1037 3555 1197 3624 aquis
1268 3563 1329 3610 ut
1406 3564 1820 3611 reverterentur
1890 3572 1903 3609 :
1971 3561 2027 3612 et

431 3643 640 3710 egressi
678 3652 806 3696 sunt
848 3643 914 3697 de
948 3656 1097 3707 arca,
1134 3643 1387 3699 homines
1434 3652 1487 3698 et
1522 3646 1771 3714 jumenta
1814 3644 2025 3699 :beue-

431 3734 679 3804 dixitque
709 3734 819 3788 illis
860 3732 1027 3797 Deus,
1066 3744 1121 3789 et
1154 3735 1293 3790 dixit
1332 3753 1346 3789 :
1384 3734 1636 3804 Crescite,
1667 3747 1717 3792 et
1759 3738 2025 3807 multipli-

432 3826 647 3889 camini,
670 3835 719 3880 et
750 3827 942 3895 replete
966 3836 1185 3881 terram.
1214 3827 1431 3893 Postea,
1471 3830 1720 3885 homines
1742 3846 1771 3885 a
1811 3832 2028 3889 diabolo

432 3914 648 3979 tentati,
701 3914 950 3969 fecerunt
1006 3917 1296 3987 sculptiles
1353 3917 1507 3986 deos,
1541 3920 1840 3976 adorantes
1908 3938 2024 3990 eos,

432 4007 577 4060 sicut
605 4005 773 4060 Deum
806 4009 897 4076 qui
932 4023 1028 4063 eos
1060 4007 1287 4064 fecerat.
1314 4007 1379 4063 Et
1411 4011 1600 4066 volens
1634 4011 1779 4068 Deus
1809 4014 2028 4084 eripere

435 4098 558 4151 illos
599 4097 666 4151 de
723 4114 888 4151 manu
943 4098 1148 4153 diaboli
1205 4100 1299 4169 qui
1358 4116 1453 4156 eos
1492 4110 1856 4172 perverterat,
1898 4119 2025 4159 mox

434 4189 725 4244 descendit
753 4190 807 4242 in
840 4192 1084 4259 potentia
1109 4206 1275 4260 super
1306 4203 1546 4248 montem
1571 4192 1755 4261 Sinai;
1788 4204 1843 4249 et
1872 4194 2028 4249 locu-

437 4290 525 4335 tus
579 4295 742 4334 servo
778 4296 880 4334 suo
911 4280 1107 4351 Moysi,
1140 4281 1289 4337 dedit
1338 4283 1386 4337 ei
1415 4284 1609 4353 legem,
1653 4285 1863 4356 eligens
1887 4286 2028 4342 ﬁlios

442 4370 608 4424 Israel
640 4371 708 4424 de
737 4370 886 4424 omni
914 4371 1087 4440 plebe.
1122 4370 1279 4425 Tunc
1312 4372 1403 4425 ﬁlii
1434 4370 1605 4427 lsrael
1634 4373 2027 4443 derelinquen-

436 4467 519 4512 tes
548 4474 669 4528 qua:
697 4456 927 4512 dederat
954 4458 1100 4514 Deus
1126 4459 1319 4530 Moysi,
1349 4458 1597 4516 fecerunt
1627 4463 1731 4517 sibi
1752 4464 2027 4534 sculptile,

2039 1862 2085 1921 B

2047 3230 2090 3288 C

2106 605 2231 668 Dei,
2260 606 2533 660 inducens
2559 619 2781 660 carnem
2824 605 2891 659 de
2919 603 3108 668 Maria,
3156 619 3280 658 eum
3316 603 3495 658 anima
3522 615 3576 659 et
3606 608 3691 661 in-

2102 697 2344 752 tellectu.
2406 696 2689 752 Habitavit
2748 696 2983 752 Verbum
3035 698 3232 767 ipsius,
3281 698 3429 767 quod
3480 709 3601 752 erat
3629 716 3693 753 ex

2103 786 2234 851 Deo,
2274 788 2327 840 in
2387 787 2504 857 ipso
2531 802 2787 857 corpore,
2842 788 2960 841 sine
2992 788 3349 856 Separatione
3372 788 3442 841 ab
3480 791 3602 858 ipso
3640 790 3693 843 in

2104 887 2448 950 perpetuum.
2484 878 2541 934 Si
2566 894 2673 932 non
2698 888 2844 934 esset
2880 879 3055 949 ipsum
3088 894 3293 949 corpus
3326 881 3471 951 quod
3501 882 3695 936 indue-

2109 983 2213 1038 rat,
2276 986 2438 1027 uemo
2489 982 2679 1042 posset
2742 973 2931 1028 videre
2968 972 3207 1027 Verbum
3243 972 3376 1027 Dei:
3421 974 3566 1029 sicut
3599 988 3693 1029 nec

2105 1064 2320 1136 Moyses
2372 1064 2614 1119 Verbum
2654 1064 2748 1118 Dei
2805 1064 2994 1120 videre
3049 1064 3245 1134 potuit.
3303 1064 3409 1119 Sed
3468 1067 3699 1121 veniens

2107 1157 2348 1214 Verbum
2378 1158 2492 1225 Dei,
2529 1158 2706 1213 induit
2736 1174 2939 1227 corpus
2969 1158 3036 1212 de
3069 1157 3259 1222 Maria,
3297 1167 3351 1212 et
3384 1159 3589 1230 eripuit
3612 1176 3701 1230 po-

2108 1251 2297 1320 pulum
2356 1265 2517 1303 snum
2548 1248 2614 1302 de
2656 1257 2928 1319 potestate
2951 1247 3155 1303 diaboli
3191 1265 3204 1301 :
3236 1248 3473 1303 Verbqu
3508 1249 3700 1318 utique

2112 1340 2247 1395 illud
2309 1340 2455 1411 quod
2490 1339 2660 1392 Maria
2703 1349 3045 1411 susceperat.
3100 1340 3223 1409 Ipse
3256 1347 3339 1393 est
3382 1340 3541 1408 cujus
3600 1354 3698 1393 no-

2112 1450 2234 1487 men
2267 1442 2350 1488 est
2385 1432 2614 1487 Messias
2636 1440 2689 1486 et
2721 1431 2887 1498 Deus,
2925 1430 3071 1501 quod
3102 1438 3243 1495 erat,
3276 1439 3563 1500 antequam
3594 1446 3697 1485 an-

2112 1526 2395 1578 nuntiatio
2433 1526 2637 1579 veniret
2699 1524 2764 1579 ad
2803 1523 3052 1589 Mariam,
3119 1532 3173 1576 et
3204 1537 3408 1591 corpus
3460 1533 3701 1577 sumeret

2112 1616 2179 1670 de
2236 1616 2405 1669 Maria
2439 1634 2453 1670 :
2490 1625 2544 1670 et
2596 1617 2711 1686 ipse
2744 1624 2827 1671 est
2866 1616 3027 1678 Deus,
3081 1623 3135 1669 et
3178 1615 3292 1668 inec
3324 1623 3408 1669 est
3437 1614 3613 1685 caligo
3648 1614 3702 1668 in

2114 1707 2269 1762 vobis
2301 1716 2359 1761 ιιι
2392 1724 2499 1762 non
2532 1708 2876 1777 intelligalis.

2184 1799 2386 1854 lterum
2414 1801 2548 1854 mihi
2581 1799 2856 1870 scripsisti
2885 1799 3112 1854 dicens:
3145 1799 3280 1866 Quia
3311 1798 3511 1853 dixerit
3546 1796 3703 1866 ,Mis-

2115 1908 2210 1948 sus
2242 1908 2363 1947 sum
2423 1892 2489 1947 ad
2520 1908 2641 1957 vos,
2699 1900 2754 1947 et
2784 1890 3108 1955 comederit,
3151 1899 3206 1946 et
3236 1890 3459 1953 biberit,
3494 1897 3550 1943 et
3576 1891 3706 1943 dor-

2115 1986 2321 2041 micrit.
2381 1984 2488 2040 Sed
2552 2000 2701 2040 nunc
2759 1984 2855 2039 tibi
2885 1982 3173 2039 ostendam
3225 1983 3371 2052 quod
3404 1982 3457 2035 iu
3480 1982 3707 2036 Christo

2116 2076 2323 2132 fuerint
2353 2078 2476 2132 duae
2508 2078 2881 2149 operationcs,
2929 2083 2984 2131 et
3030 2075 3151 2130 dua:
3182 2075 3492 2130 locutiones
3527 2092 3539 2127 :
3574 2089 3705 2139 una,

2116 2168 2307 2236 Verbi,
2357 2179 2411 2225 et
2437 2170 2563 2235 alia,
2596 2171 2845 2241 corporis
2879 2169 3025 2238 quod
3061 2177 3381 2240 susceperat
3420 2168 3486 2222 de
3512 2167 3705 2221 Maria.

2117 2263 2234 2320 Hoc
2267 2274 2353 2322 est
2389 2281 2593 2335 corpus
2626 2266 2953 2337 perfectum,
2982 2264 3221 2318 animam
3258 2262 3473 2317 habens
3518 2269 3571 2315 et
3621 2259 3707 2313 iu-

2120 2359 2424 2418 tellectum.
2478 2358 2740 2429 Operatio
2777 2356 2942 2413 Verbi
2998 2364 3084 2413 est
3114 2353 3339 2426 quando
3380 2369 3505 2410 cum
3549 2352 3711 2406 Patre

2118 2461 2315 2509 cuncta
2355 2454 2564 2508 creavit
2613 2471 2626 2508 :
2670 2460 2725 2508 et
2784 2466 3013 2507 manens
3080 2452 3137 2506 in
3195 2462 3449 2519 corpore,
3487 2456 3710 2516 peccata

2120 2548 2457 2614 dimittebat,
2486 2556 2540 2603 et
2594 2556 2847 2604 mortuos
2892 2547 3220 2613 suscitabat,
3250 2553 3306 2601 et
3338 2554 3535 2599 caetera
3579 2541 3709 2594 talia

2126 2639 2385 2695 faciebat.
2427 2638 2536 2696 Vos
2564 2649 2768 2705 autem,
2793 2639 3170 2710 relinquentes
3194 2652 3360 2707 opera
3394 2632 3579 2699 Verbi,
3624 2646 3713 2685 se-

2121 2732 2358 2801 quimini
2413 2748 2577 2802 opera
2626 2732 2813 2787 carnis
2867 2746 3033 2802 quam
3081 2728 3381 2798 assumpsit
3409 2727 3476 2781 de
3517 2724 3708 2789 Maria,

2123 2841 2244 2894 quae
2281 2825 2384 2877 fuit
2411 2826 2475 2879 de
2505 2823 2678 2877 Adam
2717 2841 2732 2878 :
2763 2831 2818 2878 et
2849 2824 2971 2879 ideo
3017 2822 3201 2877 dicitis
3228 2820 3374 2891 quod
3405 2818 3603 2874 similis
3642 2817 3713 2871 sit

2125 2910 2382 2965 Christus
2446 2911 2599 2977 Adae,
2638 2909 2786 2979 quod
2831 2909 3152 2964 comedebat
3185 2917 3239 2963 et
3268 2906 3573 2962 dormiebat
3612 2922 3627 2959 :
3660 2912 3715 2958 et

2126 3005 2229 3058 iste
2253 3013 2337 3058 est
2363 3019 2545 3058 sermo
2569 3018 2761 3059 eorum
2787 3005 2883 3075 qui
2907 3018 3012 3057 non
3045 3001 3357 3072 intelligttnt
3386 2999 3453 3053 de.
3471 2998 3710 3059 Christo.

2126 3109 2307 3165 neque
2332 3102 2758 3164 perscrutantur
2789 3094 2963 3165 legem
2999 3092 3118 3148 Dei.
3171 3095 3239 3148 Et
3273 3091 3573 3148 secundum
3625 3106 3716 3145 ve-

2128 3197 2302 3241 strum
2326 3201 2574 3250 sensum,
2614 3185 2789 3242 Judaei
2823 3186 3193 3258 intelligentes
3228 3187 3292 3241 dc
3315 3185 3557 3249 Christo,
3596 3200 3717 3254 per-

2128 3284 2429 3347 sequentes
2462 3284 2518 3330 et
2552 3277 3108 3347 comprehendentes,
3143 3293 3265 3332 eum
3298 3274 3715 3337 crueiﬁxeruut,

2128 3370 2379 3424 dicentes
2411 3370 2765 3439 blasphemiae
2794 3370 2960 3425 verba
2980 3369 3045 3424 ad
3075 3368 3299 3423 Mariam
3320 3368 3548 3423 Matrem
3571 3367 3713 3436 ejus,

2128 3461 2216 3514 eui
2283 3460 2463 3531 pudor
2514 3460 2788 3515 castitatis
2836 3460 3035 3514 inerat.
3089 3459 3290 3514 lterunt
3354 3458 3510 3525 dicis,
3546 3471 3719 3528 quare

2136 3550 2436 3607 adoremus
2482 3551 2769 3606 Christum
2831 3549 3071 3605 Verbum
3118 3550 3234 3605 Dei.
3296 3548 3572 3619 Numquid
3607 3564 3715 3603 non

2129 3644 2407 3700 invenitur
2441 3644 2497 3699 in
2531 3645 2656 3715 lege
2682 3645 2775 3699 Dei
2806 3644 2953 3715 quod
2985 3644 3080 3698 lilii
3118 3643 3282 3698 Israel
3347 3643 3718 3697 adoravcrunt

2130 3753 2314 3793 arcam
2370 3752 2534 3809 quam
2572 3745 2910 3809 praeceperat
2942 3737 3086 3793 Deus
3111 3736 3282 3807 Moysi
3309 3737 3510 3801 facere,
3553 3743 3606 3789 et
3634 3744 3716 3787 ta-

2135 3847 2256 3887 men
2285 3847 2395 3887 non
2424 3832 2734 3887 adorabant
2773 3845 2874 3885 nec
2901 3829 3217 3885 serviebant
3237 3844 3378 3883 arcae
3406 3844 3507 3883 nec
3534 3829 3715 3899 ligno:

2131 3922 2227 3979 sed
2255 3922 2565 3977 adorabant
2597 3932 2651 3977 et
2670 3921 2989 3977 serviebant
3035 3920 3141 3992 legi
3173 3929 3226 3976 et
3253 3922 3420 3975 verbo
3446 3919 3535 3975 Dei
3572 3918 3719 3988 quod

2135 4021 2251 4067 erat
2286 4012 2341 4065 in
2371 4026 2523 4077 arca,
2544 4020 2597 4067 et
2623 4021 2804 4066 tamen
2836 4027 2945 4066 non
2966 4010 3036 4066 ob
3052 4011 3157 4067 hoc
3179 4018 3337 4065 erant
3358 4009 3517 4065 alieni
3542 4025 3570 4062 a
3590 4009 3717 4074 Deo,

2132 4118 2234 4159 nec
2269 4103 2483 4157 duobus
2506 4103 2613 4159 diis
2646 4104 2887 4160 servisse
2914 4103 3303 4174 judicabantur
3325 4104 3348 4157 ?
3367 4102 3607 4157 Rursum
3634 4102 3719 4155 di-

2132 4199 2216 4254 cis
2244 4199 2391 4270 quod
2443 4200 2499 4253 in
2562 4198 2681 4268 lege
2750 4207 2933 4253 vestra
3022 4199 3355 4261 inveniatur,
3409 4196 3553 4267 quod
3581 4195 3723 4251 Deus

2132 4294 2390 4365 praecepit
2423 4292 2632 4365 angelis
2651 4293 2768 4347 suis
2796 4292 3028 4347 adorare
3053 4292 3249 4345 Adam.
3276 4290 3431 4355 Quod
3460 4290 3506 4345 si
3540 4288 3615 4342 ita
3638 4295 3723 4342 est

2132 4384 2499 4447 credendum,
2531 4380 2663 4454 quid
2693 4382 2975 4438 existimas
3013 4381 3080 4436 de
3112 4379 3316 4442 Verbo,
3351 4379 3496 4448 quod
3537 4379 3721 4432 norni-

2136 4485 2331 4533 natum
2391 4485 2478 4533 est
2512 4475 2789 4531 Messias?
2826 4473 3081 4543 Nunquid
3107 4483 3186 4527 est
3219 4471 3415 4525 melius
3438 4485 3559 4525 eum
3588 4471 3723 4524 ado-

438 4550 738 4605 adorantes
774 4549 905 4604 illud
939 4552 1098 4621 quasi
1131 4551 1302 4607 Deum
1324 4553 1509 4609 vivum
1548 4572 1561 4608 :
1598 4566 1652 4611 et
1704 4557 1890 4611 statim
1925 4557 2028 4611 im-
2058 4575 2102 4631 ι)
2134 4581 2282 4632 rare,
2328 4581 2494 4636 quam
2550 4574 2762 4635 petram
2818 4562 3041 4618 surdam
3082 4576 3244 4631 quam
3307 4559 3571 4624 adoratis,
3628 4560 3719 4615 ubi

441 4642 590 4697 misit
624 4642 705 4697 eis
737 4652 1047 4713 serpentes,
1084 4651 1140 4698 et
1156 4646 1501 4716 consumpsit
1527 4657 1738 4716 partetu
1769 4664 1834 4703 ex
1868 4649 1949 4705 eis
1972 4658 2029 4703 et

442 4736 700 4791 misertus
761 4747 844 4791 est
880 4736 983 4791 eis.
1026 4734 1157 4791 Item
1192 4738 1420 4793 tentatio
1478 4754 1507 4791 a
1539 4738 1759 4795 diabolo
1804 4740 2033 4797 immisit

439 4826 643 4897 ignem,
673 4836 726 4882 et
749 4830 1099 4898 consumpsit
1145 4845 1210 4884 ex
1244 4824 1327 4887 eis
1360 4830 1790 4895 multitudinem,
1825 4840 1880 4887 et
1931 4834 2033 4887 mi-

452 4928 655 4985 sertus,
721 4920 859 4976 iram
917 4923 987 4977 ab
1043 4923 1126 4977 eis
1153 4925 1407 4979 removit.
1453 4922 1587 4979 Item
1636 4922 1885 4980 fecerunt
1928 4926 2031 4981 sibi

443 5010 610 5076 idola,
675 5012 970 5071 adorantes
1028 5016 1120 5070 illa
1168 5024 1227 5070 ut
1279 5016 1471 5081 Deum,
1511 5017 1858 5073 immolantes
1892 5018 2034 5074 ﬁlios

438 5121 569 5161 suos
592 5113 646 5159 et
664 5104 804 5160 ﬁlias
828 5122 958 5162 suas
979 5108 1283 5164 daemoniis.
1310 5108 1609 5165 Suscitavit
1633 5109 1775 5166 Deus
1797 5113 2034 5182 prophe-

440 5208 525 5252 tas
579 5207 958 5254 contestantes
1005 5216 1099 5256 COS
1126 5210 1185 5255 ut
1224 5205 1571 5274 pmnitcrcnt,
1602 5213 1658 5260 et
1692 5216 2033 5263 I'CVGI‘ICI'CD-

441 5302 528 5345 tur
556 5292 622 5344 ad
658 5291 855 5360 Deum,
896 5304 950 5348 et
983 5294 1302 5350 recederent
1329 5312 1357 5350 a
1390 5297 1614 5352 diabolo
1644 5313 1657 5351 :
1692 5308 2034 5369 negaverunt

438 5393 493 5437 et
520 5383 815 5439 mendaces
847 5399 945 5439 eos
962 5384 1241 5451 dixerunt,
1277 5395 1332 5442 et
1364 5388 1635 5457 quosdam
1668 5405 1735 5443 ex
1771 5391 1907 5460 ipsis
1940 5407 2035 5447 oc-

440 5477 712 5532 ciderunt.
768 5479 1016 5549 Cumque
1065 5480 1296 5536 vidisset
1330 5479 1473 5537 Deus
1503 5481 1650 5552 quod
1708 5484 2034 5551 praevaluis-

446 5576 529 5622 set
560 5570 810 5625 diabolus
834 5571 887 5624 iu
916 5572 1019 5635 eis,
1053 5588 1120 5627 ex
1144 5587 1252 5643 quo
1275 5571 1454 5628 factus
1486 5585 1573 5629 est
1611 5574 1783 5629 Adam
1827 5583 1882 5629 et
1924 5576 2035 5644 eje-

446 5667 569 5714 etns
595 5672 673 5715 est
700 5677 730 5715 a
763 5665 1041 5731 paradiso,
1076 5676 1129 5721 et
1157 5668 1305 5737 quod
1330 5667 1630 5738 prophetas
1654 5668 1748 5739 qui
1772 5677 2036 5725 venerant

447 5748 515 5801 ad
564 5764 682 5814 eos,
717 5752 1061 5820 occiderant,
1095 5759 1288 5813 volens
1317 5773 1412 5814 eos
1438 5760 1655 5828 eripere
1698 5776 1727 5813 a
1766 5771 2035 5829 potestate

447 5838 660 5908 antiqui
720 5839 918 5904 hostis,
980 5844 1132 5899 misit
1191 5845 1428 5902 Verbum
1484 5865 1644 5903 suttm
1696 5851 1761 5905 ad
1801 5852 2032 5910 Mariam

2148 4656 2365 4713 scimus
2401 4655 2608 4725 aliquid
2640 4653 2977 4709 remansisse
3005 4653 3072 4707 de
3108 4652 3414 4706 idololatria
3475 4653 3561 4706 illa
3614 4669 3720 4723 qua

2138 4744 2447 4801 adorabant
2474 4743 2631 4811 Jaoh,
2660 4741 2817 4807 Jaoc,
2852 4741 3083 4806 Nazara,
3117 4752 3168 4797 et
3190 4743 3340 4797 Aliae
3400 4751 3455 4796 et
3486 4743 3722 4813 Allogci,

2134 4847 2189 4894 et
2223 4838 2421 4894 Mena?
2459 4836 2691 4903 Quidam
2749 4850 2814 4890 ex
2846 4836 2927 4892 eis
2974 4844 3132 4889 erant
3166 4836 3241 4889 dii
3267 4836 3321 4890 iu
3364 4837 3726 4891 similitudine

2135 4932 2410 4993 virorum,
2437 4928 2686 4999 quaedam
2735 4926 2789 4981 in
2818 4927 3179 4982 similitudine
3211 4927 3579 4983 feminarum!
3616 4930 3726 4984 Ma-

2133 5022 2286 5092 jores
2317 5022 2514 5077 borum
2539 5021 2883 5087 ,dicebantur
2918 5022 3178 5088 Aleubre,
3244 5024 3391 5078 unde
3439 5032 3494 5079 et
3543 5036 3725 5078 sermo

2140 5117 2247 5170 iste
2272 5115 2578 5177 derivatur,
2625 5114 2939 5181 Alacuiber,
2977 5117 3120 5171 inter
3146 5131 3246 5172 vos
3275 5116 3622 5171 immolantes
3645 5116 3725 5169 eis

2136 5224 2334 5278 pecora
2364 5218 2420 5265 et
2450 5209 2691 5264 camelos
2718 5208 2773 5263 in
2802 5226 2914 5265 uno
2930 5210 3039 5277 die,
3058 5226 3157 5280 pro
3180 5226 3512 5281 unoquoque
3541 5222 3721 5263 anno:

2142 5310 2198 5357 et
2230 5302 2409 5357 secuti
2444 5302 2578 5356 estis
2604 5303 3058 5358 consuetudinem
3082 5319 3418 5374 paganorqu
3448 5318 3615 5373 super
3648 5304 3723 5354 Ia—

2142 5395 2269 5465 pide
2311 5393 2428 5460 illo,
2465 5393 2519 5448 in
2554 5393 2768 5460 Mecba,
2807 5395 2861 5450 in
2894 5398 3096 5468 angulo
3124 5397 3322 5451 domus
3344 5395 3518 5464 ipsius
3556 5393 3725 5447 idolo-

2148 5483 2347 5549 latriae,
2375 5482 2463 5538 cui
2498 5482 2777 5539 serviebat
2806 5486 3111 5556 antiquitas
3142 5499 3501 5555 paganorum,
3534 5497 3588 5538 et
3624 5484 3725 5534 im-

2148 5577 2432 5629 molabaL.
2466 5574 2668 5631 lterum
2719 5576 2883 5644 dicis,
2948 5578 3094 5648 quod
3154 5576 3319 5631 simul
3372 5584 3500 5631 ante
3554 5574 3725 5628 Deum

2148 5668 2409 5724 Christus
2446 5670 2521 5725 sit
2550 5678 2606 5724 et
2637 5669 2807 5724 Adam
2842 5688 2855 5725 :
2885 5681 2939 5726 et
2969 5670 3173 5742 ponitis
3204 5670 3472 5724 facturam
3500 5668 3567 5723 de
3589 5668 3726 5730 luto,

2145 5776 2267 5833 qua:
2323 5762 2664 5816 contradixit
2709 5762 2821 5817 Deo
2868 5778 2990 5827 suo,
3037 5772 3227 5817 etnon
3263 5761 3559 5817 custodivit
3595 5778 3730 5832 pra--

2151 5864 2367 5925 ceptum
2396 5854 2544 5925 ejus.
2581 5854 2819 5911 similem
2871 5854 3049 5912 Verbo
3076 5855 3171 5913 Dei
3219 5866 3269 5911 et
3305 5855 3495 5911 lumini
3531 5856 3726 5926 ipsius,
