4084 6478
467 340 569 402 321

1682 344 2042 406 EPISTOLA
2089 344 2127 399 Α
2141 343 2186 402 D
2217 339 2567 400 OMARUM.

3640 345 3747 424 322

472 453 568 522 qui
625 467 733 508 non
764 463 850 509 est
882 453 1084 524 lactus,
1122 458 1215 514 sed
1250 473 1344 530 per
1390 457 1569 529 ipsum
1604 456 1748 513 facta
1781 466 1909 514 sunt
1938 471 2056 509 om-
2089 466 2132 522 Α
2162 466 2350 506 rerum
2382 453 2597 509 loeutus
2627 464 2687 507 es
2714 451 2964 515 nobis,et
2990 453 3315 509 testabimur
3341 455 3467 526 quia
3493 456 3746 514 Christus

473 547 586 612 nia,
613 551 668 600 et
720 545 839 615 ipse
880 557 966 602 est
993 547 1246 613 Messias,
1294 549 1454 619 cujus
1493 563 1724 618 regnum
1758 547 2057 616 sempiter-

472 652 604 690 num
641 636 880 691 exsistit.
911 636 1128 702 Quaeris
1156 640 1432 709 quomodo
1470 639 1611 695 Deus
1642 638 1823 709 potuit
1849 636 2057 707 ingredi

469 729 527 782 in
582 737 828 782 ventrem
861 729 1126 795 mulieris,
1178 731 1528 784 tenebrosum
1570 739 1626 784 et
1665 738 1958 799 angustum
2006 735 2061 782 et

473 818 703 873 fetidum
735 833 748 869 :
784 819 880 874 sed
915 819 960 873 si
997 818 1138 875 forte
1164 821 1459 891 intelligas,
1491 821 1589 874 tibi
1645 819 2059 874 similitudinem

471 911 690 965 damus.
729 908 919 964 Nonne
961 910 1110 967 vides
1137 912 1308 967 solem
1337 912 1465 981 quia
1497 909 1743 982 graditur
1763 925 1927 981 super
1959 910 2063 963 im-

472 1002 800 1055 munditiam
831 1011 885 1056 ct
913 1013 1180 1068 stercora,
1217 1011 1270 1058 et
1291 1004 1541 1066 ictorem,
1572 1010 1627 1056 ct
1662 1012 1845 1058 tamen
1908 1002 2060 1058 nullo

472 1094 637 1148 modo
679 1092 1021 1162 inquinatur,
1063 1095 1155 1149 sed
1190 1095 1419 1148 mundat
1447 1094 1654 1162 omnia,
1706 1104 1912 1163 quanto
1945 1107 2061 1147 ma—

476 1186 560 1257 gis
591 1185 733 1240 Deus
761 1186 855 1256 qui
884 1186 1010 1241 fecit
1038 1188 1206 1242 sulem
1232 1203 1336 1241 non
1369 1187 1689 1257 inquinetur
1709 1203 1741 1242 a
1775 1187 2062 1242 creatura?

475 1271 580 1326 Sed
642 1272 779 1326 noli.
824 1287 946 1328 esse
1013 1274 1330 1331 incredulus
1384 1282 1442 1329 ut
1507 1291 1614 1330 non
1685 1277 2062 1348 ingrederetur

474 1361 620 1418 Deus
670 1363 725 1418 in
780 1372 1006 1418 uterum
1075 1365 1336 1437 Virginis,
1390 1368 1484 1435 qui
1534 1368 1818 1439 ingressus
1881 1376 1966 1424 est
2004 1368 2059 1423 in

474 1454 615 1510 rubo
641 1456 734 1525 qui
758 1465 875 1510 erat
916 1459 968 1510 in
1000 1467 1185 1514 monte
1214 1458 1392 1524 Sinai,
1425 1470 1479 1515 et
1516 1462 1737 1516 locutus
1775 1469 1861 1516 est
1903 1475 2061 1516 servo

477 1562 579 1602 suo
619 1547 812 1618 Moysi,
876 1558 931 1603 et
965 1551 1133 1620 legem
1167 1552 1216 1605 ei
1271 1552 1443 1608 dedit.
1475 1553 1668 1610 Nonne
1718 1556 1915 1610 melius
1944 1564 2061 1610 erat

478 1653 675 1709 corpus
706 1638 946 1710 Virginis
987 1657 1150 1710 quam
1182 1644 1274 1698 illa
1298 1645 1454 1716 spina
1477 1647 1598 1700 rubi
1639 1646 1842 1713 ερρυοά
1876 1657 2058 1702 autem

476 1731 640 1797 dicis,
683 1733 853 1802 legem
914 1733 1084 1805 Moysi
1142 1751 1264 1791 esse
1328 1750 1650 1802 crematam,
1679 1740 1904 1808 etquod
1939 1755 2058 1794 eam

2171 542 2316 598 Deus
2347 557 2407 596 es
2437 561 2449 596 :
2483 541 2659 612 dirige
2690 557 2892 596 manna
2928 543 2995 599 dc
3026 546 3190 609 ccelo,
3228 555 3287 600 ιιι
3337 548 3410 601 sit
3453 549 3612 604 nobis
3662 549 3738 605 fe-

2164 645 2312 692 stum
2345 636 2612 699 solemne,
2675 642 2730 690 et
2783 635 3025 704 posteris
3056 637 3262 693 nostris
3311 637 3529 708 signum
3553 656 3618 695 ex
3653 651 3704 695 te
3733 660 3745 694 :

2163 726 2279 781 haec
2339 726 2500 781 nobis
2561 725 2764 791 tribue,
2793 725 2922 795 quia
2958 735 3015 780 tu
3061 741 3122 782 es
3151 727 3312 782 dator
3356 727 3648 784 donorum.
3686 731 3749 784 Et

2166 818 2311 873 Deus
2344 818 2502 883 dixit,
2549 817 2791 887 Dirigam
2837 818 2970 873 illud
3009 819 3203 886 vobis;
3263 820 3410 891 quod
3460 832 3746 893 postquam

2165 911 2404 980 negavit,
2437 909 2824 964 cruciaverunt
2858 924 2983 964 eum
3028 911 3372 968 cruciatione
3437 928 3545 982 qua
3587 926 3748 970 nemo

2164 1004 2446 1058 cruciatus
2496 1001 2620 1055 fuit.
2651 1001 2717 1055 Et
2745 1008 2930 1057 tamen
2955 1001 3011 1056 hi
3051 1017 3334 1059 sermones
3365 1004 3586 1060 fuerunt
3639 1001 3746 1063 Ne-

2164 1094 2394 1149 storiaui
2447 1093 2731 1162 cujusdam
2777 1093 3039 1159 haeretici,
3103 1109 3212 1149 non
3248 1111 3381 1153 sane
3413 1097 3482 1153 de
3519 1098 3747 1155 Christo

2166 1187 2499 1244 sentientis:
2536 1186 2631 1256 qui
2674 1202 2771 1242 vos
2801 1187 3108 1244 introduxit
3145 1190 3302 1259 quasi
3347 1199 3404 1244 ut
3445 1191 3651 1262 aliquid
3682 1194 3749 1248 de

2166 1277 2274 1332 lide
2300 1276 2506 1331 Christi
2537 1276 2942 1347 intelligeretis,
2975 1278 3070 1334 sed
3099 1287 3156 1334 ut
3194 1290 3280 1335 est
3304 1281 3447 1335 ratio
3491 1289 3544 1338 et
3601 1283 3747 1337 veri-

2167 1376 2254 1424 tas
2288 1367 2444 1423 vobis
2475 1382 2584 1422 non
2615 1367 3035 1424 demonstravit.

2234 1459 2391 1527 Quod
2422 1459 2490 1514 de
2537 1459 2761 1514 Christo
2823 1459 2894 1532 [f.
2926 1463 2993 1516 de
3023 1462 3212 1535 cruce]
3260 1478 3290 1517 a
3339 1479 3426 1520 me
3473 1466 3744 1535 quaesisti,

2163 1553 2428 1608 scientem
2460 1559 2514 1608 te
2561 1552 2730 1608 reddo
2769 1555 2972 1608 modo:
3008 1555 3137 1625 quia
3170 1556 3257 1611 die
3293 1571 3401 1626 qua
3450 1557 3748 1613 cruciﬁxus

2164 1651 2249 1699 est
2270 1644 2547 1709 Christus,
2572 1660 2698 1699 cum
2729 1660 2796 1700 eo
2825 1643 2934 1700 duo
2965 1645 3206 1702 latrones
3238 1646 3410 1718 (unus
3443 1649 3508 1702 ad
3531 1649 3745 1714 lmvam,

2165 1737 2304 1791 alter
2336 1736 2403 1789 ad
2440 1735 2747 1804 dexteram)
2783 1735 3032 1800 fuerunt,
3087 1744 3142 1792 et
3179 1752 3304 1792 mox
3357 1739 3543 1794 emisit
3593 1740 3752 1810 spiri-

474 1821 680 1878 Esdras
745 1829 1065 1881 memoriter
1124 1836 1178 1881 et
1243 1831 1583 1884 mendaciter
1637 1807 1982 1896 memoravit,
2008 1840 2061 1884 et
2095 1807 2134 1862 Β
2168 1837 2302 1881 ιιιηι.
2367 1826 2562 1881 Statim
2620 1834 2766 1880 terra
2788 1829 3144 1894 contremuit,
3197 1837 3254 1884 et
3311 1829 3394 1885 sol
3423 1807 3750 1885 obscuratus

472 1929 585 1967 non
616 1913 719 1968 fuit
772 1915 824 1968 in
859 1930 925 1969 ea
961 1925 1294 1973 memoratus
1348 1917 1418 1973 de
1481 1922 1912 1984 resurrectione,
1968 1927 2064 1974 aut

471 2007 581 2060 vita
643 2016 866 2074 aeterna,
905 2020 997 2062 aut
1064 2008 1343 2078 paradiso,
1379 2026 1526 2066 nunc
1567 2013 1686 2076 tibi,
1715 2013 1759 2068 si
1799 2013 1909 2070 Deo
1943 2013 2060 2082 pla-

473 2105 617 2162 ceat,
644 2097 958 2152 ostendam.
994 2098 1324 2155 Benedictus
1358 2099 1623 2157 Dominus
1669 2103 2060 2158 revelationem

474 2189 529 2242 in
563 2189 860 2260 prophetas
901 2205 1034 2247 suos
1058 2192 1230 2256 misit,
1264 2202 1317 2248 et
1343 2194 1526 2249 omnis
1556 2195 1822 2264 propheta
1847 2195 2062 2250 locutus

475 2289 561 2335 est
603 2296 698 2350 per
730 2281 1119 2338 revelationem
1180 2283 1276 2339 Dei
1311 2303 1324 2339 :
1354 2292 1407 2340 et
1440 2285 1589 2340 dedit
1637 2285 1809 2358 Moysi
1864 2287 2060 2357 legem,

479 2372 535 2426 in
562 2387 669 2442 qua
705 2373 905 2442 scripta
934 2383 1064 2429 sunt
1099 2386 1369 2446 praecepta
1399 2375 1632 2432 ﬁliorum
1664 2375 1851 2445 Israel,
1881 2377 2063 2433 exitus

475 2478 666 2518 eorum
699 2464 766 2519 de
796 2463 1056 2535 zEgypto,
1143 2467 1537 2532 dinumeratio,
1592 2477 1644 2522 et
1674 2469 2060 2534 contradictio,

473 2567 528 2612 et
581 2556 884 2628 indignatio
941 2557 1037 2614 Dei
1090 2573 1257 2630 super
1308 2575 1424 2625 eos,
1484 2567 1538 2615 et
1571 2561 1850 2631 quomodo
1878 2560 2060 2615 omnia

472 2651 682 2706 creavit
723 2668 737 2704 :
796 2652 1182 2707 rememoratio
1227 2668 1444 2723 regum,
1503 2661 1556 2708 et
1595 2652 1870 2724 quomodo
1913 2653 2065 2708 exal-

474 2743 611 2797 tavit
672 2751 728 2799 et
789 2744 1107 2799 humiliavit
1147 2759 1264 2810 eos,
1302 2753 1357 2800 et
1391 2746 1654 2801 revelavit
1693 2746 1862 2800 David
1902 2759 2064 2801 servo

478 2848 578 2890 suo
621 2833 1011 2905 psalmodiam,
1055 2837 1448 2910 et‘Salomoni
1476 2838 1830 2908 sapientiam,
1860 2844 1914 2891 et
1958 2834 2064 2892 Job

480 2941 580 2982 suo
611 2923 810 2981 dilecto
857 2936 911 2982 et
952 2926 1162 2984 Danieli
1223 2929 1571 2999 prudentiam
1605 2945 1620 2984 :
1651 2937 1704 2983 et
1752 2944 1853 2985 nos
1885 2928 2065 2983 credi-

480 3033 601 3072 mus
644 3019 1135 3083 resurrectionem,
1190 3028 1246 3074 et
1279 3017 1618 3089 paradisum,
1655 3027 1710 3073 ct
1759 3016 2059 3084 infernum,

479 3117 533 3162 et
564 3109 871 3165 invenimus
913 3125 976 3165 ea
1012 3110 1216 3181 scripta
1252 3110 1304 3165 in
1341 3106 1528 3165 Veteri
1565 3110 1922 3164 Testamento
1966 3125 2064 3180 per

480 3200 711 3259 Esdram
739 3204 827 3259 cui
855 3203 998 3260 Deus
1027 3205 1308 3271 revelavit,
1339 3214 1391 3261 et
1414 3203 1640 3276 scripsit
1671 3218 1734 3260 ea
1790 3203 1857 3258 ad
1892 3203 2065 3274 pleni.-

483 3296 744 3351 tudinem.
777 3295 843 3349 Et
873 3281 1016 3352 sicut
1049 3297 1191 3354 Deus
1225 3298 1396 3370 Moysi
1439 3298 1722 3368 propheta:
1763 3311 1865 3353 suo
1893 3297 2063 3363 dedit,

483 3384 556 3439 ita
593 3386 792 3442 Esdras
839 3384 1146 3441 declaravit
1186 3397 1241 3443 et
1303 3388 1381 3442 nil
1417 3388 1788 3458 praetermisit,
1841 3390 1968 3458 quia
2009 3389 2064 3442 in

484 3479 764 3550 prophetis
818 3480 912 3536 Dei
949 3495 1060 3535 non
1112 3487 1198 3536 est
1237 3480 1586 3536 mendacium
1621 3495 1801 3551 neque
1838 3480 2063 3545 oblivio,

482 3571 610 3643 quia
639 3573 784 3628 Deus
819 3573 878 3627 tit
899 3573 1162 3628 revelatio
1193 3572 1442 3629 illorum.

551 3663 834 3734 Scripsisti
864 3665 996 3719 mihi
1033 3665 1100 3721 de
1123 3664 1402 3720 sacriﬁcio
1447 3664 1575 3733 qttid
1609 3675 1776 3729 esset,
1827 3672 1882 3719 et
1919 3664 2065 3735 quod

482 3767 593 3809 non
624 3756 899 3825 reperircs
929 3771 1258 3827 quemquam
1305 3755 1372 3811 de
1405 3755 1775 3811 servientibus
1824 3753 1919 3808 Dei
1972 3754 2066 3825 qui

481 3846 1115 3904 obluleritsacriﬁcium.
1136 3847 1420 3911 Primitus,
1452 3848 1560 3902 duo
1611 3847 1704 3901 ﬁlii
1755 3846 1886 3900 Adae
1909 3846 2069 3901 obtu-

481 3939 684 4004 lerunt,
711 3951 765 3995 et
791 3949 1074 4012 acceptum
1102 3949 1186 3996 est
1237 3941 1306 3996 ab
1330 3957 1459 3996 uno.
1528 3941 1874 3996 Sacriﬁcium
1923 3940 2068 3994 veri-

483 4035 611 4090 tatis
634 4042 716 4090 est
751 4051 919 4106 super
963 4034 1236 4099 homines,
1271 4043 1325 4088 et
1366 4041 1649 4103 acceptum
1693 4032 1824 4099 Deo,
1856 4039 1910 4087 et
1936 4030 2069 4086 redi-

482 4127 666 4182 ﬁcatio
705 4127 754 4182 ei
806 4127 1122 4198 quicunque
1153 4126 1462 4182 obtulerit:
1515 4134 1746 4196 excepto
1796 4123 2070 4179 sacriﬁcio

483 4220 626 4289 quod
663 4219 824 4274 idolis
855 4218 1115 4284 oﬂertur;
1149 4221 1243 4290 qui
1266 4219 1410 4274 enim
1446 4219 1582 4273 illud
1611 4218 1872 4282 olTerunt,
1900 4218 2066 4275 alieni

487 4320 618 4363 sunt
677 4320 732 4364 et
766 4310 984 4381 perditi.
1024 4309 1281 4364 Christus
1316 4324 1471 4372 vero,
1508 4318 1670 4363 nocte
1696 4308 1786 4362 illa
1816 4323 1921 4378 qua
1952 4314 2069 4362 erat

493 4403 779 4456 inchoatio
839 4403 1140 4472 passionis,
1198 4401 1491 4472 discipulis
1545 4403 1680 4457 dixit
1755 4390 1885 4472 quid
1911 4401 1978 4457 de
2004 4416 2070 4457 eo

2162 1930 2268 1986 est,
2292 1927 2353 1975 et
2379 1919 2646 1989 quosdam
2679 1919 2958 1990 principes
2999 1919 3070 1975 de
3105 1918 3335 1986 Judaais,
3363 1921 3458 1988 qui
3491 1922 3746 1984 aderant,

2164 2013 2377 2068 validus
2415 2014 2581 2067 timor
2609 2013 2812 2068 invasit
2835 2021 3060 2082 pr0pter
3112 2014 3261 2084 ipsas
3302 2027 3524 2069 cruces.
3559 2011 3629 2066 Et
3688 2023 3749 2066 ut

2165 2105 2478 2160 hominibus
2502 2105 2791 2161 veritatem
2838 2105 3104 2172 celarent,
3134 2120 3229 2161 eas
3261 2106 3390 2162 "sub
3445 2115 3590 2160 terra
3622 2105 3750 2159 abs-

2163 2196 2491 2261 conderunt,
2531 2197 2606 2250 ita
2647 2207 2705 2252 ut
2739 2196 2833 2251 alii
2870 2201 3150 2252 nescirent
3173 2198 3280 2254 nisi
3320 2213 3503 2263 unus;
3546 2206 3602 2252 et
3647 2213 3746 2249 nc-

2165 2287 2298 2342 tnini
2323 2288 2376 2341 in
2418 2287 2530 2341 vita
2557 2302 2659 2342 sua
2684 2288 2900 2342 dicebat
2927 2305 2940 2340 :
2979 2303 3104 2342 cum
3131 2297 3310 2342 autem
3351 2303 3498 2343 mors
3518 2287 3749 2342 accede-

2166 2388 2266 2444 ret,
2302 2379 2464 2434 alieni
2496 2379 2804 2449 propinquo
2857 2379 3143 2449 aperiebat
3213 2380 3400 2435 dicens
3436 2398 3450 2434 :
3493 2379 3750 2445 Quando-

2169 2482 2277 2538 que
2310 2467 2552 2537 quaestio
2592 2468 2779 2522 crucis
2837 2467 2968 2533 erit,
3021 2467 3201 2522 locum
3272 2467 3396 2522 vide
3449 2477 3504 2523 et
3585 2467 3746 2522 scito.

2170 2557 2402 2624 Quando
2435 2567 2614 2613 tamen
2640 2557 2815 2612 voluit
2858 2557 3111 2613 Christus
3177 2557 3504 2613 hominibus
3552 2558 3750 2613 conrn-

2164 2651 2377 2706 sionem
2417 2648 2730 2706 Judteorum
2776 2650 3091 2717 ostendere,
3129 2651 3500 2707 inventionem
3564 2652 3750 2706 erucis

2165 2741 2531 2796 Constantino
2574 2741 2688 2812 regi
2749 2742 3149 2806 Romanorum,
3199 2742 3293 2812 qui
3336 2741 3568 2795 necdum
3633 2752 3750 2796 erat

2163 2834 2532 2899 Christianus,
2561 2834 2798 2904 aperuit.
2820 2834 2955 2889 Cum
2984 2834 3130 2889 enim
3156 2840 3407 2905 pergeret
3435 2838 3504 2888 ad
3523 2832 3748 2894 bellum.

2163 2924 2384 2979 elevans
2433 2924 2628 2978 oculos
2687 2922 2755 2976 ad
2820 2923 3020 2978 coelum
3074 2923 3254 2978 media
3305 2932 3485 2986 nocte,
3520 2921 3656 2977 vidit
3688 2923 3742 2975 in

2165 3015 2307 3070 coelo
2338 3015 2499 3086 quasi
2548 3015 2686 3070 duas
2703 3014 3014 3080 columnas,
3067 3029 3234 3069 unam
3262 3028 3431 3085 super
3467 3014 3629 3067 aliam
3659 3013 3746 3067 in-

2091 3145 2132 3202 c
2168 3117 2372 3163 tentam
2402 3108 2455 3162 in
2488 3108 2908 3163 similitudinem
2941 3108 3143 3172 crucis,
3169 3115 3223 3163 et
3247 3107 3301 3163 in
3323 3124 3385 3162 ea
3409 3108 3746 3177 scripturam

2169 3201 2328 3264 igneo
2358 3199 2572 3271 fulgore
2599 3201 2944 3262 rutilantem,
2978 3200 3239 3256 etGrzece
3269 3205 3530 3274 scriptam
3561 3218 3575 3232 ο
3609 3200 3750 3269 Quia

2167 3296 2346 3364 petisti
2397 3292 2570 3350 aDeo
2615 3302 2704 3348 tuo
2764 3302 2824 3348 ut
2901 3291 3198 3349 ostenderet
3275 3296 3370 3348 tibi
3445 3297 3606 3365 fidem
3663 3310 3747 3347 re-

2168 3397 2332 3453 ctam,
2397 3387 2568 3456 facito
2631 3388 2727 3442 tibi
2787 3388 2996 3457 signum
3037 3387 3209 3456 regale
3245 3388 3298 3440 in
3342 3386 3748 3441 similitudinem

2169 3480 2342 3534 crucis
2371 3481 2553 3544 istius,
2586 3496 2703 3541 autc
2727 3482 2994 3550 pra'cedat
3032 3490 3082 3534 te
3110 3491 3298 3535 contra
3329 3481 3572 3534 inimicos
3607 3490 3747 3546 tuos,

2167 3572 2453 3627 secundum
2511 3573 2650 3642 quod
2679 3573 2861 3626 vidisti
2905 3574 2960 3626 in
3004 3574 3156 3628 ccelo.
3193 3573 3316 3640 Quo
3349 3575 3511 3638 facto,
3564 3573 3750 3628 hostes

2169 3663 2391 3726 invasit,
2423 3672 2474 3718 et
2511 3679 2608 3733 per
2658 3664 2917 3718 virtutem
2961 3674 3169 3720 sancta:
3207 3665 3390 3720 crucis
3435 3666 3560 3721 illos
3601 3665 3753 3720 devi-

2171 3759 2266 3812 cit.
2292 3755 2542 3827 Cumque
2572 3767 2968 3822 reverteretur,
3002 3769 3231 3814 matrem
3265 3774 3423 3815 suam
3481 3758 3745 3815 Helenam

2170 3863 2295 3904 cum
2339 3848 2582 3903 exercitu
2613 3864 2900 3920 usquequo
2930 3849 3233 3907 Jerusalem
3260 3853 3473 3907 veniret
3523 3853 3750 3916 direxit,

2171 3938 2388 4010 utquid
2424 3939 2492 3994 de
2545 3954 2711 3996 cruce
2737 3940 2942 3995 Christi
2994 3941 3197 3997 factum
3239 3954 3409 4004 esset,
3451 3958 3480 3996 a
3545 3941 3751 3998 Judazis

2171 4033 2532 4104 perquireret.
2576 4030 2764 4085 Multis
2796 4041 2979 4087 autem
3028 4032 3316 4096 cruciatis,
3374 4033 3551 4087 virum
3595 4033 3750 4087 illum

2170 4126 2262 4195 qui
2289 4125 2356 4179 de
2389 4126 2532 4178 tribu
2564 4124 2684 4193 ejus
2714 4122 2894 4178 fuerat
2925 4123 3014 4178 cui
3075 4140 3165 4180 res
3199 4124 3436 4194 primum
3497 4125 3753 4180 notiﬁca-

2171 4218 2349 4283 batur,
2383 4215 2587 4286 inquiri
2617 4215 2897 4286 praecepit.
2921 4215 3080 4270 lllum
3119 4225 3322 4280 autem,
3350 4216 3430 4270 rei
3460 4218 3749 4273 veritatem

2135 4302 2140 4306 ’
2171 4308 2386 4380 aperire
2421 4309 2721 4371 nolentem,
2743 4307 2796 4360 in
2834 4315 2998 4377 puteo
3025 4307 3144 4362 sine
3168 4315 3296 4378 potu
3318 4314 3372 4363 et
3394 4309 3541 4363 victu
3574 4309 3755 4364 recluo

2173 4406 2264 4459 sit.
2286 4404 2535 4472 Cumque
2584 4418 2643 4457 se
2679 4401 3007 4455 moriturum
3045 4401 3420 4472 cognovisset,
3475 4403 3523 4456 ei
3572 4403 3753 4458 locum

483 4493 654 4548 Judaei
689 4494 884 4550 facturi
914 4503 1120 4559 essent,
1153 4503 1207 4549 et
1236 4495 1729 4558 resurrectionem,
1764 4503 1821 4549 et
1852 4493 2058 4562 fugam,
2099 4495 2142 4550 D
2171 4497 2444 4564 ostendit;
2470 4503 2523 4550 ct
2554 4495 2681 4550 dum
2711 4492 2983 4560 foderent,
3046 4494 3230 4549 fumus
3260 4495 3469 4552 incensi
3502 4495 3570 4552 de
3601 4497 3753 4552 fovea

489 4596 541 4639 et
568 4588 935 4642 reversionem
969 4587 1032 4642 ad
1053 4604 1176 4642 eum
1200 4588 1578 4652 annuntiarit;
1610 4597 1662 4642 et
1689 4588 1943 4642 tamenin
1977 4587 2067 4642 illa

485 4691 647 4736 nocte
668 4697 792 4737 cum
827 4681 1116 4750 discipulis
1155 4679 1476 4746 comedens,
1523 4680 1803 4750 accipiens
1869 4694 2066 4750 panem

487 4771 838 4826 benedixitet
868 4771 1035 4826 dixit:
1073 4773 1306 4840 Accipite
1329 4781 1377 4824 et
1409 4772 1662 4825 comeditc
1692 4789 1711 4825 :
1740 4771 1834 4824 hoc
1855 4781 1932 4826 est
1953 4788 2070 4825 cor-

484 4880 581 4931 pus
610 4880 778 4918 meum
811 4864 949 4933 quod
968 4880 1064 4932 pro
1088 4867 1232 4918 vobis
1261 4863 1523 4917 tradetur.
1558 4863 1757 4918 lterum
1793 4865 2071 4934 accipiens

486 4956 740 5019 calicem,
779 4954 919 5008 dixit
955 4972 967 5008 :
1002 4954 1172 5008 Bibite
1201 4970 1264 5008 ea:
1291 4955 1386 5007 hoc
1406 4970 1619 5018 omnes;
1645 4955 1727 5008 hic
1753 4964 1830 5008 est
1854 4955 2070 5026 sanguis

488 5064 634 5101 meus
690 5049 780 5118 qui
818 5048 1046 5116 oﬁ'ertur
1087 5049 1141 5102 in
1193 5049 1560 5101 remissionem
1612 5057 1970 5116 peccatorum.
2006 5046 2072 5100 Et

493 5142 750 5211 pra-cepit
775 5141 934 5196 nobis
967 5141 1221 5196 similiter
1255 5141 1392 5205 ﬁeri,
1429 5147 1487 5193 ut
1538 5140 1609 5194 sit
1633 5140 1791 5194 nobis
1816 5140 2071 5194 remissio

493 5241 871 5298 peccatorum,
897 5234 1216 5302 quicunque
1244 5233 1297 5288 in
1341 5232 1445 5286 ﬁde
1477 5239 1530 5286 et
1555 5231 1851 5286 dilectione
1902 5231 2068 5286 obtu-

494 5325 737 5380 lerimus.
780 5325 914 5379 Illud
949 5327 1283 5381 sacrificium
1322 5327 1450 5380 licet
1481 5324 1728 5389 credere,
1762 5340 1872 5380 non
1935 5325 2071 5381 illud

490 5417 633 5482 quod
669 5416 724 5470 in
763 5416 878 5486 lege
910 5425 1090 5470 vestra
1123 5432 1220 5472 vos
1248 5417 1449 5471 habere
1483 5413 1688 5470 dicitis.
1716 5415 1854 5469 Cmn
1897 5416 2069 5470 discia

490 5509 600 5577 puli
636 5507 776 5563 Filio
809 5510 900 5564 Dei
952 5509 1249 5576 dixissent,
1308 5510 1508 5565 lnvoca
1545 5510 1712 5565 Deum
1757 5517 1815 5562 ut
1870 5509 2073 5579 dirigat

489 5599 648 5654 nobis
673 5607 870 5653 manna
901 5600 968 5654 de
996 5599 1174 5666 cmlo;
1199 5608 1255 5654 et
1280 5599 1514 5655 dixisset
1543 5599 1825 5661 Christus,
1860 5596 2075 5652 Timete

490 5690 662 5746 Deum
699 5693 742 5747 si
783 5694 919 5747 estis
953 5692 1162 5757 ﬁdeles,
1196 5691 1456 5762 discipuli
1491 5692 1770 5757 dixerunt,
1804 5690 2074 5744 Volumus

491 5784 781 5838 comedere
817 5783 967 5847 illud,
996 5790 1051 5837 ct
1097 5782 1384 5837 credemus
1434 5782 1531 5837 tibi
1603 5790 1656 5839 et
1684 5782 1918 5839 sciemus
1951 5780 2077 5851 quia

825 5880 1091 5937 l‘A'rnon.
1127 5877 1242 5937 Gn.
1283 5877 1464 5939 CVII.

2171 4588 2360 4652 exivit,
2385 4597 2495 4641 tres
2522 4600 2739 4648 cruces,
2779 4593 2902 4655 post
2933 4600 3028 4640 ccc
3075 4601 3253 4641 annos
3283 4602 3348 4640 ex
3375 4603 3482 4656 quo
3501 4587 3756 4644 Christus

2171 4687 2415 4741 venerat,
2451 4675 2768 4732 ostendens.
2799 4678 2864 4730 Et
2894 4691 3019 4731 cum
3045 4690 3172 4733 ante
3202 4678 3445 4748 reginam
3501 4680 3756 4735 nescien-

2173 4779 2281 4825 tem
2341 4785 2462 4840 qute
2515 4784 2652 4823 crux
2707 4768 2912 4824 Christi
2961 4777 3128 4833 essu,
3177 4779 3552 4838 portarentur,
3592 4786 3757 4841 super

2174 4867 2455 4914 mortuum
2514 4857 2696 4914 subito
2727 4873 2892 4912 unam
2913 4874 3132 4913 crucem
3169 4860 3381 4928 posuit;
3419 4871 3472 4915 et
3508 4876 3614 4915 non
3639 4877 3759 4918 sur-

2175 4956 2344 5020 rexit;
2385 4953 2621 5009 secunda
2656 4951 2918 5018 adhibita,
2948 4952 3023 5006 nil
3053 4953 3285 5021 proluit;
3310 4969 3436 5008 cum
3472 4971 3601 5009 vero
3641 4965 3756 5011 ter-

2175 5048 2306 5101 tiam
2333 5045 2736 5107 adhibuissent,
2756 5043 2940 5097 statim
2965 5044 3054 5113 qui
3079 5056 3195 5099 erat
3218 5053 3469 5101 mortuus
3493 5047 3755 5104 surrexit.

2175 5140 2404 5210 Regina,
2427 5137 2568 5192 facta
2595 5136 2826 5192 ecclesia
2853 5151 3018 5204 super
3048 5135 3251 5190 Christi
3272 5139 3609 5207 sepulcrum,
3631 5153 3758 5208 par-

2178 5241 2284 5284 tem
2307 5228 2374 5282 de
2408 5227 2658 5283 cruceibi
2693 5227 2934 5297 reliquit,
2965 5228 3306 5296 etrcliquam
3347 5226 3458 5281 ﬁlio
3485 5242 3587 5282 suo
3602 5228 3760 5282 detu-

2177 5322 2259 5375 lit.
2305 5319 2426 5374 llzec
2452 5330 2537 5374 est
2567 5333 2731 5374 causa
2765 5334 2934 5388 quare
2958 5332 3179 5373 crucem
3215 5318 3416 5372 Christi
3444 5319 3756 5374 adoremus.

2251 5412 2465 5466 Dictum
2493 5421 2576 5466 est
2603 5409 2734 5465 mihi
2762 5410 2908 5481 quod
2940 5426 3048 5465 non
3097 5411 3351 5465 salutatis
3389 5425 3486 5466 eos
3508 5411 3601 5480 qui
3629 5419 3762 5465 sunt

2178 5501 2402 5557 alterius
2428 5502 2586 5572 legis,
2619 5508 2675 5556 et
2725 5517 2822 5557 vos
2878 5502 3080 5561 habere
3125 5505 3179 5555 in
3214 5501 3331 5571 lege
3380 5510 3563 5555 vestra
3613 5500 3760 5570 quod

2180 5593 2444 5648 mulieres
2489 5592 2729 5662 alicujus
2763 5595 2888 5650 ﬁdei
2919 5596 3076 5651 vobis
3111 5597 3273 5651 liceat
3324 5596 3377 5650 in
3420 5596 3760 5652 connubium

2179 5685 2382 5740 ducere
2412 5701 2427 5738 :
2453 5692 2507 5739 et
2561 5697 2841 5755 quomorto
2873 5687 2989 5742 ﬁeri
3056 5695 3238 5759 potest
3281 5696 3341 5742 ut
3379 5687 3524 5743 Deus
3552 5687 3761 5743 homini

2181 5794 2406 5835 uxorem
2450 5780 2649 5836 ducere
2684 5781 3060 5850 praecepisset,
3106 5781 3198 5852 qui
3243 5795 3344 5835 nec
3379 5780 3621 5835 salutare
3667 5795 3763 5834 ne-

3365 5873 3426 5932 ll
