4084 6450
405 325 510 387 323

1226 320 1502 384 LEONIS
1540 319 2007 381 PHILOSOPHI
2042 319 2408 380 EPISTOLA
2448 321 2548 381 AD
2587 317 2939 380 OMARUM.

3569 317 3682 380 3Ξὶ

409 447 516 504 que
548 431 782 502 sepelire
815 432 966 487 illam
990 430 1349 501 dignaretur?
1377 428 1668 492 Similiter,
1699 429 1747 483 si
1793 429 1860 483 de
1890 429 1995 483 alia
2027 435 2071 491 Λ
2101 431 2266 499 perit,
2297 430 2510 485 adulter
2539 437 2594 484 et
2615 429 2865 484 I‘INBCIIIIS
2884 424 3216 483 vindicetur.
3240 425 3440 480 lterum
3471 425 3680 482 dictum

410 523 516 579 ﬁde
554 524 740 588 fuerit,
779 529 1131 592 nonroportet
1161 536 1327 591 super
1358 521 1670 591 sepulcrum
1701 521 1822 590 ejus
1842 529 1992 576 stare

411 624 508 670 aut
566 631 670 686 pro
717 615 807 669 illa
867 613 1172 683 deprecari.
1240 612 1377 667 Cum
1444 621 1626 667 autem
1657 627 1755 667 vos
1786 615 1840 666 lu
1876 612 1992 683 lege

409 714 592 760 vestra
627 705 892 775 scriptum
916 702 1216 758 inveniatis
1245 703 1373 773 quia
1411 703 1568 756 multi
1599 718 1666 757 ex
1702 703 1789 758 his
1823 704 1990 773 quiin

407 797 523 865 lege
546 795 790 865 qualibet
833 803 962 849 sunt
993 795 1203 861 ﬁdeles,
1231 794 1374 864 apud
1403 794 1572 849 Deum
1609 803 1762 858 sunt,
1820 809 1992 864 quare

406 900 507 954 pro
538 899 601 938 ea
639 900 746 938 non
792 884 1196 953 deprecemini?
1233 886 1436 937 lterum
1463 884 1670 938 dictum
1704 894 1789 939 est
1833 884 1988 949 mihi,

405 977 452 1029 si
510 976 637 1046 quis
670 984 920 1030 vestrum
961 991 1190 1029 uxorem
1229 991 1387 1031 suam
1418 976 1660 1045 qualibet
1715 992 1784 1030 ex
1821 990 1990 1032 causa

405 1068 711 1137 reliquerit,
741 1082 848 1122 non
883 1075 1102 1137 oportet
1137 1083 1259 1122 eam
1289 1068 1356 1122 ad
1385 1084 1510 1123 eum
1550 1066 1788 1137 regredi,
1814 1067 1989 1123 donec

405 1161 545 1213 alter
571 1175 696 1214 cum
729 1175 791 1213 ea
818 1160 1131 1214 conveniat.
1166 1158 1258 1214 Sic
1286 1159 1737 1228 praevaricatores
1774 1159 1906 1230 legis
1937 1167 1992 1214 et

409 1253 698 1323 Evangelii
730 1253 862 1306 facti
894 1253 1029 1307 estis
1060 1253 1127 1302 ⁸⁸.
1161 1251 1216 1305 1η
1243 1252 1361 1320 lege
1377 1251 1524 1305 enim
1576 1252 1846 1319 scriptum
1881 1259 1988 1318 est,

403 1356 462 1400 ut
490 1347 536 1399 si
575 1345 699 1414 quis
733 1360 964 1399 uxorem
1016 1360 1169 1399 suam
1204 1343 1450 1414 qualibet
1483 1358 1653 1397 causa
1697 1343 1987 1413 dimiserit,

400 1446 456 1492 et
488 1437 728 1491 voluerit
769 1436 837 1490 ad
880 1451 1006 1490 eum
1039 1437 1376 1507 quandoque
1425 1435 1667 1505 regredi,
1701 1435 1877 1505 ipsius
1905 1445 1990 1490 est

401 1527 523 1582 sine
566 1528 756 1592 dubio,
789 1528 834 1581 si
868 1538 1049 1581 tamen
1075 1527 1212 1580 alter
1242 1540 1360 1580 eam
1415 1541 1522 1578 nun
1576 1524 1941 1579 sordidaverit
1972 1544 1986 1580 :

401 1618 449 1672 si
486 1629 670 1673 autem
706 1619 843 1672 alter
872 1632 990 1672 eam
1039 1617 1304 1686 tetigerit,
1335 1617 1404 1670 ah
1430 1615 1524 1669 illo
1585 1615 1639 1670 in
1667 1623 1989 1685 perpetuum

401 1712 682 1782 prohibita
729 1721 834 1767 est.
865 1712 924 1766 In
949 1711 1260 1782 Evangelio
1286 1717 1470 1765 tamen
1506 1717 1726 1764 nonest
1772 1708 1985 1764 licitum

401 1805 613 1859 homini
649 1819 874 1858 uxorem
901 1819 1060 1858 suam
1094 1803 1215 1858 sine
1259 1815 1429 1857 causa
1481 1799 1865 1856 fornicationis
1901 1803 1985 1855 di-

400 1895 639 1961 mittere,
672 1905 725 1950 et
748 1897 840 1965 qui
872 1895 1158 1951 dimissam
1202 1893 1428 1950 alterius
1473 1893 1530 1949 in
1571 1907 1798 1951 uxorem
1826 1906 1985 1950 acce-

465 2071 514 2108 ⁸³
544 2072 702 2129 Deut.
733 2089 827 2142 xx,
858 2076 914 2130 ι.

2095 530 2180 576 est
2206 521 2363 587 mihi,
2389 521 2535 590 quod
2567 521 2622 575 in
2643 520 2760 590 lege
2781 528 2964 574 vestra
2987 517 3061 573 sit
3084 516 3374 586 scriptum,
3405 516 3681 590 quidquid

2095 611 2289 669 fecerit
2333 614 2511 668 homo
2557 614 2674 668 sive
2724 614 2930 668 bonum
2991 612 3109 666 sire
3160 610 3390 677 malum,
3427 612 3682 681 praescri-

2093 713 2248 776 ptum
2303 716 2357 761 et
2415 705 2862 776 prtedestinatum
2922 704 2997 760 sit
3047 705 3190 758 illia
3243 701 3355 758 Deo
3383 713 3682 772 antequam

2095 804 2379 852 nascatur.
2406 797 2462 852 Si
2495 798 2569 852 ita
2592 807 2696 864 est,
2749 811 2860 852 non
2886 804 2972 852 est
3015 796 3092 850 illi
3137 794 3312 865 gratia
3364 794 3414 849 si
3470 794 3680 850 bonum

2093 898 2369 958 operetur,
2407 905 2584 959 neque
2611 896 2906 957 peccatum
2929 889 2976 942 si
3004 887 3146 941 male
3172 896 3434 956 operetur
3482 904 3496 940 :
3547 886 3679 956 quia

2094 996 2200 1035 non
2239 981 2331 1035 ille
2366 988 2649 1050 operatur,
2679 980 2775 1035 sed
2806 980 2952 1049 quod
2975 979 3352 1049 praescriptum
3384 987 3438 1034 et
3472 993 3680 1047 praeor—

2092 1069 2343 1124 dinatum
2371 1079 2458 1128 est
2492 1071 2572 1125 illi
2606 1078 2898 1139 antequam
2930 1079 3274 1124 nasceretur.
3330 1067 3468 1122 Nam
3507 1068 3554 1123 si
3602 1070 3678 1124 ita

2096 1169 2206 1226 est,
2243 1168 2302 1214 ut
2337 1161 2563 1215 cuilibet
2597 1161 2805 1215 homini
2843 1161 2914 1216 sit
2951 1160 3334 1230 praescriptum
3380 1169 3678 1230 antequam

2093 1261 2376 1317 nascatur,
2401 1267 2534 1321 ergo
2567 1250 2710 1306 Deus
2746 1253 2911 1321 impie
2932 1251 3151 1306 videtur
3177 1249 3377 1320 egisse.
3420 1249 3527 1306 Sed
3573 1251 3678 1307 hoc

2093 1344 2239 1398 absit
2265 1359 2295 1398 a
2331 1343 2463 1407 Deo,
2495 1353 2555 1398 ut
2589 1345 2694 1399 ista
2722 1345 2778 1399 in
2809 1344 3125 1400 hominibus
3145 1351 3423 1412 operetur.
3453 1343 3590 1398 Nam
3623 1345 3672 1399 si

2094 1434 2170 1488 ita
2187 1442 2333 1489 esset
2387 1435 2532 1490 sicut
2570 1450 2670 1490 vos
2721 1435 2928 1502 dicitis,
2951 1433 3223 1506 quidquid
3280 1434 3447 1490 faciat
3481 1434 3670 1502 homo,

2094 1527 2178 1594 vel
2204 1526 2434 1593 bonum,
2470 1535 2524 1581 et
2551 1535 2747 1582 contra
2784 1545 2798 1581 :
2849 1526 2997 1583 Deus
3041 1542 3152 1582 non
3201 1525 3503 1596 prophetas
3545 1526 3652 1581 diri

2092 1628 2246 1690 geret
2296 1629 2356 1675 ut
2404 1622 2728 1678 hominibus
2757 1621 3034 1677 infernum
3089 1621 3564 1686 demonstrarent,
3621 1630 3674 1675 et

2093 1715 2552 1786 pertimescerent
2594 1732 2608 1770 :
2639 1713 2915 1770 suﬂiceret
2938 1713 3086 1768 enim
3115 1713 3224 1767 illis
3247 1711 3588 1782 prsecriptio,
3620 1721 3674 1765 et

2093 1805 2506 1875 praedestinatio
2544 1821 2759 1861 eorum.
2801 1803 2909 1860 Sed
2958 1803 3104 1859 absit
3152 1803 3280 1858 talis
3309 1801 3674 1860 intellectus:

2091 1896 2243 1968 quod
2265 1897 2430 1955 homo
2456 1899 2620 1969 perit,
2654 1912 2763 1952 non
2793 1895 2936 1968 perit
2970 1895 3079 1951 nisi
3109 1893 3343 1950 arbitrio
3364 1906 3491 1950 suo.
