4084 6438
402 350 513 416 337
1329 338 1771 401 GR/ECORUM
1812 341 2015 405 PPISf

2059 339 2400 405 )PATUUM
2440 330 2777 397 ΝΟΤΙΤΙΞΕ
3569 335 3672 399 3Ξ8

397 462 516 519 sedi
550 460 835 531 subjectis,
868 464 919 512 et
949 454 1040 525 qui
1071 452 1312 523 episcopi
1345 454 1545 523 quibus
1577 454 1940 522 mrtropolitis
1975 454 2282 508 subdantur
2311 471 2324 507 :
2362 468 2483 521 quae
2510 452 2667 521 longe
2696 449 2881 518 plures
2913 445 3263 515 metropoles,
3296 445 3672 516 archiepisco-

395 558 580 621 patus,
630 557 683 602 et
738 545 1090 615 episcopatus
1144 550 1421 603 numerat,
1454 555 1617 609 quam
1668 540 2014 596 Andronicus
2049 542 2102 594 in
2156 556 2253 595 sua
2287 540 2527 594 Ecthesi.
2581 538 2687 591 Sed
2722 536 2941 621 ubinam
2979 534 3139 589 hodie
3172 542 3255 587 tot
3291 535 3414 590 illas
3437 576 3451 601 ,
3480 543 3535 589 et
3564 543 3674 589 tam

396 620 725 694 numerosas
756 633 1034 688 Ecclesias
1065 631 1313 686 invenire
1345 628 1470 684 est?
1495 627 1604 680 Aut
1631 629 1902 697 nuspiam,
1934 640 2027 682 aut
2067 628 2122 683 in
2159 627 2413 683 faucibus
2442 625 2595 692 Orci,
2638 625 2741 680 hoc
2771 631 2877 684 est,
2912 620 3211 687 hrcreseos,
3244 631 3299 677 et
3327 623 3672 687 sehismatis,

399 729 503 784 sub
534 723 911 786 Sarracenica,
960 722 1251 791 plusquam
1285 717 1630 773 Pharaonica
1669 718 1963 779 servitute,
2015 715 2267 784 pauculis
2307 714 2564 784 demptis,
2595 713 2795 783 quibus
2825 715 3010 767 mitior
3047 711 3287 765 servitus
3317 709 3536 780 obtigit.
3567 708 3676 763 Eas

391 816 618 882 insuper
651 811 808 866 sedes
838 809 1077 878 excipio,
1105 821 1243 874 quas
1280 806 1331 859 in
1367 802 1617 858 Calabria
1649 811 1701 858 et
1726 801 1911 857 Sicilia
1937 802 2108 856 Graeci
2138 810 2465 865 erexerant,
2496 800 2581 855 vel
2607 800 2718 869 jam
2748 799 2877 852 olim
2912 806 3128 852 erectas
3164 804 3486 867 repererant
3519 816 3530 851 :
3560 798 3678 850 ista:

388 901 535 956 enim
593 900 767 970 pulsis
820 899 1034 952 ditionc
1080 893 1286 948 Graecis
1336 890 1624 945 Cathedrae
1659 890 1806 947 Petri
1855 892 2175 955 adhaerent,
2213 891 2317 946 sub
2365 889 2595 960 imperio
2644 887 3056 943 Catholieorum
3113 902 3304 957 regum
3353 899 3417 940 ac
3469 886 3676 955 princi-

390 1004 543 1058 pum.

460 1077 667 1129 Inserta
692 1080 774 1127 est
798 1061 971 1127 eidem
1004 1070 1265 1124 volumini
1302 1067 1455 1124 Iuris
1488 1067 1940 1124 Gnaeo-Romani
1972 1064 2260 1136 cujusdam
2293 1064 2621 1134 patriarcha:
2647 1060 3250 1131 ConstantinOpolitani
3289 1060 3529 1122 sanetio,
3553 1076 3676 1127 quae

387 1161 580 1213 ordine
610 1159 785 1213 sessio
811 1159 864 1211 in
891 1158 1173 1220 conciliis,
1193 1157 1427 1226 aliisque
1455 1157 1690 1226 publicis
1716 1156 2080 1210 conventibus
2104 1154 2278 1207 cuivis
2309 1152 2669 1223 metropolitae
2701 1161 2754 1206 et
2789 1150 3211 1220 archiepiscupo
3240 1158 3538 1219 competat.
3568 1151 3672 1203 Sed

386 1246 476 1300 hic
507 1248 615 1314 jam
654 1247 811 1313 longe
840 1245 1019 1299 minor
1051 1260 1319 1298 numerus
1349 1254 1432 1299 est
1455 1285 1469 1309 ,
1504 1260 1669 1314 quam
1722 1246 1775 1298 in
1811 1242 2248 1312 ,Conslitutione
2276 1238 2497 1305 Leonis,
2533 1242 2605 1294 ita
2635 1250 2691 1295 ut
2724 1240 2869 1293 sedis
2903 1236 3526 1307 Constantinopolitanze
3557 1251 3673 1290 am-

385 1333 596 1401 plitudo
635 1333 879 1401 quotidie
910 1334 1275 1397 minueretur,
1302 1340 1357 1386 et
1392 1334 1535 1385 mala
1570 1331 1874 1385 Turcarum
1907 1346 2069 1384 manu
2099 1327 2613 1383 circumcideretur.
2658 1326 2815 1381 Libet
2854 1326 2940 1379 hic
2974 1325 3275 1394 adjungere
3313 1324 3460 1379 hunc
3488 1331 3670 1393 poste-

386 1424 587 1473 riorem
624 1420 969 1488 Catalogum,
1004 1419 1133 1489 quia
1167 1420 1350 1474 brevis
1382 1430 1484 1485 est,
1523 1431 1577 1473 et
1613 1419 1931 1473 Andronico
1967 1420 2143 1471 lucem
2189 1416 2474 1469 accendet.

1775 1630 2116 1642 Ἠ

1180 1630 1770 1644 -ο-απα-κ-α-ι-κ

1194 1817 1301 1903 Ρ.
1377 1811 1896 1906 JACOBUS
1977 1810 2288 1905 GOAB
2390 1810 2949 1905 LECTORI.

1970 2057 2041 2068 .—

454 2206 574 2274 Qua
605 2205 659 2259 in
690 2220 748 2260 re
781 2204 1015 2259 Palatini
1053 2219 1257 2267 mores,
1288 2212 1340 2256 et
1372 2204 1465 2274 qui
1504 2204 1555 2257 in
1587 2202 1810 2258 Palatiis
1853 2203 1991 2257 ritus
2030 2202 2308 2255 observari
2343 2210 2751 2257 consueverunt
2788 2202 2886 2269 (de
2909 2203 3111 2272 quibus
3138 2204 3273 2260 satis
3300 2208 3471 2261 multa
3505 2208 3669 2278 paulo

384 2293 687 2362 superius),
722 2306 845 2347 cum
874 2292 1237 2362 sequentibus
1274 2291 1674 2359 metropoleon,
1704 2300 1758 2345 et
1788 2292 2206 2360 episcopatuum
2240 2290 2455 2345 notitiis
2487 2290 2841 2353 conveniant,
2880 2290 3135 2359 ignorare
3162 2309 3247 2347 me
3277 2293 3471 2365 fateor,
3498 2296 3672 2351 lector

381 2378 680 2445 benevole,
727 2378 833 2434 nisi
871 2379 1214 2449 snggesseris
1255 2392 1417 2447 quem
1451 2378 1659 2447 possim
1691 2378 2040 2447 interrogare
2076 2396 2088 2430 :
2122 2384 2395 2447 quotquot
2436 2378 2584 2430 enim
2623 2377 2848 2430 notitias
2880 2377 3149 2434 hactenus
3185 2380 3532 2451 cxscripscre
3557 2423 3571 2449 ,
3608 2399 3676 2437 ne

384 2468 611 2523 verbum
657 2467 881 2538 quidem
928 2482 991 2520 ca
1030 2466 1097 2521 de
1128 2481 1186 2519 re
1219 2465 1488 2520 fecerunt.
1519 2464 1736 2519 Nullius
1767 2464 2029 2519 momenti
2078 2479 2165 2519 res
2197 2476 2281 2519 est
2306 2502 2321 2526 ,
2364 2464 2498 2517 mihi
2550 2464 2716 2516 lateat
2748 2472 2801 2518 et
2839 2465 2973 2531 tibi;
3008 2467 3307 2521 dummodo
3355 2470 3675 2525 notitiarum

385 2556 704 2626 scriptores,
742 2554 824 2608 vel
855 2554 949 2624 qtti
984 2569 1076 2607 eas
1108 2553 1161 2606 in
1197 2554 1373 2607 lucem
1401 2552 1733 2614 eduxerunt,
1773 2553 2144 2606 innotescant.
2180 2552 2439 2606 Ediderat
2474 2552 2826 2607 Andronicus
2860 2553 3143 2623 Augustus
3178 2557 3364 2609 senior
3397 2558 3676 2626 notitiam,

386 2659 550 2713 quam
596 2642 790 2698 Junius
823 2658 922 2713 pro
952 2642 1183 2697 arbitrio
1217 2642 1612 2711 interpretatus
1656 2641 1960 2695 Codiniauo
1994 2641 2280 2709 subjunxit
2319 2640 2504 2709 operi;
2539 2654 2600 2693 ea
2640 2647 2883 2703 tantum,
2936 2656 3023 2695 me
3076 2643 3297 2711 quidem
3347 2644 3559 2712 judice,
3610 2647 3679 2700 de

385 2746 587 2796 causa,
623 2732 765 2800 quod
802 2730 943 2784 hanc
972 2730 1058 2783 isti
1091 2730 1394 2783 subnexam
1433 2728 1574 2783 idem
1608 2745 1712 2785 ms.
1748 2730 1918 2784 codex
1953 2728 2337 2798 suggessisset.
2373 2726 2584 2781 Placuit
2614 2726 2872 2782 Gretsero
2914 2736 3188 2798 repertam
3226 2731 3389 2784 aliam
3444 2733 3496 2785 in
3545 2731 3680 2786 lure

387 2819 866 2884 Graeco-Romano,
896 2818 990 2873 sed
1023 2818 1184 2872 titulo
1214 2827 1266 2871 et
1293 2817 1654 2887 inscriptione
1702 2825 2004 2888 expertem,
2035 2816 2201 2870 veluti
2261 2814 2453 2879 facem,
2489 2814 2932 2881 Andronicianze,
2961 2830 3069 2884 qua
3100 2816 3190 2869 lux
3224 2817 3506 2888 aflulgerct
3537 2835 3676 2889 pra:-

387 2908 601 2962 mittere
632 2926 646 2963 :
678 2923 869 2961 verum
912 2906 1047 2959 facis
1082 2905 1334 2959 obscura:
1371 2904 1552 2958 lumen
1588 2904 1884 2959 obscurius
1944 2904 2088 2959 ferre
2124 2920 2234 2958 non
2271 2911 2569 2974 potuerunt
2601 2903 2769 2960 oculi.
2804 2903 3045 2958 Tertiam
3075 2920 3137 2959 ex
3172 2904 3458 2961 Vaticanis
3484 2906 3546 2961 P.
3570 2908 3677 2962 Ca-

385 2996 537 3047 rolus
564 3009 593 3046 a
626 2992 678 3046 S.
718 2993 887 3046 Paulo
919 2993 1280 3047 Abrincensis
1327 3001 1519 3061 postea
1557 2992 1757 3059 praesul
1809 2992 1981 3046 edidit
2010 3008 2181 3047 sacrae
2213 3007 2325 3046 sua:
2355 2991 2704 3063 geographia“:
2737 2990 2920 3045 tacitis
2947 2992 3113 3045 etiam
3148 2990 3216 3045 de
3251 2994 3475 3047 nomine
3507 3010 3677 3065 stipe-

385 3082 626 3136 rioribus
663 3097 760 3135 ceu
792 3079 1065 3149 Parergon
1094 3081 1358 3134 insertam
1388 3119 1401 3144 ,
1437 3088 1758 3148 quartteque
1788 3079 1946 3135 alteri
1982 3096 2144 3149 quant
2182 3078 2349 3149 Regia
2378 3079 2804 3149 suppeditarunt
2832 3080 3041 3134 sociam
3074 3078 3228 3135 fecit.
3266 3079 3526 3145 Quintam
3562 3097 3680 3136 mc-

385 3183 659 3223 morarem
689 3170 830 3222 inter
862 3168 1026 3221 hasce
1060 3168 1293 3223 mediam
1332 3168 1385 3221 in
1413 3168 1661 3237 ejusdem
1690 3169 1943 3237 praesulis
1966 3170 2291 3225 collectione
2321 3168 2583 3233 locatam,
2621 3168 2676 3221 ni
2714 3169 2862 3239 (cum
2897 3177 3111 3222 vetusta
3138 3169 3211 3223 sit
3244 3178 3299 3223 et
3332 3170 3675 3239 imperfecta,

386 3271 599 3312 necnon
634 3255 897 3319 llierocli,
931 3256 1089 3325 cujus
1123 3266 1488 3325 pervetustam
1527 3256 1781 3310 notitiam
1830 3259 2167 3328 recognitum
2200 3266 2253 3310 et
2285 3257 2556 3327 integram
2606 3256 2969 3313 doctissimus
3005 3254 3326 3311 llolstenius
3360 3258 3676 3326 pollicetur,

384 3361 493 3399 non
526 3343 719 3398 leviter
752 3344 1067 3412 tribuatur)
1102 3345 1170 3397 ab
1202 3360 1262 3397 ea
1296 3358 1439 3397 nunc
1495 3344 1833 3397 recensenda
1869 3352 1982 3399 tum
2017 3345 2197 3414 operis
2227 3344 2561 3413 antiquitas,
2599 3350 2713 3397 tum
2770 3359 2898 3412 erga
2949 3344 3114 3405 talem
3167 3343 3347 3396 virum
3403 3354 3675 3398 vetustum

384 3448 527 3503 opus
566 3432 713 3487 velut
744 3450 774 3485 e
812 3432 1107 3486 ruderibus
1138 3447 1361 3494 eruere,
1390 3445 1453 3484 ac
1480 3445 1594 3486 sua:
1619 3431 1846 3495 puritati
1882 3434 2173 3487 restituere
2202 3432 2519 3486 molientem
2556 3432 2861 3485 retraheret
2891 3431 3223 3487 reverentia.
3249 3430 3499 3486 Praefatis
3527 3433 3679 3488 hisce

385 3535 610 3574 manum
647 3520 937 3574 admovere
968 3521 1236 3589 compulit
1262 3534 1417 3573 amor
1448 3522 1802 3591 integritatis,
1829 3534 1952 3589 qua)
1983 3534 2162 3574 rerum
2197 3518 2370 3573 forma
2396 3519 2568 3574 decus
2602 3526 2689 3573 est
2717 3525 2771 3572 et
2802 3516 3085 3587 perfectio,
3116 3525 3171 3572 et
3200 3527 3468 3583 nostram,
3499 3533 3676 3589 quam,

389 3607 727 3675 iulacunque
780 3607 891 3671 sit,
926 3621 1148 3675 operam
1185 3608 1407 3676 publica
1445 3610 1745 3678 postulavit
1778 3608 2006 3663 utilitas.
2065 3606 2186 3673 Quo
2224 3607 2275 3659 iu
2319 3607 2541 3676 negotio
2574 3605 2752 3676 Regia:
2779 3605 3127 3660 Bibliotheca:
3159 3622 3291 3661 mss.
3326 3622 3494 3672 usus,
3532 3606 3677 3676 quod

387 3696 647 3747 ntutilum
676 3703 793 3748 erat
822 3695 1064 3761 reposui,
1088 3694 1237 3763 quod
1269 3707 1593 3765 corruptum
1631 3696 1904 3765 reparavi,
1929 3694 2075 3764 quod
2102 3695 2401 3748 obscurum
2435 3694 2731 3758 illustrari,
2760 3693 2911 3763 quod
2944 3708 3138 3764 vagum
3174 3701 3293 3747 erat
3318 3703 3374 3748 et
3404 3695 3676 3749 incertum

386 3783 442 3835 in
476 3780 757 3835 meliorem
798 3781 1044 3835 ordinem
1082 3781 1287 3850 redegi.
1322 3781 1469 3835 Inter
1505 3782 1672 3837 hasce
1700 3797 1827 3836 vero
1862 3782 2015 3837 datas
2046 3782 2131 3836 vel
2170 3782 2486 3849 recognitas
2515 3795 2544 3833 a
2571 3796 2657 3836 me
2692 3781 2922 3837 notitias
2957 3782 3061 3835 ista
3095 3780 3268 3836 series
3297 3789 3381 3836 est
3408 3791 3461 3837 et
3491 3797 3676 3837 rerum

388 3881 641 3926 servatus
688 3868 861 3935 ordo,
894 3880 953 3924 ut
998 3872 1052 3923 in
1113 3872 1289 3939 prima
1338 3868 1518 3925 fronte
1561 3870 1868 3939 diatyposis
1897 3870 2096 3926 Leonis
2124 3872 2357 3942 Augusti
2411 3878 2538 3926 ante
2591 3871 2943 3942 octingentos
2971 3871 3195 3925 circiter
3231 3885 3407 3925 annos
3443 3871 3676 3941 digesta,

388 3959 640 4029 quamvis
669 3958 962 4013 recentiori
998 3957 1320 4012 charactere
1353 3957 1725 4025 conscriptam
1763 3962 2084 4028 repererim,
2118 3961 2467 4027 exhibeatur,
2500 3976 2666 4031 quam
2702 3962 2748 4016 si
2780 3962 2946 4025 velis,
2983 3978 3148 4032 supra
3202 3961 3421 4017 laudato
3451 3960 3678 4018 debebis

386 4048 714 4102 Abrincensi
748 4046 965 4117 prtesnli
1004 4045 1227 4115 (exstat
1255 4047 1400 4100 enim
1437 4047 1492 4102 in
1522 4051 1643 4118 ejus
1674 4064 1833 4105 sacra
1866 4048 2240 4118 geographia)
2272 4050 2357 4105 sin
2390 4051 2573 4105 minus
2595 4090 2610 4117 ,
2646 4066 2711 4104 ex
2755 4062 2910 4121 parte
2956 4050 3087 4104 mihi
3122 4050 3416 4107 vindicabo
3437 4091 3450 4117 ,
3483 4066 3582 4105 ceu
3613 4066 3676 4105 ex

386 4136 609 4191 diverso
640 4137 865 4201 codice,
909 4149 1073 4201 quem
1107 4136 1274 4190 variae
1303 4136 1567 4191 lectiones
1594 4145 1837 4208 arguunt
1871 4140 2241 4206 conscriptam
2265 4176 2280 4202 ,
2309 4146 2363 4191 et
2395 4138 2664 4209 integrius
2692 4153 2856 4209 quam
2896 4142 3130 4197 antehac
3151 4184 3165 4207 ,
3198 4144 3280 4196 vel
3328 4141 3518 4195 Graece
3563 4148 3679 4191 tra-

386 4224 578 4284 ditam,
607 4222 691 4276 vel
722 4220 916 4276 Latine
941 4226 1270 4293 expositam.
1302 4222 1359 4275 lu
1392 4223 1513 4291 ejus
1538 4234 1763 4293 aspectu
1798 4224 1975 4294 primo
1998 4227 2472 4293 patriarchatuum
2509 4230 2760 4298 splendet
2789 4228 3050 4300 dignitas,
3090 4230 3323 4285 subinde
3349 4230 3632 4298 metropoli
3652 4243 3679 4283 s

384 4323 508 4375 quae
540 4308 1166 4380 Constantinopolitanae
1216 4310 1333 4365 sedi
1387 4312 1763 4381 subjiciuntur
1793 4312 2034 4378 elucent,
2067 4315 2285 4369 demunt
2339 4318 2711 4386 epise0patus,
2745 4334 2888 4387 quos
2940 4320 3046 4372 illae
3099 4320 3478 4387 sulfraganeos
3503 4329 3678 4383 agnov

387 4406 577 4462 scunt,
616 4408 981 4452 recensentur
1020 4417 1031 4452 :
1068 4399 1281 4453 similes
1312 4400 1636 4469 dignitates,
1670 4417 1809 4471 quas
1846 4403 2074 4457 thronos
2103 4414 2318 4469 vocant,
2350 4406 2818 4475 patriarchalibus
2852 4408 2973 4463 aliis
3011 4407 3275 4461 Ecclesiis
3320 4405 3447 4459 facit
3480 4412 3675 4457 auctor

386 4487 629 4550 notitiai,
670 4501 856 4540 verum
892 4486 980 4540 ubi
1015 4486 1081 4541 de
1111 4486 1361 4541 Romana
1396 4488 1730 4544 mentionem
1764 4490 1963 4552 habet,
1994 4498 2145 4545 tanta
2173 4505 2226 4547 et
2253 4494 2378 4548 talis
2412 4502 2496 4550 est
2526 4495 2580 4549 in
2614 4496 2957 4551 subditorum
2992 4495 3409 4563 episcopatuum
3440 4505 3673 4545 enume-

386 4576 602 4629 ratione
636 4574 891 4640 varictas,
926 4581 1079 4628 tanta
1104 4591 1299 4629 vocum
1327 4578 1636 4647 corruptio,
1669 4586 1820 4632 tanta
1853 4579 2089 4649 denique
2111 4580 2538 4650 appellationum
2564 4582 2817 4637 confusio
2845 4582 3135 4651 reperitur,
3162 4591 3218 4634 ut
3245 4593 3377 4649 pace
3401 4579 3501 4631 viri
3527 4578 3674 4632 litte-

386 4664 491 4718 rati
518 4663 753 4719 dixerim
779 4705 793 4730 ,
833 4670 1016 4733 ptttem
1045 4703 1060 4728 ,
1095 4665 1180 4719 vel
1216 4666 1285 4719 ab
1316 4665 1756 4721 Occidentalium
1789 4667 2034 4722 locorum
2068 4669 2279 4737 ignaro,
2316 4669 2393 4723 vel
2423 4671 2491 4723 ab
2520 4669 2775 4739 imperito
2798 4670 3171 4738 conscriptam
3203 4685 3215 4721 :
3246 4681 3366 4737 quae
3395 4681 3481 4720 res
3513 4665 3580 4719 ab
3611 4680 3673 4720 ea

388 4768 455 4806 ex
492 4754 708 4822 integro
750 4753 1102 4807 restituenda
1140 4769 1226 4809 me
1260 4754 1547 4823 prohibuit
1596 4757 1688 4823 (ut
1724 4756 1792 4810 ab
1821 4756 2066 4826 ejusdem
2097 4759 2551 4829 interpretatione
2599 4774 2665 4812 ex
2716 4760 2930 4829 integro
2971 4758 3324 4827 suscipienda
3348 4798 3361 4823 ,
3393 4771 3672 4826 nunquam

386 4844 522 4897 satis
556 4841 813 4896 laudandi
833 4842 1193 4899 Abrincensis
1222 4845 1504 4899 Antistitis
1537 4846 1692 4915 prius
1721 4845 2065 4900 deterruerat
2096 4862 2159 4900 ac
2188 4848 2408 4915 penitus
2436 4854 2697 4901 avocarat
2726 4848 3002 4917 mentem)
3035 4864 3047 4901 :
3075 4862 3181 4900 non
3206 4846 3351 4901 enim
3387 4860 3506 4900 eam
3541 4845 3672 4898 mihi

385 4930 711 4984 demandavi
746 4932 1085 4998 provinciam
1122 4943 1180 4986 ut
1210 4935 1519 5003 generalem
1551 4949 1778 5003 prorsus
1810 4935 2261 5003 patriarclialium
2289 4934 2535 4988 omniutn
2569 4935 2944 4990 Ecclesiarum
2971 4974 2984 4998 ,
3016 4935 3111 4989 sed
3143 4936 3291 4988 illam
3325 4934 3673 5003 potissimum

386 5035 509 5086 quae
557 5017 757 5073 Leonis
814 5019 1044 5090 Augusti
1091 5038 1292 5077 nomen
1350 5022 1574 5083 defert.
1640 5022 1726 5076 cui
1806 5022 2011 5091 aliquid
2071 5024 2379 5092 splendoris
2443 5039 2508 5077 cx
2574 5032 2765 5077 nostro
2841 5024 3077 5079 accessit
3130 5023 3345 5089 labore,
3410 5021 3672 5076 referrem

386 5107 639 5171 notitiam
676 5124 687 5159 :
727 5116 785 5160 ut
820 5116 879 5161 ut
912 5124 971 5163 se
999 5125 1087 5165 res
1116 5111 1281 5165 habet
1310 5110 1558 5180 praefato
1604 5111 1921 5180 imperatori
1969 5114 2264 5180 ascriptam
2313 5113 2552 5177 recudo;
2588 5112 2780 5181 illique
2818 5111 3121 5165 secundum
3154 5128 3216 5165 ex
3253 5112 3519 5164 Vaticano
3552 5107 3674 5162 solo

382 5213 419 5248 ll
444 5194 677 5256 entorati
710 5192 823 5261 jam
859 5197 1060 5265 smpius
1095 5200 1340 5251 aucturis
1377 5213 1507 5251 cura
1543 5199 1924 5267 tit-promptam
1949 5239 1962 5263 ,
1997 5201 2247 5253 nonnihil
2296 5202 2594 5255 tutioribus
2625 5201 2963 5269 conjecturis
2993 5198 3379 5262 emendatam,
3417 5197 3671 5265 adnecto.

378 5282 585 5338 Tertia:
615 5298 643 5335 a
672 5282 933 5338 Gretsero
966 5286 1122 5353 prius
1161 5287 1301 5340 data:
1328 5287 1549 5340 titulum
1579 5302 1642 5339 ex
1681 5286 1999 5340 lideliSsima
2050 5299 2229 5343 textus
2279 5306 2403 5343 eum
2440 5288 2611 5360 Regia:
2647 5289 2988 5343 Bibliothecm
3018 5304 3152 5342 mss.
3187 5288 3483 5341 collatione
3532 5299 3670 5351 prae-

372 5374 511 5438 .litti;
545 5381 739 5442 przeter
773 5388 912 5442 quas
946 5376 1320 5444 suppeditavit
1352 5387 1407 5430 ct
1433 5376 1599 5429 aliain
1632 5374 1803 5442 Regia
1836 5376 2026 5430 eadem
2061 5391 2215 5445 gaza,
2250 5378 2410 5447 cujus
2454 5380 2669 5448 egregie
2692 5378 2940 5447 digestus
2974 5378 3110 5431 ordo
3145 5390 3342 5428 nomen
3383 5370 3673 5439 scriptoris

388 5462 687 5524 desiderat,
722 5477 882 5530 quam
922 5472 974 5515 et
1001 5464 1418 5518 accuratissime
1452 5479 1574 5517 cum
1609 5465 1927 5517 mcmoratis
1968 5461 2052 5531 [Ε.
2082 5458 2141 5515 Ρ.
2167 5464 2296 5536 556]
2328 5464 2500 5534 Regiw
2531 5466 2872 5519 Bibliotheca:
2908 5464 3279 5519 monumentis
3311 5461 3591 5517 collatam,
3620 5464 3672 5509 t-t

385 5546 538 5600 Juris
571 5547 1017 5605 Graeco-Romani
1050 5552 1387 5608 conformetn
1420 5553 1720 5623 exemplari
1754 5553 1807 5605 in
1841 5563 2041 5623 quarto
2072 5550 2451 5621 dispositionis
2484 5564 2688 5608 nostrae
2719 5554 2911 5607 ordine
2940 5550 3226 5607 collocavi.
3262 5548 3520 5616 Sequitur
3553 5552 3665 5595 tum

389 5632 605 5687 demum
636 5652 757 5705 qua:
793 5638 862 5691 ab
908 5641 1225 5695 Andronico
1260 5641 1489 5697 Seniore
1522 5658 1631 5696 non
1666 5641 1823 5711 plene
1855 5642 2051 5695 dissito
2085 5657 2113 5692 a
2146 5643 2353 5695 nostris
2399 5643 2559 5696 annis
2609 5645 2811 5696 sacculo
2859 5641 3005 5696 edita
3054 5647 3333 5701 censetur,
3369 5644 3425 5689 ut
3455 5633 3671 5687 Scilicet

390 5720 530 5781 alite,
564 5736 684 5788 qua:
715 5724 795 5776 vel
831 5725 990 5780 titulo
1030 5729 1113 5782 vel
1150 5732 1393 5786 auctoris
1425 5732 1507 5785 sui
1538 5731 1759 5785 nomine
1784 5733 2081 5794 carebant,
2109 5729 2251 5783 inter
2291 5730 2622 5798 Augustales
2659 5732 2850 5801 posita:
2881 5728 3003 5799 plus
3034 5724 3247 5779 roboris
3277 5730 3330 5775 et
3362 5719 3669 5791 splendoris

391 5808 691 5864 obtineant.
727 5812 995 5867 Codinum
1025 5815 1223 5874 Junius
1256 5820 1310 5875 in
1349 5837 1445 5876 sua
1477 5821 1928 5890 interpretatione
1963 5817 2333 5892 reprehendit,
2363 5817 2585 5874 lanium
2615 5820 2871 5875 similiter
2901 5817 2953 5870 in
2988 5829 3087 5871 sua
3112 5812 3483 5870 elucidatiouc
3515 5815 3669 5863 nutat
