4084 6478
358 267 461 334 399

431 383 521 440 16.
556 381 909 447 Pissinuntls,
931 381 1190 440 secunda
1223 382 1471 437 Galatia.

434 477 521 530 17.
552 475 841 546 Myrensis,
869 476 1038 531 tutius
1069 473 1265 546 Lycia.

430 569 518 624 l8.
549 566 1042 637 Stauropolitanus,
1083 567 1249 620 totius
1277 565 1471 621 Caria.

429 660 517 714 l9.
550 658 913 723 Laodicenus,
945 656 1192 728 Phrygia
1225 655 1595 726 Cappatiana.

424 751 514 806 20.
541 748 896 821 Synadensis,
928 747 1179 819 Phrygia
1202 746 1497 801 Salutaris.

423 845 513 897 2|.
538 841 856 903 lconiensis,
888 842 1059 895 totius
1086 840 1394 910 Lycaonia.

418 934 512 987 22.
544 932 944 996 Antiochenus,
979 931 1150 986 totius
1179 929 1419 984 Pisidia.

423 1023 514 1078 95.
551 1021 867 1093 Sylaensis,
903 1023 996 1091 qui
1026 1031 1081 1077 et
1104 1020 1393 1091 Pergensis
1419 1020 1646 1085 dicitur,
1673 1018 1928 1075 secunda

353 1114 704 1185 Pamphylia.
761 1113 931 1182 Cujus
966 1114 1089 1168 loco
1151 1128 1297 1167 nunc
1329 1120 1414 1168 est
1456 1112 1796 1177 Attalicnsis,
1830 1110 1925 1180 qui

350 1222 475 1261 cum
507 1206 803 1275 episc0pus
836 1212 1010 1269 esset,
1068 1205 1410 1260 subdebatur
1462 1203 1726 1274 Pergensi
1758 1220 1774 1257 :
1803 1217 1925 1257 eam

349 1297 419 1351 ob
472 1311 695 1352 causam
732 1309 879 1351 nunc
930 1296 1284 1366 metropolita
1339 1294 1521 1351 factus
1563 1301 1714 1351 tenet
1744 1294 1925 1350 locum

347 1403 490 1458 ejus.

412 1476 503 1532 24.
528 1475 867 1543 Corinthius,
908 1477 1078 1532 totius
1101 1476 1486 1547 Peloponnesi.
1552 1536 1566 1546 ,

414 1568 507 1624 25.
531 1570 910 1631 Atheniensis.
941 1571 1114 1625 totius
1143 1569 1390 1625 Gracia.

413 1658 506 1712 ‘26.
543 1658 888 1725 Mocesanus,
914 1661 1170 1715 secunda
1196 1659 1575 1729 Cappadocia.

413 1748 503 1801 27.
537 1748 924 1813 Seleuciensis,
953 1751 1209 1805 secunda
1246 1750 1596 1821 Pamphylia.

408 1840 500 1897 9.8.
525 1839 870 1911 Rhegiensis,
901 1845 995 1912 qui
1028 1852 1083 1898 et
1106 1842 1426 1899 Calabricus
1448 1843 1776 1914 appellatur,
1805 1858 1915 1899 non

339 1933 503 1988 habet
526 1934 866 1987 exarchiam.

406 2024 496 2078 29.
524 2023 779 2079 Veterum
807 2023 1117 2092 Patrarum,
1143 2026 1315 2080 totius
1343 2024 1580 2079 Achaia.

404 2115 495 2170 50.
529 2114 996 2185 Trapezuntinus,
1027 2118 1193 2172 totius
1216 2116 1449 2171 Lazica.

404 2209 494 2264 51.
528 2206 873 2276 Larissaus,
936 2209 1193 2266 secunda
1260 2208 1559 2266 Thessalia
1631 2218 1687 2264 et
1745 2210 1914 2267 totius

340 2296 577 2353 Gracia.

403 2392 494 2447 32.
532 2389 923 2462 Naupactaus,
958 2392 1130 2448 totius
1156 2389 1401 2447 IEtolia.

404 2482 562 2548 Nota,
594 2484 840 2539 notarios
878 2483 1522 2553 Constantinopolitanos
1550 2481 1914 2552 metropolita

333 2575 777 2646 Philippopoleos
818 2575 967 2630 hunc
997 2576 1175 2630 solum
1222 2575 1438 2628 titulum
1471 2573 1729 2628 tribuisse
1760 2590 1773 2624 :
1810 2574 1913 2642 hy-

332 2667 565 2733 pertimo
603 2675 657 2721 et
684 2666 929 2722 exarcho
969 2666 1143 2720 totius
1180 2664 1450 2719 Thracia.
1494 2665 1565 2717 At
1612 2663 1913 2718 Damianus

328 2753 774 2826 PhilippOpoleos
793 2754 1138 2824 metropolita
1169 2754 1420 2809 scribens
1444 2753 1511 2807 ad
1535 2768 1637 2808 nos
1668 2752 1912 2822 seipsum

328 2847 610 2917 inscripsit
642 2847 1011 2918 hypertimum
1050 2854 1215 2916 atque
1251 2845 1552 2901 exarchum
1599 2845 1768 2901 totius
1806 2844 1914 2900 Eu-

325 2951 472 3006 ropa
506 2947 558 2992 et
594 2938 987 3008 Dragobintia.

1281 267 1721 329 GR/ECORUM
1757 265 2333 326 EPISCOPATUUM
2372 265 2699 326 NOTITI/E

1965 386 2011 441 Λ
2116 376 2213 443 ις’.
2261 378 2319 430 '0
2346 380 2742 445 Πισσινοῦντος,
2776 380 3033 450 δευτέρας
3059 382 3345 448 Γαλατίας.

3499 268 3612 333 400

2110 468 2263 541 [407]
2298 470 2384 535 ιζ’.
2425 470 2484 524 '0
2515 470 2787 541 Μύρωνα,
2825 472 3001 539 πάσης
3027 473 3251 537 Λυκίας.

2109 569 2200 633 ιη’.
2244 562 2302 615 Ὀ
2335 563 2774 632 Σταυροπόλεως,
2810 563 2992 633 πάσης
3017 564 3248 633 Καρίας.

2107 653 2194 710 ιϐ’.
2231 656 2290 708 '0
2323 655 2661 719 Λαοδικείας,
2699 656 2939 731 Φρυγίας
2962 656 3382 727 Καππατιανῆς.

2098 754 2170 802 κ’.
2215 748 2273 802 '0
2304 748 2553 801 Συνάδων
2569 760 2615 814 θ,
2640 749 2881 819 Φρυγίας
2910 747 3301 818 Σαλουταρίας.

2102 835 2209 891 κα’.
2259 836 2316 890 '0
2358 837 2602 903 Ἰκονίου,
2633 837 2813 907 πάσης
2846 838 3170 902 Λυκαονίας.

2098 930 2202 1000 κβν.
2243 929 2301 983 '0
2338 928 2690 999 Ἀντιοχείας,
2723 930 2901 1000 πάσης
2935 930 3238 994 Πισσιδίας.

2101 1028 2208 1090 κγ’.
2253 1022 2310 1076 '0
2342 1022 2593 1087 Συλαίου,
2620 1022 2680 1086 ὃς
2708 1022 2801 1076 καὶ
2826 1022 3042 1093 Πέργης
3068 1021 3316 1092 λέγεται,
3337 1021 3598 1094 δευτέρας

2030 1112 2341 1183 Παμφιλίας
2362 1130 2377 1146 ·
2406 1113 2524 1167 ἀνθ’
2553 1105 2615 1167 οὗ
2645 1112 2739 1169 νῦν
2768 1116 2796 1167 6
2839 1113 3146 1179 Ἀτταλίας,
3178 1112 3475 1178 ἐπίσκοπος
3498 1113 3600 1184 μὲν

2027 1204 2103 1258 ὢν
2130 1206 2225 1258 τοῦ
2245 1205 2481 1274 Πέργης,
2510 1204 2623 1276 ἔχει
2643 1205 2701 1259 δὲ
2720 1205 2842 1272 νῦν,
2868 1204 3267 1278 μητροπολίτης
3285 1205 3595 1277 γενόμενος,

2026 1296 2119 1349 τὸν
2153 1296 2320 1350 τόπον
2352 1296 2539 1353 αὑτοῦ.

2093 1476 2173 1530 κδ’
2183 1517 2196 1532 .
2238 1475 2298 1529 '0
2325 1475 2616 1546 Κορίνθου,
2648 1477 2831 1549 πάσης
2864 1478 3297 1551 Πελοποννήσου.
3373 1478 3381 1485 ’

2093 1574 2192 1620 κε’.
2237 1568 2294 1620 '0
2334 1566 2597 1635 Ἀθηνῶν,
2630 1569 2811 1638 πάσης
2854 1569 3126 1632 Ἑλλάδος.

2096 1657 2208 1723 κς’.
2243 1656 2305 1711 '0
2336 1659 2610 1727 Μωκησοῦ
2635 1659 2679 1725 ί,
2708 1659 2968 1731 δευτέρας
2998 1660 3418 1724 Καππαδοκίας.

2094 1750 2197 1815 κζ’.
2244 1751 2303 1803 '0
2334 1750 2676 1814 Σελευκείας,
2705 1751 2962 1820 δευτέρας
2997 1751 3342 1820 Παμφυλίας.

2089 1847 2197 1910 κη’.
2239 1841 2299 1893 Ὀ
2340 1841 2584 1910 Ῥηγίου,
2631 1840 2690 1903 ὃς
2724 1841 2819 1893 καὶ
2863 1840 3180 1912 Καλαὸρίας
3222 1840 3464 1909 λέγεται,
3500 1840 3594 1907 6E-

2018 1934 2212 2003 αρχίαν
2240 1932 2339 1985 οὐκ
2362 1933 2497 2002 ἔχει.

2089 2027 2192 2079 κθν.
2240 2025 2297 2078 '0
2330 2024 2576 2078 παλαιῶν
2606 2021 2857 2092 Πατρῶν,
2889 2023 3071 2093 πάσης
3116 2024 3363 2094 Ἀχαΐας.

2082 2115 2145 2170 λ’.
2196 2117 2255 2168 '0
2288 2113 2723 2184 Τραπεζοῦντος,
2756 2114 2936 2187 πάσης
2959 2112 3226 2181 Λαζικῆς.

2085 2204 2188 2259 λα’.
2235 2206 2293 2260 '0
2316 2205 2599 2277 Λαρίσσης
2618 2245 2634 2272 ,
2664 2203 2927 2275 δευτέρας
2953 2204 3253 2268 Θετταλίας
3285 2204 3382 2258 καὶ
3409 2203 3594 2273 πάσης

2026 2301 2298 2363 Ἑλλάδος.

2078 2392 2179 2462 λβ’.
2218 2392 2278 2445 '0
2300 2391 2659 2456 Ναυπάκτου,
2688 2391 2870 2461 πάσης
2895 2389 3165 2453 Αἰτωλίας
3185 2398 3235 2443 8.

2087 2484 2400 2553 Σημείωσαι
2444 2482 2527 2535 ὅτι
2556 2481 2692 2553 πρὸς
2718 2482 2811 2537 τὸν
2858 2480 3343 2542 Φιλιππουπόλεως
3388 2480 3439 2530 oi
3490 2478 3593 2546 μὲν

2013 2576 2107 2630 τοῦ
2147 2572 2766 2635 Κωνσταντινουπόλεως
2805 2572 3044 2643 νοτάριοι
3086 2570 3387 2640 ὑπέρτιμον
3417 2569 3590 2639 ἔγρα-

2013 2669 2120 2737 ψαν
2152 2666 2246 2719 καὶ
2275 2664 2501 2736 ἔξαρχον
2534 2663 2715 2733 πάσης
2754 2663 2977 2733 Θρᾴκης
3011 2662 3170 2732 μόνον
3191 2676 3206 2691 ·
3246 2661 3274 2713 6
3305 2661 3363 2713 δὲ
3394 2661 3589 2711 Φιλιπ-

2014 2758 2329 2820 πουπόλεως
2375 2755 2646 2825 Δαμιανδς
2682 2754 2897 2822 γράψας
2948 2755 3080 2823 ἡμῖν
3112 2752 3353 2823 ἔγραψεν
3396 2753 3591 2806 ἑαυτὸν

2014 2849 2316 2919 ὑπέρτιμον
2364 2847 2459 2901 καὶ
2502 2845 2731 2918 ἔξαρχον
2765 2846 2947 2912 πάσης
2982 2844 3255 2916 Εὐρώπης
3311 2845 3406 2899 καὶ
3444 2845 3588 2914 Δρα-

2012 2941 2306 3011 γοὸιντίας.

395 3024 485 3084 55.
519 3007 1050 3101 Adrianopolitanus
1104 3028 1447 3101 hypertimus
1503 3007 1559 3084 et
1619 3029 1902 3086 exat-chus

2025 3007 2159 3101 vly’.
2209 3032 2269 3084 Ὀ
2318 3027 2824 3101 Ἀδριανουπόλεως
2844 3068 2859 3093 ,
2891 3028 3197 3101 ὑπέρτιμος
3231 3027 3326 3081 καὶ
3355 3027 3586 3098 ἔξαρχος

322 3119 695 3175 Hamimonti.

393 3207 555 3272 Nota,
587 3208 993 3279 metropolitam
1021 3209 1103 3264 sic
1130 3209 1375 3265 scribere
1409 3208 1475 3264 ad
1515 3206 1904 3279 Adriauopoli-

322 3308 513 3353 tanum
559 3316 573 3352 :
614 3298 977 3355 Sanctissime
1030 3300 1379 3371 metropolita
1425 3298 1903 3368 Adrianopoleos,

322 3388 650 3459 hypertime,
679 3399 733 3447 et
762 3391 1001 3459 exarche
1026 3388 1426 3446 llamimontis.

393 3574 672 3632 Hactenus
704 3575 772 3631 de
800 3575 932 3641 illis,
969 3574 1374 3647 quiexarchias
1406 3574 1631 3630 habent.
1682 3572 1903 3646 Reliqui

319 3682 511 3724 omnes
534 3667 899 3737 metropolita
925 3667 1220 3739 hypertlmi
1253 3666 1431 3721 solum
1471 3666 1629 3720 titulo
1660 3665 1906 3720 alliciun—

320 3767 431 3825 tur,
465 3767 520 3815 et
556 3774 667 3815 non
691 3759 958 3827 exarchi;
1014 3774 1154 3831 quos
1209 3758 1375 3813 etiam
1418 3764 1579 3813 antea
1627 3756 1901 3811 invenies.

953 3848 1026 3903 De
1077 3848 1273 3902 Varna.

388 3938 593 4005 Varna,
664 3949 723 3995 ut
774 3939 997 4010 quidam
1045 3938 1311 4000 sentiunt,
1356 3944 1442 3992 est
1496 3937 1899 4009 Tiberiopolis;

2007 3126 2099 3193 Μη
2110 3124 2300 3194 μόντου
2318 3122 2368 3176 ιι.

2080 3216 2417 3284 Σημείωσαι,
2460 3214 2543 3267 ὅτι
2592 3212 2737 3267 οὕτω
2763 3213 2966 3284 γράφει
3018 3210 3418 3284 μητροπολίτης
3454 3211 3591 3284 πρὸς

2007 3307 2100 3360 τὸν
2157 3304 2656 3376 ’Λδριανουπόλεως
2694 3320 2709 3333 ·
2778 3304 3161 3376 Πανιερώτατε
3221 3302 3589 3373 μητροπολῖτα

2020 3397 2557 3469 Ἀδριανουπόλεως,
2612 3396 2924 3469 ὑπέρτιμε,
3007 3398 3101 3450 καὶ
3152 3396 3351 3467 ἕξαρχε
3408 3399 3589 3468 Αίμη-

2012 3491 2232 3561 μόντου.

2078 3583 2258 3655 Μέχρι
2283 3583 2489 3637 τούτων
2514 3584 2562 3635 οί
2591 3581 2805 3653 ἔχοντες
2832 3584 2930 3647 τὰς
2955 3583 3215 3655 ὲξαρχίας
3235 3597 3250 3611 ⁸
3302 3582 3352 3635 οἱ
3380 3582 3437 3636 δὲ
3462 3582 3578 3634 λοι-

2007 3675 2101 3729 ποὶ
2143 3676 2345 3738 πάντες
2391 3675 2786 3747 μητροπολίται
2820 3676 3111 3747 ὕπέρτιμοι
3158 3673 3317 3745 μόνον
3340 3674 3584 3743 γράφον-

2004 3782 2117 3831 ται,
2140 3764 2236 3819 καὶ
2259 3766 2360 3819 οὐκ
2385 3765 2625 3837 ἔξαρχοι,
2649 3764 2743 3829 οὒς
2774 3767 2868 3819 καὶ
2894 3767 3148 3837 εὑρήσεις
3181 3764 3515 3837 ἔμπροσθεν.

2513 3858 2652 3926 Περὶ
2682 3857 2789 3912 τοῦ
2810 3858 3049 3927 Βάρκης

2088 3950 2155 4005 Ἥ
2182 3951 2387 4020 Βάρνα,
2412 3949 2634 4019 λέγουσί
2661 3968 2807 4014 τινες
2826 3990 2841 4014 ,
2878 3951 3015 4021 αὐτή
3046 3951 3195 4003 ἐστιν
3227 3949 3261 4019 ἡ
3297 3948 3583 4020 Τιϐεριού-

313 4041 604 4101 Propterea
636 4030 691 4086 Ῐη
724 4032 1071 4101 θκβοδίιίοηθ
1097 4046 1204 4085 “0"
1233 4038 1732 4105 εοηιρπεινηθίιυθ
1761 4032 1904 4087 inter
2005 4045 2192 4109 πολιςο
2222 4045 2308 4098 διὰ
2336 4042 2496 4098 τοῦτο
2534 4045 2629 4097 καὶ
2674 4047 2731 4097 ἐν
2760 4047 2827 4114 τῇ
2878 4044 3093 4097 ἐκθέσει
3133 4042 3230 4112 οὐχ
3267 4041 3581 4112 εὑρίσκεται

314 4122 670 4193 metropoles,
731 4140 911 4194 neque
957 4122 1103 4177 inter
1146 4122 1680 4192 archiepiscopatus,
1722 4138 1901 4194 neque

2010 4136 2254 4207 κειμένη,
2284 4135 2407 4188 οὔτε
2462 4136 2521 4187 ὲν
2566 4138 2687 4199 ταῖς
2742 4135 3131 4205 μητροπόλεσι,
3186 4133 3310 4187 οὔτε
3354 4136 3410 4186 ἐν
3464 4136 3581 4195 ταῖς

312 4216 458 4271 inter
479 4218 851 4287 episcopatus.
896 4216 1003 4271 Sed
1053 4216 1285 4272 antistes
1312 4214 1611 4272 Varneusis
1638 4215 1781 4272 idem
1813 4224 1901 4273 est

310 4307 837 4379 Tiberiopolitanus.

892 4397 971 4452 De
1016 4398 1299 4453 Anchialo.

371 4488 675 4543 Auehialus
706 4489 943 4557 primum
976 4490 1194 4559 quidem
1223 4492 1519 4561 conjuncta
1551 4500 1671 4547 crat
1713 4492 1894 4548 archi-

308 4579 652 4648 cpiscopatui
684 4577 1047 4633 Mesembria.
1079 4579 1195 4644 Qua
1221 4580 1273 4634 iu
1309 4582 1650 4653 metrupolim
1678 4591 1893 4651 evecta,

306 4671 610 4727 Auchialus
637 4671 1147 4741 archiepiscopatus
1180 4673 1387 4730 honore
1413 4674 1607 4731 aﬂ'ecta
1629 4685 1734 4733 εει.

806 4915 811 4919 ,
900 4857 979 4913 De
1007 4857 1061 4912 Μ
1066 4859 1288 4917 elcm'co.

378 4948 701 5005 Melenicum
751 4952 1008 5022 nuspiam
1070 4952 1383 5010 invenimus
1409 4954 1695 5024 scriptum.
1738 4952 1889 5008 Dici-

308 5052 397 5097 tur
421 5050 477 5098 et
508 5043 647 5113 ipsa,
675 5047 932 5114 quamvis
989 5049 1113 5103 sine
1167 5048 1399 5118 scripto.
1441 5049 1731 5104 Serrarum
1771 5048 1888 5118 cpi-

306 5143 567 5205 scopatus
593 5152 739 5193 esse.

1924 4398 1971 4454 Ι)

2001 4226 2478 4297 ἀρχιεπισκοπαῖς,
2514 4226 2546 4296 ἢ
2574 4225 2902 4288 ὲπισκοπαῖς
2923 4241 2935 4255 ·
2966 4225 3081 4278 ἀλλ’
3111 4226 3139 4277 6
3172 4225 3390 4295 Βάρνης
3418 4224 3580 4286 αὑτός

2000 4319 2147 4370 ἐστιν
2172 4318 2199 4368 6
2228 4317 2268 4368 Τ
2275 4315 2718 4387 ιϐεριουπόλεως.

2335 4409 2484 4481 [408]
2523 4409 2663 4477 Περὶ
2704 4409 2808 4464 τοῦ
2857 4409 3169 4477 Ἀγχιάλου
3194 4408 3238 4463 ι.

2081 4502 2145 4556 Ἦ
2194 4502 2251 4556 δὲ
2293 4503 2579 4573 Ἀγχίαλος
2631 4502 2897 4572 πρότερον
2955 4501 3054 4571 μὲν
3087 4501 3342 4572 ἡνωμένη
3388 4495 3456 4570 ἦν
3509 4503 3574 4571 τῇ

1995 4590 2400 4660 ἀρχιεπισκοπῇ
2467 4589 2871 4660 Μεσημϐρίας·
2926 4590 3096 4659 αὐτῆς
3146 4589 3203 4642 δὲ
3253 4589 3575 4659 τιμηθείσης

1995 4683 2074 4743 είς
2112 4683 2466 4752 μητρόπολιν,
2516 4683 2736 4750 ἐγένετο
2792 4682 2887 4733 καὶ
2932 4682 2967 4752 ἡ
3006 4681 3286 4752 ’Λγχίαλος
3317 4684 3573 4751 ἁρχιεπι-

1995 4773 2194 4842 σκοπή.

2419 4864 2559 4932 Περὶ
2588 4863 2694 4918 τοῦ
2724 4863 3060 4919 Μελενίκου
3078 4876 3091 4913 l
3111 4902 3126 4918 .

2069 4958 2173 5011 Τὸν
2215 4956 2272 5011 δὲ
2322 4957 2621 5011 Μελένικον
2670 4958 2769 5027 οὐχ
2814 4956 3145 5029 εὑρίσκομεν
3197 4956 3434 5028 οὐδαμοῦ
3486 4975 3574 5025 γε-

1996 5050 2343 5121 γραμμένον·
2375 5050 2595 5119 λέγεται
2644 5049 2701 5103 δὲ
2730 5049 2994 5121 ἀγράφως
3027 5050 3122 5105 καὶ
3147 5050 3286 5123 αὑτὴ
3312 5050 3405 5103 τοῦ
3442 5051 3573 5121 Σεῤ.

1997 5143 2106 5214 ρὦ
2137 5138 2276 5196 εἶναι
2308 5141 2646 5213 ὲπισκοπήιι.

1615 5306 1852 5364 νΑιιιίΕ
1877 5308 2177 5366 LECTION
2185 5310 2290 5366 ES.

424 5489 493 5543 τὰ
519 5491 704 5559 Μύρα.

299 5560 601 5632 νουπόλεως
640 5561 822 5630 πάσης
863 5561 1092 5632 Ῥοδόπη

302 5628 601 5706 γουπόλεως
622 5628 986 5706 Λίμημρντου.
1065 5628 1091 5671 5
1118 5635 1489 5706 Αίμημόντου.
1601 5641 1614 5679 i
1647 5646 1809 5692 deest.

1925 5638 1938 5688 ί
1981 5638 2140 5693 decst.

786 5504 810 5531 ο
842 5492 920 5572 τά
934 5493 1162 5572 ξόναδα.
1193 5493 1266 5572 μί
1296 5496 1577 5572 ξλξωλκισοῦζ
1656 5505 1700 5572 ξ-
1722 5496 1937 5572 Addunt
1959 5499 2093 5563 alia,
2119 5501 2147 5552 6
2177 5496 2659 5572 Φιλιππουπόλεως
2684 5499 2944 5572 έξαρχίαν
2976 5500 3075 5572 ουκ
3103 5498 3217 5572 ἔχει
3249 5500 3312 5572 ῘΟ
3352 5500 3560 5570 Τραϊα-

1100 5564 1251 5641 ςτμὉ
1296 5566 1476 5641 Ῥόδου
1508 5566 1615 5621 τῶν
1662 5568 1960 5641 Κυκλάδων
1994 5575 2191 5639 νήσων.
2235 5570 2295 5641 '0
2323 5569 2606 5641 Φιλίππων
2637 5564 3200 5641 πάσης-’Μακεδονίας
3245 5571 3302 5641 Ὃ
3346 5564 3553 5640 ’Λδρια-

2253 5640 2282 5715 Ιί-
2313 5639 2529 5693 Addunt
2557 5639 2719 5713 Regg.
2747 5639 2911 5715 μέχρι
2933 5641 3139 5697 τούτων
3161 5641 3208 5694 οἱ
3228 5639 3557 5712 ἕχοντεςντὰς

305 5692 584 5777 δξαρχίσις.
623 5692 782 5755 Οϊδῖ
807 5702 985 5757 λοιποὶ
1021 5692 1218 5771 πάντες
1244 5692 1636 5778 ιίίητροπολῖται
1658 5709 1953 5780 ὑπέρτιμοι
1988 5692 2147 5779 μόνον
2184 5710 2501 5783 γράςονται.
