4084 6454
509 361 616 426 ld'l

1394 342 1835 407 GRAECORUM
1871 333 2453 400 EPISCOPATUUM
2484 332 2812 393 NOTITLE

3655 327 3764 391 408

556 469 831 541 Quomodo
863 465 1046 541 scribit
1062 458 1382 541 patriarcha
1410 458 1478 540 ad
1501 457 1783 541 despotaut
1810 451 1901 521 qui
1933 465 2037 503 non

2204 442 2391 507 ὀπως
2438 437 3321 541 τράφειᾼίτίιξξίίξιξγῑξιτξές
3348 438 3657 508 δεσπότην
3679 442 3766 510 μὴ

936 526 1094 601 fuerit
1122 529 1459 596 imperatoris
1492 526 1662 595 ﬁlius.

577 630 920 689 Felicissime
965 623 1227 686 Domine,
1260 617 1729 674 desideratissime
1771 612 1843 667 (ili
1878 617 2085 667 nostra;

507 722 924 781 mediocritatis.

585 815 650 868 Et
689 814 736 879 si
782 809 990 882 quidem
1024 808 1211 862 (ἔναντα
1256 804 1419 871 stirpe
1458 801 1526 855 sit
1553 808 1724 861 ortus,
1757 813 1943 851 nomen
1970 795 2085 864 ejus

506 927 611 965 non
654 905 938 975 apponitur
969 918 986 956 :
1023 902 1105 955 sin
1162 897 1444 959 barbarus,
1487 893 1661 963 qualis
1699 890 2086 959 Tomprotitzes

502 1001 711 1057 exstitit
732 1040 746 1065 ,
775 997 853 1052 vel
881 1005 1003 1050 sunt
1043 992 1338 1056 Valachite,
1369 989 1448 1044 vel
1475 988 1805 1041 Albanorum
1834 983 2087 1051 despotic,

505 1091 723 1161 apponit
749 1104 955 1144 nomen.
976 1082 1329 1152 Metropolim:
1351 1094 1551 1149 quoque
1570 1076 1752 1131 eodem
1776 1084 1930 1143 pacto
1953 1073 2091 1126 scri-

507 1186 634 1238 bunt
663 1182 731 1237 ad
756 1178 1062 1250 hujusmodi
1088 1175 1351 1246 principes
1377 1211 1391 1235 ,
1423 1171 1626 1225 addunt
1654 1178 1829 1222 tamen
1862 1165 1971 1220 alia
1996 1179 2092 1218 no-

506 1278 652 1330 mina
679 1273 1047 1329 excellentiam
1079 1264 1503 1336 manifestantia,
1532 1261 1717 1334 qualia
1741 1268 1886 1322 sunt,
1909 1255 2093 1313 omni-

507 1382 581 1422 no
608 1365 948 1427 felicissime,
985 1358 1348 1421 nobilissime,
1378 1352 1803 1426 gloriosissime,
1835 1349 2090 1420 magniﬁ-

506 1457 824 1515 centissime
853 1473 866 1509 :
902 1470 1008 1508 non
1052 1460 1229 1505 tamen
1251 1490 1265 1514 ,
1297 1448 1436 1502 velut
1464 1443 1797 1515 patriarcha,
1833 1442 1974 1510 ﬁlios
2003 1457 2093 1496 eos

508 1557 717 1613 vocant,
749 1545 1032 1614 eodemque
1058 1542 1214 1595 modo
1242 1555 1369 1609 erga
1400 1536 1889 1615 Sebastocratoras,
1911 1531 2095 1587 Cresa-

508 1659 615 1708 res,
647 1639 828 1711 Reges,
860 1648 910 1693 et
937 1636 1073 1691 alios
1108 1632 1422 1702 hujusmodi
1446 1647 1501 1685 se
1536 1636 1745 1699 gerunt.

512 1906 786 1977 Quomodo
823 1905 1063 1977 scribunt
1102 1899 1463 1977 metropolin
1500 1894 1574 1977 ad
1610 1894 2094 1977 Sebostocratorem

847 1986 896 2029 et
930 1973 1223 2035 Casarem,
1262 1972 1308 2025 si
1338 1968 1512 2023 (ἶνατεὶ
1545 1967 1761 2035 fuerint.

578 2068 815 2125 Omnino
867 2065 1208 2127 felicissime,
1262 2059 1632 2120 nobilissime,
1676 2052 2094 2128 gloriosissime,

511 2159 1055 2230 magnificentissime
1109 2156 1181 2210 mi
1237 2150 1483 2217 domine,
1516 2148 1954 2212 Sebastocrator,
2002 2153 2101 2199 aut

509 2254 658 2310 Caesa
669 2269 711 2305 r.

582 2343 894 2406 Sciendum,
921 2329 1058 2408 quod
1107 2335 1390 2405 despotam
1449 2347 1629 2385 coram
1682 2330 1993 2397 imperatore
2024 2327 2102 2379 ita

510 2432 828 2499 simpliciter
874 2427 1240 2495 compellant:
1278 2423 1513 2488 Despota
1573 2419 1680 2481 mi,
1738 2426 1792 2469 et
1842 2415 2102 2482 majestas

513 2534 604 2577 tua
640 2540 653 2575 :
687 2520 1131 2575 Sebastocratora
1167 2531 1287 2569 vero
1324 2529 1341 2566 :
1378 2512 1603 2566 Domine
1635 2511 1707 2561 mi
1749 2507 2103 2560 Seliastoera-

511 2623 602 2668 tor
636 2630 649 2666 :
685 2611 951 2666 Ctesarem
986 2618 1161 2661 autent
1201 2624 1260 2661 eo
1297 2615 1450 2674 pacto
1480 2621 1579 2672 quo
1622 2601 2061 2655 Sebastocrntora
2083 2614 2101 2651 :

514 2717 731 2759 crateras
780 2719 897 2757 vero
932 2699 1146 2755 Graecos
1197 2697 1480 2753 senatoriis
1532 2695 1714 2763 oﬁiciis
1766 2692 2018 2759 insignes,
2058 2692 2105 2743 si

511 2800 620 2853 sint
648 2795 982 2860 imperatoris
1011 2791 1196 2859 agnati
1226 2794 1303 2845 vel
1333 2788 1637 2851 consoceri,
1668 2785 1743 2839 vel
1773 2783 1949 2850 patrui
1974 2825 1988 2847 ,
2022 2777 2105 2835 vel

512 2891 687 2959 generi
712 2890 796 2956 (ex
825 2888 939 2954 ﬁlia
972 2885 1048 2939 vel
1083 2884 1306 2949 sorore),
1340 2880 1417 2936 vel
1438 2879 1725 2949 patrueles,
1760 2875 1838 2931 vel
1866 2886 2098 2941 nepotes,

512 2984 590 3036 ita
620 2980 804 3036 scribit
838 2974 1180 3045 patriarcha:
1215 2972 1687 3027 Desideratissime
1723 2964 2094 3038 potentissimi

2650 511 2795 563 ὄντα
2817 508 3125 573 ,ϐασιλέως
3140 511 3295 562 υἱὸν.

2254 599 2629 670 Εὑτυχέστατε
2672 598 2938 661 Δέσποτα,
2970 599 3027 649 ὲν
3070 597 3210 667 ἁγίῳ
3258 596 3536 668 Πνεύματι
3590 600 3767 654 etobst-

2192 693 2383 747 νότατε
2407 694 2489 745 υἱὲ
2515 695 2615 764 τῆς
2650 691 2807 762 ἡμῶν
2862 691 3234 761 μετριότητος.

2261 783 2412 857 [415]
2447 784 2551 838 Kal
2579 785 2632 837 sl
2654 783 2771 852 μὲν
2823 782 2917 835 ἔνι
2958 781 3248 850 Ῥωμαῖος
3295 781 3626 851 ἅνθρωπος,
3657 785 3761 838 καὶ

2188 876 2308 929 τῶν
2320 874 2783 945 εὐγενεστάτων,
2804 875 2875 928 οὺ
2896 874 3258 940 προστίθησι
3284 872 3351 925 τὸ
3368 872 3555 941 ὄνομα
3566 875 3773 929 αὑτοῦ·

2188 971 2239 1022 ει
2271 966 2341 1020 δὲ
2368 967 2698 1033 βάρϐαρος,
2742 960 2868 1031 οἷος
2898 960 2980 1035 ἦν
3010 966 3044 1018 ό
3088 962 3542 1031 Τομπροτιτζης,
3580 964 3676 1017 καὶ
3716 967 3773 1018 οι

2190 1058 2301 1128 τῆς
2321 1057 2586 1127 Βλαχίας
2605 1057 2913 1123 δεσπόται,
2932 1055 3031 1110 καὶ
3050 1058 3104 1109 οἱ
3117 1054 3222 1109 τοῦ
3248 1054 3563 1121 Ἀλδάνου,
3584 1071 3777 1125 προσ-

2189 1151 2393 1219 τίθησι
2444 1149 2545 1204 καὶ
2588 1147 2656 1203 τὸ
2711 1148 2903 1219 ὄνομα
2927 1163 2943 1177 θ
2984 1150 3041 1202 οἱ
3085 1146 3156 1200 δὲ
3199 1146 3632 1217 μητροπολῗται
3677 1148 3778 1201 καὶ

2190 1240 2361 1296 αὐτοὶ
2409 1240 2626 1310 ὁμοίως
2672 1237 2975 1309 γράφουσι
3028 1236 3180 1306 πρὸς
3230 1238 3376 1305 τοὺς
3438 1239 3774 1305 τοιούτους,

2191 1332 2360 1401 πλὴν
2386 1331 2782 1401 προστιθέασι
2804 1329 2902 1385 καὶ
2940 1330 3101 1385 ἄλλα
3148 1330 3415 1400 ὀνόματα
3471 1330 3781 1400 ὑπεροχὴν

2191 1425 2518 1493 δηλοῦντα,
2540 1417 2687 1487 οἷον,
2725 1421 3217 1493 πανευτυχέστατε,
3257 1422 3640 1490 εὐγενέστατε,
3688 1425 3781 1475 ὲν-

2192 1516 2463 1583 δοξὸτατε,
2500 1514 3058 1587 μεγαλοπρεπέστατε
3085 1529 3103 1545 ο
3125 1513 3225 1567 καὶ
3263 1513 3407 1567 οὐδὲ
3434 1513 3609 1581 υἱοὺς
3637 1514 3782 1583 γρά-

2193 1624 2421 1679 φουσιν
2474 1606 2698 1673 αὐτοὺς
2746 1604 2941 1671 καθὼς
2995 1607 3031 1659 ό
3063 1604 3454 1674 πατριάρχης,
3503 1604 3783 1659 οὕτωκαὶ

2196 1701 2346 1771 πρὸς
2375 1701 2524 1768 τοὺς
2550 1698 3133 1767 Σεϐαστοκράτορας,
3177 1696 3279 1750 καί
3302 1697 3630 1766 Καίσαρας,
3671 1698 3774 1750 και

2130 1790 2178 1850 Β
2206 1794 2356 1861 πρὸς
2392 1793 2631 1862 Ῥῆγας,
2673 1793 2773 1847 καὶ
2828 1792 2979 1859 πρὸς
3004 1789 3234 1854 ἄλλους
3263 1789 3573 1854 τοιούτους

2200 1887 2398 1952 Ὅπως
2417 1884 2756 1955 γράφουσιν
2779 1886 2833 1938 οἱ
2856 1881 3284 1952 μητροπολῖται
3314 1882 3465 1949 πρὸς
3490 1880 3785 1935 Σεϐαστο-

2269 1978 2547 2047 κράτορα,
2578 1978 2675 2031 καί
2709 1976 3183 2043 Καίσαρα,εῖπερ
3216 1975 3338 2028 εἰσὶ
3378 1970 3671 2042 Ῥωμαῖοι.

2270 2066 2769 2137 Πανευτυχέστατε,
2804 2062 3179 2131 εὐγενέστατε,
3234 2059 3578 2125 ὲνδοξότατε,
3613 2076 3791 2128 μεγα-

2198 2159 2605 2229 λοπρεπέστατε
2633 2154 2870 2211 δέσποτα
2900 2172 3002 2225 μου
3054 2152 3529 2224 Σεϐαστοκράτορ,
3578 2153 3611 2221 ἦ
3650 2153 3789 2205 Καῖ-

2204 2267 2337 2318 σαρ.

2284 2339 2514 2394 Ἶστέον
2584 2339 2672 2393 ὅτι
2753 2340 2861 2393 τὸν
2918 2339 3230 2404 δεσπότην
3286 2338 3629 2408 ἔμπροσθεν
3682 2335 3792 2389 τοῦ

2197 2429 2505 2493 βασιλέως
2550 2430 2739 2495 οὕτως
2782 2428 2991 2494 ἁπλῶς
3031 2428 3295 2481 καλοῦσι
3325 2444 3337 2455 ·
3391 2427 3638 2480 Δέσποτά
3684 2444 3789 2495 μου

2204 2520 2297 2571 καὶ
2354 2520 2385 2588 ὴ
2444 2518 2692 2587 βασιλεία
2750 2536 2879 2571 σου·
2938 2519 3044 2571 τὸν
3098 2518 3167 2569 δὲ
3220 2516 3786 2583 Σεϐαστοκράτορα’

2206 2610 2451 2662 Δέσποτὰ
2486 2628 2585 2678 μου
2627 2609 3076 2679 Σεϐαστοκράτορ
3104 2651 3118 2674 ,
3163 2608 3258 2660 καὶ
3300 2609 3332 2676 ἡ
3365 2606 3613 2676 βασιλεία
3645 2624 3738 2659 σου
3774 2621 3792 2636 ⁸

2203 2701 2311 2755 τὸν
2339 2701 2406 2755 δὲ
2439 2702 2710 2769 Καίσαρα
2738 2712 2761 2739 ε
2820 2700 3034 2769 ὁμοίως
3072 2699 3278 2765 ὥσπερ
3322 2698 3419 2751 καὶ
3476 2699 3583 2751 τὸν
3613 2699 3794 2751 Σεϐα-

2204 2795 2574 2862 στοκράτορα
2605 2793 2646 2832 τ’
2688 2795 2836 2863 πρὸς
2884 2793 2952 2845 δὲ
3002 2792 3144 2858 τοὺς
3191 2791 3421 2858 ἄλλους
3467 2790 3801 2858 Ῥωμαίους

2204 2890 2345 2955 τοὺς
2363 2890 2610 2957 όφφίκια
2660 2888 2915 2958 ἔχοντας
2958 2885 3353 2957 συγκλητικὰ,
3404 2886 3458 2937 εὶ
3509 2882 3625 2952 μὲν
3672 2884 3794 2935 εἰσὶ

2204 2981 2312 3035 τοῦ
2332 2980 2641 3047 ,βασιλέως
2673 2978 3008 3049 συγγενεῖς,
3047 2978 3085 3045 ἢ
3108 2974 3534 3045 συμπενθεροὶ,
3560 2974 3596 3043 ἢ
3629 2974 3794 3039 θεῖοι,

513 3084 570 3128 et
597 3071 948 3142 imperatoris
977 3069 1031 3122 in
1067 3072 1262 3121 sancto
1291 3062 1501 3133 Spiritu
1527 3106 1539 3127 ,
1568 3061 1767 3116 dilecte
1796 3058 1867 3113 Illi
1902 3064 2097 3111 nostra!

2206 3074 2244 3142 ἢ
2297 3072 2563 3143 γαμϐροί,
2614 3071 2650 3141 ἢ
2691 3071 3032 3140 ἐξάδελροι,
3082 3071 3120 3138 ἢ
3174 3066 3442 3136 ἀνεψιοὶ,
3504 3066 3714 3135 γράφει
3763 3067 3800 3118 ό

515 3160 932 3221 mediocritatis,
980 3170 1173 3226 magne
1211 3152 1548 3213 Domestice.
1580 3149 1820 3203 domine.
1874 3144 1969 3201 Sin
2000 3145 2097 3198 mi-

2204 3165 2577 3233 πατριάρχης
2597 3179 2612 3195 ⁶
2669 3162 3016 3234 Περιπόθητε
3042 3160 3137 3214 τοῦ
3178 3158 3473 3229 κρατίστου
3512 3155 3606 3208 καὶ
3634 3154 3801 3209 αὺτο-

516 3271 614 3307 nus
641 3250 915 3319 scripserit
946 3267 964 3304 :
1000 3247 1332 3311 Familiaris,
1357 3244 1441 3299 vel
1477 3242 1697 3313 proprie
1731 3259 1745 3297 :
1776 3237 2097 3293 Potentissi-

2204 3255 2469 3325 κράτορος
2496 3257 2551 3307 ἐν
2580 3252 2718 3321 ἁγίῳ
2772 3251 3051 3320 Πνεῦματι
3093 3245 3346 3316 ἀγαπητὲ
3401 3243 3485 3296 υἱὲ
3511 3241 3612 3310 τῆς
3638 3238 3801 3310 ἡμῶν

516 3360 607 3398 mo
645 3359 763 3396 meo
797 3350 851 3395 ct
879 3348 1072 3393 sancto
1105 3335 1443 3407 imperatori.
1476 3332 1723 3388 Scribant
1759 3346 1875 3384 vero
1905 3337 2097 3381 metro-

2206 3348 2579 3418 μετριότητος,
2620 3345 2761 3415 μέγα
2800 3346 3096 3412 Δομὲστικε
3136 3338 3293 3408 κῦρε.
3325 3341 3394 3392 El
3432 3336 3500 3389 δὲ
3536 3335 3622 3404 μὴ
3660 3330 3805 3403 γρά-

514 3434 717 3503 politw:
746 3430 1222 3485 Desideratissime
1246 3426 1425 3483 sancti
1456 3433 1511 3479 et
1543 3423 1897 3493 prazpotentis
1925 3420 2097 3474 nostri

2204 3455 2322 3508 φῃο
2354 3439 2560 3497 Οξκεῖε,
2608 3436 2688 3505 τῷ
2744 3434 3023 3504 κρατίστῳ
3082 3449 3171 3501 μοι
3224 3431 3322 3483 καὶ
3347 3428 3489 3497 ἁγίῳ
3519 3422 3801 3491 αὐτοκρά-

515 3524 722 3579 domini
756 3531 808 3576 ct
841 3521 1191 3593 imperatoris
1225 3536 1240 3573 :
1274 3518 1354 3573 vel
1393 3525 1531 3571 certe
1571 3513 1861 3569 familiaris
1892 3511 2097 3567 domini

2204 3547 2321 3601 τορι
2347 3545 2364 3561 ο
2419 3532 2483 3582 Οἱ
2513 3526 2581 3580 δὲ
2604 3524 3035 3595 μητροπολῑται
3062 3539 3077 3555 ο
3134 3519 3478 3590 Περιπόθητε
3509 3515 3602 3569 τοῦ
3627 3516 3806 3580 ἁγίου

517 3619 647 3681 mei,
686 3616 758 3670 lili
795 3615 887 3681 mi,
925 3612 1325 3680 illustrissime,
1362 3625 1563 3682 magne
1594 3606 1922 3663 Domestice.

640 3882 917 3949 Quomodo
949 3882 1132 3937 scribit
1159 3880 1475 3949 patriarcha
1501 3877 1571 3932 ad
1599 3876 1984 3947 imperatricem

1147 3962 1479 4005 coronatam.

588 4045 997 4108 Potentissima,
1044 4061 1072 4099 a
1132 4046 1241 4099 Deo
1285 4051 1572 4106 coronata,
1628 4057 1657 4094 a
1712 4041 1824 4096 Deo
1871 4040 2100 4110 gloriam

516 4139 736 4208 adepta,
771 4155 799 4192 a
832 4139 942 4193 Deo
973 4145 1249 4207 promota,
1286 4153 1316 4191 a
1349 4136 1460 4190 Deo
1490 4134 1857 4205 magnilicata,
1884 4141 1939 4187 et
1971 4146 2103 4186 san-

516 4242 605 4289 cta
635 4248 751 4285 mea
781 4232 1025 4285 domina.

594 4323 658 4376 In
685 4325 820 4392 ﬁne,
845 4322 1028 4377 eodem
1054 4338 1158 4390 quo
1185 4319 1255 4374 ad
1282 4319 1689 4388 imperatorem,
1716 4326 1870 4385 pacto
1913 4316 2104 4371 scribi-

521 4427 627 4469 tur.

2202 3623 2298 3675 καὶ
2327 3618 2590 3689 κραταιοῦ
2626 3614 2784 3686 ὴμῶν
2836 3614 3101 3668 αὑΟέντου
3149 3612 3243 3665 καὶ
3281 3609 3544 3680 βασιλέως
3576 3625 3589 3637 ·
3623 3606 3681 3674 ἢ,
3720 3607 3807 3657 οἰ-

2208 3715 2323 3767 κεϊε
2378 3710 2613 3765 αὑθέντα
2670 3726 2794 3779 μου,
2862 3706 2945 3760 υἱέ
3002 3723 3104 3775 μου
3136 3702 3602 3776 περιφανέστατε,
3657 3698 3809 3770 μέγα.

2207 3805 2533 3859 Δοιιέστικε.

2276 3838 2277 3845 ι
2329 3824 2533 3858 εστικε.

2276 3824 2467 3967 ’ἒίὶπως
2492 3898 2699 3969 γράφει
2734 3899 2767 3952 ό
2796 3894 3166 3962 πατριάρχης
3206 3893 3356 3961 πρὸς
3398 3888 3733 3944 δέσποιναν

2802 3965 3198 4035 ἐστεμμένην.

2835 3981 3198 4037 στεμμενην.

2274 4062 2579 4134 Κρατίστη,
2630 4060 2929 4114 Θεόστεπτε
2958 4098 2974 4123 ,
3031 4055 3363 4120 Θεοδόξαστε,
3412 4049 3811 4125 θεοπρὸὅλητε,

2204 4155 2623 4228 θεομεγάλυντε,
2650 4152 2745 4208 καὶ
2780 4150 2911 4223 ἁγία
2937 4167 3038 4221 μου
3065 4150 3344 4202 δέσποινα.

2386 4330 2488 4387 Ἐν
2504 4329 2583 4396 τῷ
2615 4328 2797 4393 τέλει,
2825 4328 2904 4395 ὡς
2921 4324 3022 4380 καὶ
3060 4327 3148 4392 εις
3178 4325 3285 4378 τὸν
3309 4321 3601 4388 βασιλέα.

520 4505 796 4572 Quomodo
826 4505 1008 4559 scribit
1037 4504 1369 4571 metropolita
1392 4504 1446 4556 in
1474 4503 1660 4557 itinere
1683 4503 2002 4557 constitutus
2031 4501 2097 4556 ad

2208 4512 2411 4578 Ὅπως
2432 4509 2641 4581 γράφει
2672 4510 2705 4562 ὁ
2719 4505 3170 4577 μητροπολίτης
3185 4500 3511 4571 ἀποδημῶν
3528 4500 3669 4569 πρὸς
3698 4498 3821 4551 τὸν

590 4602 987 4671 gubernatorem
1021 4598 1073 4649 in
1106 4597 1233 4649 urbe
1259 4597 1360 4650 sibi
1395 4596 1609 4649 subdita
1644 4595 2026 4663 reperiendum.

592 4692 910 4748 Desiderate
940 4690 1181 4754 domine,
1214 4690 1313 4753 vel,
1346 4688 1632 4743 familiaris
1664 4688 2013 4758 praepotentis
2047 4695 2102 4740 et

521 4784 694 4839 sancti
724 4781 928 4836 domini
959 4781 1131 4836 nostri
1187 4779 1537 4849 imperatoris
1563 4788 1617 4833 et
1643 4778 1870 4840 domini,
1896 4777 1949 4830 in
1976 4791 2102 4830 san-

520 4883 609 4928 cto
650 4874 854 4943 Spiritu
898 4870 1395 4935 desideratissime,
1437 4878 1490 4923 et
1534 4868 1861 4922 humilitatis
1902 4874 2103 4921 nostra:

520 4981 775 5037 germane
806 4965 899 5019 lili.
931 4964 1199 5027 Gratiam,
1221 4978 1431 5033 pacem,
1464 4961 1918 5026 misericordiam,
1951 4958 2100 5014 salu-

521 5069 629 5110 tem
660 5056 875 5119 animae,
905 5058 1153 5123 corporis
1181 5056 1368 5121 robur,
1397 5053 1728 5122 agendorum
1760 5067 1787 5105 a
1818 5060 1869 5106 te
1898 5051 1964 5105 ad
1996 5051 2102 5104 uti-

521 5150 727 5203 litatem
770 5163 1111 5212 successum,
1145 5156 1199 5201 et
1237 5148 1280 5201 si
1320 5144 1452 5215 quid
1491 5144 1637 5197 aliud
1675 5145 1799 5199 boni
1840 5144 2001 5198 simul
2038 5159 2102 5197 ac

522 5240 804 5305 salutaris,
841 5240 908 5293 ab
939 5240 1315 5308 omnipotente
1352 5240 1460 5293 Deo
1493 5237 1752 5308 probitati
1791 5248 1895 5292 tuae
1931 5238 2103 5290 Immi-

524 5336 649 5389 litas
684 5346 873 5389 nostra
907 5344 1184 5403 precatur.

596 5426 660 5480 In
706 5430 828 5494 ﬁne.
877 5425 1064 5482 Gratia
1110 5425 1203 5481 Dei
1249 5425 1573 5495 probitatem
1624 5433 1770 5478 tuam
1816 5430 2104 5476 conservot

524 5531 737 5582 sanam,
768 5518 968 5582 lzetam,
1001 5516 1331 5573 incolumem
1358 5523 1412 5571 et
1444 5514 1764 5585 longaevam.
1798 5510 2103 5579 Metropoli—

2278 4605 2366 4667 εἱς
2402 4600 2678 4670 κεφαλὴν
2704 4598 3139 4667 εὑρισκόμενον
3162 4598 3230 4651 ἐν
3261 4596 3334 4663 τῇ
3354 4596 3531 4649 πόλει
3570 4591 3785 4648 αὑτοῦ.

2276 4692 2619 4764 Περιπόθητε
2656 4692 2911 4755 δέσποτα,
2951 4691 3011 4757 ἣ,
3048 4692 3213 4742 οἰκεῖε
3255 4688 3350 4742 τοῦ
3411 4686 3674 4757 κραταιοῦ
3716 4688 3818 4738 καὶ

2205 4784 2363 4853 ἁγίου
2408 4784 2569 4852 ήμῶν
2623 4781 2884 4835 αὐθέντου
2931 4782 3026 4834 καὶ
3075 4781 3359 4851 βασιλέως,
3386 4780 3444 4832 ὲν
3478 4778 3617 4849 ἁγίῳ
3640 4777 3818 4829 Πνεῦ-

2210 4892 2341 4947 ματι
2371 4873 2740 4937 ποθεινότατε,
2773 4874 2869 4926 καὶ
2896 4873 3237 4943 γνησιώτατε
3272 4873 3353 4925 υἱὲ
3392 4872 3493 4941 τῆς
3527 4870 3681 4941 ἡμῶν
3710 4886 3817 4921 τα-

2207 4966 2540 5035 πεινότητος·
2566 4964 2747 5035 χάριν,
2781 4965 3025 5035 εἰρήνην,
3052 4964 3216 5029 ἕλεος,
3252 4963 3437 5032 ὑγείαν
3469 4961 3669 5031 ψυχῆς,
3698 4961 3810 5024 ῥῶ-

2209 5075 2293 5109 σιν
2324 5056 2595 5126 σώματος,
2645 5057 2753 5109 τῶν
2803 5057 3095 5125 πρακτέων
3131 5073 3212 5108 σοι
3256 5056 3393 5123 πρὸς
3438 5055 3499 5106 τὸ
3530 5051 3810 5113 λυσιτελὲς

2208 5148 2578 5219 ἐκπλήρωσιν,
2620 5148 2715 5200 καὶ
2760 5147 2888 5199 ἄλλο
2938 5148 3068 5200 εἴτι
3133 5146 3338 5214 ἀγαθὸν
3371 5144 3506 5214 ὁμοῦ
3540 5144 3632 5197 καὶ
3699 5160 3812 5195 σω-

2207 5239 2419 5307 τήριον,
2485 5237 2777 5305 ἐπεύχεται
2838 5239 2904 5306 τῇ
2968 5236 3248 5307 ἀντιλήψει
3292 5236 3441 5303 σουή
3482 5232 3810 5301 ταπεινότης

2208 5330 2367 5398 ἡμῶν
2401 5329 2505 5381 ἀπὸ
2532 5329 2665 5381 Θεοῦ
2704 5329 3166 5397 παντοκράτορος.

2283 5420 2398 5492 [Η]
2440 5422 2534 5472 Ἐν
2565 5419 2643 5484 τῷ
2666 5420 2844 5473 τέλει·
2891 5420 2953 5473 ’Π
3000 5422 3161 5490 χάρις
3190 5419 3286 5473 τοῦ
3331 5416 3465 5471 Θεοῦ
3501 5417 3586 5485 εἴη
3617 5415 3808 5481 διατη-

2215 5512 2382 5582 ροῦσα
2443 5511 2544 5583 τὴν
2592 5511 2878 5582 ἀντίληψιν
2931 5512 3159 5578 ἄνοσον,
3206 5510 3461 5583 εὔθυμον,
3496 5511 3665 5578 ὑγιᾶ,
3713 5506 3814 5560 7.7.}.

1864 5626 2098 5683 VARIAZ
2137 5626 2549 5685 LECTIONES.

602 5730 623 5755 ο
659 5719 749 5795 καὶ
776 5719 962 5795 τοῦτον
994 5719 1230 5795 bisne-.92
1255 5738 1380 5795 μου.
1414 5720 1509 5775 καὶ
1539 5722 1571 5793 ἡ
1603 5720 1849 5793 βασιλεία
1890 5738 2000 5775 σου.
2086 5719 2105 5760 ί
2140 5720 2230 5776 τὲν
2254 5723 2361 5792 γὰρ
2383 5721 2867 5795 Σεϐαστοκρὰτορα
2890 5721 2982 5776 καὶ
3007 5719 3189 5775 τοῦτον
3230 5720 3462 5775 δέσποτά
3501 5736 3603 5792 μου
3635 5717 3815 5771 Σεϐα-

538 5788 853 5856 στοκςιάτορ,
881 5788 974 5839 καὶ
1006 5790 1037 5857 ἡ
1070 5790 1314 5858 βασιλεία
1346 5809 1459 5846 σου.
