4084 6438
327 463 434 530 4θ9

1010 459 1059 518 Α
1095 456 1343 519 LEONE
1376 457 1742 519 SAPIENTE
1804 457 1903 517 AD
1941 455 2448 521 ANDRONICUM
2480 459 2912 540 PAL/EOLOG.

3505 454 3613 519 “0

323 566 680 639 πολυχρόνιον
706 573 754 619 8.
807 564 1273 632 Μητροπολίτην
1304 562 1511 631 ἕτερον
1533 564 1644 617 οὐκ
1676 562 1923 643 οἴδαμεν

2028 575 2135 620 tam
2165 584 2283 621 vero
2312 569 2517 622 nullum
2553 568 2860 638 agnovimus
2890 565 3227 632 scribentem,
3259 564 3609 620 Mediocritas

326 663 652 732 τράφον-τα,
677 659 710 728 ὴ
742 656 1032 728 μετριότης
1052 655 1232 725 ἡμῶν,
1252 657 1303 708 el
1322 654 1615 723 μὴμόνον
1638 653 1759 707 τῶν
1775 656 1921 708 Θεσ-

324 749 704 807 σαλονικέων
757 748 828 803 ἐν
869 747 995 813 τοῖς
1021 746 1123 802 ὑπ’
1153 747 1342 801 αὐτόν
1373 761 1388 778 ο
1425 745 1662 814 ἐγένετο
1708 744 1776 798 δὲ
1822 745 1922 799 καὶ

326 843 502 896 τοῦτο
528 840 745 895 νεωστὶ
799 839 869 893 ἐν
912 838 1039 905 ταῖς
1065 838 1313 907 ἡμέραις
1335 836 1440 891 τοῦ
1470 837 1781 904 βασιλέως
1816 838 1923 893 τοῦ

326 931 845 1001 Καντακουζηνοῦ,
880 931 977 985 ὅτε
1002 931 1101 985 καὶ
1124 933 1179 984 οἱ
1244 932 1464 997 πρῶτοι
1507 930 1626 983 τῶν
1688 933 1922 987 Θεσσα-

324 1024 621 1079 λονικέων
648 1022 1176 1090 ἐκκλησιαστικῶν
1198 1021 1422 1077 ἔϐαλον
1448 1021 1591 1088 τοὺς
1619 1022 1924 1091 σταυροὺς

326 1118 396 1171 ἐν
430 1116 554 1182 τοῖς
580 1114 883 1181 σκιαδίοις
906 1112 1126 1169 αὐτῶν.

510 1207 711 1271 Ὅπως
741 1204 893 1273 πρὸς
927 1204 1071 1271 τοὺς
1103 1205 1360 1269 λοιποὺς
1395 1203 1714 1273 ἄρχοντας.

397 1296 463 1348 Οἱ
496 1296 554 1348 ὲν
587 1297 654 1366 τῇ
693 1292 979 1365 θεοσώστῳ
1022 1294 1118 1348 καὶ
1150 1297 1443 1366 περιφανεῖ
1471 1294 1626 1347 πόλει
1663 1294 1789 1366 τῇδε
1819 1294 1912 1347 £6-

327 1385 645 1457 ρισκόμενοι
681 1384 1056 1453 εὐγενέστατοι
1087 1384 1345 1456 ἄρχοντες
1374 1426 1389 1451 ,
1424 1384 1539 1438 ὅσοι
1569 1385 1662 1438 τοῦ
1703 1384 1919 1455 πρώτου

328 1478 521 1545 γένους
551 1477 650 1548 τῆς
679 1475 893 1540 ἐνδόξου
931 1476 1025 1529 καὶ
1057 1476 1443 1547 λαμπροτάτου
1496 1479 1661 1548 τιμῆς
1692 1480 1787 1532 καὶ
1825 1495 1925 1546 φυ-

326 1568 450 1639 λῆς,
481 1570 538 1622 ἐν
568 1568 709 1638 ἁγίῳ
740 1567 1015 1638 Πνεῦματι
1055 1568 1423 1621 ποθεινότατοι
1471 1568 1566 1622 καὶ
1616 1569 1922 1640 γνησιώτα-

326 1677 410 1713 τοι
467 1660 573 1713 υίοὶ
616 1660 716 1730 τῆς
764 1659 921 1728 ἡμῶν
970 1659 1357 1728 ταπεινότητος
1390 1675 1404 1688 '
1447 1660 1627 1730 χάριν,
1665 1661 1914 1732 εἰρήνην,

328 1749 500 1813 ἔλεος,
533 1750 722 1818 ὑγείαν
772 1751 946 1821 ψυχῆς
990 1752 1085 1804 καὶ
1124 1748 1375 1820 σώματος
1405 1791 1421 1816 ,
1467 1752 1563 1805 καὶ¹
1625 1752 1753 1806 ἄλλο
1790 1752 1842 1806 ei
1872 1771 1923 1808 τι

326 1840 536 1909 ἀγαθὸν
559 1840 695 1911 όμοῦ
727 1842 820 1895 καὶ
850 1843 1138 1913 σωτήριον,
1175 1840 1391 1913 εὔχεται
1420 1845 1487 1915 τῇ
1515 1843 1672 1914 ὑμῶν
1700 1845 1921 1917 ἀντιλήο

324 1932 418 2002 ψει
450 1934 482 2003 ἡ
515 1933 842 2005 ταπεινότης
867 1933 1023 2004 ήμῶν
1047 1934 1154 1988 άπὸ
1180 1934 1313 1988 Θεοῦ
1340 1936 1797 2007 παντοκράτορος.

410 2025 516 2077 Ἐν
546 2023 626 2089 τῷ
655 2024 834 2079 τέλει·
882 2025 946 2077 Ἦ
981 2025 1139 2096 χάρις
1168 2025 1263 2078 τοῦ
1302 2026 1436 2079 Θεοῦ
1467 2028 1556 2098 εἴη
1585 2028 1919 2100 διατηροῦσα

328 2117 476 2186 ὑμᾶς
506 2116 813 2188 άνωτέρους
866 2118 1066 2180 παντὸς
1095 2119 1325 2190 συναντή
1336 2136 1524 2188 ματος.

329 2209 534 2272 Ὅπως
561 2207 770 2277 γράφει
818 2209 969 2275 πρὸς
1007 2208 1559 2277 ἐκκλησιαστικοὺς
1587 2212 1914 2283 ἄρχοντας.

411 2297 743 2368 Τιμιώτατοι
773 2299 1221 2371 ὲκκλησιαστικοὶ
1243 2300 1503 2371 ἄρχοντες
1517 2303 1616 2373 τῆς
1638 2305 1803 2376 καθ’ή
1812 2308 1918 2375 μᾶς

334 2386 644 2457 ἁγιωτάτης
678 2388 1089 2458 μητροπόλεως,
1119 2389 1305 2458 τῆσδε,
1338 2391 1434 2442 καὶ
1472 2393 1521 2443 οἱ
1580 2394 1698 2462 μετ’
1721 2396 1921 2459 αὐτοὺς

2027 670 2237 727 nostra,
2258 664 2361 716 nisi
2388 671 2594 716 tantum
2611 662 3128 715 Thessalonicensem
3151 659 3463 714 scribentem
3484 659 3609 711 sub-

2025 752 2150 805 ditis
2180 754 2309 807 suis.
2345 754 2457 808 Hoc
2487 763 2662 807 autem
2689 769 2853 821 nuper
2876 752 3078 819 factum
3106 760 3184 805 est
3212 750 3267 804 in
3291 749 3475 805 diebus
3505 750 3610 803 im-

2024 846 2282 913 peratoris
2308 844 2683 911 Cantacuzeni,
2711 862 2829 898 cum
2855 845 3014 910 primi
3037 845 3196 898 etiam
3222 841 3608 897 ecclesiastico-

2026 954 2143 991 rum
2169 938 2701 993 Thessalonicensium
2720 937 2975 1008 appositis
3010 934 3253 990 crucibus
3287 933 3447 1001 pileos
3481 949 3607 989 suos

2027 1040 2368 1086 ornaverunt.

2241 1208 2519 1274 Quomodo
2551 1207 2734 1263 scribit
2770 1206 2839 1260 ad
2872 1204 3100 1275 reliquos
3134 1218 3395 1271 proceres.

2095 1300 2200 1369 Qui
2229 1302 2283 1355 in
2312 1301 2414 1355 hac
2441 1315 2471 1354 a
2499 1300 2609 1354 Deo
2636 1306 2850 1355 servata
2875 1304 2931 1353 et
2958 1295 3159 1351 illustri
3183 1294 3405 1349 civitate
3426 1289 3493 1346 N.
3520 1307 3607 1349 re-

2026 1394 2280 1464 βοείωἰηὶ
2323 1390 2653 1448 nobilissimi
2683 1389 2924 1454 domini,
2956 1394 3227 1457 quotquot
3257 1383 3415 1453 primi
3444 1398 3607 1454 gene-

2027 1488 2107 1544 ris
2167 1494 2220 1543 et
2254 1485 2480 1556 gloriosi
2509 1493 2565 1540 et
2596 1481 2957 1538 illustrissimi
2988 1478 3189 1549 gradus
3218 1488 3270 1532 et
3300 1476 3520 1545 stirpis,
3550 1474 3607 1529 in

2027 1587 2218 1635 sancto
2245 1578 2450 1648 Spiritu
2473 1573 2952 1637 desideratissimi,
2975 1579 3027 1628 et
3053 1578 3254 1626 nostrae
3280 1567 3609 1623 humilitatis

2027 1670 2272 1741 germani
2307 1668 2401 1723 ﬁlii
2431 1685 2447 1722 :
2476 1668 2731 1739 gratiam,
2778 1679 2987 1735 pacem,
3019 1659 3480 1722 misericordiam,
3515 1673 3607 1713 sa-

2027 1762 2193 1817 lutem
2230 1762 2427 1816 animae
2461 1768 2514 1815 et
2550 1758 2838 1830 corporis,
2875 1766 2927 1811 et
2960 1755 3006 1810 si
3043 1753 3175 1823 quid
3213 1751 3358 1805 aliud
3395 1749 3605 1804 bonum

2026 1856 2190 1912 simul
2218 1869 2281 1909 ac
2304 1854 2546 1909 salutare
2570 1850 2808 1914 exsistit,
2835 1845 2971 1915 illud
2999 1845 3068 1900 ab
3092 1843 3469 1912 omnipotente
3500 1838 3610 1893 Deo

2021 1948 2283 2020 probitati
2315 1954 2515 2001 vestrae
2547 1943 2833 1999 humilitas
2862 1947 3050 1995 nostra
3086 1943 3359 2007 precatur.

2091 2040 2157 2095 In
2185 2041 2323 2109 ﬁne:
2348 2037 2533 2092 Gratia
2560 2035 2655 2090 Dei
2677 2034 2826 2089 omni
2858 2031 3087 2086 adverso
3117 2034 3312 2084 eventu
3342 2024 3599 2096 superio—

2019 2145 2109 2187 res
2144 2145 2243 2185 vos
2277 2133 2592 2199 praeservet.

2163 2221 2438 2290 Quomodo
2468 2220 2651 2274 scribit
2680 2216 2754 2271 ad
2785 2213 3164 2270 ecclesiasticos
3196 2224 3461 2278 proceres.

2092 2312 2566 2370 ilonorandissimi
2590 2308 2962 2366 ecclesiastici
2986 2319 3242 2377 proceres
3269 2308 3465 2355 nostrae
3488 2314 3611 2352 san-

2022 2409 2283 2464 ctissimae
2315 2403 2635 2474 metropolis
2660 2400 2727 2455 N.
2757 2410 2811 2455 et
2849 2407 2969 2469 post
3000 2399 3150 2467 ipsos
3178 2390 3611 2448 honoriﬁcentis-

330 2478 671 2547 ἐντιμότατοι
740 2481 837 2534 καὶ
900 2479 1284 2535 εὐλαϐέστατοι
1330 2481 1611 2553 κληρικοὶ,
1662 2486 1757 2539 καὶ
1805 2488 1919 2541 ὅσοι

2028 2501 2145 2556 simi
2185 2507 2240 2555 et
2276 2493 2676 2567 religiosissimi
2718 2491 2927 2557 clerici,
2964 2498 3017 2545 et
3057 2494 3325 2559 quotquot
3365 2486 3505 2542 sacri
3547 2493 3605 2540 et

324 2568 423 2622 τοῦ
472 2569 744 2639 ἱερατικοῦ
795 2571 888 2623 καὶ
922 2571 1219 2641 μοναχικοῦ
1250 2574 1552 2643 καταλόγου
1575 2592 1588 2604 '
1648 2578 1816 2632 τέκνα
1859 2580 1918 2633 ὲν

325 2660 522 2732 Κυρίῳ
549 2660 814 2729 ἀγαπητά
841 2660 941 2730 τῆς
976 2660 1134 2731 ἡμῶν
1158 2663 1567 2733 ταπεινότητος·
1604 2667 1764 2735 χάρις
1793 2669 1921 2737 ὑμῖν

322 2754 433 2819 είη,
469 2752 565 2804 καὶ
588 2751 803 2822 εἰρήνη,
826 2751 920 2805 καὶ
933 2751 1126 2820 ἀγάπη
1141 2751 1471 2825 πληθυνθείη
1506 2755 1612 2808 ἀπὸ
1635 2757 1771 2810 Θεοῦ
1808 2759 1922 2813 Πα-

324 2840 478 2910 τρός,
508 2840 597 2894 διὰ
619 2842 830 2912 Κυρίου
868 2842 1043 2912 Ἰησοῦ
1075 2843 1336 2915 Χριστοῦ,
1368 2846 1426 2898 ὲν
1452 2846 1594 2917 ἁγίῳ
1621 2847 1921 2920 Πνεῦματι.
1965 2883 1969 2888 ε

408 2934 508 2985 Ἑν
533 2932 615 2998 τῷ
646 2932 829 2987 τέλει’
859 2933 925 2988 Ἦ
953 2933 1115 3007 χάρις
1140 2932 1238 2989 τοῦ
1265 2934 1400 2989 Θεοῦ
1426 2936 1512 3009 εἴη
1539 2939 1677 3009 μετὰ
1708 2941 1925 2995 πάντων

328 3022 482 3092 ὐμῶν
509 3020 559 3078 δ.

520 3117 722 3183 Ὅπως
749 3117 959 3187 τξράςρει
992 3119 1144 3187 πρὸς
1175 3120 1284 3174 τόν
1323 3124 1531 3177 κοινόν
1569 3124 1744 3178 λαόν.

2024 2590 2312 2646 mouastici
2357 2587 2619 2643 ordinis:
2657 2583 2842 2640 dilecti
2888 2582 2941 2636 in
2990 2579 3222 2636 Domino
3268 2578 3361 2631 lilii
3408 2584 3611 2630 nostra:

2024 2683 2356 2742 humilitatis
2385 2700 2399 2737 :
2432 2679 2605 2752 gratia
2632 2678 2788 2734 vobis
2835 2682 2888 2731 et
2924 2688 3029 2746 pax
3060 2681 3115 2729 et
3145 2671 3391 2726 charitas
3422 2668 3611 2723 multi-

2025 2780 2257 2849 plicetur
2282 2791 2313 2831 a
2344 2773 2455 2830 Deo
2484 2771 2663 2836 Patre,
2696 2786 2791 2841 per
2821 2768 3108 2823 Dominum
3141 2773 3391 2820 nostrum
3421 2759 3609 2818 Iesum

2026 2871 2328 2932 Christum,
2365 2867 2417 2922 in
2450 2874 2641 2922 sancto
2677 2862 2908 2932 Spiritu.

2098 2961 2164 3016 In
2197 2960 2319 3029 ﬁne.
2355 2958 2543 3015 Gratia
2578 2955 2671 3011 Dei
2704 2955 2775 3010 sit
2800 2952 3085 3009 vobiscum
3115 2949 3397 3006 omnibus.

2197 3135 2470 3204 Quomodo
2501 3134 2686 3190 scribit
2716 3132 2784 3186 ad
2817 3147 3138 3187 communem
3169 3127 3442 3198 populant.

404 3210 657 3264 Ἔποικοι
685 3211 948 3282 ἄρχοντες
1001 3214 1162 3283 τῆσδε
1227 3216 1435 3270 σωστοῦ
1490 3216 1584 3270 καὶ
1631 3234 1924 3312 περιφανεῖ

2100 3230 2293 3286 Incolae
2338 3243 2595 3299 proceres
2639 3242 2669 3282 a
2713 3225 2821 3280 Deo
2862 3232 3093 3281 servatae
3130 3231 3186 3277 et
3225 3218 3613 3275 illustrissimus

329 3303 531 3371 στάτης
562 3303 795 3368 πόλεως,
850 3304 1034 3373 τῆσδε,
1086 3306 1200 3361 ὅσοι
1246 3324 1304 3360 τε
1336 3310 1433 3377 τῆς
1486 3308 1783 3375 πολιτείας,
1834 3289 1930 3364 καὶ

326 3396 439 3445 ὅσοι
494 3393 589 3448 τοῦ
648 3395 917 3448 ἰδιωτικοῦ
951 3397 1275 3467 καταλόγου,
1334 3400 1433 3453 καὶ
1475 3402 1504 3452 ό
1557 3400 1745 3466 λοιπὸς
1783 3403 1930 3465 ἅπας

325 3486 421 3539 τοῦ
455 3486 660 3557 Κυρίου
690 3485 705 3536 i
748 3487 878 3551 λαὸς
926 3490 955 3542 ό
985 3490 1367 3560 χριστώνυμος
1391 3508 1407 3524 ’
1439 3493 1604 3546 τέκνα
1651 3495 1709 3546 ὲν
1739 3496 1929 3565 Κυρίῳ

324 3580 588 3648 ἀγαπητὰ
627 3580 727 3649 τῆς
761 3580 919 3650 ἡμῶν
976 3582 1373 3653 ταπεινότητος
1403 3601 1417 3615 °
1452 3573 1648 3657 Χάριν,
1681 3588 1925 3658 είρήνηνν

324 3670 500 3733 ἔλεος,
557 3673 651 3725 καὶ
689 3671 820 3726 ἄλλο
876 3674 930 3726 ετ
969 3691 1023 3728 τι
1046 3676 1251 3744 ἀγαθὸν
1300 3676 1434 3747 όμοῦ
1482 3681 1580 3732 καὶ
1633 3681 1926 3750 σωτήριον,

326 3763 623 3831 ἐπεύχεται
654 3763 783 3833 ὑμῖν
814 3764 1018 3820 ἅπασιν
1047 3769 1081 3838 ἡ
1111 3768 1407 3841 μετριότης
1451 3770 1607 3841 ἡμῶν
1650 3774 1758 3825 ἀπὸ
1792 3772 1927 3825 Θεοῦ

326 3850 800 3922 παντοκράτορος,

409 3942 513 3995 Ἔν
540 3941 621 4008 τῷ
647 3943 827 3999 τέλει’
872 3944 935 3998 Ἦ
959 3945 1121 4017 χάρις
1146 3945 1241 4000 τοῦ
1269 3947 1403 4002 Θεοῦ
1435 3950 1519 4021 εἴη
1552 3951 1688 4021 μετὰ
1713 3952 1929 4008 πάντων

329 4031 504 4102 ὑμῶν.

806 4128 912 4194 Εἰς
956 4127 1187 4197 Κνέζην
1206 4129 1473 4198 Σερόιας.

395 4216 552 4293 [415]
606 4219 942 4292 Ὑψηλότατε
994 4223 1138 4294 μέγα
1165 4223 1352 4293 Κνέζη
1398 4222 1412 4274 i
1456 4225 1638 4296 πάσης
1664 4226 1925 4298 Σερὸίας,

325 4312 694 4378 συνετώτατε,
747 4314 809 4366 ὲν
840 4314 1033 4385 Κυρίῳ
1089 4314 1443 4386 ὑπερήδιστε,
1473 4317 1570 4371 καὶ
1628 4319 1928 4389 τριπόθητε

320 4401 484 4473 κύριε
515 4403 611 4458 καὶ
641 4403 725 4457 uis
763 4405 864 4473 τῆς
896 4406 1054 4475 ήμῶν
1109 4406 1499 4478 ταπεινότητος
1519 4423 1536 4438 ⁸
1566 4408 1748 4480 χάρις,
1776 4412 1928 4483 εἰρή-

319 4513 416 4567 νη,
446 4496 547 4549 καὶ
574 4495 722 4560 ἕλεος
749 4497 1084 4569 πληθυνθείη
1120 4499 1186 4569 τῇ
1208 4497 1494 4571 αὑθεντείᾳ
1529 4516 1623 4553 σου
1652 4502 1764 4555 ἀπὸ
1790 4501 1927 4557 Θεοῦ

318 4588 787 4659 παντοκράτορος.

609 4678 768 4747 Πρὸς
798 4678 915 4746 τὴν
942 4678 1050 4734 τοῦ
1095 4677 1277 4747 Κνέζη
1294 4668 1329 4720 All
1357 4679 1640 4750 σύζυγον.

402 4767 747 4838 ’Υψηλοτάτη
775 4767 1066 4839 αὑθέντρια
1092 4769 1276 4838 πάσης
1305 4770 1557 4838 Σερσίας,
1580 4772 1922 4845 συνετωτάτη

316 4856 416 4910 καὶ
440 4856 794 4927 κοσμιωτάτη
806 4857 1105 4925 γυναικῶν,
1129 4858 1187 4909 ὲν
1203 4858 1343 4928 ἁγίῳ
1364 4858 1644 4929 Πνεῦματι
1657 4859 1915 4931 θύγατερ.

317 4948 517 5019 Χάρις,
536 4949 749 5020 εἰρήνη,
768 4951 864 5001 καὶ
878 4948 1028 5014 ἔλεος
1044 4948 1373 5023 πληθυνθείη
1390 4955 1457 5023 τῇ
1474 4951 1765 5025 αὐθεντείᾳ
1790 4972 1911 5011 σου.

697 5041 801 5107 Εἰς
838 5040 1175 5096 δέσποιναν
1202 5044 1471 5110 Σερϐἰας.

390 5131 778 5203 Εὐλαὸεστάτη
809 5171 824 5195 ,
855 5134 950 5186 καὶ
1024 5134 1338 5206 φιλόχριστε
1372 5174 1388 5198 ,
1439 5135 1774 5209 ὑψηλοτάτη,
1829 5142 1926 5194 καὶ

315 5223 707 5295 λαμπροτάτη,
742 5226 838 5279 καὶ
865 5227 923 5279 ὲν
975 5226 1117 5298 ἁγίῳ
1172 5229 1454 5299 Πνεύματι
1499 5231 1854 5305 ποθεινοτάτη
1902 5232 1923 5272 ὶ

327 5315 595 5368 δέσποινα
622 5317 855 5387 Σερόίας
879 5334 895 5350 σ
932 5319 1132 5390 Χάρις,
1167 5321 1381 5393 είρήνη,
1402 5322 1496 5376 καὶ
1520 5323 1667 5389 ἔλεος
1691 5324 1928 5397 πληθυν-

318 5405 441 5477 θείη
466 5408 535 5477 τῇ
570 5406 821 5481 βασιλείᾳ
868 5427 985 5465 σου.

582 5560 589 5569 ε
773 5503 880 5568 Εἰς
908 5503 1016 5557 τὸν
1040 5503 1176 5557 υἱόν
1208 5505 1428 5574 αὐτῆς.

388 5590 770 5647 Εὑλαὸέστατε
788 5634 806 5661 ,
838 5595 933 5650 καὶ
980 5596 1293 5668 φιλόχριστε
1319 5638 1335 5664 ,
1379 5598 1732 5670 λαμπρότατε
1758 5644 1774 5667 ,
1819 5601 1915 5655 καὶ

2033 3324 2187 3380 urbis
2214 3321 2278 3376 N.
2307 3330 2578 3393 quotquot
2603 3320 2985 3390 magistratus,
3010 3324 3065 3371 et
3090 3321 3360 3386 quotquot
3390 3311 3610 3383 privati,

2031 3425 2084 3473 et
2121 3415 2365 3483 reliquus
2394 3413 2692 3467 universus
2726 3409 2959 3480 populus
2992 3407 3205 3462 Domini
3236 3405 3609 3466 Christianus,

2033 3507 2086 3561 in
2117 3506 2343 3559 Domino
2371 3504 2553 3559 dilecti
2585 3510 2785 3559 nostra!
2817 3500 3144 3555 humilitatis
3172 3498 3264 3551 ﬁlii
3299 3514 3312 3551 ι
3342 3495 3584 3551 Gratiam

2031 3612 2219 3668 pacem
2244 3638 2259 3663 ,
2288 3594 2723 3650 misericordiam
2746 3632 2762 3656 ,
2794 3599 2849 3648 et
2878 3593 2924 3648 si
2955 3590 3085 3661 quid
3120 3588 3267 3644 aliud
3296 3589 3498 3643 bonum
3530 3601 3611 3641 Sl-

2031 3689 2141 3743 mul
2177 3702 2240 3741 ac
2276 3688 2538 3752 salutare,
2574 3685 2707 3741 illud
2741 3684 2998 3739 omnibus
3034 3682 3188 3738 vobis
3223 3697 3252 3736 a
3287 3682 3398 3736 Deo
3432 3681 3613 3734 omni-

2031 3786 2252 3850 potente
2288 3776 2637 3831 mediocritas
2672 3782 2860 3830 nostra
2895 3779 3170 3845 precatur.

2103 3961 2169 4015 In
2200 3960 2305 4031 ﬁne
2334 3975 2353 4014 :
2397 3957 2584 4014 Gratia
2616 3955 2710 4011 Dei
2742 3953 2815 4011 sit
2839 3952 3125 4009 vobiscum
3156 3947 3435 4004 omnibus.

2522 4132 2606 4187 Αιί
2639 4129 2862 4187 Cnezem
2897 4126 3119 4183 Serviat.

2098 4227 2441 4293 Gelsissime,
2473 4240 2669 4295 magne
2698 4222 2878 4277 Gneze
2910 4219 3078 4275 totius
3108 4214 3334 4280 Serviae,
3367 4211 3611 4284 pruden-

2030 4321 2267 4384 tissime,
2300 4320 2354 4374 in
2390 4316 2618 4371 Domino
2648 4312 3077 4386 iucundissime.
3107 4316 3161 4365 et
3193 4317 3277 4363 ter
3304 4306 3613 4361 desiderate

2029 4412 2250 4467 domine
2283 4419 2338 4466 et
2375 4410 2448 4465 liii
2486 4415 2688 4465 nostrae
2720 4404 3049 4466 humilitatis
3082 4421 3097 4458 :
3147 4400 3357 4474 gratia,
3410 4415 3514 4468 pax
3561 4406 3617 4453 et

2029 4501 2410 4558 misericordia
2449 4516 2480 4555 a
2523 4499 2635 4556 Deo
2679 4498 3058 4569 omnipotente
3103 4503 3211 4551 tua:
3251 4491 3615 4549 dominationi

1952 4602 2008 4664 Ῑ)
2035 4595 2451 4665 multiplicetur.

2535 4683 2616 4738 Ad
2650 4682 2840 4738 Cnezis
2875 4695 3117 4735 uxorem.

2078 4775 2412 4833 .Celsissima
2431 4774 2651 4831 domina
2670 4775 2838 4828 totius
2858 4770 3085 4835 Serviat,
3118 4763 3541 4839 prudentissima
3562 4770 3617 4816 et

2021 4871 2380 4927 ornatissima
2400 4868 2713 4930 mulierum,
2733 4868 2785 4921 in
2804 4872 2996 4922 sancto
3016 4863 3223 4933 Spiritu
3245 4860 3352 4914 tilia
3378 4876 3391 4913 :
3419 4859 3616 4929 gratia,

2020 4977 2125 5033 pax
2154 4969 2208 5018 et
2239 4958 2614 5017 misericordia
2659 4957 3016 5014 dominationi
3049 4964 3157 5010 tua:
3196 4952 3613 5023 multiplicetur.

2364 5114 2369 5118 ι
2498 5049 2581 5104 Ad
2613 5048 2887 5103 dominam
2923 5047 3142 5102 Serviaz.

2098 5141 2376 5208 Piissima,
2416 5149 2471 5197 et
2508 5141 2730 5194 Christo
2799 5146 3003 5203 amata,
3042 5135 3348 5192 celsissimo
3392 5141 3445 5189 et
3489 5132 3617 5186 illu—

2026 5233 2330 5297 strissima,
2364 5241 2417 5287 et
2452 5232 2505 5286 in
2540 5238 2731 5286 sancto
2763 5228 2969 5296 Spiritu
3007 5226 3478 5283 desideratissima
3517 5226 3615 5278 do-

2028 5327 2174 5381 mina
2207 5324 2431 5382 Serviae.
2458 5323 2669 5388 Gratia,
2697 5336 2801 5392 pax
2829 5330 2882 5377 et
2912 5318 3293 5376 misericordia
3325 5332 3492 5389 regno
3518 5325 3616 5372 tuo

2033 5417 2448 5487 multiplicetur.

2596 5510 2678 5563 Ad
2711 5510 2881 5580 ﬁlium
2911 5507 3046 5576 ejus.

2094 5600 2348 5656 Piissime
2382 5609 2436 5657 et
2469 5616 2660 5659 amans
2692 5601 2997 5667 Christum,
3037 5596 3438 5665 illustrissime,
3471 5605 3527 5654 et
3561 5598 3615 5654 in

1614 5716 1847 5774 varum
1888 5689 2305 5775 LECTIONES.

315 5872 345 5912 ⁸
420 5825 446 5865 ⁸
474 5826 570 5879 καὶ
597 5827 873 5898 ἀνώτερον
917 5832 1118 5897 παντὸς
1168 5833 1394 5906 ἀνιαροῦ
1452 5839 1884 5910 συναντήματος.

374 5895 646 5950 Κυέντέη.
757 5898 773 5939 Ῑ
803 5901 1000 5950 desunt
1042 5905 1155 5950 Imm
1181 5906 1425 5950 nuinmm
1465 5908 1625 5950 vir-rh:
1663 5911 1714 5950 in
1745 5909 1856 5950 Rm:

556 5916 646 5969 ST)-

757 5836 1154 5939 ξροέαλὶοξνῖοξο
1168 5836 1394 5916 ἀνιαροῦ
1452 5839 1884 5939 συνῗντῄμαξος.
1982 5841 2008 5880 h
2033 5839 2278 5939 Ιζέλμήν.1
2323 5838 2509 5902 ίᾶπας
2533 5838 2925 5939 Χριστώνμμος
2956 5836 3073 5907 τοῦ,
3099 5847 3206 5897 etc.

1079 5924 1088 5933 .
1181 5921 1425 5939 ,......,.....
1465 5922 1557 5939 ω...
1600 5923 1625 5939 ..
1791 5924 1856 5939 Μ
1957 5921 1998 5939 ..ι
2280 5924 2376 5939 ...ιη
2420 5920 2658 5939 mm...“
2691 5925 2856 5939 νη...

803 5901 1000 5959 desunt
1042 5905 1155 5960 haec
1181 5901 1425 5975 quinque
1465 5908 1626 5963 verba
1662 5901 1714 5963 in
1744 5901 1875 5976 Reg.
1957 5921 1998 5950 ω
2032 5901 2233 5966 desunt
2264 5908 2378 5965 iure
2418 5901 2658 5978 quatuor
2691 5901 2886 5967 verba.

3322 5832 3336 5885 ἱ
3373 5835 3613 5903 Κυένζη.
