4084 6440
345 424 457 490 M3
1032 428 1081 488 Α
1118 427 1365 490 LEONE
1405 427 1777 490 SAPIENTE
1830 430 1932 489 AD
1986 430 2494 496 ANDRONICUM
2524 435 2954 500 PALIEOLOG.
3519 434 3626 499 414

334 538 645 603 τοιούτους
687 535 834 591 οὐδὲ
855 535 1351 605 βουλλώνοιισιν,
1379 540 1540 595 ἀλλὰ
1577 538 1915 592 διπλὼνου-

2040 542 2291 597 nandrita
2321 546 2737 615 patriarchicus,
2768 556 2860 602 aut
2892 547 3184 603 honoratus
3215 547 3464 604 sacerdos
3495 565 3609 601 mo-

334 646 445 684 σιν
470 628 539 683 τὸ
572 627 811 698 γράμμα
844 628 1236 699 τετράγωνον,
1266 631 1366 684 καὶ
1407 631 1749 701 γράφουσιν
1796 629 1924 682 ἑπι-

2040 632 2266 699 nachus,
2311 644 2404 687 aut
2453 636 2740 709 (simplex)
2784 640 3106 705 monachus,
3150 653 3244 693 aut
3296 640 3467 694 laicus
3511 657 3530 694 :
3569 649 3620 695 et

332 720 612 791 γραφήν-ο
640 721 1045 792 Πατριαρχικὸν
1076 722 1157 785 εἰς
1206 721 1297 775 τὸν
1343 722 1513 787 δεῖνα,
1564 726 1615 777 el
1662 721 1749 792 μή
1803 733 1927 773 που

2040 723 2449 795 quandocunque
2500 730 2724 784 voluerit
2778 732 3088 800 patriarcha
3141 733 3446 804 gratificari
3502 742 3624 786 tan-

332 811 515 865 ἑστὶν
551 811 1031 880 ἀρχιμανδρίτης
1078 811 1509 881 πατριαρχικύς
1537 852 1552 878 ,
1605 813 1644 881 ἢ
1687 813 1931 879 ἔντιμος

2040 829 2193 882 quam
2225 819 2416 883 amico,
2446 828 2494 873 et
2525 830 2671 887 noto,
2698 831 2748 877 et
2781 824 3046 890 familiari
3077 840 3173 879 suo
3206 839 3225 878 :
3252 824 3321 878 ad
3352 826 3622 894 episcopos

335 901 747 970 ιερομόναχος,
780 900 818 969 ἢ
866 901 1156 969 μοναχὸς,
1184 899 1223 968 ἣ
1256 902 1581 971 κοσμικός·
1624 902 1723 955 καὶ
1776 901 1932 955 ὅπου

2040 906 2288 961 similiter
2309 926 2412 963 non
2442 912 2665 983 sigillat.
3446 929 3461 939 '

333 993 625 1057 βούλεται
651 994 683 1045 δ
726 991 1101 1059 πατριάρχης
1150 992 1523 1060 χαρίσασθαι
1568 993 1749 1047 τοῦτό
1788 1009 1927 1060 τινι,
1968 991 2049 1059 ὡς
2074 997 2254 1063 φίλῳ,
2308 1000 2412 1055 καὶ
2446 1008 2736 1075 γνωρίμῳ,
2784 1006 2885 1060 καὶ
2922 1007 3120 1071 οἰκείῳ
3198 1006 3407 1062 αὐτοῦ.
3473 1003 3628 1062 Οὐδὲ

335 1084 462 1151 τοῖς
490 1082 847 1145 ἐπισκόποις
872 1080 1366 1145 βουλλώνουσιν.

515 1173 665 1228 Ποῖα
688 1171 966 1225 πιττάκια
989 1172 1202 1241 έχουσι
1231 1173 1686 1242 μολιδόϐουλλα
1711 1182 1761 1228 ι).

2115 1172 2374 1240 Qua'nam
2409 1177 2709 1247 diplomata
2748 1181 2930 1250 ferunt
2962 1183 3201 1253 sigillum
3226 1184 3550 1253 plumbeum.

413 1265 882 1320 Μολιόόϐουλλα
903 1263 971 1317 δὲ
988 1264 1178 1339 oscitat
1207 1268 1297 1331 sic
1320 1264 1392 1318 τὰ
1411 1265 1708 1329 βασιλικά
1730 1263 1939 1319 πιττά-

2112 1266 2370 1337 Sigillum
2404 1271 2707 1340 plumbeum
2753 1274 2947 1329 habent
2991 1277 3088 1329 illa
3132 1276 3464 1344 diplomata,
3509 1294 3625 1347 qua:

340 1372 441 1411 κια
467 1355 565 1409 καὶ
606 1354 983 1415 δεσποινικὰ.
1015 1355 1116 1409 καὶ
1148 1356 1219 1409 τὰ
1274 1362 1425 1423 πρὸς
1470 1356 1794 1424 δεσπότας,
1839 1355 1939 1410 καὶ

2040 1356 2332 1412 mittuntur
2370 1361 2440 1413 ad
2473 1361 2873 1430 imperatorem,
2907 1372 2957 1418 et
2988 1364 3285 1433 despotam,
3317 1376 3369 1420 et
3401 1368 3627 1435 impera-

347 1444 921 1514 Σεϐαστοκράτορας
944 1447 1042 1499 καὶ
1068 1449 1293 1516 Καίσαρ
1304 1462 1380 1515 ας
1417 1448 1613 1502 ὁποῖοί
1636 1452 1813 1513 εἰσιν,
1842 1447 1939 1503 καὶ

2042 1438 2247 1514 tricem,
2284 1448 2770 1519 Sebastocratores,
2802 1454 3062 1519 Cwsares,
3085 1456 3469 1525 qualescunque
3484 1460 3622 1511 sint:

340 1539 493 1608 πρὸς
530 1538 729 1606 pinu;-
761 1537 1017 1605 πάντας,
1057 1541 1154 1592 και
1223 1539 1375 1608 πρὸς
1411 1543 1807 1609 πατριάρχας,
1831 1541 1934 1596 καὶ

2040 1549 2087 1595 st
2127 1540 2197 1595 ad
2233 1558 2376 1612 rcges
2410 1560 2611 1611 omnes,
2642 1556 2691 1600 et
2726 1546 2795 1599 ad
2824 1547 3165 1616 patriarchas
3187 1557 3236 1600 et
3272 1548 3627 1614 archiepisco-

342 1631 489 1698 τοὺς
544 1632 903 1698 καθολικοὺς
944 1633 1488 1701 άρχιεπισκόπους“
1538 1636 1629 1697 εις
1674 1632 1744 1686 δέ
1793 1633 1936 1697 τοὺς

2040 1650 2127 1702 pos
2156 1635 2447 1689 catholicos
2477 1638 2588 1700 :.ad
2616 1648 2833 1692 cceteros
2855 1656 2975 1692 vero
3001 1650 3218 1692 cunctos
3238 1638 3625 1707 metropolitas,

340 1725 576 1789 ἄλλους
603 1723 841 1789 πάντας
869 1725 1321 1792 μητροπολίτας
1357 1725 1458 1779 καὶ
1494 1725 1799 1794 ἄρχοντας
1833 1742 1938 1793 κη-

2040 1736 2083 1782 ct
2112 1745 2374 1795 proceres,
2413 1730 2631 1798 ponitur
2653 1730 2892 1800 sigillum
2925 1746 3127 1785 cereum
3157 1747 3177 1785 :
3209 1732 3279 1784 ad
3305 1733 3480 1785 solum
3504 1747 3627 1786 vero

332 1819 679 1885 ρόσουλλα·
726 1819 814 1882 εἰς
837 1820 1033 1886 μόνον
1070 1816 1139 1869 δὲ
1184 1818 1291 1872 τὸν
1347 1817 1600 1885 Ῥωσίας
1629 1817 1935 1888 πέμπουσι

2040 1822 2433 1889 metropolitam
2454 1820 2686 1886 Russice,
2717 1822 3041 1890 plumbeum.

335 1865 864 1980 ;to.116d60v.1.10;.r
1570 1865 1591 1885 ἱ
1701 1865 1744 1888 Γ
1964 1865 2008 1919 Β

340 2002 488 2058 Ποῖα
534 2005 816 2074 πιττάκια
865 2003 1266 2073 ἐπιγράφουσι
1326 2004 1779 2074 μητροπολῖται,
1827 2005 1926 2061 καὶ

716 2072 839 2139 πῶς
876 2075 1065 2128 ταῦτα
1086 2072 1557 2143 ἐπιγράφουσιν.

411 2164 565 2236 14171
609 2168 674 2219 Ol
699 2165 1135 2235 μητροπολῖται
1166 2168 1319 2235 πρὸς
1345 2166 1465 2235 μὲν
1502 2168 1611 2221 τὸν
1643 2167 1927 2235 πατριάρ-

343 2274 465 2325 χην
498 2256 1190 2322 Κωνσταντινουπόλεως
1204 2255 1533 2325 γράφοντες
1556 2261 1629 2312 οὑ
1655 2259 1927 2312 τιθέασιν

345 2348 419 2400 ὲν
448 2346 520 2414 τῇ
553 2344 848 2415 ἐπιγραφῇ
871 2345 936 2398 τὸ
980 2346 1085 2399 τοῦ
1128 2346 1499 2415 πατριάρχου
1538 2349 1753 2417 ὄνομα·
1791 2348 1930 2402 ἀλλ’

346 2437 497 2490 ἔνθα
514 2436 630 2503 μέν
657 2438 835 2489 ἐστιν
870 2436 909 2503 ἡ
933 2435 1201 2502 βοῦλλα,
1234 2437 1479 2490 ποιοῦσι
1503 2439 1824 2506 σταυροὺς,
1862 2439 1931 2491 ἑν

345 2529 418 2581 δέ
441 2526 522 2592 τῷ
546 2528 728 2596 ἑτέρῳ
750 2526 917 2597 μέρει
947 2528 1209 2581 κάτωθεν
1233 2528 1341 2581 τοῦ
1367 2528 1596 2599 δεσμοῦ
1636 2530 1932 2598 γράφουσι

340 2621 408 2673 τὸ
441 2620 667 2674 οικεῖον
694 2620 905 2689 ὄνομα,
932 2619 1029 2672 τοῦ
1059 2619 1317 2673 ταπεινοῦ
1356 2621 1776 2691 μητροπολίτου,
1818 2620 1932 2674 τοῦ·

341 2710 400 2762 δε
421 2726 438 2741 ·
468 2710 623 2763 οὕτω
640 2711 742 2764 καὶ
760 2713 851 2776 εὶς
870 2710 978 2776 τὰς
1002 2710 1153 2778 πρός
1168 2711 1435 2775 βασιλέα
1470 2711 1567 2764 καὶ
1597 2711 1931 2766 δέσποιναν

341 2801 654 2870 ἀναφορὰς
685 2804 1116 2871 προστιθέντες
1141 2820 1155 2835 ο
1196 2803 1292 2855 τοῦ
1342 2803 1531 2857 δούλου
1565 2805 1660 2858 καὶ
1709 2803 1932 2874 εὒχὲτου

341 2892 439 2958 τῆς
470 2893 743 2961 κραταιᾶς
771 2892 866 2944 καὶ
894 2892 1055 2960 ἁγίας
1091 2892 1369 2962 βασιλείας
1403 2911 1495 2947 σου
1547 2894 1643 2946 τοῦ
1675 2893 1932 2946 ταπεινοῦ

345 2982 770 3053 μητροπολιτου,
802 2983 955 3037 τοῦδε
977 3000 992 3015 ο
1021 2988 1109 3051 εἰς
1138 2985 1207 3037 δὲ
1249 2985 1358 3051 τὰς
1393 2985 1542 3055 πρὸς
1587 2985 1930 3051 δεσπότην·

341 3073 435 3125 τοῦ
470 3074 697 3144 εὐχέτου
723 3075 822 3144 τῆς
854 3074 1131 3144 βασιλείας
1164 3094 1261 3129 σου
1282 3091 1298 3105 ⁶
1364 3078 1510 3145 πρὸς
1536 3077 1604 3130 δὲ
1632 3078 1775 3143 τοὺς
1809 3081 1935 3132 λοι-

341 3166 501 3265 ποὺς
520 3165 895 3237 πατριάρχας
916 3169 1011 3222 καὶ
1033 3171 1501 3238 μητροπολίτας,
1534 3171 1572 3239 ἣ
1596 3170 1693 3226 καὶ
1717 3170 1933 3235 ξένους
1961 3215 2009 3275 c

340 3254 742 3321 ἐπισκόπους,
773 3258 919 3312 ἔνθα
970 3259 1092 3328 μέν
1139 3261 1314 3315 ἐστιν
1340 3262 1604 3327 βοῦλλα,
1649 3262 1715 3316 τὸ
1747 3262 1937 3331 ὄνομα

339 3348 543 3413 τίθησι
567 3348 674 3401 τοῦ
707 3350 858 3416 πρὸς
881 3350 953 3403 ὃν
984 3351 1194 3422 γράφει
1218 3371 1232 3385 '
1261 3354 1330 3407 ἐν
1359 3353 1426 3407 δὲ
1459 3354 1540 3419 τῷ
1562 3354 1740 3423 ἑτέρῳ
1764 3357 1931 3425 μέρει

339 3439 407 3491 τὸ
461 3438 686 3493 οἰκεῖον
731 3441 920 3511 ὄνομα
967 3445 1289 3513 συνήθως·
1333 3444 1431 3499 ὅτε
1483 3445 1553 3498 δὲ
1594 3449 1743 3514 πρὸς
1794 3447 1936 3512 τοὺς

340 3530 443 3583 ὑπ’
475 3530 663 3583 αὐτόν
694 3531 1075 3599 ἐπισκόπους
1118 3535 1159 3603 ἢ
1208 3535 1555 3605 κληρικοὺς,
1604 3535 1839 3605 πρῶτον
1871 3538 1938 3592 τὸ

341 3621 563 3674 οἰκεῖον
597 3623 809 3692 ὄνομα,
861 3620 990 3679 οἷον
1033 3627 1105 3681 ἐν
1142 3628 1219 3693 τῷ
1248 3628 1413 3697 μέρει
1472 3628 1585 3698 τῆς
1617 3632 1933 3697 βούλλης’

341 3713 440 3765 καὶ
469 3714 539 3766 ἐν
573 3714 653 3780 τῷ
689 3716 870 3785 ἑτέρῳ
910 3718 976 3771 τὸ
1013 3718 1203 3789 ὄνομα
1241 3722 1348 3775 τοῦ
1401 3723 1551 3791 πρὸς
1590 3722 1662 3775 δν
1688 3722 1894 3792 γράφει
1921 3738 1935 3752 ο

342 3804 444 3855 καὶ
472 3804 571 3858 ὅτε
604 3808 751 3874 πρὸς
774 3809 1246 3878 εὐγενεστάτους
1284 3811 1585 3882 ἄρχοντας
1612 3813 1837 3883 γράφη.
1870 3812 1937 3865 τί)

340 3896 581 3950 ἐκείνου
625 3898 815 3968 ὄνομα
864 3900 1067 3969 τίθησι
1102 3900 1360 3971 πρῶτον,
1409 3904 1480 3957 ἑν
1528 3905 1595 3957 δὲ
1633 3903 1712 3969 τῷ
1758 3904 1939 3971 ἑτέρῳ

338 3989 505 4057 μέρει
538 3990 604 4043 τὸ
629 3990 868 4056 ἑαυτοῦ,
894 3993 965 4047 ἐν
990 3994 1058 4047 δὲ
1086 3993 1167 4061 τῷ
1215 3996 1374 4050 τέλει
1410 3996 1537 4050 τῶν
1579 3997 1731 4066 πρὸς
1758 3996 1939 4061 ,Βασι-

2038 1996 2242 2064 Quibus
2273 1996 2625 2071 pugillaribus
2661 1998 3064 2071 inscriptionem
3098 1998 3303 2053 addunt
3355 2009 3623 2071 metropo-

2322 2069 2434 2122 lita:
2450 2082 2469 2119 :
2483 2078 2531 2121 et
2548 2069 2809 2138 quomodo
2827 2081 3142 2137 componunt
3168 2071 3340 2125 illam.
3380 2133 3385 2137 ,

2106 2157 2191 2210 Ad
2232 2159 2601 2226 patriarcham
2636 2159 3294 2230 Constantinopolitanum
3340 2161 3626 2217 scribmtes

2037 2264 2141 2302 non
2173 2260 2373 2317 ponunt
2420 2250 2475 2303 in
2531 2252 2987 2318 suprascriptione
3024 2270 3211 2306 nomen
3264 2253 3623 2321 patriarclue;

2039 2341 2131 2395 sed
2187 2342 2275 2395 ubi
2324 2351 2403 2396 est
2458 2342 2693 2412 sigillum
2746 2343 2956 2412 faciunt
3020 2362 3200 2400 cruces
3234 2348 3333 2400 :in
3369 2348 3479 2399 alia
3507 2363 3629 2400 vero

2037 2442 2193 2498 parte
2218 2431 2360 2500 infra
2385 2432 2653 2485 vinculum
2678 2433 2920 2485 scribunt
2968 2436 3247 2503 proprium
3279 2451 3488 2500 nomen,
3511 2436 3586 2489 sic
3607 2449 3631 2487 :

2045 2523 2285 2579 Humilis
2315 2526 2676 2595 metropolitzo
2706 2524 2771 2579 N.
2810 2528 2898 2580 Sic
2928 2529 3090 2581 etiam
3139 2529 3212 2581 ad
3258 2530 3631 2596 imperatorem

2039 2625 2090 2669 et
2125 2616 2514 2684 imperatricem
2548 2617 2897 2671 relationibus
2940 2618 3147 2671 addunt
3176 2635 3194 2672 :
3229 2617 3383 2674 Servi
3414 2630 3467 2674 et
3498 2635 3630 2673 ora-

2042 2709 2179 2763 toris
2247 2709 2619 2778 potentissimi
2686 2718 2740 2764 et
2785 2713 2961 2765 sancti
3009 2713 3088 2765 tui
3138 2713 3355 2783 imperii
3402 2713 3631 2768 humilis

2041 2802 2407 2870 metropolilze
2440 2800 2507 2855 N.
2546 2800 2613 2854 In
2668 2802 3019 2856 relationibus
3052 2819 3171 2856 vero
3206 2804 3275 2855 ad
3328 2804 3627 2871 despotam,

2040 2897 2120 2949 sic
2150 2909 2167 2947 :
2198 2895 2449 2950 Oratoris
2474 2897 2778 2965 maiestatis
2803 2902 2926 2950 tum.
2963 2897 3046 2949 Ad
3073 2898 3304 2967 reliquos
3331 2914 3491 2964 porro
3526 2914 3629 2967 pa-

2043 2988 2313 3041 triarchas
2335 2995 2385 3041 et
2417 2988 2802 3056 metropolitas,
2834 2987 2911 3041 vel
2939 2988 3102 3041 etiam
3146 2987 3374 3041 advenas
3407 2989 3617 3054 episco-

2040 3095 2154 3149 pos,
2218 3078 2308 3131 ubi
2366 3089 2445 3132 est
2501 3078 2760 3148 sigillum,
2793 3078 2941 3146 ponit
2970 3093 3155 3131 nomen
3196 3077 3342 3131 illius
3383 3078 3452 3129 ad
3475 3092 3627 3147 quem

2041 3170 2225 3225 scribit
2263 3170 2366 3224 :in
2419 3171 2590 3224 altera
2638 3187 2759 3225 vero
2814 3178 2967 3240 parte
2996 3172 3271 3238 proprium
3319 3185 3530 3234 nomen,
3569 3178 3630 3221 ut

2045 3263 2209 3316 moris
2243 3272 2342 3315 est.
2401 3262 2533 3316 Cum
2568 3278 2687 3316 vero
2738 3262 2805 3314 ad
2837 3263 2939 3316 sibi
2969 3262 3209 3315 subditos
3255 3262 3525 3328 episcopos
3551 3260 3631 3313 vel

2044 3354 2265 3408 clericos
2325 3353 2531 3419 scribit,
2572 3356 2725 3422 prius
2775 3356 2925 3423 ponit
2962 3370 3149 3407 nomen
3176 3370 3330 3406 suum
3383 3353 3435 3405 in
3477 3361 3630 3421 parte

2044 3444 2255 3515 sigilli:
2285 3445 2337 3497 in
2370 3444 2481 3497 alia
2506 3461 2625 3497 vero
2648 3452 2798 3511 parte
2816 3459 3001 3497 nomen
3031 3442 3178 3494 illius
3210 3439 3280 3492 ad
3311 3455 3461 3508 quem
3489 3440 3629 3492 scri-

2041 3536 2135 3589 bit.
2193 3537 2263 3589 At
2321 3552 2440 3589 cum
2499 3537 2681 3589 scribit
2732 3535 2802 3589 ad
2854 3535 3273 3603 spectatissimos
3321 3532 3624 3599 optimates,

2040 3629 2186 3680 illius
2223 3644 2410 3682 nomen
2442 3628 2589 3690 prius
2644 3629 2815 3697 ponit,
2867 3629 2922 3679 in
2959 3626 3068 3678 alia
3098 3641 3218 3678 vero
3248 3636 3397 3691 parte
3444 3638 3623 3675 suum.

2042 3718 2109 3772 In
2145 3719 2249 3787 ﬁne
2303 3719 2605 3771 litterarum
2661 3735 2797 3788 quas
2825 3717 2987 3770 mittit
3029 3715 3097 3768 ad
3130 3716 3500 3782 imperatores,
3551 3711 3628 3765 rel

2040 3809 2424 3875 imperatrices,
2457 3809 2535 3861 sic
2562 3824 2580 3859 :
2610 3808 2680 3861 ιι
2706 3823 2899 3861 servus
2928 3815 2982 3861 et
3017 3813 3205 3860 orator
3233 3804 3630 3876 potentissime

2039 3911 2093 3956 et
2132 3911 2335 3955 saneta:
2356 3899 2661 3969 majestatis
2686 3909 2795 3954 tua:
2819 3915 2989 3955 ausus
3026 3899 3212 3953 retuli.
3244 3898 3327 3951 Ad
3350 3897 3625 3963 despotam

2040 4006 2203 4044 uero:
2239 3992 2307 4046 Ut
2340 4000 2527 4047 orator
2559 3992 2867 4060 maiestatis
2923 4000 3031 4044 tua:
3079 4005 3251 4043 ausus
3312 3988 3496 4043 retuli.
3544 3985 3627 4037 Ad

339 4081 474 4147 λεῖς
528 4083 901 4153 γραμμάτων,
954 4087 992 4156 ἢ
1039 4086 1402 4156 δεσποίνας·
1451 4089 1537 4154 Ὡς
1585 4090 1771 4153 δοῦλος
1829 4086 1924 4140 καὶ

2040 4084 2266 4154 reliquos
2302 4094 2477 4137 autem
2521 4088 2757 4156 aliquam
2794 4084 3148 4153 precationem
3175 4080 3479 4150 subjungit.

340 4171 575 4241 εὺχέτης
604 4174 704 4242 τῆς
736 4177 1010 4245 κραταιᾶς
1040 4179 1136 4231 καὶ
1178 4179 1339 4246 ἁγίας
1369 4179 1646 4250 βασιλείας
1684 4196 1778 4232 σου
1843 4175 2129 4246 τολμήσας
2185 4176 2469 4246 ἀνέφερον.
2534 4178 2692 4245 Πρὸς
2743 4176 3051 4243 δεσπότην
3106 4174 3197 4228 δέ·
3266 4173 3355 4236 Ὦς
3397 4173 3630 4243 εὐχετης

337 4261 439 4329 τῆς
465 4259 743 4329 βασιλείας
772 4280 863 4316 σου
887 4266 1165 4337 τολμήσας
1204 4270 1490 4340 ἀνέφερον.
1524 4270 1681 4338 Πρὸς
1711 4269 1778 4322 δὲ
1798 4266 1941 4330 τοὺς
1976 4265 2252 4331 λοιποὺς,
2288 4265 2481 4334 εὐχήν
2510 4285 2665 4323 τινα.

340 4350 546 4414 Ὅπως
584 4351 857 4432 γράφει-δ
901 4355 1271 4432 πατριάρχης
1320 4359 1444 4432 τοῖς
1493 4359 1752 4429 ἄρχουσι
1809 4359 1920 4429 τῆς

2040 4354 2309 4420 Quomodo
2384 4363 2569 4416 scribit
2623 4360 2935 4432 patriarcha
2989 4359 3059 4412 ad
3121 4357 3357 4412 ecclesiae
3415 4354 3630 4427 Magna:

793 4424 1077 4493 Μεγάλης
1115 4424 1474 4497 ἐκκλησίας.

411 4512 735 4581 Τιμεώτατε
758 4514 903 4583 μέγα
930 4518 1182 4589 οἱκονόμε
1211 4521 1311 4591 τῆς
1348 4522 1473 4575 καθ’
1504 4522 1652 4592 ἡμᾶς
1689 4524 1932 4595 μεγάλης

350 4602 704 4671 Ἐκκλησίας,
753 4607 812 4659 ἐν
864 4607 1005 4678 ἁγιῳ
1065 4609 1348 4681 Πνεῦματι
1397 4613 1648 4685 ὰγαπητὲ
1695 4617 1777 4669 υἱὲ
1834 4617 1934 4688 τῆς

337 4694 501 4764 ἡμῶν
528 4695 905 4766 μετριότητος,
948 4699 1163 4754 διάκονε
1198 4702 1355 4773 κῦρε,
1387 4706 1415 4756 ὁ
1446 4706 1616 4760 δεῖνα.

416 4786 591 4839 Οὕτω
640 4788 743 4842 καὶ
771 4788 898 4853 τοῖς
940 4789 1158 4859 ἄλλοις
1210 4794 1365 4847 κατὰ
1416 4796 1610 4864 τάξιν,
1658 4799 1741 4867 ὡς
1791 4819 1934 4871 προ-

338 4876 593 4946 amiseri-

340 4969 545 5035 Ὅπως
587 4968 932 5047 γράφουσιν
976 4974 1031 5027 οἱ
1048 4976 1482 5047 μητροπολῆαι
1524 4979 1651 5047 τοῖς
1695 4985 1797 5039 ὑπ’
1825 4990 1933 5043 αὐ..

638 5040 782 5106 τοὺς
812 5040 1071 5110 ἄρχουσι
1099 5040 1205 5113 τῆς
1247 5040 1631 5117 Ἐκκλησίαςξ

443 5134 487 5183 ο
534 5135 983 5204 μητροπολιτης
1042 5138 1169 5205 τοῖς
1232 5141 1336 5195 ὑπ’
1380 5143 1569 5198 αὐτὸν
1625 5151 1937 5219 umon

2695 4448 2957 4501 proceres.

2113 4530 2623 4595 Venerabilissime,
2695 4541 2889 4596 magne
2937 4538 3224 4577 mconome
3257 4528 3461 4575 nostra:
3501 4534 3629 4573 san-

2043 4626 2305 4679 ctissimae
2355 4623 2657 4679 Ecolesim:
2696 4621 2749 4674 in
2805 4626 2997 4672 sancto
3041 4616 3247 4685 Spiritu
3304 4615 3504 4667 dilecte
3551 4614 3625 4666 tili

2043 4728 2243 4770 nostra:
2268 4714 2681 4777 mediocritatis,
2714 4712 2945 4766 diacone
2978 4708 3196 4763 domine
3220 4703 3287 4757 N.

2112 4807 2201 4861 Sic
2223 4809 2385 4861 etiam
2417 4810 2484 4859 ad
2511 4804 2738 4875 reliquos
2771 4801 2976 4867 ordine,
3003 4810 3061 4853 ut
3080 4799 3334 4866 scriptum
3359 4806 3460 4850 est.

2038 4983 2319 5052 Quomodo
2364 4984 2605 5039 scribunt
2647 4976 3000 5052 metropolitaf
3054 4972 3309 5027 Ecclesia:
3352 4971 3455 5026 sibi
3501 4972 3627 5025 sub-

2564 5054 2727 5120 jecur:
2758 5048 3087 5118 proceribus.

2107 5143 2455 5216 Metropolim
2513 5144 2741 5198 subditis
2798 5138 2900 5193 sibi
2955 5136 3184 5201 tlericis,
3230 5152 3290 5189 eo
3334 5134 3487 5189 modo
3521 5152 3624 5204 quo

338 5221 499 5275 οὕτω
548 5221 783 5291 ψάφει,
832 5224 913 5291 ὡς
961 5227 1060 5280 καὶ
1107 5231 1141 5282 ὁ
1186 5231 1555 5302 πατριάρχης
1601 5238 1752 5304 πρὸς
1792 5240 1936 5305 τοὺς

2040 5239 2339 5301 patriarcha
2370 5237 2607 5291 ecclesia:
2655 5234 2867 5303 Magnae
2919 5228 3259 5301 optimatibus
3309 5227 3512 5293 scribit,
3554 5227 3625 5279 ad

336 5310 455 5381 τῆς
490 5314 775 5383 Μεγάλης
806 5315 1162 5386 ἐκκλησίας,
1224 5324 1371 5391 πρός
1419 5341 1487 5378 τε
1512 5328 1806 5397 πρώτους,
1833 5333 1934 5387 καὶ

2040 5330 2191 5382 primi
2228 5330 2483 5382 nimirum
2514 5337 2565 5380 et
2618 5326 2687 5380 ad
2750 5324 2969 5381 secundi
3024 5318 3256 5388 ordinis,
3286 5330 3336 5375 et
3380 5322 3622 5387 deinceps

334 5405 683 5474 δευτέρους,
720 5409 821 5465 καὶ
842 5411 976 5465 καθ’
1008 5412 1173 5481 ἑξῆς.

913 5504 1055 5570 Περὶ
1077 5505 1285 5575 ,ῥητῶν
1309 5518 1360 5563 (ι.

412 5588 564 5656 Τοὺς
601 5590 909 5660 μεγάλους
958 5592 1150 5664 priva;-
1202 5599 1541 5668 ⁸πράερουσιν
1595 5608 1650 5660 ol
1704 5625 1926 5677 μητρο-

2032 5422 2101 5476 αά
2131 5423 2362 5491 reliquos
2399 5436 2663 5489 proceres.

2673 5511 2747 5565 De
2786 5509 3015 5581 regibus.

2109 5607 2195 5662 Ad
2222 5623 2438 5678 magnos
2464 5621 2608 5676 reges
2648 5604 2809 5660 etiam
2847 5600 3202 5672 metropolita'
3235 5598 3459 5670 Magnos
3482 5595 3621 5651 scri-

1645 5719 1880 5776 νΛΙὶΙᾹΞ
1923 5722 2332 5780 IECTIONES.

438 5836 465 5877 Ρ
492 5826 939 5889 μολιόδόϐουλλα.
1039 5842 1066 5881 (ι
1104 5831 1281 5888 Deest.
