4084 6442
478 395 590 463 415

1398 402 1667 464 GRAECO
1680 401 1850 465 RUM
1889 402 2471 469 EPISCOPATUUM
2502 404 2833 469 NOTITIJE

3650 407 3757 475 416

482 514 632 575 bunt,
678 512 814 565 sicut
867 520 916 566 et
965 511 1318 579 patriarcha:
1349 515 1439 583 qui
1486 530 1605 567 vero
1657 530 1759 568 non
1804 515 2057 568 dicuntur

2162 518 2420 581 πολῖται,
2450 520 2758 589 Μεγάλους,
2784 518 2987 587 ὥσπερ
3009 518 3106 588 καὶ
3132 521 3167 574 ὁ
3191 518 3588 590 πατριάρχης·
3614 524 3761 580 τοὺς

484 603 681 671 magni,
734 605 895 656 etiam
952 606 1308 672 metropolitte
1343 620 1483 673 reges
1526 604 1838 672 simpliciter
1892 607 2061 658 nomi-

480 704 630 749 nant.
666 694 735 746 Et
772 695 1085 762 patriarcha
1113 696 1323 764 quidem
1352 697 1483 748 dicit
1521 698 1592 749 ad
1644 697 1767 751 illos
1798 697 2061 752 Nobilita-

482 798 590 840 tem
649 805 662 840 :
709 785 1065 855 Metropolim:
1102 800 1279 843 autem
1334 791 1794 848 Dominalionem.
1850 792 2058 862 Supra-

477 879 693 945 scriptio
724 896 840 933 vero
868 881 1172 934 tabularum
1206 883 1380 951 primo
1416 901 1606 939 nomen
1629 886 1778 940 illius
1802 888 1968 956 ponit,
2008 900 2058 943 et

477 974 529 1025 in
564 972 677 1025 alia
704 982 858 1041 parte
884 990 1074 1028 nomen
1109 976 1486 1045 metropolitw.

826 1148 905 1203 De
940 1147 1152 1203 Cwsare
1179 1157 1229 1202 et
1258 1148 1714 1206 Sebastocratore.

547 1240 628 1292 Ad
658 1240 926 1295 Caesarem
976 1251 1026 1295 et
1058 1240 1548 1296 Sebastocratorem
1593 1244 1828 1299 scribens
1869 1257 2064 1300 metro-

474 1333 665 1402 polita,
715 1333 939 1401 oﬂicium
983 1334 1196 1402 quidem
1232 1335 1381 1403 ponit
1411 1336 1565 1404 quale
1607 1335 2061 1393 Sebastocratoris

477 1425 554 1478 vel
582 1424 820 1480 Ccesaris
853 1441 871 1478 :
912 1441 1099 1479 nomen
1133 1441 1256 1479 vero
1286 1427 1433 1480 illius
1474 1444 1825 1498 nequaquam.
1859 1431 1939 1484 Ad
1964 1433 2061 1486 hos

477 1533 597 1570 vero
634 1534 813 1571 omnes
840 1519 1180 1587 majestatem
1209 1518 1375 1572 etiam
1420 1520 1574 1586 dicit,
1600 1524 1707 1575 sive
1739 1523 1846 1576 sint
1865 1521 2058 1589 erci,

476 1610 585 1663 sive
609 1610 845 1665 barbari.

479 1701 555 1757 De
590 1702 946 1771 pugillaribus
999 1704 1437 1759 patriarcharum
1478 1712 1529 1758 et
1578 1706 2058 1775 metropolitarum.

548 1855 870 1910 Patriarcha
904 1873 1228 1928 quwcunque
1256 1858 1843 1929 pugillariumsigillat,
1880 1861 2061 1914 omnia
2088 1857 2136 1917 B

475 1953 632 2017 longa
652 1958 773 2002 sunt
800 1965 818 2002 :
844 1966 1169 2021 quacunque
1195 1968 1313 2005 vero
1348 1968 1451 2005 non
1483 1961 1607 2005 sunt
1640 1953 1904 2022 sigillata,
1937 1968 2059 2009 sunt

472 2043 885 2111 qttadrangula:
919 2041 1260 2113 Metropolim
1305 2053 1483 2099 autem
1522 2045 1719 2114 absque
1753 2042 2061 2103 discrimine

473 2134 736 2202 componit
761 2151 781 2200 ,'
815 2136 926 2203 agit
945 2135 1081 2188 enim
1105 2144 1262 2203 prout
1286 2135 1520 2191 libuerit.

992 2226 1072 2281 De
1104 2228 1552 2296 imperatricibus.

547 2314 747 2370 Notam
797 2318 1082 2387 pugillaris
1136 2319 1204 2372 ad
1238 2320 1630 2388 imperatricem
1674 2317 1827 2377 missi
1852 2323 2056 2394 ignoro.

486 2408 704 2463 Videtur
744 2420 918 2463 tamen
950 2411 1078 2463 mihi
1119 2421 1173 2463 ut
1204 2413 1310 2465 sint
1337 2413 1499 2466 simul
1521 2412 1691 2467 amba:
1720 2413 1914 2469 littera:
1937 2417 1979 2467 B
2009 2425 2059 2470 et

472 2499 532 2552 Δ.
560 2498 672 2551 Alii
709 2515 828 2553 vero
858 2501 1041 2553 dicunt
1078 2502 1217 2571 quod
1245 2503 1299 2555 in
1328 2503 1686 2573 pugillaribus
1719 2505 1788 2557 ad
1821 2505 2059 2574 impera-

474 2602 639 2643 torem
670 2607 703 2643 a
726 2593 1074 2660 metropolitis
1104 2593 1316 2661 scriptis
1368 2603 1420 2647 et
1452 2594 1674 2663 reliquis
1709 2596 2058 2663 aptimatibus

473 2697 631 2734 suum
657 2699 843 2737 nomen
874 2694 1081 2738 tantum
1112 2686 1411 2739 inscribunt
1442 2688 1495 2740 in
1523 2702 1632 2740 una
1663 2699 1836 2756 parte,
1865 2690 1922 2743 in
1948 2690 2061 2744 alia

418 2840 425 2847 .
475 2785 590 2823 rero
609 2771 812 2825 nullam
842 2771 1079 2826 litteram
1110 2774 1350 2843 signant.
1395 2774 1530 2829 Cum
1581 2790 1700 2830 vero
1727 2777 1967 2832 scribunt
1989 2779 2058 2831 ad

472 2861 889 2931 imperatricem,
924 2864 1179 2919 similiter
1226 2867 1281 2919 in
1314 2882 1423 2920 una
1451 2876 1603 2937 parte
1627 2878 1830 2937 ponunt
1873 2886 2061 2925 nomen

473 2969 652 3018 suum,
688 2953 743 3007 in
776 2953 888 3008 alia
913 2965 1091 3010 autem
1112 2957 1321 3026 faciunt
1354 2967 1458 3013 tres
1486 2976 1669 3014 cruces
1708 2977 1854 3016 more
1876 2963 2058 3028 solito,

472 3056 522 3100 et
554 3057 923 3116 supraponunt
983 3049 1217 3123 litteram
1279 3052 1340 3105 Δ.
1405 3050 1588 3106 Restat
1623 3054 1785 3123 igitur
1808 3064 1935 3108 nota
1964 3071 2059 3125 pu-

474 3136 686 3207 gillaris
726 3138 796 3191 ad
842 3142 1236 3209 imperatricem
1263 3151 1320 3195 ut
1351 3143 1529 3197 littera
1556 3144 1597 3198 B
1625 3145 1976 3213 inscribatur,
2009 3154 2060 3202 et

474 3232 571 3283 hoc
603 3231 849 3286 existimo
874 3233 1065 3286 tutius.

2160 609 2230 662 δὲ
2250 612 2337 680 μὴ
2366 614 2735 682 λεγομένους
2773 612 3079 682 μεγάλους
3105 614 3205 667 καὶ
3238 616 3294 667 οι
3318 617 3759 684 μητροπολῖται

2163 703 2361 773 ρἦας
2387 705 2599 771 ἁπλῶς
2635 705 2956 775 γράφουσι.
2998 705 3109 760 Καὶ
3138 709 3171 760 ὁ
3208 708 3326 776 μὲν
3382 709 3757 780 πατριάρχης

2160 794 2322 863 λέγει
2367 794 2519 863 πρὸς
2555 794 2856 861 ἐκείνους,
2890 793 3189 862 Εὐγένειαν
3212 811 3223 823 ·
3257 800 3311 850 oi
3346 796 3417 851 δὲ
3456 816 3759 867 μητροπο-

2160 885 2340 951 λῖται,
2375 886 2705 939 Αὺθεντείαν
2726 903 2740 918 ο
2776 888 2814 955 ἠ
2842 886 2912 941 δὲ
2935 887 3232 957 ἐπιγραφὴ
3258 888 3379 943 τῶν
3409 893 3756 955 πιττακίων,

2162 974 2399 1044 πρῶτον
2426 979 2491 1031 τὸ
2519 978 2759 1031 ἐκείνου
2794 977 3004 1047 ὄνομα,
3041 978 3141 1032 καὶ
3161 980 3233 1033 ἐν
3254 980 3336 1046 τῷ
3367 981 3537 1049 ἄλλῳ
3567 982 3756 1051 μέρει,

2162 1068 2228 1121 τὸ
2260 1068 2367 1122 τοῦ
2392 1069 2863 1138 μητροπολίτου.
3187 1125 3197 1133 ,

2336 1160 2478 1228 Περὶ
2520 1161 2825 1231 Καίσαρος
2864 1162 2963 1215 καὶ
2996 1163 3575 1233 Σεϐαστοκράτορος.

2235 1252 2395 1319 Πρὸς
2425 1252 2697 1320 Καίσαρα
2740 1253 2841 1307 καὶ
2879 1256 3410 1324 Σεϐαστοκράτορα
3452 1257 3696 1327 γράφων
3722 1261 3757 1311 ὁ

2157 1343 2607 1412 μητροπολίτης
2632 1343 2699 1396 τὸ
2724 1344 2842 1414 μὲν
2898 1346 3183 1415 όφφίκιον
3226 1346 3456 1415 γράφει,
3513 1345 3643 1401 οἷον
3683 1350 3753 1402 τὸ

2162 1435 2270 1489 τοῦ
2304 1436 2881 1507 Σεϐαστοκράτορος,
2913 1438 2952 1507 ἢ
2991 1439 3323 1507 Καίσαρος·
3357 1441 3425 1493 τὸ
3459 1441 3528 1493 δὲ
3562 1441 3753 1511 ὄνομα

2161 1526 2439 1595 οὐδαμῶς
2462 1544 2475 1557 ·
2520 1528 2619 1581 ἐπὶ
2668 1528 2914 1584 πάντων
2957 1530 3027 1584 δὲ
3068 1532 3297 1585 τούτων
3326 1532 3424 1585 καὶ
3472 1531 3751 1603 βασιλείαν

2160 1618 2356 1687 λέγει’
2383 1617 2501 1673 κᾶν
2537 1618 2831 1688 Ῥωμαῖοι,
2873 1620 2990 1675 κᾶν
3013 1620 3306 1689 βάρϐαροι
3332 1616 3507 1675 ὦσιν.

2167 1706 2317 1780 [418]
2357 1707 2499 1777 Περὶ
2539 1708 2921 1778 πατριαρχῶν
2952 1710 3065 1832 [erat
3104 1708 3563 1778 μητροπολιτῶν
3620 1722 3751 1763 πιτ-

2838 1795 2947 1832 τακ
2976 1796 3079 1832 ων.

2838 1795 2969 1833 τακι
2976 1796 3079 1833 ων.

2247 1870 2310 1925 '0
2336 1869 2707 1941 πατριάρχης
2735 1871 2855 1925 ὅσα
2875 1869 3219 1935 βουλλώνει
3247 1870 3527 1925 πιττάκια
3553 1870 3753 1925 πάντα

2157 1961 2360 2032 μακρά
2402 1964 2582 2028 εισιν,
2631 1962 2751 2016 ὅσα
2807 1961 2877 2017 δέ
2919 1964 3079 2016 εἰσιν
3133 1962 3506 2029 ἀὸοὐλλωτα,
3549 1960 3756 2029 τετρά·

2162 2071 2324 2126 γωνα
2348 2073 2363 2087 ·
2394 2056 2459 2109 τὸ
2487 2055 2556 2109 δὲ
2579 2055 3028 2125 μητροπολίτου
3059 2053 3392 2124 ἀδιάφορόν
3418 2054 3572 2120 ἐστι,
3599 2050 3761 2107 ποιεῖ

2161 2146 2273 2216 γὰρ
2310 2145 2507 2212 καθὼς
2533 2146 2849 2212 βούλεται.

2194 2269 2204 2279 ι
2637 2237 2781 2306 Περὶ
2820 2237 3219 2293 Βασιλισσῶν
3246 2247 3292 2294 τ.

2232 2330 2555 2399 Γνώρισμα
2601 2329 2710 2384 τοῦ
2785 2330 2938 2397 πρὸς
3000 2329 3392 2383 Βασιλισσαν
3441 2326 3757 2381 πιττακίου

2160 2420 2418 2489 ἀκριϐῶς
2440 2422 2555 2473 οὐκ
2589 2416 2725 2473 οῖδα
2746 2435 2759 2449 ·
2803 2418 3057 2472 δοκεῖδέ
3076 2436 3180 2488 μοι
3196 2417 3444 2486 μᾶλλον
3470 2419 3571 2471 ἵνα
3604 2411 3759 2471 ὦσιν

2161 2509 2311 2578 ὁμοῦ
2340 2512 2440 2564 καὶ
2482 2509 2555 2562 τὰ
2595 2510 2706 2563 δύο
2771 2508 3071 2577 στοιχεῖα,
3113 2508 3213 2561 καὶ
3266 2508 3333 2561 τὸ
3363 2507 3406 2562 Β
3455 2507 3554 2559 καὶ
3587 2507 3654 2560 τὸ
3692 2511 3752 2558 Δ’

2160 2604 2340 2658 ἄλλοι
2379 2602 2447 2655 δὲ
2480 2603 2794 2672 λέγουσιν,
2813 2602 2896 2667 ὠς
2917 2600 3017 2654 ἐπὶ
3032 2600 3149 2669 μὲν
3178 2599 3285 2654 τοῦ
3308 2600 3461 2668 πρὸς
3490 2597 3759 2651 Βασιλέα

2160 2694 2499 2759 πιττακίου,
2523 2692 2729 2761 ὥσπερ
2762 2695 2818 2747 ot
2842 2691 3280 2761 μητροπολῖται
3313 2690 3634 2761 γράφουσι,
3656 2689 3756 2742 καὶ

2160 2784 2364 2840 λοιποὶ
2394 2783 2687 2853 ἄρχοντες
2710 2783 2777 2836 τὸ
2797 2780 3031 2837 ἑαυτῶν
3059 2782 3249 2851 ὄνομα
3280 2780 3474 2849 μόνον
3516 2778 3759 2849 ἐπιγρά-

2160 2890 2388 2944 φουσιν
2414 2874 2485 2927 ἐν
2533 2871 2614 2938 τῷ
2653 2872 2745 2925 ἐνὶ
2780 2871 2969 2941 μέρει,
3003 2870 3073 2923 ἐν
3114 2868 3185 2922 δὲ
3238 2868 3320 2934 τῷ
3366 2867 3546 2936 ἑτέρῳ
3592 2866 3760 2937 μέρει

2161 2964 2345 3020 οὐδέν
2382 2982 2438 3018 τι
2479 2962 2875 3034 σημειοῦνται
2934 2960 3261 3030 στοιχεῖον.
3310 2958 3659 3028 Γράφοντες
3688 2956 3760 3009 δὲ

2161 3059 2313 3127 πρὸς
2363 3057 2697 3112 δέσποιναν
2753 3055 2972 3126 ὁμοίως
3016 3052 3136 3122 μὲν
3186 3051 3253 3105 τὸ
3296 3050 3455 3105 τδιον
3490 3049 3759 3104 τιθέασιν

2168 3151 2359 3219 ὄνομα
2390 3152 2544 3203 κατά
2570 3148 2636 3203 τὸ
2666 3147 2735 3202 ἓν
2758 3145 2943 3217 μέρος
2981 3143 3088 3198 τοῦ
3122 3142 3461 3207 πιττακιου,
3493 3141 3647 3194 κατὰ
3690 3138 3761 3192 δὲ

2169 3243 2237 3296 τὸ
2269 3242 2491 3297 λοιπὸν
2533 3241 2718 3311 μέρος
2745 3238 3063 3304 ποιοῦντες
3094 3233 3400 3303 σταυροὺς
3444 3232 3623 3303 τρεῖς,
3674 3232 3759 3296 ὠς

474 3326 629 3389 ἔθος,
659 3325 928 3379 τιθέασιν
960 3324 1083 3378 ἅνω
1115 3326 1418 3395 στοιχεῖον
1441 3328 1511 3383 τὸ
1562 3332 1621 3383 Δ.
1663 3332 1944 3387 Λείπεται
1973 3330 2091 3389 οὖν
2127 3334 2435 3405 γνώρισμα
2487 3332 2564 3398 τῷ
2616 3332 2767 3401 πρὸς
2842 3330 2960 3400 τὴν
3017 3328 3406 3395 βασίλισσαν
3472 3326 3763 3393 πιτταιιίῳ

476 3418 543 3470 τὸ
576 3416 616 3467 Β
655 3414 962 3483 στοιχεῖον
985 3417 1359 3488 ἐπιγράφειν*
1391 3421 1550 3491 οἶμαι
1568 3422 1637 3476 δὲ
1658 3424 1836 3478 τοῦτο
1863 3426 2346 3496 ἀσφαλέστερον.

478 3509 754 3582 Quomodo
783 3508 1022 3568 scribunt
1055 3515 1233 3569 cwteri
1287 3517 1611 3582 patriarcha:
1648 3517 1719 3572 ad
1747 3518 2061 3574 Constanti-

1074 3586 1465 3654 nopolitanum.

560 3679 927 3736 Sanctissime
958 3678 1179 3734 domine
1222 3679 1633 3749 archiepiscope
1671 3681 2062 3738 Constantino-

479 3770 697 3839 polens,
743 3786 897 3824 nova:
937 3768 1143 3835 Romm,
1171 3780 1223 3824 el
1253 3772 1594 3827 mcumenice
1634 3772 1972 3842 patriarcha,
2005 3774 2060 3829 in

480 3874 675 3921 sancto
711 3865 917 3935 Spiritu
950 3865 1331 3920 sacratissime
1371 3864 1915 3924 etdesideratissime
1948 3868 2063 3923 fra-

480 3963 564 4010 tcr
593 3966 645 4008 et
686 3955 1084 4010 comminisler.

553 4047 635 4101 Ad
658 4048 890 4119 reliquos
913 4064 1033 4102 vero
1061 4049 1428 4118 metropolitas
1478 4058 1527 4105 et
1579 4050 1813 4107 ecclesia
1853 4050 2065 4123 Magna:

479 4154 719 4207 proceres
748 4140 825 4194 ita
851 4139 1093 4195 scribunt
1140 4142 1263 4211 ipsi,
1299 4153 1359 4196 ut
1403 4144 1566 4198 etiam
1609 4143 2064 4216 Constantinopo-

484 4232 708 4287 litanus.

555 4408 658 4462 Hic
688 4423 806 4463 vero
854 4407 910 4463 in
947 4406 1303 4478 pugillaribus
1347 4407 1417 4461 ad
1464 4416 1681 4463 ceteros
1726 4409 2067 4477 patriarchas

2165 3523 2367 3587 Ὅπως
2416 3518 2486 3573 δὲ
2540 3516 2881 3589 ’γράφουσιν
2919 3518 2975 3569 οι
3042 3514 3223 3589 ἄλλοι
3280 3509 3638 3580 πατριάρχαι
3679 3505 3766 3573 τῷ

2591 3586 3308 3649 Κωνσταντινουπόλεως.

2236 3680 2629 3750 Παναγιὼτατε
2668 3679 2926 3743 δέσποτα,
2968 3676 3368 3748 ἀρχιεπίσκοπε
3400 3673 3750 3725 Κωνσταντι-

2165 3775 2482 3837 νουπόλεως
2503 3772 2632 3836 νέας
2660 3770 2905 3841 Ῥώμης,
2924 3770 3020 3822 καὶ
3041 3765 3391 3838 οἰκουμενικὲ
3422 3764 3764 3833 πατριάρχα,

2165 3869 2224 3921 ὲν
2260 3866 2401 3937 ἁγίῳ
2442 3864 2722 3936 Πνεύματι
2758 3862 3005 3917 θειότατε
3048 3861 3144 3915 καὶ
3181 3860 3529 3914 ποθεινότατε
3565 3856 3767 3925 ἁδελφὲ

2167 3957 2263 4011 καὶ
2290 3953 2706 4026 συλλειτουργέ.

2241 4046 2399 4115 Πρὸς
2435 4045 2504 4099 δὲ
2559 4044 2706 4111 τοὺς
2760 4044 2990 4109 ἄλλους
3040 4041 3274 4108 πάντας
3314 4038 3767 4111 μητροπολίτας

2166 4138 2268 4193 καὶ
2334 4137 2478 4205 τοὺς
2532 4136 2831 4207 ἄρχοντας
2909 4134 3022 4205 τῆς
3083 4135 3367 4205 Μεγάλης
3432 4130 3766 4199 ἐκκλησίας

2168 4230 2325 4285 οὕτω
2352 4227 2655 4299 γράφουσι
2690 4226 2793 4281 καὶ
2843 4225 3015 4280 αὐτοὶ
3061 4225 3143 4291 ὡς
3184 4224 3282 4278 καὶ
3317 4226 3349 4277 ὀ
3387 4226 3769 4277 Κωνσταντι-

2168 4324 2543 4388 νουπόλεως.

2257 4413 2319 4466 '0
2338 4411 3046 4477 Κωνσταντινουπόλεως
3073 4409 3143 4462 δὲ
3162 4406 3473 4478 ἐπιγράφει
3499 4406 3575 4461 τὰ
3600 4403 3755 4473 πρὸς

484 4502 656 4571 primo
691 4500 874 4555 scribit
902 4518 1092 4557 nomen
1130 4501 1279 4557 illius
1332 4500 1401 4557 ad
1448 4518 1602 4573 quem
1662 4504 1868 4570 scribit,
1907 4512 1958 4559 et
2014 4505 2063 4558 in

2173 4505 2409 4569 ἄλλους
2436 4502 2825 4573 πατριάρχας
2851 4502 3133 4555 πιττάκια
3152 4517 3167 4532 ·
3203 4498 3444 4568 πρῶτον
3476 4497 3585 4551 τοῦ
3616 4495 3773 4565 πρὸς

489 4594 604 4649 alia
631 4603 785 4664 parte
815 4609 993 4649 suum.
1462 4572 1469 4573 ⁷

2174 4599 2248 4654 ὃν
2300 4596 2512 4668 γράφει
2541 4572 2703 4665 ,καὶ
2762 4596 2832 4650 ἐν
2875 4592 2959 4660 τῷ
3007 4594 3177 4659 ᾶλλῳ
3217 4591 3384 4663 μέρει
3428 4592 3497 4645 τὸ
3545 4587 3769 4645 οἰκεῖον

2170 4692 2382 4761 ὄνομα.

562 4798 713 4866 Papa
745 4814 866 4853 vero
900 4798 1045 4868 prius
1068 4796 1279 4868 quidem
1306 4796 1565 4853 scribebat
1582 4799 1717 4853 sicut
1743 4797 1896 4852 modo
1926 4798 2063 4857 Con-

2252 4783 2314 4836 Ὀ
2335 4781 2404 4837 δὲ
2423 4781 2629 4848 πάπας
2651 4779 2888 4849 πρῶτον
2903 4777 3022 4850 μὲν
3033 4777 3314 4849 ἔγραφεν,
3332 4775 3414 4842 ὡς
3428 4775 3547 4829 νῦν
3562 4775 3768 4877 διςων-

490 4867 1004 4959 stantinopolitanus
1034 4889 1103 4943 ad
1140 4889 1371 4959 reliquos
1398 4903 1417 4943 :
1445 4890 1522 4944 sic
1542 4891 1703 4943 etiam
1727 4890 1816 4944 ille
1841 4889 1909 4943 ad
1935 4890 2063 4944 hunc

2172 4875 2739 4940 σταντινουπόλεως
2764 4872 2891 4939 τοῖς
2922 4870 3141 4938 ἀλλοις
3160 4887 3175 4902 ο
3213 4870 3367 4923 οὕτω
3398 4867 3499 4923 καὶ
3535 4867 3769 4931 ἐκεῖνος

490 4991 540 5034 et
567 4989 818 5045 cceteros;
847 4997 984 5035 nunc
1030 4996 1149 5035 vero
1195 4981 1334 5036 male
1378 4981 1582 5046 scribit,
1626 4998 1731 5036 non
1777 4983 1917 5035 enim
1962 4981 2063 5035 ulla

2175 4967 2328 5038 πρὸς
2372 4965 2592 5021 τοῦτον
2630 4965 2731 5019 καὶ
2778 4964 2930 5033 πρὸς
2958 4964 3191 5028 ἄλλους
3210 4977 3228 4994 ·
3258 4960 3375 5015 νῦν
3403 4958 3473 5013 δὲ
3526 4958 3725 5024 κακῶς
3744 4968 3765 4995 ⁸

496 5073 651 5127 modo
679 5074 732 5126 in
760 5074 948 5127 litteris
975 5074 1342 5141 patriarcham
1394 5075 1633 5127 nominat
1662 5090 1680 5129 :
1707 5075 1870 5128 mittit
1905 5082 2063 5128 auten

2180 5058 2430 5128 γράφει·
2475 5057 2619 5112 οὐδὲ
2650 5058 2761 5127 γὰρ
2796 5056 2953 5122 ὅλως
2994 5054 3206 5124 γράφει
3250 5051 3441 5107 αὑτὸν
3485 5051 3771 5141 πατριάρ-

495 5166 728 5236 sigillum
759 5140 1083 5233 plumbeum,
1129 5165 1267 5236 quod
1318 5165 1497 5220 cieteri
1550 5166 1877 5234 patriarchw
1934 5165 2063 5219 nulli

2183 5165 2335 5219 χην’
2390 5147 2608 5218 πέμπει
2663 5147 2732 5200 δὲ
2801 5146 3323 5216 μολιόόϐουλλον’
3375 5144 3432 5196 οἱ
3482 5141 3552 5195 δὲ
3591 5140 3773 5194 ἄλλοι

444 5292 447 5303 .
500 5256 653 5311 modo
681 5255 911 5325 faciunt,
937 5257 1091 5325 cujus
1141 5257 1404 5309 rationem
1460 5254 1671 5326 ignoro,
1703 5257 1881 5327 sigilla
1910 5264 2063 5310 tamet

2184 5240 2541 5311 πατριάρχαι
2580 5241 3035 5310 μολιὸόϐουλλα
3087 5236 3214 5291 οὐδ’
3259 5236 3415 5301 ὅλως
3466 5232 3771 5294 ποιοῦσιν,

498 5367 691 5422 magna
713 5367 860 5404 cerea
895 5349 1121 5418 faciunt.

2186 5337 2297 5389 οὐκ
2348 5331 2481 5389 οἶδα
2525 5331 2672 5400 πῶς,
2711 5333 2995 5400 βούλλας
3037 5330 3104 5384 δὲ
3142 5328 3414 5401 μεγάλας
3468 5328 3619 5397 μετὰ
3664 5341 3773 5392 κη-

2210 5445 2317 5482 κου.

2180 5447 2215 5496 ρ
2359 5520 2562 5586 Ὅπως
2588 5518 2799 5589 γράφει
2839 5518 2872 5571 ὁ
2906 5512 3282 5584 πατριάρχης
3314 5510 3391 5576 τῷ
3413 5507 3603 5576 πάπᾳ.

2261 5613 2352 5682 Τῷ
2387 5613 2792 5687 μακαριωτάτῳ
2821 5610 3062 5682 δεσπότῃ
3101 5606 3179 5679 τῷ
3219 5605 3382 5675 πάπᾳ
3425 5602 3601 5673 κυρίῳ
3634 5598 3776 5670 οὑρ-

690 5525 966 5591 Quomodo
994 5526 1178 5581 scribit
1213 5526 1529 5594 patriarcha
1563 5527 1631 5580 ad
1662 5542 1879 5596 papam.

563 5614 891 5673 Beatissuno
914 5616 1135 5674 domino
1164 5632 1338 5689 papas,
1374 5618 1599 5673 domino
1623 5617 1847 5673 Urbano
1868 5632 2084 5672 summo

1804 5746 2035 5805 VARIA‘I
2073 5747 2478 5809 LECTIONES.

569 5857 591 5885 '
632 5855 767 5924 Περῖ
798 5852 999 5915 πιττακ
1023 5881 1098 5918 ων
1118 5865 1465 5937 Βασιλίσσης.
1538 5874 1560 5904 ⁵
1587 5868 1891 5925 correctius
1924 5867 2073 5940 leges
2101 5866 2323 5939 ἑτέρως.
