4084 6458
393 386 498 448 417

1083 389 1130 446 Α
1169 386 1416 448 LEONE
1455 386 1820 447 SAPIENTE
1861 386 1958 444 AD
1980 387 2485 450 ANDRONICUM
2530 391 2955 450 PAL/EOLOG.

3552 393 3661 454 418

395 501 547 571 ϐανῷ
587 500 742 572 ἄκρῳ
797 501 1048 572 ἀρχιερεῖ
1084 501 1392 570 ἀξιωτάτῳ,
1431 502 1624 565 Νεῖλος
1679 502 1813 573 ἐλέῳ
1845 502 1969 555 Geo!

2087 504 2333 573 pontifici
2369 505 2721 576 dignissimo,
2776 507 2932 564 Nilus
2980 510 3335 566 miseratione
3359 509 3542 567 divina
3567 528 3660 568 ar-

393 591 825 662 ἁρχιεπίσκοπος
874 591 1492 653 Κωνσταντινουπόλεως
1555 590 1678 654 νέας
1723 589 1963 661 Ῥώμης,

394 682 494 737 καὶ
529 681 910 751 οἱκουμενικδς
939 682 1309 752 πατριάρχης.

478 773 577 823 Ἐν
610 770 692 836 τῷ
721 771 903 823 τέλει’
944 771 1201 841 Ἐρρωσο
1260 771 1319 822 ὲν
1349 770 1558 840 Κυρίῳ,
1593 769 1976 840 μακαριώτατε

393 863 654 916 δέσποτα.

643 954 848 1018 Ὅπως
882 951 1093 1021 πράφει
1129 950 1210 1016 τῷ
1256 951 1725 1022 Ἀλεξανδρείας.

471 1045 772 1112 Ἀγιώτατε
811 1043 1050 1096 δέσποτα
1072 1044 1251 1107 πὰπα,
1295 1045 1388 1096 καὶ
1431 1044 1744 1114 πατριάρχα
1781 1043 1968 1108 Ἀλεξ-

393 1138 642 1207 ανδρείας
697 1137 792 1190 καὶ
863 1135 1043 1206 πάσης
1080 1136 1381 1203 Αἰγύπτου,
1437 1137 1846 1201 Πενταπόλεως,
1879 1139 1973 1189 Λι-

393 1230 530 1299 ϐύης
566 1228 660 1282 καὶ
692 1226 1001 1293 Αἰθιοπίας,
1032 1229 1089 1280 ὲν
1125 1227 1264 1297 ἁγίῳ
1294 1227 1574 1298 Πνεύματι
1622 1228 1970 1281 ποθεινότατε

392 1321 588 1388 ἁδελφὲ
624 1319 718 1372 καὶ
747 1319 1152 1389 συλλειτουργὲ,
1190 1318 1424 1390 εὔχομαι
1452 1319 1530 1387 τῷ
1559 1318 1680 1390 Θεῷ
1712 1319 1975 1388 ὑγιαίνειν

393 1413 491 1481 τὴν
529 1411 839 1482 ἁγιωσύνην
896 1428 990 1463 σου
1051 1412 1146 1464 καὶ
1200 1411 1549 1483 σωματικῶς,
1582 1414 1663 1474 εἰς
1717 1411 1975 1464 σύστασιν

393 1504 488 1556 καὶ
527 1503 797 1571 ὠφέλειαν
820 1502 914 1555 τοῦ
961 1503 1053 1556 ὑπ’
1100 1503 1270 1574 αὐτὴν
1313 1503 1696 1575 χριστωνύμου
1750 1503 1974 1574 πληρώ-

395 1611 590 1662 ματος.

462 1685 573 1737 Καὶ
604 1683 674 1736 ἐν
699 1682 778 1749 τῷ
813 1682 994 1738 τέλει’
1025 1682 1282 1755 Ἔρρωσο
1338 1687 1396 1740 ὲν
1426 1685 1637 1758 Κυρίῳ,
1690 1684 1973 1755 μακαριώ-

391 1793 522 1829 τατε
549 1776 806 1830 δέσποτα.

695 1870 900 1936 Ὅπως
936 1869 1148 1940 γράφει
1176 1869 1256 1936 τῷ
1290 1870 1667 1940 Ἀντιοχείας.

475 1963 774 2030 Ἀγιὼτατε
793 1963 1032 2016 δέσποτα
1052 1964 1397 2034 πατριάρχα,
1429 1964 1779 2026 Θεουπόλεως
1796 1962 1968 2033 μεγά-

389 2056 488 2125 λης
522 2056 850 2126 Ἀντιοχείας
886 2057 980 2109 καὶ
1000 2057 1183 2127 πάσης
1213 2057 1528 2126 Ἀνατολῆς,
1557 2059 1614 2109 ὲν
1646 2059 1786 2126 ἁγίῳ
1804 2053 1972 2110 Πνεύ-

393 2165 526 2219 ματι
559 2147 917 2200 ποθεινότατε
938 2146 1132 2216 άδελφὲ
1159 2149 1253 2201 καὶ
1289 2147 1685 2218 συλλειτουργέ.

665 2237 870 2302 Ὅπως
891 2234 1099 2305 γράφει
1133 2236 1210 2301 τῷ
1243 2236 1687 2304 Ἰεροσολύμων.

473 2327 771 2396 ’Δγιὼτατε
829 2329 1068 2382 δέσποτα
1122 2327 1536 2396 Ἰεροσολύμων,
1585 2327 1746 2394 ἁγίας
1807 2325 1966 2392 Σιὼν,

398 2420 613 2490 Συρίας,
655 2419 916 2491 Ἀραϐίας
966 2420 1142 2490 πέραν
1170 2418 1461 2490 Ἰορδάνου,
1495 2420 1654 2472 Κανᾶ
1682 2419 1778 2488 τῆς
1807 2419 1970 2473 Γαλι-

391 2511 570 2573 λαίας,
611 2511 706 2564 καὶ
741 2511 921 2576 πάσης
952 2511 1051 2580 τῆς
1098 2511 1485 2580 Παλαιστίνης,
1522 2513 1579 2563 ἐν
1623 2512 1762 2582 ἁγίῳ
1795 2511 1970 2566 Πνεύ-

387 2618 524 2669 ματι
550 2600 898 2654 ποθεινότατε
933 2601 1130 2670 ἀδελφὲ
1147 2602 1243 2654 καὶ
1278 2601 1683 2672 συλλειτουργέ.

542 2692 747 2758 Ὅπως
780 2691 990 2762 γράφει
1023 2691 1101 2757 τῷ
1133 2692 1469 2760 πατριάρχῃ
1497 2693 1816 2760 Τορνόϐου.

467 2782 769 2851 Ἀγιώτατε
808 2785 1124 2855 πατριάρχα
1157 2785 1426 2855 Τορνόϐου
1457 2785 1553 2838 καὶ
1582 2786 1765 2856 πάσης
1802 2785 1968 2839 Βουλ-

383 2875 584 2946 γαρίας
613 2919 630 2940 ,
681 2877 740 2928 ὲν
795 2875 938 2946 ἁγίῳ
993 2875 1274 2946 Πνεῦματι
1315 2877 1568 2946 άγαπητὲ
1618 2875 1816 2945 ἀδελφὲ
1868 2877 1969 2947 τῆς

384 2967 544 3036 ἡμῶν
583 2967 943 3037 μετριότητος
974 2967 1070 3020 καὶ
1106 2966 1518 3039 συλλειτουργὲ.

874 3059 1032 3126 Πρὸς
1061 3058 1169 3111 τὸν
1194 3059 1481 3112 Ιιεσκίου.

467 3149 771 3216 Ἀγιῶτατε
806 3149 1206 3219 ἀρχιεπίσκοπε
1230 3150 1468 3203 Πεσκίου
1497 3149 1594 3202 καὶ
1624 3150 1806 3222 πάσης
1834 3151 1969 3223 Σερ-

384 3237 530 3303 ὃίας,
559 3241 616 3292 ὲν
653 3239 793 3308 ἁγίῳ
825 3237 1104 3307 Πνεῦματι
1147 3239 1399 3308 ἀγαπητέ
1431 3239 1472 3292 ι.

775 3332 932 3397 Πρὸς
965 3330 1073 3383 τὸν
1106 3328 1573 3398 Ἰουστινιανῆς.

457 3422 862 3488 Μακαριὼτατε
913 3423 1315 3493 ἀρχιεπίσκοπε
1359 3423 1457 3492 τῆς
1488 3421 1710 3492 πρώτης
1745 3422 1968 3477 Ίουστι-

382 3515 574 3582 νισνῆς
615 3513 877 3583 Ἀχριδῶν
935 3513 1032 3566 καὶ
1080 3513 1264 3582 πάσης
1297 3513 1659 3582 Βουλγαρίας,
1712 3515 1768 3566 ὲν
1826 3515 1966 3584 ἁγίῳ

383 3603 666 3674 Πνεύματι
721 3605 972 3675 άγαπητὲ
1040 3605 1239 3674 ἁδελφὲ
1295 3605 1395 3673 τῆς
1453 3605 1614 3674 ἡμῶν
1674 3605 1966 3675 μετριότη-

379 3710 494 3758 τος.

861 3788 1014 3856 Πρὸς
1053 3788 1162 3841 τὸν
1204 3788 1484 3856 Ἰϐηρίας.

450 3877 858 3948 Μακαριὼτατε
895 3880 1293 3948 άρχιεπίσκοπε
1318 3879 1576 3932 καθολικὲ
1616 3877 1798 3948 πάσης
1826 3878 1964 3950 ’16η-

381 3967 526 4038 ρίας,
572 3970 629 4022 ὲν
665 3969 744 4039 τῷ
807 3969 948 4039 ἁγίῳ
994 3968 1275 4039 Πνεύματι
1321 3968 1572 4039 ἁγαπητὲ
1622 3966 1819 4037 ἀδελφὲ
1861 3968 1959 4039 τῆς

384 4060 539 4131 ημῶν
573 4061 949 4132 μετριότητος.
1850 4075 1860 4086 ⁸

465 4152 572 4206 Ἐν
597 4150 677 4216 τῷ
703 4152 882 4206 τέλει’
920 4154 1170 4224 Ἔρρωσο
1238 4153 1295 4205 ὲν
1325 4152 1536 4222 Κυρίῳ,
1573 4150 1843 4220 άγιὼτατε
1871 4150 1958 4204 δέ-

381 4258 576 4307 σποτα,
601 4242 852 4312 άγαπητὲ
882 4242 1077 4311 ἁδελφὲ
1107 4241 1200 4294 καὶ
1234 4239 1638 4310 συλλειτουργέ.

2079 595 2462 667 chiepiseopus
2521 597 3058 668 Constantinopolis,
3115 616 3273 657 nova:
3318 601 3554 671 Romae,
3604 615 3661 659 et

2079 688 2463 744 meumenieus
2493 688 2828 757 patriarcha.

2147 776 2212 832 In
2231 778 2378 847 ﬁne:
2407 777 2538 835 Vale
2568 781 2623 833 in
2654 778 2909 845 Domino,
2940 780 3254 838 beatissime
3272 783 3514 840 domine.

2327 956 2604 1022 Quomodo
2632 959 2814 1010 scribit
2842 959 2910 1011 ad
2941 961 3388 1016 Alexandrinum.

2149 1045 2511 1100 Sanctissime
2543 1047 2762 1100 domine
2794 1063 2954 1117 papa,
2986 1057 3040 1102 et
3071 1051 3381 1118 patriarcha
3415 1052 3656 1108 Alexan-

2075 1134 2207 1187 dria:
2259 1142 2312 1187 et
2376 1135 2547 1189 totius
2616 1133 2876 1205 Egypli,
2937 1134 3288 1206 Pentapolis,
3368 1135 3549 1209 Libyae
3603 1150 3658 1195 et

2077 1223 2394 1293 Aithiophe,
2430 1225 2482 1278 in
2512 1236 2704 1281 sancto
2742 1225 2948 1296 Spiritu
2981 1229 3456 1286 desideratissime
3483 1231 3660 1287 frater

2075 1325 2125 1369 et
2154 1317 2553 1380 comminister.
2603 1332 2798 1386 precor
2872 1317 3041 1373 Deum
3103 1322 3448 1377 sanctitatem
3505 1331 3656 1378 tuam

2075 1407 2212 1462 bene
2238 1409 2442 1473 valere,
2493 1408 2659 1462 etiam
2704 1411 3094 1478 corporaliter.
3131 1410 3201 1464 ad
3235 1413 3555 1481 praesidium
3601 1423 3658 1468 et

2075 1499 2366 1555 utilitatem
2399 1500 2702 1556 Christiani
2733 1513 2911 1558 cretus
2950 1502 3044 1573 qui
3076 1502 3181 1558 sub
3209 1504 3323 1574 ipsa
3363 1512 3470 1559 est.

2146 1677 2216 1731 Et
2246 1679 2300 1731 in
2330 1679 2481 1748 ﬁne:
2521 1678 2652 1736 Vale
2691 1681 2743 1734 in
2773 1679 3024 1746 Domino,
3062 1647 3378 1739 beatissime
3413 1686 3654 1741 domine.

2340 1871 2616 1938 Quomodo
2642 1873 2828 1928 scribit
2865 1877 2937 1929 ad
2982 1878 3388 1936 Antiochenam.

2145 1957 2505 2016 Sanctissime
2563 1963 2808 2028 domine,
2862 1967 3172 2035 patriarcha
3229 1971 3467 2027 civitatis
3545 1971 3637 2027 Dei

2071 2065 2284 2120 magnae
2338 2051 2650 2108 Antiochiae
2706 2064 2760 2111 et
2812 2058 2983 2114 t0tius
3038 2057 3304 2127 Orientis,
3349 2065 3403 2117 in
3459 2073 3653 2120 sancto

2074 2140 2286 2212 Spiritu
2313 2142 2786 2201 desideratissime
2818 2145 2989 2203 frater
3033 2158 3089 2204 et
3117 2153 3518 2210 comminister.

2247 2228 2525 2295 Quomodo
2573 2233 2754 2286 scribit
2796 2236 2866 2287 ad
2896 2235 3468 2309 llierosolymitauum.

2148 2318 2512 2376 Sanetissime
2567 2323 2787 2379 domine
2837 2328 3375 2400 Hierosolymorum,
3446 2343 3650 2389 sancta

2074 2409 2231 2478 Sion,
2291 2411 2484 2484 Syriae,
2540 2416 2753 2471 Arabiae
2787 2427 2939 2474 trans
2965 2418 3285 2489 Iordanem,
3322 2424 3470 2478 Cana
3502 2423 3653 2480 Gali-

2073 2501 2206 2566 laete,
2258 2510 2311 2556 et
2356 2504 2520 2557 totius
2554 2502 2881 2570 Palaestinae,
2916 2507 2968 2561 in
3009 2519 3200 2564 sancto
3250 2511 3456 2582 Spiritu
3508 2513 3653 2569 desi-

2069 2588 2414 2644 deratissime
2442 2589 2607 2645 frater
2635 2600 2689 2646 et
2717 2595 3110 2652 comminister.

2226 2680 2502 2745 Quomodo
2528 2683 2712 2737 scribit
2748 2687 2817 2740 ad
2852 2691 3214 2757 patriarcltam
3245 2691 3496 2748 Tomobi.

2137 2771 2497 2828 Sanctissime
2557 2777 2872 2844 patriarcha
2917 2778 3159 2836 Toruobi
3210 2792 3264 2836 et
3318 2785 3488 2842 totius
3519 2785 3654 2842 Bul-

2071 2863 2256 2930 gariae,
2282 2864 2335 2915 in
2369 2873 2566 2920 sancto
2599 2866 2809 2935 Spiritu
2848 2869 3049 2926 dilecte
3091 2873 3261 2930 frater
3299 2886 3503 2932 nostra:
3543 2895 3654 2936 me-

2073 2951 2381 3008 diocritatis
2407 2963 2463 3009 et
2491 2959 2897 3015 comminister.

2546 3052 2630 3105 Ad
2661 3057 2945 3120 praesulem
2986 3056 3183 3113 Pescii.

2147 3133 2512 3194 Sanetissime
2559 3142 2976 3216 archiepiscope
3023 3145 3197 3204 Pescii
3238 3159 3293 3205 et
3325 3151 3495 3210 totius
3521 3153 3652 3212 Ser-

1995 3221 2038 3280 C
2073 3224 2194 3291 viae,
2222 3227 2276 3281 in
2310 3239 2504 3284 sancto
2532 3230 2737 3301 Spiritu
2764 3235 2986 3292 dilecte.

2385 3321 2470 3374 Ad
2493 3325 2944 3395 archiepiscOpum
2981 3327 3326 3391 Justitrianw.

2136 3406 2460 3464 Beatissime
2473 3413 2886 3483 archiepiscope
2906 3416 3094 3483 prince
3108 3417 3436 3473 Justiniana:
3451 3420 3650 3476 Achri-

2067 3495 2197 3550 dum
2232 3507 2300 3552 et
2323 3502 2494 3556 totius
2538 3501 2826 3572 Bulgaria,
2877 3506 2930 3558 in
2965 3515 3158 3562 sancto
3194 3507 3406 3579 Spiritu
3447 3509 3650 3567 dilecte

2067 3585 2237 3640 frater
2275 3596 2478 3643 nostra:
2509 3591 2927 3649 mediocritatis.

2449 3791 2532 3843 Ad
2561 3793 3014 3864 archiepiscopum
3057 3797 3270 3854 Iberiw.

2140 3880 2467 3938 Beatissime
2553 3887 3005 3959 archiepiscope,
3072 3893 3402 3950 universalis
3479 3897 3648 3954 totius

2069 3971 2260 4028 lberiae
2284 3975 2336 4028 in
2365 3987 2556 4032 sancto
2591 3976 2801 4049 Spiritu
2851 3981 3050 4038 dilecte
3099 3983 3269 4040 frater
3310 3997 3519 4042 nostra:
3535 4002 3649 4044 me-

2067 4065 2401 4122 diocritatis.

2140 4155 2201 4208 In
2234 4159 2339 4225 ﬁne
2364 4175 2383 4212 :
2416 4158 2551 4216 Vale
2590 4162 2642 4216 in
2694 4162 2950 4230 Domino,
3012 4167 3362 4226 sanctissime
3403 4169 3644 4240 domine,

2067 4243 2266 4302 dilecte
2305 4247 2472 4305 frater
2500 4260 2555 4307 et
2579 4254 2984 4313 comminister.

1659 4394 1894 4451 VARUE
1934 4394 2341 4458 LECTIONES.

458 4496 475 4530 ι
513 4492 726 4547 Addunt
749 4495 858 4548 alia
883 4493 1009 4564 Reg.
1033 4494 1252 4564 ἀδελφέ.

728 5862 1000 5922 ίἈπιοι.
1043 5861 1159 5920 tin.
1205 5862 1386 5924 CVII.

3205 5849 3280 5912 H
