4048 6442
427 406 534 469 423

1694 400 1881 458 [ΕΘΝ
1892 400 1964 458 IS
2004 400 2464 460 PHILOSOPHI

3587 399 3690 461 424

434 517 815 585 neci-signum
853 512 1018 566 rebus
1074 507 1393 561 mortalium
1452 506 1647 561 inferri
1701 508 2006 562 detrimen-

2111 510 2508 563 πεττευόντων.
2546 507 2848 578 Τοιγαροῦν
2876 507 2976 559 οὐκ
3006 506 3153 571 ἀξιον
3185 506 3431 578 παριδεῖν
3466 509 3692 578 κρίνα-,-

432 618 547 662 ιιιηι
575 605 877 673 conlingat,
937 600 1065 655 aliis
1106 614 1240 653 cum
1273 599 1399 654 aliis
1437 601 1816 665 commutatis,
1865 603 2009 657 talo-

433 712 664 766 rumque
690 694 859 764 (8-10)
895 694 1073 747 instar
1100 692 1205 745 huc
1233 691 1363 745 illuc
1388 693 1607 745 ltemere
1637 692 2006 749 volventibus.

436 790 557 843 Illas
590 790 775 857 itaque
806 800 915 849 res,
953 800 1016 838 ex
1042 798 1279 853 quarum
1309 781 1608 850 tranquillo
1637 792 1691 837 et
1710 784 2008 854 impertur-

434 882 560 932 hato
581 886 726 932 statu
759 878 911 931 salus
940 875 1255 943 reipublica:
1289 873 1584 943 dependet,
1615 875 1671 928 in
1702 882 1855 929 tanta
1876 891 2009 931 con-

432 972 650 1027 fusione
715 966 1238 1038 perturbationeque
1265 965 1499 1023 versari.
1561 964 1847 1036 indignum
1913 982 2009 1021 ne-

428 1065 610 1135 glectu
642 1046 768 1127 rati,
818 1074 981 1130 quam
1062 1058 1476 1113 accuratissima
1510 1058 1643 1128 legis
1673 1059 2012 1128 inspectione

431 1170 497 1209 ac
516 1152 965 1208 consideratione
992 1150 1201 1220 dignati
1242 1165 1473 1204 sumus:
1500 1159 1556 1205 et
1584 1166 1725 1219 quas
1757 1152 2010 1207 obtinere

429 1243 775 1301 conducibile
842 1242 959 1297 lore
1031 1241 1545 1305 animadvertimus,
1616 1243 1723 1298 illis
1770 1243 2010 1306 selectis.

431 1338 640 1407 scripto
668 1334 779 1406 (ll)
806 1334 1176 1403 imperatoria)
1209 1345 1413 1387 nostra:
1440 1334 1747 1402 majestatis
1784 1335 2013 1389 decreto

434 1432 488 1484 in
526 1428 806 1495 republica
865 1425 1248 1479 auctoritatem
1315 1426 1803 1479 confirmavimus:
1842 1436 2013 1494 utque

433 1517 842 1572 controversias
893 1515 1282 1584 dijudicarent,
1338 1515 1566 1584 insuper
1625 1516 1790 1569 etiam
1844 1515 2011 1570 scivi-

437 1625 560 1662 mus
588 1626 601 1661 τ
628 1623 765 1675 quas
787 1622 915 1660 vero
970 1606 1189 1658 inutiles
1214 1604 1606 1673 jndicavimus,
1659 1605 1851 1659 harum
1880 1620 2015 1660 non-

440 1700 617 1752 nullas
668 1698 721 1750 in
765 1703 1084 1763 perpetuum
1144 1694 1420 1749 silentium
1463 1695 1766 1763 coniectas,
1796 1695 2015 1750 decreto

430 1797 487 1841 et
514 1789 660 1857 ipsas
678 1802 706 1838 a
734 1787 912 1855 legum
931 1786 1139 1837 honore
1168 1792 1330 1853 atque
1356 1784 1547 1839 ordine
1570 1786 1821 1839 exsulare
1838 1786 2013 1853 jussi-

2107 618 2203 665 τες
2234 602 2293 653 ὲν
2323 600 2559 671 τοσαύτῃ
2597 599 2856 670 συγχύσει
2898 599 2993 651 καὶ
3030 601 3243 669 ταραχῇ
3269 599 3531 667 φέρεσθαι
3552 593 3626 653 ὧν
3658 604 3690 670 ή

2110 694 2317 764 γαλήνη
2344 693 2441 747 καὶ
2474 692 2747 761 ἀταραξία
2777 693 2876 761 τῆς
2908 689 3181 749 πολιτείας
3214 691 3528 761 ἐξήρτηται,
3569 693 3691 743 ὲπι-

2113 784 2359 853 σκέψεώς
2386 800 2444 836 τε
2482 784 2557 847 ὡς
2608 776 2958 851 ἔνι’μάλτστα
2988 780 3425 852 ἐπιμελεστάτης
3454 784 3581 845 τοὺς
3610 785 3695 834 νό-

2110 893 2248 946 μους
2274 874 2609 945 ἠξιώσαμεν,
2638 876 2734 926 καὶ
2761 866 2835 926 ὧν
2864 872 3137 936 λυσιτελὲς
3170 873 3438 943 ὑπάρχειν
3464 875 3525 926 τὸ
3553 876 3695 943 κρά-

2109 984 2202 1030 τος
2270 968 2713 1037 κατενοήσαμεν,
2770 964 2976 1017 τούτων
3043 964 3272 1034 ἐκλογὴν
3335 965 3696 1035 ποιησάμενοι

2111 1055 2341 1125 δόγματι
2373 1056 2639 1125 ἐγγράφῳ
2686 1056 2786 1123 τῆς
2833 1052 3108 1122 βασιλείας
3159 1053 3315 1123 ήμῶν
3348 1053 3448 1124 τὴν
3487 1056 3567 1117 είς
3597 1057 3696 1125 τὴν

2113 1145 2389 1197 πολιτείαν
2421 1146 2605 1207 αὐτοῖς
2644 1144 2961 1215 παρρησίαν
3007 1144 3420 1216 ὲϐεϐαιώσαμεν
3452 1148 3548 1200 καὶ
3584 1151 3695 1209 τοῖς

2114 1237 2405 1307 πράγμασι
2435 1236 2646 1306 διαιτᾷν
2695 1235 3192 1306 ὲπεψηφισάμεθα⁴
3238 1236 3333 1300 οὒς
3366 1238 3422 1290 δὲ
3452 1238 3699 1305 ἔγνωμεν

2113 1327 2487 1396 ἀσυμφόρους,
2537 1325 2741 1379 τούτων
2769 1326 2843 1378 -δὲ
2891 1326 3001 1396 ἀρα
3044 1327 3220 1388 ὲνίους
3270 1326 3370 1394 μὲν
3414 1328 3507 1379 καὶ
3544 1329 3699 1381 αὐτοὶ

2106 1419 2343 1486 δόγματι
2370 1418 2469 1485 τῆς
2498 1417 2606 1470 τῶν
2632 1417 2813 1487 νόμων
2839 1417 3007 1487 τιμῆς
3055 1418 3150 1469 καὶ
3178 1416 3386 1481 τάξεως
3423 1417 3700 1486 ἐξωστραι

2112 1511 2372 1580 κίσαμεν,
2405 1512 2485 1573 εἰς
2513 1510 2673 1580 σιγὴν
2700 1508 2927 1580 διηνεκῆ
2961 1509 3373 1574 συνελάσαντες,
3402 1503 3479 1561 ὧν
3507 1509 3565 1562 δὲ
3590 1510 3700 1561 οὐδ’

2114 1605 2193 1665 εἰς
2237 1603 2459 1673 μνήμην
2503 1602 2641 1666 ὅλως
2696 1601 3064 1671 κατέστημεν,
3118 1601 3207 1655 διά
3250 1603 3350 1671 τῆς
3391 1602 3701 1671 ἀμνηστίας

2115 1694 2210 1748 καὶ
2249 1694 2448 1756 αὐτοὺς
2488 1693 2887 1764 παραπλησίως
2931 1691 3164 1755 ἐκείνοις
3192 1690 3701 1761 συνεξωστρακίσα-

2119 1802 2238 1854 μεν.
2286 1785 2441 1838 Ἐπεὶ
2486 1785 2546 1838 δὲ
2595 1786 2690 1837 καὶ
2732 1786 2790 1837 ὲν
2837 1786 2960 1847 ταῖς
3004 1783 3334 1854 κρατούσαις
3386 1783 3701 1854 συνηθείαις

432 1892 556 1930 inus
590 1894 603 1928 ε
639 1889 871 1943 quarum
913 1885 1092 1926 autem
1136 1873 1343 1926 nullum
1396 1888 1624 1941 prorsus
1675 1874 2007 1929 mentionem

2116 1850 2391 1946 iqadv'qadv
2418 1892 2564 1937 τινες
2589 1875 2651 1927 οὐ
2684 1875 3009 1944 παράλογοι,
3046 1850 3169 1928 οὐδὲ
3200 1874 3450 1927 τοιαῦται
3482 1850 3599 1936 aia;
3634 1874 3701 1927 ἂν

432 1967 689 2032 fecimus,
731 1966 830 2020 has
859 1967 1046 2031 etiam,
1079 1964 1183 2018 hoc
1210 1965 1328 2034 ipso
1356 1965 1502 2034 quod
1542 1980 1731 2020 earum
1764 1983 1870 2020 non
1898 1982 2012 2023 nte-

430 2059 780 2122 minerimus,
803 2057 960 2125 juxta
992 2063 1157 2124 atque
1185 2055 1310 2109 illas
1345 2055 1398 2109 in
1427 2057 1683 2112 exsilium
1724 2056 2009 2125 cjecimus.

432 2150 677 2219 Denique
708 2148 968 2219 quoniam
1003 2155 1057 2201 et
1102 2146 1248 2200 inter
1289 2159 1540 2216 receptas
1584 2147 2012 2203 consuetudines

432 2239 729 2292 nonnullas
781 2236 992 2289 ratione
1042 2248 1153 2286 non
1213 2232 1460 2299 destitui,
1526 2235 1775 2305 talesque
1834 2235 2026 2305 quales
2087 2236 2329 2305 prudens
2406 2238 2608 2307 aliquis
2672 2246 3193 2305 noncontemnat,
3253 2237 3515 2303 vidimus,

2117 1966 2241 2030 νοῦς
2277 1968 2495 2030 συνετὸς
2517 1967 2827 2034 ἀτιμάσειε,
2868 1968 2963 2020 καὶ
2985 1965 3189 2029 ταύτας
3216 1966 3386 2035 νόμου
3417 1964 3703 2036 προνομίῳ

2118 2056 2500 2127 τετιμηκότες,
2552 2056 2673 2110 ἀντὶ
2724 2056 2781 2109 δὲ
2834 2056 3123 2127 συνηθείας
3164 2056 3365 2125 ἀλόγου
3407 2056 3491 2119 είς
3532 2055 3704 2126 νόμου

2121 2146 2417 2217 πρόσταξιν
2446 2148 2543 2203 καὶ
2565 2147 2734 2219 τιμὴν
2756 2148 3129 2219 ἀνηγάγομεν.

3603 2236 3701 2290 has

432 2346 653 2400 quoque
713 2329 846 2399 legis
906 2326 1268 2397 praerogativa
1332 2327 1720 2395 bonestantes,
1788 2344 1853 2384 ex
1918 2328 2199 2399 inscripta:
2257 2330 2679 2385 consuetudinis
2729 2338 2882 2386 statu
2947 2330 3015 2384 ad
3080 2332 3215 2400 legis
3268 2333 3556 2402 imperium
3613 2337 3702 2385 at-

429 2441 539 2496 que
568 2425 829 2477 honorem
861 2421 1167 2474 evexituus.

491 2515 627 2570 Cum
656 2526 785 2581 ergo
811 2512 928 2564 haec
957 2511 1031 2563 ita
1066 2526 1095 2562 a
1142 2507 1301 2562 nobis
1335 2512 1649 2580 comparata
1702 2504 1845 2568 sint,
1881 2504 2017 2559 sciat

431 2608 669 2678 quisque
704 2602 872 2673 quod,
904 2616 1025 2670 qua:
1057 2601 1201 2669 leges
1224 2614 1316 2666 per
1350 2596 1614 2664 scriptqu
1654 2596 2019 2665 imperatoria:

435 2705 637 2751 ηοκιῑω
676 2693 989 2763 majestatis
1053 2691 1334 2745 decretum
1381 2688 1765 2741 auctoritatem
1820 2694 2012 2751 nactae,

432 2802 524 2842 aut
557 2803 679 2857 quae
707 2783 1141 2841 consuetudines
1199 2780 1335 2849 legis
1408 2778 1672 2848 dignitate
1737 2778 2018 2831 honoratae

432 2878 670 2943 fuerint,
730 2874 984 2931 batetin
1046 2871 1323 2942 republica
1378 2870 1727 2931 obtinebunt,
1766 2875 1822 2921 et
1878 2883 2015 2920 cou-

434 2969 733 3024 troversias
780 2968 834 3021 in
879 2982 937 3021 se
965 2977 1263 3034 suspensas
1299 2961 1576 3015 habebunt
1606 2977 1621 3026 ;
1675 2972 1796 3028 quae
1833 2967 2014 3011 autern

433 3061 504 3113 ab
540 3060 649 3113 illis
673 3060 729 3111 in
764 3056 1103 3110 contrarium
1142 3059 1398 3122 vergunt,
1427 3059 1520 3104 aut
1558 3052 1836 3103 mentione
1871 3064 2017 3102 sem-

443 3150 714 3218 piternam
768 3146 879 3201 illis
936 3144 1361 3199 taciturnitatem
1424 3140 1777 3210 injungente,
1809 3141 2015 3192 citravc

435 3239 579 3292 hanc
603 3238 768 3292 etiam
786 3243 857 3289 ἰιι
878 3250 998 3303 qua;
1019 3250 1144 3289 cum
1185 3232 1459 3302 despectis
1483 3232 1728 3300 ejusdem
1753 3230 2014 3284 conditio-

434 3327 523 3383 nis
586 3328 715 3391 sint,
751 3328 943 3381 eodem
1005 3328 1201 3377 decore
1253 3324 1429 3391 dignae
1492 3321 1691 3374 habita:
1740 3326 1889 3383 sunt,
1937 3320 2018 3372 ha:

431 3434 563 3474 vero
605 3419 805 3473 dehinc
859 3424 915 3470 et
971 3415 1185 3485 rejcetze
1244 3422 1299 3468 ct
1358 3427 1390 3466 a
1441 3411 1717 3483 republica
1802 3410 2018 3465 exsules

434 3522 599 3584 atque
626 3521 873 3566 θιῑοιτεδ
902 3516 1085 3564 01⁸11111..

958 3597 1427 3655 CONSTITUTIO
1459 3594 1500 3652 Ι.

436 3694 591 3762 Quod
635 3707 1074 3761 unumquemque,
1128 3692 1220 3760 qui
1271 3689 1555 3762 judic_andi
1593 3688 2006 3762 praerogativam

511 3765 792 3833 acceperit,
816 3760 1276 3833 quemadmodum
1290 3760 1551 3833 legalium
1601 3760 1957 3833 capitulorum
1982 3775 2014 3810 a

507 3829 654 3889 nobis
689 3829 902 3886 habitus
935 3831 1167 3885 delectus
1193 3829 1307 3899 (12)
1332 3830 1576 3881 statuerit
1613 3830 1862 3881 dirimere
1888 3843 2014 3899 cou-

511 3906 799 3958 troversias
827 3912 1093 3969 oporteat:
1129 3916 1245 3969 quae
1278 3898 1395 3953 vero
1429 3901 1563 3951 inter
1589 3901 1869 3969 reprobate
1898 3898 2012 3969 (l5)

503 3974 690 4027 habita
718 3967 867 4035 sunt,
888 3973 965 4025 uti
996 3987 1060 4025 ex
1084 3967 1200 4023 illis
1224 3970 1374 4023 nulla
1410 3970 1518 4023 litis
1544 3968 1867 4038 ambiguitas
1923 3967 2011 4019 di-

496 4046 789 4112 judicetur.

507 4133 564 4187 ln
622 4136 841 4186 nomine
885 4130 1005 4200 ejus
1056 4131 1147 4198 qui
1223 4128 1479 4181 universo
1532 4127 1770 4180 humano
1828 4124 2012 4195 generi

438 4226 715 4279 salutares
752 4225 900 4293 leges
938 4224 1086 4285 tulit,
1139 4221 1346 4275 Christi
1397 4221 1510 4273 veri
1550 4219 1639 4273 Dei
1670 4220 1875 4281 nostri,
1914 4220 2017 4272 lm-

441 4323 659 4383 perator
693 4300 879 4364 Caasar
922 4309 1148 4363 Flavius
1174 4307 1304 4372 Leo,
1362 4310 1517 4378 pius,
1561 4310 1709 4371 felix,
1751 4310 2011 4379 inclytus,

437 4406 637 4465 victor,
672 4402 1063 4472 triumphator,
1114 4400 1267 4454 onmi
1330 4415 1448 4453 aevo
1506 4401 1857 4463 venerabilis,
1898 4402 2011 4453 Au-

2192 2505 2408 2561 Τούτων
2434 2512 2564 2581 ήμτν
2596 2511 2766 2576 οὕτω,
2799 2513 3171 2585 διῳκημένων,
3196 2516 3327 2567 ἵστω
3357 2517 3465 2578 πᾶς
3493 2532 3599 2581 τις,
3623 2515 3703 2573 ὥς

2118 2597 2234 2652 ὅσοι
2293 2600 2391 2668 μὲν
2439 2601 2527 2655 διά
2582 2604 2676 2656 τοῦ
2739 2606 3019 2676 ἐγγράφου
3076 2605 3178 2675 τῆς
3225 2605 3499 2675 βασιλείας
3542 2606 3702 2677 ἡμῶν

2117 2689 2386 2759 δόγματος
2418 2691 2611 2746 ἔλαϐον
2638 2694 2805 2764 κῦρος
2836 2698 2991 2766 νόμοι
3025 2696 3057 2766 ἢ
3086 2698 3408 2767 τετίμηνται
3428 2696 3701 2765 ἀξιώματι

2118 2783 2285 2852 νόμου
2338 2785 2641 2854 συνήθειαι,
2694 2782 2841 2842 οὗτοι
2886 2789 2982 2841 καὶ
3030 2790 3439 2843 πολιτεύσονται
3485 2789 3581 2843 καὶ
3621 2791 3702 2851 εἰς

2118 2872 2343 2937 ἑαυτοὺς
2388 2876 2742 2946 ἀνηρτημένα
2781 2878 2849 2931 τά
2884 2879 3186 2948 πράγματα
3214 2881 3457 2945 ’ἕξουσινο
3499 2880 3615 2932 ὅσοι
3643 2878 3701 2934 δὲ

2119 2961 2255 3030 πρὸς
2269 2963 2593 3016 ’ἐναντίωσιν
2626 2966 2807 3029 αὐτοῖς
2850 2968 3249 3038 ἀποφερόμενοι
3288 2967 3320 3037 ἢ
3352 2968 3570 3037 μνήμης
3601 2968 3701 3036 τὴν

2116 3053 2362 3123 ἀφωνίαν
2398 3056 2583 3120 αὐτοῖς
2625 3058 2795 3110 ἀΐδιον
2834 3058 3198 3129 ὲπιϐαλοὺσης
3232 3055 3571 3125 ήξίωνται,ἦ
3606 3057 3704 3109 καὶ

2122 3148 2292 3216 χωρὶς
2320 3147 2525 3219 ταύτης
2557 3150 2631 3213 ὡς
2671 3151 2926 3220 ὁμότιμοι
2958 3150 3067 3203 τῶν
3096 3148 3464 3220 ήτιμωμένων
3490 3146 3703 3217 συνητί-

2121 3256 2351 3308 μωνται,
2377 3236 2525 3295 οὗτοι
2553 3242 2618 3312 δὴ
2655 3244 2749 3296 καὶ
2776 3243 3074 3314 ἀπόϐλητοι
3108 3243 3216 3297 ἀπὸ
3236 3242 3330 3296 τοῦ
3364 3241 3459 3296 νῦν
3488 3239 3584 3294 καὶ
3604 3237 3701 3293 τοῦ

2118 3330 2516 3403 πολιτεύματός
2544 3335 2686 3386 εἰσιν
2718 3334 3020 3406 ὐπερόριοι.

2684 3598 2996 3652 ΔΙΔΤΑΞΙΣ
3024 3595 3081 3651 A'
3112 3599 3154 3651 ‘.

2119 3686 2240 3740 Ὀτι
2270 3687 2389 3757 χρὴ
2421 3689 2619 3741 πάντα
2664 3690 2771 3742 τὸν
2805 3690 3034 3757 κρίνειν
3079 3690 3343 3743 λαϐόντα
3376 3688 3706 3757 προνόμιον

2187 3758 2383 3827 καθὼς
2412 3758 2452 3823 ἡ
2491 3759 2877 3827 ἐγκεκριμένη
2916 3760 3037 3813 τῶν
3069 3760 3332 3827 νομίμων
3358 3760 3705 3826 κεφαλαίων

2186 3826 2288 3897 ὑφ’
2342 3826 2787 3897 ἡμῶνέκλογνὴ
2857 3826 3231 3883 διατέτακται
3293 3829 3565 3881 διαλύειν
3629 3827 3705 3880 τὰ

2185 3896 2506 3965 ἀμφίϐολα,
2530 3897 2568 3951 ἁ
2595 3898 2664 3950 δὲ
2686 3898 2799 3966 τῆς
2822 3899 3146 3967 ἀποκρίτου
3176 3897 3399 3963 τάξεως
3434 3898 3701 3964 ἠξίωται,

2373 3968 2560 4021 ταῦτα
2595 3968 2897 4038 μηδεμίαν
2923 3968 3273 4023 διοικεῖσθαι
3314 3967 3487 4034 δίκης
3522 3968 3703 4035 ἀμφι-

2225 4055 2270 4089 o.
2301 4054 2421 4089 ίαν.

2225 4054 2421 4091 οΑιαν.

2198 4127 2285 4179 Ἐν
2314 4128 2538 4199 ὀνόματι
2567 4128 2660 4182 τοῦ
2700 4130 2867 4182 πᾶσιν
2900 4128 3213 4201 ἀνθρώποις
3238 4129 3704 4201 νομοθετήσαντος

2116 4220 2183 4272 τά
2214 4224 2457 4291 σωτήρια
2488 4223 2727 4293 Χριστοῦ
2761 4224 2855 4277 τοῦ
2886 4223 3144 4292 ἀληθινοῦ
3181 4224 3323 4278 Θεοῦ
3353 4225 3509 4293 ἡμῶν
3542 4222 3705 4275 αὐτο-

2116 4310 2339 4378 κράτωρ
2386 4312 2601 4380 Καῖσαρ
2654 4312 2883 4375 Φλάϐιος
2929 4312 3081 4366 Λέων
3133 4313 3388 4384 εὐσεϐὴς,
3429 4312 3704 4382 εὐτυχὴς,

2116 4400 2346 4465 ἔνδοξος,
2376 4403 2626 4473 νικητὴς,
2665 4403 3051 4474 τροπαιοῦχος,
3097 4406 3468 4468 ἀεισέϐαστος,
3502 4402 3701 4471 αὔγου-

436 4503 655 4564 gustus,
688 4492 864 4547 lidelis
893 4508 1012 4558 rex,
1052 4491 1302 4562 Styliano
1326 4492 1703 4546 illustrissimo
1727 4506 2007 4546 sacrorum

2117 4508 2261 4557 στος,
2298 4492 2487 4555 πιστὸς
2521 4492 2791 4561 βασιλεὺς,
2820 4494 3093 4565 Στυλιανῷ
3123 4495 3201 4565 τῷ
3250 4495 3704 4566 περιφανεστάτῳ

436 4594 756 4642 nostrorum
795 4583 1097 4639 ciliciorum
1126 4583 1412 4653 magistro.

2118 4584 2404 4654 μαγίστρῳ
2433 4584 2543 4637 τῶν
2579 4585 2738 4638 θείων
2775 4586 3046 4653 όφφικίων
3074 4586 3253 4657 ήμῶν.

506 4676 866 4732 Celeberrimi
904 4675 996 4730 ille
1030 4675 1175 4729 inter
1225 4674 1587 4743 imperatores
1644 4672 1881 4727 nominis
1920 4670 2012 4726 Ju-

2202 4671 2259 4724 ὐ
2297 4673 2395 4741 μὲν
2432 4672 2497 4743 δὴ
2533 4673 2873 4742 περιώνυμος
2925 4676 2982 4725 ἐν
3022 4673 3330 4743 βασιλεῦσιν
3386 4676 3699 4730 Ἰουστινια-

443 4770 717 4825 stinianus
763 4784 886 4823 cum
934 4769 1119 4822 animo
1152 4776 1297 4822 esset
1342 4778 1484 4834 erga
1538 4765 1925 4833 rempublicam
1965 4773 2012 4817 ct

2119 4761 2246 4825 νὸς,
2280 4763 2511 4832 ἀρίστης
2548 4765 2641 4816 καὶ
2687 4764 3135 4833 λυσιτελεστάτης
3187 4768 3253 4835 τῇ
3292 4765 3537 4835 πολιτείᾳ
3572 4767 3701 4833 γνὼι

438 4862 665 4930 optimo,
711 4872 766 4915 et
843 4861 964 4930 ejus
1036 4860 1333 4915 utilitatum
1397 4854 1805 4911 studiosissimo
1868 4855 2012 4908 velut

2125 4869 2233 4921 μης
2262 4853 2573 4921 γενόμενος,
2594 4854 2788 4924 ὥσπερ
2810 4855 2931 4907 τινὰ
2957 4854 3091 4925 ὓλην
3112 4855 3297 4909 λαϐὼν
3324 4859 3423 4919 τάς
3444 4858 3503 4921 ἐξ
3527 4853 3700 4921 ἀρχῆς

439 4953 629 5007 silvam
714 4956 1049 5019 ouamdam,
1143 4949 1573 5005 constitutiones
1642 4947 1694 4999 in
1770 4943 2012 4998 [toinanu

2123 4946 2217 4996 καὶ
2287 4951 2481 5015 μέχρις
2536 4948 2746 4999 ἐκείνου
2822 4946 2964 5003 κατά
3017 4947 3310 5019 διαφόρους
3361 4946 3585 5014 χρόνους
3633 4946 3703 5014 τῇ

1768 5083 1995 5138 νΑιιιΑῑ
2031 5054 2439 5140 LECTlONES.
3392 5036 3411 5055 ἡ

493 5213 514 5243 ⁸
536 5206 712 5261 Prima
744 5212 830 5259 est
880 5204 933 5259 in
958 5203 1140 5274 Eclog.
1177 5217 1303 5256 nov.
1330 5198 1529 5255 Leonis
1549 5210 1603 5255 et
1633 5198 1824 5268 incipit
1863 5197 1997 5251 ’Λπδ
2021 5196 2139 5265 τοῦ,
2161 5207 2266 5253 etc.

1948 5330 2180 5388 ΝΟΤίΕ.

508 5453 877 5531 (δτωμςαεά
904 5451 1103 5531 κιὲβους
1146 5451 1480 5531 messes!
1506 5449 1807 5531 PWVP'kii-
1846 5518 1864 5531 ,
1950 5519 1975 5531 -

2126 5450 2319 5518 λικῶν,
2358 5453 2410 5505 in
2443 5452 2670 5531 quibus,
2702 5452 2847 5523 quod
2871 5466 2901 5507 a
2934 5449 3135 5531 sazculo
3168 5448 3470 5531 Iustiniani
3494 5448 3706 5531 adsita

461 5518 627 5602 __(H)
660 5518 769 5602 llas
800 5523 1053 5602 Nov'ellas
1087 5518 1195 5575 non
1242 5518 1522 5602 intelligit,
1552 5521 1646 5602 sed
1708 5518 2018 5602 Βασιλικῷν
2125 5532 2371 5602 tempora
2426 5518 2735 5602 desuetum'
2779 5525 3302 5602 erat,__abrogatur:
3354 5522 3440 5602 his
3490 5527 3705 5575 tantum

441 5589 633 5658 libros,
681 5594 995 5663 deiquibus
1028 5605 1197 5663 supra
1226 5589 1467 5646 diximus
1506 5609 1521 5646 :
1560 5592 1845 5663 alioquin,
1882 5589 2015 5663 quid
2122 5589 2362 5663 selectis,
2384 5608 2507 5661 quae
2537 5593 2592 5646 iu
2623 5608 2725 5647 usu
2755 5593 3081 5663 quotidiana
3110 5589 3292 5647 'erant
3326 5593 3523 5663 posita.

441 5666 600 5741 estin
624 5666 711 5718 his
736 5659 997 5741 No'vellis,
1032 5659 1179 5731 quod
1203 5664 1463 5719 omnibus
1516 5659 1706 5717 litibus
1758 5661 2014 5715 tiniendis
2118 5729 2134 5741 _
2159 5662 2304 5741 _(l'5)
2338 5659 2483 5741 [tite-5
2514 5679 2619 5716 non
2656 5679 2719 5717 ex
2773 5659 2988 5741 legibus
3006 5659 3340 5741 ‘abrogatis:
3362 5659 3704 5741 dirimenda;

444 5732 729 5803 satisesse
765 5732 992 5803 possit?
1192 5802 1199 5803 ί
1266 5801 1274 5803 Α
1396 5802 1405 5803 7
1462 5801 1471 5803 4
1520 5800 1568 5803 __
1644 5802 1647 5803 ν
1786 5800 1787 5803 η
1850 5801 1875 5803 Α
2117 5728 2328 5785 ldenta
2354 5729 2576 5803 Juliano
2607 5728 2967 5788 constitutum
3004 5732 3127 5802 δε,
3161 5728 3376 5803 Eous-lit.
3425 5733 3488 5783 de
3542 5728 3708 5783 Justi-

514 5799 625 5867 (12)
670 5799 919 5869 Ἐκλογή.
974 5799 1230 5872 lntelligit
1262 5801 1409 5858 haud
1441 5800 1606 5858 dubie
1640 5800 1811 5856 libros
1844 5801 2009 5854 Βασι-
2116 5816 2286 5855 naneo
2319 5802 2437 5855 cad.
2473 5815 2525 5857 et
2548 5800 2574 5871 §
2598 5803 2651 5866 5,
2684 5804 2746 5856 de
2778 5799 3047 5856 ememlai.
3079 5802 3196 5856 Cod.
