4048 6438
351 394 461 457 425

1470 392 1832 456 NOVELL/E
1854 389 2301 453 CONSTITUTI
2313 392 2412 453 ΟΝ
2420 394 2517 453 ΕΞ»

3506 397 3608 459 4:26

364 509 653 578 Ῥωμαϊκῇ
697 505 1025 578 ιῐιοιτιιιιρατεεει⁵
1060 505 1334 572 διατάξεις
1377 507 1834 576 τεθεσπισμένας,
1867 506 1944 558 οί-

2046 505 2276 575 imperio
2296 505 2423 561 inde
2454 506 2522 561 ab
2550 505 2708 561 initio
2730 520 2907 576 usque
2930 505 2997 560 ad
3034 521 3189 562 suam
3255 513 3470 561 aetatem
3529 510 3613 562 uli-

358 597 539 661 κείαις
569 597 845 669 φροντίσιν
873 598 966 650 καί
989 597 1173 660 πόνοις
1198 596 1359 668 ἔργον
1378 597 1815 670 ἀξιοθαύμαστον
1842 596 1942 667 τὴν

359 688 471 743 τῶν
507 688 697 759 νόμων
720 684 850 758 ὅλην
906 688 1315 757 σωματοποιίαν
1360 689 1441 752 είς
1486 689 1807 757 εὐεργεσίαν
1832 687 1943 742 τῶν

362 777 623 848 ὑπηκόων
652 777 1073 849 ἐφιλοτιμήσατο
1104 778 1646 843 κατασκευάσασθαι,
1686 779 1782 833 καὶ
1812 778 1866 830 εῐ
1888 794 1942 831 τι

364 868 469 939 μέν
508 868 832 922 ὑπεναντίον
869 869 965 923 καὶ
1006 869 1349 940 ἀνάρμοστον
1389 870 1692 939 διεφαίνετο
1733 871 1942 925 ἀνακα-

360 960 557 1030 θάρας.
595 960 665 1015 δι’
695 956 773 1033 ὧν
809 961 868 1015 δέ
898 962 996 1033 τὴν
1035 960 1403 1033 εὐαρμοστίαν
1444 961 1944 1032 ἐμπολιτευομένην

360 1050 505 1119 ἔγνω
534 1049 709 1105 ταῦτα
739 1032 819 1114 έίς
860 1051 920 1104 ἓν
956 1032 1415 1122 συνυφηνάμενος
1454 1052 1550 1105 καὶ
1591 1049 1945 1122 στοιχειώσας

365 1142 463 1196 καὶ
489 1141 679 1213 ὥσπερ
702 1144 783 1206 είς
816 1142 1064 1214 στάθμην
1094 1143 1253 1215 δίκης
1287 1143 1416 1214 μίαν
1438 1145 1942 1215 καταστησάμενος,

364 1234 455 1304 ὑφ’
479 1229 548 1306 ἦς
583 1234 647 1287 τό
674 1251 734 1287 τε
773 1234 981 1289 δίκαιον
1020 1236 1114 1289 καὶ
1143 1236 1204 1289 τὸ
1255 1236 1331 1307 μὴ
1363 1235 1605 1291 τοιοῦτον
1638 1236 1700 1290 ὃν
1738 1236 1945 1307 διεκρί-

361 1341 504 1377 νετο.
539 1324 701 1378 Ἀλλά
748 1324 878 1395 γάρ,
907 1325 984 1388 ὡς
1031 1325 1199 1393 ἔοικε,
1239 1325 1513 1397 πανταχοῦ
1559 1326 1853 1381 κάλλιστον
1885 1326 1946 1379 τὸ

356 1415 556 1485 μηδὲν
581 1414 757 1486 ἄγαν.
792 1418 902 1470 Καὶ
951 1418 1061 1489 γάρ
1086 1418 1230 1472 οὕτω
1276 1419 1461 1483 καλῶς
1497 1421 1579 1483 εἰς
1608 1419 1668 1473 ἓν
1691 1420 1854 1490 σῶμά
1882 1438 1942 1474 τε

364 1509 734 1577 ποιησάμενος
785 1509 804 1539 ⁷
851 1511 952 1578 τὴν
990 1510 1552 1582 καταμεμερισμένην
1599 1511 1710 1564 τῶν
1763 1512 1946 1579 νόμων

361 1598 685 1662 ὑπόστασιν,
719 1598 816 1650 καὶ
851 1597 921 1651 τὰ
949 1598 1010 1665 ἐξ
1047 1592 1122 1652 ὧν
1149 1599 1211 1652 τὺ
1242 1600 1562 1672 ἐναρμόνιον
1592 1601 1689 1672 τῆς
1717 1601 1948 1671 νομικῆς

361 1689 678 1759 οἰκονομίας
714 1689 975 1755 πολλάκις
1016 1694 1365 1762 παρεκινεῖτο
1400 1693 1820 1763 ἐξισωσάμενος,
1854 1695 1948 1747 καὶ

362 1780 502 1847 πρὸς
540 1779 672 1848 μίαν
711 1782 1034 1851 συμφωνίαν
1061 1783 1127 1836 ἐκ
1161 1781 1257 1837 τοῦ
1288 1784 1428 1854 πρὸς
1460 1787 1647 1839 ἐκεῖνα
1679 1786 1815 1856 μόνα
1849 1785 1949 1854 τὴν

2042 597 2218 653 versis
2270 597 2606 668 temporibus
2653 598 2829 655 editas
2873 598 3170 668 accipiens,
3220 614 3327 670 quo
3370 600 3507 654 bene
3548 600 3617 656 de

2043 687 2281 744 subditis
2303 700 2628 756 mereretur,
2663 687 2937 745 industria
2950 698 3002 744 et
3024 687 3303 744 laboribus
3332 688 3455 743 suis
3475 703 3616 758 opus

2043 778 2405 834 admiratione
2459 778 2705 849 dignum,
2737 780 3125 833 universarum
3159 793 3360 848 nempe
3430 778 3615 848 legum

2044 868 2194 924 illam
2228 869 2730 940 incorporationem
2786 870 2923 941 (14),
2953 884 3169 927 summa
3212 885 3336 925 cum
3383 880 3615 925 conten-

2042 960 2195 1016 tione
2220 959 2435 1016 eﬂicere
2463 968 2548 1016 est
2572 970 2837 1016 conatus.
2880 958 2939 1014 Si
2989 960 3119 1029 quid
3154 960 3493 1015 contrarium
3519 971 3614 1014 aut

2046 1050 2449 1107 inconveniens
2534 1061 2841 1121 appareret,
2894 1051 3242 1122 repurgavit:
3292 1066 3356 1105 ex
3415 1052 3615 1119 quibus

2046 1156 2176 1197 vero
2217 1142 2586 1213 compositum
2622 1140 2942 1212 reipublicae
2990 1155 3057 1195 ac
3119 1142 3381 1196 decorum
3414 1150 3616 1195 statum

2044 1232 2375 1287 exstiturum
2404 1233 2673 1296 crederet,
2727 1233 2843 1287 hzec
2886 1233 2941 1287 in
2977 1249 3147 1288 unum
3186 1234 3488 1295 contexuit,
3532 1240 3617 1285 at-

2045 1337 2155 1392 que
2182 1322 2403 1378 velutin
2431 1331 2604 1379 artem
2633 1324 2871 1395 aliquam
2894 1323 3235 1389 informavit,
3265 1323 3533 1393 quasique
3562 1326 3614 1376 in

2051 1428 2159 1469 una
2200 1414 2428 1484 iustitia:
2473 1415 2636 1481 libra,
2690 1432 2721 1471 a
2750 1428 2857 1485 qua
2880 1414 3090 1484 justum
3121 1428 3151 1467 a
3178 1412 3393 1467 diverso
3453 1424 3506 1468 et
3540 1414 3621 1467 in-

2044 1506 2197 1576 justo
2248 1505 2673 1571 discerneretur,
2718 1506 3007 1561 constituit
3050 1514 3106 1560 et
3161 1505 3472 1560 collocavit.
3525 1506 3622 1557 At-

2046 1600 2141 1668 qui
2204 1598 2311 1665 (ut
2370 1598 2630 1667 constat)
2694 1597 2899 1669 ubique
2977 1606 3062 1653 est
3141 1596 3620 1668 pulcherrimum,

2048 1699 2108 1743 ut
2136 1707 2199 1744 ne
2226 1692 2355 1760 quid
2384 1690 2499 1760 (15)
2530 1690 2710 1747 nimis.
2740 1691 2878 1745 Cum
2913 1706 3150 1760 namque
3182 1690 3236 1744 in
3265 1690 3467 1745 multas
3494 1704 3621 1758 par—

2050 1790 2134 1837 tes
2179 1782 2412 1837 divisam
2482 1782 2661 1847 legum
2700 1782 3066 1837 substantiam
3118 1795 3184 1837 ac
3229 1781 3512 1835 materiam
3567 1782 3620 1833 in

361 1869 586 1923 πάντων
625 1869 1027 1923 ἀπευθύνεσθαι
1055 1871 1236 1941 ψῆφον
1270 1873 1396 1937 τοὺς
1427 1854 1747 1937 δικάζοντας
1779 1891 1944 1927 κατα-

2050 1888 2221 1927 unum
2257 1887 2461 1942 corpus
2484 1873 2597 1943 (l6)
2626 1881 2776 1927 tanta
2813 1889 2938 1929 cum
2972 1873 3134 1927 laude
3161 1882 3618 1940 coagmentasset,

359 1962 589 2031 στήσας,
616 1961 709 2015 καὶ
739 1962 971 2032 ἀμάχως
999 1963 1205 2033 κρίνειν
1231 1964 1577 2035 συμϐιϐάσας
1594 1968 1661 2037 τῇ
1694 1966 1945 2037 είρηναίᾳ

358 2051 458 2106 καὶ
484 2054 685 2123 ἀμάχῳ
714 2052 823 2108 τῶν
848 2053 1095 2124 νομίμων
1134 2054 1447 2123 κεφαλαίων
1496 2056 1850 2121 καταστάσει,
1881 2057 1942 2109 οὐ

357 2143 593 2214 στέρξας
619 2145 712 2197 ἐπὶ
744 2144 976 2209 τούτοις,
1023 2145 1161 2200 ἀλλά
1200 2146 1423 2216 ἄμεινόν
1450 2163 1505 2199 τι
1542 2147 1847 2217 διανοηθεὶς
1875 2150 1942 2218 τῇ

360 2234 608 2305 πολιτείᾳ
642 2235 782 2307 μετά
808 2236 980 2289 ταῦτα
1012 2235 1356 2307 χαρίζεσθαι,
1394 2236 1581 2291 ἔλαθεν
1609 2233 1691 2301 οἷς
1719 2237 1943 2308 ὕστερον

366 2326 722 2397 ἐνομοθέτησε
767 2326 864 2380 καὶ
905 2326 983 2398 τῷ
1025 2326 1228 2399 πρώτῳ
1267 2327 1648 2399 λυμηνάμενος
1679 2329 1827 2400 ἔργῳ
1849 2329 1945 2383 καὶ

366 2415 429 2469 τὸ
453 2415 697 2488 δεύτερον
724 2417 826 2470 οὐκ
854 2419 1229 2488 ἐργασάμενος
1273 2420 1583 2489 ἄμεμπτον,
1634 2419 1944 2488 ἀντιλογίας

364 2507 460 2561 καὶ
484 2508 652 2580 ἔριδος
682 2512 747 2563 ἐκ
770 2510 872 2581 τῆς
912 2510 1136 2583 ὕστερον
1185 2512 1333 2583 αὐτῷ
1376 2514 1774 2584 πεπραγμένης
1807 2513 1941 2567 ὑπο-

361 2599 566 2663 θέσεως
604 2602 704 2654 οὺκ
729 2600 915 2671 ὀλίγης
944 2601 1079 2674 πρὸς
1115 2601 1215 2673 τὴν
1246 2602 1516 2674 προτέραν
1541 2604 1945 2675 ιίινακεκινημέ⁶

358 2705 481 2758 νης.
518 2690 609 2759 Τῷ
640 2691 740 2761 μέν
771 2687 864 2745 οὖν
906 2692 1092 2763 οίκείῳ
1138 2693 1370 2764 καμάτῳ
1410 2693 1583 2756 οὕτως
1609 2694 1679 2747 δι’
1700 2694 1895 2748 ἐαυτοῦ
1917 2698 1947 2750 ὁ

367 2776 744 2843 ἰουστινιανὸς
790 2780 1123 2851 ἐλωὸήσατο.
1169 2781 1245 2835 Οὐ
1314 2783 1423 2854 μὴν
1467 2783 1603 2837 ἀλλά
1652 2785 1944 2855 καὶμέχρι

353 2868 455 2923 τοῦ
477 2869 574 2923 νῦν
594 2870 655 2935 ἐξ
674 2871 884 2925 ἐκείνου
909 2872 1004 2926 τοῦ
1030 2872 1225 2945 καιροῦ
1251 2873 1376 2946 άρτι
1406 2875 1508 2946 μέν
1537 2875 1643 2929 ὑπὸ
1662 2876 1944 2947 νεωτέρων

355 2960 752 3032 θεσπισμάτων
779 2962 907 3035 ἀρτι
930 2964 987 3017 δὲ
1020 2965 1124 3019 ὑπὸ
1156 2965 1456 3035 ωνηθειῶν
1484 2968 1828 3022 ἀθεσπίστων
1850 2969 1946 3024 καὶ

360 3054 533 3122 μόνην
557 3053 1010 3126 προδαλλομένων
1038 3056 1192 3127 ἰσχὺν
1213 3056 1311 3128 τὴν
1329 3057 1439 3111 τῶν
1458 3058 1635 3130 δχλων
1650 3061 1945 3131 ἀρέσκειαν

357 3141 561 3212 πολλῆς
613 3145 1008 3217 ἐπιγενομένης
1048 3147 1435 3218 καινοτομίας,
1492 3148 1692 3221 μικροῦ
1734 3151 1803 3205 τὰ
1832 3151 1943 3205 τῶν

356 3235 542 3305 νόμων
566 3237 918 3307 συγκέχυται,
956 3239 1052 3292 καὶ
1089 3239 1202 3293 ἀνω
1239 3240 1335 3294 καὶ
1379 3241 1530 3295 κάτω
1575 3244 1945 3314 πεττευόμενα

356 3326 426 3379 τά
456 3326 758 3397 πράγματα
794 3328 1039 3400 φέρεται.
1066 3330 1165 3384 Διά
1185 3329 1361 3397 τοῦτο,
1400 3331 1560 3402 εἴπερ
1596 3349 1658 3385 τι.
1678 3332 1826 3396 ἀλλο,
1853 3333 1945 3386 καὶ

354 3416 551 3469 τούτου
597 3419 730 3488 ἡμῖν
780 3419 889 3471 τῶν
946 3420 1393 3490 ἀναγκαιοτάτων
1447 3425 1528 3487 είς
1578 3423 1639 3476 τὸ
1686 3424 1944 3495 προνοίας

357 3506 868 3583 ἁντιλαμὸανούσης
907 3514 1089 3581 τυχεῖν
1140 3511 1293 3577 ἀξίου
1332 3513 1736 3584 πραγματείαν,
1776 3514 1858 3567 ἔτι
1886 3514 1945 3567 δέ

358 3598 577 3663 καὶτὰς
605 3602 685 3664 είς
713 3600 812 3673 τὴν
833 3602 942 3656 τῶν
969 3604 1316 3676 πραγμάτων
1347 3604 1610 3677 διοίκησιν
1640 3606 1943 3678 παρελθού-

358 3706 460 3753 σας
492 3691 779 3758 συνηθείας
819 3694 1272 3766 ἐπισκεψάμενοι,
1310 3696 1421 3750 τῶν
1475 3698 1577 3769 μὲν
1617 3698 1795 3769 νόμων
1844 3698 1944 3770 την

356 3782 674 3850 ἀντιλογίαν
735 3786 1279 3858 ἀπεσκευασάμεθα,
1328 3792 1436 3844 πᾶν
1498 3790 1796 3844 ἀντίπαλον
1850 3791 1943 3845 καὶ

357 3874 498 3945 πρὸς
526 3875 625 3946 τὴν
668 3878 937 3949 φέρουσαν
977 3880 1203 3952 ἀγωγὴν
1223 3880 1331 3935 τῶν
1371 3884 1710 3954 πραγμάτων
1747 3882 1944 3953 ἀθέμι-

356 3982 453 4020 τον
492 3970 592 4038 τῆς
634 3970 866 4041 νομικῆς
918 3970 1075 4037 ἀξίας
1125 3974 1732 4047 ἀποχειροτονήσαντες,
1773 3976 1871 4039 τὰς
1898 3976 1943 4028 δ’

357 4058 480 4111 ὅσαι
520 4060 802 4129 συνήθειαι
832 4063 893 4114 οὐ
942 4063 1162 4132 φαύλως
1210 4065 1428 4119 ἐδόκουν
1469 4067 1577 4119 οὐδ’
1633 4066 1944 4132 ἐπιὸλαόὦς

360 4147 651 4219 ῥυθμίζειν
697 4154 767 4205 τὰ
805 4154 1129 4225 πράγματα,
1164 4156 1368 4221 ταύτας
1420 4159 1616 4228 μηκέτι
1658 4159 1941 4230 συνηθείας

358 4241 588 4309 ἀλόγους
610 4240 750 4298 εἶναι
782 4247 1197 4311 καταλιπόντες,
1227 4249 1341 4301 ἀλλ’
1368 4252 1449 4313 είς
1472 4250 1718 4315 ἐξουσίαν
1752 4252 1945 4305 θεσπί-

361 4349 571 4401 σματος
608 4339 1074 4409 καταστήσαντες,
1131 4339 1246 4395 ἐστι
1297 4342 1342 4394 δ’
1384 4343 1517 4396 ὅπου
1570 4345 1662 4396 καὶ
1709 4345 1843 4416 πρὸς
1886 4347 1947 4399 τὸ

359 4426 570 4495 ἀπηνὲς
618 4429 712 4481 καὶ
762 4430 1184 4503 ἀποτομώτερον
1235 4435 1450 4506 δρῶντα
1494 4437 1586 4489 τὸν
1640 4438 1805 4508 νόμον
1851 4441 1946 4492 καὶ

358 4516 551 4588 ὥσπερ
578 4519 930 4591 ἐξιστάμενον
961 4523 1060 4593 τῆς
1084 4523 1242 4595 δίκης
1274 4528 1352 4589 είς
1382 4527 1443 4579 τὸ
1467 4528 1665 4582 οἰκεῖον
1690 4531 1783 4583 καὶ
1805 4532 1942 4603 πρέ-

357 4626 463 4662 πον
489 4611 870 4676 συστείλαντες
909 4616 1114 4685 σχῆμα,
1145 4618 1238 4671 καὶ
1266 4619 1330 4689 τῇ
1366 4620 1690 4693 ὀφειλομένη
1719 4625 1830 4687 τοῖς
1858 4625 1942 4677 νὸ-

358 4718 485 4772 μοις
510 4703 826 4779 δικαιοσύνῃ
844 4706 887 4761 ⁸.

2045 1972 2308 2034 praeterea
2359 1965 2523 2018 etiam
2554 1979 2676 2033 quae
2726 1965 2916 2034 legalis
2973 1964 3255 2034 regiminis
3277 1965 3522 2017 ordinem
3568 1972 3623 2017 et

2046 2054 2491 2110 convenientiam
2524 2070 2906 2126 saepenumero
2953 2055 3370 2117 labefactarent,
3404 2056 3458 2108 in
3487 2069 3620 2108 cou-

2044 2146 2290 2201 cordiam
2353 2145 2697 2217 redegisset,
2736 2147 2944 2216 {itaque
3005 2146 3149 2216 quod
3203 2146 3271 2199 ad
3329 2146 3442 2201 hac
3506 2148 3623 2202 sola

2043 2249 2235 2290 omnes
2260 2237 2546 2290 sententia:
2584 2234 2823 2289 ferendae
2859 2243 3063 2301 essent,
3090 2235 3146 2290 in
3200 2250 3368 2289 unum
3390 2249 3623 2290 consen-

2044 2340 2165 2381 sum
2188 2325 2409 2394 judices
2448 2327 2834 2396 compulisset,
2866 2340 3075 2395 eosque
3110 2326 3180 2380 ad
3226 2325 3454 2395 paciﬂce
3473 2324 3622 2395 judi-

2044 2417 2306 2484 candum,
2340 2416 2607 2487 legalibus
2638 2417 2896 2488 capitulis
2918 2419 2973 2471 in
2998 2417 3294 2488 tranquillo
3312 2424 3366 2472 et
3393 2416 3461 2472 ab
3476 2416 3622 2470 omni

2043 2509 2401 2566 contentione
2437 2511 2611 2565 libero
2642 2518 2803 2566 statu
2835 2510 3178 2583 constitutis,
3224 2510 3369 2565 inter
3403 2524 3465 2565 se
3494 2524 3629 2564 con-

2048 2599 2339 2655 ciliasset:
2392 2600 2478 2655 bis
2540 2600 2632 2655 ille
2666 2615 2776 2655 non
2826 2608 3120 2655 contentus
3148 2640 3164 2666 ,
3208 2599 3305 2656 sed
3362 2607 3626 2670 praestan-

2044 2692 2153 2747 tius
2172 2692 2282 2763 (l7)
2301 2692 2580 2764 quidpiam
2600 2692 2656 2747 in
2681 2693 2995 2764 reipublicze
3022 2692 3254 2762 gratiam
3279 2692 3633 2763 postmodum

2045 2784 2321 2840 coniicere
2352 2785 2626 2856 cogitans,
2658 2786 2982 2856 imprudens
3017 2787 3087 2841 iis
3117 2801 3245 2856 quae
3262 2795 3448 2856 postea
3506 2794 3623 2841 sta-

2047 2876 2154 2930 tuit
2183 2875 2422 2947 primum
2471 2890 2611 2947 opus
2638 2877 2877 2933 evertit:
2924 2892 3105 2948 neque
3139 2877 3372 2932 alterum
3417 2876 3629 2945 vitupe-

2050 2966 2255 3021 rationi
2307 2981 2417 3021 non
2472 2966 2770 3021 obnoxium
2829 2964 2982 3031 fecit.
3017 2982 3147 3021 cum
3194 2981 3262 3022 ex
3318 2965 3628 3036 posteriore

2049 3059 2229 3132 ipsius
2246 3057 2501 3113 instituto
2519 3073 2629 3112 non
2657 3072 2846 3131 paucae
2874 3058 3142 3114 adversus
3171 3058 3324 3129 prius
3349 3057 3628 3113 suscitata?

2050 3151 2524 3207 contradictiones
2576 3158 2633 3205 et
2697 3151 3090 3208 controversiae
3140 3151 3273 3207 sint.
3320 3151 3499 3221 Atque
3558 3150 3624 3205 ad

2049 3244 2197 3299 hunc
2223 3258 2355 3298 sane
2374 3243 2598 3298 modum
2630 3242 2749 3313 ipse
2780 3241 3129 3299 Justinianus
3159 3257 3191 3297 a
3221 3242 3405 3312 seipso
3431 3241 3624 3297 vitium

2047 3349 2246 3407 passus
2262 3341 2345 3389 est
2364 3334 2500 3405 (18).
2527 3333 2690 3390 Certe
2712 3335 2933 3405 quidem
2956 3350 3082 3390 cum
3109 3350 3285 3405 usque
3309 3333 3377 3388 ad
3407 3333 3626 3387 hodier-

2048 3441 2178 3479 num
2201 3425 2343 3480 diem
2363 3440 2509 3479 nunc
2538 3441 2604 3480 ex
2631 3425 3031 3481 recentioribus
3050 3426 3624 3489 sanctionibus,nunc

2048 3532 2114 3573 ex
2137 3518 2441 3586 inscriptis,
2476 3525 2536 3570 et
2561 3516 2912 3572 nonaliund‘e
2926 3532 3091 3587 quam
3109 3515 3255 3586 quod
3284 3514 3618 3570 multitudini

2048 3610 2305 3681 placeant
2335 3610 2717 3663 auctoritatem
2753 3624 2863 3678 prae
2886 3623 2947 3664 se
2988 3607 3301 3664 ferentibus
3329 3616 3626 3662 consuetu-

2049 3700 2296 3767 dinibus,
2333 3700 2603 3770 permulta
2638 3701 2707 3754 ab
2739 3700 2834 3755 illo
2867 3709 3113 3769 tempore
3162 3701 3419 3754 innovata
3470 3698 3581 3753 sint
3611 3716 3624 3752 :

2048 3808 2243 3866 parum
2275 3792 2450 3860 abest,
2475 3795 2606 3863 quin
2649 3808 2736 3847 res
2770 3792 2961 3863 legalis
2991 3807 3216 3862 prorsus
3240 3793 3458 3845 turbata
3488 3804 3625 3845 con-

2048 3889 2284 3959 fusaque
2324 3892 2432 3953 sit,
2485 3896 2540 3943 et
2590 3887 2901 3941 communis
2958 3886 3084 3940 vitae
3129 3884 3346 3955 negotia
3399 3898 3621 3940 sursum

2046 3979 2305 4035 deorsum
2383 3977 2675 4032 subsultim
2768 3975 3034 4031 ferantur.
3098 3973 3441 4045 Quapmpter
3498 3986 3623 4027 cum

2047 4072 2095 4129 si
2128 4072 2258 4142 quid
2299 4070 2470 4135 aliud,
2511 4070 2618 4125 hoc
2665 4078 2814 4123 certe
2862 4067 3007 4138 quod
3045 4067 3394 4137 apitulatrice
3436 4073 3623 4120 nostra

2048 4161 2321 4217 industria
2355 4169 2409 4214 et
2438 4175 2571 4214 cura
2618 4158 2933 4214 necessario
2986 4157 3228 4228 potiatur
3249 4194 3265 4221 ,
3297 4156 3523 4225 dignum
3554 4153 3622 4208 sit

2050 4260 2345 4308 tractatum
2384 4253 2608 4323 insuper
2647 4258 2702 4305 et
2742 4248 3236 4318 consuetudinibus
3267 4261 3390 4317 quae
3425 4244 3493 4300 ad
3538 4260 3625 4301 re-

2052 4360 2170 4399 rum
2228 4343 2680 4414 gubernationem
2732 4338 3123 4405 devenissent,
3176 4337 3474 4408 diligenter
3530 4352 3624 4392 ex-

2050 4437 2232 4491 cussis
2257 4436 2436 4504 legum
2468 4437 2614 4488 inter
2639 4449 2697 4488 se
2727 4431 3223 4488 contradictionem
3257 4430 3586 4487 sustulimus
3612 4452 3623 4486 :

2053 4528 2316 4599 quidquid
2348 4525 2727 4581 adversarium
2753 4532 2808 4579 et
2837 4523 2907 4578 ad
2932 4533 3254 4593 praesentem
3286 4536 3468 4576 rerum
3496 4536 3619 4576 con-

2053 4622 2397 4678 stitutionem
2436 4618 2818 4688 rationemque
2845 4616 3093 4672 illicitum
3120 4623 3289 4680 esset,
3326 4614 3452 4669 huic
3476 4613 3620 4683 lega-

2050 4719 2155 4771 lem
2206 4717 2593 4770 auctoritatem
2648 4714 2975 4784 abrogantes
3019 4725 3036 4764 :
3096 4724 3435 4780 quaecunque
3495 4724 3623 4762 vero

358 4800 796 4857 consuetudines
848 4817 956 4857 non
1026 4804 1170 4860 male
1226 4820 1403 4877 neque
1447 4809 1610 4863 noxie
1668 4810 1735 4865 de
1789 4815 1955 4874 rebus
1985 4815 2324 4873 constituere
2354 4809 2695 4877 viderentur,
2730 4810 2828 4863 has
2867 4822 2974 4861 non
3031 4804 3268 4875 amplius
3328 4803 3621 4874 inscriptas

362 4894 420 4941 et
443 4893 727 4960 neglectas
749 4894 1186 4952 consuetudines
1218 4911 1439 4953 manere
1470 4900 1722 4965 sivimus,
1752 4906 1848 4959 sed
1884 4908 1950 4963 ad
1982 4908 2119 4977 legis
2147 4907 2255 4961 vim
2287 4918 2352 4959 ac
2401 4910 2731 4974 potestatem
2761 4900 3061 4956 extulimus
3096 4914 3109 4951 :
3171 4895 3371 4951 alicubi
3439 4908 3625 4954 autem

1662 5111 1897 5168 VABIIE
1931 5113 2339 5173 LECTIONES.

411 5238 433 5271 ⁷
465 5236 532 5294 Η.
552 5238 864 5311 Stephanus
888 5259 942 5300 et
965 5247 1215 5316 Agylmus
1235 5249 1435 5305 habent
1466 5256 2079 5326 σωματοποιησάμενος.
2157 5258 2179 5291 ⁸
2214 5258 2312 5313 Hic
2336 5257 2541 5328 aliquid
2570 5257 2763 5313 deesse
2784 5256 3011 5311 videtur.

1874 5432 2102 5490 NOTAE;

423 5562 543 5702 (id;
573 5563 1003 5633 Σωματοποιίαν.

426 5632 520 5687 (15
582 5634 658 5686 Τὸ
693 5634 860 5702 μηδὲν
889 5633 1000 5702 ἀγα

426 5632 543 5702 (15)
582 5632 673 5704 τδρ
693 5634 860 5704 μηδὲν
889 5633 1052 5702 ἄγαν.
1085 5633 1377 5689 Terentius
1399 5636 1452 5688 in
1491 5635 1697 5688 Andria
1726 5648 1835 5691 act.
1880 5639 1931 5702 1,

2045 5574 2099 5625 2.
2142 5572 2197 5625 in
2231 5575 2463 5628 delegat.
2492 5574 2546 5628 ὅ.

2115 5642 2228 5711 (17)
2263 5639 2520 5697 Codicem
2541 5641 2942 5697 Justinianeum
2980 5642 3226 5712 repetitae
3251 5639 3628 5709 pmlectionis:

353 5718 503 5756 scen.
526 5703 575 5781 l_.
604 5720 622 5754 ι
650 5701 707 5781 _Id
731 5701 977 5781 arbitror
1009 5705 1253 5774 apprime
1297 5706 1352 5758 in
1385 5705 1491 5759 vita
1535 5720 1659 5760 esse
1691 5708 1840 5772 utile,
1875 5721 1934 5762 ut
2042 5701 2315 5781 iutelli'git.

351 5790 419 5826 ut!
444 5771 575 5836 quill
611 5773 795 5829 nimis.
823 5791 843 5821 ι

423 5844 535 5909 ιω)
568 5842 757 5906 Σῶμα.
806 5842 897 5899 Sic
934 5857 1135 5913 corpus
1177 5842 1391 5900 Homeri
1444 5845 1669 5908 dicitur,
1700 5847 1735 5899 l.
1768 5845 1859 5908 92,
1903 5845 1933 5915 ἓ

2112 5780 2237 5851 (18)
2266 5781 2326 5836 L.
2366 5780 2455 5844 3‘2,
2485 5782 2522 5853 ἃ
2552 5784 2597 5846 Ι,
2639 5781 2694 5837 li.
2725 5781 2790 5836 de
2822 5782 3044 5853 legibus.
