4048 6452
424 351 524 416 431

1681 356 1957 416 LEONIS
1995 354 2453 420 PHILOSOPHI

3567 361 3674 419 432

419 462 569 518 enim
587 461 809 533 dignum
842 469 949 527 est,
986 468 1046 517 ut
1078 461 1175 531 qui
1203 461 1483 533 spirituali
1529 476 1764 520 ascensu
1817 479 1981 534 supra

2092 468 2231 534 μετά
2285 468 2347 521 τὸ
2390 466 2741 538 ἀνυῷωθῆναι
2792 468 2891 537 τῆς
2920 466 3242 537 σωματικῆς
3292 462 3672 528 ταπεινώσεως
3728 454 3733 457 Α

419 553 672 624 corporis
716 553 1080 622 abjectionem
1111 561 1167 609 et
1226 553 1419 610 sordes
1478 556 1653 611 evecti
1697 564 1869 622 sunt,
1933 554 1986 608 lii

420 656 643 697 rursum
690 640 759 695 ad
800 640 986 695 carnis
1019 641 1131 711 (50)
1182 641 1375 697 sordes
1410 642 1741 699 delabantur
1771 661 1785 697 :
1838 644 1931 699 sed
1958 659 1991 698 e

420 730 660 795 diverso,
694 740 755 785 ut
784 730 1030 784 divinum
1070 730 1434 786 ministerium
1461 747 1528 788 ex
1566 735 1817 804 corporis
1866 750 1988 790 sor—

419 821 583 877 dibus
612 828 870 890 tauquam
908 821 961 876 in
994 822 1163 876 altum
1203 822 1439 893 aliquem
1462 824 1693 895 gradum
1719 840 1988 883 conscen-

417 910 533 974 dat,
565 910 989 965 convenientius
1013 911 1198 967 fuerit.

913 1001 1377 1059 CONSTITUTIO
1407 1004 1496 1059 IV.

421 1083 492 1139 Ut
527 1102 630 1140 non
657 1088 812 1141 modo
863 1089 1176 1144 universalis
1234 1092 1486 1146 Ecclesia:
1533 1094 1857 1157 sacerdotes,
1902 1113 1987 1151 ve-

487 1172 623 1229 rum;
663 1159 961 1229 etiamrqui
1018 1159 1087 1211 ad
1140 1176 1504 1229 quamcunque
1564 1180 1773 1217 sacram
1824 1165 1989 1220 cedem

487 1227 771 1293 pertinent,
801 1228 848 1279 si
880 1228 937 1280 in
962 1229 1060 1281 hoc
1100 1227 1364 1294 vocentur,
1402 1227 1546 1285 licito
1574 1249 1729 1287 sacra
1786 1245 1986 1294 myste-

487 1296 574 1371 ria
605 1298 1034 1371 (_31)‘ea:ponere
1085 1299 1422 1371 divinumque
1465 1302 1667 1356 cultum
1728 1296 1989 1360 celebrare

483 1364 632 1419 domi
660 1364 865 1435 private
892 1368 1119 1434 possint.

486 1452 633 1510 ldem
665 1455 966 1527 imperator
983 1457 1265 1530 Stephano
1283 1462 1540 1518 sanctiss.
1562 1462 1983 1537 Constantinop.

416 1545 835 1619 archiepiscopo
864 1555 919 1603 et
948 1550 1275 1620 patriarchae
1309 1552 1630 1609 universali.

488 1721 698 1778 Placuit
714 1724 1012 1788 veteribus,
1035 1734 1093 1779 ut
1112 1741 1234 1796 qua:
1259 1727 1531 1783 sacriﬁcia
1560 1737 1615 1785 et
1641 1732 1985 1787 communio-

416 1830 516 1870 nes
543 1814 598 1869 in
625 1816 852 1885 privatis
872 1817 1083 1872 aedibus
1115 1817 1271 1883 ﬁunt,
1301 1820 1371 1875 ab
1412 1820 1521 1876 illis
1576 1823 1981 1888 sacerdotibus,

413 1905 507 1974 qui
558 1906 626 1961 ad
692 1908 975 1978 generales
1030 1909 1292 1965 ecclesias
1349 1913 1661 1981 pertinent,
1713 1915 1844 1969 solis
1894 1932 1988 1970 ce-

416 1995 733 2065 lebrentur;
780 1999 849 2053 ab
869 1999 995 2054 aliis
1020 2016 1147 2055 vero
1202 2002 1295 2071 qui
1330 2005 1494 2059 alicui
1545 2007 1635 2059 alii
1690 2022 1859 2061 sacrae
1884 2008 1984 2061 τι)όὶ

415 2084 622 2139 addicti
653 2087 994 2152 deserviunt,
1033 2091 1357 2163 privatoque
1388 2094 1513 2148 vitae
1551 2095 1603 2148 in
1652 2104 1794 2149 statu
1831 2108 1984 2161 sunt,

414 2183 475 2230 ut
501 2177 708 2231 nullum
733 2194 910 2249 neque
940 2180 1176 2236 ollicium
1228 2200 1403 2255 neque
1459 2188 1791 2243 sacrilicium
1823 2190 1985 2259 perli-

412 2264 616 2319 ciatur.
644 2268 821 2334 Atque
843 2269 947 2322 hoc
987 2270 1207 2339 quidem
1235 2280 1295 2326 ut
1341 2282 1669 2341 statuerent,
1705 2278 1987 2348 religionis

412 2359 809 2413 conservandae
846 2374 1013 2415 causa
1047 2361 1099 2414 in
1155 2371 1392 2419 mentem
1437 2365 1547 2421 illis
1586 2368 1804 2423 venisse
1837 2369 1985 2423 vide-

414 2456 526 2512 tur,
560 2463 671 2515 quo
701 2449 959 2505 videlicet
985 2451 1069 2520 (ut
1098 2453 1379 2521 conjicere
1405 2456 1513 2525 est)
1548 2458 1677 2511 dum
1733 2460 1983 2514 nonnulli

414 2541 710 2596 sacerdotii
747 2550 1016 2612 praetextu
1073 2544 1273 2599 letliale
1302 2544 1634 2604 defectionis
1669 2550 1869 2604 malum
1905 2558 1985 2604 te-

410 2636 567 2699 gunt,
616 2646 718 2686 usu
779 2646 889 2684 non
923 2633 1127 2698 veniat,
1162 2634 1238 2688 uti
1280 2634 1373 2704 qui
1408 2635 1679 2704 prolanati
1726 2638 1982 2692 sacriﬁcii

412 2720 651 2791 particip
686 2736 713 2775 s
779 2721 1006 2786 fuerint,
1072 2723 1229 2794 longe
1305 2726 1478 2794 magis
1536 2728 1984 2782 contaminentur

409 2826 573 2880 quam
625 2812 934 2882 expientur.
993 2812 1097 2879 Qui
1148 2815 1394 2885 profecto
1441 2831 1629 2871 eorum
1666 2817 1757 2886 qui
1796 2818 1985 2872 istius-

412 2903 557 2958 modi
595 2904 845 2975 religioni
875 2907 1188 2960 cautionem
1211 2907 1613 2978 excogitarunt,
1668 2910 1983 2977 propositus

414 2993 536 3048 ﬁnis
569 2992 676 3048 hoc
694 2995 814 3063 ipso
852 2996 1075 3049 nomine
1105 2997 1252 3065 quod
1308 3006 1679 3050 sacrosanctae
1712 2997 1834 3052 ﬁdei
1867 3008 1981 3052 sta-

412 3078 753 3133 bilimentum
786 3081 1192 3146 adinvenerint,
1251 3083 1415 3136 simul
1451 3084 1763 3147 laudabilis,
1814 3086 1978 3141 simul

2093 557 2199 610 ὑπὸ
2240 559 2341 627 τῆς
2380 560 2759 629 πνευματικῆς
2782 560 3100 622 ἀναϐάσεως
3135 560 3361 621 τούτους
3388 558 3552 610 πάλιν
3579 560 3674 611 ἐπὶ

2090 649 2191 718 τὴν
2237 651 2507 720 σαρκικὴν
2545 652 2911 721 ταπεινότητα
2940 650 3337 712 καταπίπτειν,
3362 648 3674 701 τούναντίον

2091 737 2147 792 δὲ
2181 739 2381 807 μᾶλλον
2415 740 2521 812 χρὴ
2560 741 2636 804 ὡς
2669 743 2749 803 είς
2797 741 3066 795 ἀνάϐασιν
3117 740 3327 810 ὑψηλὴν
3374 741 3473 809 τὴν
3520 739 3671 797 θείαν

2090 826 2433 899 λειτουργίαν
2464 832 2527 883 ὲκ
2550 830 2650 901 τῆς
2678 832 2997 902 σωματικῆς
3024 831 3409 901 ταπεινότητος
3440 829 3667 884 ἀναϐαί-
3738 876 3741 881 ,

2092 934 2223 972 νειν.

2664 1012 2972 1066 ΔῐΑΤΑΞΙΣ
3010 970 3060 1064 ἀ¹
3077 1012 3094 1043 ί
3124 1012 3176 1066 ⁸.

2090 1100 2229 1170 Περὶ
2260 1101 2366 1155 τοῦ
2393 1101 2522 1157 δεῖν
2544 1104 2630 1171 μὴ
2657 1106 2850 1173 μόνον
2874 1105 3014 1169 τοὺς
3039 1103 3149 1171 τῆς
3177 1104 3505 1171 καθολικῆς
3540 1106 3671 1160 Ἐλι-

2158 1174 2420 1243 acina/ac
2442 1174 2636 1239 ἱερεῖς,
2666 1174 2827 1227 ἀλλὰ
2854 1174 2951 1226 καὶ
2981 1173 3121 1238 τοὺς
3153 1174 3222 1226 ἐν
3250 1175 3477 1241 ἑκάστῃ
3510 1177 3669 1241 οἰκίᾳ

2158 1240 2551 1327 διαφέροντας
2577 1243 3151 1327 προσκαιουμένοξθς
3166 1244 3355 1327 ὰὸςεῶς
3383 1240 3489 1327 ¹σὰς
3508 1240 3671 1327 ἱερὰς

2154 1313 2577 1381 μυσταγωγίας
2599 1315 2697 1366 καὶ
2731 1313 3009 1380 .latpet'uc
3041 1313 3192 1366 οἴκοι
3221 1314 3596 1369 suissuis-ir".

2172 1472 2232 1527 Ὀ
2263 1472 2424 1536 αὐτὸς
2465 1472 2714 1543 βασιλεὺς
2747 1473 3009 1543 Στεφάνῳ
3051 1474 3131 1543 τῷ
3182 1474 3466 1544 ἁγιωτάτῳ
3511 1475 3669 1545 ἀρχι-

2088 1564 2373 1634 επισκόπῳ
2399 1564 3025 1629 Κωνσταντινουπόλεως
3059 1566 3154 1617 καὶ
3177 1566 3541 1637 οἰκουμενικῷ
3563 1583 3669 1620 πα-

2087 1656 2344 1726 τριάρχῃ.

2159 1747 2283 1810 Τοῖς
2320 1746 2419 1816 μὲν
2451 1746 2824 1816 ἀρχαιοτέροις
2857 1746 3001 1811 ἔδοξε
3031 1748 3129 1811 τὰς
3157 1748 3279 1801 κατ’
3302 1746 3484 1811 οἴκους
3515 1749 3667 1818 ἱερα-

2087 1838 2239 1901 τείας
2288 1837 2382 1889 καὶ
2429 1835 2677 1901 συνάξεις
2704 1836 2809 1889 ὑπὸ
2838 1836 3013 1907 μόνων
3033 1838 3369 1892 ἐκτελεῖσθαι
3409 1839 3517 1891 τῶν
3547 1841 3667 1902 ταῖς

2088 1924 2765 1991 καθολικαῖςἘκκλησίαις
2799 1923 3164 1995 διαφερόντων
3193 1924 3404 1996 ἱερέων.
3434 1923 3526 1992 ὑφ’
3550 1924 3667 1976 ἐτέ-

2088 2036 2197 2091 ρων
2238 2019 2315 2084 δὲ,
2347 2016 2396 2070 οἳ
2445 2016 2524 2088 τῷ
2567 2016 2700 2086 οἴκῳ
2742 2016 3205 2084 προσανάκεινται
3231 2017 3326 2070 καὶ
3358 2001 3668 2084 ἰδιαζούσης

2084 2108 2409 2177 τυγχάνουσι
2437 2106 2553 2175 βίου
2577 2110 2981 2175 καταστάσεως,
3005 2112 3141 2178 μήτε
3164 2108 3503 2177 λειτουργίαν
3529 2109 3667 2177 μήτε

2083 2200 2205 2254 τινὰ
2236 2199 2511 2269 ἱερατείαν
2536 2198 2923 2252 ἐπιτελεῖσθαι.
2953 2198 3124 2252 Τοῦτο
3143 2199 3187 2253 δ’
3213 2199 3387 2252 ἔοικεν
3415 2199 3577 2252 ἕνεκά
3600 2216 3666 2267 γε

2082 2293 2182 2360 τῆς
2211 2293 2338 2361 περὶ
2381 2291 2481 2360 τήν
2527 2290 2712 2343 πίστιν
2740 2290 3039 2359 ἀσφαλείας
3073 2290 3151 2353 εἰς
3181 2289 3434 2359 ἐνθύμιον
3482 2289 3667 2353 αὐτοῖς

2083 2381 2331 2436 ἐπελθεῖν
2356 2381 2735 2445 ἀποθεσπίσαι,
2753 2380 2828 2444 ὡς
2854 2382 2918 2434 ἂν
2946 2381 3041 2451 μὴ.
3058 2381 3133 2443 ὡς
3164 2380 3331 2445 εἰκὸς,
3356 2380 3518 2433 τινῶν
3547 2381 3666 2432 ἑπι-

2084 2473 2437 2543 κρυπτόντων
2469 2471 2806 2533 ἀποστασίας
2831 2471 3053 2541 ὀλεθρον
3086 2473 3143 2524 ὲν
3178 2471 3257 2541 τῷ
3287 2470 3387 2541 τῆς
3436 2471 3667 2541 ἱερωσύ-

2084 2581 2181 2634 νης
2213 2565 2487 2633 σχήματι,
2521 2564 2807 2632 συμϐαίνοι
2836 2566 2956 2619 ἀντὶ
2985 2563 3080 2616 τοῦ
3111 2563 3433 2630 ἀγιάζεσθαι
3462 2563 3666 2633 μᾶλλον

2086 2654 2269 2707 πλεῖον
2301 2650 2660 2722 βεϐηλοῦσθαι
2696 2653 2823 2715 τοὺς
2851 2652 2948 2722 τῆς
2975 2652 3185 2705 ἐκείνου
3216 2652 3539 2723 μετέχοντας
3570 2652 3666 2704 ἁν-

2087 2745 2234 2816 ιέρου
2266 2744 2508 2813 τελετῆς.
2530 2744 2587 2797 ’0
2616 2744 2715 2814 μὲν
2735 2743 2828 2797 οὖν
2852 2742 3051 2806 σκοπὸς
3076 2742 3184 2795 τῶν
3218 2744 3311 2796 ἐπὶ
3344 2740 3470 2794 νοῦν
3506 2741 3665 2810 βαλο-

2088 2840 2263 2910 μένων
2289 2837 2388 2908 τὴν
2416 2835 2673 2907 τοιαύτην
2714 2837 3016 2905 ἀσφάλειαν
3060 2834 3448 2903 ἐπαινούμενός
3482 2850 3540 2887 τε
3567 2834 3664 2886 καὶ

2084 2929 2352 2998 ἀποδοχῆς
2380 2926 2528 2992 ἄξιος
2556 2926 2700 2981 κατά
2727 2926 2885 2980 τοῦτο
2911 2928 2993 2980 ὅτι
3024 2927 3086 2980 τὸ
3113 2926 3350 2994 ἀσφαλὲς
3377 2927 3475 2994 τῆς
3503 2926 3662 2978 εὐσε-

2083 3016 2211 3080 ϐοῦς
2262 3017 2603 3089 προὺνόησαν
2634 3017 2890 3081 πίστεως,
2916 3017 3053 3087 πλὴν
3087 3019 3147 3071 οὐ
3169 3019 3213 3050 ⁸⁸
3241 3018 3364 3071 καθ’
3395 3018 3518 3070 ὅσον
3548 3017 3663 3069 ἐνὸ-

2003 3122 2049 3184 C
2086 3126 2250 3179 μισαν
2277 3113 2579 3180 παρασχεῖν
2608 3109 2707 3180 τὴν
2760 3110 3067 3179 ἀσφάλειαν
3104 3110 3200 3163 ἐπὶ
3231 3110 3486 3163 τοσοῦτον
3515 3108 3662 3161 ἐστιν

408 3170 887 3226 commendatione
935 3173 1135 3241 dignus
1183 3182 1288 3228 est.
1345 3173 1733 3231 Verumtamen
1788 3188 1981 3246 quate-

2086 3170 2213 3250 ίδεῖν
2242 3199 2305 3251 ὲκ
2336 3170 2431 3251 τοῦ
2466 3170 2632 3269 νόμου
2662 3170 3085 3271 περιγινομένην
3109 3199 3277 3269 αὐτὴν
3309 3200 3401 3252 καὶ
3427 3202 3664 3253 ἐκτεινο-

410 3274 517 3314 nus
538 3274 597 3316 se
626 3259 943 3315 ﬁrmitatem
990 3264 1255 3320 allaturos
1308 3266 1718 3333 existimarunt,
1750 3276 1979 3323 eatenus

408 3350 560 3406 illam
591 3366 660 3406 ex
693 3351 811 3422 lege
838 3368 1197 3422 promauasse
1237 3364 1405 3426 atque
1438 3372 1499 3412 se
1528 3360 1844 3415 extendisse
1870 3376 1977 3415 non

406 3440 615 3498 videas.
649 3440 693 3497 Ε
723 3443 945 3500 diverso
969 3460 1101 3501 vero
1129 3447 1363 3503 subinde
1394 3448 1539 3503 illam
1596 3450 1771 3521 ipsam
1812 3451 1981 3523 legem

406 3532 683 3604 religiosis
710 3542 767 3590 et
794 3534 1000 3593 divinis
1023 3538 1351 3594 ministeriis
1380 3555 1605 3610 operam
1650 3544 1980 3599 navantibus

406 3625 572 3680 etiam
599 3627 881 3683 adversari
914 3630 1281 3699 conspicitur.
1317 3630 1386 3687 Ut
1408 3642 1589 3688 autem
1621 3633 1864 3703 pollutus
1895 3650 1981 3691 sa-

407 3716 625 3785 cerdos,
658 3720 751 3789 qui
784 3729 950 3776 notus
1005 3737 1113 3775 non
1145 3730 1252 3787 est,
1288 3724 1506 3792 pollutas
1562 3740 1677 3781 sua:
1719 3727 1979 3797 inquina-

409 3809 576 3866 tionis
607 3811 844 3881 aliquem
897 3813 1222 3883 participem
1269 3814 1462 3879 faciat,
1524 3817 1823 3873 verisimile
1868 3820 1980 3873 lor-

404 3910 553 3958 tasse
578 3913 665 3959 est
691 3904 989 3975 aliquando
1036 3905 1089 3959 id
1122 3907 1384 3962 evenire:
1422 3924 1612 3964 verum
1661 3925 1768 3964 non
1806 3912 1880 3966 ita
1915 3925 1976 3968 ut

404 4008 624 4065 semper
652 4002 709 4049 et
743 3996 970 4051 omnino
1023 3996 1134 4052 tale
1183 3997 1444 4068 quiddam
1484 4000 1789 4069 contingat.
1842 4002 1979 4069 Quis

402 4085 551 4141 enim
578 4087 763 4141 animo
789 4096 899 4142 tam
950 4088 1097 4143 facili
1139 4098 1246 4155 est,
1276 4098 1500 4160 tamque
1558 4095 1742 4148 omnia
1776 4096 1980 4164 promi-

404 4188 537 4229 scua
568 4175 757 4241 habet,
790 4184 849 4231 ut
881 4194 1044 4247 quem
1085 4196 1194 4235 non
1227 4183 1375 4235 norit
1407 4184 1770 4250 sacerdotem,
1806 4202 1980 4255 neque

403 4267 565 4334 cujus
587 4268 891 4337 religionis,
924 4286 1105 4340 neque
1168 4272 1372 4341 quibus
1415 4276 1662 4332 moribus
1695 4278 1787 4335 sit.
1834 4280 1979 4334 hunc

404 4358 474 4411 ad
513 4359 939 4415 sacriﬁcandum
964 4362 1230 4418 advocet?
1254 4366 1494 4420 Rursum
1525 4383 1660 4423 vero
1700 4370 1793 4438 qui
1828 4370 1972 4427 dele-

2096 3290 2283 3359 μένην.
2312 3290 2632 3343 Τούναντίον
2654 3290 2711 3345 δὲ
2739 3290 2885 3345 ἔστιν
2906 3292 2996 3344 ὅτε
3025 3293 3122 3345 καὶ
3146 3293 3257 3354 τοῖς
3286 3290 3533 3343 εὐσεϐέσι
3567 3290 3663 3343 καὶ

2083 3382 2214 3450 περὶ
2244 3383 2343 3442 τὰς
2374 3381 2526 3443 θείας
2554 3382 2894 3452 λειτουργίας
2923 3382 3162 3454 σπουδὴν
3192 3383 3547 3452 κεκτημένοις
3574 3383 3661 3433 ὲν-⁸

2081 3471 2431 3540 αντιούμενος
2461 3474 2489 3524 ὁ
2517 3471 2681 3541 νόμος
2707 3473 2924 3544 ὁρᾶται.
2949 3471 3024 3525 Τὸ
3060 3473 3160 3543 μὲν
3188 3474 3297 3543 γὰρ
3322 3473 3413 3525 τὸν
3445 3471 3661 3541 ἀνίερον

2085 3563 2239 3633 ἱερέα
2285 3562 2360 3633 μὴ
2403 3562 2682 3634 γνώριμον
2733 3564 3138 3635 καθιστάμενον
3184 3565 3506 3636 μεταδοῦναί
3553 3563 3661 3617 τινί

2082 3669 2213 3705 ποτε
2240 3653 2340 3721 τῆς
2376 3654 2571 3707 ἑαυτοῦ
2605 3654 2822 3725 ἀνιέρου
2847 3655 3222 3726 βεϐηλώσεως,
3254 3656 3401 3718 εἰκὸς
3431 3654 3661 3723 συμϐαί-

2081 3760 2194 3798 νειν
2223 3744 2289 3797 ἂν
2322 3744 2468 3809 ἴσως,
2500 3745 2638 3815 πλὴν
2664 3747 2760 3816 οὐχ
2788 3746 2960 3810 οὕτως
2993 3746 3135 3800 ὥστε
3166 3747 3353 3817 τρόπῳ
3379 3746 3540 3799 παντὶ
3559 3746 3658 3816 τὴν

2079 3835 2335 3904 τοιαύτην
2366 3836 2611 3903 γίνεσθαι
2657 3837 2946 3908 σύμϐασιν.
2975 3838 3070 3902 Τίς
3102 3838 3210 3909 γὰρ
3237 3837 3409 3900 οὕτως
3437 3835 3657 3899 εὔκολος

2044 3970 2055 3975 -
2080 3928 2179 3998 τὴν
2211 3932 2438 3997 γνώμην
2485 3930 2577 3983 καὶ
2604 3931 2913 4001 ἀδιάφορος,
2943 3931 3019 3993 ὡς
3052 3931 3300 4000 ἱερᾶσθαι
3330 3929 3657 4001 προσκαλεῖν

2078 4018 2138 4072 ὃν
2171 4020 2267 4071 οὑκ
2302 4014 2442 4071 οἶδεν
2470 4020 2649 4089 ἱερέα,
2697 4022 2787 4074 καὶ
2816 4017 2878 4076 οὗ
2908 4023 3000 4075 τοῦ
3031 4022 3373 4091 σεϐάσματος
3422 4020 3517 4072 καὶ
3556 4019 3657 4085 τῆς

2079 4109 2352 4173 πολιτείας
2385 4110 2724 4182 καθέστηκεν
2752 4114 3002 4183 ἀμαθής;
3044 4114 3210 4166 Πάλιν
3250 4113 3308 4165 δὲ
3351 4113 3441 4165 καὶ
3479 4111 3529 4163 οἱ
3558 4110 3655 4179 τὴν

2079 4201 2417 4254 ἀποστασίαν
2444 4200 2739 4264 θάλποντες
2771 4203 2864 4255 καὶ
2888 4204 3120 4273 ἀνιέρως
3153 4202 3519 4271 ἱερατεύοντες
3554 4200 3656 4252 οὐκ

2079 4290 2145 4342 ἂν
2176 4290 2253 4360 μὴ
2283 4291 2417 4359 πρὸς
2446 4292 2571 4353 τοὺς
2606 4292 2843 4354 οἰκείους
2885 4294 2983 4362 τῆς
3020 4292 3335 4354 δυσσεϐείας
3370 4291 3655 4361 βουλήσον-

2080 4398 2171 4434 ται
2204 4382 2476 4435 συνελθεῖν
2496 4400 2509 4411 ’
2544 4382 2682 4435 ὥστε
2711 4382 2740 4434 ὃ
2770 4385 2868 4452 μὲν
2899 4385 3292 4453 ἁσφαλίζεσθαι
3319 4386 3347 4436 ὁ
3373 4384 3534 4452 νόμος
3570 4381 3655 4433 δο-

402 4449 643 4505 ctionem
686 4452 1010 4518 moliuntur,
1069 4470 1293 4525 remque
1345 4473 1562 4513 sacram
1619 4463 1978 4530 profananter

2085 4474 2189 4532 κεῖ,
2217 4473 2278 4524 οὐ
2311 4471 2490 4536 καθὼς
2522 4474 2697 4537 ἔδοξεν
2727 4449 3318 4542 ἀσφαλίζεται.Ἀλλως
3349 4474 3406 4527 δὲ
3428 4449 3539 4535 τοῖς
3564 4472 3654 4525 εὐ-

402 4541 635 4609 l'aciunt,
671 4558 741 4599 ne
775 4544 853 4599 illi
887 4559 1012 4600 cmn
1072 4547 1265 4603 alienis
1295 4549 1365 4604 ab
1417 4550 1697 4621 impietate
1733 4569 1978 4612 conven-

400 4641 492 4690 tus
521 4649 683 4707 agere
709 4653 818 4693 non
846 4638 1037 4702 velint,
1062 4648 1121 4694 ut
1165 4641 1311 4697 unde
1339 4642 1572 4698 stabiliri
1604 4645 1690 4701 lex
1739 4648 1977 4714 videtur,

400 4740 511 4779 non
552 4726 682 4782 inde
719 4730 1180 4800 quemadmodum
1228 4732 1598 4809 existimatum
1653 4737 1748 4803 sit,
1803 4741 1977 4794 stabi-

400 4815 589 4872 liatur.
620 4817 759 4875 Tum
790 4829 845 4877 et
878 4822 1219 4892 religiosisin
1246 4825 1431 4879 multis
1469 4826 1801 4883 utilitatibus
1841 4846 1975 4885 con-

2082 4562 2265 4615 σεϐέσι
2298 4563 2495 4633 πολλῆς
2520 4563 2785 4632 ὡφελείας
2814 4566 3124 4635 εὑρίσκεται
3153 4565 3442 4636 γινομένης
3464 4566 3504 4595 ¹⁹
3552 4565 3651 4632 ἐμ-

2081 4655 2277 4708 ποδών.
2308 4654 2441 4724 Θείᾳ
2487 4655 2594 4724 γὰρ
2643 4656 2828 4727 χάριτι
2862 4656 3058 4727 μικροῦ
3092 4655 3231 4709 κατά
3264 4657 3438 4708 πάντα
3481 4649 3650 4717 οἷκον,

2076 4745 2137 4798 οὐ
2167 4745 2327 4815 μόνον
2361 4746 2468 4800 τῶν
2491 4749 2991 4818 περιφανεστέρων,
3016 4748 3153 4801 ἀλλὰ
3180 4749 3273 4801 καὶ
3302 4747 3409 4799 τῶν
3441 4746 3650 4798 εὐτελε-

2078 4838 2306 4907 στέρων,
2333 4838 2637 4907 εὐκτηρίων
2686 4837 2852 4892 οἴκων
2884 4840 3338 4910 ἀνεγηγερμένων
3386 4838 3524 4905 Θεῷ,
3553 4837 3651 4906 τῆς

1664 4963 1901 5019 VARUE
1941 4967 2347 5026 LECTIONES.

473 5071 849 5163 “‘Alffug‘datur
880 5075 1281 5163 llarmergopuli
1307 5079 1453 5162 Man;
1498 5082 1671 5163 legitur
1700 5086 1786 5163 (ξι.
1827 5087 1985 5163 {587.
2022 5090 2114 5145 lin.
2176 5110 2213 5157 ι,
2255 5096 2336 5146 tit.
2367 5094 2421 5160 2,
2460 5094 2623 5163 p,23.
2736 5094 2777 5125 "
2815 5093 2887 5148 cf.
2920 5094 3080 5156 intra,
3111 5110 3234 5150 nov.
3284 5111 3373 5149 xv.
3483 5092 3523 5123 ⁸⁸
3557 5090 3649 5144 Sic

399 5145 635 5197 correxit
659 5142 987 5215 Stephanus,
1015 5142 1174 5204 codd.
1192 5150 1329 5219 πλὴν
1356 5150 1469 5207 τοῦ.
1548 5142 1599 5185 ’⁵³
1624 5153 1816 5212 Melius
1843 5142 2292 5231 [οι-ιε’γινάμενοςζ

1897 5270 2129 5329 NOTAE.

469 5353 585 5427 (σο)
630 5354 865 5427 Nuptias
913 5355 1193 5427 intelligit.
1234 5356 1378 5413 Idem
1410 5374 1549 5427 pene
1601 5361 1803 5417 dicitur
1832 5365 1884 5418 in
1929 5366 1967 5421 ι.

400 5420 491 5501 μζ
518 5420 614 5494 §l,
638 5420 782 5501 vers.
807 5423 1036 5501 Oportet
1059 5420 1197 5480 Cod.
1235 5428 1304 5501 de
1332 5420 1576 5497 episcop.
1611 5435 1755 5498 quod
1778 5420 1967 5501 parum

400 5494 631 5569 honesti}
664 5494 886 5569 dictum
932 5496 1201 5569 videtur;
1238 5494 1419 5569 τίμιος
1462 5494 1571 5568 γάρ
1626 5494 1653 5553 ὃ
1686 5494 1859 5569 γάμος
1914 5506 1971 5557 ἐν

401 5562 715 5641 πᾷσιδξοὺ.
735 5580 854 5641 κῃι,
879 5581 1023 5641 vers.
1041 5567 1091 5621 4.
1127 5562 1435 5641 Simileest
1468 5562 1727 5641 quiddam
1754 5562 1967 5641 Syriaci

403 5632 537 5703 dist.
566 5632 656 5703 82,
678 5649 709 5686 c
771 5635 825 5693 4,
878 5643 933 5686 rt
960 5634 1263 5689 Innocentii
1286 5638 1417 5697 dist.
1466 5632 1558 5702 28,
1580 5656 1629 5691 c.
1654 5640 1707 5703 9.,
1749 5632 1968 5697 εἶϐε-ε-

406 5700 692 5774 gori_i_disl.
727 5703 815 5774 28,
847 5720 896 5755 c.
922 5705 1267 5774 Priusquam.

478 5766 589 5831 (3|)
635 5768 804 5839 Ἱερὰς
839 5766 1224 5841 μυσταγωγίας
1257 5776 1347 5828 καὶ
1379 5777 1657 5845 λατρείας,
1683 5782 1728 5836 si
1764 5790 1837 5837 ita
1863 5792 1965 5845 est,

2077 5369 2296 5425 Novella
2348 5370 2643 5426 Justiniani
2700 5372 2767 5425 58
2803 5371 3122 5435 abrogatur.
3157 5370 3376 5424 Interim
3433 5370 3534 5421 hoc
3569 5371 3648 5419 vi-

2076 5442 2237 5494 detur
2283 5442 2511 5495 innuere
2572 5443 2843 5495 sacerdoti
2881 5444 3110 5509 privatis
3146 5442 3198 5494 in
3236 5441 3491 5509 domibus
3529 5456 3631 5506 prs

2078 5512 2214 5563 mitti
2251 5510 2499 5580 ἱερᾶσθαι
2554 5513 2661 5586 uel.“
2707 5508 3113 5586 ituaraiycbysi’v,
3163 5511 3382 5586 παιδειεο
3421 5508 3642 5586 Non-Ila

2077 5583 2348 5647 pertineat
2391 5583 2457 5632 ad
2484 5581 2751 5634 sacriﬁcia
2782 5592 2837 5633 et
2885 5581 3416 5633 administrationem
3486 5580 3636 5629 verbi

2074 5665 2195 5717 cap.
2219 5650 2464 5703 Clericos
2490 5650 2618 5703 ἀίει.
2648 5652 2696 5713 1,
2731 5650 2800 5706 de
2821 5662 3150 5717 consecrat.,
3185 5660 3243 5703 ut
3266 5660 3319 5703 ct
3363 5647 3496 5702 Nov.
3560 5648 3643 5708 lii,

2078 5717 2219 5774 infra
2255 5721 2322 5775 ad
2342 5720 2694 5789 baptismum.
