4048 6490
434 389 541 455 435

1663 392 1939 455 LEONIS
1972 396 2435 461 PHILOSOl’lll

3560 408 3561 411 ‘
3588 394 3690 458 ωδ

429 520 459 555 a
502 503 751 573 principe
808 502 1018 556 lumine
1051 500 1383 555 collocatum
1438 501 1645 567 lumen)
1676 502 1886 567 dixisti,
1929 519 2003 558 an

2118 506 2373 578 ὶειμένον.
2404 511 2629 579 ἀπορεῖν
2676 510 2832 577 ἔφης,
2865 507 2952 561 οἷα
3002 510 3066 579 δὴ
3116 508 3314 577 νέφους
3349 509 3451 575 τῆς
3481 507 3690 560 ὲκεῖθεν

429 598 824 653 constitutione
849 596 990 650 facta
1021 596 1319 651 monachos
1372 596 1685 651 istiusmodi
1730 597 2000 651 bonorum

430 689 685 744 dominos
724 689 1004 758 designari
1049 695 1352 757 oporteret,
1409 704 1479 741 an
1539 703 1671 742 vero
1728 689 1879 757 ipsos
1935 687 2004 741 ab

431 780 649 833 illorum
675 779 924 834 dominio
971 780 1144 833 arceri
1169 780 1521 833 conveniret:
1552 779 1813 833 nimirum
1855 778 2003 848 quod

432 881 696 939 tanquam
755 872 952 935 nubes,
1010 886 1132 939 qua:
1191 872 1351 925 istinc
1386 872 1719 941 ambiguitas
1763 872 2004 936 exsistit,

429 964 662 1018 rationis
695 964 899 1025 radios.
928 981 1039 1032 quo
1072 979 1257 1017 minus
1289 964 1581 1031 perspicue
1626 977 1692 1017 ea
1726 979 1817 1017 res
1857 963 2005 1031 diju-

427 1052 600 1107 dicari
636 1055 831 1123 possit,
859 1054 1058 1109 subeat
1077 1062 1133 1107 et
1153 1053 1382 1108 oll'uscet
1403 1071 1418 1107 :
1442 1054 1705 1123 quoniam
1732 1053 2006 1123 (inquam)

429 1145 499 1200 de
564 1146 669 1200 hoc
708 1146 1027 1200 dubitantes
1067 1147 1239 1200 variis
1286 1161 1388 1200 nos
1420 1145 1887 1216 postulationibus
1939 1147 2007 1197 ad

434 1230 600 1299 hujus
627 1231 703 1285 rei
733 1231 1245 1287 considerationem
1310 1247 1416 1285 una
1482 1233 1764 1287 vobiscum
1831 1232 2007 1287 susei-

433 1322 688 1389 piendam
722 1324 925 1378 hortati
959 1325 1132 1379 estis:
1176 1340 1301 1387 nos,
1337 1333 1394 1378 ut
1424 1325 1477 1379 in
1528 1325 1675 1390 aliis,
1732 1325 1805 1378 ita
1833 1335 1887 1377 et
1920 1323 2009 1377 hic

434 1414 836 1469 sacerdotalem
862 1427 1009 1469 luam
1045 1416 1377 1485 dignitatem
1432 1425 1778 1480 venerantes,
1823 1415 1889 1469 ad
1917 1429 2009 1469 sa-

435 1504 806 1559 tisfactionem
875 1506 1163 1574 petitionis
1224 1516 1330 1561 tua:
1362 1507 1730 1578 accingimur.
1794 1508 1872 1559 Ac
1916 1505 2010 1558 illa

435 1594 654 1660 quidem
686 1595 920 1664 priumm
950 1610 979 1649 a
1012 1597 1173 1651 nobis
1204 1598 1487 1659 dicantur,
1537 1614 1660 1667 qua
1720 1613 1751 1651 a
1804 1597 2012 1651 veteri-

435 1685 541 1739 bus
559 1684 673 1754 (37)
698 1686 886 1741 deillis
911 1688 1004 1756 qui
1034 1702 1095 1741 se
1115 1687 1225 1757 jam
1246 1689 1300 1741 in
1326 1688 1687 1743 monasticam
1714 1687 2011 1758 rempubli-

435 1790 555 1828 cam
596 1775 708 1845 (58)
772 1778 974 1831 ascribi
1020 1779 1234 1843 volunt,
1285 1781 1593 1834 constituta
1635 1789 1765 1835 sunt
1816 1798 1831 1835 :
1900 1782 2010 1837 illis

437 1881 631 1936 nempe
660 1866 730 1921 de
762 1868 929 1923 rebus
983 1870 1100 1924 suis
1166 1871 1322 1939 prius
1386 1871 1699 1926 testandum
1758 1888 1902 1938 esse,
1950 1888 2015 1927 ac
2044 1855 2086 1909 Β

435 1959 637 2013 deinde
669 1958 736 2013 ad
776 1961 1135 2030 concupitum
1175 1963 1297 2014 vitae
1347 1962 1664 2015 institutum
1706 1966 2011 2033 proceden-

435 2048 588 2112 dum,
620 2064 720 2103 nec
739 2050 1158 2119 dispositionem
1206 2067 1389 2105 rerum
1418 2068 1646 2108 suarum
1676 2054 1802 2109 vita:
1834 2066 2014 2109 muta-

437 2141 586 2193 tione
612 2139 1047 2210 anticipandam.
1088 2139 1220 2193 Nam
1256 2141 1303 2194 si
1340 2142 1445 2196 hoc
1489 2143 1563 2196 ita
1602 2143 1857 2198 evenisse
1881 2159 2014 2199 con-

438 2236 567 2291 stet,
598 2244 705 2283 non
739 2231 979 2299 amplius
1029 2231 1166 2300 ipsis
1207 2230 1326 2299 jam
1381 2234 1585 2296 tonsis,
1625 2243 1684 2288 ut
1729 2233 1797 2288 de
1851 2235 2015 2289 rehus

434 2320 555 2376 suis
586 2321 886 2391 quidquam
918 2330 1167 2377 statuant
1214 2325 1639 2392 permittendum
1697 2339 1858 2381 esse:
1896 2341 2016 2379 om-

438 2428 674 2480 nemque
698 2414 1092 2479 substantiam,
1115 2414 1166 2465 in
1198 2429 1305 2479 qua
1335 2415 1569 2471 ecclesia
1590 2416 1735 2471 tonsi
1754 2426 1904 2481 sunt,
1937 2416 2015 2470 illi

433 2518 742 2557 cessuram.
780 2503 934 2569 Quod
959 2520 1091 2558 sane
1124 2504 1192 2558 de
1212 2503 1282 2557 iis
1314 2505 1408 2573 qui
1443 2507 1607 2558 vitam
1657 2507 2016 2561 monasticam

432 2595 546 2662 jam
587 2594 900 2655 subierttnt,
928 2594 1215 2648 decretum
1244 2593 1420 2664 (extra
1446 2611 1611 2665 quam
1644 2598 1690 2650 si
1725 2597 1882 2651 liberi
1925 2598 2017 2667 qui

440 2685 812 2739 haereditatem
847 2692 1059 2755 petant,
1094 2685 1395 2752 supersint)
1440 2694 1496 2739 et
1538 2687 1830 2756 optimum,
1853 2696 1909 2743 et
1945 2688 2020 2743 ita

441 2784 494 2829 ut
525 2790 687 2830 nemo
714 2774 893 2846 possit
919 2776 1140 2837 melius,
1171 2777 1536 2831 constitutum
1581 2785 1704 2833 est:
1765 2788 1880 2833 tum
1920 2795 2021 2835 nec

438 2865 563 2920 addi
613 2881 714 2920 nec
748 2865 917 2920 adimi
956 2866 1034 2920 illi
1086 2867 1385 2937 quidquam
1434 2879 1621 2938 queat.
1678 2869 1887 2925 Etenim
1924 2872 2019 2941 qui

438 2966 568 3011 ante
602 2966 864 3012 mutatam
892 2958 1019 3012 vita:
1043 2960 1337 3025 rationem,
1369 2974 1494 3014 cum
1528 2960 1799 3016 bonorum
1834 2963 2025 3033 dispo—

438 3046 696 3098 sitionem
730 3046 786 3099 in
855 3046 1089 3099 arbitrio
1129 3063 1232 3101 suo
1273 3049 1510 3118 positam
1550 3050 1798 3116 haberet,
1842 3052 1909 3107 de
1955 3053 2023 3109 iis

439 3144 681 3191 statuere
704 3137 966 3202 noluerit,
1006 3140 1204 3193 merito
1231 3141 1580 3208 postmodum
1607 3143 1660 3197 id
1687 3142 1871 3198 facere
1894 3160 2018 3213 pro-
2045 3179 2088 3235 Ο

441 3227 681 3291 hibetur,
716 3238 771 3281 ut
794 3228 888 3297 qui
923 3242 984 3281 se
1020 3229 1139 3299 ipse
1167 3229 1220 3283 in
1249 3230 1349 3285 has
1378 3232 1665 3301 angustias
1694 3233 2016 3302 coniecerit.

438 3317 735 3389 Propterea
770 3321 916 3376 enim
946 3321 1091 3391 quod
1120 3338 1243 3378 cum
1302 3323 1512 3377 licitum
1558 3324 1661 3394 ipsi
1688 3335 1836 3381 esset
1882 3342 2022 3397 ιιι-ςε-

437 3416 731 3484 disponere
754 3432 841 3472 res
866 3432 997 3472 suas
1022 3424 1353 3472 testamento
1376 3419 1639 3485 noluerit,
1672 3419 1796 3487 ejus
1824 3431 2016 3490 postea

443 3508 677 3562 faciendi
715 3509 1057 3575 laeultatem,
1082 3517 1346 3579 tanquam
1395 3512 1465 3566 ab
1499 3512 1620 3582 ipso
1680 3512 2020 3578 damnatam,

440 3598 542 3651 sibi
571 3598 775 3663 adimi,
833 3599 886 3653 id
931 3616 1062 3654 vero
1110 3601 1235 3669 jure
1287 3602 1447 3670 longe
1498 3604 1710 3672 optimo
1759 3606 2019 3658 Sustinet.

437 3688 781 3760 Ca-teroquin
813 3693 997 3757 etiam,
1039 3694 1309 3762 quomodo
1344 3710 1450 3746 non
1501 3694 1799 3748 absurdum
1838 3695 2019 3759 fuerit,

440 3780 485 3832 si
516 3781 609 3845 qui
636 3796 695 3835 se
744 3782 812 3835 ab
865 3781 1032 3848 hujus
1083 3784 1205 3837 vita:
1236 3783 1387 3839 curis
1424 3785 1752 3850 sejunxcrit,
1803 3786 2019 3839 illarum

440 3873 619 3925 adhue
657 3889 799 3929 onus
836 3873 1083 3938 sutTerat,
1146 3876 1384 3945 indeque
1429 3890 1788 3946 promanante
1850 3880 2020 3931 mole-

439 3961 543 4013 stia
586 3963 903 4029 prematur?
926 3961 1154 4015 Liberos
1181 3964 1371 4030 igitur,
1405 3966 1499 4033 qui
1539 3965 1589 4017 in
1620 3967 2017 4019 monachorum

441 4068 728 4106 numerum
806 4058 1083 4124 ascriptus
1157 4063 1243 4108 est
1326 4056 1814 4126 (quemadmodum
1883 4058 2020 4127 dixi)

438 4142 660 4210 quando
692 4159 801 4196 non
840 4144 1024 4204 habet.
1056 4159 1161 4197 non
1195 4143 1445 4213 profecto
1481 4145 1584 4199 hoc
1607 4146 1891 4200 decretum
1923 4148 2020 4200 do-

439 4238 596 4284 creto
627 4230 782 4284 alteri
816 4232 998 4288 cedat.
1040 4232 1109 4285 At
1136 4234 1180 4287 si
1222 4234 1377 4287 liberi
1415 4235 1691 4302 supersint
1720 4237 1851 4303 (non
1872 4236 2019 4288 enim

2108 600 2440 668 ἀμφιϐολίας
2474 600 2879 669 ὑποτρεχούσης
2910 600 3008 662 τὴν
3043 602 3237 655 ἀκτῖνα
3280 595 3377 669 τοῦ
3423 596 3687 667 λογισμοῦ

2109 691 2249 761 πρὸς
2281 692 2342 745 τὸ
2368 692 2572 763 τρανὴν
2597 692 2833 761 ἐκφῆναι
2873 691 3170 762 διάκρισιν,
3204 689 3313 742 εἴτε
3366 688 3547 756 δεήσοι
3594 690 3692 757 τῆς

2106 784 2362 854 τοιαύτης
2416 785 2731 855 περιουσίας
2790 784 3011 854 κυρίους
3049 779 3188 836 εἶναι
3235 781 3365 843 τοὺς
3424 780 3692 848 μοναστάς

2109 876 2381 928 ποιεῖσθαι
2415 875 2696 940 διάταξιν,
2732 876 2842 929 εἴτε
2877 873 3110 927 κωλύειν
3155 871 3305 935 ἀξιον
3356 869 3553 931 αὑτοὺς
3596 869 3693 937 τῆς

2107 964 2195 1017 ἐπ’
2226 966 2362 1035 αὑτῇ
2412 964 2734 1034 κυριότητος
2754 984 2765 997 -
2819 964 2942 1017 ἐπεὶ
2975 958 3068 1017 οὖν
3097 960 3227 1030 περὶ
3260 958 3421 1011 τοῦτο
3438 958 3483 990 ’³
3526 960 3695 1027 ἀμφι-

2110 1056 2397 1119 ϐάλλοντες
2432 1055 2713 1127 διαφόροις
2750 1056 2894 1124 ἡμᾶς
2932 1054 3245 1123 ὲξαιτήσεσι
3275 1052 3415 1120 πρὸς
3444 1048 3543 1119 τὴν
3576 1047 3696 1100 ἐπί-

2112 1151 2304 1218 σκεψιν
2325 1149 2851 1218 συναντιλαμϐάνειν
2883 1150 3054 1218 προὺτ
3064 1145 3322 1218 ρέψασθε,
3336 1142 3605 1213 τιμῶντες
3621 1140 3696 1202 ὡς

2110 1244 2168 1294 ὲν
2199 1244 2312 1303 τοῖς
2350 1241 2530 1304 ἄλλοις
2576 1240 2720 1294 οὑτω
2764 1238 3043 1293 κάνταῦθα
3092 1239 3189 1308 τὴν
3235 1235 3390 1304 ὑμῶν
3416 1234 3695 1303 ἱερότηται

2111 1331 2250 1401 πρὸς
2292 1331 2390 1399 τὴν
2442 1329 2791 1400 ἐκπλήρωσιν
2837 1324 3219 1395 καθιστάμεθα
3249 1322 3344 1376 τοῦ
3374 1321 3695 1389 αἰτήματος.

2124 1421 2339 1474 Ἐκεῖνα
2366 1420 2423 1471 δὲ
2451 1419 2663 1487 πρῶτον
2692 1418 2932 1489 εἰρήσθω
2956 1419 3111 1486 ἡμῖν,
3139 1416 3239 1468 ὅσα
3267 1430 3331 1481 γε
3374 1412 3491 1472 τοῖς
3524 1408 3696 1461 πάλαι

2111 1509 2456 1581 διώρισται¹⁵
2490 1509 2614 1577 περὶ
2661 1508 2772 1561 τῶν
2814 1509 2941 1579 ἀρτι
2994 1504 3363 1576 βουληθέντων
3415 1499 3553 1570 πρὸς
3599 1496 3700 1565 τὴν

2115 1602 2326 1669 μονήρη
2357 1596 2761 1667 μετατάξασθαι
2802 1596 3078 1649 πολιτείαν
3124 1596 3141 1662 (
3168 1592 3313 1661 φημὶ
3343 1590 3410 1661 δὴ
3443 1588 3574 1659 περὶ
3602 1583 3699 1638 τοῦ

2113 1687 2381 1759 πρότερον
2436 1687 2635 1748 αὑτοὺς
2668 1686 2738 1739 τὰ
2769 1686 2947 1739 οἰκεῖα
2995 1684 3297 1753 πράγματα
3338 1676 3697 1736 διατίθεσθαι.

2113 1776 2258 1831 οὕτω
2301 1794 2361 1830 τε
2411 1777 2547 1848 πρὸς
2595 1777 2694 1845 τὴν
2740 1774 3187 1845 ἐπιθυμουμένην
3231 1772 3517 1842 προσιέναι
3544 1766 3699 1820 πολι-

2117 1870 2290 1939 τείαν,
2318 1870 2455 1924 ἀλλά
2483 1869 2558 1940 μὴ
2589 1868 2996 1939 προλαμϐάνειν
3020 1867 3121 1937 τὴν
3142 1863 3448 1936 μεταϐολὴν
3466 1859 3559 1914 τοῦ
3582 1858 3703 1929 βίου

2115 1962 2214 2030 τὴν
2244 1960 2374 2029 περὶ
2418 1959 2527 2011 τῶν
2574 1958 2920 2028 πραγμάτων
2966 1955 3233 2019 διάταξιν,
3259 1953 3336 2016 ὡς
3368 1952 3422 2004 εί
3446 1967 3509 2017 γε
3542 1946 3705 2001 τοῦτο

2115 2052 2259 2104 οὑτω
2299 2051 2595 2121 συμϐαῖνον
2626 2050 2843 2120 ὀφθείη,
2872 2049 3060 2102 οὑκὲτι
3092 2042 3556 2115 ἀποκειραμένοις
3606 2040 3703 2093 αὑ-

2116 2146 2229 2207 τοῖς
2260 2144 2698 2214 ἐπιτραπήσεται
2742 2144 2776 2212 ή
2813 2138 3079 2205 διάταξις,
3107 2137 3244 2193 ἀλλά
3274 2135 3517 2208 χωρήσει
3548 2132 3704 2184 πᾶσα.

2118 2236 2153 2304 ἢ
2188 2233 2421 2304 ὓπαρξις
2467 2234 2545 2296 εἷς
2593 2233 2693 2304 τὴν
2738 2234 2794 2286 ἐν
2927 2231 3294 2300 ἀπεκείραντο
3344 2221 3703 2296 ἐκκλησίαν),

2115 2326 2291 2380 ταῦτα
2316 2328 2380 2396 δὴ
2413 2326 2482 2379 τὰ
2511 2327 2637 2396 περί
2670 2324 2776 2377 τῶν
2807 2324 2933 2393 άρτι
2964 2322 3301 2391 προσιόντων
3321 2317 3400 2389 τῷ
3427 2312 3703 2388 μοναδικῷ

2122 2421 2222 2491 βιῳ
2254 2420 2587 2492 διωρισμένα
2618 2421 2695 2489 (εἰ
2744 2421 2817 2487 μὴ
2851 2418 3037 2479 παῖδες
3066 2416 3289 2485 πάρεισι
3314 2411 3415 2482 τὴν
3444 2410 3705 2479 κληρονο-

2124 2510 2254 2580 μίαν
2286 2508 2577 2570 καλοῦντες
2602 2511 2629 2576 )“
2667 2506 2865 2576 ἄριστά
2892 2523 2952 2557 τε
2982 2505 3079 2557 καὶ
3104 2504 3180 2567 ὡς
3203 2503 3302 2555 οὑκ
3347 2500 3413 2553 ἀν
3454 2516 3538 2560 τις
3566 2497 3701 2565 φαίη

2121 2600 2343 2669 ἄμεινον
2372 2598 2742 2658 διατέτακται,
2772 2596 2868 2648 καὶ
2897 2594 3022 2648 οὗτε
3050 2610 3105 2645 τι
3141 2590 3459 2663 προσθεῖναι
3491 2587 3703 2646 τούτοις

2121 2687 2231 2741 οὔτ’
2263 2688 2482 2756 ἀφελεῖν
2530 2687 2624 2741 ἀπ’
2663 2686 2844 2738 αὐτῶν
2900 2686 3069 2739 ἔστιν.
3099 2684 3213 2765 Kal
3240 2680 3350 2751 γὰρ
3401 2681 3429 2732 ὁ
3477 2678 3581 2748 πρὸ
3605 2674 3703 2729 τοῦ

2121 2779 2405 2849 διαμεῖψαι
2435 2779 2535 2850 τὴν
2562 2778 2839 2831 πολιτείαν
2870 2777 2929 2830 ιν
2963 2778 3030 2847 τῇ
3058 2774 3267 2829 ἐκείνου
3292 2772 3488 2841 γνώμη
3512 2767 3703 2836 κειμέ-

2122 2887 2224 2941 νην
2254 2870 2392 2939 ἔχων
2416 2872 2514 2938 τὴν
2561 2869 2671 2921 τῶν
2712 2866 3068 2937 ὑπαρχόντων
3094 2865 3383 2933 διοίκησιν,
3424 2859 3585 2913 τοῦτο
3626 2858 3703 2928 μὴ

2128 2959 2409 3032 βουληθεὶς
2428 2957 2851 3027 διαπράξασθαι,
2881 2956 3109 3017 εἰκότως
3142 2953 3281 3024 μετά
3305 2950 3478 3005 ταῦτα
3507 2948 3706 3018 ἀπείρ-

2126 3069 2281 3120 γεται
2316 3051 2413 3117 τῆς
2455 3047 2777 3118 ἐπιτροπῆς.
2814 3046 2976 3107 αύτδς
3007 3044 3200 3097 ἑαυτὸν
3224 3045 3304 3105 εἰς
3334 3041 3491 3093 τοῦτο
3539 3055 3709 3091 κατα-

2132 3140 2366 3211 στήσας·
2411 3130 2574 3190 δι’ὦν
2605 3138 2714 3206 γᾰρ
2752 3136 2852 3189 οὑκ
2902 3134 3169 3205 ἐϐουλήθη
3220 3131 3339 3197 ὲξδν
3390 3128 3539 3199 αὑτῷ
3572 3144 3703 3199 προ-

2119 3231 2450 3301 διῳκηκὲναι
2492 3230 2560 3283 τὰ
2598 3229 2903 3298 πράγματα
2922 3269 2936 3291 ,
2988 3228 3088 3295 τὴν
3120 3226 3258 3296 μετὰ
3286 3224 3460 3277 ταῦτα
3491 3222 3590 3292 τῆς
3620 3221 3711 3283 ἐξα

2118 3321 2308 3382 ουσίας
2333 3319 2626 3389 ἀφαίρεσιν
2663 3318 2729 3370 δι’
2754 3316 2949 3371 ἑαυτοῦ
2984 3312 3505 3385 καταψηφιζομὼην
3554 3310 3709 3363 εὑλόσ

2121 3430 2234 3481 γως
2267 3411 2667 3481 φέρει.¹’Λλλως
2710 3427 2770 3462 τε
2819 3409 2877 3461 δὲ
2923 3410 3017 3461 καὶ
3063 3406 3179 3470 πῶς
3228 3407 3329 3459 οὑκ
3362 3404 3586 3463 ἄτοπον,
3614 3402 3714 3455 τὸν

2122 3501 2536 3569 ἀποταξάμενον
2584 3501 2703 3561 ταῖς
2743 3498 2836 3551 τοῦ
2887 3498 3003 3568 βίον
3037 3496 3316 3568 φροντίσιν
3362 3495 3443 3547 ἔτι
3494 3494 3555 3546 τὸ
3597 3492 3713 3545 τῶν

2124 3591 2417 3662 φροντίδων
2462 3590 2649 3660 φέρειν
2683 3589 2901 3659 φορτίον
2930 3591 3024 3642 καὶ
3055 3587 3135 3658 τῷ
3164 3587 3373 3640 ἐκεῖθεν
3402 3585 3558 3657 βάρει
3588 3584 3714 3636 πιέ-

2124 3683 2349 3749 ζεσθαι;
2384 3682 2646 3743 Ἀπαιδος
2700 3682 2799 3751 μὲν
2844 3675 2959 3742 οὖν,
2984 3679 3174 3750 ὥσπερ
3222 3678 3389 3749 ἔφην,
3425 3678 3578 3739 ὄντος
3612 3675 3714 3728 τοῦ

2124 3775 2261 3846 πρὸς
2294 3774 2564 3844 μοεθαχοὺς
2599 3771 3066 3842 μεταταξαμένου,
3090 3770 3230 3841 αὕτη
3254 3774 3287 3841 ἡ
3316 3771 3496 3840 ψῆφος
3518 3769 3620 3822 οὑκ
3643 3768 3717 3821 ἂν

2125 3867 2429 3934 ὑπεκσταίη
2456 3864 2624 3935 ψήφῳ
2658 3864 2849 3933 ἑτέρᾳο
2885 3866 2931 3916 εί
2976 3864 3030 3917 δὲ
3068 3863 3287 3933 πάρεισι
3322 3862 3507 3923 παῖδες
3548 3860 3716 3932 (τότε

2124 3960 2233 4029 γὰρ
2271 3958 2368 4027 οὑχ
2400 3958 2548 4010 ὅσιον
2595 3955 2826 4025 ζημιοῦν
2854 3956 3098 4018 ἐκείνους
3140 3956 3229 4009 διὰ
3256 3955 3355 4025 τὴν
3383 3953 3478 4006 τοῦ
3506 3953 3718 4022 γονέως

2127 4050 2328 4120 σιγὴν),
2358 4051 2418 4101 οὑ
2452 4047 2684 4100 κωλύσει
2714 4048 2996 4110 παντελῶς
3024 4048 3123 4118 τὴν
3165 4047 3409 4110 διάταξιν
3447 4046 3508 4099 τὸ
3539 4062 3715 4114 μονα-

2123 4142 2270 4194 δικὸν
2322 4143 2541 4209 σχῆμα,
2578 4141 2713 4194 ἀλλὰ
2746 4140 2924 4209 δῆλον,
2955 4141 3031 4203 ὼς
3084 4139 3393 4204 διατάξεται
3440 4138 3545 4210 μὲν
3581 4140 3719 4209 περὶ

2124 4232 2233 4285 τῶν
2280 4232 2485 4302 μερῶν,
2518 4230 2552 4285 ἀ
2581 4235 2692 4294 τοῖς
2735 4233 2925 4285 παισὶν
2960 4233 3047 4303 ἴσῃ
3098 4232 3191 4284 καὶ
3225 4231 3443 4302 νομίμῳ
3476 4231 3713 4301 διανομῇ

442 4327 575 4370 tunc
612 4318 736 4373 illos
766 4329 991 4389 propter
1016 4323 1264 4390 parentis
1296 4324 1577 4376 silentium
1626 4324 1828 4378 damno
1878 4325 2018 4380 allici

441 4408 526 4462 fas
562 4416 757 4475 esset),
822 4427 929 4464 non
973 4413 1200 4466 omnino
1254 4413 1566 4467 testamenti
1610 4415 2017 4472 ordinationem

443 4502 801 4557 monachicus
850 4505 1070 4559 habitus
1130 4504 1447 4574 impediat:
1508 4507 1605 4560 sed
1662 4507 2012 4563 manifestum

2124 4505 2218 4560 τοῦ
2252 4506 2329 4575 τῷ
2359 4507 2706 4577 μοναστηρίῳ
2732 4506 3047 4575 ἀνήκοντος.
3066 4504 3229 4556 Ἀλλά
3272 4503 3369 4556 καὶ
3403 4505 3451 4555 εἰ
3480 4502 3714 4561 θάνατος

441 4595 691 4665 estquod
729 4597 842 4665 (39)
880 4596 948 4650 de
980 4596 1276 4650 liberorum
1311 4597 1656 4666 portionibus
1693 4601 1884 4653 testari
1920 4618 2017 4671 po—

2126 4593 2235 4669 (οἴα
2267 4597 2434 4651 πολλὰ
2468 4597 2537 4651 τὰ
2565 4596 2902 4668 ἀνθρώπινα)
2930 4596 3197 4664 σύντομος
3225 4591 3452 4655 ἐπιστὰς
3480 4595 3578 4662 τὴν
3600 4591 3714 4643 τῶν

443 4687 591 4751 terit,
625 4702 747 4755 quae
779 4688 889 4741 illis
922 4688 1176 4756 :equabili
1228 4688 1580 4759 legitimaque
1628 4689 1907 4747 divisione
1939 4704 2017 4747 at-

2126 4690 2468 4762 πραγμάτων
2518 4689 2879 4760 μεσολαϐήσει
2924 4688 3206 4758 διανομὴν,
3235 4686 3345 4739 οὐδ’
3375 4684 3548 4748 οὕτως
3571 4701 3711 4735 παν-

443 4776 778 4831 tribuentur.
824 4778 958 4843 Quae
986 4794 1114 4833 vero
1170 4794 1298 4848 pars
1329 4781 1393 4848 ad
1441 4780 1618 4848 ipsum
1669 4783 1917 4851 respicit,
1967 4785 2017 4838 in

2123 4783 2294 4845 τελῶς
2325 4781 2769 4852 ἀπαρρησίαστος
2805 4782 2838 4851 η
2868 4780 2975 4833 τῶν
3010 4780 3355 4852 πραγμάτων
3392 4783 3503 4843 τοῖς
3550 4781 3713 4832 «arci.

443 4879 507 4917 ea
539 4867 849 4922 testamenti
884 4867 1050 4922 factio
1104 4868 1358 4924 deficiat:
1405 4870 1607 4938 quippe
1640 4884 1761 4938 quae
1812 4870 2017 4943 integra

2130 4876 2398 4947 βοηθοῦσα
2430 4875 2718 4944 διοίκησις,
2744 4873 2880 4927 ἀλλὰ
2912 4874 3050 4927 κατά
3078 4874 3170 4926 τὸν
3196 4873 3484 4944 εἰρημένον
3506 4872 3711 4941 τρόπον

442 4955 510 5010 all
541 4959 935 5013 monasterium
972 4960 1263 5029 pertineat.
1297 4960 1568 5014 Czeterum
1602 4962 1645 5015 si
1678 4979 1826 5017 mors
1847 4967 2015 5020 etiam

2128 4970 2199 5023 τὰ
2222 4969 2430 5030 τούτοις
2473 4968 2821 5037 προσήκοντα
2854 4966 3070 5036 νομίμῳ
3111 4966 3305 5034 δικαίῳ
3340 4963 3706 5034 ἀφορισθήσες

446 5047 530 5116 (ut
561 5049 717 5101 tuttlti
766 5061 895 5104 sunt
940 5069 1124 5106 rerum
1182 5052 1547 5105 humanarum
1609 5056 1793 5123 casus)
1837 5058 2017 5113 subito

2130 5080 2239 5126 ται,
2289 5059 2350 5111 τὸ
2396 5060 2441 5110 δ’
2486 5060 2762 5110 ἐπίλοιπον
2809 5060 2907 5127 τῆς
2957 5049 3241 5129 ὑπάρξεως
3289 5056 3627 5110 οἰκειώσεται
3674 5058 3707 5125 ἡ

446 5138 843 5207 superveniens
921 5159 1106 5198 rerum
1162 5144 1614 5199 distributionem
1684 5145 2017 5218 intercipiat,

2134 5155 2294 5225 μονή.
2315 5152 2474 5205 Ἀ).λά
2501 5153 2609 5221 γὰρ
2632 5152 2802 5203 ταῦτα
2824 5151 3068 5222 περὶτῆς
3092 5150 3196 5218 πρὸ
3218 5149 3310 5202 τοῦ
3338 5149 3562 5219 μονάδος
3590 5148 3705 5218 βίου

448 5246 624 5300 neque
676 5242 804 5287 tunc
857 5234 1077 5305 quidem
1126 5250 1249 5306 quas
1311 5233 1497 5289 liberis
1560 5248 1850 5291 succurrat
1905 5241 2017 5297 dis-

2130 5246 2208 5316 τῷ
2229 5243 2500 5315 ἀνθρώπῳ
2529 5242 2834 5312 προσούσης
2864 5242 3199 5314 περιουσίας.
3217 5240 3332 5308 Ἐφ’
3350 5232 3393 5306 ᾧ
3417 5239 3473 5292 δὲ
3502 5240 3533 5307 ἡ
3554 5239 3584 5291 ὑ
3592 5240 3706 5307 μῶν

2125 4323 2671 4393 ὑποκληρωθήσεται,
2705 4324 2799 4375 τοῦ
2826 4323 2907 4383 ,δὲ
2944 4323 3142 4394 μέρους
3180 4320 3273 4373 τοῦ
3321 4322 3455 4391 πρὸς
3504 4322 3717 4373 ἐκεῖνον

2123 4415 2355 4485 ὁρῶντος
2383 4416 2747 4483 ἀποστήσεται
2779 4416 2811 4483 ἡ
2839 4413 3083 4479 διάταξις
3109 4451 3123 4475 ,
3160 4412 3235 4473 ὡς
3265 4411 3578 4480 ὁλοκλήρως
3610 4410 3718 4461 αὑ-

1751 5403 1980 5460 νΑΒιιλΕ
2017 5405 2416 5463 LECTIONES.

511 5515 555 5546 "
593 5516 823 5587 Srrimg.
882 5517 1094 5574 τούτου,
1176 5519 1219 5551 ’⁸
1246 5518 1541 5577 Justiniani
1568 5522 1705 5578 Nov.
1755 5526 1876 5589 123,
1928 5542 1981 5580 c.
2013 5526 2103 5581 58.

1973 5636 2205 5693 ΝΟΤᾹΞ.

1973 5636 2015 5691 Ν
2071 5636 2205 5693 TA‘J.

522 5717 790 5801 (δηίοιο
819 5721 985 5801 veteri
1030 5723 1281 5801 monachi
1313 5724 1499 5801 testari
1558 5740 1666 5779 non
1723 5736 1994 5801 poterant.
2020 5637 2065 5693 Ο
2202 5728 2305 5801 ὅθ)Δ
2349 5728 2443 5801 Τῷ
2474 5729 2790 5801 μοναστικῴ
2839 5732 2960 5801 βίῳ.

454 5781 584 5837 Nov.
613 5786 664 5847 5,
699 5804 821 5855 cap.
858 5790 909 5842 5.
942 5788 1079 5843 Νον.
1111 5794 1197 5845 76.
1228 5790 1360 5845 Nov.
1390 5794 1490 5848 1‘23
1515 5835 1528 5861 ,
1571 5812 1690 5865 cap.
2202 5781 2315 5869 (δέ)
2349 5781 2630 5855 νίἷΙ.’Νθν.
2663 5781 2970 5866 Ἰθῖὶιιῗίίἶι..
3007 5800 3137 5856 Nov.
3175 5801 3294 5869 l2'i,
3324 5818 3441 5871 cap.
3472 5801 3561 5856 58.
