4048 6438
373 376 478 441 43⁸1

1510 377 1873 440 NOVELLJE
1913 379 2585 446 CONSTITUTIONES.

3548 387 3655 452 438

372 490 617 561 πατρικὴ
649 487 991 557 μακαριότης
1016 486 1213 556 ὴξῖωσε
1256 488 1317 541 τὸ
1361 489 1643 560 θέσπισμα
1672 492 1950 561 προελθεῖν

2076 496 2277 564 positio
2349 498 2579 551 omnino
2640 498 2988 555 conticebit:
3054 498 3149 553 sed
3200 497 3505 554 secundum
3564 500 3653 553 di-

370 583 541 653 (φημὶ
572 582 638 653 δὴ
667 582 761 635 ἐπὶ
792 582 905 644 τοῖς
937 577 1164 649 ὕστερον
1194 582 1289 634 τοῦ
1319 582 1546 651 μονάδος
1576 582 1695 654 βίου
1726 600 1956 653 προσγι.

368 674 617 744 νομὶνοις
666 672 1021 745 πράγμασι),
1054 672 1213 726 τοῦτο
1254 672 1604 743 θεσπίζομεν,
1636 675 1700 728 τὸ
1743 677 1809 729 ὲκ
1859 674 1954 728 τοῦ

368 766 578 837 καιροῦ.
613 764 709 819 τοῦ
767 764 890 818 καθ’
935 764 996 817 ὃν
1045 764 1221 818 εἵλετο
1264 765 1362 836 τὴν
1416 766 1625 835 μονήρη
1680 765 1957 819 πολιτείαν

369 854 671 927 προῖούσης
703 855 803 925 τῆς
846 853 1186 924 διασκέψεως
1225 854 1474 923 γίνεσθαι
1506 855 1636 927 περὶ
1666 856 1775 909 τῶν
1820 857 1959 926 μετά

366 948 545 1002 ταῦτα
580 947 1034 1018 προσκτηθέντων
1064 946 1213 1015 αὐτῷ
1260 946 1359 1018 τὴν
1408 947 1705 1021 διάκρισιν.
1742 950 1817 1003 Οὐ
1850 950 1959 1022 γὰρ

365 1039 506 1094 διότι
532 1039 596 1092 ὲκ
621 1038 719 1109 τῆς
747 1038 941 1107 λαῖκῆς
967 1036 1192 1107 ἀγωγῆς
1219 1038 1357 1108 πρὸς
1382 1037 1483 1110 τὴν
1510 1039 1805 1112 μοναδικὴν
1831 1039 1961 1111 μεθ-

370 1129 683 1200 ιστάμενος,
713 1128 764 1182 εί
807 1128 884 1199 μὴ
915 1128 1179 1199 πρότερον
1200 1128 1523 1194 διατίθοιτο,
1553 1129 1655 1201 τὴν
1684 1130 1780 1184 τοῦ
1818 1130 1960 1201 μετά

364 1219 542 1273 ταῦτα
569 1218 904 1274 διατίθεσθαι
935 1219 1251 1288 ἀφαιρεῖται
1279 1219 1495 1283 ἀδειαν,
1522 1219 1611 1273 διὰ
1658 1220 1819 1274 τοῦτο
1863 1221 1959 1274 καὶ

369 1316 503 1383 περὶ
546 1313 655 1366 τῶν
688 1312 918 1383 ὕστερον
952 1313 1253 1380 γεγονότων
1280 1312 1485 1380 ὁρίζειν
1520 1313 1747 1366 καθόλου
1779 1314 1955 1366 κωλυ-

365 1401 507 1467 θείη.
527 1401 676 1454 Ἐκεῖ
704 1400 805 1470 μὲν
838 1400 949 1471 γάρ
987 1400 1227 1469 εὐλόγως
1255 1402 1522 1472 ἀφῃρεῖτο
1550 1401 1649 1471 τὴν
1683 1401 1953 1468 ἐξουσίαν,

362 1495 490 1547 ἐπεὶ
505 1495 563 1546 έν
586 1492 736 1563 αὐτῷ
749 1493 809 1546 ὂν
830 1492 1225 1564 βουλεύσασθαι
1243 1492 1324 1544 ἔτι
1343 1493 1738 1563 χρηματίζοντι
1759 1494 1953 1563 λαῖκῷ,

362 1586 445 1655 τῷ
494 1586 569 1655 μὴ
613 1584 773 1638 τοῦτο
818 1583 1023 1653 πρᾶξαι
1057 1584 1221 1647 αὐτὸς
1268 1584 1462 1636 ἑαυτὸν
1494 1586 1573 1647 είς
1612 1585 1771 1637 τοῦτο
1799 1601 1955 1655 περι-

364 1676 579 1746 ίστησιν
601 1693 614 1705 ·
651 1673 890 1729 ἐνταῦθα
922 1675 979 1728 δὲ
1023 1676 1127 1728 οὐκ
1163 1676 1311 1730 ἔστιν
1343 1678 1550 1746 ὅμοιον,
1595 1678 1735 1731 ὥστε
1791 1679 1955 1732 αὐτόν

357 1782 485 1819 τινα
513 1764 604 1834 ὑφ’
635 1764 832 1818 ἑαυτοῦ
865 1764 897 1835 ἢ
924 1765 1015 1834 ὑφ’
1042 1766 1233 1836 ἑτέρου
1260 1767 1644 1837 ἀπείργεσθαι.
1680 1769 1743 1821 Εί
1786 1768 1843 1822 δέ
1872 1786 1955 1830 τις

356 1858 531 1925 λέγοι,
548 1859 632 1911 ὅτι
656 1858 747 1911 διά
766 1858 925 1912 τοῦτο
945 1860 1129 1928 μόνον.
1150 1862 1234 1914 ὅτι
1263 1862 1513 1930 μονάζων
1538 1863 1711 1924 ἐστὶν,
1735 1863 1954 1916 ἅπαντα

356 1951 589 2019 λήψεται
624 1951 659 2019 ὴ
693 1951 829 2020 μονὴ
851 1992 866 2015 ,
897 1951 998 2005 οὐκ
1040 1949 1156 2005 οίδα
1203 1954 1252 2005 εί
1298 1955 1579 2024 πρέποντα
1608 1957 1902 2023 μονασταῖς
1925 1955 1955 2007 ό

2639 606 2763 661 quae
2835 591 2903 645 ad
2972 590 3097 646 illos
3183 590 3459 660 pertinent
3517 591 3655 660 legi-

3194 682 3475 735 residuutn
3556 696 3624 734 att
3637 710 3660 722 -

2062 599 2211 640 ctum
2294 589 2559 653 modum,

2063 677 2198 731 timo
2251 678 2388 748 ipsis
2433 678 2589 748 jure,
2652 681 3059 749 separabuntur
3118 698 3133 735 :

2062 774 2168 820 tetu
2230 768 2494 823 iuvolahit
2547 771 2965 825 monasterium.
3021 770 3195 840 Atque
3253 773 3369 826 haec
3422 773 3649 842 quidem

2060 854 2129 910 de
2183 855 2335 912 hisce
2383 857 2739 914 facultatibus
2770 900 2785 923 ,
2827 875 2968 929 quas
3020 868 3148 914 ante
3204 871 3517 930 susceptam
3570 863 3654 915 vi-

2060 954 2171 1001 tam
2215 949 2573 1003 monasticam
2630 949 2882 1004 habuerit
2943 950 3520 1019 quisquam.‘Verum
3582 952 3651 1005 de

2059 1049 2169 1104 quo
2213 1045 2439 1105 paterna
2496 1048 2675 1093 vestra
2746 1039 3027 1095 beatitudo
3096 1042 3316 1111 prolire
3375 1042 3655 1097 decretum

2062 1126 2217 1196 petiit
2238 1127 2327 1197 (de
2363 1128 2430 1184 iis
2448 1131 2703 1185 nimirum
2724 1132 2887 1187 rebus
2900 1148 3023 1202 quae
3047 1133 3515 1203 postlmonasticae
3534 1135 3659 1189 vitae.

2059 1219 2465 1289 susceptionem
2504 1228 2909 1293 accesserunt),
2963 1223 3033 1279 de
3070 1239 3137 1279 eo
3183 1226 3287 1279 hoc
3335 1226 3655 1288 statuimus,

2061 1310 2265 1363 utinde
2302 1311 2372 1364 ab
2400 1326 2467 1364 eo
2516 1324 2761 1382 tempore
2783 1330 2852 1369 ex
2898 1329 3013 1385 quo
3045 1316 3369 1370 monastirze
3411 1318 3538 1370 vita:
3567 1332 3657 1369 ra-

2062 1402 2263 1454 tionem
2282 1405 2613 1471 susceperit,
2654 1406 3102 1459 consideratione
3136 1403 3492 1474 procedente,
3528 1418 3653 1472 qua:

2063 1493 2413 1560 postmodum
2444 1495 2513 1547 ah
2548 1496 2669 1563 ipso
2699 1506 3019 1565 comparata
3059 1505 3213 1559 sunt,
3243 1494 3653 1548 discernantur.

2060 1581 2176 1635 Non
2214 1584 2361 1637 enim
2394 1587 2540 1653 quod
2574 1586 2665 1655 qui
2711 1601 2739 1639 a
2777 1588 3010 1657 profana
3045 1588 3156 1641 vita
3190 1586 3257 1639 ad
3292 1584 3655 1639 monaSticam

2059 1676 2280 1741 transit,
2330 1677 2430 1731 nisi
2468 1678 2619 1747 prius
2690 1687 2963 1743 testetur,
3033 1678 3267 1733 testandi
3304 1675 3652 1746 postmodum

2061 1767 2324 1822 facultate
2388 1768 2657 1837 privatur,
2709 1770 2833 1824 ideo
2856 1781 2909 1825 et
2942 1768 3011 1823 de
3047 1769 3115 1823 iis
3149 1784 3273 1838 qua
3304 1766 3652 1836 postmodum

2057 1857 2441 1927 conquisierit.
2477 1858 2777 1929 quidquam
2800 1868 3044 1914 statuere
3069 1859 3123 1911 iu
3166 1858 3484 1911 universum
3522 1870 3650 1924 pros

2061 1949 2336 2005 hibeatur.
2398 1949 2518 2005 Illic
2577 1966 2820 2020 namque
2859 1950 2984 2021 jure
3037 1949 3353 2004 testamenti
3411 1949 3651 2000 factione

354 2042 597 2106 τοιοῦτος
624 2041 939 2112 νομοθετεῖ·
972 2042 1189 2114 πρῶτον
1230 2043 1350 2113 μὲν,
1379 2045 1429 2097 εί
1458 2043 1602 2097 οὕτω
1625 2045 1708 2098 δεῖ
1732 2044 1949 2117 κτημά-

2056 2043 2321 2112 privatur,
2349 2043 2476 2112 quia
2501 2057 2629 2097 cum
2660 2043 2762 2113 ipsi
2794 2042 2848 2096 in
2893 2041 3123 2112 profano
3159 2050 3304 2095 statu
3354 2056 3443 2095 res
3470 2039 3651 2094 adhuc

354 2150 465 2187 των
508 2132 832 2204 ἀντέχεσθαι
875 2132 1200 2205 ἀνθρώπους
1226 2135 1276 2188 οἳ
1306 2135 1406 2206 τὴν
1438 2135 1741 2207 ὑπεροψίαν
1774 2136 1955 2189 αὐτῶν

356 2226 754 2296 ἐπηγγείλαντο
772 2241 786 2257 ⁸
815 2225 1005 2280 ἔπειτα
1031 2226 1087 2279 δὲ
1113 2226 1209 2280 καὶ
1239 2230 1526 2295 συγγενεῖς
1552 2244 1697 2291 τινες
1719 2227 1953 2296 πένητες

357 2318 395 2388 ἥ
427 2316 597 2380 ἄλλως
626 2315 897 2386 γνώριμοι
936 2317 1271 2386 τυγχάνουσι
1300 2316 1379 2387 τῷ
1407 2315 1686 2387 ἀνθρώπῳ
1719 2316 1951 2388 χρῄζον-

361 2425 454 2473 τες
496 2408 996 2479 παραμυθουμένης
1039 2408 1243 2482 χειρὸς,
1279 2408 1397 2472 πῶς
1425 2410 1526 2463 οὐκ
1556 2409 1949 2480 ἀπάνθρωπον,

358 2500 631 2571 μηδεμιᾶς
657 2499 902 2563 ἐκείνους
931 2500 996 2552 ὲκ
1023 2500 1133 2552 τῶν
1153 2498 1249 2552 τοῦ
1277 2499 1577 2567 συγγενοῦς
1603 2501 1952 2571 πραγμάτων

353 2590 637 2656 ἀξιοῦσθαι
663 2588 1020 2660 παραμυθίας
1041 2628 1055 2653 ,
1082 2588 1274 2658 ὥσπερ
1316 2589 1439 2659 οὐχὶ
1466 2572 1789 2659 ξενηλασίαν
1817 2589 1953 2643 ἀλλά

352 2683 694 2752 συγγενικῶν
724 2681 821 2735 καὶ
848 2681 1018 2750 φίλων
1064 2680 1289 2734 ἐλασίαν
1330 2682 1453 2734 δέον
1484 2684 1656 2735 ποιεῖν
1690 2682 1816 2745 τοὺς
1849 2697 1952 2751 μο-

351 2776 615 2839 νάζοντας
660 2773 760 2829 καὶ
805 2775 985 2827 πάντα
1030 2772 1167 2842 πρὸς
1210 2773 1441 2837 ἑαυτοὺς
1469 2773 1671 2835 ἕλκειν.
1696 2776 1950 2846 καθάπερ

348 2868 475 2930 τοὺς
500 2866 855 2935 πο>.υφάγους
891 2865 1039 2918 εστιν
1068 2866 1204 2937 όρᾷν
1236 2865 1298 2917 οὐ
1330 2865 1685 2935 βουλομένους
1715 2866 1951 2937 ἀπόμοι-

351 2958 460 3029 ράν
480 2974 607 3012 τινα
642 2958 752 3011 τῶν
784 2957 1212 3027 παρακειμένων
1240 2958 1353 3019 τοῖς
1382 2956 1568 3019 ἀλλοις
1598 2957 1951 3028 καταλιμπά-

349 3068 483 3115 νεινς
508 3050 650 3104 υῦτε
676 3050 784 3120 γάρ
809 3049 997 3112 δοῦλος
1026 3048 1409 3119 ἐλευθεροῦται
1436 3048 1681 3111 δουλείας
1706 3049 1945 3120 δεσμῶν,

349 3147 411 3199 οὐ
440 3146 613 3216 πένης
642 3144 828 3198 οἴκτου
879 3143 1304 3213 μεταλαγχάνει.
1332 3142 1431 3195 οὐκ
1463 3143 1622 3205 ἄλλος
1653 3160 1739 3207 τις
1773 3143 1944 3210 ἀνάγ-

350 3253 476 3299 καις
532 3235 855 3305 πιεζόμενος
916 3232 1276 3303 παραμυθίας
1332 3232 1577 3304 εὑρίσκει
1623 3233 1944 3295 ἀπόλαυσιν,

2060 2140 2325 2195 tractant,
2374 2132 2581 2202 aliquid
2646 2132 2986 2187 constituere
3034 2132 3305 2202 integrum
3355 2140 3524 2193 esset,
3580 2144 3647 2181 eo

2062 2222 2179 2291 ipso
2215 2223 2364 2292 quod
2394 2220 2447 2277 id
2492 2238 2602 2277 non
2663 2222 2876 2287 fecerit,
2901 2238 2964 2277 se
2999 2223 3117 2292 ipse
3175 2222 3229 2277 iu
3265 2219 3386 2293 (40)
3418 2222 3520 2275 has
3549 2233 3651 2273 aa-

2060 2314 2275 2385 gustias
2315 2314 2802 2369 circumcluserit:
2847 2314 2935 2368 hic
2988 2329 3121 2368 vero
3150 2313 3288 2367 nihil
3334 2312 3517 2367 simile
3562 2323 3645 2367 est

2061 2405 2447 2474 quuisquam
2489 2412 2636 2458 auta
2670 2404 2877 2474 seipso.
2900 2405 3084 2459 autab
3121 2405 3231 2459 alio
3262 2404 3642 2475 prohibeatur.

2059 2495 2217 2562 Quod
2249 2496 2296 2551 si
2330 2496 2456 2566 quis
2503 2497 2676 2561 dicat,
2706 2496 2813 2551 hoc
2845 2498 2968 2552 solo
2992 2497 3215 2551 nomine
3267 2497 3415 2567 quod
3460 2511 3652 2551 mona-

2059 2587 2201 2644 chus
2245 2588 2356 2652 sit,
2401 2588 2799 2643 monasterium
2833 2590 3018 2643 omnia
3043 2603 3168 2645 esse
3210 2596 3602 2659 percepturum
3635 2608 3644 2641 ι

2059 2678 2206 2735 haud
2230 2679 2374 2744 scio,
2402 2679 2451 2735 si
2476 2680 2815 2747 istiusmodi,
2867 2698 2990 2752 qua:
3042 2682 3346 2736 monachos
3396 2682 3651 2744 deceant,

2056 2778 2289 2827 statuat.
2331 2770 2585 2825 Primum
2620 2774 2768 2827 enim
2798 2788 2865 2826 an
2916 2774 3009 2840 qui
3048 2772 3304 2827 homines
3328 2788 3496 2842 apum
3518 2788 3649 2827 con-

2054 2871 2327 2932 temptqu
2383 2861 2617 2929 professi
2671 2872 2820 2927 sunt,
2860 2878 2958 2918 eos
2998 2864 3071 2917 ita
3102 2865 3225 2917 illas
3273 2864 3531 2933 amplecti
3587 2878 3652 2919 at:

2054 2968 2406 3024 quacumque
2438 2955 2656 3008 ratione
2685 2957 2925 3009 retinere
2959 2955 3257 3009 convenit?
3293 2954 3497 3008 Deinde
3526 2955 3640 3009 sint

2056 3046 2223 3101 alicui
2285 3047 2503 3115 cognati
2545 3061 2841 3115 pauperes,
2890 3046 3162 3116 alioquive
3203 3046 3342 3109 noti,
3401 3046 3496 3116 qui
3518 3061 3650 3101 con-

2056 3138 2319 3193 solatrice
2372 3152 2537 3191 manu
2599 3138 2921 3210 indigeant:
2949 3137 3229 3208 quomodo
3270 3152 3379 3192 non
3412 3138 3481 3192 ab
3502 3140 3649 3192 omni

2057 3231 2404 3286 humanitate
2453 3232 2720 3296 alienum,
2759 3232 2914 3286 nullo
2968 3231 3096 3286 illos
3130 3246 3195 3285 ex
3232 3233 3447 3301 cognati
3487 3232 3650 3285 rebus

348 3328 533 3396 πάσης
565 3326 668 3396 τῆς
700 3324 797 3379 τοῦ
846 3324 1173 3395 μονάζοντος
1217 3323 1538 3394 περιουσίας
1563 3321 1641 3393 τῷ
1671 3340 1946 3395 μοναστη-

2056 3322 2439 3378 Sublevamiue
2492 3323 2738 3393 dignari,
2763 3332 3028 3393 tanquam
3064 3338 3174 3376 non
3204 3323 3367 3376 modo
3397 3324 3645 3392 peregri-

350 3417 454 3487 ρίῳ
480 3417 789 3487 διδομένης.

2059 3430 2183 3480 nos,
2226 3416 2321 3469 sed
2346 3428 2399 3471 et
2437 3426 2707 3486 cognatos
2752 3418 3073 3485 amicosque
3119 3416 3447 3484 propellere,
3477 3423 3645 3482 atque

344 3510 532 3561 omnia
590 3507 660 3561 ad
716 3522 779 3562 se
834 3504 1055 3560 trahere
1124 3502 1412 3560 monachis
1467 3503 1729 3560 decorum
1790 3505 1898 3559 sit?
1956 3508 2418 3577 quemadmodum
2479 3508 2766 3563 helluones
2814 3520 3154 3576 voracesque
3206 3507 3462 3559 homines
3527 3506 3648 3557 unt-

347 3600 454 3653 lam
514 3598 743 3655 omnino
788 3607 1001 3669 partem
1070 3598 1198 3653 aliis
1242 3598 1336 3669 qui
1407 3613 1517 3652 una
1579 3599 1917 3654 accumbunt
1984 3601 2295 3669 relinquere
2380 3602 2520 3656 velle
2608 3602 2882 3657 videmus.
2992 3598 3181 3671 Neque
3227 3599 3374 3653 enim
3457 3612 3649 3653 servus

344 3694 630 3751 servitutis
651 3692 890 3747 vinculis
923 3692 1210 3753 liberatur,
1244 3705 1423 3760 neque
1448 3705 1657 3759 egenus
1696 3692 2184 3747 commiseratione
2203 3692 2432 3761 potitur,
2486 3708 2592 3746 non
2643 3692 2786 3747 alius
2846 3692 3141 3763 quisquam
3220 3690 3645 3746 necessitatibus

345 3804 571 3863 pressus
598 3789 1001 3845 consolationis
1042 3786 1280 3841 fructum
1308 3787 1536 3851 invenit,
1570 3802 1696 3841 cum
1727 3802 1922 3841 omnes
1959 3788 2212 3842 monachi
2246 3787 2543 3843 facultates
2569 3788 2910 3842 monasterio
2936 3786 3161 3842 dantur.
3620 3854 3623 3859 _

411 3886 512 3938 Διά
540 3881 703 3938 τοῦτο
732 3883 800 3954 δὴ
832 3883 1190 3952 θεσπίζομεν,
1216 3883 1327 3934 εἰ¹⁸
1357 3883 1458 3953 μὲν
1486 3881 1643 3953 ὤφθη
1685 3884 1828 3936 κατά
1847 3883 1941 3934 τὸν

2113 3884 2189 3935 Ar
2212 3892 2433 3953 propter
2449 3884 2553 3938 hoc
2570 3899 2704 3939 sane
2718 3884 3034 3946 statuimus,
3055 3891 3113 3935 ut
3131 3881 3177 3937 si
3200 3881 3347 3952 quis,
3377 3896 3487 3949 quo
3507 3888 3615 3934 tem

342 3976 539 4047 καιρὸν
584 3975 677 4027 ὅτε
725 3974 819 4027 τὸν
859 3972 1134 4043 μοναστὴν
1188 3971 1365 4026 εἵλετο
1418 3970 1532 4041 βίον
1578 3974 1607 4025 ὁ
1655 3971 1942 4043 ἄνθρωπος

2056 3989 2177 4043 pore
2200 3975 2560 4028 monasticam
2596 3974 2761 4027 vitam
2786 3973 3051 4043 suscepit,
3082 3973 3339 4027 Ecclesia:
3365 3972 3644 4041 quidpiam

274 4062 279 4067 ’
341 4066 797 4138 ἀφιερωσάμενός
818 4082 871 4119 τι
892 4068 959 4136 τῇ
980 4064 1296 4135 Ἐκκλησία.
1328 4059 1470 4116 εἶναι
1496 4063 1646 4134 αὑτῷ
1678 4065 1806 4134 περὶ
1829 4065 1941 4117 τῶν

2056 4068 2408 4127 ;·οιιεοοι·ιιι“ἰι,
2439 4065 2516 4119 illi
2571 4068 2718 4121 circa
2770 4081 2860 4121 res
2896 4065 3247 4135 postmodum
3295 4073 3646 4133 comparatas

348 4157 579 4228 ὕστερον
608 4156 1165 4227 προσκεκτημένων²⁶
1196 4154 1456 4208 ἀὸίαστον
1485 4156 1580 4207 καὶ
1611 4155 1811 4224 κυρίαν
1840 4156 1940 4227 τὴν

2056 4159 2276 4212 ιίιιειιιιη
2305 4169 2598 4228 ratumque
2625 4158 2895 4227 judicium
2931 4158 3002 4212 sit
3031 4158 3167 4224 (41),
3203 4158 3645 4226 quomodocum-

344 4249 574 4319 γνώμην
602 4247 788 4310 καθὼς
834 4248 901 4301 ἀν
953 4248 1270 4319 προαιροῖτο
1306 4248 1485 4301 πάντα
1516 4246 1769 4300 διοικεῖν·
1802 4249 1849 4300 εί
1881 4248 1937 4301 δὲ

2056 4267 2149 4319 ἰιιθ
2173 4250 2239 4303 de
2268 4251 2378 4305 illis
2408 4259 2651 4304 statuere
2681 4250 2808 4303 velit
2831 4250 2945 4305 :sin
2976 4249 3355 4303 uihilmnnino
3390 4248 3458 4302 ab
3489 4248 3647 4300 inito

348 4341 518 4411 μηδὶν
545 4340 683 4403 ὅλως
710 4338 835 4393 κατ’
862 4340 1035 4409 ἀρχὰς
1065 4339 1144 4408 τῷ
1177 4340 1529 4409 μοναστηρίῳ
1557 4339 1939 4408 προεισενήνε-

2056 4346 2098 4395 in
2123 4334 2531 4395 'tuonasterium
2590 4342 2815 4395 allatum
2873 4344 2966 4403 sit,
2995 4350 3112 4395 tum
3138 4354 3194 4395 ut
3226 4341 3476 4394 hilariam
3509 4342 3635 4394 sub-

342 4434 551 4496 ztat”,
583 4433 703 4486 τότε
738 4432 861 4502 διχῆ
892 4431 991 4502 τὴν
1019 4429 1262 4500 ὓπαρξιν
1290 4430 1610 4499 τέμνεσθαι,
1643 4429 1754 4482 τῶν
1792 4430 1940 4499 μερί-

2056 4435 2247 4489 stantia
2279 4435 2578 4499 dividatur,
2615 4436 2689 4488 ita
2725 4444 2786 4488 ut
2823 4450 2931 4487 una
2957 4450 3085 4502 pars
3115 4433 3167 4486 iu
3203 4434 3442 4494 bessem,
3472 4434 3641 4485 alteta

339 4525 450 4580 δων
500 4525 604 4594 τῆς
662 4524 762 4590 μὲν
797 4524 1045 4595 διμοιρία
1081 4523 1689 4592 συγκεφαλαιουμένης,
1737 4520 1838 4591 τῆς
1884 4522 1940 4575 δὲ

2056 4541 2179 4581 vero
2212 4527 2266 4580 in
2307 4527 2562 4582 trientem
2625 4527 3162 4590 circumscribatur,
3218 4542 3282 4579 ac
3341 4526 3643 4580 monachus

338 4618 514 4688 τρίτῳ
565 4616 807 4688 μέρει²⁶,
839 4616 935 4669 καὶ
981 4615 1321 4669 διατίθεσθαι
1358 4614 1460 4684 μὲν
1492 4614 1568 4677 ὡς
1598 4613 1664 4667 ἀν
1692 4631 1823 4666 ποτε
1854 4613 1940 4667 δό-

2056 4619 2541 4690 quomodorunque
2593 4620 2696 4689 ipsi
2753 4623 2934 4674 visum
2969 4618 3135 4673 fuerit
3172 4618 3240 4673 de
3270 4618 3431 4672 besse
3464 4626 3637 4671 testa-

340 4709 488 4774 ξειεν
518 4709 669 4781 αὐτῷ
707 4708 956 4779 περὶτοῦ
1002 4707 1255 4777 διμοίρου
1284 4707 1574 4777 τμήματος
1620 4704 1714 4758 τὸν
1770 4705 1937 4775 μονά-

338 4800 539 4865 ζοντα,
571 4800 632 4853 τὸ
665 4800 845 4870 τρίτον
873 4800 929 4853 δὲ
965 4796 1414 4868 ἀποκληροῦσθαι
1447 4795 1528 4867 τῷ
1564 4797 1933 4866 μοναστηρίῳ.

354 4891 516 4945 Ἀλλὰ
559 4890 735 4943 ταῦτα
789 4892 889 4961 μὲν
940 4890 1068 4960 περὶ
1116 4881 1191 4943 ὧν
1245 4887 1548 4959 ἐζητήσατε
1578 4888 1639 4940 τὸ
1672 4888 1941 4958 ἡμέτερον

336 4983 681 5038 ἀπεθέσπισε
715 4984 940 5050 κράτος.
979 4983 1173 5052 Δεήσει
1206 4981 1264 5034 δὲ
1290 4979 1393 5050 τὴν
1429 4981 1702 5051 ὑμετέραν
1755 4996 1939 5051 μακα-

341 5078 567 5148 ριότητα
590 5077 705 5137 τοῖς
738 5074 829 5126 ὑπ’
851 5072 1020 5143 αὐτὴν
1047 5072 1221 5126 ἅπασι
1255 5071 1695 5140 θεοφιλεστάτοις
1727 5087 1934 5141 μητρο-

337 5168 592 5232 πολίταις
624 5166 824 5236 έκδηλα
859 5165 1203 5236 καταστῆσαι
1255 5163 1327 5217 τὰ
1376 5163 1807 5233 τεθεσπισμένα,
1838 5162 1938 5216 αὐ-

2045 4721 2227 4765 tnento
2253 4720 2493 4766 statuat:
2528 4713 2704 4767 triens
2738 4723 2920 4765 autem
2946 4712 3254 4781 applicetur
3279 4710 3637 4763 monasterio.

2044 4803 2221 4873 Atque
2253 4803 2366 4857 haec
2396 4804 2641 4872 quidem,
2671 4803 2739 4856 de
2772 4803 2975 4872 quibus
3001 4799 3282 4868 requisitis
3315 4805 3507 4851 nostra
3539 4797 3634 4852 de-

2048 4894 2222 4945 Crevit
2243 4894 2504 4961 potentia.
2532 4891 2820 4961 Oportebit
2837 4901 3018 4944 autem
3041 4898 3194 4941 tttam
3218 4887 3638 4952 beatitudinem,

2050 4998 2173 5052 quae
2198 4982 2420 5037 decreta
2449 4993 2597 5044 sunt,
2658 4983 2919 5035 omnibus
2943 4980 3043 5033 sub
3072 4981 3188 5048 ipsa
3226 4978 3318 5033 Dei
3344 4979 3636 5034 amantiss.

2044 5072 2488 5142 tnetropolitanis
2536 5072 2720 5126 facere
2781 5069 3099 5134 tuanifesta,
3128 5080 3183 5124 ct
3228 5071 3332 5126 hos
3386 5070 3641 5125 similiter

2045 5164 2151 5217 sub
2196 5177 2257 5218 se
2313 5164 2631 5218 constitutis
2690 5161 2988 5232 episcopis,
3028 5202 3044 5227 ,
3109 5162 3345 5234 illosque
3403 5178 3637 5234 quarum

1672 5306 1907 5363 νΑιιιΑε
1949 5304 2359 5361 LECTIONES.

404 5421 452 5492 ’ξ
484 5418 621 5492 Hinc
650 5419 894 5492 initium,
928 5419 1058 5492 [at-it
1088 5422 1143 5475 in
1179 5421 1365 5492 Eelog.
1402 5437 1528 5477 nov.
1559 5422 1615 5492 27.
1697 5424 1742 5455 “
1773 5420 1933 5477 codd.
1977 5424 2212 5491 Scrimg.
2262 5419 2744 5492 προσεκτημένων.

2840 5423 2885 5454 ⁸⁷
2919 5419 3115 5489 Ecloga
3147 5491 3161 5499 Α
3182 5421 3631 5499 προσενήνεκται.

336 5490 385 5562 τε
416 5489 515 5562 Sic
537 5488 734 5562 Ecloaa
763 5491 900 5558 ;scd
935 5489 1167 5562 Scrimg.
1207 5488 1397 5547 Zuifh.
1454 5501 1509 5547 et
1557 5491 1779 5549 Meerm.
1817 5495 1979 5548 codd.
2034 5488 2235 5547 habent
2290 5488 2389 5561 τῆς
2433 5488 2555 5559 μὲν
2584 5490 2857 5560 διμοιρίας
2899 5488 3494 5560 συγκεφαλαιουμέδης.
3537 5490 3635 5559 τῆς

335 5560 394 5613 δὲ
427 5561 619 5631 τρίτης
652 5561 855 5632 μέτρῳ.

1864 5659 2102 5716 NOTAE.

406 5750 520 5827 (40)
550 5752 767 5827 Addel.
797 5754 838 5827 '_l_
877 5752 906 5822 ς
954 5754 1004 5807 l.
1043 5752 1097 5808 ff.
1133 5753 1235 5819 Qui
1271 5755 1544 5811 satisdarc
1596 5756 1630 5809 l.
1662 5756 1698 5810 2
1723 5754 1750 5827 ς
1776 5755 1809 5809 8
1868 5756 1920 5809 ll‘.

341 5820 401 5876 Si
430 5822 554 5892 quis
581 5820 950 5879 cautionibus.
1220 5872 1233 5891 ._

2109 5756 2222 5818 (il)
2252 5753 2311 5804 lit
2351 5753 2418 5807 ita
2465 5751 2760 5821 abrogatur
2799 5748 3023 5805 Novella
3058 5748 3110 5804 5.
3138 5765 3186 5803 ε.
3232 5746 3288 5808 5;
3322 5744 3457 5801 Nov.
3507 5744 3628 5799 1‘25.

2038 5844 2089 5880 ρ.
2126 5825 2217 5881 ὃὸ.
