  <div class='ocr_page' id='page_1' title='image "/cluster/home/n/w/nwhite01/storage/ocr_20150623/107/coo.31924054870112/265.png"; bbox 0 0 4048 6472; ppageno 0'>
   <div class='ocr_carea' id='block_1_1' title="bbox 395 396 499 463">
    <p class='ocr_par' dir='ltr' id='par_1_1' title="bbox 395 396 499 463">
     <span class='ocr_line' id='line_1_1' title="bbox 395 396 499 463; baseline 0.029 -4"><span class='ocrx_word' id='word_1_1' title='bbox 395 396 499 463; x_wconf 73' lang='grc'><strong>439</strong></span> 
     </span>
    </p>
   </div>
   <div class='ocr_carea' id='block_1_2' title="bbox 1651 383 2412 451">
    <p class='ocr_par' dir='ltr' id='par_1_2' title="bbox 1651 383 2412 451">
     <span class='ocr_line' id='line_1_2' title="bbox 1651 383 2412 451; baseline -0.013 0"><span class='ocrx_word' id='word_1_2' title='bbox 1651 389 1927 451; x_wconf 80' lang='lat' dir='ltr'><strong>LEONIS</strong></span> <span class='ocrx_word' id='word_1_3' title='bbox 1954 383 2412 448; x_wconf 82' lang='lat' dir='ltr'><strong>PHILOSOPHI</strong></span> 
     </span>
    </p>
   </div>
   <div class='ocr_carea' id='block_1_3' title="bbox 3552 376 3651 437">
    <p class='ocr_par' dir='ltr' id='par_1_3' title="bbox 3552 376 3651 437">
     <span class='ocr_line' id='line_1_3' title="bbox 3552 376 3651 437; baseline 0 0"><span class='ocrx_word' id='word_1_4' title='bbox 3552 376 3651 437; x_wconf 69' lang='lat' dir='ltr'><strong>MO</strong></span> 
     </span>
    </p>
   </div>
   <div class='ocr_carea' id='block_1_4' title="bbox 398 488 1991 575">
    <p class='ocr_par' dir='ltr' id='par_1_4' title="bbox 398 501 1969 575">
     <span class='ocr_line' id='line_1_4' title="bbox 398 501 1969 575; baseline -0.01 -4"><span class='ocrx_word' id='word_1_5' title='bbox 398 530 586 571; x_wconf 89' lang='lat' dir='ltr'><strong>curam</strong></span> <span class='ocrx_word' id='word_1_6' title='bbox 618 512 797 569; x_wconf 91' lang='lat' dir='ltr'><strong>sortiti</strong></span> <span class='ocrx_word' id='word_1_7' title='bbox 823 518 950 566; x_wconf 90' lang='lat' dir='ltr'><strong>sunt</strong></span> <span class='ocrx_word' id='word_1_8' title='bbox 971 508 1226 565; x_wconf 80' lang='lat' dir='ltr'><strong>ccclesiis</strong></span> <span class='ocrx_word' id='word_1_9' title='bbox 1245 509 1344 564; x_wconf 90' lang='lat' dir='ltr'><strong>ista</strong></span> <span class='ocrx_word' id='word_1_10' title='bbox 1370 506 1614 562; x_wconf 80' lang='lat' dir='ltr'><strong>indicare</strong></span> <span class='ocrx_word' id='word_1_11' title='bbox 1639 523 1653 560; x_wconf 89' lang='lat'><strong>:</strong></span> <span class='ocrx_word' id='word_1_12' title='bbox 1681 519 1791 575; x_wconf 91' lang='lat' dir='ltr'><strong>quo</strong></span> <span class='ocrx_word' id='word_1_13' title='bbox 1820 501 1969 555; x_wconf 88' lang='lat' dir='ltr'><strong>vide-</strong></span> 
     </span>
    </p>
   </div>
   <div class='ocr_carea' id='block_1_5' title="bbox 2095 488 3661 575">
    <p class='ocr_par' dir='ltr' id='par_1_5' title="bbox 2095 488 3661 564">
     <span class='ocr_line' id='line_1_5' title="bbox 2095 488 3661 564; baseline 0.006 -25"><span class='ocrx_word' id='word_1_14' title='bbox 2095 494 2199 557; x_wconf 73' lang='grc' dir='ltr'>ςούς</span> <span class='ocrx_word' id='word_1_15' title='bbox 2245 512 2305 547; x_wconf 82' lang='grc' dir='ltr'><strong>τε</strong></span> <span class='ocrx_word' id='word_1_16' title='bbox 2358 490 2757 564; x_wconf 77' lang='grc' dir='ltr'><strong>παραπλησίως</strong></span> <span class='ocrx_word' id='word_1_17' title='bbox 2789 492 2903 552; x_wconf 84' lang='grc' dir='ltr'>τοῖς</span> <span class='ocrx_word' id='word_1_18' title='bbox 2938 490 3031 541; x_wconf 74' lang='grc' dir='ltr'><strong>ὑπ’</strong></span> <span class='ocrx_word' id='word_1_19' title='bbox 3060 488 3304 555; x_wconf 74' lang='grc' dir='ltr'><strong>ἐκείνους</strong></span> <span class='ocrx_word' id='word_1_20' title='bbox 3339 493 3661 559; x_wconf 80' lang='grc' dir='ltr'><strong>ἐπισκόποις</strong></span> 
     </span>
    </p>
   </div>
   <div class='ocr_carea' id='block_1_6' title="bbox 401 594 1971 674">
    <p class='ocr_par' dir='ltr' id='par_1_6' title="bbox 401 594 1971 674">
     <span class='ocr_line' id='line_1_6' title="bbox 401 594 1971 674; baseline -0.008 -14"><span class='ocrx_word' id='word_1_21' title='bbox 401 608 528 663; x_wconf 91' lang='lat' dir='ltr'><strong>licet</strong></span> <span class='ocrx_word' id='word_1_22' title='bbox 555 616 609 661; x_wconf 88' lang='lat' dir='ltr'><strong>et</strong></span> <span class='ocrx_word' id='word_1_23' title='bbox 634 606 687 659; x_wconf 92' lang='lat' dir='ltr'><strong>in</strong></span> <span class='ocrx_word' id='word_1_24' title='bbox 719 619 956 674; x_wconf 70' lang='lat' dir='ltr'><strong>przeseus</strong></span> <span class='ocrx_word' id='word_1_25' title='bbox 985 611 1039 657; x_wconf 92' lang='lat' dir='ltr'><strong>et</strong></span> <span class='ocrx_word' id='word_1_26' title='bbox 1063 603 1116 656; x_wconf 93' lang='lat' dir='ltr'><strong>in</strong></span> <span class='ocrx_word' id='word_1_27' title='bbox 1157 602 1400 655; x_wconf 82' lang='lat' dir='ltr'><strong>futurum</strong></span> <span class='ocrx_word' id='word_1_28' title='bbox 1460 600 1575 654; x_wconf 66' lang='lat' dir='ltr'><strong>haec</strong></span> <span class='ocrx_word' id='word_1_29' title='bbox 1606 597 1676 651; x_wconf 87' lang='lat' dir='ltr'><strong>ab</strong></span> <span class='ocrx_word' id='word_1_30' title='bbox 1712 594 1971 650; x_wconf 88' lang='lat' dir='ltr'><strong>omnibus</strong></span> 
     </span>
    </p>
   </div>
   <div class='ocr_carea' id='block_1_7' title="bbox 402 689 1836 767">
    <p class='ocr_par' dir='ltr' id='par_1_7' title="bbox 402 689 1836 767">
     <span class='ocr_line' id='line_1_7' title="bbox 402 689 1836 767; baseline -0.008 -14"><span class='ocrx_word' id='word_1_31' title='bbox 402 709 518 753; x_wconf 89' lang='lat' dir='ltr'><strong>tum</strong></span> <span class='ocrx_word' id='word_1_32' title='bbox 548 703 971 767; x_wconf 72' lang='lat' dir='ltr'><strong>cognoscantur,</strong></span> <span class='ocrx_word' id='word_1_33' title='bbox 1014 705 1125 749; x_wconf 88' lang='lat' dir='ltr'><strong>tum</strong></span> <span class='ocrx_word' id='word_1_34' title='bbox 1152 695 1297 748; x_wconf 87' lang='lat' dir='ltr'><strong>hunc</strong></span> <span class='ocrx_word' id='word_1_35' title='bbox 1325 690 1643 751; x_wconf 80' lang='lat' dir='ltr'><strong>admodum</strong></span> <span class='ocrx_word' id='word_1_36' title='bbox 1680 689 1836 743; x_wconf 82' lang='lat' dir='ltr'><strong>ﬁant.</strong></span> 
     </span>
    </p>
   </div>
   <div class='ocr_carea' id='block_1_8' title="bbox 893 950 1484 1009">
    <p class='ocr_par' dir='ltr' id='par_1_8' title="bbox 893 950 1484 1009">
     <span class='ocr_line' id='line_1_8' title="bbox 893 950 1484 1009; baseline -0.008 1"><span class='ocrx_word' id='word_1_37' title='bbox 893 950 1366 1009; x_wconf 80' lang='lat' dir='ltr'><strong>CONSTITUTIO</strong></span> <span class='ocrx_word' id='word_1_38' title='bbox 1395 950 1484 1005; x_wconf 83' lang='lat' dir='ltr'><strong>VI.</strong></span> 
     </span>
    </p>
   </div>
   <div class='ocr_carea' id='block_1_9' title="bbox 406 1043 1980 1116">
    <p class='ocr_par' dir='ltr' id='par_1_9' title="bbox 406 1043 1980 1116">
     <span class='ocr_line' id='line_1_9' title="bbox 406 1043 1980 1116; baseline -0.003 -15"><span class='ocrx_word' id='word_1_39' title='bbox 406 1046 475 1101; x_wconf 88' lang='lat' dir='ltr'><strong>Ut</strong></span> <span class='ocrx_word' id='word_1_40' title='bbox 504 1057 780 1116; x_wconf 78' lang='lat' dir='ltr'><strong>utrumque</strong></span> <span class='ocrx_word' id='word_1_41' title='bbox 837 1056 1036 1106; x_wconf 79' lang='lat' dir='ltr'><strong>tempus</strong></span> <span class='ocrx_word' id='word_1_42' title='bbox 1073 1055 1183 1116; x_wconf 85' lang='lat' dir='ltr'><strong>tum</strong></span> <span class='ocrx_word' id='word_1_43' title='bbox 1212 1044 1349 1107; x_wconf 89' lang='lat' dir='ltr'><strong>quod</strong></span> <span class='ocrx_word' id='word_1_44' title='bbox 1381 1053 1565 1116; x_wconf 74' lang='lat' dir='ltr'><strong>satich</strong></span> <span class='ocrx_word' id='word_1_45' title='bbox 1608 1051 1759 1116; x_wconf 68' lang='lat' dir='ltr'><strong>sextg</strong></span> <span class='ocrx_word' id='word_1_46' title='bbox 1783 1043 1980 1116; x_wconf 71' lang='lat' dir='ltr'><strong>consti-</strong></span> 
     </span>
    </p>
   </div>
   <div class='ocr_carea' id='block_1_10' title="bbox 477 1112 1976 1185">
    <p class='ocr_par' dir='ltr' id='par_1_10' title="bbox 477 1112 1976 1185">
     <span class='ocr_line' id='line_1_10' title="bbox 477 1112 1976 1185; baseline -0.003 -15"><span class='ocrx_word' id='word_1_47' title='bbox 477 1118 576 1170; x_wconf 86' lang='lat' dir='ltr'><strong>tuit</strong></span> <span class='ocrx_word' id='word_1_48' title='bbox 613 1112 866 1185; x_wconf 74' lang='lat' dir='ltr'><strong>synodus.</strong></span> <span class='ocrx_word' id='word_1_49' title='bbox 892 1128 1002 1185; x_wconf 87' lang='lat' dir='ltr'><strong>tum</strong></span> <span class='ocrx_word' id='word_1_50' title='bbox 1034 1115 1171 1181; x_wconf 83' lang='lat' dir='ltr'><strong>quod</strong></span> <span class='ocrx_word' id='word_1_51' title='bbox 1220 1114 1453 1166; x_wconf 80' lang='lat' dir='ltr'><strong>decernit</strong></span> <span class='ocrx_word' id='word_1_52' title='bbox 1494 1112 1652 1185; x_wconf 70' lang='grc' dir='ltr'><strong>Διιίιιιω</strong></span> <span class='ocrx_word' id='word_1_53' title='bbox 1712 1112 1976 1185; x_wconf 76' lang='lat' dir='ltr'><strong>Basilius,</strong></span> 
     </span>
    </p>
   </div>
   <div class='ocr_carea' id='block_1_11' title="bbox 472 1181 1979 1254">
    <p class='ocr_par' dir='ltr' id='par_1_11' title="bbox 472 1181 1979 1254">
     <span class='ocr_line' id='line_1_11' title="bbox 472 1181 1979 1254; baseline -0.003 -15"><span class='ocrx_word' id='word_1_54' title='bbox 472 1188 527 1239; x_wconf 81' lang='lat' dir='ltr'><strong>in</strong></span> <span class='ocrx_word' id='word_1_55' title='bbox 557 1188 621 1239; x_wconf 81' lang='lat' dir='ltr'><strong>iis</strong></span> <span class='ocrx_word' id='word_1_56' title='bbox 643 1181 735 1254; x_wconf 74' lang='lat' dir='ltr'><strong>qui</strong></span> <span class='ocrx_word' id='word_1_57' title='bbox 757 1184 997 1239; x_wconf 75' lang='lat' dir='ltr'><strong>monachi</strong></span> <span class='ocrx_word' id='word_1_58' title='bbox 1027 1184 1143 1253; x_wconf 81' lang='lat' dir='ltr'><strong>ﬁeri</strong></span> <span class='ocrx_word' id='word_1_59' title='bbox 1164 1193 1427 1254; x_wconf 82' lang='lat' dir='ltr'><strong>statuunt,</strong></span> <span class='ocrx_word' id='word_1_60' title='bbox 1452 1181 1792 1254; x_wconf 71' lang='lat' dir='ltr'><strong>observetur:</strong></span> <span class='ocrx_word' id='word_1_61' title='bbox 1817 1190 1864 1234; x_wconf 86' lang='lat' dir='ltr'><strong>et</strong></span> <span class='ocrx_word' id='word_1_62' title='bbox 1889 1181 1979 1234; x_wconf 91' lang='lat' dir='ltr'><strong>bo-</strong></span> 
     </span>
    </p>
   </div>
   <div class='ocr_carea' id='block_1_12' title="bbox 479 1251 1981 1325">
    <p class='ocr_par' dir='ltr' id='par_1_12' title="bbox 479 1251 1981 1325">
     <span class='ocr_line' id='line_1_12' title="bbox 479 1251 1981 1325; baseline -0.004 -15"><span class='ocrx_word' id='word_1_63' title='bbox 479 1251 665 1310; x_wconf 79' lang='lat' dir='ltr'><strong>narum</strong></span> <span class='ocrx_word' id='word_1_64' title='bbox 724 1256 839 1325; x_wconf 81' lang='lat' dir='ltr'><strong>ejus</strong></span> <span class='ocrx_word' id='word_1_65' title='bbox 889 1255 977 1325; x_wconf 86' lang='lat' dir='ltr'><strong>qui</strong></span> <span class='ocrx_word' id='word_1_66' title='bbox 1028 1251 1323 1325; x_wconf 5' lang='lat' dir='ltr'><strong>iaysynodo</strong></span> <span class='ocrx_word' id='word_1_67' title='bbox 1375 1251 1673 1325; x_wconf 66' lang='lat' dir='ltr'><strong>pra&#39;stituto</strong></span> <span class='ocrx_word' id='word_1_68' title='bbox 1752 1262 1981 1325; x_wconf 65' lang='lat' dir='ltr'><strong>tempore</strong></span> 
     </span>
    </p>
   </div>
   <div class='ocr_carea' id='block_1_13' title="bbox 477 1319 1966 1393">
    <p class='ocr_par' dir='ltr' id='par_1_13' title="bbox 477 1319 1966 1393">
     <span class='ocr_line' id='line_1_13' title="bbox 477 1319 1966 1393; baseline -0.004 -14"><span class='ocrx_word' id='word_1_69' title='bbox 477 1319 763 1379; x_wconf 64' lang='lat' dir='ltr'><strong>monachus</strong></span> <span class='ocrx_word' id='word_1_70' title='bbox 785 1325 865 1393; x_wconf 82' lang='lat' dir='ltr'><strong>ﬁt.</strong></span> <span class='ocrx_word' id='word_1_71' title='bbox 899 1319 1174 1393; x_wconf 67' lang='lat' dir='ltr'><strong>dispositio</strong></span> <span class='ocrx_word' id='word_1_72' title='bbox 1214 1319 1500 1393; x_wconf 78' lang='lat' dir='ltr'><strong>secundum</strong></span> <span class='ocrx_word' id='word_1_73' title='bbox 1520 1319 1719 1374; x_wconf 84' lang='lat' dir='ltr'><strong>editam</strong></span> <span class='ocrx_word' id='word_1_74' title='bbox 1752 1338 1785 1374; x_wconf 89' lang='lat' dir='ltr'><strong>a</strong></span> <span class='ocrx_word' id='word_1_75' title='bbox 1816 1322 1966 1373; x_wconf 80' lang='lat' dir='ltr'><strong>nobis</strong></span> 
     </span>
    </p>
   </div>
   <div class='ocr_carea' id='block_1_14' title="bbox 472 1391 1323 1464">
    <p class='ocr_par' dir='ltr' id='par_1_14' title="bbox 472 1391 1323 1464">
     <span class='ocr_line' id='line_1_14' title="bbox 472 1391 1323 1464; baseline -0.004 -15"><span class='ocrx_word' id='word_1_76' title='bbox 472 1395 527 1464; x_wconf 74' lang='grc' dir='ltr'>[ο</span> <span class='ocrx_word' id='word_1_77' title='bbox 535 1412 702 1448; x_wconf 82' lang='lat' dir='ltr'><strong>rmnm</strong></span> <span class='ocrx_word' id='word_1_78' title='bbox 735 1391 1005 1464; x_wconf 75' lang='lat' dir='ltr'><strong>procedat.</strong></span> <span class='ocrx_word' id='word_1_79' title='bbox 1314 1392 1323 1401; x_wconf 84' lang='grc'><strong><em>“</em></strong></span> 
     </span>
    </p>
   </div>
   <div class='ocr_carea' id='block_1_15' title="bbox 1103 1546 1291 1601">
    <p class='ocr_par' dir='ltr' id='par_1_15' title="bbox 1103 1546 1291 1601">
     <span class='ocr_line' id='line_1_15' title="bbox 1103 1546 1291 1601; baseline -0.011 0"><span class='ocrx_word' id='word_1_80' title='bbox 1103 1546 1291 1601; x_wconf 78' lang='lat' dir='ltr'><strong>Aliter.</strong></span> 
     </span>
    </p>
   </div>
   <div class='ocr_carea' id='block_1_16' title="bbox 411 1631 1975 1707">
    <p class='ocr_par' dir='ltr' id='par_1_16' title="bbox 411 1631 1975 1707">
     <span class='ocr_line' id='line_1_16' title="bbox 411 1631 1975 1707; baseline -0.007 -14"><span class='ocrx_word' id='word_1_81' title='bbox 411 1639 478 1694; x_wconf 86' lang='lat' dir='ltr'><strong>Ut</strong></span> <span class='ocrx_word' id='word_1_82' title='bbox 506 1638 748 1693; x_wconf 75' lang='lat' dir='ltr'><strong>decennis</strong></span> <span class='ocrx_word' id='word_1_83' title='bbox 776 1635 990 1707; x_wconf 67' lang='lat'><strong>(42-60)</strong></span> <span class='ocrx_word' id='word_1_84' title='bbox 1034 1650 1162 1702; x_wconf 84' lang='lat' dir='ltr'><strong>puer</strong></span> <span class='ocrx_word' id='word_1_85' title='bbox 1203 1637 1258 1687; x_wconf 86' lang='lat' dir='ltr'><strong>in</strong></span> <span class='ocrx_word' id='word_1_86' title='bbox 1289 1631 1666 1685; x_wconf 83' lang='lat' dir='ltr'><strong>monachorum</strong></span> <span class='ocrx_word' id='word_1_87' title='bbox 1699 1644 1975 1683; x_wconf 80' lang='lat' dir='ltr'><strong>numerum</strong></span> 
     </span>
    </p>
   </div>
   <div class='ocr_carea' id='block_1_17' title="bbox 1022 1713 1348 1759">
    <p class='ocr_par' dir='ltr' id='par_1_17' title="bbox 1022 1713 1348 1759">
     <span class='ocr_line' id='line_1_17' title="bbox 1022 1713 1348 1759; baseline -0.009 0"><span class='ocrx_word' id='word_1_88' title='bbox 1022 1713 1348 1759; x_wconf 80' lang='lat' dir='ltr'><strong>assumatur.</strong></span> 
     </span>
    </p>
   </div>
   <div class='ocr_carea' id='block_1_18' title="bbox 477 1791 2054 1880">
    <p class='ocr_par' dir='ltr' id='par_1_18' title="bbox 477 1791 2054 1880">
     <span class='ocr_line' id='line_1_18' title="bbox 477 1791 2054 1880; baseline -0.008 -27"><span class='ocrx_word' id='word_1_89' title='bbox 477 1799 625 1854; x_wconf 89' lang='lat' dir='ltr'><strong>Idem</strong></span> <span class='ocrx_word' id='word_1_90' title='bbox 678 1799 980 1867; x_wconf 78' lang='lat' dir='ltr'><strong>imperator</strong></span> <span class='ocrx_word' id='word_1_91' title='bbox 1036 1796 1315 1865; x_wconf 74' lang='lat' dir='ltr'><strong>Stephano</strong></span> <span class='ocrx_word' id='word_1_92' title='bbox 1387 1792 1646 1847; x_wconf 80' lang='lat' dir='ltr'><strong>sanctiss.</strong></span> <span class='ocrx_word' id='word_1_93' title='bbox 1698 1791 1976 1844; x_wconf 81' lang='lat' dir='ltr'><strong>Cunstau-</strong></span> <span class='ocrx_word' id='word_1_94' title='bbox 2013 1826 2054 1880; x_wconf 74' lang='grc' dir='ltr'>Β</span> 
     </span>
    </p>
   </div>
   <div class='ocr_carea' id='block_1_19' title="bbox 406 1883 1837 1961">
    <p class='ocr_par' dir='ltr' id='par_1_19' title="bbox 406 1883 1837 1961">
     <span class='ocr_line' id='line_1_19' title="bbox 406 1883 1837 1961; baseline -0.006 -18"><span class='ocrx_word' id='word_1_95' title='bbox 406 1890 581 1961; x_wconf 90' lang='lat' dir='ltr'><strong>linop.</strong></span> <span class='ocrx_word' id='word_1_96' title='bbox 614 1888 1054 1957; x_wconf 88' lang='lat' dir='ltr'><strong>archiepiscopo,</strong></span> <span class='ocrx_word' id='word_1_97' title='bbox 1086 1896 1139 1941; x_wconf 90' lang='lat' dir='ltr'><strong>et</strong></span> <span class='ocrx_word' id='word_1_98' title='bbox 1169 1885 1495 1955; x_wconf 79' lang='lat' dir='ltr'><strong>patriarcha:</strong></span> <span class='ocrx_word' id='word_1_99' title='bbox 1514 1883 1837 1937; x_wconf 82' lang='lat' dir='ltr'><strong>universali.</strong></span> 
     </span>
    </p>
   </div>
   <div class='ocr_carea' id='block_1_20' title="bbox 477 2055 1983 2126">
    <p class='ocr_par' dir='ltr' id='par_1_20' title="bbox 477 2055 1983 2126">
     <span class='ocr_line' id='line_1_20' title="bbox 477 2055 1983 2126; baseline 0.001 -19"><span class='ocrx_word' id='word_1_100' title='bbox 477 2056 597 2122; x_wconf 87' lang='lat' dir='ltr'><strong>Quo</strong></span> <span class='ocrx_word' id='word_1_101' title='bbox 630 2066 874 2126; x_wconf 89' lang='lat' dir='ltr'><strong>tempore</strong></span> <span class='ocrx_word' id='word_1_102' title='bbox 923 2071 1020 2112; x_wconf 91' lang='lat' dir='ltr'><strong>eos</strong></span> <span class='ocrx_word' id='word_1_103' title='bbox 1061 2055 1157 2126; x_wconf 86' lang='lat' dir='ltr'><strong>qui</strong></span> <span class='ocrx_word' id='word_1_104' title='bbox 1187 2056 1549 2111; x_wconf 76' lang='lat' dir='ltr'><strong>monasticam</strong></span> <span class='ocrx_word' id='word_1_105' title='bbox 1588 2056 1755 2108; x_wconf 87' lang='lat' dir='ltr'><strong>vitam</strong></span> <span class='ocrx_word' id='word_1_106' title='bbox 1796 2055 1983 2109; x_wconf 87' lang='lat' dir='ltr'><strong>subire</strong></span> 
     </span>
    </p>
   </div>
   <div class='ocr_carea' id='block_1_21' title="bbox 404 2145 1982 2217">
    <p class='ocr_par' dir='ltr' id='par_1_21' title="bbox 404 2145 1982 2217">
     <span class='ocr_line' id='line_1_21' title="bbox 404 2145 1982 2217; baseline 0 -18"><span class='ocrx_word' id='word_1_107' title='bbox 404 2146 743 2209; x_wconf 76' lang='lat' dir='ltr'><strong>desiderant,</strong></span> <span class='ocrx_word' id='word_1_108' title='bbox 801 2163 860 2201; x_wconf 90' lang='lat' dir='ltr'><strong>re</strong></span> <span class='ocrx_word' id='word_1_109' title='bbox 884 2148 1170 2216; x_wconf 77' lang='lat' dir='ltr'><strong>concupita</strong></span> <span class='ocrx_word' id='word_1_110' title='bbox 1221 2146 1385 2217; x_wconf 87' lang='lat' dir='ltr'><strong>potiri</strong></span> <span class='ocrx_word' id='word_1_111' title='bbox 1429 2154 1704 2215; x_wconf 88' lang='lat' dir='ltr'><strong>oporteat,</strong></span> <span class='ocrx_word' id='word_1_112' title='bbox 1769 2145 1822 2199; x_wconf 93' lang='lat' dir='ltr'><strong>id</strong></span> <span class='ocrx_word' id='word_1_113' title='bbox 1854 2145 1982 2215; x_wconf 82' lang='lat' dir='ltr'><strong>quia</strong></span> 
     </span>
    </p>
   </div>
   <div class='ocr_carea' id='block_1_22' title="bbox 408 2235 1985 2307">
    <p class='ocr_par' dir='ltr' id='par_1_22' title="bbox 408 2235 1985 2307">
     <span class='ocr_line' id='line_1_22' title="bbox 408 2235 1985 2307; baseline 0 -18"><span class='ocrx_word' id='word_1_114' title='bbox 408 2252 517 2290; x_wconf 91' lang='lat' dir='ltr'><strong>non</strong></span> <span class='ocrx_word' id='word_1_115' title='bbox 568 2253 735 2291; x_wconf 90' lang='lat' dir='ltr'><strong>unum</strong></span> <span class='ocrx_word' id='word_1_116' title='bbox 771 2246 937 2307; x_wconf 87' lang='lat' dir='ltr'><strong>atque</strong></span> <span class='ocrx_word' id='word_1_117' title='bbox 970 2240 1134 2303; x_wconf 90' lang='lat' dir='ltr'><strong>idem,</strong></span> <span class='ocrx_word' id='word_1_118' title='bbox 1167 2238 1259 2293; x_wconf 87' lang='lat' dir='ltr'><strong>sed</strong></span> <span class='ocrx_word' id='word_1_119' title='bbox 1278 2238 1425 2291; x_wconf 86' lang='lat' dir='ltr'><strong>aliud</strong></span> <span class='ocrx_word' id='word_1_120' title='bbox 1456 2246 1621 2307; x_wconf 90' lang='lat' dir='ltr'><strong>atque</strong></span> <span class='ocrx_word' id='word_1_121' title='bbox 1654 2237 1797 2290; x_wconf 81' lang='lat' dir='ltr'><strong>aliud</strong></span> <span class='ocrx_word' id='word_1_122' title='bbox 1821 2252 1851 2290; x_wconf 91' lang='lat' dir='ltr'><strong>a</strong></span> <span class='ocrx_word' id='word_1_123' title='bbox 1898 2235 1985 2290; x_wconf 60' lang='lat' dir='ltr'><strong>dio</strong></span> 
     </span>
    </p>
   </div>
   <div class='ocr_carea' id='block_1_23' title="bbox 410 2329 1985 2399">
    <p class='ocr_par' dir='ltr' id='par_1_23' title="bbox 410 2329 1985 2399">
     <span class='ocr_line' id='line_1_23' title="bbox 410 2329 1985 2399; baseline 0.003 -19"><span class='ocrx_word' id='word_1_124' title='bbox 410 2329 550 2382; x_wconf 83' lang='lat' dir='ltr'><strong>vinis</strong></span> <span class='ocrx_word' id='word_1_125' title='bbox 608 2330 813 2383; x_wconf 84' lang='lat' dir='ltr'><strong>nostris</strong></span> <span class='ocrx_word' id='word_1_126' title='bbox 855 2330 1101 2399; x_wconf 83' lang='lat' dir='ltr'><strong>patribus</strong></span> <span class='ocrx_word' id='word_1_127' title='bbox 1154 2331 1457 2398; x_wconf 67' lang='lat' dir='ltr'><strong>praesutqu</strong></span> <span class='ocrx_word' id='word_1_128' title='bbox 1490 2330 1581 2393; x_wconf 91' lang='lat' dir='ltr'><strong>sit,</strong></span> <span class='ocrx_word' id='word_1_129' title='bbox 1618 2338 1676 2382; x_wconf 86' lang='lat' dir='ltr'><strong>ut</strong></span> <span class='ocrx_word' id='word_1_130' title='bbox 1726 2330 1793 2383; x_wconf 86' lang='lat' dir='ltr'><strong>ad</strong></span> <span class='ocrx_word' id='word_1_131' title='bbox 1835 2330 1985 2385; x_wconf 88' lang='lat' dir='ltr'><strong>hunc</strong></span> 
     </span>
    </p>
   </div>
   <div class='ocr_carea' id='block_1_24' title="bbox 407 2420 1984 2491">
    <p class='ocr_par' dir='ltr' id='par_1_24' title="bbox 407 2420 1984 2491">
     <span class='ocr_line' id='line_1_24' title="bbox 407 2420 1984 2491; baseline 0.003 -20"><span class='ocrx_word' id='word_1_132' title='bbox 407 2420 569 2471; x_wconf 85' lang='lat' dir='ltr'><strong>etiam</strong></span> <span class='ocrx_word' id='word_1_133' title='bbox 626 2428 917 2473; x_wconf 86' lang='lat' dir='ltr'><strong>tractatum</strong></span> <span class='ocrx_word' id='word_1_134' title='bbox 969 2420 1408 2483; x_wconf 78' lang='lat' dir='ltr'><strong>diiudicandum.</strong></span> <span class='ocrx_word' id='word_1_135' title='bbox 1472 2429 1528 2474; x_wconf 91' lang='lat' dir='ltr'><strong>et</strong></span> <span class='ocrx_word' id='word_1_136' title='bbox 1577 2437 1698 2491; x_wconf 65' lang='lat' dir='ltr'><strong>quae</strong></span> <span class='ocrx_word' id='word_1_137' title='bbox 1752 2421 1984 2475; x_wconf 76' lang='lat' dir='ltr'><strong>subesse</strong></span> 
     </span>
    </p>
   </div>
   <div class='ocr_carea' id='block_1_25' title="bbox 408 2505 1982 2580">
    <p class='ocr_par' dir='ltr' id='par_1_25' title="bbox 408 2505 1982 2580">
     <span class='ocr_line' id='line_1_25' title="bbox 408 2505 1982 2580; baseline 0.005 -23"><span class='ocrx_word' id='word_1_138' title='bbox 408 2505 627 2559; x_wconf 86' lang='lat' dir='ltr'><strong>videtur</strong></span> <span class='ocrx_word' id='word_1_139' title='bbox 646 2507 1092 2562; x_wconf 81' lang='lat' dir='ltr'><strong>contrarietatem</strong></span> <span class='ocrx_word' id='word_1_140' title='bbox 1128 2509 1534 2564; x_wconf 87' lang='lat' dir='ltr'><strong>conciliandam</strong></span> <span class='ocrx_word' id='word_1_141' title='bbox 1571 2525 1656 2565; x_wconf 83' lang='lat' dir='ltr'><strong>me</strong></span> <span class='ocrx_word' id='word_1_142' title='bbox 1684 2525 1982 2580; x_wconf 85' lang='lat' dir='ltr'><strong>compone-</strong></span> 
     </span>
    </p>
   </div>
   <div class='ocr_carea' id='block_1_26' title="bbox 409 2597 967 2663">
    <p class='ocr_par' dir='ltr' id='par_1_26' title="bbox 409 2597 967 2663">
     <span class='ocr_line' id='line_1_26' title="bbox 409 2597 967 2663; baseline 0 -11"><span class='ocrx_word' id='word_1_143' title='bbox 409 2612 551 2663; x_wconf 90' lang='lat' dir='ltr'><strong>rem,</strong></span> <span class='ocrx_word' id='word_1_144' title='bbox 571 2597 826 2653; x_wconf 81' lang='lat' dir='ltr'><strong>eﬂ‘ectum</strong></span> <span class='ocrx_word' id='word_1_145' title='bbox 859 2607 967 2654; x_wconf 86' lang='lat' dir='ltr'><strong>est.</strong></span> 
     </span>
    </p>
   </div>
   <div class='ocr_carea' id='block_1_27' title="bbox 480 2688 1985 2763">
    <p class='ocr_par' dir='ltr' id='par_1_27' title="bbox 480 2688 1985 2763">
     <span class='ocr_line' id='line_1_27' title="bbox 480 2688 1985 2763; baseline 0.003 -20"><span class='ocrx_word' id='word_1_146' title='bbox 480 2688 670 2757; x_wconf 82' lang='lat' dir='ltr'><strong>Itaque</strong></span> <span class='ocrx_word' id='word_1_147' title='bbox 684 2705 802 2759; x_wconf 68' lang='lat' dir='ltr'><strong>quae</strong></span> <span class='ocrx_word' id='word_1_148' title='bbox 818 2705 1049 2760; x_wconf 75' lang='lat' dir='ltr'><strong>magnus</strong></span> <span class='ocrx_word' id='word_1_149' title='bbox 1062 2690 1152 2746; x_wconf 90' lang='lat' dir='ltr'><strong>ille</strong></span> <span class='ocrx_word' id='word_1_150' title='bbox 1163 2705 1225 2745; x_wconf 89' lang='lat' dir='ltr'><strong>ac</strong></span> <span class='ocrx_word' id='word_1_151' title='bbox 1240 2691 1595 2747; x_wconf 81' lang='lat' dir='ltr'><strong>admirandus</strong></span> <span class='ocrx_word' id='word_1_152' title='bbox 1611 2691 1855 2747; x_wconf 85' lang='lat' dir='ltr'><strong>decernit</strong></span> <span class='ocrx_word' id='word_1_153' title='bbox 1872 2692 1985 2763; x_wconf 81' lang='grc'><strong>(61)</strong></span> 
     </span>
    </p>
   </div>
   <div class='ocr_carea' id='block_1_28' title="bbox 412 2778 1983 2852">
    <p class='ocr_par' dir='ltr' id='par_1_28' title="bbox 412 2778 1983 2852">
     <span class='ocr_line' id='line_1_28' title="bbox 412 2778 1983 2852; baseline 0.003 -19"><span class='ocrx_word' id='word_1_154' title='bbox 412 2778 650 2835; x_wconf 81' lang='lat' dir='ltr'><strong>Basilius</strong></span> <span class='ocrx_word' id='word_1_155' title='bbox 714 2780 798 2851; x_wconf 91' lang='lat' dir='ltr'><strong>(ut</strong></span> <span class='ocrx_word' id='word_1_156' title='bbox 830 2781 1083 2836; x_wconf 82' lang='lat' dir='ltr'><strong>videlicet</strong></span> <span class='ocrx_word' id='word_1_157' title='bbox 1134 2782 1227 2852; x_wconf 90' lang='lat' dir='ltr'><strong>qui</strong></span> <span class='ocrx_word' id='word_1_158' title='bbox 1291 2784 1672 2838; x_wconf 88' lang='lat' dir='ltr'><strong>monachicum</strong></span> <span class='ocrx_word' id='word_1_159' title='bbox 1735 2784 1983 2838; x_wconf 84' lang='lat' dir='ltr'><strong>habitum</strong></span> 
     </span>
    </p>
   </div>
   <div class='ocr_carea' id='block_1_29' title="bbox 411 2866 1987 2943">
    <p class='ocr_par' dir='ltr' id='par_1_29' title="bbox 411 2866 1987 2943">
     <span class='ocr_line' id='line_1_29' title="bbox 411 2866 1987 2943; baseline 0.006 -24"><span class='ocrx_word' id='word_1_160' title='bbox 411 2866 682 2931; x_wconf 89' lang='lat' dir='ltr'><strong>ambiunt,</strong></span> <span class='ocrx_word' id='word_1_161' title='bbox 706 2868 920 2922; x_wconf 89' lang='lat' dir='ltr'><strong>decimo</strong></span> <span class='ocrx_word' id='word_1_162' title='bbox 942 2878 1098 2924; x_wconf 77' lang='lat' dir='ltr'><strong>sexto</strong></span> <span class='ocrx_word' id='word_1_163' title='bbox 1124 2872 1361 2938; x_wconf 87' lang='lat' dir='ltr'><strong>primum</strong></span> <span class='ocrx_word' id='word_1_164' title='bbox 1397 2879 1494 2925; x_wconf 90' lang='lat' dir='ltr'><strong>aut</strong></span> <span class='ocrx_word' id='word_1_165' title='bbox 1512 2873 1725 2927; x_wconf 91' lang='lat' dir='ltr'><strong>decimo</strong></span> <span class='ocrx_word' id='word_1_166' title='bbox 1750 2874 1987 2943; x_wconf 88' lang='lat' dir='ltr'><strong>septimo</strong></span> 
     </span>
    </p>
   </div>
   <div class='ocr_carea' id='block_1_30' title="bbox 410 2959 1987 3035">
    <p class='ocr_par' dir='ltr' id='par_1_30' title="bbox 410 2959 1987 3035">
     <span class='ocr_line' id='line_1_30' title="bbox 410 2959 1987 3035; baseline 0.006 -23"><span class='ocrx_word' id='word_1_167' title='bbox 410 2959 590 3013; x_wconf 64' lang='lat' dir='ltr'><strong>artatis</strong></span> <span class='ocrx_word' id='word_1_168' title='bbox 630 2975 777 3014; x_wconf 89' lang='lat' dir='ltr'><strong>anno</strong></span> <span class='ocrx_word' id='word_1_169' title='bbox 823 2961 969 3029; x_wconf 75' lang='lat' dir='ltr'><strong>digni</strong></span> <span class='ocrx_word' id='word_1_170' title='bbox 999 2962 1092 3015; x_wconf 92' lang='lat' dir='ltr'><strong>illo</strong></span> <span class='ocrx_word' id='word_1_171' title='bbox 1125 2962 1474 3033; x_wconf 81' lang='lat' dir='ltr'><strong>habeantur),</strong></span> <span class='ocrx_word' id='word_1_172' title='bbox 1526 2979 1761 3035; x_wconf 59' lang='lat' dir='ltr'><strong>quaeque</strong></span> <span class='ocrx_word' id='word_1_173' title='bbox 1795 2974 1987 3021; x_wconf 81' lang='lat' dir='ltr'><strong>sancta</strong></span> 
     </span>
    </p>
   </div>
   <div class='ocr_carea' id='block_1_31' title="bbox 410 3052 1986 3127">
    <p class='ocr_par' dir='ltr' id='par_1_31' title="bbox 410 3052 1986 3127">
     <span class='ocr_line' id='line_1_31' title="bbox 410 3052 1986 3127; baseline 0.006 -25"><span class='ocrx_word' id='word_1_174' title='bbox 410 3060 563 3105; x_wconf 82' lang='lat' dir='ltr'><strong>sexta</strong></span> <span class='ocrx_word' id='word_1_175' title='bbox 593 3052 707 3122; x_wconf 71' lang='lat'><strong>(62)</strong></span> <span class='ocrx_word' id='word_1_176' title='bbox 743 3053 966 3106; x_wconf 71' lang='lat' dir='ltr'><strong>mandat</strong></span> <span class='ocrx_word' id='word_1_177' title='bbox 1022 3053 1135 3120; x_wconf 78' lang='lat'><strong>(63)</strong></span> <span class='ocrx_word' id='word_1_178' title='bbox 1162 3055 1424 3124; x_wconf 79' lang='lat' dir='ltr'><strong>synodus,</strong></span> <span class='ocrx_word' id='word_1_179' title='bbox 1465 3057 1861 3124; x_wconf 88' lang='lat' dir='ltr'><strong>annodecimo,</strong></span> <span class='ocrx_word' id='word_1_180' title='bbox 1893 3059 1986 3127; x_wconf 92' lang='lat' dir='ltr'><strong>qui</strong></span> 
     </span>
    </p>
   </div>
   <div class='ocr_carea' id='block_1_32' title="bbox 2076 574 3663 657">
    <p class='ocr_par' dir='ltr' id='par_1_32' title="bbox 2076 574 3663 657">
     <span class='ocr_line' id='line_1_32' title="bbox 2076 574 3663 657; baseline 0 -22"><span class='ocrx_word' id='word_1_181' title='bbox 2076 584 2399 654; x_wconf 70' lang='grc' dir='ltr'><strong>ἐμφανίσαι,</strong></span> <span class='ocrx_word' id='word_1_182' title='bbox 2430 582 2719 645; x_wconf 88' lang='grc' dir='ltr'>κάκείνους</span> <span class='ocrx_word' id='word_1_183' title='bbox 2749 583 2871 643; x_wconf 85' lang='grc' dir='ltr'>ταῖς</span> <span class='ocrx_word' id='word_1_184' title='bbox 2899 574 2973 634; x_wconf 80' lang='grc' dir='ltr'><strong>ὧν</strong></span> <span class='ocrx_word' id='word_1_185' title='bbox 3005 582 3197 651; x_wconf 78' lang='grc' dir='ltr'>ἔλαχον</span> <span class='ocrx_word' id='word_1_186' title='bbox 3229 582 3329 653; x_wconf 82' lang='grc' dir='ltr'>τὴν</span> <span class='ocrx_word' id='word_1_187' title='bbox 3359 584 3663 657; x_wconf 74' lang='grc' dir='ltr'>ἐπιτροπὴν</span> 
     </span>
    </p>
   </div>
   <div class='ocr_carea' id='block_1_33' title="bbox 2076 668 3665 745">
    <p class='ocr_par' dir='ltr' id='par_1_33' title="bbox 2076 668 3665 745">
     <span class='ocr_line' id='line_1_33' title="bbox 2076 668 3665 745; baseline 0.002 -20"><span class='ocrx_word' id='word_1_188' title='bbox 2076 673 2413 743; x_wconf 85' lang='grc' dir='ltr'>ἐκκλησίαις,</span> <span class='ocrx_word' id='word_1_189' title='bbox 2444 670 2584 724; x_wconf 84' lang='grc' dir='ltr'>ὥστε</span> <span class='ocrx_word' id='word_1_190' title='bbox 2634 672 2728 723; x_wconf 70' lang='grc' dir='ltr'>καὶ</span> <span class='ocrx_word' id='word_1_191' title='bbox 2761 668 2858 721; x_wconf 87' lang='grc' dir='ltr'><strong>νῦν</strong></span> <span class='ocrx_word' id='word_1_192' title='bbox 2900 670 2993 722; x_wconf 75' lang='grc' dir='ltr'>καὶ</span> <span class='ocrx_word' id='word_1_193' title='bbox 3020 672 3101 732; x_wconf 84' lang='grc' dir='ltr'><strong>εἰς</strong></span> <span class='ocrx_word' id='word_1_194' title='bbox 3132 671 3224 724; x_wconf 78' lang='grc' dir='ltr'>τὸν</span> <span class='ocrx_word' id='word_1_195' title='bbox 3255 673 3445 726; x_wconf 84' lang='grc' dir='ltr'>ἔπειτα</span> <span class='ocrx_word' id='word_1_196' title='bbox 3473 675 3665 745; x_wconf 71' lang='grc' dir='ltr'>χρόνον</span> 
     </span>
    </p>
   </div>
   <div class='ocr_carea' id='block_1_34' title="bbox 2077 760 3667 839">
    <p class='ocr_par' dir='ltr' id='par_1_34' title="bbox 2077 760 3667 839">
     <span class='ocr_line' id='line_1_34' title="bbox 2077 760 3667 839; baseline 0.003 -22"><span class='ocrx_word' id='word_1_197' title='bbox 2077 764 2251 818; x_wconf 87' lang='grc' dir='ltr'>ταῦτα</span> <span class='ocrx_word' id='word_1_198' title='bbox 2281 766 2375 819; x_wconf 67' lang='grc' dir='ltr'>καὶ</span> <span class='ocrx_word' id='word_1_199' title='bbox 2407 760 2866 831; x_wconf 80' lang='grc' dir='ltr'><strong>διαγινώσκεσθαι</strong></span> <span class='ocrx_word' id='word_1_200' title='bbox 2902 765 3037 816; x_wconf 79' lang='grc' dir='ltr'>πᾶσι</span> <span class='ocrx_word' id='word_1_201' title='bbox 3075 764 3172 816; x_wconf 76' lang='grc' dir='ltr'>καὶ</span> <span class='ocrx_word' id='word_1_202' title='bbox 3217 763 3391 830; x_wconf 79' lang='grc' dir='ltr'>οὕτως</span> <span class='ocrx_word' id='word_1_203' title='bbox 3431 770 3667 839; x_wconf 79' lang='grc' dir='ltr'>πράττε-</span> 
     </span>
    </p>
   </div>
   <div class='ocr_carea' id='block_1_35' title="bbox 2080 856 2227 910">
    <p class='ocr_par' dir='ltr' id='par_1_35' title="bbox 2080 856 2227 910">
     <span class='ocr_line' id='line_1_35' title="bbox 2080 856 2227 910; baseline 0 -1"><span class='ocrx_word' id='word_1_204' title='bbox 2080 856 2227 910; x_wconf 83' lang='grc' dir='ltr'>σθαι.</span> 
     </span>
    </p>
   </div>
   <div class='ocr_carea' id='block_1_36' title="bbox 2626 943 3131 1011">
    <p class='ocr_par' dir='ltr' id='par_1_36' title="bbox 2626 943 3131 1011">
     <span class='ocr_line' id='line_1_36' title="bbox 2626 943 3131 1011; baseline 0.004 -14"><span class='ocrx_word' id='word_1_205' title='bbox 2626 943 2940 998; x_wconf 78' lang='grc' dir='ltr'><strong>ΔΙΑΤΑΞΙΣ</strong></span> <span class='ocrx_word' id='word_1_206' title='bbox 2980 947 3052 1011; x_wconf 72' lang='grc' dir='ltr'><strong>ς’</strong></span> <span class='ocrx_word' id='word_1_207' title='bbox 3067 949 3131 999; x_wconf 67' lang='lat'><strong>’9.</strong></span> 
     </span>
    </p>
   </div>
   <div class='ocr_carea' id='block_1_37' title="bbox 2080 1035 3667 1107">
    <p class='ocr_par' dir='ltr' id='par_1_37' title="bbox 2080 1035 3667 1107">
     <span class='ocr_line' id='line_1_37' title="bbox 2080 1035 3667 1107; baseline 0 -15"><span class='ocrx_word' id='word_1_208' title='bbox 2080 1038 2219 1106; x_wconf 71' lang='grc' dir='ltr'>Περὶ</span> <span class='ocrx_word' id='word_1_209' title='bbox 2251 1039 2357 1092; x_wconf 88' lang='grc' dir='ltr'><strong>τοῦ</strong></span> <span class='ocrx_word' id='word_1_210' title='bbox 2390 1037 2799 1107; x_wconf 74' lang='grc' dir='ltr'>φυλάττεσθαι</span> <span class='ocrx_word' id='word_1_211' title='bbox 2837 1035 3125 1104; x_wconf 76' lang='grc' dir='ltr'>ἑκάτερον</span> <span class='ocrx_word' id='word_1_212' title='bbox 3166 1036 3272 1091; x_wconf 78' lang='grc' dir='ltr'><strong>τὸν</strong></span> <span class='ocrx_word' id='word_1_213' title='bbox 3317 1040 3524 1105; x_wconf 77' lang='grc' dir='ltr'>καιρὸν</span> <span class='ocrx_word' id='word_1_214' title='bbox 3568 1040 3667 1092; x_wconf 79' lang='grc' dir='ltr'>ἐπι</span> 
     </span>
    </p>
   </div>
   <div class='ocr_carea' id='block_1_38' title="bbox 2150 1107 3664 1176">
    <p class='ocr_par' dir='ltr' id='par_1_38' title="bbox 2150 1107 3664 1176">
     <span class='ocr_line' id='line_1_38' title="bbox 2150 1107 3664 1176; baseline -0.001 -15"><span class='ocrx_word' id='word_1_215' title='bbox 2150 1108 2269 1161; x_wconf 77' lang='grc' dir='ltr'><strong>τῶν</strong></span> <span class='ocrx_word' id='word_1_216' title='bbox 2317 1107 2589 1169; x_wconf 76' lang='grc' dir='ltr'><strong>ιιονάζειν</strong></span> <span class='ocrx_word' id='word_1_217' title='bbox 2615 1108 2981 1173; x_wconf 72' lang='grc' dir='ltr'><strong>ἐγνωκότων,</strong></span> <span class='ocrx_word' id='word_1_218' title='bbox 3013 1107 3085 1159; x_wconf 78' lang='grc' dir='ltr'><strong>ὅν</strong></span> <span class='ocrx_word' id='word_1_219' title='bbox 3130 1125 3191 1159; x_wconf 82' lang='grc' dir='ltr'>τε</span> <span class='ocrx_word' id='word_1_220' title='bbox 3243 1108 3281 1173; x_wconf 74' lang='grc' dir='ltr'><em>ἡ</em></span> <span class='ocrx_word' id='word_1_221' title='bbox 3339 1109 3475 1176; x_wconf 75' lang='grc' dir='ltr'>ἁγία</span> <span class='ocrx_word' id='word_1_222' title='bbox 3523 1110 3664 1172; x_wconf 79' lang='grc' dir='ltr'>ἕκτη</span> 
     </span>
    </p>
   </div>
   <div class='ocr_carea' id='block_1_39' title="bbox 2150 1175 3667 1245">
    <p class='ocr_par' dir='ltr' id='par_1_39' title="bbox 2150 1175 3667 1245">
     <span class='ocr_line' id='line_1_39' title="bbox 2150 1175 3667 1245; baseline -0.001 -14"><span class='ocrx_word' id='word_1_223' title='bbox 2150 1176 2413 1242; x_wconf 79' lang='grc' dir='ltr'><strong>σύνοδος</strong></span> <span class='ocrx_word' id='word_1_224' title='bbox 2445 1176 2810 1245; x_wconf 67' lang='grc' dir='ltr'>ὲξεςρὼνησε.</span> <span class='ocrx_word' id='word_1_225' title='bbox 2848 1182 2945 1245; x_wconf 68' lang='grc' dir='ltr'>καὶ</span> <span class='ocrx_word' id='word_1_226' title='bbox 2977 1175 3050 1227; x_wconf 82' lang='grc' dir='ltr'><strong>ὃν</strong></span> <span class='ocrx_word' id='word_1_227' title='bbox 3090 1181 3121 1229; x_wconf 82' lang='grc' dir='ltr'><em>ὁ</em></span> <span class='ocrx_word' id='word_1_228' title='bbox 3151 1177 3308 1241; x_wconf 81' lang='grc' dir='ltr'>θεῖος</span> <span class='ocrx_word' id='word_1_229' title='bbox 3340 1175 3667 1231; x_wconf 73' lang='grc' dir='ltr'>ἀποθεσπί-</span> 
     </span>
    </p>
   </div>
   <div class='ocr_carea' id='block_1_40' title="bbox 2150 1244 3659 1313">
    <p class='ocr_par' dir='ltr' id='par_1_40' title="bbox 2150 1244 3659 1313">
     <span class='ocr_line' id='line_1_40' title="bbox 2150 1244 3659 1313; baseline -0.003 -13"><span class='ocrx_word' id='word_1_230' title='bbox 2150 1247 2228 1307; x_wconf 66' lang='lat' dir='ltr'><strong>(et</strong></span> <span class='ocrx_word' id='word_1_231' title='bbox 2256 1248 2589 1310; x_wconf 80' lang='grc' dir='ltr'>Βασίλειος,</span> <span class='ocrx_word' id='word_1_232' title='bbox 2615 1247 2731 1309; x_wconf 78' lang='grc' dir='ltr'><strong>τὴν</strong></span> <span class='ocrx_word' id='word_1_233' title='bbox 2761 1244 2829 1297; x_wconf 85' lang='grc' dir='ltr'>δὲ</span> <span class='ocrx_word' id='word_1_234' title='bbox 2869 1244 2989 1296; x_wconf 67' lang='grc' dir='ltr'><strong>τῶν</strong></span> <span class='ocrx_word' id='word_1_235' title='bbox 3012 1247 3409 1313; x_wconf 66' lang='grc' dir='ltr'>ὑπαρχόντων</span> <span class='ocrx_word' id='word_1_236' title='bbox 3433 1248 3659 1311; x_wconf 69' lang='grc' dir='ltr'>διοίκη-</span> 
     </span>
    </p>
   </div>
   <div class='ocr_carea' id='block_1_41' title="bbox 2152 1315 3665 1382">
    <p class='ocr_par' dir='ltr' id='par_1_41' title="bbox 2152 1315 3665 1382">
     <span class='ocr_line' id='line_1_41' title="bbox 2152 1315 3665 1382; baseline 0 -12"><span class='ocrx_word' id='word_1_237' title='bbox 2152 1332 2257 1370; x_wconf 82' lang='grc' dir='ltr'><strong>σιν</strong></span> <span class='ocrx_word' id='word_1_238' title='bbox 2304 1316 2412 1369; x_wconf 87' lang='grc' dir='ltr'><strong>τοῦ</strong></span> <span class='ocrx_word' id='word_1_239' title='bbox 2456 1315 2606 1369; x_wconf 81' lang='grc' dir='ltr'>κατὰ</span> <span class='ocrx_word' id='word_1_240' title='bbox 2651 1315 2758 1367; x_wconf 81' lang='grc' dir='ltr'><strong>τὸν</strong></span> <span class='ocrx_word' id='word_1_241' title='bbox 2791 1315 3014 1381; x_wconf 72' lang='grc' dir='ltr'><strong>χρόνον</strong></span> <span class='ocrx_word' id='word_1_242' title='bbox 3057 1316 3480 1382; x_wconf 74' lang='grc' dir='ltr'>μονάσαντος,</span> <span class='ocrx_word' id='word_1_243' title='bbox 3518 1317 3590 1369; x_wconf 73' lang='grc' dir='ltr'><strong>ὃν</strong></span> <span class='ocrx_word' id='word_1_244' title='bbox 3627 1320 3665 1381; x_wconf 80' lang='grc' dir='ltr'><strong>ι)</strong></span> 
     </span>
    </p>
   </div>
   <div class='ocr_carea' id='block_1_42' title="bbox 2158 1382 3669 1454">
    <p class='ocr_par' dir='ltr' id='par_1_42' title="bbox 2158 1382 3669 1454">
     <span class='ocr_line' id='line_1_42' title="bbox 2158 1382 3669 1454; baseline 0.001 -16"><span class='ocrx_word' id='word_1_245' title='bbox 2158 1385 2419 1450; x_wconf 80' lang='grc' dir='ltr'><strong>σύνοδος</strong></span> <span class='ocrx_word' id='word_1_246' title='bbox 2451 1385 2747 1454; x_wconf 63' lang='grc' dir='ltr'>ἐπέκρινε,</span> <span class='ocrx_word' id='word_1_247' title='bbox 2792 1383 2939 1435; x_wconf 69' lang='grc' dir='ltr'>κατὰ</span> <span class='ocrx_word' id='word_1_248' title='bbox 2964 1384 3071 1436; x_wconf 79' lang='grc' dir='ltr'><strong>τὸν</strong></span> <span class='ocrx_word' id='word_1_249' title='bbox 3095 1388 3196 1454; x_wconf 64' lang='grc' dir='ltr'><strong>ὑφ’</strong></span> <span class='ocrx_word' id='word_1_250' title='bbox 3225 1382 3394 1451; x_wconf 70' lang='grc' dir='ltr'><strong>’ἡμῶν</strong></span> <span class='ocrx_word' id='word_1_251' title='bbox 3418 1387 3669 1441; x_wconf 78' lang='grc' dir='ltr'>ἐκτεθει-</span> 
     </span>
    </p>
   </div>
   <div class='ocr_carea' id='block_1_43' title="bbox 2146 1452 3012 1524">
    <p class='ocr_par' dir='ltr' id='par_1_43' title="bbox 2146 1452 3012 1524">
     <span class='ocr_line' id='line_1_43' title="bbox 2146 1452 3012 1524; baseline -0.002 -17"><span class='ocrx_word' id='word_1_252' title='bbox 2146 1455 2333 1524; x_wconf 77' lang='grc' dir='ltr'>μένον</span> <span class='ocrx_word' id='word_1_253' title='bbox 2366 1456 2562 1507; x_wconf 68' lang='grc' dir='ltr'>τύπον</span> <span class='ocrx_word' id='word_1_254' title='bbox 2591 1452 3012 1520; x_wconf 75' lang='grc' dir='ltr'>προέρχεσθαι.</span> 
     </span>
    </p>
   </div>
   <div class='ocr_carea' id='block_1_44' title="bbox 2739 1545 2995 1596">
    <p class='ocr_par' dir='ltr' id='par_1_44' title="bbox 2739 1545 2995 1596">
     <span class='ocr_line' id='line_1_44' title="bbox 2739 1545 2995 1596; baseline 0.012 -2"><span class='ocrx_word' id='word_1_255' title='bbox 2739 1545 2995 1596; x_wconf 71' lang='grc' dir='ltr'><strong>Ἄλλως.</strong></span> 
     </span>
    </p>
   </div>
   <div class='ocr_carea' id='block_1_45' title="bbox 2324 1562 3426 1702">
    <p class='ocr_par' dir='ltr' id='par_1_45' title="bbox 2324 1562 3426 1702">
     <span class='ocr_line' id='line_1_45' title="bbox 2764 1562 2995 1607; baseline 0.004 -12"><span class='ocrx_word' id='word_1_256' title='bbox 2764 1562 2995 1607; x_wconf 60' lang='grc' dir='ltr'>ΑΑΑως.</span> 
     </span>
     <span class='ocr_line' id='line_1_46' title="bbox 2324 1630 3426 1702; baseline 0.002 -15"><span class='ocrx_word' id='word_1_257' title='bbox 2324 1633 2465 1702; x_wconf 78' lang='grc' dir='ltr'>Περὶ</span> <span class='ocrx_word' id='word_1_258' title='bbox 2488 1633 2592 1686; x_wconf 83' lang='grc' dir='ltr'><strong>τοῦ</strong></span> <span class='ocrx_word' id='word_1_259' title='bbox 2621 1630 2900 1701; x_wconf 74' lang='grc' dir='ltr'>μοι-ἄξειν</span> <span class='ocrx_word' id='word_1_260' title='bbox 2938 1632 3192 1702; x_wconf 77' lang='grc' dir='ltr'><strong>δεκαετῆ</strong></span> <span class='ocrx_word' id='word_1_261' title='bbox 3220 1635 3426 1690; x_wconf 79' lang='grc' dir='ltr'>παῖδα.</span> 
     </span>
    </p>
   </div>
   <div class='ocr_carea' id='block_1_46' title="bbox 2147 1788 3670 1863">
    <p class='ocr_par' dir='ltr' id='par_1_46' title="bbox 2147 1788 3670 1863">
     <span class='ocr_line' id='line_1_47' title="bbox 2147 1788 3670 1863; baseline -0.007 -18"><span class='ocrx_word' id='word_1_262' title='bbox 2147 1791 2207 1845; x_wconf 84' lang='lat'><strong>&#39;0</strong></span> <span class='ocrx_word' id='word_1_263' title='bbox 2255 1791 2418 1853; x_wconf 80' lang='grc' dir='ltr'>αὐτὸς</span> <span class='ocrx_word' id='word_1_264' title='bbox 2463 1790 2716 1859; x_wconf 80' lang='grc' dir='ltr'>βασιλεὺς</span> <span class='ocrx_word' id='word_1_265' title='bbox 2760 1788 3019 1860; x_wconf 80' lang='grc' dir='ltr'><strong>Στεφάνῳ</strong></span> <span class='ocrx_word' id='word_1_266' title='bbox 3055 1789 3135 1861; x_wconf 78' lang='grc' dir='ltr'>τῷ</span> <span class='ocrx_word' id='word_1_267' title='bbox 3182 1790 3475 1862; x_wconf 85' lang='grc' dir='ltr'><strong>ἁγιωτάτῳ</strong></span> <span class='ocrx_word' id='word_1_268' title='bbox 3513 1795 3670 1863; x_wconf 66' lang='grc' dir='ltr'><strong>ἆρχε·-</strong></span> 
     </span>
    </p>
   </div>
   <div class='ocr_carea' id='block_1_47' title="bbox 2081 1879 3667 1955">
    <p class='ocr_par' dir='ltr' id='par_1_47' title="bbox 2081 1879 3667 1955">
     <span class='ocr_line' id='line_1_48' title="bbox 2081 1879 3667 1955; baseline -0.001 -20"><span class='ocrx_word' id='word_1_269' title='bbox 2081 1883 2367 1951; x_wconf 87' lang='grc' dir='ltr'>επισκόπῳ</span> <span class='ocrx_word' id='word_1_270' title='bbox 2398 1879 3030 1955; x_wconf 79' lang='grc' dir='ltr'>Κωνσταντινουπόλεως</span> <span class='ocrx_word' id='word_1_271' title='bbox 3060 1880 3157 1934; x_wconf 72' lang='grc' dir='ltr'>καὶ</span> <span class='ocrx_word' id='word_1_272' title='bbox 3186 1883 3549 1955; x_wconf 85' lang='grc' dir='ltr'>οίκουμενικῷ</span> <span class='ocrx_word' id='word_1_273' title='bbox 3573 1902 3667 1937; x_wconf 66' lang='grc' dir='ltr'>πα,</span> 
     </span>
    </p>
   </div>
   <div class='ocr_carea' id='block_1_48' title="bbox 2079 1974 2336 2044">
    <p class='ocr_par' dir='ltr' id='par_1_48' title="bbox 2079 1974 2336 2044">
     <span class='ocr_line' id='line_1_49' title="bbox 2079 1974 2336 2044; baseline 0.004 -19"><span class='ocrx_word' id='word_1_274' title='bbox 2079 1974 2336 2044; x_wconf 84' lang='grc' dir='ltr'>τριάρχῃ.</span> 
     </span>
    </p>
   </div>
   <div class='ocr_carea' id='block_1_49' title="bbox 2152 2063 3671 2139">
    <p class='ocr_par' dir='ltr' id='par_1_49' title="bbox 2152 2063 3671 2139">
     <span class='ocr_line' id='line_1_50' title="bbox 2152 2063 3671 2139; baseline -0.001 -22"><span class='ocrx_word' id='word_1_275' title='bbox 2152 2066 2211 2117; x_wconf 87' lang='lat'><strong>&#39;0</strong></span> <span class='ocrx_word' id='word_1_276' title='bbox 2234 2064 2441 2135; x_wconf 69' lang='grc' dir='ltr'>καιρὸς,</span> <span class='ocrx_word' id='word_1_277' title='bbox 2473 2064 2596 2118; x_wconf 86' lang='grc' dir='ltr'>καθ’</span> <span class='ocrx_word' id='word_1_278' title='bbox 2612 2064 2672 2117; x_wconf 87' lang='grc' dir='ltr'><strong>δν</strong></span> <span class='ocrx_word' id='word_1_279' title='bbox 2696 2063 2779 2116; x_wconf 81' lang='grc' dir='ltr'><strong>δεῖ</strong></span> <span class='ocrx_word' id='word_1_280' title='bbox 2804 2064 2930 2127; x_wconf 79' lang='grc' dir='ltr'>τοὺς</span> <span class='ocrx_word' id='word_1_281' title='bbox 2964 2064 3042 2136; x_wconf 84' lang='grc' dir='ltr'><strong>τῷ</strong></span> <span class='ocrx_word' id='word_1_282' title='bbox 3072 2065 3357 2129; x_wconf 74' lang='grc' dir='ltr'>μονάζοντι</span> <span class='ocrx_word' id='word_1_283' title='bbox 3386 2067 3484 2138; x_wconf 84' lang='grc' dir='ltr'><strong>βίῳ</strong></span> <span class='ocrx_word' id='word_1_284' title='bbox 3508 2085 3671 2139; x_wconf 86' lang='grc' dir='ltr'>προσ.</span> 
     </span>
    </p>
   </div>
   <div class='ocr_carea' id='block_1_50' title="bbox 2086 2155 3669 2229">
    <p class='ocr_par' dir='ltr' id='par_1_50' title="bbox 2086 2155 3669 2229">
     <span class='ocr_line' id='line_1_51' title="bbox 2086 2155 3669 2229; baseline 0.001 -20"><span class='ocrx_word' id='word_1_285' title='bbox 2086 2156 2221 2210; x_wconf 88' lang='grc' dir='ltr'>ιέναι</span> <span class='ocrx_word' id='word_1_286' title='bbox 2272 2157 2594 2225; x_wconf 76' lang='grc' dir='ltr'><strong>ἐφιεμένους</strong></span> <span class='ocrx_word' id='word_1_287' title='bbox 2641 2155 2933 2225; x_wconf 81' lang='grc' dir='ltr'><strong>τυγχάνειν</strong></span> <span class='ocrx_word' id='word_1_288' title='bbox 2964 2158 3063 2226; x_wconf 80' lang='grc' dir='ltr'>τῆς</span> <span class='ocrx_word' id='word_1_289' title='bbox 3094 2156 3393 2226; x_wconf 86' lang='grc' dir='ltr'>ἐπιθυμίας</span> <span class='ocrx_word' id='word_1_290' title='bbox 3443 2160 3539 2229; x_wconf 84' lang='grc' dir='ltr'><strong>οὐχ</strong></span> <span class='ocrx_word' id='word_1_291' title='bbox 3588 2155 3669 2222; x_wconf 74' lang='grc' dir='ltr'><strong>εἷς</strong></span> 
     </span>
    </p>
   </div>
   <div class='ocr_carea' id='block_1_51' title="bbox 2083 2250 3679 2323">
    <p class='ocr_par' dir='ltr' id='par_1_51' title="bbox 2083 2250 3679 2323">
     <span class='ocr_line' id='line_1_52' title="bbox 2083 2250 3679 2323; baseline -0.002 -14"><span class='ocrx_word' id='word_1_292' title='bbox 2083 2256 2179 2309; x_wconf 76' lang='grc' dir='ltr'>καὶ</span> <span class='ocrx_word' id='word_1_293' title='bbox 2206 2258 2233 2308; x_wconf 84' lang='grc' dir='ltr'>ὁ</span> <span class='ocrx_word' id='word_1_294' title='bbox 2258 2254 2440 2317; x_wconf 73' lang='grc' dir='ltr'>αὐτὸς,</span> <span class='ocrx_word' id='word_1_295' title='bbox 2471 2252 2588 2305; x_wconf 80' lang='grc' dir='ltr'>ἀλλ’</span> <span class='ocrx_word' id='word_1_296' title='bbox 2622 2251 2813 2322; x_wconf 75' lang='grc' dir='ltr'>ἕτερος</span> <span class='ocrx_word' id='word_1_297' title='bbox 2847 2250 2941 2303; x_wconf 77' lang='grc' dir='ltr'>καὶ</span> <span class='ocrx_word' id='word_1_298' title='bbox 2972 2250 3159 2320; x_wconf 67' lang='grc' dir='ltr'>ἔτερος</span> <span class='ocrx_word' id='word_1_299' title='bbox 3180 2255 3292 2315; x_wconf 76' lang='grc' dir='ltr'>τοῖς</span> <span class='ocrx_word' id='word_1_300' title='bbox 3326 2252 3489 2317; x_wconf 82' lang='grc' dir='ltr'><strong>θείοις</strong></span> <span class='ocrx_word' id='word_1_301' title='bbox 3510 2254 3679 2323; x_wconf 79' lang='grc' dir='ltr'>ἡμῶν</span> 
     </span>
    </p>
   </div>
   <div class='ocr_carea' id='block_1_52' title="bbox 2084 2340 3670 2417">
    <p class='ocr_par' dir='ltr' id='par_1_52' title="bbox 2084 2340 3670 2417">
     <span class='ocr_line' id='line_1_53' title="bbox 2084 2340 3670 2417; baseline -0.001 -18"><span class='ocrx_word' id='word_1_302' title='bbox 2084 2346 2329 2417; x_wconf 83' lang='grc' dir='ltr'>Πατράσι</span> <span class='ocrx_word' id='word_1_303' title='bbox 2365 2343 2742 2413; x_wconf 81' lang='grc' dir='ltr'><strong>διωρισμένος,</strong></span> <span class='ocrx_word' id='word_1_304' title='bbox 2778 2342 2859 2403; x_wconf 84' lang='grc' dir='ltr'><strong>εἰς</strong></span> <span class='ocrx_word' id='word_1_305' title='bbox 2891 2340 2953 2393; x_wconf 80' lang='grc' dir='ltr'>τὸ</span> <span class='ocrx_word' id='word_1_306' title='bbox 2974 2342 3069 2395; x_wconf 68' lang='grc' dir='ltr'>καὶ</span> <span class='ocrx_word' id='word_1_307' title='bbox 3097 2344 3274 2415; x_wconf 82' lang='grc' dir='ltr'>τούτῳ</span> <span class='ocrx_word' id='word_1_308' title='bbox 3296 2346 3571 2415; x_wconf 80' lang='grc' dir='ltr'>διαιτῆσαι</span> <span class='ocrx_word' id='word_1_309' title='bbox 3592 2346 3670 2415; x_wconf 83' lang='grc' dir='ltr'><strong>τῷ</strong></span> 
     </span>
    </p>
   </div>
   <div class='ocr_carea' id='block_1_53' title="bbox 2088 2428 3695 2504">
    <p class='ocr_par' dir='ltr' id='par_1_53' title="bbox 2088 2428 3695 2504">
     <span class='ocr_line' id='line_1_54' title="bbox 2088 2428 3695 2504; baseline 0.001 -18"><span class='ocrx_word' id='word_1_310' title='bbox 2088 2435 2243 2504; x_wconf 86' lang='grc' dir='ltr'>μέρει</span> <span class='ocrx_word' id='word_1_311' title='bbox 2275 2434 2369 2487; x_wconf 72' lang='grc' dir='ltr'>καὶ</span> <span class='ocrx_word' id='word_1_312' title='bbox 2394 2430 2729 2500; x_wconf 75' lang='grc' dir='ltr'>συμϐιϐάσαι</span> <span class='ocrx_word' id='word_1_313' title='bbox 2762 2430 2862 2497; x_wconf 85' lang='grc' dir='ltr'>τὴν</span> <span class='ocrx_word' id='word_1_314' title='bbox 2892 2428 3159 2486; x_wconf 81' lang='grc' dir='ltr'>δοκοῦσαν</span> <span class='ocrx_word' id='word_1_315' title='bbox 3189 2433 3545 2503; x_wconf 77' lang='grc' dir='ltr'><strong>ἐναντιότητα</strong></span> <span class='ocrx_word' id='word_1_316' title='bbox 3575 2451 3695 2487; x_wconf 61' lang='grc' dir='ltr'>κα-ς</span> 
     </span>
    </p>
   </div>
   <div class='ocr_carea' id='block_1_54' title="bbox 2087 2521 2854 2594">
    <p class='ocr_par' dir='ltr' id='par_1_54' title="bbox 2087 2521 2854 2594">
     <span class='ocr_line' id='line_1_55' title="bbox 2087 2521 2854 2594; baseline -0.005 -15"><span class='ocrx_word' id='word_1_317' title='bbox 2087 2525 2355 2594; x_wconf 47' lang='lat' dir='ltr'><strong>suci-(+1:</strong></span> <span class='ocrx_word' id='word_1_318' title='bbox 2378 2521 2854 2593; x_wconf 71' lang='grc' dir='ltr'>παρεσκευάσατο.</span> 
     </span>
    </p>
   </div>
   <div class='ocr_carea' id='block_1_55' title="bbox 2156 2689 3671 2768">
    <p class='ocr_par' dir='ltr' id='par_1_55' title="bbox 2156 2689 3671 2768">
     <span class='ocr_line' id='line_1_56' title="bbox 2156 2689 3671 2768; baseline -0.007 -17"><span class='ocrx_word' id='word_1_319' title='bbox 2156 2696 2518 2768; x_wconf 83' lang='grc' dir='ltr'>Τοιγαροῦν³⁰</span> <span class='ocrx_word' id='word_1_320' title='bbox 2559 2695 2656 2750; x_wconf 85' lang='grc' dir='ltr'>σύν</span> <span class='ocrx_word' id='word_1_321' title='bbox 2689 2713 2747 2749; x_wconf 88' lang='grc' dir='ltr'><strong>τε</strong></span> <span class='ocrx_word' id='word_1_322' title='bbox 2776 2694 2856 2765; x_wconf 82' lang='grc' dir='ltr'>τῷ</span> <span class='ocrx_word' id='word_1_323' title='bbox 2880 2691 3175 2763; x_wconf 82' lang='grc' dir='ltr'><strong>ἁγιωτάτῳ</strong></span> <span class='ocrx_word' id='word_1_324' title='bbox 3221 2690 3537 2761; x_wconf 84' lang='grc' dir='ltr'>πατριάρχῃ</span> <span class='ocrx_word' id='word_1_325' title='bbox 3573 2689 3671 2742; x_wconf 66' lang='grc' dir='ltr'>καὶ</span> 
     </span>
    </p>
   </div>
   <div class='ocr_carea' id='block_1_56' title="bbox 2087 2780 3675 2857">
    <p class='ocr_par' dir='ltr' id='par_1_56' title="bbox 2087 2780 3675 2857">
     <span class='ocr_line' id='line_1_57' title="bbox 2087 2780 3675 2857; baseline -0.007 -15"><span class='ocrx_word' id='word_1_326' title='bbox 2087 2792 2198 2853; x_wconf 81' lang='grc' dir='ltr'>τοῖς</span> <span class='ocrx_word' id='word_1_327' title='bbox 2223 2787 2660 2857; x_wconf 82' lang='grc' dir='ltr'>θεοφιλεστάτοις</span> <span class='ocrx_word' id='word_1_328' title='bbox 2699 2785 3128 2856; x_wconf 77' lang='grc' dir='ltr'>μητροπολίταις</span> <span class='ocrx_word' id='word_1_329' title='bbox 3160 2784 3197 2838; x_wconf 77' lang='grc' dir='ltr'><strong>ά</strong></span> <span class='ocrx_word' id='word_1_330' title='bbox 3222 2799 3283 2835; x_wconf 92' lang='grc' dir='ltr'><strong>τε</strong></span> <span class='ocrx_word' id='word_1_331' title='bbox 3319 2782 3491 2851; x_wconf 82' lang='grc' dir='ltr'>μέγας</span> <span class='ocrx_word' id='word_1_332' title='bbox 3524 2780 3618 2833; x_wconf 76' lang='grc' dir='ltr'>καὶ</span> <span class='ocrx_word' id='word_1_333' title='bbox 3645 2781 3675 2831; x_wconf 79' lang='grc' dir='ltr'><strong>ὁ</strong></span> 
     </span>
    </p>
   </div>
   <div class='ocr_carea' id='block_1_57' title="bbox 2089 2871 3676 2950">
    <p class='ocr_par' dir='ltr' id='par_1_57' title="bbox 2089 2871 3676 2950">
     <span class='ocr_line' id='line_1_58' title="bbox 2089 2871 3676 2950; baseline -0.006 -17"><span class='ocrx_word' id='word_1_334' title='bbox 2089 2880 2399 2950; x_wconf 78' lang='grc' dir='ltr'>θαυμαστὸς</span> <span class='ocrx_word' id='word_1_335' title='bbox 2424 2877 2778 2939; x_wconf 78' lang='grc' dir='ltr'>άποθεσπίζει</span> <span class='ocrx_word' id='word_1_336' title='bbox 2805 2876 3082 2936; x_wconf 86' lang='grc' dir='ltr'>Βασίλειος</span> <span class='ocrx_word' id='word_1_337' title='bbox 3094 2876 3137 2907; x_wconf 80' lang='grc'><strong>³¹</strong></span> <span class='ocrx_word' id='word_1_338' title='bbox 3166 2874 3332 2944; x_wconf 74' lang='grc' dir='ltr'>(φημὶ</span> <span class='ocrx_word' id='word_1_339' title='bbox 3352 2872 3418 2931; x_wconf 77' lang='grc' dir='ltr'>δὴ</span> <span class='ocrx_word' id='word_1_340' title='bbox 3446 2871 3590 2925; x_wconf 72' lang='grc' dir='ltr'>κατὰ</span> <span class='ocrx_word' id='word_1_341' title='bbox 3613 2872 3676 2924; x_wconf 81' lang='grc' dir='ltr'><strong>τδ</strong></span> 
     </span>
    </p>
   </div>
   <div class='ocr_carea' id='block_1_58' title="bbox 2094 2965 3679 3039">
    <p class='ocr_par' dir='ltr' id='par_1_58' title="bbox 2094 2965 3679 3039">
     <span class='ocr_line' id='line_1_59' title="bbox 2094 2965 3679 3039; baseline -0.006 -14"><span class='ocrx_word' id='word_1_342' title='bbox 2094 2971 2485 3025; x_wconf 80' lang='grc' dir='ltr'>ἑκκαιδέκατον</span> <span class='ocrx_word' id='word_1_343' title='bbox 2514 2971 2615 3039; x_wconf 79' lang='grc' dir='ltr'>τῆς</span> <span class='ocrx_word' id='word_1_344' title='bbox 2643 2970 2862 3039; x_wconf 78' lang='grc' dir='ltr'>ἡλικίας</span> <span class='ocrx_word' id='word_1_345' title='bbox 2910 2968 3029 3030; x_wconf 79' lang='grc' dir='ltr'>ἔτος</span> <span class='ocrx_word' id='word_1_346' title='bbox 3055 2967 3089 3037; x_wconf 81' lang='grc' dir='ltr'><strong>ἢ</strong></span> <span class='ocrx_word' id='word_1_347' title='bbox 3118 2967 3181 3019; x_wconf 83' lang='grc' dir='ltr'><strong>τδ</strong></span> <span class='ocrx_word' id='word_1_348' title='bbox 3210 2965 3679 3019; x_wconf 78' lang='grc' dir='ltr'>ἑπτακαιδέκατον</span> 
     </span>
    </p>
   </div>
   <div class='ocr_carea' id='block_1_59' title="bbox 2090 3055 3674 3131">
    <p class='ocr_par' dir='ltr' id='par_1_59' title="bbox 2090 3055 3674 3131">
     <span class='ocr_line' id='line_1_60' title="bbox 2090 3055 3674 3131; baseline -0.008 -13"><span class='ocrx_word' id='word_1_349' title='bbox 2090 3062 2373 3129; x_wconf 79' lang='grc' dir='ltr'>ἀξιοῦσθαι</span> <span class='ocrx_word' id='word_1_350' title='bbox 2394 3062 2488 3115; x_wconf 90' lang='grc' dir='ltr'><strong>τοῦ</strong></span> <span class='ocrx_word' id='word_1_351' title='bbox 2517 3061 2783 3131; x_wconf 83' lang='grc' dir='ltr'>μονήρους</span> <span class='ocrx_word' id='word_1_352' title='bbox 2808 3060 3085 3128; x_wconf 86' lang='grc' dir='ltr'>σχήματος</span> <span class='ocrx_word' id='word_1_353' title='bbox 3108 3058 3234 3119; x_wconf 82' lang='grc' dir='ltr'>τοὺς</span> <span class='ocrx_word' id='word_1_354' title='bbox 3259 3055 3674 3124; x_wconf 80' lang='grc' dir='ltr'>ἀσπαζομένους</span> 
     </span>
    </p>
   </div>
   <div class='ocr_carea' id='block_1_60' title="bbox 411 3142 1991 3222">
    <p class='ocr_par' dir='ltr' id='par_1_60' title="bbox 411 3142 1991 3218">
     <span class='ocr_line' id='line_1_61' title="bbox 411 3142 1991 3218; baseline 0.006 -23"><span class='ocrx_word' id='word_1_355' title='bbox 411 3142 719 3197; x_wconf 90' lang='lat' dir='ltr'><strong>istiusmodi</strong></span> <span class='ocrx_word' id='word_1_356' title='bbox 740 3147 907 3198; x_wconf 83' lang='lat' dir='ltr'><strong>vitam</strong></span> <span class='ocrx_word' id='word_1_357' title='bbox 932 3155 1300 3214; x_wconf 87' lang='lat' dir='ltr'><strong>capesserent,</strong></span> <span class='ocrx_word' id='word_1_358' title='bbox 1319 3148 1697 3218; x_wconf 87' lang='lat' dir='ltr'><strong>suscipiendos</strong></span> <span class='ocrx_word' id='word_1_359' title='bbox 1726 3165 1848 3205; x_wconf 90' lang='lat' dir='ltr'><strong>esse</strong></span> <span class='ocrx_word' id='word_1_360' title='bbox 1876 3167 1991 3204; x_wconf 80' lang='lat' dir='ltr'><strong>Illo-</strong></span> 
     </span>
    </p>
   </div>
   <div class='ocr_carea' id='block_1_61' title="bbox 2095 3142 3677 3222">
    <p class='ocr_par' dir='ltr' id='par_1_61' title="bbox 2095 3145 3677 3222">
     <span class='ocr_line' id='line_1_62' title="bbox 2095 3145 3677 3222; baseline -0.008 -14"><span class='ocrx_word' id='word_1_361' title='bbox 2095 3155 2269 3219; x_wconf 77' lang='grc' dir='ltr'>αὐτὸ),</span> <span class='ocrx_word' id='word_1_362' title='bbox 2301 3154 2396 3207; x_wconf 72' lang='grc' dir='ltr'>καὶ</span> <span class='ocrx_word' id='word_1_363' title='bbox 2444 3153 2587 3221; x_wconf 74' lang='grc' dir='ltr'>άπερ</span> <span class='ocrx_word' id='word_1_364' title='bbox 2637 3152 2672 3222; x_wconf 81' lang='grc' dir='ltr'>ἡ</span> <span class='ocrx_word' id='word_1_365' title='bbox 2722 3150 2853 3218; x_wconf 87' lang='grc' dir='ltr'>άγία</span> <span class='ocrx_word' id='word_1_366' title='bbox 2885 3149 3019 3219; x_wconf 80' lang='grc' dir='ltr'>ἐκτη</span> <span class='ocrx_word' id='word_1_367' title='bbox 3052 3146 3355 3201; x_wconf 77' lang='grc' dir='ltr'>ἐντέλλεται</span> <span class='ocrx_word' id='word_1_368' title='bbox 3392 3145 3609 3208; x_wconf 79' lang='grc' dir='ltr'>σύνοδος</span> <span class='ocrx_word' id='word_1_369' title='bbox 3628 3146 3677 3177; x_wconf 69' lang='grc' dir='ltr'><strong><em>η</em></strong></span> 
     </span>
    </p>
   </div>
   <div class='ocr_carea' id='block_1_62' title="bbox 413 3229 1994 3308">
    <p class='ocr_par' dir='ltr' id='par_1_62' title="bbox 413 3229 1994 3308">
     <span class='ocr_line' id='line_1_63' title="bbox 413 3229 1994 3308; baseline 0.006 -25"><span class='ocrx_word' id='word_1_370' title='bbox 413 3246 551 3285; x_wconf 84' lang='lat' dir='ltr'><strong>nens</strong></span> <span class='ocrx_word' id='word_1_371' title='bbox 578 3248 590 3283; x_wconf 87' lang='lat'><strong>:</strong></span> <span class='ocrx_word' id='word_1_372' title='bbox 626 3229 743 3285; x_wconf 55' lang='lat' dir='ltr'><strong>haec</strong></span> <span class='ocrx_word' id='word_1_373' title='bbox 772 3248 894 3285; x_wconf 90' lang='lat' dir='ltr'><strong>cum</strong></span> <span class='ocrx_word' id='word_1_374' title='bbox 926 3235 1186 3289; x_wconf 87' lang='lat' dir='ltr'><strong>sanctiss.</strong></span> <span class='ocrx_word' id='word_1_375' title='bbox 1227 3236 1539 3304; x_wconf 85' lang='lat' dir='ltr'><strong>patriarcha</strong></span> <span class='ocrx_word' id='word_1_376' title='bbox 1567 3237 1771 3308; x_wconf 88' lang='lat' dir='ltr'><strong>Deique</strong></span> <span class='ocrx_word' id='word_1_377' title='bbox 1800 3253 1994 3292; x_wconf 86' lang='lat' dir='ltr'><strong>aman-</strong></span> 
     </span>
    </p>
   </div>
   <div class='ocr_carea' id='block_1_63' title="bbox 409 3321 1995 3396">
    <p class='ocr_par' dir='ltr' id='par_1_63' title="bbox 409 3321 1995 3396">
     <span class='ocr_line' id='line_1_64' title="bbox 409 3321 1995 3396; baseline 0.005 -22"><span class='ocrx_word' id='word_1_378' title='bbox 409 3321 641 3377; x_wconf 87' lang='lat' dir='ltr'><strong>tissimis</strong></span> <span class='ocrx_word' id='word_1_379' title='bbox 666 3324 1097 3392; x_wconf 80' lang='lat' dir='ltr'><strong>mctropolitanis</strong></span> <span class='ocrx_word' id='word_1_380' title='bbox 1124 3325 1413 3396; x_wconf 76' lang='lat' dir='ltr'><strong>diligenter</strong></span> <span class='ocrx_word' id='word_1_381' title='bbox 1435 3328 1826 3396; x_wconf 82' lang='lat' dir='ltr'><strong>expendentes,</strong></span> <span class='ocrx_word' id='word_1_382' title='bbox 1858 3346 1995 3383; x_wconf 87' lang='lat' dir='ltr'><strong>neu-</strong></span> 
     </span>
    </p>
   </div>
   <div class='ocr_carea' id='block_1_64' title="bbox 413 3415 1993 3485">
    <p class='ocr_par' dir='ltr' id='par_1_64' title="bbox 413 3415 1993 3485">
     <span class='ocr_line' id='line_1_65' title="bbox 413 3415 1993 3485; baseline 0.005 -19"><span class='ocrx_word' id='word_1_383' title='bbox 413 3422 551 3466; x_wconf 87' lang='lat' dir='ltr'><strong>tram</strong></span> <span class='ocrx_word' id='word_1_384' title='bbox 582 3428 863 3467; x_wconf 88' lang='lat' dir='ltr'><strong>sacrarum</strong></span> <span class='ocrx_word' id='word_1_385' title='bbox 898 3415 1074 3485; x_wconf 81' lang='lat' dir='ltr'><strong>legum</strong></span> <span class='ocrx_word' id='word_1_386' title='bbox 1093 3417 1331 3470; x_wconf 78' lang='lat' dir='ltr'><strong>diximus</strong></span> <span class='ocrx_word' id='word_1_387' title='bbox 1351 3433 1473 3472; x_wconf 76' lang='lat' dir='ltr'><strong>esse</strong></span> <span class='ocrx_word' id='word_1_388' title='bbox 1511 3420 1993 3485; x_wconf 88' lang='lat' dir='ltr'><strong>contemnendam,</strong></span> 
     </span>
    </p>
   </div>
   <div class='ocr_carea' id='block_1_65' title="bbox 412 3504 1994 3580">
    <p class='ocr_par' dir='ltr' id='par_1_65' title="bbox 412 3504 1994 3580">
     <span class='ocr_line' id='line_1_66' title="bbox 412 3504 1994 3580; baseline 0.004 -21"><span class='ocrx_word' id='word_1_389' title='bbox 412 3504 508 3559; x_wconf 82' lang='lat' dir='ltr'><strong>sed</strong></span> <span class='ocrx_word' id='word_1_390' title='bbox 528 3515 719 3559; x_wconf 89' lang='lat' dir='ltr'><strong>contra</strong></span> <span class='ocrx_word' id='word_1_391' title='bbox 736 3506 802 3559; x_wconf 86' lang='lat' dir='ltr'><strong>ad</strong></span> <span class='ocrx_word' id='word_1_392' title='bbox 831 3515 1125 3577; x_wconf 85' lang='lat' dir='ltr'><strong>utrumque</strong></span> <span class='ocrx_word' id='word_1_393' title='bbox 1151 3516 1371 3578; x_wconf 89' lang='lat' dir='ltr'><strong>tempus</strong></span> <span class='ocrx_word' id='word_1_394' title='bbox 1403 3510 1663 3578; x_wconf 80' lang='lat' dir='ltr'><strong>religioso</strong></span> <span class='ocrx_word' id='word_1_395' title='bbox 1683 3512 1872 3565; x_wconf 88' lang='lat' dir='ltr'><strong>habitu</strong></span> <span class='ocrx_word' id='word_1_396' title='bbox 1902 3513 1994 3580; x_wconf 85' lang='lat' dir='ltr'><strong>qui</strong></span> 
     </span>
    </p>
   </div>
   <div class='ocr_carea' id='block_1_66' title="bbox 414 3593 1892 3671">
    <p class='ocr_par' dir='ltr' id='par_1_66' title="bbox 414 3593 1892 3671">
     <span class='ocr_line' id='line_1_67' title="bbox 414 3593 1892 3671; baseline 0.005 -23"><span class='ocrx_word' id='word_1_397' title='bbox 414 3593 569 3650; x_wconf 89' lang='lat' dir='ltr'><strong>illum</strong></span> <span class='ocrx_word' id='word_1_398' title='bbox 603 3610 826 3652; x_wconf 84' lang='lat' dir='ltr'><strong>sumere</strong></span> <span class='ocrx_word' id='word_1_399' title='bbox 871 3599 1103 3668; x_wconf 87' lang='lat' dir='ltr'><strong>cupiunt</strong></span> <span class='ocrx_word' id='word_1_400' title='bbox 1137 3599 1332 3669; x_wconf 83' lang='lat' dir='ltr'><strong>dignos</strong></span> <span class='ocrx_word' id='word_1_401' title='bbox 1366 3600 1567 3656; x_wconf 85' lang='lat' dir='ltr'><strong>habere</strong></span> <span class='ocrx_word' id='word_1_402' title='bbox 1611 3602 1892 3671; x_wconf 82' lang='lat' dir='ltr'><strong>jubetnus.</strong></span> 
     </span>
    </p>
   </div>
   <div class='ocr_carea' id='block_1_67' title="bbox 485 3771 1996 3849">
    <p class='ocr_par' dir='ltr' id='par_1_67' title="bbox 485 3771 1996 3849">
     <span class='ocr_line' id='line_1_68' title="bbox 485 3771 1996 3849; baseline 0.006 -24"><span class='ocrx_word' id='word_1_403' title='bbox 485 3771 562 3826; x_wconf 85' lang='lat' dir='ltr'><strong>De</strong></span> <span class='ocrx_word' id='word_1_404' title='bbox 576 3773 842 3829; x_wconf 90' lang='lat' dir='ltr'><strong>bonorum</strong></span> <span class='ocrx_word' id='word_1_405' title='bbox 863 3784 1041 3831; x_wconf 84' lang='lat' dir='ltr'><strong>autem</strong></span> <span class='ocrx_word' id='word_1_406' title='bbox 1056 3778 1413 3849; x_wconf 87' lang='lat' dir='ltr'><strong>dispositione</strong></span> <span class='ocrx_word' id='word_1_407' title='bbox 1428 3780 1751 3848; x_wconf 62' lang='lat' dir='ltr'><strong>peculiarem</strong></span> <span class='ocrx_word' id='word_1_408' title='bbox 1774 3788 1996 3834; x_wconf 73' lang='lat' dir='ltr'><strong>sentcn-</strong></span> 
     </span>
    </p>
   </div>
   <div class='ocr_carea' id='block_1_68' title="bbox 411 3864 1999 3941">
    <p class='ocr_par' dir='ltr' id='par_1_68' title="bbox 411 3864 1999 3941">
     <span class='ocr_line' id='line_1_69' title="bbox 411 3864 1999 3941; baseline 0.006 -23"><span class='ocrx_word' id='word_1_409' title='bbox 411 3864 543 3920; x_wconf 78' lang='lat' dir='ltr'><strong>tiam</strong></span> <span class='ocrx_word' id='word_1_410' title='bbox 559 3869 1054 3938; x_wconf 86' lang='lat' dir='ltr'><strong>pronuntiavimus,</strong></span> <span class='ocrx_word' id='word_1_411' title='bbox 1076 3880 1135 3926; x_wconf 92' lang='lat' dir='ltr'><strong>ut</strong></span> <span class='ocrx_word' id='word_1_412' title='bbox 1149 3888 1268 3925; x_wconf 90' lang='lat' dir='ltr'><strong>nem</strong></span> <span class='ocrx_word' id='word_1_413' title='bbox 1278 3887 1342 3941; x_wconf 92' lang='lat' dir='ltr'><strong>pe</strong></span> <span class='ocrx_word' id='word_1_414' title='bbox 1359 3873 1449 3941; x_wconf 92' lang='lat' dir='ltr'><strong>qui</strong></span> <span class='ocrx_word' id='word_1_415' title='bbox 1483 3880 1639 3928; x_wconf 75' lang='lat' dir='ltr'><strong>sexto</strong></span> <span class='ocrx_word' id='word_1_416' title='bbox 1666 3872 1879 3926; x_wconf 89' lang='lat' dir='ltr'><strong>decimo</strong></span> <span class='ocrx_word' id='word_1_417' title='bbox 1905 3883 1999 3927; x_wconf 87' lang='lat' dir='ltr'><strong>aut</strong></span> 
     </span>
    </p>
   </div>
   <div class='ocr_carea' id='block_1_69' title="bbox 413 3955 1997 4032">
    <p class='ocr_par' dir='ltr' id='par_1_69' title="bbox 413 3955 1997 4032">
     <span class='ocr_line' id='line_1_70' title="bbox 413 3955 1997 4032; baseline 0.005 -23"><span class='ocrx_word' id='word_1_418' title='bbox 413 3955 627 4014; x_wconf 89' lang='lat' dir='ltr'><strong>decimo</strong></span> <span class='ocrx_word' id='word_1_419' title='bbox 642 3959 1098 4027; x_wconf 64' lang='lat' dir='ltr'><strong>septimojtonderi</strong></span> <span class='ocrx_word' id='word_1_420' title='bbox 1115 3962 1366 4023; x_wconf 89' lang='lat' dir='ltr'><strong>voluerit.</strong></span> <span class='ocrx_word' id='word_1_421' title='bbox 1381 3964 1448 4017; x_wconf 89' lang='lat' dir='ltr'><strong>de</strong></span> <span class='ocrx_word' id='word_1_422' title='bbox 1466 3964 1629 4018; x_wconf 83' lang='lat' dir='ltr'><strong>rebus</strong></span> <span class='ocrx_word' id='word_1_423' title='bbox 1647 3963 1761 4017; x_wconf 89' lang='lat' dir='ltr'><strong>suis</strong></span> <span class='ocrx_word' id='word_1_424' title='bbox 1781 3978 1997 4032; x_wconf 84' lang='lat' dir='ltr'><strong>quomo-</strong></span> 
     </span>
    </p>
   </div>
   <div class='ocr_carea' id='block_1_70' title="bbox 414 4047 1998 4124">
    <p class='ocr_par' dir='ltr' id='par_1_70' title="bbox 414 4047 1998 4124">
     <span class='ocr_line' id='line_1_71' title="bbox 414 4047 1998 4124; baseline 0.005 -23"><span class='ocrx_word' id='word_1_425' title='bbox 414 4047 486 4103; x_wconf 89' lang='lat' dir='ltr'><strong>do</strong></span> <span class='ocrx_word' id='word_1_426' title='bbox 506 4048 908 4109; x_wconf 83' lang='lat' dir='ltr'><strong>velit.statuere</strong></span> <span class='ocrx_word' id='word_1_427' title='bbox 943 4052 1052 4121; x_wconf 68' lang='grc'><strong>(64)</strong></span> <span class='ocrx_word' id='word_1_428' title='bbox 1082 4054 1274 4123; x_wconf 84' lang='lat' dir='ltr'><strong>possit.</strong></span> <span class='ocrx_word' id='word_1_429' title='bbox 1298 4052 1562 4109; x_wconf 83' lang='lat' dir='ltr'><strong>Existimo</strong></span> <span class='ocrx_word' id='word_1_430' title='bbox 1590 4055 1733 4108; x_wconf 87' lang='lat' dir='ltr'><strong>enim</strong></span> <span class='ocrx_word' id='word_1_431' title='bbox 1753 4064 1998 4124; x_wconf 86' lang='lat' dir='ltr'><strong>propter-</strong></span> 
     </span>
    </p>
   </div>
   <div class='ocr_carea' id='block_1_71' title="bbox 414 4134 1998 4213">
    <p class='ocr_par' dir='ltr' id='par_1_71' title="bbox 414 4134 1998 4213">
     <span class='ocr_line' id='line_1_72' title="bbox 414 4134 1998 4213; baseline 0.003 -20"><span class='ocrx_word' id='word_1_432' title='bbox 414 4152 479 4193; x_wconf 90' lang='lat' dir='ltr'><strong>ea</strong></span> <span class='ocrx_word' id='word_1_433' title='bbox 502 4134 669 4193; x_wconf 87' lang='lat' dir='ltr'><strong>etiam</strong></span> <span class='ocrx_word' id='word_1_434' title='bbox 694 4158 950 4211; x_wconf 82' lang='lat' dir='ltr'><strong>magnum</strong></span> <span class='ocrx_word' id='word_1_435' title='bbox 975 4144 1125 4197; x_wconf 89' lang='lat' dir='ltr'><strong>illum</strong></span> <span class='ocrx_word' id='word_1_436' title='bbox 1156 4143 1412 4199; x_wconf 88' lang='lat' dir='ltr'><strong>Basilium</strong></span> <span class='ocrx_word' id='word_1_437' title='bbox 1439 4146 1541 4198; x_wconf 90' lang='lat' dir='ltr'><strong>hoc</strong></span> <span class='ocrx_word' id='word_1_438' title='bbox 1563 4153 1777 4213; x_wconf 89' lang='lat' dir='ltr'><strong>tempus</strong></span> <span class='ocrx_word' id='word_1_439' title='bbox 1807 4144 1998 4209; x_wconf 84' lang='lat' dir='ltr'><strong>huius-</strong></span> 
     </span>
    </p>
   </div>
   <div class='ocr_carea' id='block_1_72' title="bbox 418 4231 1994 4304">
    <p class='ocr_par' dir='ltr' id='par_1_72' title="bbox 418 4231 1994 4304">
     <span class='ocr_line' id='line_1_73' title="bbox 418 4231 1994 4304; baseline 0.004 -22"><span class='ocrx_word' id='word_1_440' title='bbox 418 4231 562 4284; x_wconf 89' lang='lat' dir='ltr'><strong>modi</strong></span> <span class='ocrx_word' id='word_1_441' title='bbox 590 4232 793 4286; x_wconf 89' lang='lat' dir='ltr'><strong>actioni</strong></span> <span class='ocrx_word' id='word_1_442' title='bbox 840 4234 1125 4299; x_wconf 88' lang='lat' dir='ltr'><strong>tribuisse,</strong></span> <span class='ocrx_word' id='word_1_443' title='bbox 1157 4234 1301 4304; x_wconf 91' lang='lat' dir='ltr'><strong>quod</strong></span> <span class='ocrx_word' id='word_1_444' title='bbox 1334 4235 1400 4288; x_wconf 88' lang='lat' dir='ltr'><strong>ad</strong></span> <span class='ocrx_word' id='word_1_445' title='bbox 1436 4235 1485 4288; x_wconf 88' lang='lat' dir='ltr'><strong>id</strong></span> <span class='ocrx_word' id='word_1_446' title='bbox 1533 4236 1787 4302; x_wconf 68' lang='lat' dir='ltr'><strong>legitima:</strong></span> <span class='ocrx_word' id='word_1_447' title='bbox 1815 4236 1994 4289; x_wconf 66' lang='lat' dir='ltr'><strong>aetatis</strong></span> 
     </span>
    </p>
   </div>
   <div class='ocr_carea' id='block_1_73' title="bbox 418 4320 1995 4393">
    <p class='ocr_par' dir='ltr' id='par_1_73' title="bbox 418 4320 1995 4393">
     <span class='ocr_line' id='line_1_74' title="bbox 418 4320 1995 4393; baseline 0.002 -20"><span class='ocrx_word' id='word_1_448' title='bbox 418 4320 709 4388; x_wconf 88' lang='lat' dir='ltr'><strong>requisitio</strong></span> <span class='ocrx_word' id='word_1_449' title='bbox 773 4323 838 4375; x_wconf 86' lang='lat' dir='ltr'><strong>ad</strong></span> <span class='ocrx_word' id='word_1_450' title='bbox 898 4324 1253 4377; x_wconf 85' lang='lat' dir='ltr'><strong>statuendum</strong></span> <span class='ocrx_word' id='word_1_451' title='bbox 1291 4326 1359 4378; x_wconf 88' lang='lat' dir='ltr'><strong>de</strong></span> <span class='ocrx_word' id='word_1_452' title='bbox 1404 4325 1566 4379; x_wconf 87' lang='lat' dir='ltr'><strong>rebus</strong></span> <span class='ocrx_word' id='word_1_453' title='bbox 1612 4327 1725 4381; x_wconf 88' lang='lat' dir='ltr'><strong>suis</strong></span> <span class='ocrx_word' id='word_1_454' title='bbox 1767 4326 1995 4393; x_wconf 81' lang='lat' dir='ltr'><strong>impedi-</strong></span> 
     </span>
    </p>
   </div>
   <div class='ocr_carea' id='block_1_74' title="bbox 420 4412 1995 4478">
    <p class='ocr_par' dir='ltr' id='par_1_74' title="bbox 420 4412 1995 4478">
     <span class='ocr_line' id='line_1_75' title="bbox 420 4412 1995 4478; baseline 0.006 -15"><span class='ocrx_word' id='word_1_455' title='bbox 420 4421 605 4465; x_wconf 88' lang='lat' dir='ltr'><strong>mento</strong></span> <span class='ocrx_word' id='word_1_456' title='bbox 638 4426 745 4465; x_wconf 93' lang='lat' dir='ltr'><strong>non</strong></span> <span class='ocrx_word' id='word_1_457' title='bbox 765 4412 857 4467; x_wconf 89' lang='lat' dir='ltr'><strong>sit.</strong></span> <span class='ocrx_word' id='word_1_458' title='bbox 892 4412 995 4478; x_wconf 84' lang='lat' dir='ltr'><strong>Qui</strong></span> <span class='ocrx_word' id='word_1_459' title='bbox 1028 4429 1159 4468; x_wconf 90' lang='lat' dir='ltr'><strong>vero</strong></span> <span class='ocrx_word' id='word_1_460' title='bbox 1187 4415 1399 4469; x_wconf 88' lang='lat' dir='ltr'><strong>decimo</strong></span> <span class='ocrx_word' id='word_1_461' title='bbox 1421 4431 1563 4470; x_wconf 89' lang='lat' dir='ltr'><strong>anno</strong></span> <span class='ocrx_word' id='word_1_462' title='bbox 1589 4416 1642 4469; x_wconf 92' lang='lat' dir='ltr'><strong>in</strong></span> <span class='ocrx_word' id='word_1_463' title='bbox 1675 4419 1995 4473; x_wconf 65' lang='lat' dir='ltr'><strong>monastime</strong></span> 
     </span>
    </p>
   </div>
   <div class='ocr_carea' id='block_1_75' title="bbox 2094 3236 3678 3315">
    <p class='ocr_par' dir='ltr' id='par_1_75' title="bbox 2094 3236 3678 3315">
     <span class='ocr_line' id='line_1_76' title="bbox 2094 3236 3678 3315; baseline -0.006 -16"><span class='ocrx_word' id='word_1_464' title='bbox 2094 3246 2305 3315; x_wconf 84' lang='grc' dir='ltr'>δεκάτῳ</span> <span class='ocrx_word' id='word_1_465' title='bbox 2334 3245 2443 3297; x_wconf 78' lang='grc' dir='ltr'>ἔτει</span> <span class='ocrx_word' id='word_1_466' title='bbox 2478 3240 2895 3314; x_wconf 77' lang='grc' dir='ltr'>προτρεπομένη</span> <span class='ocrx_word' id='word_1_467' title='bbox 2926 3239 3024 3311; x_wconf 82' lang='grc' dir='ltr'>τὴν</span> <span class='ocrx_word' id='word_1_468' title='bbox 3054 3240 3135 3301; x_wconf 84' lang='grc' dir='ltr'><strong>είς</strong></span> <span class='ocrx_word' id='word_1_469' title='bbox 3159 3238 3251 3292; x_wconf 82' lang='grc' dir='ltr'>τὸν</span> <span class='ocrx_word' id='word_1_470' title='bbox 3278 3237 3520 3291; x_wconf 89' lang='grc' dir='ltr'>τοιοῦτον</span> <span class='ocrx_word' id='word_1_471' title='bbox 3564 3236 3678 3307; x_wconf 87' lang='grc' dir='ltr'>βίον</span> 
     </span>
    </p>
   </div>
   <div class='ocr_carea' id='block_1_76' title="bbox 2095 3328 3675 3408">
    <p class='ocr_par' dir='ltr' id='par_1_76' title="bbox 2095 3328 3675 3408">
     <span class='ocr_line' id='line_1_77' title="bbox 2095 3328 3675 3408; baseline -0.005 -20"><span class='ocrx_word' id='word_1_472' title='bbox 2095 3336 2205 3388; x_wconf 86' lang='grc' dir='ltr'><strong>τῶν</strong></span> <span class='ocrx_word' id='word_1_473' title='bbox 2235 3335 2570 3408; x_wconf 79' lang='grc' dir='ltr'>προσιόντων</span> <span class='ocrx_word' id='word_1_474' title='bbox 2604 3332 2938 3402; x_wconf 79' lang='grc' dir='ltr'>παραδοχὴν,</span> <span class='ocrx_word' id='word_1_475' title='bbox 2972 3329 3145 3383; x_wconf 88' lang='grc' dir='ltr'>ταῦτα</span> <span class='ocrx_word' id='word_1_476' title='bbox 3182 3328 3675 3398; x_wconf 84' lang='grc' dir='ltr'>διασκοπήσαντες,</span> 
     </span>
    </p>
   </div>
   <div class='ocr_carea' id='block_1_77' title="bbox 2096 3420 3679 3495">
    <p class='ocr_par' dir='ltr' id='par_1_77' title="bbox 2096 3420 3679 3495">
     <span class='ocr_line' id='line_1_78' title="bbox 2096 3420 3679 3495; baseline -0.006 -16"><span class='ocrx_word' id='word_1_477' title='bbox 2096 3428 2380 3494; x_wconf 83' lang='grc' dir='ltr'>οὐδετέρου</span> <span class='ocrx_word' id='word_1_478' title='bbox 2405 3426 2512 3478; x_wconf 85' lang='grc' dir='ltr'><strong>τῶν</strong></span> <span class='ocrx_word' id='word_1_479' title='bbox 2542 3425 2703 3495; x_wconf 79' lang='grc' dir='ltr'>ἱερῶν</span> <span class='ocrx_word' id='word_1_480' title='bbox 2724 3425 2903 3492; x_wconf 70' lang='grc' dir='ltr'>νόμων</span> <span class='ocrx_word' id='word_1_481' title='bbox 2931 3422 3242 3489; x_wconf 88' lang='grc' dir='ltr'>συνείδομεν</span> <span class='ocrx_word' id='word_1_482' title='bbox 3262 3420 3679 3488; x_wconf 81' lang='grc' dir='ltr'>κατολιγωρεϊν,</span> 
     </span>
    </p>
   </div>
   <div class='ocr_carea' id='block_1_78' title="bbox 2099 3512 3680 3584">
    <p class='ocr_par' dir='ltr' id='par_1_78' title="bbox 2099 3512 3680 3584">
     <span class='ocr_line' id='line_1_79' title="bbox 2099 3512 3680 3584; baseline -0.006 -14"><span class='ocrx_word' id='word_1_483' title='bbox 2099 3519 2214 3571; x_wconf 82' lang='grc' dir='ltr'>ἀλλ’</span> <span class='ocrx_word' id='word_1_484' title='bbox 2264 3516 2547 3581; x_wconf 81' lang='grc' dir='ltr'>ἀξιοῦσθαι</span> <span class='ocrx_word' id='word_1_485' title='bbox 2614 3516 2713 3584; x_wconf 80' lang='grc' dir='ltr'>μὲν</span> <span class='ocrx_word' id='word_1_486' title='bbox 2762 3515 2859 3567; x_wconf 84' lang='grc' dir='ltr'><strong>τοῦ</strong></span> <span class='ocrx_word' id='word_1_487' title='bbox 2914 3512 3210 3583; x_wconf 76' lang='grc' dir='ltr'>σεϐασμίου</span> <span class='ocrx_word' id='word_1_488' title='bbox 3260 3512 3680 3580; x_wconf 67' lang='grc' dir='ltr'>πρτστάσσομεν</span> 
     </span>
    </p>
   </div>
   <div class='ocr_carea' id='block_1_79' title="bbox 2101 3597 3681 3675">
    <p class='ocr_par' dir='ltr' id='par_1_79' title="bbox 2101 3597 3681 3675">
     <span class='ocr_line' id='line_1_80' title="bbox 2101 3597 3681 3675; baseline -0.006 -16"><span class='ocrx_word' id='word_1_489' title='bbox 2101 3607 2379 3675; x_wconf 82' lang='grc' dir='ltr'>σχήματος</span> <span class='ocrx_word' id='word_1_490' title='bbox 2405 3604 2526 3657; x_wconf 83' lang='grc' dir='ltr'>καθ’</span> <span class='ocrx_word' id='word_1_491' title='bbox 2550 3604 2808 3673; x_wconf 81' lang='grc' dir='ltr'>ἑκάτερον</span> <span class='ocrx_word' id='word_1_492' title='bbox 2836 3602 2928 3655; x_wconf 72' lang='grc' dir='ltr'><strong>τὸν</strong></span> <span class='ocrx_word' id='word_1_493' title='bbox 2957 3601 3149 3671; x_wconf 85' lang='grc' dir='ltr'>χρόνον</span> <span class='ocrx_word' id='word_1_494' title='bbox 3174 3600 3300 3662; x_wconf 80' lang='grc' dir='ltr'>τοὺς</span> <span class='ocrx_word' id='word_1_495' title='bbox 3326 3597 3681 3668; x_wconf 82' lang='grc' dir='ltr'>βουλομένους</span> 
     </span>
    </p>
   </div>
   <div class='ocr_carea' id='block_1_80' title="bbox 2097 3693 2672 3763">
    <p class='ocr_par' dir='ltr' id='par_1_80' title="bbox 2097 3693 2672 3763">
     <span class='ocr_line' id='line_1_81' title="bbox 2097 3693 2672 3763; baseline -0.003 -14"><span class='ocrx_word' id='word_1_496' title='bbox 2097 3696 2229 3750; x_wconf 75' lang='grc' dir='ltr'>αὐτὸ</span> <span class='ocrx_word' id='word_1_497' title='bbox 2264 3697 2438 3763; x_wconf 82' lang='grc' dir='ltr'>ἐπανῃ</span> <span class='ocrx_word' id='word_1_498' title='bbox 2449 3693 2672 3762; x_wconf 80' lang='grc' dir='ltr'>ρῆσθαι.</span> 
     </span>
    </p>
   </div>
   <div class='ocr_carea' id='block_1_81' title="bbox 2170 3778 3675 3855">
    <p class='ocr_par' dir='ltr' id='par_1_81' title="bbox 2170 3778 3675 3855">
     <span class='ocr_line' id='line_1_82' title="bbox 2170 3778 3675 3855; baseline -0.005 -16"><span class='ocrx_word' id='word_1_499' title='bbox 2170 3788 2375 3839; x_wconf 85' lang='grc' dir='ltr'>Ἕνεκα</span> <span class='ocrx_word' id='word_1_500' title='bbox 2418 3785 2474 3837; x_wconf 78' lang='grc' dir='ltr'>δὲ</span> <span class='ocrx_word' id='word_1_501' title='bbox 2504 3786 2604 3855; x_wconf 84' lang='grc' dir='ltr'>τῆς</span> <span class='ocrx_word' id='word_1_502' title='bbox 2635 3783 2745 3837; x_wconf 82' lang='grc' dir='ltr'><strong>τῶν</strong></span> <span class='ocrx_word' id='word_1_503' title='bbox 2792 3782 3149 3854; x_wconf 73' lang='grc' dir='ltr'>ὑπαρχόντων</span> <span class='ocrx_word' id='word_1_504' title='bbox 3185 3780 3502 3850; x_wconf 83' lang='grc' dir='ltr'>διοικήσεως</span> <span class='ocrx_word' id='word_1_505' title='bbox 3531 3778 3675 3847; x_wconf 81' lang='grc' dir='ltr'>γνὼ-</span> 
     </span>
    </p>
   </div>
   <div class='ocr_carea' id='block_1_82' title="bbox 2102 3871 3675 3949">
    <p class='ocr_par' dir='ltr' id='par_1_82' title="bbox 2102 3871 3675 3949">
     <span class='ocr_line' id='line_1_83' title="bbox 2102 3871 3675 3949; baseline -0.003 -20"><span class='ocrx_word' id='word_1_506' title='bbox 2102 3896 2208 3949; x_wconf 89' lang='grc' dir='ltr'><strong>μην</strong></span> <span class='ocrx_word' id='word_1_507' title='bbox 2265 3876 2399 3930; x_wconf 79' lang='grc' dir='ltr'>ἰδίαν</span> <span class='ocrx_word' id='word_1_508' title='bbox 2442 3874 2902 3944; x_wconf 83' lang='grc' dir='ltr'>ἀποφαινόμεθα,</span> <span class='ocrx_word' id='word_1_509' title='bbox 2954 3873 3031 3942; x_wconf 79' lang='grc' dir='ltr'><strong>τῷ</strong></span> <span class='ocrx_word' id='word_1_510' title='bbox 3088 3872 3187 3943; x_wconf 79' lang='grc' dir='ltr'>μὲν</span> <span class='ocrx_word' id='word_1_511' title='bbox 3237 3871 3610 3941; x_wconf 79' lang='grc' dir='ltr'>ἑκκαιδεκάτῳ</span> <span class='ocrx_word' id='word_1_512' title='bbox 3642 3871 3675 3939; x_wconf 76' lang='grc' dir='ltr'><strong>ἢ</strong></span> 
     </span>
    </p>
   </div>
   <div class='ocr_carea' id='block_1_83' title="bbox 2098 3961 3681 4035">
    <p class='ocr_par' dir='ltr' id='par_1_83' title="bbox 2098 3961 3681 4035">
     <span class='ocr_line' id='line_1_84' title="bbox 2098 3961 3681 4035; baseline -0.006 -14"><span class='ocrx_word' id='word_1_513' title='bbox 2098 3967 2547 4034; x_wconf 80' lang='grc' dir='ltr'>ἑπτακαιδεκάτῳ</span> <span class='ocrx_word' id='word_1_514' title='bbox 2601 3964 3003 4035; x_wconf 78' lang='grc' dir='ltr'>άποκείρασθαί</span> <span class='ocrx_word' id='word_1_515' title='bbox 3084 3980 3203 4015; x_wconf 86' lang='grc' dir='ltr'>τινα</span> <span class='ocrx_word' id='word_1_516' title='bbox 3280 3961 3607 4031; x_wconf 82' lang='grc' dir='ltr'>βουληθέντα</span> <span class='ocrx_word' id='word_1_517' title='bbox 3632 3961 3681 3993; x_wconf 78' lang='grc'>³³</span> 
     </span>
    </p>
   </div>
   <div class='ocr_carea' id='block_1_84' title="bbox 2100 4045 3680 4127">
    <p class='ocr_par' dir='ltr' id='par_1_84' title="bbox 2100 4045 3680 4127">
     <span class='ocr_line' id='line_1_85' title="bbox 2100 4045 3680 4127; baseline -0.004 -19"><span class='ocrx_word' id='word_1_518' title='bbox 2100 4060 2227 4127; x_wconf 77' lang='grc' dir='ltr'>περὶ</span> <span class='ocrx_word' id='word_1_519' title='bbox 2256 4056 2363 4109; x_wconf 81' lang='grc' dir='ltr'>τῶν</span> <span class='ocrx_word' id='word_1_520' title='bbox 2398 4054 2616 4106; x_wconf 80' lang='grc' dir='ltr'>οἰκείων</span> <span class='ocrx_word' id='word_1_521' title='bbox 2648 4053 2723 4116; x_wconf 81' lang='grc' dir='ltr'><strong>ὡς</strong></span> <span class='ocrx_word' id='word_1_522' title='bbox 2752 4052 2818 4106; x_wconf 85' lang='grc' dir='ltr'>ἂν</span> <span class='ocrx_word' id='word_1_523' title='bbox 2852 4052 3112 4121; x_wconf 80' lang='grc' dir='ltr'>βούληται</span> <span class='ocrx_word' id='word_1_524' title='bbox 3146 4051 3479 4104; x_wconf 83' lang='grc' dir='ltr'>διατίθεσθαι</span> <span class='ocrx_word' id='word_1_525' title='bbox 3503 4045 3680 4119; x_wconf 73' lang='grc' dir='ltr'>(οἶμαι</span> 
     </span>
    </p>
   </div>
   <div class='ocr_carea' id='block_1_85' title="bbox 2099 4140 3679 4217">
    <p class='ocr_par' dir='ltr' id='par_1_85' title="bbox 2099 4140 3679 4217">
     <span class='ocr_line' id='line_1_86' title="bbox 2099 4140 3679 4217; baseline -0.005 -16"><span class='ocrx_word' id='word_1_526' title='bbox 2099 4150 2206 4217; x_wconf 79' lang='grc' dir='ltr'>γὰρ</span> <span class='ocrx_word' id='word_1_527' title='bbox 2230 4148 2315 4201; x_wconf 72' lang='grc' dir='ltr'><strong>διὰ</strong></span> <span class='ocrx_word' id='word_1_528' title='bbox 2348 4146 2502 4199; x_wconf 89' lang='grc' dir='ltr'>τοῦτο</span> <span class='ocrx_word' id='word_1_529' title='bbox 2532 4144 2626 4197; x_wconf 76' lang='grc' dir='ltr'>καὶ</span> <span class='ocrx_word' id='word_1_530' title='bbox 2662 4144 2747 4196; x_wconf 84' lang='grc' dir='ltr'>τὸν</span> <span class='ocrx_word' id='word_1_531' title='bbox 2781 4144 2954 4211; x_wconf 87' lang='grc' dir='ltr'>μέγαν</span> <span class='ocrx_word' id='word_1_532' title='bbox 2983 4141 3259 4196; x_wconf 74' lang='grc' dir='ltr'>Βασίλειον</span> <span class='ocrx_word' id='word_1_533' title='bbox 3310 4140 3501 4195; x_wconf 90' lang='grc' dir='ltr'>τοῦτον</span> <span class='ocrx_word' id='word_1_534' title='bbox 3543 4141 3679 4194; x_wconf 84' lang='grc' dir='ltr'>ἀπο-</span> 
     </span>
    </p>
   </div>
   <div class='ocr_carea' id='block_1_86' title="bbox 2097 4230 3680 4305">
    <p class='ocr_par' dir='ltr' id='par_1_86' title="bbox 2097 4230 3680 4305">
     <span class='ocr_line' id='line_1_87' title="bbox 2097 4230 3680 4305; baseline -0.006 -15"><span class='ocrx_word' id='word_1_535' title='bbox 2097 4238 2281 4291; x_wconf 88' lang='grc' dir='ltr'>δοῦναι</span> <span class='ocrx_word' id='word_1_536' title='bbox 2310 4235 2401 4288; x_wconf 82' lang='grc' dir='ltr'>τὸν</span> <span class='ocrx_word' id='word_1_537' title='bbox 2429 4235 2618 4304; x_wconf 77' lang='grc' dir='ltr'>χρόνον</span> <span class='ocrx_word' id='word_1_538' title='bbox 2648 4236 2714 4304; x_wconf 77' lang='grc' dir='ltr'><strong>τῇ</strong></span> <span class='ocrx_word' id='word_1_539' title='bbox 2747 4234 2973 4305; x_wconf 82' lang='grc' dir='ltr'>τοιαύτῃ</span> <span class='ocrx_word' id='word_1_540' title='bbox 3009 4232 3203 4302; x_wconf 77' lang='grc' dir='ltr'>πράξει</span> <span class='ocrx_word' id='word_1_541' title='bbox 3232 4272 3245 4293; x_wconf 89' lang='grc'><strong>,</strong></span> <span class='ocrx_word' id='word_1_542' title='bbox 3283 4232 3359 4294; x_wconf 82' lang='grc' dir='ltr'>ὡς</span> <span class='ocrx_word' id='word_1_543' title='bbox 3392 4230 3514 4283; x_wconf 83' lang='grc' dir='ltr'>κατ’</span> <span class='ocrx_word' id='word_1_544' title='bbox 3538 4232 3680 4282; x_wconf 83' lang='grc' dir='ltr'>ἐκεῖ-</span> 
     </span>
    </p>
   </div>
   <div class='ocr_carea' id='block_1_87' title="bbox 2098 4319 3682 4393">
    <p class='ocr_par' dir='ltr' id='par_1_87' title="bbox 2098 4319 3682 4393">
     <span class='ocr_line' id='line_1_88' title="bbox 2098 4319 3682 4393; baseline -0.003 -16"><span class='ocrx_word' id='word_1_545' title='bbox 2098 4341 2187 4377; x_wconf 91' lang='grc' dir='ltr'><strong>νον</strong></span> <span class='ocrx_word' id='word_1_546' title='bbox 2214 4324 2313 4393; x_wconf 79' lang='grc' dir='ltr'><strong>τῆς</strong></span> <span class='ocrx_word' id='word_1_547' title='bbox 2339 4322 2568 4391; x_wconf 89' lang='grc' dir='ltr'>νομίμου</span> <span class='ocrx_word' id='word_1_548' title='bbox 2598 4320 2815 4392; x_wconf 76' lang='grc' dir='ltr'>ἡλικίας</span> <span class='ocrx_word' id='word_1_549' title='bbox 2839 4321 3004 4390; x_wconf 85' lang='grc' dir='ltr'>μηδὲν</span> <span class='ocrx_word' id='word_1_550' title='bbox 3035 4320 3283 4390; x_wconf 65' lang='grc' dir='ltr'>ἐμποδὼν</span> <span class='ocrx_word' id='word_1_551' title='bbox 3315 4319 3481 4383; x_wconf 76' lang='grc' dir='ltr'>οὔσης</span> <span class='ocrx_word' id='word_1_552' title='bbox 3511 4321 3591 4383; x_wconf 87' lang='grc' dir='ltr'><strong>είς</strong></span> <span class='ocrx_word' id='word_1_553' title='bbox 3619 4322 3682 4373; x_wconf 63' lang='grc' dir='ltr'><strong>τδ</strong></span> 
     </span>
    </p>
   </div>
   <div class='ocr_carea' id='block_1_88' title="bbox 2099 4411 3682 4485">
    <p class='ocr_par' dir='ltr' id='par_1_88' title="bbox 2099 4411 3682 4485">
     <span class='ocr_line' id='line_1_89' title="bbox 2099 4411 3682 4485; baseline -0.003 -18"><span class='ocrx_word' id='word_1_554' title='bbox 2099 4417 2228 4485; x_wconf 75' lang='grc' dir='ltr'>περὶ</span> <span class='ocrx_word' id='word_1_555' title='bbox 2252 4414 2361 4466; x_wconf 83' lang='grc' dir='ltr'>τῶν</span> <span class='ocrx_word' id='word_1_556' title='bbox 2387 4414 2602 4466; x_wconf 75' lang='grc' dir='ltr'>οἰκείων</span> <span class='ocrx_word' id='word_1_557' title='bbox 2634 4411 3069 4482; x_wconf 77' lang='grc' dir='ltr'>βουλεύσασθαι),</span> <span class='ocrx_word' id='word_1_558' title='bbox 3091 4411 3169 4479; x_wconf 85' lang='grc' dir='ltr'>τῷ</span> <span class='ocrx_word' id='word_1_559' title='bbox 3192 4412 3249 4465; x_wconf 89' lang='grc' dir='ltr'><strong>δέ</strong></span> <span class='ocrx_word' id='word_1_560' title='bbox 3277 4428 3338 4479; x_wconf 90' lang='grc' dir='ltr'><strong>γε</strong></span> <span class='ocrx_word' id='word_1_561' title='bbox 3359 4411 3438 4481; x_wconf 82' lang='grc' dir='ltr'>τῷ</span> <span class='ocrx_word' id='word_1_562' title='bbox 3467 4411 3682 4480; x_wconf 86' lang='grc' dir='ltr'>δεκάτῳ</span> 
     </span>
    </p>
   </div>
   <div class='ocr_carea' id='block_1_89' title="bbox 422 4497 1991 4576">
    <p class='ocr_par' dir='ltr' id='par_1_89' title="bbox 422 4500 1990 4563">
     <span class='ocr_line' id='line_1_90' title="bbox 422 4500 1990 4563; baseline 0.006 -10"><span class='ocrx_word' id='word_1_563' title='bbox 422 4500 547 4556; x_wconf 71' lang='lat' dir='ltr'><strong>vitae</strong></span> <span class='ocrx_word' id='word_1_564' title='bbox 584 4503 1005 4556; x_wconf 84' lang='lat' dir='ltr'><strong>sanctimoniam</strong></span> <span class='ocrx_word' id='word_1_565' title='bbox 1033 4512 1246 4557; x_wconf 80' lang='lat' dir='ltr'><strong>mutato</strong></span> <span class='ocrx_word' id='word_1_566' title='bbox 1268 4515 1412 4559; x_wconf 89' lang='lat' dir='ltr'><strong>statu</strong></span> <span class='ocrx_word' id='word_1_567' title='bbox 1448 4508 1686 4562; x_wconf 86' lang='lat' dir='ltr'><strong>transire</strong></span> <span class='ocrx_word' id='word_1_568' title='bbox 1716 4508 1770 4561; x_wconf 88' lang='lat' dir='ltr'><strong>itt</strong></span> <span class='ocrx_word' id='word_1_569' title='bbox 1805 4509 1990 4563; x_wconf 78' lang='lat' dir='ltr'><strong>animo</strong></span> 
     </span>
    </p>
   </div>
   <div class='ocr_carea' id='block_1_90' title="bbox 2095 4497 3681 4576">
    <p class='ocr_par' dir='ltr' id='par_1_90' title="bbox 2099 4504 3681 4576">
     <span class='ocr_line' id='line_1_91' title="bbox 2099 4504 3681 4576; baseline -0.003 -16"><span class='ocrx_word' id='word_1_570' title='bbox 2099 4506 2207 4560; x_wconf 72' lang='grc' dir='ltr'>ἔτει</span> <span class='ocrx_word' id='word_1_571' title='bbox 2241 4506 2377 4576; x_wconf 74' lang='grc' dir='ltr'>πρὸς</span> <span class='ocrx_word' id='word_1_572' title='bbox 2407 4504 2469 4558; x_wconf 77' lang='grc' dir='ltr'>τὸ</span> <span class='ocrx_word' id='word_1_573' title='bbox 2494 4504 2691 4568; x_wconf 67' lang='grc' dir='ltr'>σεμνὸν</span> <span class='ocrx_word' id='word_1_574' title='bbox 2732 4504 2833 4571; x_wconf 76' lang='grc' dir='ltr'>τῆς</span> <span class='ocrx_word' id='word_1_575' title='bbox 2882 4504 3175 4573; x_wconf 81' lang='grc' dir='ltr'>μοναδικῆς</span> <span class='ocrx_word' id='word_1_576' title='bbox 3206 4504 3479 4565; x_wconf 82' lang='grc' dir='ltr'>πολιτείας</span> <span class='ocrx_word' id='word_1_577' title='bbox 3514 4520 3681 4572; x_wconf 85' lang='grc' dir='ltr'>μετα-</span> 
     </span>
    </p>
   </div>
   <div class='ocr_carea' id='block_1_91' title="bbox 422 4592 1987 4667">
    <p class='ocr_par' dir='ltr' id='par_1_91' title="bbox 422 4592 1987 4667">
     <span class='ocr_line' id='line_1_92' title="bbox 422 4592 1987 4667; baseline 0.005 -22"><span class='ocrx_word' id='word_1_578' title='bbox 422 4592 639 4653; x_wconf 86' lang='lat' dir='ltr'><strong>habeat,</strong></span> <span class='ocrx_word' id='word_1_579' title='bbox 659 4603 716 4644; x_wconf 88' lang='lat' dir='ltr'><strong>ut</strong></span> <span class='ocrx_word' id='word_1_580' title='bbox 735 4609 910 4662; x_wconf 86' lang='lat' dir='ltr'><strong>neque</strong></span> <span class='ocrx_word' id='word_1_581' title='bbox 931 4594 1054 4648; x_wconf 87' lang='lat' dir='ltr'><strong>huic</strong></span> <span class='ocrx_word' id='word_1_582' title='bbox 1085 4596 1345 4650; x_wconf 86' lang='lat' dir='ltr'><strong>salutaris</strong></span> <span class='ocrx_word' id='word_1_583' title='bbox 1377 4608 1605 4651; x_wconf 80' lang='lat' dir='ltr'><strong>conatus</strong></span> <span class='ocrx_word' id='word_1_584' title='bbox 1626 4598 1956 4667; x_wconf 89' lang='lat' dir='ltr'><strong>itupedimen</strong></span> <span class='ocrx_word' id='word_1_585' title='bbox 1972 4630 1987 4639; x_wconf 92' lang='lat'><strong>-</strong></span> 
     </span>
    </p>
   </div>
   <div class='ocr_carea' id='block_1_92' title="bbox 420 4685 1991 4755">
    <p class='ocr_par' dir='ltr' id='par_1_92' title="bbox 420 4685 1991 4755">
     <span class='ocr_line' id='line_1_93' title="bbox 420 4685 1991 4755; baseline 0.004 -18"><span class='ocrx_word' id='word_1_586' title='bbox 420 4692 536 4737; x_wconf 89' lang='lat' dir='ltr'><strong>tum</strong></span> <span class='ocrx_word' id='word_1_587' title='bbox 569 4685 786 4752; x_wconf 87' lang='lat' dir='ltr'><strong>aliquod</strong></span> <span class='ocrx_word' id='word_1_588' title='bbox 819 4686 1003 4740; x_wconf 89' lang='lat' dir='ltr'><strong>obviet</strong></span> <span class='ocrx_word' id='word_1_589' title='bbox 1041 4685 1165 4755; x_wconf 90' lang='lat' dir='ltr'><strong>(hoc</strong></span> <span class='ocrx_word' id='word_1_590' title='bbox 1191 4688 1358 4753; x_wconf 86' lang='lat' dir='ltr'><strong>enim,</strong></span> <span class='ocrx_word' id='word_1_591' title='bbox 1393 4698 1453 4741; x_wconf 86' lang='lat' dir='ltr'><strong>ut</strong></span> <span class='ocrx_word' id='word_1_592' title='bbox 1487 4688 1720 4753; x_wconf 85' lang='lat' dir='ltr'><strong>videtur,</strong></span> <span class='ocrx_word' id='word_1_593' title='bbox 1752 4698 1805 4743; x_wconf 92' lang='lat' dir='ltr'><strong>et</strong></span> <span class='ocrx_word' id='word_1_594' title='bbox 1834 4705 1991 4744; x_wconf 87' lang='lat' dir='ltr'><strong>sacra</strong></span> 
     </span>
    </p>
   </div>
   <div class='ocr_carea' id='block_1_93' title="bbox 420 4776 1989 4850">
    <p class='ocr_par' dir='ltr' id='par_1_93' title="bbox 420 4776 1989 4850">
     <span class='ocr_line' id='line_1_94' title="bbox 420 4776 1989 4850; baseline 0.003 -21"><span class='ocrx_word' id='word_1_595' title='bbox 420 4776 666 4843; x_wconf 87' lang='lat' dir='ltr'><strong>synodus</strong></span> <span class='ocrx_word' id='word_1_596' title='bbox 702 4776 1037 4844; x_wconf 80' lang='lat' dir='ltr'><strong>intelligens,</strong></span> <span class='ocrx_word' id='word_1_597' title='bbox 1074 4792 1139 4831; x_wconf 90' lang='lat' dir='ltr'><strong>ac</strong></span> <span class='ocrx_word' id='word_1_598' title='bbox 1170 4777 1377 4845; x_wconf 83' lang='lat' dir='ltr'><strong>volens,</strong></span> <span class='ocrx_word' id='word_1_599' title='bbox 1434 4787 1650 4847; x_wconf 91' lang='lat' dir='ltr'><strong>tempus</strong></span> <span class='ocrx_word' id='word_1_600' title='bbox 1679 4797 1788 4850; x_wconf 88' lang='lat' dir='ltr'><strong>quo</strong></span> <span class='ocrx_word' id='word_1_601' title='bbox 1825 4782 1989 4835; x_wconf 84' lang='lat' dir='ltr'><strong>vitam</strong></span> 
     </span>
    </p>
   </div>
   <div class='ocr_carea' id='block_1_94' title="bbox 421 4868 1996 4941">
    <p class='ocr_par' dir='ltr' id='par_1_94' title="bbox 421 4868 1996 4941">
     <span class='ocr_line' id='line_1_95' title="bbox 421 4868 1996 4941; baseline 0.006 -23"><span class='ocrx_word' id='word_1_602' title='bbox 421 4868 776 4921; x_wconf 87' lang='lat' dir='ltr'><strong>monasticam</strong></span> <span class='ocrx_word' id='word_1_603' title='bbox 804 4869 955 4923; x_wconf 91' lang='lat' dir='ltr'><strong>adire</strong></span> <span class='ocrx_word' id='word_1_604' title='bbox 974 4877 1139 4929; x_wconf 85' lang='lat' dir='ltr'><strong>esset.</strong></span> <span class='ocrx_word' id='word_1_605' title='bbox 1160 4869 1482 4940; x_wconf 85' lang='lat' dir='ltr'><strong>ampliavit),</strong></span> <span class='ocrx_word' id='word_1_606' title='bbox 1504 4886 1569 4925; x_wconf 90' lang='lat' dir='ltr'><strong>ne</strong></span> <span class='ocrx_word' id='word_1_607' title='bbox 1588 4878 1769 4926; x_wconf 89' lang='lat' dir='ltr'><strong>tamen</strong></span> <span class='ocrx_word' id='word_1_608' title='bbox 1800 4873 1845 4927; x_wconf 89' lang='lat' dir='ltr'><strong>is</strong></span> <span class='ocrx_word' id='word_1_609' title='bbox 1865 4888 1996 4941; x_wconf 87' lang='lat' dir='ltr'><strong>quo-</strong></span> 
     </span>
    </p>
   </div>
   <div class='ocr_carea' id='block_1_95' title="bbox 422 4958 1990 5027">
    <p class='ocr_par' dir='ltr' id='par_1_95' title="bbox 422 4958 1990 5027">
     <span class='ocr_line' id='line_1_96' title="bbox 422 4958 1990 5027; baseline 0.003 -14"><span class='ocrx_word' id='word_1_610' title='bbox 422 4958 585 5013; x_wconf 88' lang='lat' dir='ltr'><strong>modo</strong></span> <span class='ocrx_word' id='word_1_611' title='bbox 615 4959 921 5016; x_wconf 89' lang='lat' dir='ltr'><strong>istiusmodi</strong></span> <span class='ocrx_word' id='word_1_612' title='bbox 948 4963 1111 5017; x_wconf 87' lang='lat' dir='ltr'><strong>vitam</strong></span> <span class='ocrx_word' id='word_1_613' title='bbox 1146 4962 1391 5027; x_wconf 88' lang='lat' dir='ltr'><strong>ineundi,</strong></span> <span class='ocrx_word' id='word_1_614' title='bbox 1428 4962 1508 5018; x_wconf 89' lang='lat' dir='ltr'><strong>sic</strong></span> <span class='ocrx_word' id='word_1_615' title='bbox 1536 4962 1702 5017; x_wconf 87' lang='lat' dir='ltr'><strong>etiam</strong></span> <span class='ocrx_word' id='word_1_616' title='bbox 1733 4963 1800 5017; x_wconf 93' lang='lat' dir='ltr'><strong>de</strong></span> <span class='ocrx_word' id='word_1_617' title='bbox 1824 4966 1990 5019; x_wconf 88' lang='lat' dir='ltr'><strong>rebus</strong></span> 
     </span>
    </p>
   </div>
   <div class='ocr_carea' id='block_1_96' title="bbox 2095 4592 3680 4665">
    <p class='ocr_par' dir='ltr' id='par_1_96' title="bbox 2095 4592 3680 4665">
     <span class='ocr_line' id='line_1_97' title="bbox 2095 4592 3680 4665; baseline -0.004 -14"><span class='ocrx_word' id='word_1_618' title='bbox 2095 4595 2357 4661; x_wconf 78' lang='grc' dir='ltr'>τάξασθαι</span> <span class='ocrx_word' id='word_1_619' title='bbox 2391 4595 2725 4665; x_wconf 84' lang='grc' dir='ltr'>διανοηθέντι</span> <span class='ocrx_word' id='word_1_620' title='bbox 2758 4594 2892 4665; x_wconf 79' lang='grc' dir='ltr'>μηδὲ</span> <span class='ocrx_word' id='word_1_621' title='bbox 2926 4593 3100 4663; x_wconf 82' lang='grc' dir='ltr'>τούτῳ</span> <span class='ocrx_word' id='word_1_622' title='bbox 3134 4592 3396 4663; x_wconf 78' lang='grc' dir='ltr'>κωλύμην</span> <span class='ocrx_word' id='word_1_623' title='bbox 3429 4594 3680 4663; x_wconf 80' lang='grc' dir='ltr'>ἀπαντᾷν</span> 
     </span>
    </p>
   </div>
   <div class='ocr_carea' id='block_1_97' title="bbox 2096 4684 3683 4759">
    <p class='ocr_par' dir='ltr' id='par_1_97' title="bbox 2096 4684 3683 4759">
     <span class='ocr_line' id='line_1_98' title="bbox 2096 4684 3683 4759; baseline -0.006 -16"><span class='ocrx_word' id='word_1_624' title='bbox 2096 4689 2189 4743; x_wconf 88' lang='grc' dir='ltr'><strong>τοῦ</strong></span> <span class='ocrx_word' id='word_1_625' title='bbox 2226 4687 2493 4759; x_wconf 88' lang='grc' dir='ltr'>σωτηρίου</span> <span class='ocrx_word' id='word_1_626' title='bbox 2519 4686 2946 4757; x_wconf 81' lang='grc' dir='ltr'>ἐπιχειρήματος</span> <span class='ocrx_word' id='word_1_627' title='bbox 2974 4684 3154 4754; x_wconf 76' lang='grc' dir='ltr'>(τοῦτο</span> <span class='ocrx_word' id='word_1_628' title='bbox 3187 4685 3295 4755; x_wconf 83' lang='grc' dir='ltr'><strong>γὰρ</strong></span> <span class='ocrx_word' id='word_1_629' title='bbox 3321 4684 3463 4737; x_wconf 75' lang='grc' dir='ltr'>ἔοικε</span> <span class='ocrx_word' id='word_1_630' title='bbox 3486 4684 3529 4715; x_wconf 71' lang='grc'><strong>³⁵</strong></span> <span class='ocrx_word' id='word_1_631' title='bbox 3554 4701 3683 4736; x_wconf 85' lang='grc' dir='ltr'>συν-</span> 
     </span>
    </p>
   </div>
   <div class='ocr_carea' id='block_1_98' title="bbox 2099 4776 3681 4850">
    <p class='ocr_par' dir='ltr' id='par_1_98' title="bbox 2099 4776 3681 4850">
     <span class='ocr_line' id='line_1_99' title="bbox 2099 4776 3681 4850; baseline -0.005 -14"><span class='ocrx_word' id='word_1_632' title='bbox 2099 4780 2284 4835; x_wconf 90' lang='grc' dir='ltr'>ιδοῦσα</span> <span class='ocrx_word' id='word_1_633' title='bbox 2315 4783 2409 4834; x_wconf 70' lang='grc' dir='ltr'>καὶ</span> <span class='ocrx_word' id='word_1_634' title='bbox 2435 4782 2468 4850; x_wconf 81' lang='grc' dir='ltr'>ἡ</span> <span class='ocrx_word' id='word_1_635' title='bbox 2501 4778 2624 4850; x_wconf 74' lang='grc' dir='ltr'>ἱερά</span> <span class='ocrx_word' id='word_1_636' title='bbox 2664 4776 2877 4839; x_wconf 83' lang='grc' dir='ltr'>σύνοδος</span> <span class='ocrx_word' id='word_1_637' title='bbox 2925 4777 3200 4829; x_wconf 76' lang='grc' dir='ltr'>συστεῖλαι</span> <span class='ocrx_word' id='word_1_638' title='bbox 3236 4776 3327 4829; x_wconf 75' lang='grc' dir='ltr'>τὸν</span> <span class='ocrx_word' id='word_1_639' title='bbox 3357 4777 3547 4846; x_wconf 72' lang='grc' dir='ltr'>χρόνον</span> <span class='ocrx_word' id='word_1_640' title='bbox 3580 4777 3681 4844; x_wconf 83' lang='grc' dir='ltr'>τῆς</span> 
     </span>
    </p>
   </div>
   <div class='ocr_carea' id='block_1_99' title="bbox 2095 4865 3681 4941">
    <p class='ocr_par' dir='ltr' id='par_1_99' title="bbox 2095 4865 3681 4941">
     <span class='ocr_line' id='line_1_100' title="bbox 2095 4865 3681 4941; baseline -0.006 -15"><span class='ocrx_word' id='word_1_641' title='bbox 2095 4874 2174 4936; x_wconf 82' lang='grc' dir='ltr'><strong>εἰς</strong></span> <span class='ocrx_word' id='word_1_642' title='bbox 2197 4873 2288 4925; x_wconf 78' lang='grc' dir='ltr'>τὸν</span> <span class='ocrx_word' id='word_1_643' title='bbox 2311 4871 2612 4941; x_wconf 76' lang='grc' dir='ltr'>μονάζοντα</span> <span class='ocrx_word' id='word_1_644' title='bbox 2638 4868 2749 4938; x_wconf 90' lang='grc' dir='ltr'>βίον</span> <span class='ocrx_word' id='word_1_645' title='bbox 2771 4869 3182 4937; x_wconf 84' lang='grc' dir='ltr'>προσαγωγῆς),</span> <span class='ocrx_word' id='word_1_646' title='bbox 3212 4866 3285 4936; x_wconf 85' lang='grc' dir='ltr'><strong>μὴ</strong></span> <span class='ocrx_word' id='word_1_647' title='bbox 3317 4866 3500 4934; x_wconf 88' lang='grc' dir='ltr'>μέντοι</span> <span class='ocrx_word' id='word_1_648' title='bbox 3528 4865 3681 4917; x_wconf 79' lang='grc' dir='ltr'>καὶ³⁵</span> 
     </span>
    </p>
   </div>
   <div class='ocr_carea' id='block_1_100' title="bbox 2092 4955 3681 5034">
    <p class='ocr_par' dir='ltr' id='par_1_100' title="bbox 2092 4955 3681 5034">
     <span class='ocr_line' id='line_1_101' title="bbox 2092 4955 3681 5034; baseline -0.006 -17"><span class='ocrx_word' id='word_1_649' title='bbox 2092 4963 2388 5034; x_wconf 76' lang='grc' dir='ltr'>λαμϐάνειν</span> <span class='ocrx_word' id='word_1_650' title='bbox 2439 4962 2600 5015; x_wconf 70' lang='grc' dir='ltr'>αὑτὸν</span> <span class='ocrx_word' id='word_1_651' title='bbox 2649 4960 2839 5031; x_wconf 85' lang='grc' dir='ltr'>ὥσπερ</span> <span class='ocrx_word' id='word_1_652' title='bbox 2887 4959 2985 5029; x_wconf 82' lang='grc' dir='ltr'>τὴν</span> <span class='ocrx_word' id='word_1_653' title='bbox 3016 4960 3095 5020; x_wconf 84' lang='grc' dir='ltr'><strong>είς</strong></span> <span class='ocrx_word' id='word_1_654' title='bbox 3132 4957 3223 5011; x_wconf 85' lang='grc' dir='ltr'>τὸν</span> <span class='ocrx_word' id='word_1_655' title='bbox 3272 4957 3516 5011; x_wconf 88' lang='grc' dir='ltr'>τοιοῦτον</span> <span class='ocrx_word' id='word_1_656' title='bbox 3566 4955 3681 5016; x_wconf 76' lang='grc' dir='ltr'>βίον</span> 
     </span>
    </p>
   </div>
   <div class='ocr_carea' id='block_1_101' title="bbox 1716 5054 2405 5110">
    <p class='ocr_par' dir='ltr' id='par_1_101' title="bbox 1716 5054 2405 5110">
     <span class='ocr_line' id='line_1_102' title="bbox 1716 5054 2405 5110; baseline 0.004 -4"><span class='ocrx_word' id='word_1_657' title='bbox 1716 5054 1952 5110; x_wconf 76' lang='lat' dir='ltr'><strong>VARUE</strong></span> <span class='ocrx_word' id='word_1_658' title='bbox 1992 5054 2405 5110; x_wconf 77' lang='lat' dir='ltr'><strong>LECTIONES.</strong></span> 
     </span>
    </p>
   </div>
   <div class='ocr_carea' id='block_1_102' title="bbox 480 5143 1188 5203">
    <p class='ocr_par' dir='ltr' id='par_1_102' title="bbox 480 5143 1188 5203">
     <span class='ocr_line' id='line_1_103' title="bbox 480 5143 1188 5203; baseline 0.01 -7"><span class='ocrx_word' id='word_1_659' title='bbox 480 5144 524 5176; x_wconf 83' lang='lat'><strong>&quot;</strong></span> <span class='ocrx_word' id='word_1_660' title='bbox 554 5143 651 5200; x_wconf 88' lang='lat' dir='ltr'><strong>Est</strong></span> <span class='ocrx_word' id='word_1_661' title='bbox 683 5144 734 5199; x_wconf 91' lang='lat' dir='ltr'><strong>in</strong></span> <span class='ocrx_word' id='word_1_662' title='bbox 787 5144 901 5201; x_wconf 84' lang='lat' dir='ltr'><strong>Ecl.</strong></span> <span class='ocrx_word' id='word_1_663' title='bbox 935 5145 1069 5202; x_wconf 84' lang='lat' dir='ltr'><strong>Nov.</strong></span> <span class='ocrx_word' id='word_1_664' title='bbox 1106 5164 1188 5203; x_wconf 87' lang='grc' dir='ltr'>ιιι.</span> 
     </span>
    </p>
   </div>
   <div class='ocr_carea' id='block_1_103' title="bbox 1293 5144 3064 5220">
    <p class='ocr_par' dir='ltr' id='par_1_103' title="bbox 1293 5144 3064 5220">
     <span class='ocr_line' id='line_1_104' title="bbox 1293 5144 3064 5220; baseline -0.002 -18"><span class='ocrx_word' id='word_1_665' title='bbox 1293 5150 1337 5220; x_wconf 56' lang='grc' dir='ltr'><strong>ῗο</strong></span> <span class='ocrx_word' id='word_1_666' title='bbox 1373 5147 1486 5204; x_wconf 86' lang='lat' dir='ltr'><strong>Ecl.</strong></span> <span class='ocrx_word' id='word_1_667' title='bbox 1519 5148 1648 5201; x_wconf 89' lang='lat' dir='ltr'><strong>hinc</strong></span> <span class='ocrx_word' id='word_1_668' title='bbox 1678 5148 1894 5220; x_wconf 82' lang='lat' dir='ltr'><strong>initium</strong></span> <span class='ocrx_word' id='word_1_669' title='bbox 1929 5150 2096 5220; x_wconf 65' lang='lat' dir='ltr'><strong>capit.</strong></span> <span class='ocrx_word' id='word_1_670' title='bbox 2180 5152 2222 5182; x_wconf 81' lang='lat'>“</span> <span class='ocrx_word' id='word_1_671' title='bbox 2252 5148 2439 5220; x_wconf 81' lang='lat' dir='ltr'><strong>Basilii</strong></span> <span class='ocrx_word' id='word_1_672' title='bbox 2496 5163 2553 5220; x_wconf 10' lang='lat' dir='ltr'><strong>c7.</strong></span> <span class='ocrx_word' id='word_1_673' title='bbox 2596 5148 2697 5220; x_wconf 78' lang='lat'><strong>_|8.</strong></span> <span class='ocrx_word' id='word_1_674' title='bbox 2787 5146 2831 5220; x_wconf 60' lang='grc' dir='ltr'><strong>ξ’</strong></span> <span class='ocrx_word' id='word_1_675' title='bbox 2864 5160 2915 5200; x_wconf 85' lang='lat' dir='ltr'><strong>c.</strong></span> <span class='ocrx_word' id='word_1_676' title='bbox 2971 5144 3064 5199; x_wconf 77' lang='grc'><strong>40.</strong></span> 
     </span>
    </p>
   </div>
   <div class='ocr_carea' id='block_1_104' title="bbox 3160 5144 3671 5215">
    <p class='ocr_par' dir='ltr' id='par_1_104' title="bbox 3160 5144 3671 5215">
     <span class='ocr_line' id='line_1_105' title="bbox 3160 5144 3671 5215; baseline -0.006 -16"><span class='ocrx_word' id='word_1_677' title='bbox 3160 5144 3204 5177; x_wconf 83' lang='grc'><em>³³</em></span> <span class='ocrx_word' id='word_1_678' title='bbox 3232 5144 3344 5201; x_wconf 86' lang='lat' dir='ltr'><strong>Ecl.</strong></span> <span class='ocrx_word' id='word_1_679' title='bbox 3393 5161 3499 5199; x_wconf 88' lang='grc' dir='ltr'>τινι</span> <span class='ocrx_word' id='word_1_680' title='bbox 3553 5144 3671 5215; x_wconf 83' lang='grc' dir='ltr'>βου·</span> 
     </span>
    </p>
   </div>
   <div class='ocr_carea' id='block_1_105' title="bbox 419 5214 3009 5290">
    <p class='ocr_par' dir='ltr' id='par_1_105' title="bbox 419 5214 3009 5290">
     <span class='ocr_line' id='line_1_106' title="bbox 419 5214 3009 5290; baseline 0 -22"><span class='ocrx_word' id='word_1_681' title='bbox 419 5214 656 5286; x_wconf 86' lang='grc' dir='ltr'>ληθέντι.</span> <span class='ocrx_word' id='word_1_682' title='bbox 728 5215 776 5248; x_wconf 69' lang='grc'><strong>⁸⁵</strong></span> <span class='ocrx_word' id='word_1_683' title='bbox 809 5214 901 5271; x_wconf 86' lang='lat' dir='ltr'><strong>Sic</strong></span> <span class='ocrx_word' id='word_1_684' title='bbox 927 5216 1041 5271; x_wconf 84' lang='lat' dir='ltr'><strong>Ecl.</strong></span> <span class='ocrx_word' id='word_1_685' title='bbox 1081 5230 1137 5273; x_wconf 88' lang='lat' dir='ltr'><strong>et</strong></span> <span class='ocrx_word' id='word_1_686' title='bbox 1175 5218 1243 5272; x_wconf 85' lang='lat' dir='ltr'><strong>H.</strong></span> <span class='ocrx_word' id='word_1_687' title='bbox 1274 5217 1619 5288; x_wconf 86' lang='lat' dir='ltr'><strong>Stephanus;</strong></span> <span class='ocrx_word' id='word_1_688' title='bbox 1653 5218 1813 5272; x_wconf 87' lang='lat' dir='ltr'><strong>codd.</strong></span> <span class='ocrx_word' id='word_1_689' title='bbox 1838 5227 1892 5273; x_wconf 87' lang='lat' dir='ltr'><strong>et</strong></span> <span class='ocrx_word' id='word_1_690' title='bbox 1924 5214 2159 5290; x_wconf 67' lang='lat' dir='ltr'><strong>Sci-iung.</strong></span> <span class='ocrx_word' id='word_1_691' title='bbox 2188 5220 2263 5283; x_wconf 78' lang='grc' dir='ltr'><strong>ὡς</strong></span> <span class='ocrx_word' id='word_1_692' title='bbox 2297 5218 2463 5272; x_wconf 81' lang='grc' dir='ltr'>ἔοικε.</span> <span class='ocrx_word' id='word_1_693' title='bbox 2524 5219 2568 5250; x_wconf 80' lang='grc'><strong>³⁵</strong></span> <span class='ocrx_word' id='word_1_694' title='bbox 2595 5216 2707 5271; x_wconf 82' lang='lat' dir='ltr'><strong>Ecl.</strong></span> <span class='ocrx_word' id='word_1_695' title='bbox 2736 5216 3009 5286; x_wconf 85' lang='grc' dir='ltr'>μέντοιγε.</span> 
     </span>
    </p>
   </div>
   <div class='ocr_carea' id='block_1_106' title="bbox 1928 5311 2162 5367">
    <p class='ocr_par' dir='ltr' id='par_1_106' title="bbox 1928 5311 2162 5367">
     <span class='ocr_line' id='line_1_107' title="bbox 1928 5311 2162 5367; baseline 0.013 -3"><span class='ocrx_word' id='word_1_696' title='bbox 1928 5311 2162 5367; x_wconf 67' lang='lat' dir='ltr'><strong>NOTJE.</strong></span> 
     </span>
    </p>
   </div>
   <div class='ocr_carea' id='block_1_107' title="bbox 494 5399 1997 5473">
    <p class='ocr_par' dir='ltr' id='par_1_107' title="bbox 494 5399 1997 5473">
     <span class='ocr_line' id='line_1_108' title="bbox 494 5399 1997 5473; baseline 0 -17"><span class='ocrx_word' id='word_1_697' title='bbox 494 5400 701 5473; x_wconf 58' lang='grc' dir='ltr'><strong>(δί-60)</strong></span> <span class='ocrx_word' id='word_1_698' title='bbox 733 5399 865 5473; x_wconf 70' lang='lat' dir='ltr'><strong>Vid.</strong></span> <span class='ocrx_word' id='word_1_699' title='bbox 900 5401 952 5455; x_wconf 91' lang='lat' dir='ltr'><strong>in</strong></span> <span class='ocrx_word' id='word_1_700' title='bbox 977 5400 1221 5471; x_wconf 90' lang='lat' dir='ltr'><strong>Corpore</strong></span> <span class='ocrx_word' id='word_1_701' title='bbox 1261 5402 1527 5473; x_wconf 87' lang='lat' dir='ltr'><strong>canonico</strong></span> <span class='ocrx_word' id='word_1_702' title='bbox 1556 5400 1732 5473; x_wconf 20' lang='lat' dir='ltr'><strong>ea”.</strong></span> <span class='ocrx_word' id='word_1_703' title='bbox 1767 5401 1997 5473; x_wconf 75' lang='lat' dir='ltr'><strong>extrade</strong></span> 
     </span>
    </p>
   </div>
   <div class='ocr_carea' id='block_1_108' title="bbox 423 5470 1988 5541">
    <p class='ocr_par' dir='ltr' id='par_1_108' title="bbox 423 5470 1988 5541">
     <span class='ocr_line' id='line_1_109' title="bbox 423 5470 1988 5541; baseline -0.003 -14"><span class='ocrx_word' id='word_1_704' title='bbox 423 5470 1177 5541; x_wconf 80' lang='lat' dir='ltr'><strong>temporibusordinationum</strong></span> <span class='ocrx_word' id='word_1_705' title='bbox 1196 5480 1249 5525; x_wconf 87' lang='lat' dir='ltr'><strong>et</strong></span> <span class='ocrx_word' id='word_1_706' title='bbox 1264 5472 1523 5541; x_wconf 87' lang='lat' dir='ltr'><strong>qualitate</strong></span> <span class='ocrx_word' id='word_1_707' title='bbox 1540 5470 1988 5534; x_wconf 78' lang='lat' dir='ltr'><strong>ordinamloruut,</strong></span> 
     </span>
    </p>
   </div>
   <div class='ocr_carea' id='block_1_109' title="bbox 421 5541 1989 5611">
    <p class='ocr_par' dir='ltr' id='par_1_109' title="bbox 421 5541 1989 5611">
     <span class='ocr_line' id='line_1_110' title="bbox 421 5541 1989 5611; baseline -0.003 -16"><span class='ocrx_word' id='word_1_708' title='bbox 421 5544 820 5611; x_wconf 71' lang='lat' dir='ltr'><strong>(llenientinam</strong></span> <span class='ocrx_word' id='word_1_709' title='bbox 852 5543 920 5611; x_wconf 83' lang='lat' dir='ltr'><strong>de</strong></span> <span class='ocrx_word' id='word_1_710' title='bbox 948 5552 1127 5603; x_wconf 62' lang='lat' dir='ltr'><strong>aetate,</strong></span> <span class='ocrx_word' id='word_1_711' title='bbox 1175 5542 1442 5611; x_wconf 83' lang='lat' dir='ltr'><strong>qualitate</strong></span> <span class='ocrx_word' id='word_1_712' title='bbox 1498 5541 1989 5611; x_wconf 59' lang='lat' dir='ltr'><strong>praeﬁciendorutn,</strong></span> 
     </span>
    </p>
   </div>
   <div class='ocr_carea' id='block_1_110' title="bbox 423 5609 1990 5680">
    <p class='ocr_par' dir='ltr' id='par_1_110' title="bbox 423 5609 1990 5680">
     <span class='ocr_line' id='line_1_111' title="bbox 423 5609 1990 5680; baseline -0.002 -17"><span class='ocrx_word' id='word_1_713' title='bbox 423 5622 547 5663; x_wconf 84' lang='lat' dir='ltr'><strong>etc.</strong></span> <span class='ocrx_word' id='word_1_714' title='bbox 582 5611 634 5675; x_wconf 82' lang='lat' dir='ltr'><strong>‘l,</strong></span> <span class='ocrx_word' id='word_1_715' title='bbox 665 5612 719 5672; x_wconf 89' lang='lat'><strong>8,</strong></span> <span class='ocrx_word' id='word_1_716' title='bbox 755 5610 842 5664; x_wconf 82' lang='grc' dir='ltr'>Η.</span> <span class='ocrx_word' id='word_1_717' title='bbox 875 5610 946 5664; x_wconf 86' lang='lat' dir='ltr'><strong>De</strong></span> <span class='ocrx_word' id='word_1_718' title='bbox 986 5609 1276 5680; x_wconf 76' lang='lat' dir='ltr'><strong>regttlarth.</strong></span> <span class='ocrx_word' id='word_1_719' title='bbox 1306 5626 1429 5679; x_wconf 90' lang='lat' dir='ltr'><strong>cap.</strong></span> <span class='ocrx_word' id='word_1_720' title='bbox 1462 5609 1557 5680; x_wconf 78' lang='lat' dir='ltr'><strong>ult.</strong></span> <span class='ocrx_word' id='word_1_721' title='bbox 1591 5609 1665 5663; x_wconf 82' lang='lat' dir='ltr'><strong>De</strong></span> <span class='ocrx_word' id='word_1_722' title='bbox 1697 5609 1990 5678; x_wconf 82' lang='lat' dir='ltr'><strong>temporib.</strong></span> 
     </span>
    </p>
   </div>
   <div class='ocr_carea' id='block_1_111' title="bbox 425 5679 1994 5749">
    <p class='ocr_par' dir='ltr' id='par_1_111' title="bbox 425 5679 1994 5749">
     <span class='ocr_line' id='line_1_112' title="bbox 425 5679 1994 5749; baseline 0.001 -21"><span class='ocrx_word' id='word_1_723' title='bbox 425 5680 663 5749; x_wconf 79' lang='lat' dir='ltr'><strong>ordinat.</strong></span> <span class='ocrx_word' id='word_1_724' title='bbox 696 5680 824 5749; x_wconf 74' lang='lat' dir='ltr'><strong>inti.</strong></span> <span class='ocrx_word' id='word_1_725' title='bbox 861 5691 916 5733; x_wconf 89' lang='lat' dir='ltr'><strong>et</strong></span> <span class='ocrx_word' id='word_1_726' title='bbox 940 5679 1186 5735; x_wconf 83' lang='lat' dir='ltr'><strong>distinct.</strong></span> <span class='ocrx_word' id='word_1_727' title='bbox 1207 5681 1291 5733; x_wconf 78' lang='grc'><strong>⁸77.</strong></span> <span class='ocrx_word' id='word_1_728' title='bbox 1325 5696 1446 5749; x_wconf 75' lang='lat' dir='ltr'><strong>Cap.</strong></span> <span class='ocrx_word' id='word_1_729' title='bbox 1494 5679 1917 5749; x_wconf 49' lang='lat' dir='ltr'><strong>Snbdiaconus,</strong></span> <span class='ocrx_word' id='word_1_730' title='bbox 1942 5685 1994 5749; x_wconf 84' lang='lat' dir='ltr'><strong>et</strong></span> 
     </span>
    </p>
   </div>
   <div class='ocr_carea' id='block_1_112' title="bbox 430 5746 1994 5817">
    <p class='ocr_par' dir='ltr' id='par_1_112' title="bbox 430 5746 1994 5817">
     <span class='ocr_line' id='line_1_113' title="bbox 430 5746 1994 5817; baseline 0.003 -24"><span class='ocrx_word' id='word_1_731' title='bbox 430 5746 798 5817; x_wconf 18' lang='lat' dir='ltr'><strong>d.ist_i_nct.;78.</strong></span> <span class='ocrx_word' id='word_1_732' title='bbox 818 5760 868 5800; x_wconf 91' lang='lat' dir='ltr'><strong>c.</strong></span> <span class='ocrx_word' id='word_1_733' title='bbox 895 5750 1035 5812; x_wconf 84' lang='lat' dir='ltr'><strong>Quid</strong></span> <span class='ocrx_word' id='word_1_734' title='bbox 1061 5760 1145 5805; x_wconf 85' lang='lat' dir='ltr'><strong>est</strong></span> <span class='ocrx_word' id='word_1_735' title='bbox 1179 5771 1191 5804; x_wconf 91' lang='lat'><strong>:</strong></span> <span class='ocrx_word' id='word_1_736' title='bbox 1221 5759 1273 5801; x_wconf 74' lang='lat' dir='ltr'><strong>et</strong></span> <span class='ocrx_word' id='word_1_737' title='bbox 1312 5752 1359 5814; x_wconf 86' lang='lat' dir='ltr'><strong>l,</strong></span> <span class='ocrx_word' id='word_1_738' title='bbox 1388 5746 1444 5815; x_wconf 65' lang='grc' dir='ltr'>(ι.</span> <span class='ocrx_word' id='word_1_739' title='bbox 1480 5751 1599 5806; x_wconf 72' lang='lat'><strong>1.0.</strong></span> <span class='ocrx_word' id='word_1_740' title='bbox 1624 5751 1827 5803; x_wconf 74' lang='lat' dir='ltr'><strong>Estotc.</strong></span> <span class='ocrx_word' id='word_1_741' title='bbox 1856 5747 1994 5817; x_wconf 84' lang='lat' dir='ltr'><strong>addc</strong></span> 
     </span>
    </p>
   </div>
   <div class='ocr_carea' id='block_1_113' title="bbox 434 5808 1991 5885">
    <p class='ocr_par' dir='ltr' id='par_1_113' title="bbox 434 5808 1991 5885">
     <span class='ocr_line' id='line_1_114' title="bbox 434 5808 1991 5885; baseline 0.004 -23"><span class='ocrx_word' id='word_1_742' title='bbox 434 5808 669 5878; x_wconf 70' lang='lat' dir='ltr'><strong>Vtgliutn</strong></span> <span class='ocrx_word' id='word_1_743' title='bbox 689 5815 743 5866; x_wconf 82' lang='lat'><strong>&#39;5.</strong></span> <span class='ocrx_word' id='word_1_744' title='bbox 788 5808 1025 5871; x_wconf 71' lang='lat' dir='ltr'><strong>tnetliodi</strong></span> <span class='ocrx_word' id='word_1_745' title='bbox 1066 5819 1201 5881; x_wconf 86' lang='lat' dir='ltr'><strong>iuris</strong></span> <span class='ocrx_word' id='word_1_746' title='bbox 1230 5808 1495 5874; x_wconf 77' lang='lat' dir='ltr'><strong>oontilicii</strong></span> <span class='ocrx_word' id='word_1_747' title='bbox 1521 5818 1572 5885; x_wconf 67' lang='grc'>4,</span> <span class='ocrx_word' id='word_1_748' title='bbox 1612 5834 1763 5873; x_wconf 82' lang='grc' dir='ltr'>ιιιιιιι.</span> <span class='ocrx_word' id='word_1_749' title='bbox 1792 5817 1881 5871; x_wconf 81' lang='grc'><strong>57.</strong></span> <span class='ocrx_word' id='word_1_750' title='bbox 1912 5816 1991 5870; x_wconf 84' lang='lat' dir='ltr'><strong>Ab</strong></span> 
     </span>
    </p>
   </div>
   <div class='ocr_carea' id='block_1_114' title="bbox 2107 5396 3675 5470">
    <p class='ocr_par' dir='ltr' id='par_1_114' title="bbox 2107 5396 3675 5470">
     <span class='ocr_line' id='line_1_115' title="bbox 2107 5396 3675 5470; baseline -0.003 -15"><span class='ocrx_word' id='word_1_751' title='bbox 2107 5401 2333 5456; x_wconf 79' lang='lat' dir='ltr'><strong>infantia</strong></span> <span class='ocrx_word' id='word_1_752' title='bbox 2381 5400 2628 5470; x_wconf 85' lang='lat' dir='ltr'><strong>potuisse</strong></span> <span class='ocrx_word' id='word_1_753' title='bbox 2690 5399 2987 5454; x_wconf 89' lang='lat' dir='ltr'><strong>monachos</strong></span> <span class='ocrx_word' id='word_1_754' title='bbox 3040 5396 3158 5452; x_wconf 80' lang='lat' dir='ltr'><strong>ﬁeri</strong></span> <span class='ocrx_word' id='word_1_755' title='bbox 3202 5405 3419 5453; x_wconf 89' lang='lat' dir='ltr'><strong>constat</strong></span> <span class='ocrx_word' id='word_1_756' title='bbox 3462 5411 3526 5451; x_wconf 82' lang='lat' dir='ltr'><strong>ex</strong></span> <span class='ocrx_word' id='word_1_757' title='bbox 3564 5396 3675 5467; x_wconf 63' lang='lat' dir='ltr'><strong>lege</strong></span> 
     </span>
    </p>
   </div>
   <div class='ocr_carea' id='block_1_115' title="bbox 2094 5471 2630 5537">
    <p class='ocr_par' dir='ltr' id='par_1_115' title="bbox 2094 5471 2630 5537">
     <span class='ocr_line' id='line_1_116' title="bbox 2094 5471 2630 5537; baseline -0.007 -12"><span class='ocrx_word' id='word_1_758' title='bbox 2094 5472 2181 5526; x_wconf 80' lang='lat'><strong>55.</strong></span> <span class='ocrx_word' id='word_1_759' title='bbox 2210 5488 2259 5527; x_wconf 91' lang='lat' dir='ltr'><strong>c.</strong></span> <span class='ocrx_word' id='word_1_760' title='bbox 2290 5471 2363 5524; x_wconf 90' lang='lat' dir='ltr'><strong>De</strong></span> <span class='ocrx_word' id='word_1_761' title='bbox 2386 5472 2630 5537; x_wconf 74' lang='lat' dir='ltr'><strong>cpiscop.</strong></span> 
     </span>
    </p>
   </div>
   <div class='ocr_carea' id='block_1_116' title="bbox 2171 5538 3569 5610">
    <p class='ocr_par' dir='ltr' id='par_1_116' title="bbox 2171 5538 3569 5610">
     <span class='ocr_line' id='line_1_117' title="bbox 2171 5538 3569 5610; baseline -0.001 -16"><span class='ocrx_word' id='word_1_762' title='bbox 2171 5541 2283 5610; x_wconf 91' lang='lat'><strong>(6|)</strong></span> <span class='ocrx_word' id='word_1_763' title='bbox 2315 5540 2372 5593; x_wconf 93' lang='lat' dir='ltr'><strong>lu</strong></span> <span class='ocrx_word' id='word_1_764' title='bbox 2392 5540 2621 5610; x_wconf 62' lang='lat' dir='ltr'><strong>epistola</strong></span> <span class='ocrx_word' id='word_1_765' title='bbox 2653 5539 2719 5594; x_wconf 87' lang='lat' dir='ltr'><strong>ad</strong></span> <span class='ocrx_word' id='word_1_766' title='bbox 2741 5538 3207 5609; x_wconf 88' lang='lat' dir='ltr'><strong>Amphilochium,</strong></span> <span class='ocrx_word' id='word_1_767' title='bbox 3242 5552 3454 5591; x_wconf 74' lang='lat' dir='ltr'><strong>canone</strong></span> <span class='ocrx_word' id='word_1_768' title='bbox 3484 5538 3569 5593; x_wconf 81' lang='grc'><strong>18.</strong></span> 
     </span>
    </p>
   </div>
   <div class='ocr_carea' id='block_1_117' title="bbox 2172 5608 2602 5678">
    <p class='ocr_par' dir='ltr' id='par_1_117' title="bbox 2172 5608 2602 5678">
     <span class='ocr_line' id='line_1_118' title="bbox 2172 5608 2602 5678; baseline -0.009 -13"><span class='ocrx_word' id='word_1_769' title='bbox 2172 5608 2349 5678; x_wconf 64' lang='grc'><strong>(62111</strong></span> <span class='ocrx_word' id='word_1_770' title='bbox 2391 5608 2602 5662; x_wconf 88' lang='lat' dir='ltr'><strong>Trullo.</strong></span> 
     </span>
    </p>
   </div>
   <div class='ocr_carea' id='block_1_118' title="bbox 2170 5677 3369 5747">
    <p class='ocr_par' dir='ltr' id='par_1_118' title="bbox 2170 5677 3369 5747">
     <span class='ocr_line' id='line_1_119' title="bbox 2170 5677 3369 5747; baseline -0.008 -13"><span class='ocrx_word' id='word_1_771' title='bbox 2170 5682 2286 5747; x_wconf 79' lang='grc'><strong>(65)</strong></span> <span class='ocrx_word' id='word_1_772' title='bbox 2312 5679 2536 5733; x_wconf 78' lang='lat' dir='ltr'><strong>Canonc</strong></span> <span class='ocrx_word' id='word_1_773' title='bbox 2574 5677 2663 5740; x_wconf 71' lang='grc'>40,</span> <span class='ocrx_word' id='word_1_774' title='bbox 2698 5678 2786 5731; x_wconf 92' lang='lat' dir='ltr'><strong>ubi</strong></span> <span class='ocrx_word' id='word_1_775' title='bbox 2812 5678 2921 5733; x_wconf 90' lang='lat' dir='ltr'><strong>vid.</strong></span> <span class='ocrx_word' id='word_1_776' title='bbox 2946 5677 3369 5747; x_wconf 12' lang='lat' dir='ltr'><strong>,Balsaimonetn.</strong></span> 
     </span>
    </p>
   </div>
   <div class='ocr_carea' id='block_1_119' title="bbox 2170 5745 3302 5819">
    <p class='ocr_par' dir='ltr' id='par_1_119' title="bbox 2170 5745 3302 5819">
     <span class='ocr_line' id='line_1_120' title="bbox 2170 5745 3302 5819; baseline -0.008 -14"><span class='ocrx_word' id='word_1_777' title='bbox 2170 5745 2282 5819; x_wconf 70' lang='lat' dir='ltr'><strong>(6i)</strong></span> <span class='ocrx_word' id='word_1_778' title='bbox 2312 5750 2366 5804; x_wconf 91' lang='lat' dir='ltr'><strong>ld</strong></span> <span class='ocrx_word' id='word_1_779' title='bbox 2401 5757 2503 5807; x_wconf 87' lang='lat' dir='ltr'><strong>est.</strong></span> <span class='ocrx_word' id='word_1_780' title='bbox 2533 5749 2743 5804; x_wconf 80' lang='lat' dir='ltr'><strong>testari.</strong></span> <span class='ocrx_word' id='word_1_781' title='bbox 2771 5748 2919 5802; x_wconf 82' lang='lat' dir='ltr'><strong>Adde</strong></span> <span class='ocrx_word' id='word_1_782' title='bbox 2942 5745 3074 5801; x_wconf 82' lang='lat' dir='ltr'><strong>Nov.</strong></span> <span class='ocrx_word' id='word_1_783' title='bbox 3107 5746 3140 5800; x_wconf 88' lang='grc'><strong>6</strong></span> <span class='ocrx_word' id='word_1_784' title='bbox 3180 5745 3302 5799; x_wconf 87' lang='lat' dir='ltr'><strong>cod.</strong></span> 
     </span>
    </p>
   </div>
  </div>
