4048 6456
372 360 383 374 δ
416 403 524 467 443

483 517 623 570 ldem
675 513 806 580 imp.
839 507 1119 577 Stephano
1164 506 1516 562 sanctissimo
1569 502 1991 572 Constantinop.
2024 508 2070 564 Α

416 605 825 674 archiepiscopo
861 606 916 654 et
935 597 1261 668 patriarcha:
1290 595 1609 651 universali.

488 840 621 894 Cum
650 838 877 908 alioqui,
906 838 999 907 qui
1047 838 1410 906 incomposite
1446 836 1632 889 vivere
1668 834 1989 896 instituunt,

413 943 476 982 ac
508 943 618 997 prae
646 929 883 982 laudatis
911 930 1156 981 moribus
1218 935 1506 981 sectantur
1558 926 1819 989 vitiosos,
1850 940 1990 994 quo-

415 1022 734 1089 tiescunque
759 1021 944 1089 ﬂagitii
972 1020 1266 1090 quidquam
1312 1019 1626 1088 designasse
1653 1016 1982 1086 deprehensi

413 1113 542 1175 sint,
576 1115 777 1165 malum
810 1114 1052 1181 ipsorum
1086 1113 1398 1165 institutum
1449 1111 1806 1164 multifariam
1835 1124 1992 1162 coero

416 1213 627 1269 ceatur,
671 1220 769 1257 nec
794 1204 1099 1273 improbam
1139 1205 1538 1271 scelestamque
1572 1203 1905 1254 voluntatem
1936 1208 1991 1254 et

413 1296 750 1350 molitionem
832 1296 1177 1349 correctione
1237 1310 1437 1349 vacare
1493 1294 1792 1347 toleretur:
1846 1294 1991 1346 subit

414 1387 619 1445 mirari.
656 1387 931 1455 quomodo
962 1388 1044 1440 lex
1077 1394 1236 1440 vetus
1268 1387 1336 1440 iis
1369 1385 1461 1454 qui
1498 1385 1819 1439 monastica:
1863 1383 1988 1437 vita;

411 1478 795 1532 exercitationi
830 1493 889 1531 se
927 1479 1358 1547 mancipassent,
1387 1476 1601 1543 {deinde
1634 1492 1764 1530 vero
1790 1475 1985 1531 statio-

413 1569 616 1622 t'tonem
650 1583 804 1621 suam
831 1578 884 1622 et
913 1570 1158 1621 ordinem
1180 1568 1573 1631 deseruissent,
1603 1568 1988 1635 quomodoque

412 1675 582 1713 sacra:
631 1660 823 1715 littera:
898 1660 1009 1729 (69)
1081 1661 1324 1727 habent,
1390 1673 1645 1729 tanquam
1707 1672 1871 1712 canes
1916 1658 1984 1710 ad

418 1766 577 1805 suum
613 1752 852 1819 ipsorum
882 1752 1169 1817 vomitum,
1213 1762 1306 1804 aut
1331 1768 1458 1806 sues
1486 1755 1550 1803 ad
1583 1750 1827 1818 pristina;
1861 1748 1986 1802 vitae

1584 382 1587 383 ⁷
1660 391 1938 454 seems
1972 391 2433 453 PHILOSOPHI

3554 392 3658 454 444

2168 501 2225 554 '0
2256 502 2417 564 αὐτὸς
2469 500 2723 571 βασιλεὺς
2771 501 3029 571 Στεφάνῳ
3062 501 3143 572 τῷ
3172 502 3464 571 ἁγιωτάτῳ
3514 504 3676 574 άρχι-

2096 595 2382 665 επισκόπῳ
2406 594 3027 657 Κωνσταντινουπόλεως
3058 596 3155 648 καὶ
3179 597 3545 667 οἰκουμενικῷ
3574 614 3678 651 πα-

2094 684 2351 757 τριάρχῃ.

2166 836 2287 889 Τῶν
2317 837 2569 902 ἀτάκτως
2604 838 2704 908 ζῇν
2735 838 3115 909 προελομένων
3145 840 3238 892 καὶ
3260 841 3379 893 ἀντὶ
3401 839 3490 892 τοῦ
3518 842 3676 897 ἐπαι-

2092 928 2246 981 νετοῦ
2280 930 2395 999 βίου
2426 932 2515 983 τὸν
2543 932 2746 999 φαῦλον
2776 932 3216 1002 μετερχομένων,
3249 934 3438 995 όσάκις
3472 933 3537 987 ἂν
3572 953 3673 987 που

2093 1020 2263 1088 νηρᾶς
2320 1021 2570 1091 πράξεως
2621 1022 2850 1093 ἐργάται
2910 1024 3227 1091 φωραθῶσι,
3263 1026 3361 1090 τῆς
3408 1026 3675 1097 κακίστης

2091 1114 2317 1185 γνώμης
2352 1114 2703 1185 πολυτρόπως
2753 1115 3210 1185 ἀνακοπτομένων
3228 1117 3270 1146 ’δ’
3314 1119 3409 1171 καὶ
3450 1117 3551 1186 τῆς
3584 1135 3679 1188 μο-

2090 1209 2299 1280 χθηρᾶς
2327 1207 2421 1260 καὶ
2455 1205 2740 1273 ὲξαγίστου
2772 1206 3077 1277 βουλήσεως
3104 1208 3200 1261 καὶ
3229 1208 3407 1279 ὁρμῆς
3432 1210 3494 1263 οὐ
3540 1226 3675 1279 συγ-

2091 1298 2442 1371 χωρουμένης
2469 1297 2886 1368 άνεπιτιμήτου,
2923 1299 3207 1368 θαυμάζω,
3241 1299 3357 1363 πῶς
3387 1300 3549 1370 νόμος
3579 1302 3679 1371 ἀρ-

2090 1394 2242 1462 χαῖος
2290 1390 2417 1454 τοὺς
2462 1391 2542 1452 είς
2570 1389 2662 1443 τὸν
2697 1390 2884 1456 ἀγῶνα
2926 1391 3026 1460 τῆς
3077 1391 3371 1462 μοναχικῆς
3404 1392 3677 1457 πολιτείας

2089 1474 2484 1551 ἐμϐεϐηκότας,
2512 1477 2629 1534 εἶτα
2652 1481 3188 1551 λειποτακτήσαντας
3217 1483 3310 1535 καὶ
3334 1481 3474 1536 κατὰ
3496 1484 3556 1536 τδ
3588 1484 3679 1536 λό-

2089 1589 2207 1639 γιον
2231 1571 2420 1641 ὥσπερ
2451 1571 2620 1635 κύνας
2654 1571 2790 1643 πρὸς
2818 1573 2909 1627 τὸν
2937 1574 3067 1626 ίδιον
3092 1572 3287 1642 ἔμετον
3317 1574 3348 1643 ἢ
3384 1574 3516 1637 σύας
3541 1577 3677 1645 πρὸς

2087 1662 2179 1715 τὸν
2211 1662 2306 1715 τοῦ
2343 1663 2614 1733 προτέρου
2662 1663 2780 1733 βίου
2814 1663 3075 1735 βόρϐορον
3117 1665 3552 1733 ὲπιστραφέντας
3581 1667 3677 1719 καὶ

2089 1752 2228 1823 πρὸς
2278 1752 2339 1805 τὸ
2384 1752 2573 1806 λαῖκδν
2622 1753 2717 1805 καὶ
2771 1754 2957 1824 σχῆμα
2987 1746 3085 1808 καῖ
3125 1755 3312 1825 τάγμα
3353 1753 3677 1819 ὲντάξαντας

410 1857 687 1895 caenosam
746 1842 987 1895 cloacam
1034 1842 1240 1897 reversi
1292 1853 1581 1903 essent,ac
1634 1840 1984 1911 profanorum

2091 1843 2337 1907 ἑαυτοὺς,
2392 1844 2602 1915 ἀφῆκεν
2651 1845 2731 1907 είς
2780 1846 2931 1909 τέλος
2976 1846 3036 1899 τὸ
3077 1847 3290 1900 ἀνόσιον
3341 1847 3678 1917 ἐπιχείρημα

412 1931 466 1984 in
494 1931 681 1985 habitu
718 1941 972 2000 statuque
1006 1949 1063 1987 se
1097 1934 1199 2002 ipsi
1242 1934 1602 1987 collocassent
1627 1972 1641 1996 ,
1672 1934 1982 2001 improbutn

412 2022 513 2074 huc
544 2022 729 2076 scelus
760 2023 957 2075 tentari
988 2025 1216 2076 omnino
1238 2024 1423 2092 perlici
1461 2023 1791 2092 permiserit.
1821 2020 1987 2075 Jubct

409 2112 580 2175 enim,
620 2120 679 2165 ut
712 2112 803 2179 qui
829 2114 996 2166 semel
1029 2117 1347 2168 mouastica:
1373 2113 1499 2167 vita:
1552 2114 1869 2167 institutum
1903 2127 1987 2165 re-

411 2203 688 2271 liquerint,
724 2204 867 2257 unde
899 2202 1170 2272 ﬂagitiose
1217 2206 1484 2270 exissent,
1533 2212 1938 2259 reverterentur
1968 2222 1983 2260 :

407 2298 501 2365 qui
527 2311 656 2349 vero
679 2297 877 2349 iterum
912 2296 1112 2367 (70-74)
1139 2297 1191 2352 id
1216 2299 1337 2351 ausi
1357 2305 1644 2362 essent,ex
1663 2307 1986 2367 eotempore

316 2390 319 2393 ’
410 2392 551 2457 pulsi
582 2394 933 2457 monachatu,
965 2392 1114 2447 inter
1152 2391 1465 2445 cohortales
1498 2390 1855 2459 provincialis
1888 2404 1985 2442 co-

411 2484 582 2538 hortis
603 2492 1025 2540 recenserentur
1050 2484 1183 2552 (75).
1217 2482 1378 2550 Atqui
1413 2482 1459 2536 si
1485 2489 1543 2535 ut
1597 2481 1846 2536 desertor
1892 2494 1987 2534 or-

408 2574 553 2627 dinis
584 2574 938 2644 profanorum
974 2574 1163 2627 habitu
1192 2573 1538 2635 indueretur,
1565 2571 1618 2624 id
1654 2570 1730 2623 illi
1774 2578 1984 2624 statutu

411 2664 699 2731 pulchrum
732 2665 911 2719 visum
944 2664 1066 2725 fuit,
1095 2662 1224 2733 quid
1246 2676 1429 2716 causae
1458 2670 1543 2716 est
1568 2675 1666 2713 cur
1700 2661 1880 2728 ipsum
1913 2660 1987 2713 ab

409 2753 567 2808 initio
598 2754 673 2808 ita
706 2772 815 2809 non
849 2753 1095 2809 vestierit
1123 2769 1139 2806 :
1164 2750 1257 2806 sed
1289 2761 1349 2805 ut
1374 2752 1466 2821 qui
1516 2749 1821 2805 monachus
1861 2765 1989 2820 pro-

411 2842 699 2899 fessionem
762 2861 919 2901 suam
988 2844 1155 2899 semel
1204 2842 1561 2905 deseruerit,
1612 2841 1661 2896 is
1718 2840 1785 2895 ad
1839 2841 1988 2909 illam

410 2936 714 3004 quamlibet
761 2938 964 2992 invitus
1016 2935 1193 2991 demto
1242 2941 1550 3005 cogeretur,
1597 2932 1993 2987 constituerit?

411 3025 468 3080 Si
510 3029 614 3082 hoc
656 3030 729 3082 ita
769 3028 985 3098 praecipi
1015 3029 1275 3081 decorum
1326 3025 1555 3095 putavit,
1584 3039 1757 3094 quare
1789 3024 1842 3077 in
1892 3039 1990 3077 eo-

2084 1936 2258 2003 άγειν.
2296 1937 2630 2006 Προστάττει
2658 1937 2765 2008 γὰρ
2800 1938 2997 2000 αὐτοὺς
3030 1937 3177 2002 ἅπαξ
3205 1939 3303 2008 μὲν
3336 1937 3433 2008 τὴν
3466 1938 3675 2008 μονήρη

2083 2026 2361 2081 πολιτείαν
2390 2026 2649 2090 λιπόντας
2672 2028 2795 2080 ὅθεν
2831 2027 3018 2090 κακῶς
3049 2027 3271 2097 ἐξῆλθον
3306 2027 3678 2096 άνθυποστρέι-

2085 2119 2304 2189 φεσθαι,
2349 2118 2511 2172 πάλιν
2539 2119 2596 2171 δὲ
2628 2118 2787 2172 τοῦτο
2832 2120 3212 2189 τολμήσαντας
3254 2118 3378 2172 ἀντὶ⁵
3423 2116 3677 2187 μοναχῶν

2086 2212 2167 2271 είς
2199 2208 2540 2279 στρατιώτας
2572 2209 2629 2276 ἐξ
2660 2210 2873 2263 ἐκείνου
2909 2208 3106 2280 καιροῦ
3145 2209 3450 2279 ὲπαρχικῆς
3476 2207 3680 2273 τάξεως

2085 2301 2511 2371 παραγγέλλειν.
2541 2302 2732 2355 Καίτοι
2761 2304 2810 2355 εί
2836 2302 2997 2355 τοῦτο
3032 2301 3199 2355 καλὸν
3242 2299 3391 2369 αὐτῷ
3422 2299 3679 2369 διορίζειν

2087 2393 2260 2461 ἐφάνη
2310 2393 2371 2444 τὸ
2418 2393 2553 2462 πρὸς
2599 2393 2788 2445 λαῖκὸν
2838 2393 3341 2463 μεταμφιέννυσθαι
3375 2392 3561 2462 σχῆμα
3589 2391 3682 2444 τὸν

2088 2482 2473 2551 λειποτάκτην,
2507 2483 2561 2534 τί
2596 2483 2673 2552 μὴ
2703 2483 2799 2535 ἀπ’
2820 2484 2995 2551 ἀρχῆς
3028 2482 3189 2534 αὑτὸν
3234 2482 3408 2544 οὕτως
3455 2482 3686 2549 ἀμφιεν-

2090 2569 2227 2634 νύει,
2260 2570 2375 2622 ἀλλ’
2398 2572 2571 2638 ὁρίζει
2600 2571 2693 2623 τὸν
2721 2570 2868 2636 ἅπαξ
2900 2570 3245 2640 ἁθετήσαντα
3272 2571 3333 2623 τὸ
3365 2570 3565 2623 οἰκεῖον
3590 2570 3685 2622 ἐπυ

2091 2659 2346 2729 ἄγγελμα
2376 2662 2651 2729 μοναστὴν
2684 2662 2780 2714 καὶ
2806 2662 3011 2715 άκοντα
3044 2661 3181 2731 πρὸς
3221 2661 3399 2714 ἐκεῖνο
3428 2660 3686 2713 συνωθεί-

2096 2750 2221 2805 σθαι
2241 2768 2255 2783 ο
2287 2753 2335 2804 εί
2368 2752 2411 2805 δ’
2436 2752 2510 2812 ὡς
2540 2752 2713 2814 οὕτως
2742 2754 2955 2823 πρέπον
2987 2752 3265 2812 ἐκέλευσε,
3295 2752 3349 2805 τί
3381 2751 3456 2823 μὴ
3485 2750 3688 2820 φυλάτ-

2094 2859 2178 2895 τει
2221 2843 2319 2914 τὴν
2347 2843 2549 2912 ψῆφον,
2584 2844 2701 2897 ἀλλ’
2729 2843 2915 2917 ὥσπερ
2946 2845 3014 2897 ἐκ
3048 2844 3417 2914 μεταμελείας
3465 2844 3545 2905 είς
3591 2843 3687 2896 τὸν

2100 2934 2490 3002 στρατιωτικὸν
2557 2934 2682 3003 ἄγει
2731 2934 2847 3005 βίον
2894 2934 2988 2988 τὸν
3036 2933 3220 2989 ἄθλιον
3260 2936 3470 2989 ἐκεῖνον
3516 2951 3686 3005 μονα-

2101 3025 2234 3094 στήν
2259 3041 2274 3090 ;

409 3118 533 3172 dem
566 3118 788 3174 decreto
843 3134 950 3174 non
1007 3119 1284 3184 consistit,
1339 3119 1431 3175 sed
1487 3128 1746 3187 tanquam
1803 3117 1983 3185 ipsum
2027 3117 2208 3185 placiti
2240 3118 2328 3171 sui
2355 3117 2642 3187 poeniteat,
2682 3117 2945 3173 miserum
2973 3117 3128 3172 illum
3194 3117 3530 3173 monachum
3615 3112 3686 3168 ad

412 3210 705 3265 militarem
730 3213 896 3265 vitam
926 3212 1237 3282 protrahit?

481 3370 833 3441 Nequaquam
867 3387 996 3427 vero
1030 3372 1083 3426 id
1124 3371 1284 3427 nobis
1331 3385 1451 3426 esse
1476 3370 1557 3426 fas
1604 3370 1844 3431 videtur,
1876 3381 1979 3419 ne-

2155 3364 2420 3436 Οὐδαμῶς
2466 3363 2561 3418 οὖν
2608 3366 2746 3436 ήμῖν
2807 3365 2968 3417 τοῦτο
3016 3363 3238 3434 θεμιτον
3290 3362 3689 3431 καταφαίνεται

411 3480 518 3533 que
548 3463 657 3533 (76)
695 3465 787 3534 qui
820 3465 872 3519 in
896 3465 1096 3520 divinze
1139 3466 1346 3518 militiae
1388 3463 1500 3534 (77)
1558 3464 1800 3533 legiOnes
1834 3476 1985 3514 rece-

414 3563 539 3624 ptus
572 3557 665 3621 sit,
697 3556 841 3609 hunc
864 3557 916 3609 in
942 3556 1238 3610 mundanis
1261 3554 1473 3609 militiis
1507 3555 1684 3624 placet
1704 3549 1984 3606 collocari.

414 3650 480 3699 At
509 3657 725 3711 contra,
753 3645 896 3715 quod
944 3645 1327 3701 eet-lesiastico
1358 3642 1540 3697 ordini
1577 3638 1859 3696 observari
1892 3636 1987 3691 de-

415 3737 541 3789 bere
570 3736 748 3790 visum
783 3744 889 3797 est,
919 3735 1047 3790 utsi
1093 3736 1217 3804 quis
1267 3734 1469 3802 saepius
1523 3734 1690 3785 vitam
1721 3728 1990 3783 monasti-

411 3841 531 3880 cam
563 3838 888 3895 aspernatus
916 3835 1164 3893 vagetur,
1198 3826 1325 3879 huic
1379 3823 1671 3893 prol‘auum
1729 3820 1977 3875 habitum

413 3916 657 3986 recipere
674 3933 782 3971 non
814 3919 1169 3983 concedatur,
1189 3918 1241 3971 id
1272 3933 1365 3987 per
1394 3916 1563 3985 legem
1588 3913 1754 3968 etiam
1783 3927 1881 3965 nos
1903 3910 1989 3975 ju-

412 4007 626 4063 bemus.
661 4008 716 4062 Si
740 4010 886 4063 enim
912 4010 1004 4079 qui
1046 4010 1213 4062 vitam
1242 4008 1607 4063 monasticam
1629 4007 1800 4069 exuit,
1832 4020 1991 4057 mun-

412 4096 569 4150 danae
599 4098 897 4168 voluptatis
920 4100 1066 4153 velut
1111 4100 1263 4169 asylo
1287 4099 1540 4153 concitus
1575 4096 1628 4151 id
1665 4096 1836 4150 facit:
1867 4109 1991 4164 quae

413 4189 553 4240 ratio
584 4198 689 4248 est.
727 4191 942 4243 tametsi
974 4190 1143 4243 semel
1163 4189 1480 4259 cupiditatis
1515 4202 1631 4241 suae
1682 4193 1834 4240 motu
1861 4200 1991 4255 pro—

417 4277 625 4332 hibitus
646 4279 740 4339 sit,
765 4294 890 4333 euut
928 4282 973 4335 si
1009 4296 1231 4333 rursum
1282 4281 1349 4332 ad
1385 4281 1488 4333 hoc
1524 4278 1839 4332 faciendum
1870 4276 1992 4329 ani-

418 4381 565 4420 mum
583 4370 847 4437 appellat,
893 4387 951 4425 se
997 4372 1063 4425 ad
1123 4373 1286 4425 linem
1339 4372 1586 4424 insolens
1618 4384 1777 4423 suum
1806 4367 1994 4421 consi-

418 4456 548 4511 lium
585 4461 1002 4527 perducturum,
1029 4478 1091 4515 ac
1117 4464 1170 4515 in
1202 4460 1557 4531 profanorum
1600 4466 1867 4514 statutum
1902 4474 1995 4513 re-

417 4548 728 4617 cipiendum
768 4567 890 4607 esse
929 4555 1090 4618 sciat,
1146 4561 1205 4607 ut
1261 4555 1308 4607 is
1353 4569 1461 4606 non
1518 4552 1778 4607 omnibus
1820 4550 1996 4605 modis

419 4644 735 4698 monasticae
788 4648 912 4699 vitae
957 4646 1271 4701 institutum
1332 4647 1529 4701 iterum
1586 4643 1872 4699 communi
1916 4645 1996 4699 vi-

420 4733 578 4785 vendi
610 4735 769 4789 modo
802 4735 1013 4791 mutet?

2089 3458 2210 3512 οὑδὲ
2258 3458 2350 3511 τὸν
2398 3457 2816 3529 ἐπανῃρημένον
2845 3456 2946 3526 τῆς
2978 3455 3127 3518 θείας
3168 3453 3552 3526 στρατολογίας
3584 3455 3687 3523 τὴν

2087 3551 2241 3614 τάξιν
2285 3552 2365 3613 εἰς
2408 3550 2678 3619 κοσμικὰς
2718 3547 3106 3620 στρατολογίας
3135 3546 3361 3616 ἀρέσκει
3419 3545 3686 3614 τετάχθαι

2088 3641 2203 3695 ἀλλ’
2232 3641 2369 3712 ὅπερ
2402 3642 2435 3711 ή
2470 3639 2899 3710 ἐκκλησιαστική
2942 3638 3233 3707 φυλάττειν
3262 3632 3369 3690 οἶδε
3403 3637 3688 3689 κατάστα-

2092 3751 2174 3797 σις
2201 3734 2263 3786 οὐ
2300 3730 2660 3803 συγχωροῦσα
2686 3731 2877 3784 λαῖκὸν
2906 3729 3313 3797 ἀναλαμϐάνειν
3346 3728 3553 3796 σχῆμα,
3580 3727 3689 3780 κᾶν

2091 3825 2349 3887 πολλάκις
2370 3822 2506 3893 άλὺῃ
2530 3840 2613 3887 τις
2640 3823 2731 3875 τὸν
2763 3822 2976 3892 μονήρη
3003 3820 3118 3890 βίον
3146 3818 3379 3882 ἀθετῶν,
3400 3816 3560 3870 τοῦτο
3587 3818 3689 3871 καὶ

2089 3917 2253 3986 ἡμεῖς
2285 3914 2435 3984 νόμῳ
2476 3913 2792 3982 κελεύομεν.
2826 3913 2889 3966 Εἰ
2940 3913 3049 3982 γὰρ
3097 3912 3126 3963 ό
3169 3909 3262 3962 τὸν
3311 3909 3514 3979 μονάδα
3567 3908 3688 3978 βίον

2091 4005 2459 4075 ἀποδυόμενος
2488 4005 2689 4074 οἴστρῳ
2717 4003 2987 4073 κοσμικῆς
3016 4001 3210 4070 ήδονῆς
3255 4000 3688 4068 ἀνακινούμενος

2090 4101 2249 4155 τοῦτο
2280 4099 2530 4171 πράττει,
2566 4099 2707 4164 πῶς,
2740 4099 2847 4151 κάν
2874 4098 3027 4162 άπαξ
3064 4095 3327 4166 ἐπισχεθῇ
3355 4096 3457 4164 τῆς
3482 4094 3687 4165 ὁρμῆς,

2092 4193 2247 4254 εἰδὼς
2275 4194 2360 4247 ὅτι
2394 4191 2555 4247 πάλιν
2602 4193 2694 4243 ἐπὶ
2733 4189 2890 4243 τοῦτο
2924 4191 3178 4260 ὁρμήσας
3216 4188 3277 4241 τὸ
3320 4188 3522 4241 ἄτοπον
3556 4185 3690 4255 βού-

2093 4285 2160 4355 λη
2169 4302 2247 4355 μα
2271 4286 2351 4348 είς
2382 4282 2559 4353 πέρας
2579 4282 2692 4348 ἕξει
2706 4282 2751 4313 ⁸³
2773 4281 3174 4351 προαγόμενον,
3197 4278 3294 4347 τῆς
3312 4278 3502 4346 λαῖκῆς
3520 4276 3690 4330 αὑτὸν

2095 4373 2473 4445 ὑποσχομένης
2514 4371 2943 4435 καταστάσεως,
2981 4371 3101 4439 οὐχὶ
3149 4370 3314 4422 παντὶ
3360 4368 3551 4438 τρόπῳ
3591 4369 3691 4419 καὶ

2095 4465 2261 4518 πάλιν
2292 4464 2363 4516 τὰ
2392 4462 2501 4516 τῶν
2531 4460 2739 4518 λαῖκῶν
2764 4462 2888 4517 ἀντὶ
2913 4461 3014 4532 τῆς
3063 4460 3359 4532 μοναδικῆς
3408 4456 3689 4521 πολιτείας

2095 4558 2383 4623 ἀλλάξεται
2407 4572 2423 4621 ;

1674 4937 1907 4994 VARUE
1956 4933 2248 5021 LECTION
2260 4931 2362 4986 r38.

482 5076 526 5105 "
557 5075 743 5129 Melius
771 5074 912 5131 forte
946 5076 1421 5147 άνακοπτομένης.

1505 5074 1553 5107 ⁸³
1586 5074 1781 5130 Zuich.
1810 5084 1863 5127 et
1895 5071 2120 5126 Mcerm.
2148 5068 2269 5123 cod.
2300 5064 2444 5130 ἄξει.

1925 5242 2163 5308 NOTAE,

422 5412 425 5415 ‘
491 5396 602 5464 (69)
630 5394 887 5464 Proverb.
918 5408 1069 5464 xxvi,
1103 5391 1331 5464 vers.”
1361 5398 1416 5444 et
1450 5388 1489 5442 ll
1526 5388 1675 5441 Petr.
1701 5403 1759 5439 ιι.

494 5460 709 5535 (Ἱυηιι)
736 5462 874 5535 Nov.
894 5463 1030 5535 7123.
1066 5476 1116 5535 c_.
1136 5460 1224 5535 is.

497 5526 612 5605 (75)
647 5526 739 5589 Sic
768 5534 1019 5587 solebant
1062 5531 1245 5605 clerici
1313 5528 1623 5605 desertores
1647 5526 1995 5605 mulionibus

426 5597 623 5658 addici.
656 5604 794 5655 Nov.
844 5604 897 5661 6,
936 5612 994 5653 ut
1025 5601 1368 5669 apparitores
1418 5597 1658 5667 praefecti
1696 5597 1839 5669 urbi,
1873 5610 1998 5669 eor—

425 5674 539 5737 pori
565 5675 850 5739 pistorum,
874 5674 906 5722 Ι.
925 5672 978 5723 ‘2.
1007 5664 1151 5724 CIde
1167 5664 1571 5739 apparitoribus
1591 5666 1828 5739 praefecti
1852 5664 1995 5739 urbi:

427 5734 765 5791 dissimiliter
794 5740 1103 5794 cohortales
1150 5734 1548 5791 addicebantur
1584 5736 1784 5789 Curize.
1814 5735 1853 5788 Ι.
1891 5734 1981 5786 58.

428 5806 575 5859 C.de
602 5806 1014 5873 decurionibus,
1046 5809 1126 5863 vel
1159 5807 1328 5864 suarii
1350 5807 1605 5873 pristino,
1631 5807 1668 5859 ι.
1711 5806 1798 5861 i9.
1827 5804 1891 5860 C.
1914 5802 1983 5858 de

2090 5397 2239 5452 pien.
2277 5378 2412 5432 Nam
2446 5375 2763 5452 huiusmodi
2816 5371 3147 5452 mutatione“
3174 5363 3545 5452 cohortalium
3579 5374 3676 5418 aut

2092 5439 2404 5507 sitariorutn
2434 5439 2679 5503 conditio
2705 5445 3081 5518 deteriorﬂnon
3110 5439 3307 5518 fiebat;
3374 5503 3414 5518 __
3547 5505 3562 5518 _
3586 5504 3644 5518 η

2165 5521 2277 5591 (76)
2315 5519 2377 5591 Et
2406 5518 2489 5591 ita
2515 5519 2813 5591 abrogatur
2839 5514 2897 5567 d.
2938 5509 3073 5591 Nov.
3107 5509 3159 5591 ξὶ,
3194 5525 3246 5591 c_.
3276 5503 3510 5591 62‘1‘2V:
3542 5504 3670 5591 13?,

2094 5574 2319 5658 (κήκιε,
2354 5589 2388 5641 l.
2424 5588 2511 5658 55,
2544 5586 2570 5657 θ
2605 5574 2733 5639 tie.
2773 5583 2848 5636 De
2875 5574 3179 5658 episcopis,
3218 5580 3253 5632 ι.
3287 5577 3387 5630 ult.
3425 5574 3452 5643 ς
3484 5577 3536 5639 ιι,
3566 5576 3591 5643 §
3621 5574 3674 5635 δ,

2100 5654 2285 5715 ιη’ῐῐη.
2326 5657 2388 5731 ς.
2412 5657 2484 5731 de
2513 5654 2766 5731 episcop.
2808 5654 2941 5731 aud.
3072 5719 3105 5731 Η
3165 5717 3175 5731 Ι
3440 5714 3449 5723 .

2171 5731 2283 5800 (77)
2326 5728 2444 5800 Viti.
2506 5717 2650 5800 Νὸν.
2693 5717 2765 5800 ἆ..
2804 5721 3009 5800 iustiti.
3068 5717 3377 5800 (ΣειΙιιυιιιιιιι
3440 5717 3490 5767 in

2095 5786 2308 5857 Claudii
2339 5796 2707 5868 imperatoris,
2734 5793 2958 5846 Suidatu
2996 5791 3049 5843 iu
3082 5786 3335 5857 μοναχός.

3567 5716 3670 5765 vita
