4048 6444
398 350 401 353 ’
431 376 534 438 ιιι

1654 366 1933 429 LEONIS
1962 361 2424 425 PHILOSOPHI

3577 364 3685 429 £48

426 480 650 537 ηας.ιίοω
692 476 812 533 vita:
841 474 1209 548 professione,
1274 476 1341 533 ad
1379 476 1673 547 tegendam
1726 475 1989 530 malitiam

2094 471 2202 525 τῶν
2227 471 2444 524 οἰκείων
2473 467 2752 524 δεσποτῶν
2796 466 3237 539 ἀποδιδράσκειν,
3258 470 3353 524 καὶ
3401 472 3688 544 πράγματι

419 572 571 628 abuti
605 568 852 624 videmus
879 567 1124 637 (cuilibet
1152 568 1436 624 enimvero
1468 567 1733 638 perfacile
1788 575 1892 631 est,
1933 575 1993 621 ut

421 663 489 717 ad
544 662 819 716 triennum
872 674 934 715 se
986 660 1248 724 occultet.
1310 660 1618 730 deindeque
1680 658 1992 714 libertatem

423 755 835 821 consequatur).

484 924 771 992 Jubemus,
800 933 860 979 ut
892 935 1322 996 quantocunque
1375 936 1621 997 tempore
1674 942 1869 984 servus
1898 928 1993 983 tali

420 1016 654 1071 consilio
710 1017 1016 1071 monachus
1053 1016 1234 1072 factus
1264 1017 1572 1083 delituerit,
1601 1018 1647 1073 si
1691 1019 1871 1089 ipsum
1901 1020 1996 1074 ali-

419 1108 636 1176 quando
688 1107 943 1162 dominus
1003 1108 1268 1170 inveniat,
1326 1109 1692 1165 nihilominus
1725 1112 1773 1164 is
1827 1126 1991 1179 quem

419 1203 562 1251 nullo
605 1202 883 1268 proposito
905 1201 1149 1254 habitum
1176 1201 1435 1269 sumpsit,
1467 1203 1571 1256 hoc
1601 1203 1991 1273 exuatttr(84),

419 1305 753 1361 rursumque
779 1291 832 1345 in
860 1292 1068 1345 domini
1130 1302 1457 1362 potestatem
1498 1294 1809 1365 subigatur.
1854 1293 1991 1349 Nam

418 1382 559 1449 quod
592 1382 680 1451 pio
710 1382 905 1437 affectu
958 1383 1204 1437 habitum
1253 1385 1406 1437 illum
1442 1387 1763 1454 sumpserit,
1809 1402 1989 1455 quan-

417 1474 619 1528 tumvis
646 1474 698 1527 id
747 1475 927 1529 verbis
977 1475 1092 1544 ipse
1144 1477 1331 1545 lingat,
1367 1492 1434 1530 ne
1466 1477 1572 1530 dici
1618 1478 1838 1546 quidem
1888 1494 1987 1547 p0-

416 1572 546 1619 test.
578 1566 702 1619 Sive
731 1566 875 1619 enim
906 1580 1030 1619 cum
1097 1567 1360 1621 benevolo
1407 1568 1733 1636 placidoque
1765 1568 1990 1622 domino

417 1663 686 1718 uteretur,
725 1670 824 1723 pro
856 1671 1064 1717 amore,
1128 1658 1254 1710 odio
1309 1669 1598 1727 concepto,
1647 1656 1834 1727 fugere
1896 1659 1991 1712 de-

414 1750 667 1809 creverit,
687 1756 944 1800 extrcmze
974 1747 1383 1816 ingratitudinis
1419 1758 1471 1803 et
1495 1750 1865 1818 improbitatis
1893 1765 1985 1803 ar-

414 1844 733 1906 gumentum
773 1836 975 1890 habes:
1012 1840 1126 1891 sive
1158 1847 1242 1906 (ut
1271 1851 1402 1892 sunt
1433 1854 1522 1893 res
1558 1838 1829 1909 humana»)
1869 1854 1985 1893 mo-

416 1926 595 1979 lestiis
626 1925 905 1993 etinjuria
946 1925 1179 1980 affectus
1207 1942 1314 1980 non
1371 1928 1641 1991 tolerarit,
1680 1942 1743 1981 ac
1775 1927 1988 1982 idcirco

413 2015 692 2069 dominum
732 2014 1058 2079 deseruerit,
1085 2016 1359 2084 quomodo
1412 2031 1532 2070 eam
1591 2016 1986 2086 rempublicam

412 2105 795 2174 magnifaciet,
851 2121 973 2175 quae
1028 2106 1176 2159 cives
1228 2122 1358 2161 suos
1409 2107 1463 2160 in
1524 2105 1727 2163 Christi
1768 2122 1987 2163 crucem

413 2208 468 2253 et
504 2208 730 2253 mortem
753 2202 1106 2251 continenter
1139 2198 1415 2264 respicere
1448 2199 1609 2252 vult?

868 2287 1337 2344 CUNSTITUTIO
1394 2289 1491 2343 XI.

414 2378 492 2433 De
517 2396 665 2433 servo
691 2378 779 2448 qui
804 2378 1080 2448 ignorante
1125 2378 1337 2434 domino
1364 2380 1639 2448 cpiscopus
1682 2379 1859 2449 [actus
1886 2388 1985 2434 est.

490 2536 634 2589 Idem
668 2535 963 2604 imperator
991 2535 1268 2604 Stephano
1290 2536 1544 2591 sanctiss.
1568 2535 1988 2607 Constantinop.

416 2626 851 2696 archiepiscopo,
894 2636 947 2681 et
978 2628 1304 2696 patriurchw
1349 2628 1669 2683 universali.

488 2801 645 2869 Quod
675 2802 740 2858 de
763 2816 922 2857 servo
943 2802 1148 2872 (85-86)
1178 2801 1269 2871 qui
1296 2803 1661 2860 venerandam
1698 2804 1988 2860 sacerdmii

415 2895 737 2965 dignitatem
802 2896 1015 2950 furatus
1062 2898 1154 2959 sit,
1210 2897 1351 2952 idem
1407 2906 1462 2951 et
1513 2897 1581 2952 de
1648 2897 1755 2951 illis
1815 2898 1990 2952 servis

415 2989 617 3058 quibus
679 2990 959 3044 nesciente
1017 2990 1239 3045 domino
1290 2991 1359 3044 ad
1433 2990 1680 3061 primm-ii
1731 2991 1992 3045 sacerdo-

416 3081 474 3132 tii
522 3080 759 3133 honores
818 3080 1192 3136 conscendere
1244 3082 1423 3137 visum
1476 3089 1598 3147 est,
1631 3081 1929 3135 statuimus
1973 3096 1987 3133 :

416 3183 475 3226 ut
530 3171 781 3225 videlicet
836 3172 1137 3226 secundum
1210 3173 1601 3228 ecclesiasticae
1633 3171 1986 3226 constitutio-

417 3262 502 3315 nis
580 3262 913 3316 voluntatem
988 3264 1375 3327 exauctorati,
1433 3263 1639 3319 honore
1701 3262 1757 3316 in
1827 3277 1989 3333 quem

415 3354 557 3405 clam
610 3353 969 3422 irrepserint,
1012 3356 1331 3424 priventur,
1365 3363 1420 3408 ct
1480 3354 1546 3408 ad
1593 3368 1753 3410 suum
1819 3353 1994 3408 servi—

420 3444 635 3512 lemque
698 3453 900 3497 statum
968 3445 1324 3500 reducantur.
1372 3445 1488 3500 Non
1536 3445 1682 3500 enim
1747 3446 1993 3516 profecto

416 3534 509 3603 qui
549 3535 749 3589 aliisin
780 3536 945 3592 rebus
998 3536 1148 3591 furto
1192 3538 1274 3593 vel
1313 3537 1506 3592 fraude
1530 3538 1737 3606 aliquid
1770 3536 1991 3591 subtra-

417 3628 573 3690 hunt,
624 3629 709 3682 his
742 3643 845 3681 non
905 3631 1065 3685 modo
1091 3647 1154 3686 ea
1192 3646 1318 3701 qua:
1350 3631 1731 3686 subtraxerint
1757 3631 1994 3685 retinere

417 3733 527 3772 non
581 3718 959 3787 concedimus,
1004 3723 1099 3777 sed
1131 3722 1403 3777 interdum
1438 3722 1603 3776 etiam
1623 3731 1685 3777 ut
1714 3722 1992 3777 maleficos

417 3812 730 3880 puuiemus,
766 3821 819 3868 et
857 3815 949 3884 qui
1009 3824 1287 3869 tantarum
1346 3830 1529 3869 rerum
1561 3814 1705 3870 furta
1763 3816 1988 3883 audent,

420 3905 521 3957 hos
545 3905 669 3959 inde
704 3907 931 3961 honeste
965 3907 1165 3969 vivere,
1193 3917 1247 3961 et
1277 3923 1468 3961 cxnuo
1504 3907 1716 3964 fraudis
1750 3910 1991 3978 pessimo

418 3998 683 4050 exercitio
739 3997 850 4051 duo
905 4000 1150 4052 omnium
1188 4000 1347 4070 longe
1388 4001 1805 4070 pretiosissima,
1841 4002 2000 4057 liber-

417 4095 586 4140 tatem
611 4100 663 4142 et
690 4090 979 4144 sacerdotii
1015 4091 1451 4159 prmrogativam,
1486 4093 1686 4148 lucrari
1718 4094 2000 4149 sinemus?

490 4182 635 4255 Ergo
664 4186 711 4239 si
744 4188 869 4255 quis
894 4201 1087 4242 servus
1118 4188 1401 4256 ignaraute
1451 4189 1674 4244 domino
1703 4192 1994 4261 episcopus

416 4284 635 4332 creatus
687 4278 778 4341 sit,
834 4279 958 4332 inde
988 4280 1053 4333 ad
1088 4280 1366 4335 servitutis
1420 4279 1678 4352 effugium
1713 4283 1788 4336 nil
1833 4282 1994 4351 juva-

418 4382 529 4422 tur.

889 4546 1359 4603 CONSTITUTIO
1392 4547 1507 4603 XII.

558 4640 635 4695 De
672 4640 1000 4709 officinarum
1048 4641 1160 4713 (87)
1198 4639 1410 4711 Magna:
1440 4642 1674 4696 ecclesia:
1720 4658 1839 4698 usu.

491 4795 634 4848 Idem
706 4796 1003 4864 imperator
1066 4794 1377 4866 Stephano,
1408 4796 1668 4853 sanctiss.
1731 4797 1999 4856 Constan-

420 4884 591 4952 tinop.
626 4885 1076 4956 archiepiscopo,
1108 4896 1164 4941 et
1193 4889 1517 4958 patriarchae
1548 4891 1864 4946 universali.

485 5061 880 5119 Constantinus
922 5065 1055 5136 (88),
1095 5067 1184 5123 hic
1214 5069 1308 5139 qui
1363 5070 1574 5140 primus
1609 5070 1839 5136 Christi,
1899 5090 2002 5130 no-

2017 4595 2065 4651 Ι)

2097 562 2280 632 σεμνῷ
2332 561 2433 632 (τῷ
2479 559 2753 632 μοναδικῷ
2806 560 3210 631 ἐπαγγέλματι)
3264 566 3346 625 εἰς
3403 565 3680 635 πρόφασιν

2093 651 2441 722 ἀποχρῶνται
2494 654 2833 721 κακουργίας
2888 654 3095 723 (ῥᾴδιον
3135 656 3244 725 γάρ
3292 657 3457 709 παντὶ
3489 656 3681 727 βουλο-

2097 741 2246 812 μένῳ
2310 742 2497 814 οἰκέτῃ
2552 744 2716 812 μέχρι
2749 743 2990 814 τριετίας
3020 746 3286 813 κρύπτειν
3311 747 3526 811 ἑαυτὸν,
3564 745 3687 803 εἷτα

2092 831 2196 901 τῆς
2218 832 2532 903 ἐλευθερίας
2564 834 2662 886 ἀντ
2675 833 3012 899 ιποιεῖσθαι).

2166 922 2480 993 Κελεύομεν
2507 923 2575 988 ⁵³,
2608 925 2732 976 ὅσον
2769 923 2834 977 ἂν
2875 925 2968 976 κιιιί⁵
3012 924 3254 979 διαλάθοι
3283 926 3523 999 ὁγνὼμῃ
3567 947 3683 983 τοι-

2094 1013 2235 1085 αύτῃ
2259 1015 2500 1084 μονάσας
2520 1014 2760 1083 οἰκέτης,
2785 1015 2881 1067 ἐὰν
2910 1017 2939 1068 ό
2978 1015 3246 1086 δεσπότης
3282 1019 3342 1070 ἐν
3382 1019 3683 1089 οἱῳδήποτε

2094 1104 2271 1175 καιρῷ
2325 1106 2512 1158 τοῦτον
2565 1105 2806 1175 ἀνεύροι,
2871 1106 3010 1176 ὅπερ
3042 1106 3338 1178 κακούργῳ
3356 1111 3681 1179 προαιρέσει

2095 1195 2485 1266 περιϐέϐληται
2520 1196 2849 1248 ἀποδύεσθαι
2882 1197 3068 1266 σχῆμα
3098 1199 3194 1250 καὶ
3223 1198 3333 1251 ὑπὸ
3362 1200 3461 1270 τὴν
3482 1200 3682 1256 δεσπο-

2093 1288 2251 1357 τικὴν
2305 1286 2553 1350 ἐξουσίαν
2606 1286 2768 1339 πάλιν
2830 1287 2994 1340 αὑτὸν
3049 1290 3516 1347 κατατάττεσθαι.
3548 1294 3685 1348 Οὑδὲ

2092 1382 2204 1451 γὰρ
2248 1380 2397 1432 ἐστιν
2423 1381 2617 1443 εἰπεῖν,
2644 1378 2718 1441 ὡς
2747 1378 2963 1431 εὑλαϐεἰ
2994 1377 3400 1433 διαθέσειτοῦτο
3425 1383 3685 1453 περιεϐά-

2093 1472 2235 1534 λετο,
2260 1472 2362 1524 κᾶν
2412 1469 2567 1523 τοῦτο
2596 1469 2776 1538 λέγειν
2802 1468 2964 1531 αὑτὸς
2996 1468 3309 1525 πλάττοιτο.
3354 1472 3456 1524 Ἂν
3478 1490 3536 1525 τε
3570 1474 3681 1544 γὰρ

2091 1560 2304 1622 εὑνοίας
2362 1560 2691 1627 δεσποτικῆς
2735 1555 3027 1613 ἀπολαύων
3084 1561 3208 1613 ἀντὶ
3264 1560 3359 1614 τοῦ
3429 1562 3683 1633 στέργειν
3727 1560 3739 1565 ’

2096 1654 2252 1722 μῖσος
2284 1649 2573 1705 ἀναλαϐὼν
2608 1651 2833 1720 φεύγειν
2868 1651 3033 1719 ἔγνω,
3065 1652 3304 1722 ἐσχάτης
3324 1654 3523 1717 κακίας
3549 1657 3685 1710 ἀπό-

2090 1743 2255 1809 δειξις
2280 1761 2293 1773 ·
2334 1743 2399 1796 ἄν
2439 1761 2498 1796 τε
2528 1738 2635 1813 (οἷα
2662 1743 2730 1795 τὰ
2760 1741 3099 1814 ἀνθρώπινα)
3134 1742 3395 1813 λυπηρῶν
3418 1760 3580 1798 τινων
3603 1746 3683 1809 είς

2089 1835 2284 1902 πεῖραν
2339 1833 2615 1895 καταστάς
2661 1833 2761 1886 οὑκ
2796 1835 3051 1904 ἤνεγκεν,
3106 1831 3247 1886 ἀλλά
3274 1832 3363 1885 διὰ
3399 1832 3557 1887 τοῦτο
3588 1834 3682 1888 τδν

2087 1925 2350 1992 δεσπότην
2388 1925 2646 1991 ἀπέλιπε,
2694 1926 2812 1988 πῶς
2868 1925 3083 1996 ἐκείνην
3138 1925 3362 1994 τιμήσει
3392 1926 3491 1997 τὴν
3526 1926 3680 1981 πολι-

2087 2018 2261 2080 τείαν,
2296 2018 2393 2088 ἢ⁸⁸
2422 2018 2549 2080 τοὺς
2584 2018 2808 2081 πολίτας
2862 2017 2953 2071 διά
3006 2017 3205 2080 παντὸς
3263 2019 3480 2088 άφορᾷν
3542 2019 3681 2089 πρὸς

2087 2109 2179 2162 τὸν
2219 2107 2313 2161 τοῦ
2362 2108 2598 2180 Χριστοῦ
2658 2110 2892 2179 σταυρὸν
2944 2110 3038 2162 καὶ
3076 2107 3167 2162 τὸν
3208 2108 3437 2162 θάνατον
3491 2108 3681 2180 βούλε-

2090 2217 2183 2255 ται
2213 2218 2229 2268 ;

2635 2290 2948 2346 ΔΙΑΤΑΞΙΣ
2989 2292 3067 2344 IA'
3082 2293 3150 2347 ⁸⁸.

2089 2382 2229 2451 Περί
2271 2381 2498 2436 δούλου
2557 2383 2875 2503 γεγονὲτος
2891 2383 3261 2502 όέπισκόπου
3303 2380 3520 2450 ἀγνοίᾳ
3572 2379 3680 2434 τοῦ

2766 2466 2885 2503 wn
2928 2468 3054 2503 του.

2766 2466 3054 2505 εσποτου.

2172 2543 2231 2595 'U
2262 2542 2423 2605 αὑτὸς
2478 2542 2729 2612 βασιλεὺς
2778 2544 3034 2613 Στεφάνῳ
3074 2543 3154 2611 τῷ
3194 2543 3481 2611 ἁγιωτάτῳ
3508 2543 3670 2611 ἀρχι-

2092 2635 2377 2704 επισκόπῳ
2402 2633 3035 2696 Κωνσταντινουπόλεως
3059 2636 3152 2686 καὶ
3177 2633 3539 2703 οἰκουμενικῴ
3570 2649 3681 2684 πα-

2096 2726 2355 2797 τριάρκῃο

2166 2816 2345 2884 Ὅπερ
2377 2815 2468 2867 ἐπὶ
2525 2814 2620 2868 τοῦ
2676 2813 2974 2883 κλέψαντος
3036 2812 3249 2867 οἰκέτου
3278 2812 3340 2867 τδ
3367 2813 3468 2883 τῆς
3517 2814 3679 2884 ἰερω-

2094 2906 2260 2978 σύνης
2332 2906 2527 2976 σεμνὸν
2585 2907 2823 2976 ἀξίωμα,
2854 2905 3013 2960 τοῦτο
3042 2907 3135 2958 καὶ
3159 2906 3382 2958 ἐπὶτῶν
3417 2909 3495 2968 εἰς
3523 2905 3681 2976 ἀρχι-

2093 2998 2351 3069 ερατικὴν
2374 2996 2644 3062 δοξάντων
2663 2997 3061 3068 ἀναϐεϐηκέναι
3086 2997 3252 3067 τιμὴν
3276 2995 3506 3050 οἰκετῶν
3529 2996 3681 3066 παρά

2093 3090 2193 3158 τὴν
2214 3087 2442 3158 γνώμην
2467 3088 2562 3141 τοῦ
2586 3089 2790 3141 οἰκείου
2818 3087 3077 3141 δεσπότου
3132 3088 3411 3158 ὁρίζομεν,
3445 3088 3506 3140 τὸ
3538 3088 3680 3142 κατὰ

2097 3180 2156 3232 τὸ
2186 3177 2433 3249 βούλημα
2486 3182 2584 3249 τῆς
2620 3178 3079 3249 ἐκκλησιαστικῆς
3125 3177 3423 3242 διατάξεως
3452 3177 3683 3245 ἀποχει-

2101 3270 2437 3342 ροτονεῖσθαι
2494 3269 2595 3339 μὲν
2647 3269 2871 3332 τούτους
2915 3269 3016 3338 τῆς
3055 3270 3113 3322 ὲν
3155 3263 3555 3340 ᾖκατέστησαν
3584 3264 3683 3317 λά-

2098 3369 2201 3439 θρα
2247 3367 2434 3436 τιμῆς,
2497 3366 2633 3437 πρὸς
2686 3366 2743 3418 δὲ
2773 3365 2832 3418 τὸ
2860 3367 3060 3418 οἰκεῖον
3105 3365 3198 3417 καὶ
3243 3363 3429 3416 δοῦλον
3491 3361 3683 3433 σχῆμα

2100 3457 2435 3527 ὑπάγεσθαι.
2468 3458 2540 3510 Οὑ
2581 3456 2690 3526 γάρ
2715 3456 2779 3525 δὴ
2807 3457 2934 3519 τοὺς
2978 3456 3076 3526 μὲν
3111 3455 3284 3517 ἄλλως
3318 3454 3684 3522 ὑφελομένους

2100 3565 2158 3601 τι
2188 3548 2364 3617 κλοπῇ
2428 3546 2522 3599 καὶ
2579 3546 2763 3616 ἀπάτῃ
2794 3546 2854 3597 οὑ
2889 3545 3049 3614 μόνον
3088 3545 3148 3597 οὑ
3191 3544 3621 3613 συγχωρήσομεν
3646 3540 3683 3594 ἃ

2094 3640 2377 3711 ὑφείλοντο
2432 3639 2575 3709 ἔχειν
2626 3637 3003 3706 ἀναφαίρετα,
3066 3636 3181 3690 ἀλλ’
3237 3637 3406 3689 ἐνίοτε
3468 3637 3562 3689 καὶ⁸
3606 3634 3685 3698 ὡς

2092 3730 2437 3801 κακούργους
2470 3728 2922 3799 τιμωρησόμεθα.
2948 3730 3073 3791 τοὺς
3102 3727 3159 3780 δὲ
3191 3727 3509 3797 τολμῶντας
3536 3724 3683 3778 οῦτω

2095 3819 2346 3892 μεγάλων
2397 3818 2739 3889 πραγμάτων
2770 3817 2999 3880 κλοπὰς,
3056 3818 3280 3880 τούτους
3317 3818 3552 3887 ἐάσομεν
3589 3832 3681 3868 σε·

2098 3908 2248 3980 μνῶς
2270 3909 2335 3960 ὲκ
2360 3907 2453 3960 τοῦ
2479 3907 2675 3976 κλέψαι
2708 3906 2915 3974 διάγειν
2961 3907 3054 3958 καὶ
3079 3907 3197 3969 ἐνὸς
3222 3906 3384 3959 ἄθλου
3411 3905 3679 3959 κακίστου

2108 4001 2205 4072 τῆς
2247 4000 2461 4068 ἀπάτης
2492 3999 2586 4052 δύο
2639 3996 2946 4069 κερδαίνειν
2982 3998 3052 4052 τὰ
3096 3998 3427 4069 τιμιώτατα,
3463 3994 3683 4050 ἐλευθε-

2112 4094 2232 4164 ρίαν
2254 4093 2348 4146 καὶ
2373 4090 2674 4162 ἰερωσύνης
2693 4090 2986 4161 προνόμιον
3011 4108 3027 4158 ;

2169 4188 2472 4259 Τοιγαροῦν
2517 4188 2613 4240 καὶ
2638 4187 2691 4239 εἰ
2709 4188 2756 4219 ³⁸
2785 4204 2869 4251 τις
2901 4185 3089 4250 δοῦλος
3118 4185 3193 4238 ὢν
3226 4184 3422 4256 ἀγνοίᾳ
3466 4182 3562 4236 τοῦ
3600 4183 3684 4236 οἰ-

2097 4281 2243 4335 κείου
2268 4281 2528 4333 δεσπότου
2547 4277 2846 4340 ἐπίσκοπος
2867 4276 3331 4347 κεχειροτόνηται,
3361 4275 3455 4327 καὶ
3470 4269 3621 4337 οὗτος
3633 4273 3680 4305 ⁸⁷

2098 4370 2264 4441 μηδὲν
2296 4370 2362 4422 ὲκ
2391 4368 2494 4438 τῆς
2548 4366 2806 4437 τοιαύτης
2861 4365 3159 4438 βοηθείσθω
3215 4365 3549 4434 χειροτονίας
3599 4364 3681 4427 εἰς

2092 4461 2391 4532 ἀποφυγὴν
2420 4460 2521 4530 τῆς
2548 4457 2795 4519 δουλείας

2663 4547 2975 4602 ΔΙΑΤΑΞΙΣ
3006 4545 3104 4601 IB'.

2094 4648 2235 4715 Περι
2274 4642 2385 4711 τῆς
2438 4640 2557 4694 τῶν
3039 4636 3245 4760 Ιχρείας
3267 4635 3379 4705 τῆς
3402 4636 3684 4707 Μεγάλης

2191 4805 2251 4858 '0
2281 4804 2443 4867 αὑτὸς
2500 4801 2756 4873 βασιλεὺς
2803 4798 3063 4869 Στεφάνῳ
3086 4798 3165 4869 τῷ
3197 4799 3487 4869 ἁγιωτάτῳ
3521 4799 3683 4869 ἀρχι-

2102 4895 2390 4965 επισκόπῳ
2476 4888 3103 4954 Κωνσταντινουπόλεως
3161 4890 3261 4945 καὶ
3316 4888 3683 4959 οἰκουμενικῷ

2107 4987 2446 5058 πατριάρχῃ.

2179 5076 2585 5137 Κωνσταντῖνος
2613 5075 2642 5127 ὁ
2673 5072 2890 5144 πρῶτος
2911 5075 2980 5145 τῇ
3010 5071 3105 5127 τοῦ
3138 5073 3378 5145 Χριστοῦ
3405 5072 3595 5145 κλήσει
3620 5074 3685 5127 τὸ

1726 5230 1959 5287 ἾΑΚΙᾸΞ
2000 5232 2408 5290 LECTIONES.

491 5344 545 5415 δέ
569 5340 691 5415 Ecl.
721 5341 1116 5415 liincuincipitt
1158 5343 1206 5415 ξι
1239 5340 1591 5415 δετίιηεηῆς.

1687 5347 1732 5422 _"
1758 5345 1868 5422 _Es_t
1895 5347 1953 5422 in
2008 5347 2122 5422 Ecl.
2164 5348 2300 5422 Nov.
2350 5351 2583 5422 septima
2612 5359 2667 5405 et
2684 5348 3003 5422 laudatur_a
3031 5350 3352 5422 Balsamone
3382 5351 3517 5407 locis
3545 5348 3682 5405 Nov.

420 5412 463 5473 9,
482 5413 748 5486 allegatis.
772 5413 817 5445 ⁸⁸
842 5413 985 5486 _Hi_nc
1007 5411 1201 5481 incipit
1223 5414 1335 5467 Ecl.
1410 5414 1456 5446 "
1484 5411 1575 5470 Sic
1608 5413 1723 5470 Ecl.
1758 5416 1948 5472 Zuich.
1980 5417 2124 5472 οὕτω
2147 5411 2555 5486 ;Μεει·ιη.ὀο‹1.
2587 5423 2667 5483 εἰς
2693 5420 2775 5475 τό.
2846 5420 2893 5452 ⁸⁸
2930 5419 3121 5475 Zuich.
3161 5430 3217 5475 et
3267 5421 3487 5479 Mecrm.
3519 5422 3683 5477 codd.

423 5485 693 5538 rubricam
715 5496 821 5536 non
840 5482 1059 5535 habent.

1949 5570 2180 5628 NOTIE.

480 5663 607 5731 (84)
627 5663 703 5717 Ne
725 5676 793 5717 ex
823 5676 922 5717 sua
958 5660 1087 5732 fuga
1114 5671 1171 5718 et
1224 5660 1577 5732 improbitate
1629 5664 1983 5720 commodum

427 5740 809 5796 consequatur.

497 5798 704 5866 (85-86)
736 5797 874 5852 Nov.
904 5800 995 5867 9|,
1020 5814 1185 5871 supra
1218 5800 1343 5855 eod.

2172 5663 2285 5731 (87)
2313 5665 2529 5723 Novell.
2569 5667 2660 5722 Η.
2691 5666 2906 5724 Novell.
2938 5668 3029 5724 59.

2098 5733 2287 5873 wgf)
2319 5735 2439 5791 Vid.
2499 5737 2556 5791 d.
2587 5736 2727 5794 Nov.
2762 5738 2834 5793 45
2873 5738 2931 5793 in
2963 5739 3167 5810 princ.,
3222 5751 3277 5796 ct
3331 5738 3468 5796 Nov.
3501 5739 3571 5795 59
3619 5738 3678 5795 in
