4048 6442
372 390 478 453 449
1467 398 1831 460 ΝΟνΕιιτΕ
1860 399 2531 462 CONSTITUTIONES.
3529 415 3632 484 ιεο

373 503 571 570 στέφος
607 502 704 571 τῆς
731 501 1008 571 βασιλείας
1050 503 1471 578 βασιλικώτερον
1524 510 1813 579 ἀποφήνας
1845 509 1939 562 τῶι

2057 509 2201 564 ιηῖιιο
2235 510 2447 579 imperii
2501 527 2760 567 coronam
2787 516 3214 585 splendidiorem
3249 533 3311 574 ac
3353 527 3636 591 augustio-

367 593 548 650 ἄλλων
574 592 740 650 αὐτοῦ
777 594 1220 664 κατορθωμάτων
1245 599 1338 651 καὶ
1361 600 1461 668 τῆς
1488 600 1781 670 βασιλικῆς
1811 620 1939 673 προ-

2057 611 2169 651 rem
2203 598 2462 661 reddidit.
2486 601 2576 654 ubi
2606 604 2770 658 etiam
2804 604 3028 676 dignum
3060 609 3184 663 aliis
3206 611 3323 666 suis
3354 614 3637 682 praeclaris

365 687 517 750 νοίας
563 685 786 750 ἐπάξιον
815 687 910 740 καὶ
935 686 1096 740 τοῦτο
1137 691 1572 759 προνενοημένος
1611 693 1672 744 τὸ
1697 693 1827 761 περὶ
1853 693 1939 761 τῆς

2055 687 2874 765 facinoribusimperatoriaque
2909 714 3040 754 cura
3094 700 3212 756 fore
3237 705 3636 775 prospexisset,

363 777 476 831 τῶν
531 777 917 847 ἀποιχομένων
962 780 1161 848 ταφῆς,
1202 779 1360 852 οὓςὴ
1402 783 1608 852 ἀπορία
1662 784 1822 854 μέχρι
1859 785 1953 837 καὶ

360 867 558 922 τούτου
593 868 825 938 συνέχει,
851 869 1194 939 ἐργαστήρια
1223 874 1288 942 τῇ
1324 873 1456 942 ἁγίᾳ
1474 875 1726 927 τοῦθεοῦ
1755 874 1952 926 ἐπέτα-

359 959 454 1025 ξεν
486 959 773 1028 ἐκκλησίᾳ,
808 953 884 1013 ὧν
919 963 983 1012 ἐκ
1010 960 1104 1013 τοῦ
1133 961 1322 1026 τέλους
1363 964 1599 1034 διῴκησε
1630 966 1732 1037 τὴν
1758 967 1950 1036 χρείαν

357 1051 460 1118 τῆς
494 1049 678 1120 ταφῆς
699 1051 1075 1120 χορηγεῖσθαι.
1105 1051 1328 1123 Ταύτην
1349 1055 1404 1108 δὲ
1428 1057 1538 1125 ἄρα
1563 1057 1664 1127 τὴν
1691 1059 1951 1126 πρόνοιαν

358 1138 588 1208 ὕστερον
623 1138 993 1218 εὐσεᾷούντων
1018 1141 1233 1210 ἀνδρῶν
1257 1143 1540 1214 φιλοτιμία
1561 1145 1946 1216 διαδεξαμένη,

355 1231 497 1300 αὐτή
519 1247 580 1282 τε
611 1233 724 1294 τοῖς
744 1233 972 1302 ἀπόροις
1015 1235 1098 1298 είς
1129 1235 1308 1306 ταφὴν
1364 1235 1704 1306 ἐπαρκοῦσα,
1745 1239 1844 1306 τὴν
1869 1239 1950 1302 είς

352 1323 564 1393 ταύτην
625 1322 726 1393 τὴν
762 1325 955 1394 χρείαν
993 1326 1260 1397 χορηγίαν
1302 1327 1598 1389 ἀνέτειλεν,
1642 1330 1738 1381 καὶ
1769 1327 1948 1380 νῦντὸ

353 1415 624 1484 παράπαν
681 1415 836 1468 οὐδὲν
888 1417 1096 1470 ἐκεῖθεν
1153 1419 1349 1488 ὁρᾶται
1397 1419 1521 1472 καθ’
1570 1422 1636 1491 ἢν
1667 1419 1725 1484 ἐξ
1759 1420 1942 1490 ἀρχῆς

353 1506 513 1558 ἔθετο
559 1507 820 1576 φροντίδα
851 1508 879 1560 ὁ
923 1509 1396 1579 τρισμακάριστος
1444 1510 1695 1578 βασιλεὺς
1742 1512 1947 1564 οἰκονο-

355 1613 465 1664 μου
473 1613 660 1666 μενον.

440 1775 601 1830 Ἀλλὰ
629 1775 739 1845 γὰρ
774 1775 974 1839 εἰδότες
1010 1779 1197 1847 ἡμεῖς,
1230 1777 1304 1841 ὡς
1330 1777 1476 1845 ἅπαξ
1512 1779 1544 1848 ἠ
1571 1779 1841 1848 ἐκκλησία
1870 1780 1938 1834 τὰ

2053 778 2122 834 de
2151 783 2431 848 sepultura
2464 800 2660 855 nempe
2699 803 2889 844 eorum
2933 801 3274 849 mortuorum
3309 812 3448 866 quos
3490 798 3543 852 in
3571 814 3636 854 en

2053 870 2218 924 etiam
2265 887 2324 927 re
2371 883 2586 944 egestas
2633 888 2925 946 premeret,
2972 881 3256 950 ofﬁcinas,
3302 900 3368 940 ex
3401 901 3636 955 quarum

2051 963 2300 1033 vectigali
2325 969 2665 1024 necessarios
2689 971 2753 1025 ad
2772 971 3080 1032 humandos
3112 987 3359 1033 mortuos
3378 989 3635 1050 sumptus

2051 1055 2479 1123 suppeditandos
2526 1062 2881 1128 ordinasset,
2955 1077 3160 1123 sancta:
3233 1068 3329 1124 Dei
3385 1071 3634 1126 ecclesia:

2051 1147 2362 1216 applicavit.
2394 1149 2571 1205 'Hauc
2603 1154 2771 1223 igitur
2822 1158 3190 1226 provisionem
3237 1176 3362 1215 cum
3415 1161 3631 1230 piorum

2049 1234 2331 1290 hominum
2361 1241 2637 1296 miniulatio
2670 1247 3021 1313 postmodum
3052 1251 3383 1320 excepisset,
3415 1269 3540 1323 qua
3572 1263 3629 1309 et

2049 1325 2167 1395 ipsa
2199 1329 2536 1396 pauperibus
2560 1333 2628 1386 ad
2659 1337 3032 1404 sepeliendum
3065 1339 3356 1406 sumi-cret,
3393 1344 3632 1410 permul-

2051 1419 2270 1472 tumilla
2306 1421 2360 1474 in
2376 1421 2523 1476 hunc
2557 1439 2719 1478 usum
2751 1437 3006 1496 sumptus
3036 1444 3104 1482 au
3125 1432 3221 1485 xit.
3252 1431 3450 1486 Verum
3485 1448 3632 1488 nunc

2047 1509 2276 1562 omnino
2345 1511 2481 1566 nihil
2513 1517 2577 1569 Ba
2612 1514 3005 1581 sollicitudine,
3058 1533 3166 1588 qua
3219 1519 3376 1574 initio
3411 1529 3497 1576 ter
3544 1524 3633 1576 ille

2046 1607 2350 1671 quaterque
2383 1604 2575 1660 beatus
2621 1608 2881 1678 princeps
2907 1609 3103 1675 voluit,
3137 1611 3448 1680 dispensari
3503 1615 3633 1670 inde

2047 1689 2255 1745 videas.

2057 1786 2064 1793 '
2118 1779 2184 1833 At
2226 1797 2346 1844 nos,
2379 1789 2433 1835 et
2460 1783 2697 1839 scientes
2732 1785 2970 1852 quidem
3000 1788 3146 1856 quod
3182 1798 3476 1860 postquam
3520 1807 3631 1846 ec-

348 1865 464 1920 τῶν
515 1866 900 1936 ἐργαστηρίων
941 1869 1291 1939 οἰκειουμένη
1316 1869 1468 1938 τέλη,
1495 1873 1543 1923 εί
1568 1872 1663 1923 καὶ
1701 1872 1775 1941 μὴ
1801 1873 1939 1941 πρὸς

2044 1869 2213 1924 clesia
2285 1871 2628 1926 oliicinarum
2689 1875 2976 1944 vectigalia
3033 1857 3627 1947 occupavitv(tametsi

347 1959 424 2030 ἢν
449 1959 507 2023 ἐξ
541 1959 718 2028 ἀρχῆς
741 1958 952 2030 ὡρίσθη
974 1960 1276 2028 θεραπείαν
1304 1961 1398 2014 τοῦ
1427 1961 1573 2015 Θείου
1596 1965 1736 2017 αὐτὰ
1767 1981 1940 2018 κατα-

347 2050 610 2104 ϐάλλεται
655 2050 746 2104 διὰ
779 2051 841 2103 τὸ
889 2051 964 2122 μὴ
998 2052 1099 2120 τὴν
1131 2053 1322 2122 χρείαν
1371 2054 1696 2124 ἐπιξητεῖν,’
1719 2054 1853 2108 ἀλλά
1876 2071 1939 2122 γε

348 2145 491 2214 πρὸς
540 2144 738 2214 ἑτέραν
801 2145 925 2198 τινα
982 2144 1200 2207 παντως
1249 2145 1590 2215 λειτουργίαν
1643 2149 1734 2200 καὶ
1771 2147 1939 2217 αὐτὴν

349 2234 768 2305 Θεραπεὺουσαν
782 2234 845 2287 τὸ
863 2239 1111 2306 κρεῖττον
1137 2235 1311 2289 ταῦτα
1333 2239 1629 2307 οίκονομεῖ,
1653 2237 1934 2308 ὁρίζομεν,

350 2325 456 2393 τὴν
506 2323 767 2376 ἀνέκαθεν
792 2323 922 2394 περὶ
948 2324 1154 2378 τούτων
1180 2325 1424 2392 διάταξιν
1459 2327 1715 2397 ἀκίνητον
1745 2327 1939 2396 διαμέ-

354 2429 490 2468 νειν.
533 2414 684 2466 Ἐστι
733 2415 779 2466 δ’
805 2415 922 2484 ἅμα
963 2415 1179 2470 πάντων
1235 2417 1343 2469 τῶν
1386 2419 1467 2480 είς
1494 2417 1700 2487 ταύτην
1743 2420 1940 2470 ἁποτε·

347 2505 642 2575 ταγμένων
666 2505 765 2575 τὴν
808 2506 1151 2577 λειτουργίαν
1188 2509 1569 2579 ἐργαστηρίων
1603 2509 1795 2562 ἑκατὸν
1843 2511 1938 2562 ἐπὶ

344 2595 542 2666 χιλίοις
568 2597 602 2667 η
625 2596 1026 2668 ἀπαρίθμησις.

894 2688 1205 2744 ΔΙΑΤΑΞῙΣ
1250 2691 1328 2744 ῐΓ¹
1343 2691 1408 2743 δ’.

560 2777 702 2845 Περὶ
750 2776 870 2830 τῶν
883 2776 1179 2846 ἃιηνεκῶν
1205 2779 1634 2847 ἐμφυτεύσεων
1653 2781 1722 2832 ⁸⁸.

429 2866 490 2921 '0
514 2868 680 2931 αὐτὸς
736 2867 993 2936 βασιλεὺς
1036 2869 1294 2940 Στεφάνῳ
1345 2870 1422 2938 τῷ
1453 2870 1746 2939 ἁγιωτάτῳ
1778 2871 1939 2939 ἀρχι-

344 2959 638 3029 επισκόπῳ
718 2961 1341 3025 Κωνσταντινουπόλεως
1398 2963 1493 3014 καὶ
1569 2961 1935 3031 οἰκουμενικῷ

345 3051 694 3120 πατριάρχῃ.

417 3141 660 3209 Πρᾶγμα
691 3143 1074 3196 πλεονεκτικόν
1097 3159 1157 3196 τε
1186 3144 1278 3196 καὶ
1301 3144 1540 3213 ἄθεσμον
1577 3145 1674 3198 καὶ
1698 3145 1802 3196 ὑπὸ
1824 3143 1932 3196 τῶν
1959 3182 2005 3243 c

343 3230 716 3299 προῖστασθαι
768 3230 1041 3301 λαχόντων
1104 3233 1214 3285 τῶν
1269 3234 1711 3302 ἁνατεθειμένων
1764 3235 1930 3286 οἴκων

340 3321 470 3392 Θεῷ
501 3322 668 3390 (φημὶ
686 3322 750 3392 δὴ
777 3324 1083 3391 ἐκκλησιῶν
1125 3325 1220 3376 καὶ
1270 3325 1628 3392 ξενοκομείων
1658 3326 1750 3376 καὶ
1772 3341 1931 3393 χηρο-

339 3410 613 3482 τροφείων
636 3412 680 3444 ⁸⁸
734 3415 830 3466 καὶ
877 3415 1386 3484 ὀρφανοτροφείων)
1450 3401 1570 3478 ταῖς
1617 3416 1920 3485 ἡμετέραις

340 3503 540 3564 ἀκοαῖς
595 3501 864 3573 ἀνηνέχοη
904 3504 1226 3571 τολμᾶσθαι.
1268 3505 1388 3557 Τῶν
1429 3505 1538 3574 γὰρ
1573 3504 1930 3573 ὲκδιδομὲνων

338 3591 556 3660 ἔφασαν
603 3594 943 3663 οἰκημάτων,
990 3596 1092 3665 ήδη
1133 3595 1228 3648 τοῦ
1257 3595 1766 3664 συμπεφωνημένω
1807 3595 1932 3664 χρό·

340 3699 440 3734 νου
495 3683 931 3753 ἐκμετρηθέντος
996 3687 1090 3737 καὶ
1135 3685 1389 3753 περιόδου
1440 3685 1718 3750 ἐνστάσης
1754 3685 1930 3753 ἀρχῆς

339 3775 441 3826 καὶ
505 3774 871 3837 ἀνανεώσεως
921 3776 1022 3845 τῆς
1079 3775 1286 3829 τούτων
1309 3776 1657 3846 διακατοχῆς,
1688 3776 1749 3828 οὐ
1783 3775 1929 3840 γίνε-

338 3864 472 3918 σθαι
521 3866 621 3936 τὴν
664 3866 973 3940 καταϐολὴν
1013 3869 1328 3940 ὡρισμένην
1376 3869 1519 3933 τινα,
1553 3870 1619 3938 ἣν
1647 3868 1742 3920 καὶ
1783 3867 1929 3928 ἰδίως

335 3957 680 4011 meamne»
699 3959 954 4012 καλοῦσιν
977 4001 990 4024 ,
1022 3960 1136 4013 ἀλλ’
1163 3961 1236 4023 ὡς
1265 3961 1330 4012 ἂν
1361 3962 1617 4029 παραστῇ
1647 3962 1712 4028 τῇ
1735 3958 1930 4010 πλεον-

335 4049 464 4118 εξίᾳ
509 4049 618 4101 τῶν
675 4050 946 4120 λαχόντων
1003 4052 1102 4121 τὴν
1154 4052 1508 4121 προστασίαν,
1554 4049 1697 4101 οὕτω
1761 4048 1930 4118 βαρύ-

336 4141 533 4194 νεσθαι
596 4144 716 4206 ταῖς
764 4145 1038 4207 τοιαύταις
1063 4143 1382 4213 εἰσπράξεσι
1415 4143 1541 4204 τοὺς
1562 4142 1669 4194 τῶν
1691 4141 1928 4209 οἰκημά-

334 4251 451 4287 των
476 4235 798 4306 διακατόχου
809 4255 851 4299 ς.

408 4325 586 4378 Τοῦτο
637 4327 780 4394 ,γοῦν
831 4327 928 4381 καὶ
957 4327 1132 4391 ἄλλως
1182 4327 1283 4396 μὲν
1317 4326 1553 4396 χαλεπὸν
1591 4325 1794 4379 ἅπασιν
1827 4325 1931 4377 ὑπ-

335 4415 512 4484 άρχον
564 4416 920 4487 συνορῶντες,
953 4419 1191 4486 μάλιστα
1217 4418 1274 4471 δὲ
1299 4416 1930 4488 γινόμενονχαλεπώτε·

2041 1962 2187 2032 quod
2220 1979 2353 2017 usus
2397 1979 2502 2018 non
2541 1965 2806 2035 postulet)
2837 1968 2890 2019 in
2926 1983 3087 2036 quem
3119 1968 3189 2022 ab
3217 1969 3378 2023 initio
3410 1972 3626 2024 consti-

2041 2062 2220 2107 tutum
2267 2064 2373 2118 est,
2425 2054 2673 2110 Numinis
2707 2059 2910 2110 cultum
2947 2058 3039 2111 illa
3092 2074 3201 2113 non
3240 2060 3534 2128 expendat,
3569 2063 3626 2115 in

2041 2143 2185 2196 aliud
2227 2152 2409 2198 tamen
2467 2147 2762 2215 quodpiam
2817 2147 3205 2211 ministerium,
3237 2155 3291 2201 et
3337 2149 3519 2218 ipsum
3555 2151 3624 2204 ad

2042 2236 2282 2289 numinis
2313 2235 2520 2288 cultrum
2565 2236 2876 2304 pertinens,
2916 2252 3146 2306 prorsus
3175 2237 3266 2291 illa
3305 2238 3624 2308 dispenset:

2040 2325 2335 2379 statuimus
2356 2366 2370 2389 ,
2403 2334 2463 2378 ut
2503 2341 2623 2394 quae
2647 2327 2715 2380 de
2750 2326 2836 2382 his
2861 2328 2974 2394 jam
3014 2328 3142 2382 olim
3187 2329 3331 2384 edita
3351 2331 3627 2385 constitu-

2042 2417 2120 2468 tio
2138 2416 2350 2486 (89-90)
2380 2425 2484 2480 est,
2515 2417 2739 2470 immota
2771 2419 3097 2472 etinviolata
3131 2428 3470 2490 permaneat.
3497 2419 3628 2478 Oﬂi-

2039 2505 2180 2559 cinze
2208 2514 2388 2557 autem
2415 2521 2606 2561 omnes
2636 2521 2758 2574 qua:
2789 2506 2845 2559 in
2877 2507 2980 2561 hoc
3036 2508 3404 2564 ministerium
3467 2511 3628 2565 attric

2041 2595 2184 2650 buta:
2217 2593 2370 2661 sunt,
2393 2612 2556 2666 supra
2583 2597 2730 2651 mille
2748 2612 2977 2652 numero
3011 2609 3140 2653 sunt
3171 2602 3237 2655 ad
3269 2612 3516 2657 centum.

2495 2686 2982 2759 CONSTITUTIO‘,
3010 2688 3152 2744 Xlll.

2323 2776 2397 2830 De
2429 2780 2688 2846 perpetuis
2747 2780 3173 2847 emphyteusibus
3205 2779 3339 2850 (9|).

2113 2867 2255 2921 Idem
2312 2869 2606 2935 imperator
2633 2869 2931 2938 Stephano,
2969 2871 3322 2925 sanctissimo
3349 2870 3626 2926 Constan-

2041 2957 2216 3029 tinop.
2248 2959 2688 3030 archiepiscopo,
2710 2968 2764 3016 et
2795 2961 3122 3029 patriarcha;
3150 2963 3478 3018 universali.

2111 3133 2244 3190 Rem
2290 3134 2697 3193 fraudulentam
2752 3139 2917 3195 simul
2958 3148 3014 3195 et
3042 3141 3291 3196 illicitam
3323 3155 3623 3196 consecra-

2036 3232 2214 3280 tarum
2249 3227 2362 3283 Deo
2400 3230 2598 3284 aedium
2630 3232 3010 3300 (ecclesiarum
3035 3235 3308 3299 videlicet,
3343 3234 3622 3303 hospitio-

2034 3335 2178 3383 rum,
2203 3330 2258 3374 et
2303 3323 2482 3377 viduis
2537 3325 2866 3394 pupillisque
2944 3327 3158 3380 alendis
3217 3327 3624 3381 destinatarum

2034 3412 2322 3479 domuum)
2357 3413 2644 3482 praefecws
2671 3417 2836 3470 etiam
2867 3418 3070 3472 audere
3113 3419 3179 3471 ad
3215 3430 3434 3475 nostras
3463 3420 3620 3475 dela-

2035 3513 2146 3556 tum
2197 3511 2284 3558 est
2335 3519 2522 3559 aures.
2567 3503 2859 3560 Narratum
2898 3518 2982 3561 est
3038 3509 3183 3561 enim
3237 3524 3362 3561 cum
3415 3510 3616 3564 domus

2032 3591 2258 3646 eiocatze
2313 3592 2460 3655 sint,
2488 3592 2716 3662 jamque
2775 3603 2990 3664 tempus
3046 3603 3206 3662 pacto
3262 3598 3624 3653 constitutum

2033 3679 2312 3743 decurrat,
2336 3680 2862 3748 quandolocationis
2892 3685 3165 3738 terminus
3219 3700 3282 3739 ac
3309 3687 3623 3755 passessio-

2033 3769 2121 3824 nis
2155 3771 2438 3825 renovatio
2472 3770 2584 3839 (92)
2613 3774 2800 3836 instat,
2835 3788 2944 3827 non
2977 3773 3092 3829 ﬁeri
3120 3783 3328 3829 certam
3369 3777 3614 3846 aliquam

2033 3870 2088 3916 et
2109 3869 2370 3916 statutam
2390 3863 2741 3925 solutionem,
2778 3875 2942 3932 quam
2970 3866 3234 3933 peculiari
3264 3867 3488 3922 nomine
3509 3870 3624 3920 εὶσ-

2031 3952 2280 4007 δεκτικὺν
2312 3952 2423 4023 (95)
2459 3965 2680 4019 vocant,
2735 3955 2830 4008 sed
2881 3955 3160 4023 quomodo
3217 3955 3490 4024 praafectis
3512 3972 3618 4022 pro

2035 4045 2279 4114 ipsorum
2316 4044 2546 4097 avaritia
2590 4045 2766 4099 visum
2821 4046 2914 4109 sit,
2975 4046 3050 4099 ita
3105 4049 3490 4104 exactionibus
3519 4048 3616 4102 do-

2036 4150 2222 4190 muum
2256 4151 2605 4205 possessores
2629 4138 2982 4206 praegravari.

2106 4317 2165 4372 ld
2199 4316 2364 4386 igitur
2389 4330 2513 4370 cum
2541 4316 2799 4371 omnilms
2829 4333 3016 4388 grave,
3047 4327 3161 4373 tum
3197 4321 3622 4390 pauperioribus

2037 4407 2208 4480 (quod
2231 4408 2306 4462 ita
2343 4407 2478 4475 ipsis
2513 4407 2708 4460 durior
2736 4410 2999 4477 egestatis
3031 4412 3336 4467 necessitas
3369 4412 3622 4471 impona—

1637 4595 1872 4649 νΑιιιΑῑ
1905 4589 2314 4650 LECTIONES.

407 4713 458 4746 ⁵⁹
488 4709 545 4766 In
574 4710 692 4765 Ecl.
721 4709 860 4766 Nov.
884 4712 938 4765 8.
985 4715 1031 4745 ⁸⁸
1061 4712 1176 4766 Ecl.
1209 4714 1336 4781 περὶ
1389 4711 1780 4779 ἁνακὰμψεως.

331 4781 607 4854 τροφέων.
954 4791 958 4794 ’

1886 4709 1928 4740 ⁶¹
1959 4707 2149 4762 Zuieh.
2189 4713 2246 4758 et
2299 4703 2591 4757 Meerman.
2647 4704 2770 4758 cod.
2829 4707 3258 4777 χειροτροφέωνς
3294 4706 3433 4762 Beck
3459 4725 3626 4781 γηρο-

1861 4905 2097 4962 NOTAE.

408 5034 911 5110 (§9-99)_N0V-§5-
1143 5100 1156 5110 .
1207 5101 1218 5110 .
1353 5100 1364 5110 .
1433 5100 1446 5110 .
1639 5099 1689 5110 ..
1736 5096 1772 5110 η
1819 5097 1831 5109 .

408 5095 526 5177 (91)
549 5095 788 5177 Quidam
821 5105 1008 5172 legunt
1037 5100 1166 5171 περὶ
1196 5096 1856 5170 ἀνακάμψεως,νί‹1.(]υ].
1887 5095 1922 5148 2

336 5176 950 5313 ΡείζὲὅέΔνανεώσεως
1000 5243 1123 5297 Scr.
1165 5240 1428 5309 Cujacius
1556 5239 1676 5313 loco
1700 5237 1920 5313 videtur

335 5307 562 5386 legisse,
632 5317 765 5386 περι
812 5313 1203 5386 ἀνακάμψεως,
1245 5307 1423 5386 quiet
1459 5307 1920 5386 hunc_|_oculn_de

1960 5027 2003 5080 D
2036 5027 2083 5109 is
2117 5028 2220 5109 qui_
2240 5027 2356 5090 dat,
2383 5029 2770 5109 proprietatem
2810 5026 3121 5109 retine-atad
3157 5027 3622 5109 instarpignoris,

2036 5097 2377 5165 hypotliecae,
2418 5098 2651 5158 liducite,
2710 5098 3113 5164 ἀντιχρήσεως,
3145 5113 3266 5164 qua:
3305 5097 3484 5153 omnia
3514 5117 3623 5155 non

2031 5167 2221 5219 eadem
2255 5178 2407 5229 sunt,
2428 5169 2590 5218 etiam
2615 5169 2658 5220 si
2683 5167 2733 5237 in
2760 5167 3056 5237 lioeunum
3090 5169 3444 5230 conveniant,
3477 5172 3624 5237 quod

2034 5238 2146 5288 sint
2177 5237 2425 5305 pignora.
2463 5237 2650 5304 Itaque
2687 5234 2949 5305 Cuiacius
2975 5243 3126 5305 putat
3163 5238 3464 5301 precariam
3494 5234 3626 5293 esse

2028 5303 2337 5359 cessionem
2372 5303 2726 5361 ususI'ructus
2777 5303 2852 5357 rei
2898 5303 3222 5369 immobilis,
3253 5320 3374 5373 qua:
3407 5307 3480 5361 sit
3506 5309 3622 5361 cle-

335 5373 591 5456 pfécaria
653 5373 1062 5456 accipiendum!
1088 5373 1211 5456 esse
1262 5373 1584 5456 existimata
1618 5376 1759 5430 Hinc
1784 5375 1919 5456 illud
2028 5375 2155 5456 rico_
2179 5377 2246 5456 ad
2279 5376 2602 5456 tempusvel
2633 5375 2763 5456 dum
2794 5373 3021 5456 vixerit,
3047 5387 3109 5428 ea
3142 5374 3262 5456 lege
3287 5381 3346 5456 ut
3374 5377 3625 5456 ecclesias

332 5446 523 5510 Caroli
579 5446 825 5525 Magni]
856 5447 1377 5525 Ieg._Franci2e,__Si
1409 5450 1537 5525 quis
1575 5449 1626 5500 in
1657 5446 1924 5525 censibus

333 5525 638 5596 reddendis
672 5517 724 5578 ἐι
755 5517 1022 5592 ρι’θοιῐιοίἰδ
1073 5520 1342 5596 novandis
1395 5517 1919 5596 negligensfuerit2

332 5593 595 5650 Precaria
630 5585 796 5663 porr-0
826 5607 936 5646 non
984 5600 1069 5646 est
1101 5592 1290 5646 eadem
1323 5604 1447 5644 cum
1472 5585 1775 5663 iibellaria,
1806 5585 1920 5638 dixi

335 5666 407 5718 ad
442 5665 478 5717 Ι.
503 5665 593 5728 24,
719 5662 852 5735 Li}.
877 5663 945 5717 de
995 5670 1336 5735 sacrosanct.
1387 5673 1512 5735 cum
1546 5657 1730 5735 fetido,
1791 5671 1917 5735 cum

334 5728 663 5808 usufructu:
698 5733 866 5808 _quin
920 5747 1041 5808 cum
1103 5729 1635 5808 ipsa_emphyteu§i.
1655 5728 1917 5808 Quamvis

336 5805 432 5858 illa
461 5806 643 5858 omnia
667 5797 779 5857 sint
826 5797 1199 5857 ususfructtis.
1236 5797 1367 5854 Ideo
1383 5797 1733 5868 perspicitur,
1766 5797 1914 5864 quod

598 5898 872 5956 PATROL.
913 5898 1027 5957 Gn.
1065 5896 1246 5956 CVII.

2023 5443 2700 5508 ministeriumexhibeat,
2763 5443 2913 5511 quod
2940 5443 3028 5496 vix
3075 5451 3162 5497 est
3202 5453 3261 5496 ut
3301 5445 3426 5498 huic
3499 5446 3621 5501 loco

2023 5515 2357 5576 conveniat;
2396 5515 2616 5570 videtur
2667 5513 2814 5567 enim
2863 5513 3141 5582 pertinere
3178 5516 3245 5566 ad
3271 5530 3467 5571 omnes
3496 5531 3619 5570 om-

2023 5584 2162 5660 nino
2210 5585 2487 5660 homines,
2552 5584 2757 5660 quibus
2789 5582 2882 5660 jus
2907 5592 2992 5637 est
3017 5583 3085 5637 ab
3117 5585 3351 5660 ecclesia
3385 5586 3618 5660 einphy-

2023 5654 2220 5709 teusim
2247 5657 2520 5722 accipere,
2550 5653 2657 5707 no‘n
2690 5653 2758 5705 ad
2795 5653 2946 5707 solos
2981 5654 3318 5708 sacerdotes.

2091 5724 2205 5792 (93)
2233 5723 2605 5786 Είσδεκτικόν,
2637 5723 3013 5792 renovationis
3072 5725 3330 5792 pretium.
3368 5724 3442 5780 De
3472 5740 3619 5780 mer-

2025 5790 2252 5850 cedibus
2289 5794 2400 5847 dixi
2426 5792 2496 5848 ad
2521 5792 2703 5848 edicta
2738 5790 3140 5846 i5.‘.lustin.‘c.
3182 5793 3234 5846 7.

3184 5882 3254 5944 15
