4048 6440
412 361 522 436 45.3

1502 361 1866 427 NOVELUE
1905 358 2577 422 CONSTITUTIONES.

3556 365 3661 430 454

410 472 512 542 φῆς
528 467 964 538 ἐξαφανὲζοντος,
986 469 1159 524 ἐκεῖνο
1175 470 1222 502 ⁸⁸
1243 470 1376 542 ἡμῖν
1397 469 1745 536 θεσπίζεται,
1765 471 1842 535 ὡς
1864 471 1978 524 δια-

2084 469 2294 526 dedunt
2355 465 2724 538 praeveniente
2779 474 2990 533 morte,
3053 469 3313 542 ipsosque
3373 472 3662 532 hominum

405 556 702 622 τυπώσεως
721 558 1092 629 προελθούσης
1115 559 1184 613 τά
1202 560 1260 612 ἐν
1279 559 1449 632 ταύτῃ
1475 560 1814 632 διορισθέντα
1829 560 1980 614 ἔσται

405 656 502 724 τῆς
526 654 846 724 ἐκκλησίας,
882 655 932 706 εί
963 654 1008 708 δ’
1043 654 1224 723 (ὁποῖα
1268 653 1443 706 πολλά
1476 653 1634 722 φέρει
1674 652 1734 704 τὸ
1763 651 1980 721 ἄδηλον)

405 743 512 814 πρὸ
561 744 659 813 τῆς
705 743 819 796 τῶν
868 744 1090 797 οἰκείων
1136 742 1514 813 ἀναρπασθείη
1552 741 1980 805 διατυπώσεως,

404 835 608 888 παίδων
635 837 736 904 μὲν
765 835 1013 890 ὑπόντων
1040 835 1168 906 ἀχρι
1193 835 1384 906 τριῶν,
1407 835 1666 904 τέταρτον
1693 835 1858 904 μέρος
1882 833 1983 902 τῆς

405 925 693 993 ὑπάρξεως
727 922 1072 977 οἰκειώσεται
1103 926 1138 994 ἡ
1174 924 1332 995 μονὴ,
1367 924 1626 976 ἐπέκεινα
1656 922 1713 974 δέ
1744 921 1838 974 τοῦ
1869 921 1985 991 τρί-

400 1033 493 1069 του
523 1013 760 1086 ἀριθμοῦ
789 1015 1074 1086 προίόντος
1101 1016 1195 1069 τοῦ
1225 1015 1326 1084 τῆς
1351 1015 1515 1086 γονῆς
1551 1013 1820 1083 πλήθους,
1852 1028 1981 1078 συγ-

339 1157 358 1170 ς
399 1105 758 1170 καταλέξεται
786 1105 848 1158 τὸ
884 1108 1251 1178 μοναστήριον
1291 1109 1406 1167 τοῖς
1440 1108 1602 1159 παισὶ
1630 1143 1645 1168 ,
1673 1105 1766 1158 καὶ
1794 1104 1862 1156 τά
1893 1103 1983 1155 ἴσα

399 1197 483 1249 ἐνὶ
509 1199 716 1250 τούτων
759 1197 974 1267 ἑκάστῳ
1009 1197 1238 1267 λήψεται
1266 1199 1331 1250 ἐκ
1360 1198 1538 1266 πάσης
1569 1195 1889 1264 περιουσίας
1914 1188 1982 1264 ἧς

398 1288 500 1356 οὑχ
524 1287 754 1341 ἅπτεται
777 1289 916 1358 χρέα
938 1289 1031 1342 τοῦ
1058 1289 1403 1360 τεθνηκότος.
1441 1288 1701 1349 Ἀπαιδος
1726 1287 1784 1339 δέ
1805 1284 1982 1354 ὑπάρ-

399 1395 588 1448 χοντος
617 1379 711 1432 τοῦ
740 1380 830 1431 τὸν
877 1379 991 1449 βίον
1019 1380 1266 1443 λιπόντος
1290 1421 1304 1444 ,
1337 1381 1430 1432 ἐπὶ
1462 1379 1679 1449 γονεῦσι
1712 1378 1768 1430 δὲ
1798 1378 1982 1430 λιπόν-

397 1485 512 1533 τος,
554 1469 678 1540 διχῆ
725 1470 832 1522 τῶν
877 1471 1191 1542 προσόντων
1222 1472 1618 1542 διαιρουμένων
1668 1471 1702 1540 ἡ
1738 1470 1838 1541 μὲν
1866 1472 1981 1534 τοῖς

397 1561 678 1628 γονεῦσιν,
710 1562 745 1631 ἡ
775 1561 820 1613 δ’
843 1563 1006 1632 ἐτέρα
1033 1565 1198 1632 μοῖρα
1220 1563 1300 1634 τῷ
1327 1562 1675 1634 μοναστηρίῳ
1700 1579 1980 1632 παρασχεο

397 1650 649 1720 θήσεται.
680 1653 744 1704 Εἰ
773 1652 818 1705 δ’
850 1651 1058 1724 ἕρημος
1098 1653 1185 1725 εἴη
1213 1655 1569 1724 κληρονόμων
1595 1654 1854 1708 ἀνιόντων
1886 1654 1981 1706 καὶ

399 1740 722 1807 κατιόντων,
755 1743 880 1805 τοὺς
917 1744 982 1796 ἐκ
1012 1743 1244 1812 πλαγίου
1296 1745 1353 1798 δὲ
1387 1745 1657 1809 εἰσιόντας
1703 1747 1732 1798 ὁ
1778 1745 1980 1815 κλῆρος

2085 560 2368 616 consortio
2407 559 2696 629 eripiente,
2726 557 3000 614 interdum
3035 562 3319 632 proposito
3347 563 3664 622 destituun-

2085 660 2173 706 tur
2206 649 2374 705 :illud
2395 665 2424 703 a
2452 648 2610 706 nobis
2633 651 2912 714 statuitur,
2945 659 3005 704 ut
3027 651 3074 705 si
3100 658 3495 709 testamentum
3527 671 3663 712 con-

2085 741 2262 796 ditum
2299 743 2536 810 sit,qu:e
2561 741 2623 795 in
2655 740 2751 796 illo
2796 742 3044 796 ecclesiae
3068 744 3345 814 assignata
3390 757 3541 812 sunt,
3569 745 3664 802 ea;

2083 832 2206 887 dem
2240 833 2316 886 illi
2345 831 2562 886 cedant.
2619 831 2676 884 Si
2731 847 2860 886 vero
2887 833 2969 902 (ut
2989 832 3286 890 identidem
3336 850 3405 889 ex
3461 837 3658 893 mortis

2082 922 2466 978 incertitudine
2488 921 2779 994 contingit)
2813 931 3104 994 antequam
3123 925 3189 980 de
3210 925 3373 982 rebus
3395 927 3514 984 suis
3541 937 3659 984 sta-

2084 1008 2277 1081 tueret,
2306 1022 2527 1070 evectus
2562 1015 2746 1080 fuerit,
2778 1024 2892 1068 tum
2916 1015 2963 1068 si
2988 1016 3057 1070 ad
3100 1026 3211 1072 tres
3239 1033 3468 1073 numero
3501 1018 3660 1074 liberi

2081 1100 2378 1170 supersint,
2437 1100 2797 1169 quadrantem
2847 1101 3115 1158 bonorum
3149 1105 3416 1159 involabit
3463 1121 3659 1160 mona-

2082 1191 2352 1247 sterium:
2405 1190 2491 1245 sin
2554 1191 2699 1244 ultra
2754 1195 3055 1247 ternarium
3110 1209 3398 1248 numerum
3449 1197 3658 1252 sobolis

2082 1281 2373 1337 multitudo
2405 1282 2684 1350 procedet,
2716 1281 2901 1337 liberis
2942 1286 3430 1340 connumerabitur
3459 1302 3657 1341 mona-

2079 1372 2334 1436 sterium,
2366 1381 2420 1426 et
2451 1371 2688 1426 deducto
2726 1387 2836 1428 aere
2887 1373 3089 1439 alieno,
3118 1391 3181 1429 ex
3219 1377 3476 1431 universa
3528 1379 3660 1433 sub-

2081 1462 2304 1527 stantia,
2358 1472 2620 1532 quantum
2647 1463 2891 1531 ipsorum
2930 1467 3164 1535 quisque
3195 1468 3392 1537 capiet.
3427 1467 3581 1534 Quod
3610 1470 3655 1525 si

2080 1553 2375 1608 defunctus
2424 1555 2547 1609 sine
2604 1555 2790 1610 liberis
2821 1556 3141 1623 decesserit,
3191 1569 3447 1629 parentes
3477 1571 3657 1616 autem

2081 1644 2414 1712 superstites
2443 1644 2692 1711 tliabeat,
2742 1646 2907 1702 rebus
2969 1648 3226 1703 bifariam
3283 1651 3499 1716 divisis,
3552 1669 3660 1708 una

2083 1750 2210 1806 pars
2232 1736 2573 1806 parentibus,
2607 1738 2780 1793 altera
2816 1742 3151 1796 monasterio
3181 1741 3566 1812 applidabitur.
3590 1745 3660 1798 At

401 1833 711 1904 προσίεται,
746 1834 900 1888 αὑτοὶ
931 1836 1029 1902 μὲν
1059 1835 1174 1888 ὅσοι
1216 1836 1282 1890 ἂν
1323 1836 1418 1889 καὶ⁸
1446 1829 1548 1890 ῶσι
1581 1837 1642 1889 τὺ
1669 1837 1850 1906 τρίτον
1883 1835 1971 1906 μέ·

2084 1827 2130 1881 si
2163 1841 2336 1897 neque
2381 1838 2658 1897 parentes,
2705 1844 2886 1899 neque
2908 1830 3112 1887 liberos
3163 1833 3406 1889 haeredes
3437 1835 3655 1901 habeat,

402 1943 498 1996 ρος
540 1928 1050 1998 διανεμήσονται”,
1090 1929 1150 1981 τὸ
1188 1929 1432 2000 δίμοιρον
1468 1929 1527 1983 δὲ
1560 1931 1904 2000 προχωρήσει
1926 1929 1972 1960 ⁷⁸

397 2021 466 2090 τῇ
501 2019 791 2090 ἐκκλησίᾳ.
823 2019 885 2073 Εἰ
925 2020 1174 2090 μέντοιγε
1209 2020 1242 2091 ἢ
1276 2021 1344 2074 δι’
1379 2021 1656 2091 ἀγνοιανῆ
1686 2021 1757 2074 δι’
1784 2021 1977 2091 ἑτέραν

398 2107 523 2162 τινά
565 2108 748 2162 αἰτίαν
789 2109 868 2170 εἰς
896 2107 1148 2162 ἐναντίαν
1178 2106 1407 2179 γνώμην
1437 2108 1506 2161 τά
1530 2106 1979 2176 διατετυπωμένα

404 2199 770 2268 ἀποκρίνηται
803 2199 904 2268 τῆς
931 2198 1165 2268 νομίμου
1197 2199 1592 2268 προαιρέσεως,
1627 2197 1977 2268 θεσπίζομεν,

405 2288 498 2340 τὸν
523 2289 666 2342 κατά
690 2289 785 2342 τὸν
814 2288 981 2342 τόπον
1008 2287 1424 2358 θεοφιλέστατον
1457 2287 1720 2360 ἀρχιερέα
1744 2289 1846 2342 ὅσα
1881 2286 1980 2358 μὲν

411 2380 731 2451 ἀποχρῶντα
757 2381 801 2413 ’⁸
844 2381 925 2443 εἰς
973 2379 1238 2451 διοίκησιν
1289 2379 1587 2448 ἐκκλησίας
1626 2380 1720 2433 καὶ
1763 2377 1874 2433 τῶν
1918 2379 1978 2431 ἐν

409 2471 543 2541 αὐτῇ
578 2469 880 2540 μελλόντων
908 2468 1268 2540 παρεδρεύειν
1300 2467 1836 2539 ἀντιλαμϐάνεσθαι,
1868 2469 1980 2531 τοῖς

403 2561 462 2614 δέ
502 2560 711 2624 λοιποῖς
760 2559 861 2632 τὴν
908 2560 1017 2615 τῶν
1061 2560 1242 2631 νόμων
1285 2558 1480 2631 βουλὴν
1526 2560 1623 2614 καὶ
1664 2558 1906 2623 διάταξιν
1933 2559 1980 2590 ⁷¹

400 2649 640 2722 διαιτᾷν.

931 2828 1245 2882 ΔΙΛΤΑΞΙΣ
1275 2827 1355 2881 ιε’
1385 2828 1450 2882 ⁷³.

401 2914 544 2984 Περί
570 2915 680 2972 τοὺ
701 2915 924 2984 ἐξεῖναι
943 2919 1008 2988 τὸ
1032 2918 1332 2988 σωτήριον
1360 2916 1680 2986 βάπτισμα
1705 2917 1777 2971 ἐν
1798 2917 1981 2972 παντί

761 2987 1004 3043 εὐσεϐεῖ
1025 2987 1320 3056 εὐκτηρίφ
1344 2987 1543 3042 τελεῖν
1562 2989 1628 3041 ⁷⁸.

483 3079 546 3132 '0
580 3077 744 3143 αὐτὸς
787 3077 1042 3148 βασιλεὺς
1076 3079 1329 3149 Στεφάνῳ
1373 3078 1452 3149 τῷ
1493 3077 1779 3147 ἁγιωτάτῳ
1821 3076 1982 3148 ἀρχι⁹

2085 1925 2141 1972 et
2168 1919 2385 1988 cognati
2417 1919 2483 1973 ad
2517 1920 2896 1978 [nereditatem
2969 1923 3261 1992 prodeant,
3297 1925 3400 1994 ipsi
3435 1926 3657 1995 quidem

2083 2017 2436 2079 quotcunque
2487 2010 2712 2077 fuerint,
2744 2014 2998 2068 trientem
3037 2014 3180 2068 inter
3202 2030 3263 2069 se
3301 2015 3654 2083 distribuent,

2079 2098 2176 2154 bes
2199 2115 2328 2155 vero
2359 2102 2602 2157 ecclesia:
2633 2103 2877 2159 accedet.
2913 2103 3110 2160 Verum
3146 2106 3291 2160 enim
3325 2123 3456 2163 vero
3485 2109 3530 2163 si
3556 2117 3655 2163 aut

2081 2203 2177 2259 per
2207 2189 2540 2246 oblivionem
2601 2201 2698 2246 aut
2730 2193 2892 2246 aliam
2953 2195 3270 2264 quampiam
3320 2212 3567 2263 causam,
3593 2199 3648 2253 in

2081 2278 2411 2332 contrariam
2444 2279 2703 2336 laudabili
2737 2281 3092 2351 legitimoque
3149 2285 3431 2353 proposito
3486 2294 3655 2340 testa-

2083 2377 2325 2424 mentum
2374 2370 2702 2426 sententiam
2778 2381 3104 2442 conceptum
3151 2374 3243 2438 sit,
3275 2384 3335 2428 ut
3379 2375 3500 2441 ejus
3549 2374 3655 2429 loci

2082 2460 2316 2517 antistes
2373 2460 2466 2516 Dei
2506 2462 2942 2526 amantissimus.
2993 2473 3260 2532 quantum
3288 2464 3355 2519 ad
3407 2464 3658 2520 ecclesia:

2082 2565 2380 2622 eorumque
2424 2553 2517 2623 qui
2551 2554 2608 2608 in
2640 2554 2730 2609 illa
2772 2556 3044 2610 assessuri
3099 2563 3248 2621 sunt,
3302 2557 3658 2612 sustentatio-

2083 2656 2206 2698 nem
2266 2643 2569 2711 suﬂ‘ecerit,
2619 2645 2862 2701 vindicet
2891 2663 2907 2701 :
2940 2647 3008 2702 de
3042 2647 3272 2717 reliquis
3311 2663 3440 2704 vero
3468 2649 3648 2720 legum

2083 2729 2424 2804 praescriptio
2455 2743 2509 2791 et
2539 2743 2929 2790 testamentum
2961 2737 3290 2805 diiudicent.

2539 2826 3005 2884 CONSTITUTIO
3069 2829 3186 2882 XV.

2123 2916 2192 2971 Ut
2222 2917 2514 2972 salutarem
2542 2918 2866 2981 baptismum
2899 2919 2974 2991 (l)
3009 2920 3073 2991 in
3115 2937 3422 2991 quocunque
3459 2936 3617 2975 sacro

2475 2991 2713 3042 oratorio
2760 2990 2944 3059 peragi
2975 2990 3133 3042 liceat
3163 2990 3261 3060 (2).

2154 3076 2300 3133 ldem
2333 3076 2632 3147 imperator
2668 3077 2947 3149 Stephano
2970 3080 3322 3137 sanctissimo
3342 3079 3656 3137 Constanti-
3687 3069 3690 3076 ’

393 3169 690 3241 επισκόπῳ
710 3170 1331 3234 Κωνσταντινουπόλεως
1361 3171 1458 3224 καὶ
1484 3168 1848 3242 οἰκουμενικῷ
1873 3186 1978 3223 πα-

2082 3183 2207 3240 nop.
2243 3169 2659 3242 archiepiscopo
2685 3178 2739 3226 et
2769 3172 3094 3242 patriarcha:
3125 3173 3446 3230 universali.

394 3260 662 3334 τριάριοι

471 3351 580 3405 Καὶ
598 3347 754 3415 οὗτος
789 3354 818 3406 ὁ
851 3353 952 3422 τῆς
973 3353 1296 3424 -σεϐασμίας
1335 3352 1504 3423 ἐκτης
1539 3352 1762 3407 συνόδου
1795 3351 1978 3406 κανὼν

399 3441 569 3512 ἰερδς,
599 3441 658 3503 δς
679 3442 742 3495 τὸ
765 3441 909 3496 θεῖον
935 3443 1039 3513 τῆς
1070 3443 1484 3512 ἀναγεννήσεως
1516 3443 1743 3512 λουτρὸν
1774 3444 1832 3496 ἐν
1864 3444 1978 3507 τοῖς

396 3531 522 3584 κατ’
560 3527 712 3585 οἰκον
758 3531 1071 3602 εὐκτηρίοις
1120 3531 1393 3586 τελεῖσθαι
1444 3533 1552 3603 ἰδίᾳ
1599 3533 1662 3586 ού
1705 3531 1974 3603 βούλεται,

397 3621 538 3675 ἀλλά
588 3623 648 3675 ἐν
704 3623 884 3691 μόνοις
921 3625 1034 3686 τοῖς
1077 3622 1212 3694 πρὸς
1261 3622 1322 3676 τὸ
1367 3622 1546 3675 κοινὸν
1590 3622 1976 3693 ἀνιερωμένοις

396 3714 572 3773 ναοῖς.
595 3711 802 3780 ἀδελφά
833 3713 1340 3784 παρακελευόμενος
1362 3715 1476 3775 τοῖς
1502 3712 1552 3764 οἳ
1575 3711 1676 3775 τὰς
1701 3712 1852 3781 ίεράς
1883 3712 1976 3765 θυ-

398 3802 523 3866 σίας
556 3805 651 3857 καὶ
681 3805 900 3867 τελετάς
928 3807 1052 3859 κατ’
1079 3805 1262 3869 οῐκους
1290 3804 1700 3872 ἀποτρέποντες
1726 3803 1973 3872 γίνεσθαι

391 3892 590 3964 ετυχον
615 3895 744 3965 παρ’
767 3895 928 3966 ἡμῶν
957 3896 1300 3964 ἐπισκέψεως
1333 3894 1645 3968 ἔμπροσθεν
1670 3896 1740 3962 ⁷⁸,
1773 3895 1974 3965 ὁμοίως

393 3986 494 4039 καὶ
516 3985 753 4058 ἀδελφῆς
776 3987 822 4019 ⁷⁸
851 3987 1077 4042 ἐκείνων
1105 3987 1531 4059 ἐπανορθώσεως
1560 3986 1831 4052 τεύξεται.

479 4161 768 4233 ὐρίζομεν
798 4157 892 4217 οὖν
917 4163 1099 4227 καθὼς
1129 4165 1260 4235 περὶ
1292 4163 1517 4228 θυσιῶν,
1550 4161 1692 4216 οὕτω
1718 4163 1814 4216 καί
1845 4165 1977 4234 περὶ

389 4252 493 4307 τοῦ
527 4254 568 4285 τ’
613 4254 883 4326 σωτηρίου
925 4254 1326 4326 βαπτίσματος,
1376 4255 1440 4309 τὸ
1492 4255 1692 4322 ἐξεῖναι
1742 4255 1875 4308 αὑτὸ
1918 4259 1974 4308 ἐν

391 4347 564 4399 παντὶ
591 4346 832 4400 εὐσεϐῶν
860 4347 908 4380 ⁷⁸
938 4348 1215 4418 εὐκτηρίῳ
1255 4349 1368 4411 τοῖς
1407 4347 1750 4418 βουλομένοις
1779 4347 1972 4401 τελεῖν.

387 4438 510 4508 Τὴν
538 4438 647 4508 γάρ
667 4437 926 4509 τοιαύτην
951 4438 1237 4508 ἀκρίϐειαν
1264 4438 1411 4493 δοκεῖ
1437 4456 1528 4510 μοι
1564 4439 1892 4508 πεποιῆσθαι
1915 4438 1976 4492 τδ

389 4527 544 4598 ἱερὸν
573 4527 672 4598 τῆς
704 4528 924 4582 συνόδου
951 4529 1225 4600 διάταγμα
1257 4529 1352 4582 διά
1392 4530 1517 4593 τοὺς
1543 4529 1602 4582 ἐν
1642 4529 1832 4599 ἱερέων
1859 4530 1975 4583 6V6-

390 4633 530 4685 ματι
562 4617 812 4688 ἀνιέρους
847 4618 942 4672 καὶ
975 4617 1243 4689 βεϐήλους
1289 4619 1419 4682 τοὺς
1461 4619 1556 4672 ὑπ’
1584 4618 1764 4673 αὐτῶν
1804 4636 1975 4688 προσ-

384 4708 692 4778 ἀγομένους
720 4707 798 4779 τῷ
824 4708 1037 4782 λουτρῷ
1062 4708 1547 4776 ποιοῦντας,ο¹ί,ῶς
1575 4709 1742 4774 εἰκὸς,
1776 4711 1834 4763 ἐν
1859 4713 1976 4774 τοῖς

385 4800 501 4853 τῶν
528 4801 800 4869 ὁμοδόξων
837 4800 1007 4865 οτκοις
1043 4802 1398 4873 ὑποδυόμενοι
1433 4801 1494 4854 ού
1525 4800 1810 4864 τελοῦσιν,
1840 4801 1979 4856 ἀλλά

387 4890 706 4945 συντελοῦσι
735 4892 847 4956 τοῖς
877 4890 1065 4955 αὐτοῖς
1094 4891 1524 4962 προερχομένοις
1549 4891 1615 4942 τ’.
1642 4889 1790 4960 Αῦτη
1833 4888 1892 4942 δέ
1929 4888 1978 4940 εί

2152 3341 2327 3398 Etiam
2361 3343 2450 3399 hic
2484 3345 2809 3401 venerandae
2844 3355 3012 3402 sexta:
3035 3349 3226 3416 synodi
3253 3346 3330 3420 (3)
3373 3363 3533 3405 sacer
3556 3364 3654 3404 ca-

2080 3448 2187 3488 non
2243 3433 2341 3505 (4),
2389 3434 2486 3504 qui
2528 3451 2636 3489 non
2677 3435 2732 3490 in
2787 3437 3126 3507 privatarum
3148 3438 3347 3492 a-dium
3391 3441 3655 3495 oratoriis

2079 3539 2352 3590 seorsum,
2377 3526 2474 3580 sed
2500 3525 2676 3580 solum
2711 3525 2768 3581 in
2798 3541 3146 3582 communem
3173 3544 3331 3583 usum
3358 3544 3656 3585 consecra-

2079 3616 2152 3669 tis
2183 3616 2422 3686 templis,
2445 3617 2688 3672 divinam
2737 3619 3172 3688 regenerationis
3213 3619 3475 3674 lotionem
3529 3637 3655 3692 per-

2079 3705 2167 3760 fici
2190 3706 2327 3772 vult,
2387 3722 2509 3762 cum
2565 3708 2770 3763 similia
2798 3723 2924 3764 cum
2957 3710 3071 3766 illis
3103 3711 3312 3781 jubeat,
3343 3713 3437 3783 qui
3467 3728 3655 3768 sacro-

2079 3805 2270 3851 sancta
2337 3798 2611 3853 sacrilicia
2642 3808 2697 3854 et
2722 3801 2984 3871 mysteria
3026 3802 3082 3856 in
3131 3804 3363 3872 privatis
3393 3805 3650 3863 domibus

2079 3887 2344 3941 celebrari
2375 3895 2566 3942 vetant
2611 3889 2713 3960 (5),
2761 3890 2995 3960 ideoque
3022 3907 3053 3947 a
3095 3894 3256 3948 nobis
3298 3895 3651 3964 jampridem

2078 3980 2479 4036 consideratius
2500 3983 2723 4051 expensi
2753 3991 2881 4038 sunt
2911 4002 2926 4039 :
2956 3993 3217 4057 tanquam
3267 3987 3488 4042 illorum
3528 4006 3656 4060 ger-

2078 4085 2274 4126 manus
2301 4071 2552 4127 similiter
2582 4075 2978 4131 correctionem
3012 4089 3400 4148 consequetur.

2145 4159 2450 4220 Statuimus
2508 4164 2704 4233 igitur,
2767 4167 3231 4237 quemadmodum
3266 4169 3335 4226 de
3364 4171 3654 4228 sacrificiis

2079 4253 2162 4310 sic
2185 4270 2404 4327 quoque
2433 4257 2499 4312 de
2526 4258 2817 4314 salutifero
2839 4261 3194 4331 baptismate,
3231 4271 3290 4318 ut
3315 4273 3369 4320 et
3394 4266 3571 4336 ipsum
3595 4268 3651 4322 in

2079 4362 2410 4418 quocunque
2483 4364 2644 4404 sacro
2698 4353 2945 4407 oratorio
2991 4353 3334 4423 quibuslibet
3389 4371 3656 4428 peragere

2081 4440 2292 4495 licitum
2325 4440 2418 4496 sit.
2443 4439 2580 4496 Nam
2614 4443 2731 4498 hree
2795 4452 2906 4498 tam
2954 4445 3147 4500 stricte
3205 4461 3426 4502 sacrum
3459 4449 3655 4519 synodi

2081 4529 2365 4585 decretum
2400 4530 2759 4587 constituisse
2815 4532 2951 4588 mihi
2991 4533 3212 4604 quidem
3241 4535 3506 4602 ,videtur,
3539 4553 3660 4607 pro-

2076 4627 2198 4687 pter
2226 4631 2322 4670 cos
2359 4617 2455 4686 qui
2481 4632 2797 4688 quanquam
2828 4619 3178 4675 sacerdotum
3207 4637 3409 4676 nomen
3438 4634 3652 4693 gerant,

2076 4703 2293 4773 profani
2345 4713 2527 4758 tamen
2558 4717 2710 4770 sunt,
2753 4717 2804 4760 et
2856 4722 2996 4777 quos
3058 4708 3124 4762 ad
3166 4708 3447 4762 lavacrum
3478 4709 3656 4763 addu-

2074 4802 2230 4860 cunt,
2289 4794 2530 4864 pollutos
2589 4797 2858 4851 reddunt:
2897 4797 3124 4867 qui,(ut
3153 4797 3408 4868 apparet)
3459 4798 3655 4854 domos

2077 4884 2324 4953 ejusdem
2351 4884 2634 4955 opinionis
2683 4887 2968 4941 hominum
3019 4886 3345 4954 subeuntes,
3386 4902 3500 4943 non
3535 4903 3652 4944 rem

1668 5045 1902 5104 VARIE
1938 5042 2346 5101 LECTIONES.

498 5143 545 5176 ⁸⁸
578 5142 718 5198 llinc
777 5142 971 5213 incipit
1028 5141 1249 5213 Ecloga.
1335 5141 1379 5173 ⁶⁹
1415 5141 1551 5213 εοιΙἈ
1590 5137 2104 5213 διανεμηθ-ησονται.
2148 5133 2475 5213 __"ﬂ_Ecloga
2521 5133 2938 5213 ίπροιτχςυρῄσειΣ

387 5213 725 5284 exemplaria
751 5208 988 5267 retinént
1017 5208 1389 5284 dmxpéwat.
1441 5213 1486 5242 "
1520 5208 2044 5284 Scritttg.__6td_0eatv.

3037 5134 3080 5165 "
3121 5132 3332 5189 Ecloaa:
3391 5133 3654 5187 nonnulla

2148 5203 2195 5238 "
2226 5201 2492 5258 Citatura
2520 5201 2896 5257 ιδευηιέιᾳιωο.
2919 5202 3016 5257 Gr.
3054 5203 3212 5257 ltom.
3258 5201 3300 5263 1,
3325 5204 3431 5262 29;
3467 5202 3528 5265 ll,
3562 5201 3652 5256 78.

387 5285 440 5356 ff
465 5271 688 5356 geerm.
715 5284 842 5356 cod.
870 5285 937 5356 ad
958 5271 1273 5356 marginem
1292 5299 1305 5335 :
1328 5280 1466 5356 αὕτη
1491 5271 1729 5356 κρατεῖς
1753 5279 1797 5310 ⁷³
1819 5276 2096 5356 ﬁf._supra
2125 5273 2362 5356 Cpnstit.
2521 5272 2574 5356 ’ξ
2609 5271 2800 5326 Zuieli.
2834 5272 3102 5356 ἀδελφοῖς.
3127 5273 3358 5356 Scrinig.
3383 5271 3650 5341 ἀδελφώς.

387 5355 435 5385 ⁷⁷
460 5353 754 5409 Balsamon
780 5353 934 5408 addit
957 5341 1112 5407 τοῦδ’
1158 5352 1202 5383 ⁷⁸
1240 5341 1476 5419 εει-ἱιηέ.
1506 5341 1739 5403 abesset.
1819 5347 1861 5380 ⁷⁸
1903 5341 2293 5416 Spangenberg
2320 5341 2673 5399 scribendum
2708 5351 2896 5398 censet
2927 5341 3404 5414 προσερχομένοις.

1914 5455 2147 5514 ΝΟΤᾸΕ.

458 5585 537 5652 (ll
569 5581 836 5653 Superius
867 5580 1005 5634 dixit
1039 5580 1166 5648 περὶ
1193 5579 1287 5632 τοῦ
1325 5577 1426 5700 μὴλ
1445 5578 1544 5641 τάς
1597 5575 1750 5666 ίεράς
1800 5589 1974 5644 μυστ-

458 5654 632 5700 ωγῐας
657 5653 748 5700 καὶ
765 5651 1021 5700 λατρείας
1067 5651 1203 5700 οἶκοι
1241 5651 1394 5700 ἐπιτε
1427 5649 1526 5700 εἰν.
1559 5645 1696 5700 Nov.
1723 5645 1757 5700 4
1778 5683 1798 5700 .
1822 5659 1972 5699 nunc

383 5645 632 5722 αγωγίας
652 5645 748 5706 καὶ
765 5651 1021 5722 λατρείας
1067 5645 1203 5703 οἶκοι
1241 5645 1526 5702 ἐπιτελεῖν.
1559 5645 1696 5701 Nov.
1723 5645 1757 5700 4
1778 5683 1798 5712 ,
1822 5659 1972 5699 nunc

380 5725 770 5797 de_bapti_smo_.
905 5790 916 5797 _
1453 5785 1517 5797 Μ
1572 5785 1604 5797 ἡ
1739 5785 1774 5797 __
1825 5784 1852 5797 Λ
1910 5783 1923 5795 .

457 5784 568 5866 (2)’
600 5794 675 5847 Ea
737 5794 811 5847 ita
866 5790 1166 5861 abrogatur
1214 5803 1390 5844 canon
1448 5785 1520 5840 59
1571 5785 1776 5857 Synodi
1821 5784 1876 5849 6,
1908 5784 1966 5837 in

2077 5569 2288 5625 Trullo.
2321 5566 2472 5622 Adde
2501 5565 2638 5619 Nov.
2686 5564 2777 5620 58.

2149 5640 2230 5710 (δ)
2250 5639 2306 5710 In
2339 5635 2577 5710 Trullo§
2603 5634 2689 5690 l7.

2150 5708 2226 5777 (4)
2258 5709 2446 5764 Callon
2474 5708 2564 5760 59.

2147 5773 2226 5852 (ὃ)
2255 5779 2387 5835 Nov.
2417 5779 2472 5842 4,
2499 5777 2528 5845 §
2559 5776 2684 5830 cod.
2721 5773 2853 5831 Nov.
2888 5775 2978 5830 58.
