  <div class='ocr_page' id='page_1' title='image "/cluster/home/n/w/nwhite01/storage/ocr_20150623/107/coo.31924054870112/273.png"; bbox 0 0 4048 6446; ppageno 0'>
   <div class='ocr_carea' id='block_1_1' title="bbox 395 334 500 465">
    <p class='ocr_par' dir='ltr' id='par_1_1' title="bbox 395 334 500 465">
     <span class='ocr_line' id='line_1_1' title="bbox 395 334 500 465; baseline 0.019 -32"><span class='ocrx_word' id='word_1_1' title='bbox 395 334 500 465; x_wconf 65' lang='lat' dir='ltr'><strong>tas</strong></span> 
     </span>
    </p>
   </div>
   <div class='ocr_carea' id='block_1_2' title="bbox 1621 354 2387 425">
    <p class='ocr_par' dir='ltr' id='par_1_2' title="bbox 1621 354 2387 425">
     <span class='ocr_line' id='line_1_2' title="bbox 1621 354 2387 425; baseline -0.001 -2"><span class='ocrx_word' id='word_1_2' title='bbox 1621 363 1893 425; x_wconf 85' lang='lat' dir='ltr'><strong>LEONIS</strong></span> <span class='ocrx_word' id='word_1_3' title='bbox 1933 354 2387 424; x_wconf 83' lang='lat' dir='ltr'><strong>PHILOSOPHI</strong></span> 
     </span>
    </p>
   </div>
   <div class='ocr_carea' id='block_1_3' title="bbox 3548 360 3656 427">
    <p class='ocr_par' dir='ltr' id='par_1_3' title="bbox 3548 360 3656 427">
     <span class='ocr_line' id='line_1_3' title="bbox 3548 360 3656 427; baseline 0.056 -5"><span class='ocrx_word' id='word_1_4' title='bbox 3548 360 3656 427; x_wconf 60' lang='lat'><strong>156</strong></span> 
     </span>
    </p>
   </div>
   <div class='ocr_carea' id='block_1_4' title="bbox 389 466 1955 547">
    <p class='ocr_par' dir='ltr' id='par_1_4' title="bbox 389 471 1941 547">
     <span class='ocr_line' id='line_1_4' title="bbox 389 471 1941 547; baseline -0.012 -6"><span class='ocrx_word' id='word_1_5' title='bbox 389 483 640 541; x_wconf 79' lang='lat' dir='ltr'><strong>divinam</strong></span> <span class='ocrx_word' id='word_1_6' title='bbox 663 476 892 543; x_wconf 80' lang='lat' dir='ltr'><strong>faciunt,</strong></span> <span class='ocrx_word' id='word_1_7' title='bbox 916 477 1010 534; x_wconf 86' lang='lat' dir='ltr'><strong>sed</strong></span> <span class='ocrx_word' id='word_1_8' title='bbox 1037 489 1160 531; x_wconf 90' lang='lat' dir='ltr'><strong>cum</strong></span> <span class='ocrx_word' id='word_1_9' title='bbox 1196 476 1265 533; x_wconf 91' lang='lat' dir='ltr'><strong>iis</strong></span> <span class='ocrx_word' id='word_1_10' title='bbox 1296 476 1391 547; x_wconf 84' lang='lat' dir='ltr'><strong>qui</strong></span> <span class='ocrx_word' id='word_1_11' title='bbox 1447 473 1782 529; x_wconf 84' lang='lat' dir='ltr'><strong>conveniunt</strong></span> <span class='ocrx_word' id='word_1_12' title='bbox 1815 471 1941 525; x_wconf 86' lang='lat' dir='ltr'><strong>inau</strong></span> 
     </span>
    </p>
   </div>
   <div class='ocr_carea' id='block_1_5' title="bbox 2058 466 3652 547">
    <p class='ocr_par' dir='ltr' id='par_1_5' title="bbox 2076 466 3652 539">
     <span class='ocr_line' id='line_1_5' title="bbox 2076 466 3652 539; baseline 0.003 -16"><span class='ocrx_word' id='word_1_13' title='bbox 2076 470 2171 524; x_wconf 75' lang='grc' dir='ltr'><strong>καὶ</strong></span> <span class='ocrx_word' id='word_1_14' title='bbox 2206 469 2327 523; x_wconf 83' lang='grc' dir='ltr'><strong>Θεία</strong></span> <span class='ocrx_word' id='word_1_15' title='bbox 2359 468 2453 523; x_wconf 77' lang='grc' dir='ltr'><strong>καὶ</strong></span> <span class='ocrx_word' id='word_1_16' title='bbox 2489 468 2623 523; x_wconf 80' lang='grc' dir='ltr'>πολὺ</span> <span class='ocrx_word' id='word_1_17' title='bbox 2653 468 2712 522; x_wconf 72' lang='grc' dir='ltr'>τὸ</span> <span class='ocrx_word' id='word_1_18' title='bbox 2747 466 3014 539; x_wconf 81' lang='grc' dir='ltr'>σωτήριον</span> <span class='ocrx_word' id='word_1_19' title='bbox 3047 466 3244 538; x_wconf 75' lang='grc' dir='ltr'>ἔχουσα</span> <span class='ocrx_word' id='word_1_20' title='bbox 3285 466 3652 527; x_wconf 84' lang='grc' dir='ltr'>διαδείκνυται</span> 
     </span>
    </p>
   </div>
   <div class='ocr_carea' id='block_1_6' title="bbox 396 562 1967 645">
    <p class='ocr_par' dir='ltr' id='par_1_6' title="bbox 396 562 1967 645">
     <span class='ocr_line' id='line_1_6' title="bbox 396 562 1967 645; baseline -0.01 -15"><span class='ocrx_word' id='word_1_21' title='bbox 396 573 594 645; x_wconf 86' lang='lat' dir='ltr'><strong>spicati</strong></span> <span class='ocrx_word' id='word_1_22' title='bbox 624 569 829 641; x_wconf 88' lang='lat' dir='ltr'><strong>aliquid</strong></span> <span class='ocrx_word' id='word_1_23' title='bbox 854 567 1175 623; x_wconf 88' lang='lat' dir='ltr'><strong>moliuntur.</strong></span> <span class='ocrx_word' id='word_1_24' title='bbox 1224 566 1377 621; x_wconf 87' lang='lat' dir='ltr'><strong>IIanc</strong></span> <span class='ocrx_word' id='word_1_25' title='bbox 1425 578 1557 620; x_wconf 90' lang='lat' dir='ltr'><strong>vero</strong></span> <span class='ocrx_word' id='word_1_26' title='bbox 1595 562 1967 634; x_wconf 83' lang='lat' dir='ltr'><strong>provisionein</strong></span> 
     </span>
    </p>
   </div>
   <div class='ocr_carea' id='block_1_7' title="bbox 393 652 1970 723">
    <p class='ocr_par' dir='ltr' id='par_1_7' title="bbox 393 652 1970 723">
     <span class='ocr_line' id='line_1_7' title="bbox 393 652 1970 723; baseline -0.01 -3"><span class='ocrx_word' id='word_1_27' title='bbox 393 661 614 720; x_wconf 89' lang='lat' dir='ltr'><strong>tametsi</strong></span> <span class='ocrx_word' id='word_1_28' title='bbox 638 668 691 715; x_wconf 90' lang='lat' dir='ltr'><strong>et</strong></span> <span class='ocrx_word' id='word_1_29' title='bbox 718 656 960 713; x_wconf 78' lang='lat' dir='ltr'><strong>divinam</strong></span> <span class='ocrx_word' id='word_1_30' title='bbox 982 672 1127 723; x_wconf 89' lang='lat' dir='ltr'><strong>esse,</strong></span> <span class='ocrx_word' id='word_1_31' title='bbox 1149 666 1204 713; x_wconf 91' lang='lat' dir='ltr'><strong>et</strong></span> <span class='ocrx_word' id='word_1_32' title='bbox 1222 658 1387 712; x_wconf 89' lang='lat' dir='ltr'><strong>multa</strong></span> <span class='ocrx_word' id='word_1_33' title='bbox 1410 654 1669 711; x_wconf 88' lang='lat' dir='ltr'><strong>salutaria</strong></span> <span class='ocrx_word' id='word_1_34' title='bbox 1690 652 1970 707; x_wconf 88' lang='lat' dir='ltr'><strong>continere</strong></span> 
     </span>
    </p>
   </div>
   <div class='ocr_carea' id='block_1_8' title="bbox 395 742 1969 813">
    <p class='ocr_par' dir='ltr' id='par_1_8' title="bbox 395 742 1969 813">
     <span class='ocr_line' id='line_1_8' title="bbox 395 742 1969 813; baseline -0.008 -7"><span class='ocrx_word' id='word_1_35' title='bbox 395 756 646 813; x_wconf 85' lang='lat' dir='ltr'><strong>constet,</strong></span> <span class='ocrx_word' id='word_1_36' title='bbox 705 761 813 801; x_wconf 94' lang='lat' dir='ltr'><strong>non</strong></span> <span class='ocrx_word' id='word_1_37' title='bbox 877 754 1060 801; x_wconf 89' lang='lat' dir='ltr'><strong>tamen</strong></span> <span class='ocrx_word' id='word_1_38' title='bbox 1121 747 1213 801; x_wconf 90' lang='lat' dir='ltr'><strong>illa</strong></span> <span class='ocrx_word' id='word_1_39' title='bbox 1261 746 1330 800; x_wconf 87' lang='lat' dir='ltr'><strong>ad</strong></span> <span class='ocrx_word' id='word_1_40' title='bbox 1382 743 1683 813; x_wconf 73' lang='lat' dir='ltr'><strong>impietatis</strong></span> <span class='ocrx_word' id='word_1_41' title='bbox 1710 742 1901 813; x_wconf 89' lang='lat' dir='ltr'><strong>plenos</strong></span> <span class='ocrx_word' id='word_1_42' title='bbox 1938 755 1969 794; x_wconf 73' lang='grc' dir='ltr'><strong>ει</strong></span> 
     </span>
    </p>
   </div>
   <div class='ocr_carea' id='block_1_9' title="bbox 394 834 1964 900">
    <p class='ocr_par' dir='ltr' id='par_1_9' title="bbox 394 834 1964 900">
     <span class='ocr_line' id='line_1_9' title="bbox 394 834 1964 900; baseline -0.009 0"><span class='ocrx_word' id='word_1_43' title='bbox 394 846 513 900; x_wconf 92' lang='lat' dir='ltr'><strong>suis</strong></span> <span class='ocrx_word' id='word_1_44' title='bbox 538 842 685 898; x_wconf 83' lang='lat' dir='ltr'><strong>vitiis</strong></span> <span class='ocrx_word' id='word_1_45' title='bbox 706 840 1043 896; x_wconf 86' lang='lat' dir='ltr'><strong>coercendos</strong></span> <span class='ocrx_word' id='word_1_46' title='bbox 1095 840 1349 896; x_wconf 80' lang='lat' dir='ltr'><strong>sumciat.</strong></span> <span class='ocrx_word' id='word_1_47' title='bbox 1403 837 1539 891; x_wconf 85' lang='lat' dir='ltr'><strong>Nam</strong></span> <span class='ocrx_word' id='word_1_48' title='bbox 1584 845 1638 891; x_wconf 94' lang='lat' dir='ltr'><strong>et</strong></span> <span class='ocrx_word' id='word_1_49' title='bbox 1661 850 1751 891; x_wconf 88' lang='lat' dir='ltr'><strong>res</strong></span> <span class='ocrx_word' id='word_1_50' title='bbox 1788 834 1964 889; x_wconf 82' lang='lat' dir='ltr'><strong>audax</strong></span> 
     </span>
    </p>
   </div>
   <div class='ocr_carea' id='block_1_10' title="bbox 388 922 1966 1001">
    <p class='ocr_par' dir='ltr' id='par_1_10' title="bbox 388 922 1966 1001">
     <span class='ocr_line' id='line_1_10' title="bbox 388 922 1966 1001; baseline -0.009 -11"><span class='ocrx_word' id='word_1_51' title='bbox 388 944 476 991; x_wconf 90' lang='lat' dir='ltr'><strong>est</strong></span> <span class='ocrx_word' id='word_1_52' title='bbox 508 934 731 997; x_wconf 90' lang='lat' dir='ltr'><strong>malitia,</strong></span> <span class='ocrx_word' id='word_1_53' title='bbox 754 932 1014 1001; x_wconf 88' lang='lat' dir='ltr'><strong>omnique</strong></span> <span class='ocrx_word' id='word_1_54' title='bbox 1038 930 1221 995; x_wconf 88' lang='lat' dir='ltr'><strong>modo,</strong></span> <span class='ocrx_word' id='word_1_55' title='bbox 1250 928 1453 984; x_wconf 78' lang='lat' dir='ltr'><strong>clausis</strong></span> <span class='ocrx_word' id='word_1_56' title='bbox 1480 926 1642 982; x_wconf 88' lang='lat' dir='ltr'><strong>etiam</strong></span> <span class='ocrx_word' id='word_1_57' title='bbox 1670 922 1966 986; x_wconf 82' lang='lat' dir='ltr'><strong>oratoriis,</strong></span> 
     </span>
    </p>
   </div>
   <div class='ocr_carea' id='block_1_11' title="bbox 390 1016 1968 1095">
    <p class='ocr_par' dir='ltr' id='par_1_11' title="bbox 390 1016 1968 1095">
     <span class='ocr_line' id='line_1_11' title="bbox 390 1016 1968 1095; baseline -0.008 -14"><span class='ocrx_word' id='word_1_58' title='bbox 390 1026 459 1081; x_wconf 86' lang='lat' dir='ltr'><strong>ad</strong></span> <span class='ocrx_word' id='word_1_59' title='bbox 512 1026 837 1095; x_wconf 84' lang='lat' dir='ltr'><strong>explendum</strong></span> <span class='ocrx_word' id='word_1_60' title='bbox 898 1022 1238 1093; x_wconf 90' lang='lat' dir='ltr'><strong>propositum</strong></span> <span class='ocrx_word' id='word_1_61' title='bbox 1296 1033 1481 1083; x_wconf 86' lang='lat' dir='ltr'><strong>suum,</strong></span> <span class='ocrx_word' id='word_1_62' title='bbox 1526 1031 1682 1073; x_wconf 88' lang='lat' dir='ltr'><strong>suam</strong></span> <span class='ocrx_word' id='word_1_63' title='bbox 1724 1016 1968 1070; x_wconf 90' lang='lat' dir='ltr'><strong>inveniat</strong></span> 
     </span>
    </p>
   </div>
   <div class='ocr_carea' id='block_1_12' title="bbox 385 1105 1966 1177">
    <p class='ocr_par' dir='ltr' id='par_1_12' title="bbox 385 1105 1966 1177">
     <span class='ocr_line' id='line_1_12' title="bbox 385 1105 1966 1177; baseline -0.008 -6"><span class='ocrx_word' id='word_1_64' title='bbox 385 1115 553 1172; x_wconf 88' lang='lat' dir='ltr'><strong>viam.</strong></span> <span class='ocrx_word' id='word_1_65' title='bbox 587 1114 978 1168; x_wconf 79' lang='lat' dir='ltr'><strong>Verumtamen</strong></span> <span class='ocrx_word' id='word_1_66' title='bbox 1012 1127 1134 1167; x_wconf 90' lang='lat' dir='ltr'><strong>cum</strong></span> <span class='ocrx_word' id='word_1_67' title='bbox 1166 1126 1312 1165; x_wconf 91' lang='lat' dir='ltr'><strong>nunc</strong></span> <span class='ocrx_word' id='word_1_68' title='bbox 1335 1110 1521 1164; x_wconf 89' lang='lat' dir='ltr'><strong>divina</strong></span> <span class='ocrx_word' id='word_1_69' title='bbox 1568 1105 1743 1177; x_wconf 71' lang='lat' dir='ltr'><strong>gratia</strong></span> <span class='ocrx_word' id='word_1_70' title='bbox 1772 1118 1966 1159; x_wconf 88' lang='lat' dir='ltr'><strong>omnes</strong></span> 
     </span>
    </p>
   </div>
   <div class='ocr_carea' id='block_1_13' title="bbox 386 1199 1966 1278">
    <p class='ocr_par' dir='ltr' id='par_1_13' title="bbox 386 1199 1966 1278">
     <span class='ocr_line' id='line_1_13' title="bbox 386 1199 1966 1278; baseline -0.008 -17"><span class='ocrx_word' id='word_1_71' title='bbox 386 1221 660 1278; x_wconf 70' lang='lat' dir='ltr'><strong>perversae</strong></span> <span class='ocrx_word' id='word_1_72' title='bbox 691 1205 984 1272; x_wconf 85' lang='lat' dir='ltr'><strong>opiniones</strong></span> <span class='ocrx_word' id='word_1_73' title='bbox 1044 1201 1158 1257; x_wconf 89' lang='lat' dir='ltr'><strong>sint</strong></span> <span class='ocrx_word' id='word_1_74' title='bbox 1216 1200 1541 1271; x_wconf 54' lang='lat' dir='ltr'><strong>proﬂigatae,</strong></span> <span class='ocrx_word' id='word_1_75' title='bbox 1596 1199 1759 1251; x_wconf 85' lang='lat' dir='ltr'><strong>etiam</strong></span> <span class='ocrx_word' id='word_1_76' title='bbox 1790 1210 1966 1263; x_wconf 86' lang='lat' dir='ltr'><strong>quan-</strong></span> 
     </span>
    </p>
   </div>
   <div class='ocr_carea' id='block_1_14' title="bbox 388 1285 1965 1362">
    <p class='ocr_par' dir='ltr' id='par_1_14' title="bbox 388 1285 1965 1362">
     <span class='ocr_line' id='line_1_14' title="bbox 388 1285 1965 1362; baseline -0.008 -12"><span class='ocrx_word' id='word_1_77' title='bbox 388 1306 505 1351; x_wconf 90' lang='lat' dir='ltr'><strong>tum</strong></span> <span class='ocrx_word' id='word_1_78' title='bbox 536 1296 604 1350; x_wconf 86' lang='lat' dir='ltr'><strong>ad</strong></span> <span class='ocrx_word' id='word_1_79' title='bbox 633 1295 738 1349; x_wconf 84' lang='lat' dir='ltr'><strong>hoc</strong></span> <span class='ocrx_word' id='word_1_80' title='bbox 766 1292 983 1357; x_wconf 91' lang='lat' dir='ltr'><strong>attinet,</strong></span> <span class='ocrx_word' id='word_1_81' title='bbox 1011 1290 1365 1362; x_wconf 81' lang='lat' dir='ltr'><strong>quamobrem</strong></span> <span class='ocrx_word' id='word_1_82' title='bbox 1406 1286 1716 1358; x_wconf 67' lang='lat' dir='ltr'><strong>reipublicaa</strong></span> <span class='ocrx_word' id='word_1_83' title='bbox 1747 1287 1849 1339; x_wconf 90' lang='lat' dir='ltr'><strong>hoc</strong></span> <span class='ocrx_word' id='word_1_84' title='bbox 1871 1285 1965 1339; x_wconf 73' lang='lat' dir='ltr'><strong>tle-</strong></span> 
     </span>
    </p>
   </div>
   <div class='ocr_carea' id='block_1_15' title="bbox 386 1374 1962 1455">
    <p class='ocr_par' dir='ltr' id='par_1_15' title="bbox 386 1374 1962 1455">
     <span class='ocr_line' id='line_1_15' title="bbox 386 1374 1962 1455; baseline -0.008 -14"><span class='ocrx_word' id='word_1_85' title='bbox 386 1396 598 1441; x_wconf 89' lang='lat' dir='ltr'><strong>cretum</strong></span> <span class='ocrx_word' id='word_1_86' title='bbox 623 1386 693 1440; x_wconf 91' lang='lat' dir='ltr'><strong>ad</strong></span> <span class='ocrx_word' id='word_1_87' title='bbox 724 1383 1122 1455; x_wconf 81' lang='lat' dir='ltr'><strong>prohibendam</strong></span> <span class='ocrx_word' id='word_1_88' title='bbox 1169 1383 1223 1436; x_wconf 93' lang='lat' dir='ltr'><strong>in</strong></span> <span class='ocrx_word' id='word_1_89' title='bbox 1252 1374 1589 1452; x_wconf 71' lang='lat' dir='ltr'><strong>privatarum</strong></span> <span class='ocrx_word' id='word_1_90' title='bbox 1612 1378 1810 1431; x_wconf 73' lang='lat' dir='ltr'><strong>aedium</strong></span> <span class='ocrx_word' id='word_1_91' title='bbox 1837 1389 1962 1429; x_wconf 84' lang='lat' dir='ltr'><strong>ora-</strong></span> 
     </span>
    </p>
   </div>
   <div class='ocr_carea' id='block_1_16' title="bbox 386 1467 1959 1548">
    <p class='ocr_par' dir='ltr' id='par_1_16' title="bbox 386 1467 1959 1548">
     <span class='ocr_line' id='line_1_16' title="bbox 386 1467 1959 1548; baseline -0.007 -17"><span class='ocrx_word' id='word_1_92' title='bbox 386 1477 550 1533; x_wconf 90' lang='lat' dir='ltr'><strong>toriis</strong></span> <span class='ocrx_word' id='word_1_93' title='bbox 571 1475 1007 1548; x_wconf 82' lang='lat' dir='ltr'><strong>regenerationis</strong></span> <span class='ocrx_word' id='word_1_94' title='bbox 1064 1472 1324 1528; x_wconf 84' lang='lat' dir='ltr'><strong>lotionem</strong></span> <span class='ocrx_word' id='word_1_95' title='bbox 1350 1471 1711 1534; x_wconf 73' lang='lat' dir='ltr'><strong>obtrudatur,</strong></span> <span class='ocrx_word' id='word_1_96' title='bbox 1750 1467 1959 1523; x_wconf 88' lang='lat' dir='ltr'><strong>nullam</strong></span> 
     </span>
    </p>
   </div>
   <div class='ocr_carea' id='block_1_17' title="bbox 386 1562 1652 1641">
    <p class='ocr_par' dir='ltr' id='par_1_17' title="bbox 386 1562 1652 1641">
     <span class='ocr_line' id='line_1_17' title="bbox 386 1562 1652 1641; baseline -0.005 -18"><span class='ocrx_word' id='word_1_97' title='bbox 386 1564 643 1641; x_wconf 82' lang='lat' dir='ltr'><strong>equidem</strong></span> <span class='ocrx_word' id='word_1_98' title='bbox 673 1582 797 1623; x_wconf 88' lang='lat' dir='ltr'><strong>esse</strong></span> <span class='ocrx_word' id='word_1_99' title='bbox 820 1568 1188 1621; x_wconf 87' lang='lat' dir='ltr'><strong>necessariam</strong></span> <span class='ocrx_word' id='word_1_100' title='bbox 1221 1577 1445 1618; x_wconf 85' lang='lat' dir='ltr'><strong>causam</strong></span> <span class='ocrx_word' id='word_1_101' title='bbox 1471 1562 1652 1617; x_wconf 89' lang='lat' dir='ltr'><strong>video.</strong></span> 
     </span>
    </p>
   </div>
   <div class='ocr_carea' id='block_1_18' title="bbox 844 1654 1495 1713">
    <p class='ocr_par' dir='ltr' id='par_1_18' title="bbox 844 1654 1495 1713">
     <span class='ocr_line' id='line_1_18' title="bbox 844 1654 1495 1713; baseline -0.005 -1"><span class='ocrx_word' id='word_1_102' title='bbox 844 1655 1318 1713; x_wconf 76' lang='lat' dir='ltr'><strong>CONSTITU&#39;I‘IO</strong></span> <span class='ocrx_word' id='word_1_103' title='bbox 1354 1654 1495 1710; x_wconf 82' lang='lat' dir='ltr'><strong>XVI.</strong></span> 
     </span>
    </p>
   </div>
   <div class='ocr_carea' id='block_1_19' title="bbox 318 1745 1954 1871">
    <p class='ocr_par' dir='ltr' id='par_1_19' title="bbox 318 1745 1954 1871">
     <span class='ocr_line' id='line_1_19' title="bbox 318 1745 1954 1871; baseline 0.001 -70"><span class='ocrx_word' id='word_1_104' title='bbox 318 1781 334 1801; x_wconf 82' lang='lat'><strong>.</strong></span> <span class='ocrx_word' id='word_1_105' title='bbox 389 1745 457 1803; x_wconf 89' lang='lat' dir='ltr'><strong>Ut</strong></span> <span class='ocrx_word' id='word_1_106' title='bbox 494 1747 586 1819; x_wconf 86' lang='lat' dir='ltr'><strong>qui</strong></span> <span class='ocrx_word' id='word_1_107' title='bbox 618 1747 804 1819; x_wconf 79' lang='lat' dir='ltr'><strong>viginti</strong></span> <span class='ocrx_word' id='word_1_108' title='bbox 825 1748 901 1820; x_wconf 87' lang='lat'><strong>(6)</strong></span> <span class='ocrx_word' id='word_1_109' title='bbox 934 1765 1102 1802; x_wconf 72' lang='lat' dir='ltr'><strong>anites</strong></span> <span class='ocrx_word' id='word_1_110' title='bbox 1146 1749 1301 1871; x_wconf 54' lang='lat' dir='ltr'><strong>haizet</strong></span> <span class='ocrx_word' id='word_1_111' title='bbox 1336 1745 1734 1818; x_wconf 71' lang='lat' dir='ltr'><strong>hypodiacouus</strong></span> <span class='ocrx_word' id='word_1_112' title='bbox 1780 1747 1954 1802; x_wconf 83' lang='lat' dir='ltr'><strong>creari</strong></span> 
     </span>
     <span class='ocr_line' id='line_1_20' title="bbox 1078 1832 1272 1871; baseline 0 0"><span class='ocrx_word' id='word_1_113' title='bbox 1078 1832 1224 1871; x_wconf 71' lang='lat' dir='ltr'><strong>posst</strong></span> <span class='ocrx_word' id='word_1_114' title='bbox 1255 1852 1272 1871; x_wconf 88' lang='lat'><strong>.</strong></span> 
     </span>
    </p>
   </div>
   <div class='ocr_carea' id='block_1_20' title="bbox 1078 1832 1272 1887">
    <p class='ocr_par' dir='ltr' id='par_1_20' title="bbox 1078 1832 1272 1887">
     <span class='ocr_line' id='line_1_21' title="bbox 1078 1832 1272 1887; baseline -0.005 -14"><span class='ocrx_word' id='word_1_115' title='bbox 1078 1832 1272 1887; x_wconf 78' lang='lat' dir='ltr'><strong>possit.</strong></span> 
     </span>
    </p>
   </div>
   <div class='ocr_carea' id='block_1_21' title="bbox 451 1908 1143 1979">
    <p class='ocr_par' dir='ltr' id='par_1_21' title="bbox 451 1908 1143 1979">
     <span class='ocr_line' id='line_1_22' title="bbox 451 1908 1143 1979; baseline 0 -15"><span class='ocrx_word' id='word_1_116' title='bbox 451 1909 597 1965; x_wconf 89' lang='lat' dir='ltr'><strong>Idem</strong></span> <span class='ocrx_word' id='word_1_117' title='bbox 620 1909 913 1979; x_wconf 84' lang='lat' dir='ltr'><strong>imperator</strong></span> <span class='ocrx_word' id='word_1_118' title='bbox 944 1908 1143 1964; x_wconf 90' lang='lat' dir='ltr'><strong>eidem.</strong></span> 
     </span>
    </p>
   </div>
   <div class='ocr_carea' id='block_1_22' title="bbox 450 1999 1955 2071">
    <p class='ocr_par' dir='ltr' id='par_1_22' title="bbox 450 1999 1955 2071">
     <span class='ocr_line' id='line_1_23' title="bbox 450 1999 1955 2071; baseline -0.001 -16"><span class='ocrx_word' id='word_1_119' title='bbox 450 1999 624 2055; x_wconf 73' lang='lat' dir='ltr'><strong>Vetus</strong></span> <span class='ocrx_word' id='word_1_120' title='bbox 672 2002 916 2064; x_wconf 83' lang='lat' dir='ltr'><strong>verbum,</strong></span> <span class='ocrx_word' id='word_1_121' title='bbox 957 2001 1101 2070; x_wconf 90' lang='lat' dir='ltr'><strong>quod</strong></span> <span class='ocrx_word' id='word_1_122' title='bbox 1124 2000 1207 2071; x_wconf 86' lang='lat'><strong>(7)</strong></span> <span class='ocrx_word' id='word_1_123' title='bbox 1253 2000 1323 2055; x_wconf 88' lang='lat' dir='ltr'><strong>de</strong></span> <span class='ocrx_word' id='word_1_124' title='bbox 1370 2000 1537 2054; x_wconf 87' lang='lat' dir='ltr'><strong>rebus</strong></span> <span class='ocrx_word' id='word_1_125' title='bbox 1585 1999 1703 2055; x_wconf 90' lang='lat' dir='ltr'><strong>suis</strong></span> <span class='ocrx_word' id='word_1_126' title='bbox 1751 2000 1955 2054; x_wconf 87' lang='lat' dir='ltr'><strong>dicenti</strong></span> 
     </span>
    </p>
   </div>
   <div class='ocr_carea' id='block_1_23' title="bbox 381 2074 1958 2160">
    <p class='ocr_par' dir='ltr' id='par_1_23' title="bbox 381 2074 1958 2160">
     <span class='ocr_line' id='line_1_24' title="bbox 381 2074 1958 2160; baseline 0 -14"><span class='ocrx_word' id='word_1_127' title='bbox 381 2104 545 2146; x_wconf 73' lang='lat' dir='ltr'><strong>aures</strong></span> <span class='ocrx_word' id='word_1_128' title='bbox 573 2105 697 2146; x_wconf 87' lang='lat' dir='ltr'><strong>esse</strong></span> <span class='ocrx_word' id='word_1_129' title='bbox 716 2074 1039 2160; x_wconf 68' lang='lat' dir='ltr'><strong>operieiidas</strong></span> <span class='ocrx_word' id='word_1_130' title='bbox 1059 2101 1267 2155; x_wconf 88' lang='lat' dir='ltr'><strong>monet,</strong></span> <span class='ocrx_word' id='word_1_131' title='bbox 1306 2103 1431 2144; x_wconf 90' lang='lat' dir='ltr'><strong>cum</strong></span> <span class='ocrx_word' id='word_1_132' title='bbox 1463 2090 1518 2143; x_wconf 89' lang='lat' dir='ltr'><strong>in</strong></span> <span class='ocrx_word' id='word_1_133' title='bbox 1547 2090 1671 2145; x_wconf 90' lang='lat' dir='ltr'><strong>aliis</strong></span> <span class='ocrx_word' id='word_1_134' title='bbox 1700 2090 1958 2146; x_wconf 88' lang='lat' dir='ltr'><strong>omnibus</strong></span> 
     </span>
    </p>
   </div>
   <div class='ocr_carea' id='block_1_24' title="bbox 380 2168 1957 2253">
    <p class='ocr_par' dir='ltr' id='par_1_24' title="bbox 380 2168 1957 2253">
     <span class='ocr_line' id='line_1_25' title="bbox 380 2168 1957 2253; baseline 0.004 -18"><span class='ocrx_word' id='word_1_135' title='bbox 380 2183 621 2253; x_wconf 82' lang='lat' dir='ltr'><strong>perbelle</strong></span> <span class='ocrx_word' id='word_1_136' title='bbox 640 2197 763 2237; x_wconf 87' lang='lat' dir='ltr'><strong>sese</strong></span> <span class='ocrx_word' id='word_1_137' title='bbox 788 2181 1007 2245; x_wconf 85' lang='lat' dir='ltr'><strong>habeat,</strong></span> <span class='ocrx_word' id='word_1_138' title='bbox 1052 2186 1169 2233; x_wconf 91' lang='lat' dir='ltr'><strong>tum</strong></span> <span class='ocrx_word' id='word_1_139' title='bbox 1213 2180 1303 2235; x_wconf 87' lang='lat' dir='ltr'><strong>hic</strong></span> <span class='ocrx_word' id='word_1_140' title='bbox 1333 2181 1490 2249; x_wconf 83' lang='lat' dir='ltr'><strong>longe</strong></span> <span class='ocrx_word' id='word_1_141' title='bbox 1516 2195 1644 2236; x_wconf 89' lang='lat' dir='ltr'><strong>esse</strong></span> <span class='ocrx_word' id='word_1_142' title='bbox 1661 2168 1957 2251; x_wconf 84' lang='lat' dir='ltr'><strong>pulchrius</strong></span> 
     </span>
    </p>
   </div>
   <div class='ocr_carea' id='block_1_25' title="bbox 378 2269 1951 2343">
    <p class='ocr_par' dir='ltr' id='par_1_25' title="bbox 378 2269 1951 2343">
     <span class='ocr_line' id='line_1_26' title="bbox 378 2269 1951 2343; baseline 0.004 -19"><span class='ocrx_word' id='word_1_143' title='bbox 378 2280 626 2342; x_wconf 81' lang='lat' dir='ltr'><strong>apparet.</strong></span> <span class='ocrx_word' id='word_1_144' title='bbox 659 2272 729 2325; x_wconf 83' lang='lat' dir='ltr'><strong>At</strong></span> <span class='ocrx_word' id='word_1_145' title='bbox 766 2285 1027 2341; x_wconf 86' lang='lat' dir='ltr'><strong>quorsum</strong></span> <span class='ocrx_word' id='word_1_146' title='bbox 1070 2272 1213 2325; x_wconf 71' lang='lat' dir='ltr'><strong>hoc?</strong></span> <span class='ocrx_word' id='word_1_147' title='bbox 1261 2269 1450 2327; x_wconf 88' lang='lat' dir='ltr'><strong>Civilis</strong></span> <span class='ocrx_word' id='word_1_148' title='bbox 1489 2273 1567 2343; x_wconf 87' lang='lat'><strong>(8)</strong></span> <span class='ocrx_word' id='word_1_149' title='bbox 1610 2274 1693 2328; x_wconf 78' lang='lat' dir='ltr'><strong>lex</strong></span> <span class='ocrx_word' id='word_1_150' title='bbox 1736 2278 1951 2341; x_wconf 84' lang='lat' dir='ltr'><strong>statuit,</strong></span> 
     </span>
    </p>
   </div>
   <div class='ocr_carea' id='block_1_26' title="bbox 344 2362 1955 2432">
    <p class='ocr_par' dir='ltr' id='par_1_26' title="bbox 344 2362 1955 2432">
     <span class='ocr_line' id='line_1_27' title="bbox 344 2362 1955 2432; baseline 0.004 -16"><span class='ocrx_word' id='word_1_151' title='bbox 344 2402 349 2405; x_wconf 64' lang='grc' dir='ltr'><strong>ι</strong></span> <span class='ocrx_word' id='word_1_152' title='bbox 377 2377 449 2417; x_wconf 89' lang='lat' dir='ltr'><strong>ne</strong></span> <span class='ocrx_word' id='word_1_153' title='bbox 475 2362 653 2417; x_wconf 89' lang='lat' dir='ltr'><strong>minor</strong></span> <span class='ocrx_word' id='word_1_154' title='bbox 682 2362 873 2432; x_wconf 77' lang='lat' dir='ltr'><strong>viginti</strong></span> <span class='ocrx_word' id='word_1_155' title='bbox 926 2362 1171 2431; x_wconf 90' lang='lat' dir='ltr'><strong>quinque</strong></span> <span class='ocrx_word' id='word_1_156' title='bbox 1204 2363 1364 2417; x_wconf 89' lang='lat' dir='ltr'><strong>annis</strong></span> <span class='ocrx_word' id='word_1_157' title='bbox 1395 2362 1450 2416; x_wconf 91' lang='lat' dir='ltr'><strong>in</strong></span> <span class='ocrx_word' id='word_1_158' title='bbox 1502 2363 1703 2420; x_wconf 88' lang='lat' dir='ltr'><strong>divinis</strong></span> <span class='ocrx_word' id='word_1_159' title='bbox 1762 2364 1955 2423; x_wconf 85' lang='lat' dir='ltr'><strong>oiiiciis</strong></span> 
     </span>
    </p>
   </div>
   <div class='ocr_carea' id='block_1_27' title="bbox 377 2452 1953 2522">
    <p class='ocr_par' dir='ltr' id='par_1_27' title="bbox 377 2452 1953 2522">
     <span class='ocr_line' id='line_1_28' title="bbox 377 2452 1953 2522; baseline 0.002 -14"><span class='ocrx_word' id='word_1_160' title='bbox 377 2461 594 2508; x_wconf 85' lang='lat' dir='ltr'><strong>creetur</strong></span> <span class='ocrx_word' id='word_1_161' title='bbox 643 2452 1080 2522; x_wconf 78' lang='lat' dir='ltr'><strong>bypodiacouus;</strong></span> <span class='ocrx_word' id='word_1_162' title='bbox 1143 2452 1427 2519; x_wconf 78' lang='lat' dir='ltr'><strong>decretum</strong></span> <span class='ocrx_word' id='word_1_163' title='bbox 1484 2467 1703 2508; x_wconf 87' lang='lat' dir='ltr'><strong>sacrum</strong></span> <span class='ocrx_word' id='word_1_164' title='bbox 1756 2465 1953 2512; x_wconf 88' lang='lat' dir='ltr'><strong>contra</strong></span> 
     </span>
    </p>
   </div>
   <div class='ocr_carea' id='block_1_28' title="bbox 372 2542 1952 2613">
    <p class='ocr_par' dir='ltr' id='par_1_28' title="bbox 372 2542 1952 2613">
     <span class='ocr_line' id='line_1_29' title="bbox 372 2542 1952 2613; baseline 0.002 -16"><span class='ocrx_word' id='word_1_165' title='bbox 372 2543 595 2609; x_wconf 84' lang='lat' dir='ltr'><strong>statuit,</strong></span> <span class='ocrx_word' id='word_1_166' title='bbox 629 2552 689 2596; x_wconf 82' lang='lat' dir='ltr'><strong>ut</strong></span> <span class='ocrx_word' id='word_1_167' title='bbox 710 2542 807 2611; x_wconf 86' lang='lat' dir='ltr'><strong>qui</strong></span> <span class='ocrx_word' id='word_1_168' title='bbox 840 2543 908 2596; x_wconf 88' lang='lat' dir='ltr'><strong>ad</strong></span> <span class='ocrx_word' id='word_1_169' title='bbox 952 2542 1269 2597; x_wconf 88' lang='lat' dir='ltr'><strong>istiusmodi</strong></span> <span class='ocrx_word' id='word_1_170' title='bbox 1322 2543 1696 2600; x_wconf 86' lang='lat' dir='ltr'><strong>ministerium</strong></span> <span class='ocrx_word' id='word_1_171' title='bbox 1716 2546 1952 2613; x_wconf 75' lang='lat' dir='ltr'><strong>accedit,</strong></span> 
     </span>
    </p>
   </div>
   <div class='ocr_carea' id='block_1_29' title="bbox 374 2633 1912 2706">
    <p class='ocr_par' dir='ltr' id='par_1_29' title="bbox 374 2633 1912 2706">
     <span class='ocr_line' id='line_1_30' title="bbox 374 2633 1912 2706; baseline 0.003 -18"><span class='ocrx_word' id='word_1_172' title='bbox 374 2633 527 2689; x_wconf 79' lang='lat' dir='ltr'><strong>Iiunc</strong></span> <span class='ocrx_word' id='word_1_173' title='bbox 552 2633 853 2705; x_wconf 78' lang='lat' dir='ltr'><strong>vigesimus</strong></span> <span class='ocrx_word' id='word_1_174' title='bbox 881 2647 1058 2688; x_wconf 89' lang='lat' dir='ltr'><strong>annus</strong></span> <span class='ocrx_word' id='word_1_175' title='bbox 1082 2633 1151 2688; x_wconf 89' lang='lat' dir='ltr'><strong>ad</strong></span> <span class='ocrx_word' id='word_1_176' title='bbox 1188 2634 1597 2691; x_wconf 88' lang='lat' dir='ltr'><strong>ordinationem</strong></span> <span class='ocrx_word' id='word_1_177' title='bbox 1628 2638 1912 2706; x_wconf 85' lang='lat' dir='ltr'><strong>perducat.</strong></span> 
     </span>
    </p>
   </div>
   <div class='ocr_carea' id='block_1_30' title="bbox 446 2810 1955 2884">
    <p class='ocr_par' dir='ltr' id='par_1_30' title="bbox 446 2810 1955 2884">
     <span class='ocr_line' id='line_1_31' title="bbox 446 2810 1955 2884; baseline 0.002 -18"><span class='ocrx_word' id='word_1_178' title='bbox 446 2812 681 2884; x_wconf 70' lang='lat' dir='ltr'><strong>Dignum</strong></span> <span class='ocrx_word' id='word_1_179' title='bbox 717 2812 904 2881; x_wconf 83' lang='lat' dir='ltr'><strong>itaque</strong></span> <span class='ocrx_word' id='word_1_180' title='bbox 928 2826 1142 2866; x_wconf 89' lang='lat' dir='ltr'><strong>sacram</strong></span> <span class='ocrx_word' id='word_1_181' title='bbox 1170 2810 1342 2880; x_wconf 79' lang='lat' dir='ltr'><strong>legem</strong></span> <span class='ocrx_word' id='word_1_182' title='bbox 1377 2810 1445 2865; x_wconf 88' lang='lat' dir='ltr'><strong>de</strong></span> <span class='ocrx_word' id='word_1_183' title='bbox 1474 2812 1638 2868; x_wconf 88' lang='lat' dir='ltr'><strong>rebus</strong></span> <span class='ocrx_word' id='word_1_184' title='bbox 1666 2813 1781 2868; x_wconf 86' lang='lat' dir='ltr'><strong>suis</strong></span> <span class='ocrx_word' id='word_1_185' title='bbox 1814 2829 1955 2883; x_wconf 75' lang='lat' dir='ltr'><strong>pra:-</strong></span> 
     </span>
    </p>
   </div>
   <div class='ocr_carea' id='block_1_31' title="bbox 367 2898 1953 2969">
    <p class='ocr_par' dir='ltr' id='par_1_31' title="bbox 367 2898 1953 2969">
     <span class='ocr_line' id='line_1_32' title="bbox 367 2898 1953 2969; baseline 0.001 -16"><span class='ocrx_word' id='word_1_186' title='bbox 367 2899 666 2969; x_wconf 75' lang='lat' dir='ltr'><strong>cipientem</strong></span> <span class='ocrx_word' id='word_1_187' title='bbox 698 2898 893 2953; x_wconf 85' lang='lat' dir='ltr'><strong>audire</strong></span> <span class='ocrx_word' id='word_1_188' title='bbox 918 2899 1269 2967; x_wconf 86' lang='lat' dir='ltr'><strong>imperatoria</strong></span> <span class='ocrx_word' id='word_1_189' title='bbox 1292 2913 1483 2954; x_wconf 83' lang='lat' dir='ltr'><strong>nostra</strong></span> <span class='ocrx_word' id='word_1_190' title='bbox 1518 2901 1784 2969; x_wconf 79' lang='lat' dir='ltr'><strong>iiiajestas</strong></span> <span class='ocrx_word' id='word_1_191' title='bbox 1810 2913 1953 2968; x_wconf 89' lang='lat' dir='ltr'><strong>rata,</strong></span> 
     </span>
    </p>
   </div>
   <div class='ocr_carea' id='block_1_32' title="bbox 374 2990 1954 3059">
    <p class='ocr_par' dir='ltr' id='par_1_32' title="bbox 374 2990 1954 3059">
     <span class='ocr_line' id='line_1_33' title="bbox 374 2990 1954 3059; baseline 0.002 -13"><span class='ocrx_word' id='word_1_192' title='bbox 374 2990 518 3046; x_wconf 86' lang='lat' dir='ltr'><strong>etin</strong></span> <span class='ocrx_word' id='word_1_193' title='bbox 547 2991 800 3045; x_wconf 88' lang='lat' dir='ltr'><strong>eamdem</strong></span> <span class='ocrx_word' id='word_1_194' title='bbox 836 3004 958 3045; x_wconf 92' lang='lat' dir='ltr'><strong>cum</strong></span> <span class='ocrx_word' id='word_1_195' title='bbox 1009 2990 1099 3044; x_wconf 90' lang='lat' dir='ltr'><strong>illa</strong></span> <span class='ocrx_word' id='word_1_196' title='bbox 1154 2991 1493 3045; x_wconf 89' lang='lat' dir='ltr'><strong>sententiam</strong></span> <span class='ocrx_word' id='word_1_197' title='bbox 1533 2991 1841 3059; x_wconf 89' lang='lat' dir='ltr'><strong>descendit,</strong></span> <span class='ocrx_word' id='word_1_198' title='bbox 1898 3005 1954 3049; x_wconf 91' lang='lat' dir='ltr'><strong>et</strong></span> 
     </span>
    </p>
   </div>
   <div class='ocr_carea' id='block_1_33' title="bbox 372 3080 1945 3154">
    <p class='ocr_par' dir='ltr' id='par_1_33' title="bbox 372 3080 1945 3154">
     <span class='ocr_line' id='line_1_34' title="bbox 372 3080 1945 3154; baseline 0.001 -17"><span class='ocrx_word' id='word_1_199' title='bbox 372 3083 589 3146; x_wconf 83' lang='lat' dir='ltr'><strong>statuit,</strong></span> <span class='ocrx_word' id='word_1_200' title='bbox 635 3089 694 3135; x_wconf 90' lang='lat' dir='ltr'><strong>ut</strong></span> <span class='ocrx_word' id='word_1_201' title='bbox 753 3081 843 3151; x_wconf 92' lang='lat' dir='ltr'><strong>qui</strong></span> <span class='ocrx_word' id='word_1_202' title='bbox 901 3082 968 3136; x_wconf 87' lang='lat' dir='ltr'><strong>ad</strong></span> <span class='ocrx_word' id='word_1_203' title='bbox 1014 3080 1337 3152; x_wconf 79' lang='lat' dir='ltr'><strong>vigesimum</strong></span> <span class='ocrx_word' id='word_1_204' title='bbox 1396 3096 1600 3137; x_wconf 90' lang='lat' dir='ltr'><strong>annum</strong></span> <span class='ocrx_word' id='word_1_205' title='bbox 1657 3087 1945 3154; x_wconf 84' lang='lat' dir='ltr'><strong>pervenit,</strong></span> 
     </span>
    </p>
   </div>
   <div class='ocr_carea' id='block_1_34' title="bbox 2070 555 3655 629">
    <p class='ocr_par' dir='ltr' id='par_1_34' title="bbox 2070 555 3655 629">
     <span class='ocr_line' id='line_1_35' title="bbox 2070 555 3655 629; baseline 0 -18"><span class='ocrx_word' id='word_1_206' title='bbox 2070 559 2331 629; x_wconf 84' lang='grc' dir='ltr'>πρόνοια,</span> <span class='ocrx_word' id='word_1_207' title='bbox 2364 558 2513 628; x_wconf 84' lang='grc' dir='ltr'>ὅμως</span> <span class='ocrx_word' id='word_1_208' title='bbox 2541 558 2642 611; x_wconf 82' lang='grc' dir='ltr'>οὐκ</span> <span class='ocrx_word' id='word_1_209' title='bbox 2674 556 2898 627; x_wconf 78' lang='grc' dir='ltr'>ἐξαρκεῖ</span> <span class='ocrx_word' id='word_1_210' title='bbox 2923 557 3051 619; x_wconf 79' lang='grc' dir='ltr'>τοὺς</span> <span class='ocrx_word' id='word_1_211' title='bbox 3090 555 3192 626; x_wconf 83' lang='grc' dir='ltr'>τῆς</span> <span class='ocrx_word' id='word_1_212' title='bbox 3228 556 3486 619; x_wconf 78' lang='grc' dir='ltr'>ἀσεϐείας</span> <span class='ocrx_word' id='word_1_213' title='bbox 3521 557 3655 611; x_wconf 82' lang='grc' dir='ltr'>ἀνα-</span> 
     </span>
    </p>
   </div>
   <div class='ocr_carea' id='block_1_35' title="bbox 2069 648 3653 719">
    <p class='ocr_par' dir='ltr' id='par_1_35' title="bbox 2069 648 3653 719">
     <span class='ocr_line' id='line_1_36' title="bbox 2069 648 3653 719; baseline -0.001 -15"><span class='ocrx_word' id='word_1_214' title='bbox 2069 649 2490 719; x_wconf 83' lang='grc' dir='ltr'><strong>πεπλησμένους</strong></span> <span class='ocrx_word' id='word_1_215' title='bbox 2520 649 2618 718; x_wconf 79' lang='grc' dir='ltr'>τῆς</span> <span class='ocrx_word' id='word_1_216' title='bbox 2644 649 2855 703; x_wconf 78' lang='grc' dir='ltr'>ἑαυτῶν</span> <span class='ocrx_word' id='word_1_217' title='bbox 2883 648 3081 713; x_wconf 78' lang='grc' dir='ltr'><strong>κακίας</strong></span> <span class='ocrx_word' id='word_1_218' title='bbox 3112 649 3504 719; x_wconf 79' lang='grc' dir='ltr'>ἀναχαιτίζειν.</span> <span class='ocrx_word' id='word_1_219' title='bbox 3539 650 3653 703; x_wconf 71' lang='grc' dir='ltr'><strong>Καὶ</strong></span> 
     </span>
    </p>
   </div>
   <div class='ocr_carea' id='block_1_36' title="bbox 2069 743 3651 817">
    <p class='ocr_par' dir='ltr' id='par_1_36' title="bbox 2069 743 3651 817">
     <span class='ocr_line' id='line_1_37' title="bbox 2069 743 3651 817; baseline 0.001 -18"><span class='ocrx_word' id='word_1_220' title='bbox 2069 746 2178 816; x_wconf 82' lang='grc' dir='ltr'>γὰρ</span> <span class='ocrx_word' id='word_1_221' title='bbox 2198 745 2471 817; x_wconf 82' lang='grc' dir='ltr'>τολμηρὸν</span> <span class='ocrx_word' id='word_1_222' title='bbox 2496 747 2530 815; x_wconf 83' lang='grc' dir='ltr'>ἠ</span> <span class='ocrx_word' id='word_1_223' title='bbox 2575 746 2766 810; x_wconf 86' lang='grc' dir='ltr'>κακία,</span> <span class='ocrx_word' id='word_1_224' title='bbox 2812 745 2909 801; x_wconf 82' lang='grc' dir='ltr'><strong>καὶ</strong></span> <span class='ocrx_word' id='word_1_225' title='bbox 2942 744 3106 799; x_wconf 86' lang='grc' dir='ltr'>παντί</span> <span class='ocrx_word' id='word_1_226' title='bbox 3134 761 3197 814; x_wconf 89' lang='grc' dir='ltr'>γε</span> <span class='ocrx_word' id='word_1_227' title='bbox 3230 745 3421 816; x_wconf 85' lang='grc' dir='ltr'>τρόπῳ</span> <span class='ocrx_word' id='word_1_228' title='bbox 3462 743 3651 816; x_wconf 86' lang='grc' dir='ltr'>χώραν</span> 
     </span>
    </p>
   </div>
   <div class='ocr_carea' id='block_1_37' title="bbox 2066 836 3652 908">
    <p class='ocr_par' dir='ltr' id='par_1_37' title="bbox 2066 836 3652 908">
     <span class='ocr_line' id='line_1_38' title="bbox 2066 836 3652 908; baseline -0.001 -18"><span class='ocrx_word' id='word_1_229' title='bbox 2066 839 2181 890; x_wconf 85' lang='grc' dir='ltr'>οίκε</span> <span class='ocrx_word' id='word_1_230' title='bbox 2191 838 2273 891; x_wconf 88' lang='grc' dir='ltr'><strong>ίαν</strong></span> <span class='ocrx_word' id='word_1_231' title='bbox 2288 838 2348 890; x_wconf 83' lang='grc' dir='ltr'>εὐ</span> <span class='ocrx_word' id='word_1_232' title='bbox 2358 838 2530 908; x_wconf 82' lang='grc' dir='ltr'><strong>ρήσει,</strong></span> <span class='ocrx_word' id='word_1_233' title='bbox 2556 838 2650 890; x_wconf 79' lang='grc' dir='ltr'><strong>καὶ</strong></span> <span class='ocrx_word' id='word_1_234' title='bbox 2665 836 2776 890; x_wconf 86' lang='grc' dir='ltr'><strong>τῶν</strong></span> <span class='ocrx_word' id='word_1_235' title='bbox 2791 836 3096 908; x_wconf 77' lang='grc' dir='ltr'>εὐκτηρίων</span> <span class='ocrx_word' id='word_1_236' title='bbox 3108 836 3652 906; x_wconf 59' lang='grc' dir='ltr'>ἀποκεκλεισμένων,</span> 
     </span>
    </p>
   </div>
   <div class='ocr_carea' id='block_1_38' title="bbox 2067 929 3649 999">
    <p class='ocr_par' dir='ltr' id='par_1_38' title="bbox 2067 929 3649 999">
     <span class='ocr_line' id='line_1_39' title="bbox 2067 929 3649 999; baseline 0 -18"><span class='ocrx_word' id='word_1_237' title='bbox 2067 929 2148 992; x_wconf 84' lang='grc' dir='ltr'><strong>είς</strong></span> <span class='ocrx_word' id='word_1_238' title='bbox 2176 929 2528 998; x_wconf 78' lang='grc' dir='ltr'><strong>ἐκπλήρωσιν</strong></span> <span class='ocrx_word' id='word_1_239' title='bbox 2549 930 2650 999; x_wconf 81' lang='grc' dir='ltr'>τῆς</span> <span class='ocrx_word' id='word_1_240' title='bbox 2674 929 2887 992; x_wconf 76' lang='grc' dir='ltr'><strong>οἰκείας</strong></span> <span class='ocrx_word' id='word_1_241' title='bbox 2906 929 3305 998; x_wconf 78' lang='grc' dir='ltr'>προαιρέσεως.</span> <span class='ocrx_word' id='word_1_242' title='bbox 3336 929 3485 998; x_wconf 75' lang='grc' dir='ltr'>Πλὴν</span> <span class='ocrx_word' id='word_1_243' title='bbox 3508 929 3649 981; x_wconf 86' lang='grc' dir='ltr'><strong>ἀλλά</strong></span> 
     </span>
    </p>
   </div>
   <div class='ocr_carea' id='block_1_39' title="bbox 2064 1018 3649 1090">
    <p class='ocr_par' dir='ltr' id='par_1_39' title="bbox 2064 1018 3649 1090">
     <span class='ocr_line' id='line_1_40' title="bbox 2064 1018 3649 1090; baseline -0.002 -18"><span class='ocrx_word' id='word_1_244' title='bbox 2064 1036 2130 1088; x_wconf 80' lang='grc' dir='ltr'>γε</span> <span class='ocrx_word' id='word_1_245' title='bbox 2176 1020 2272 1072; x_wconf 87' lang='grc' dir='ltr'>νῦν</span> <span class='ocrx_word' id='word_1_246' title='bbox 2304 1018 2423 1090; x_wconf 82' lang='grc' dir='ltr'>θείᾳ</span> <span class='ocrx_word' id='word_1_247' title='bbox 2453 1020 2636 1089; x_wconf 86' lang='grc' dir='ltr'>χάριτι</span> <span class='ocrx_word' id='word_1_248' title='bbox 2683 1019 2866 1089; x_wconf 88' lang='grc' dir='ltr'>πάσης</span> <span class='ocrx_word' id='word_1_249' title='bbox 2909 1018 3233 1082; x_wconf 82' lang='grc' dir='ltr'>κακοδοξίας</span> <span class='ocrx_word' id='word_1_250' title='bbox 3274 1018 3649 1085; x_wconf 77' lang='grc' dir='ltr'>ἀπεσκορακι-</span> 
     </span>
    </p>
   </div>
   <div class='ocr_carea' id='block_1_40' title="bbox 2067 1106 3649 1180">
    <p class='ocr_par' dir='ltr' id='par_1_40' title="bbox 2067 1106 3649 1180">
     <span class='ocr_line' id='line_1_41' title="bbox 2067 1106 3649 1180; baseline -0.003 -16"><span class='ocrx_word' id='word_1_251' title='bbox 2067 1112 2293 1180; x_wconf 76' lang='grc' dir='ltr'>σμένης,</span> <span class='ocrx_word' id='word_1_252' title='bbox 2329 1111 2482 1165; x_wconf 81' lang='grc' dir='ltr'>οὐδὲν</span> <span class='ocrx_word' id='word_1_253' title='bbox 2524 1111 2622 1165; x_wconf 77' lang='grc' dir='ltr'><strong>καὶ</strong></span> <span class='ocrx_word' id='word_1_254' title='bbox 2661 1111 2805 1164; x_wconf 88' lang='grc' dir='ltr'><strong>κατά</strong></span> <span class='ocrx_word' id='word_1_255' title='bbox 2828 1109 2988 1163; x_wconf 78' lang='grc' dir='ltr'>τοῦτο</span> <span class='ocrx_word' id='word_1_256' title='bbox 3021 1110 3083 1163; x_wconf 73' lang='grc' dir='ltr'>τὸ</span> <span class='ocrx_word' id='word_1_257' title='bbox 3112 1110 3276 1180; x_wconf 80' lang='grc' dir='ltr'><strong>μέρος</strong></span> <span class='ocrx_word' id='word_1_258' title='bbox 3318 1107 3430 1179; x_wconf 83' lang='grc' dir='ltr'><strong>ὁρῶ</strong></span> <span class='ocrx_word' id='word_1_259' title='bbox 3465 1124 3559 1177; x_wconf 88' lang='grc' dir='ltr'><strong>μοι</strong></span> <span class='ocrx_word' id='word_1_260' title='bbox 3585 1106 3649 1160; x_wconf 73' lang='grc' dir='ltr'><strong>τὺ</strong></span> 
     </span>
    </p>
   </div>
   <div class='ocr_carea' id='block_1_41' title="bbox 2062 1196 3649 1273">
    <p class='ocr_par' dir='ltr' id='par_1_41' title="bbox 2062 1196 3649 1273">
     <span class='ocr_line' id='line_1_42' title="bbox 2062 1196 3649 1273; baseline -0.003 -18"><span class='ocrx_word' id='word_1_261' title='bbox 2062 1199 2239 1272; x_wconf 85' lang='grc' dir='ltr'><strong>δόγμα</strong></span> <span class='ocrx_word' id='word_1_262' title='bbox 2272 1203 2715 1273; x_wconf 81' lang='grc' dir='ltr'>προὸαλλόμενον</span> <span class='ocrx_word' id='word_1_263' title='bbox 2748 1203 3045 1269; x_wconf 83' lang='grc' dir='ltr'>ἀναγκαῖον</span> <span class='ocrx_word' id='word_1_264' title='bbox 3087 1201 3168 1263; x_wconf 89' lang='grc' dir='ltr'><strong>είς</strong></span> <span class='ocrx_word' id='word_1_265' title='bbox 3211 1198 3275 1252; x_wconf 82' lang='grc' dir='ltr'>τὸ</span> <span class='ocrx_word' id='word_1_266' title='bbox 3312 1196 3545 1252; x_wconf 80' lang='grc' dir='ltr'><strong>κωλύειν</strong></span> <span class='ocrx_word' id='word_1_267' title='bbox 3587 1197 3649 1251; x_wconf 74' lang='grc' dir='ltr'><strong>ἐν</strong></span> 
     </span>
    </p>
   </div>
   <div class='ocr_carea' id='block_1_42' title="bbox 2061 1290 3644 1367">
    <p class='ocr_par' dir='ltr' id='par_1_42' title="bbox 2061 1290 3644 1367">
     <span class='ocr_line' id='line_1_43' title="bbox 2061 1290 3644 1367; baseline -0.002 -19"><span class='ocrx_word' id='word_1_268' title='bbox 2061 1296 2177 1356; x_wconf 79' lang='grc' dir='ltr'>τοῖς</span> <span class='ocrx_word' id='word_1_269' title='bbox 2205 1296 2328 1348; x_wconf 80' lang='grc' dir='ltr'>κατ’</span> <span class='ocrx_word' id='word_1_270' title='bbox 2366 1290 2515 1349; x_wconf 75' lang='grc' dir='ltr'>οἷκον</span> <span class='ocrx_word' id='word_1_271' title='bbox 2544 1293 2856 1367; x_wconf 83' lang='grc' dir='ltr'>εὐκτηρίοις</span> <span class='ocrx_word' id='word_1_272' title='bbox 2878 1294 2942 1348; x_wconf 81' lang='grc' dir='ltr'>τὸ</span> <span class='ocrx_word' id='word_1_273' title='bbox 2969 1293 3194 1365; x_wconf 80' lang='grc' dir='ltr'>λουτρὸν</span> <span class='ocrx_word' id='word_1_274' title='bbox 3222 1291 3320 1355; x_wconf 60' lang='grc' dir='ltr'>τῖης</span> <span class='ocrx_word' id='word_1_275' title='bbox 3341 1290 3644 1361; x_wconf 70' lang='grc' dir='ltr'>ἀναγεννή-</span> 
     </span>
    </p>
   </div>
   <div class='ocr_carea' id='block_1_43' title="bbox 2062 1404 2221 1451">
    <p class='ocr_par' dir='ltr' id='par_1_43' title="bbox 2062 1404 2221 1451">
     <span class='ocr_line' id='line_1_44' title="bbox 2062 1404 2221 1451; baseline 0.013 -11"><span class='ocrx_word' id='word_1_276' title='bbox 2062 1404 2221 1451; x_wconf 84' lang='grc' dir='ltr'>σεως.</span> 
     </span>
    </p>
   </div>
   <div class='ocr_carea' id='block_1_44' title="bbox 2600 1652 3075 1719">
    <p class='ocr_par' dir='ltr' id='par_1_44' title="bbox 2600 1652 3075 1719">
     <span class='ocr_line' id='line_1_45' title="bbox 2600 1652 3075 1719; baseline 0 -12"><span class='ocrx_word' id='word_1_277' title='bbox 2600 1652 2931 1707; x_wconf 75' lang='grc' dir='ltr'>’ΔιΑτΑΞιΣ</span> <span class='ocrx_word' id='word_1_278' title='bbox 2959 1654 3075 1719; x_wconf 69' lang='grc' dir='ltr'><strong>ις’.</strong></span> 
     </span>
    </p>
   </div>
   <div class='ocr_carea' id='block_1_45' title="bbox 2065 1742 3637 1869">
    <p class='ocr_par' dir='ltr' id='par_1_45' title="bbox 2065 1742 3637 1869">
     <span class='ocr_line' id='line_1_46' title="bbox 2065 1742 3637 1869; baseline 0.001 -71"><span class='ocrx_word' id='word_1_279' title='bbox 2065 1744 2204 1813; x_wconf 71' lang='grc' dir='ltr'>Περὶ</span> <span class='ocrx_word' id='word_1_280' title='bbox 2236 1742 2343 1798; x_wconf 80' lang='grc' dir='ltr'><strong>τοῦ</strong></span> <span class='ocrx_word' id='word_1_281' title='bbox 2360 1744 2446 1814; x_wconf 82' lang='grc' dir='ltr'>μὴ</span> <span class='ocrx_word' id='word_1_282' title='bbox 2478 1746 2940 1869; x_wconf 51' lang='grc' dir='ltr'>χειροᾝὶῐὶσῖιέι</span> <span class='ocrx_word' id='word_1_283' title='bbox 2960 1742 3374 1846; x_wconf 49' lang='grc' dir='ltr'>Εποδιάκσγον</span> <span class='ocrx_word' id='word_1_284' title='bbox 3390 1748 3439 1796; x_wconf 76' lang='grc' dir='ltr'><strong>κ’</strong></span> <span class='ocrx_word' id='word_1_285' title='bbox 3462 1743 3637 1812; x_wconf 78' lang='grc' dir='ltr'>ἐτῶν,</span> 
     </span>
    </p>
   </div>
   <div class='ocr_carea' id='block_1_46' title="bbox 2062 1903 3055 1977">
    <p class='ocr_par' dir='ltr' id='par_1_46' title="bbox 2062 1903 3055 1977">
     <span class='ocr_line' id='line_1_47' title="bbox 2062 1903 3055 1977; baseline 0.002 -20"><span class='ocrx_word' id='word_1_286' title='bbox 2062 1922 2095 1957; x_wconf 65' lang='grc' dir='ltr'><strong>ε</strong></span> <span class='ocrx_word' id='word_1_287' title='bbox 2134 1906 2152 1976; x_wconf 94' lang='grc'>[</span> <span class='ocrx_word' id='word_1_288' title='bbox 2182 1906 2240 1958; x_wconf 87' lang='lat'><strong>&#39;0</strong></span> <span class='ocrx_word' id='word_1_289' title='bbox 2273 1907 2437 1970; x_wconf 78' lang='grc' dir='ltr'>αὐτὸς</span> <span class='ocrx_word' id='word_1_290' title='bbox 2462 1907 2738 1977; x_wconf 83' lang='grc' dir='ltr'>βασιλεὺς]</span> <span class='ocrx_word' id='word_1_291' title='bbox 2774 1906 2849 1975; x_wconf 86' lang='grc' dir='ltr'>τῷ</span> <span class='ocrx_word' id='word_1_292' title='bbox 2886 1903 3055 1974; x_wconf 83' lang='grc' dir='ltr'>αὐτῷ.</span> 
     </span>
    </p>
   </div>
   <div class='ocr_carea' id='block_1_47' title="bbox 2147 1995 3643 2068">
    <p class='ocr_par' dir='ltr' id='par_1_47' title="bbox 2147 1995 3643 2068">
     <span class='ocr_line' id='line_1_48' title="bbox 2147 1995 3643 2068; baseline -0.001 -17"><span class='ocrx_word' id='word_1_293' title='bbox 2147 1998 2205 2051; x_wconf 84' lang='grc' dir='ltr'>Ὀ</span> <span class='ocrx_word' id='word_1_294' title='bbox 2247 1998 2476 2060; x_wconf 80' lang='grc' dir='ltr'>παλαιὸς</span> <span class='ocrx_word' id='word_1_295' title='bbox 2517 1999 2695 2066; x_wconf 86' lang='grc' dir='ltr'>λόγος,</span> <span class='ocrx_word' id='word_1_296' title='bbox 2732 1998 2790 2060; x_wconf 85' lang='grc' dir='ltr'>ὃς</span> <span class='ocrx_word' id='word_1_297' title='bbox 2822 1997 3208 2067; x_wconf 79' lang='grc' dir='ltr'>παρεγγυᾶται</span> <span class='ocrx_word' id='word_1_298' title='bbox 3248 1995 3327 2067; x_wconf 86' lang='grc' dir='ltr'><strong>τῷ</strong></span> <span class='ocrx_word' id='word_1_299' title='bbox 3360 1996 3488 2068; x_wconf 75' lang='grc' dir='ltr'>περὶ</span> <span class='ocrx_word' id='word_1_300' title='bbox 3531 1997 3643 2049; x_wconf 82' lang='grc' dir='ltr'>τῶν</span> 
     </span>
    </p>
   </div>
   <div class='ocr_carea' id='block_1_48' title="bbox 2058 2088 3642 2159">
    <p class='ocr_par' dir='ltr' id='par_1_48' title="bbox 2058 2088 3642 2159">
     <span class='ocr_line' id='line_1_49' title="bbox 2058 2088 3642 2159; baseline 0 -17"><span class='ocrx_word' id='word_1_301' title='bbox 2058 2088 2279 2142; x_wconf 74' lang='grc' dir='ltr'>οἰκείων</span> <span class='ocrx_word' id='word_1_302' title='bbox 2320 2089 2530 2157; x_wconf 76' lang='grc' dir='ltr'>λέγοντι</span> <span class='ocrx_word' id='word_1_303' title='bbox 2579 2089 3011 2142; x_wconf 81' lang='grc' dir='ltr'><strong>ἀναπεταννύειν</strong></span> <span class='ocrx_word' id='word_1_304' title='bbox 3055 2088 3157 2157; x_wconf 82' lang='grc' dir='ltr'><strong>τὴν</strong></span> <span class='ocrx_word' id='word_1_305' title='bbox 3199 2090 3370 2159; x_wconf 79' lang='grc' dir='ltr'>ἀκοὴν</span> <span class='ocrx_word' id='word_1_306' title='bbox 3397 2129 3415 2154; x_wconf 94' lang='grc'><strong>,</strong></span> <span class='ocrx_word' id='word_1_307' title='bbox 3460 2089 3642 2153; x_wconf 80' lang='grc' dir='ltr'>καλῶς</span> 
     </span>
    </p>
   </div>
   <div class='ocr_carea' id='block_1_49' title="bbox 2058 2180 3637 2249">
    <p class='ocr_par' dir='ltr' id='par_1_49' title="bbox 2058 2180 3637 2249">
     <span class='ocr_line' id='line_1_50' title="bbox 2058 2180 3637 2249; baseline -0.001 -15"><span class='ocrx_word' id='word_1_308' title='bbox 2058 2180 2156 2234; x_wconf 80' lang='grc' dir='ltr'><strong>καὶ</strong></span> <span class='ocrx_word' id='word_1_309' title='bbox 2185 2182 2244 2234; x_wconf 84' lang='grc' dir='ltr'><strong>ἐν</strong></span> <span class='ocrx_word' id='word_1_310' title='bbox 2282 2183 2397 2244; x_wconf 87' lang='grc' dir='ltr'>τοῖς</span> <span class='ocrx_word' id='word_1_311' title='bbox 2431 2181 2609 2244; x_wconf 86' lang='grc' dir='ltr'>ἄλλοις</span> <span class='ocrx_word' id='word_1_312' title='bbox 2649 2180 2851 2234; x_wconf 82' lang='grc' dir='ltr'>ἀπασιν</span> <span class='ocrx_word' id='word_1_313' title='bbox 2886 2180 3049 2249; x_wconf 72' lang='grc' dir='ltr'>ἔχων,</span> <span class='ocrx_word' id='word_1_314' title='bbox 3083 2180 3318 2234; x_wconf 72' lang='grc' dir='ltr'>ἐνταῦθα</span> <span class='ocrx_word' id='word_1_315' title='bbox 3348 2181 3481 2235; x_wconf 79' lang='grc' dir='ltr'>πολὺ</span> <span class='ocrx_word' id='word_1_316' title='bbox 3521 2181 3637 2234; x_wconf 87' lang='grc' dir='ltr'>δια-</span> 
     </span>
    </p>
   </div>
   <div class='ocr_carea' id='block_1_50' title="bbox 2054 2265 3640 2338">
    <p class='ocr_par' dir='ltr' id='par_1_50' title="bbox 2054 2265 3640 2338">
     <span class='ocr_line' id='line_1_51' title="bbox 2054 2265 3640 2338; baseline 0.001 -16"><span class='ocrx_word' id='word_1_317' title='bbox 2054 2268 2332 2322; x_wconf 85' lang='grc' dir='ltr'>δείκνυται</span> <span class='ocrx_word' id='word_1_318' title='bbox 2365 2268 2622 2322; x_wconf 80' lang='grc' dir='ltr'><strong>καλλίων.</strong></span> <span class='ocrx_word' id='word_1_319' title='bbox 2651 2270 2717 2322; x_wconf 84' lang='grc' dir='ltr'>Τί</span> <span class='ocrx_word' id='word_1_320' title='bbox 2746 2265 2839 2322; x_wconf 80' lang='grc' dir='ltr'>οὖν</span> <span class='ocrx_word' id='word_1_321' title='bbox 2878 2271 3048 2333; x_wconf 89' lang='grc' dir='ltr'>ἐστιν,</span> <span class='ocrx_word' id='word_1_322' title='bbox 3085 2268 3114 2321; x_wconf 83' lang='grc' dir='ltr'>ὅ</span> <span class='ocrx_word' id='word_1_323' title='bbox 3143 2285 3323 2338; x_wconf 83' lang='grc' dir='ltr'>φημι;</span> <span class='ocrx_word' id='word_1_324' title='bbox 3360 2270 3640 2332; x_wconf 83' lang='grc' dir='ltr'>Πολιτικὸς</span> 
     </span>
    </p>
   </div>
   <div class='ocr_carea' id='block_1_51' title="bbox 2056 2358 3638 2429">
    <p class='ocr_par' dir='ltr' id='par_1_51' title="bbox 2056 2358 3638 2429">
     <span class='ocr_line' id='line_1_52' title="bbox 2056 2358 3638 2429; baseline 0.001 -17"><span class='ocrx_word' id='word_1_325' title='bbox 2056 2358 2303 2423; x_wconf 78' lang='grc' dir='ltr'><strong>θεσπίζει</strong></span> <span class='ocrx_word' id='word_1_326' title='bbox 2336 2360 2500 2429; x_wconf 88' lang='grc' dir='ltr'>νόμος</span> <span class='ocrx_word' id='word_1_327' title='bbox 2519 2360 2588 2424; x_wconf 78' lang='grc'><strong>⁸⁸,</strong></span> <span class='ocrx_word' id='word_1_328' title='bbox 2620 2360 2711 2412; x_wconf 84' lang='grc' dir='ltr'>τὸν</span> <span class='ocrx_word' id='word_1_329' title='bbox 2739 2359 2950 2413; x_wconf 86' lang='grc' dir='ltr'>ἐλάττω</span> <span class='ocrx_word' id='word_1_330' title='bbox 2976 2359 3139 2412; x_wconf 78' lang='grc' dir='ltr'>πέντε</span> <span class='ocrx_word' id='word_1_331' title='bbox 3165 2359 3260 2412; x_wconf 79' lang='grc' dir='ltr'><strong>καὶ</strong></span> <span class='ocrx_word' id='word_1_332' title='bbox 3291 2361 3465 2413; x_wconf 88' lang='grc' dir='ltr'>εῐκοσι</span> <span class='ocrx_word' id='word_1_333' title='bbox 3497 2360 3638 2413; x_wconf 83' lang='grc' dir='ltr'>ἐτῶν</span> 
     </span>
    </p>
   </div>
   <div class='ocr_carea' id='block_1_52' title="bbox 2056 2449 3638 2523">
    <p class='ocr_par' dir='ltr' id='par_1_52' title="bbox 2056 2449 3638 2523">
     <span class='ocr_line' id='line_1_53' title="bbox 2056 2449 3638 2523; baseline -0.001 -18"><span class='ocrx_word' id='word_1_334' title='bbox 2056 2451 2135 2521; x_wconf 81' lang='grc' dir='ltr'>μὴ</span> <span class='ocrx_word' id='word_1_335' title='bbox 2161 2450 2587 2523; x_wconf 69' lang='grc' dir='ltr'><strong>χειροτονεῖσθαι</strong></span> <span class='ocrx_word' id='word_1_336' title='bbox 2610 2451 2691 2514; x_wconf 86' lang='grc' dir='ltr'><strong>είς</strong></span> <span class='ocrx_word' id='word_1_337' title='bbox 2715 2450 3057 2520; x_wconf 79' lang='grc' dir='ltr'>λειτουργίαν</span> <span class='ocrx_word' id='word_1_338' title='bbox 3080 2449 3456 2503; x_wconf 71' lang='grc' dir='ltr'>ὖπώιάκονον·</span> <span class='ocrx_word' id='word_1_339' title='bbox 3492 2450 3638 2521; x_wconf 78' lang='grc' dir='ltr'>ἱερὸν</span> 
     </span>
    </p>
   </div>
   <div class='ocr_carea' id='block_1_53' title="bbox 2054 2527 3637 2611">
    <p class='ocr_par' dir='ltr' id='par_1_53' title="bbox 2054 2527 3637 2611">
     <span class='ocr_line' id='line_1_54' title="bbox 2054 2527 3637 2611; baseline 0.001 -18"><span class='ocrx_word' id='word_1_340' title='bbox 2054 2541 2423 2607; x_wconf 78' lang='grc' dir='ltr'>ἀντιθεσπίζει</span> <span class='ocrx_word' id='word_1_341' title='bbox 2462 2541 2678 2610; x_wconf 87' lang='grc' dir='ltr'>δόγμα,</span> <span class='ocrx_word' id='word_1_342' title='bbox 2721 2542 2815 2594; x_wconf 81' lang='grc' dir='ltr'>τὸν</span> <span class='ocrx_word' id='word_1_343' title='bbox 2844 2540 2981 2609; x_wconf 85' lang='grc' dir='ltr'>πρὸς</span> <span class='ocrx_word' id='word_1_344' title='bbox 3023 2540 3121 2610; x_wconf 86' lang='grc' dir='ltr'>τὴν</span> <span class='ocrx_word' id='word_1_345' title='bbox 3149 2527 3408 2611; x_wconf 82' lang='grc' dir='ltr'>τοιαύτην</span> <span class='ocrx_word' id='word_1_346' title='bbox 3449 2541 3637 2596; x_wconf 88' lang='grc' dir='ltr'>διακο-</span> 
     </span>
    </p>
   </div>
   <div class='ocr_carea' id='block_1_54' title="bbox 2053 2631 3635 2703">
    <p class='ocr_par' dir='ltr' id='par_1_54' title="bbox 2053 2631 3635 2703">
     <span class='ocr_line' id='line_1_55' title="bbox 2053 2631 3635 2703; baseline 0 -16"><span class='ocrx_word' id='word_1_347' title='bbox 2053 2632 2170 2687; x_wconf 88' lang='grc' dir='ltr'>νίαν</span> <span class='ocrx_word' id='word_1_348' title='bbox 2193 2634 2489 2703; x_wconf 83' lang='grc' dir='ltr'>προσιόντα</span> <span class='ocrx_word' id='word_1_349' title='bbox 2513 2632 2605 2685; x_wconf 79' lang='grc' dir='ltr'>τὸν</span> <span class='ocrx_word' id='word_1_350' title='bbox 2635 2632 2878 2685; x_wconf 75' lang='grc' dir='ltr'>εἰκοστὸν</span> <span class='ocrx_word' id='word_1_351' title='bbox 2907 2631 3100 2703; x_wconf 87' lang='grc' dir='ltr'>χρόνον</span> <span class='ocrx_word' id='word_1_352' title='bbox 3138 2632 3381 2702; x_wconf 78' lang='grc' dir='ltr'>εἰσάγειν</span> <span class='ocrx_word' id='word_1_353' title='bbox 3423 2634 3504 2698; x_wconf 84' lang='grc' dir='ltr'><strong>είς</strong></span> <span class='ocrx_word' id='word_1_354' title='bbox 3533 2632 3635 2703; x_wconf 72' lang='grc' dir='ltr'>τὴν</span> 
     </span>
    </p>
   </div>
   <div class='ocr_carea' id='block_1_55' title="bbox 2053 2723 2421 2793">
    <p class='ocr_par' dir='ltr' id='par_1_55' title="bbox 2053 2723 2421 2793">
     <span class='ocr_line' id='line_1_56' title="bbox 2053 2723 2421 2793; baseline 0 -18"><span class='ocrx_word' id='word_1_355' title='bbox 2053 2723 2421 2793; x_wconf 81' lang='grc' dir='ltr'>χειροθεσίαν.</span> 
     </span>
    </p>
   </div>
   <div class='ocr_carea' id='block_1_56' title="bbox 2127 2811 3634 2887">
    <p class='ocr_par' dir='ltr' id='par_1_56' title="bbox 2127 2811 3634 2887">
     <span class='ocr_line' id='line_1_57' title="bbox 2127 2811 3634 2887; baseline 0.002 -21"><span class='ocrx_word' id='word_1_356' title='bbox 2127 2814 2313 2877; x_wconf 78' lang='grc' dir='ltr'>Ἄξιον</span> <span class='ocrx_word' id='word_1_357' title='bbox 2340 2811 2432 2867; x_wconf 82' lang='grc' dir='ltr'>οὖν</span> <span class='ocrx_word' id='word_1_358' title='bbox 2466 2813 2623 2884; x_wconf 82' lang='grc' dir='ltr'>ἡμῶν</span> <span class='ocrx_word' id='word_1_359' title='bbox 2654 2816 2687 2886; x_wconf 77' lang='grc' dir='ltr'><strong>ἡ</strong></span> <span class='ocrx_word' id='word_1_360' title='bbox 2723 2814 2973 2885; x_wconf 86' lang='grc' dir='ltr'>βασιλεία</span> <span class='ocrx_word' id='word_1_361' title='bbox 3004 2816 3329 2887; x_wconf 81' lang='grc' dir='ltr'><strong>ἡγησαμένη</strong></span> <span class='ocrx_word' id='word_1_362' title='bbox 3360 2815 3454 2869; x_wconf 82' lang='grc' dir='ltr'>τοῦ</span> <span class='ocrx_word' id='word_1_363' title='bbox 3486 2813 3634 2885; x_wconf 83' lang='grc' dir='ltr'>ίεροῦ</span> 
     </span>
    </p>
   </div>
   <div class='ocr_carea' id='block_1_57' title="bbox 2050 2906 3632 2978">
    <p class='ocr_par' dir='ltr' id='par_1_57' title="bbox 2050 2906 3632 2978">
     <span class='ocr_line' id='line_1_58' title="bbox 2050 2906 3632 2978; baseline -0.001 -17"><span class='ocrx_word' id='word_1_364' title='bbox 2050 2906 2275 2961; x_wconf 78' lang='grc' dir='ltr'>ἀκούειν</span> <span class='ocrx_word' id='word_1_365' title='bbox 2320 2907 2488 2976; x_wconf 82' lang='grc' dir='ltr'>νόμου</span> <span class='ocrx_word' id='word_1_366' title='bbox 2539 2908 2598 2961; x_wconf 85' lang='grc' dir='ltr'><strong>ἐν</strong></span> <span class='ocrx_word' id='word_1_367' title='bbox 2634 2910 2701 2978; x_wconf 80' lang='grc' dir='ltr'><strong>τῇ</strong></span> <span class='ocrx_word' id='word_1_368' title='bbox 2765 2909 2896 2978; x_wconf 78' lang='grc' dir='ltr'>περὶ</span> <span class='ocrx_word' id='word_1_369' title='bbox 2944 2909 3055 2960; x_wconf 84' lang='grc' dir='ltr'>τῶν</span> <span class='ocrx_word' id='word_1_370' title='bbox 3096 2908 3315 2961; x_wconf 79' lang='grc' dir='ltr'>οἰκείων</span> <span class='ocrx_word' id='word_1_371' title='bbox 3368 2906 3632 2973; x_wconf 80' lang='grc' dir='ltr'>διατάξει,</span> 
     </span>
    </p>
   </div>
   <div class='ocr_carea' id='block_1_58' title="bbox 2050 2996 3632 3069">
    <p class='ocr_par' dir='ltr' id='par_1_58' title="bbox 2050 2996 3632 3069">
     <span class='ocr_line' id='line_1_59' title="bbox 2050 2996 3632 3069; baseline -0.003 -18"><span class='ocrx_word' id='word_1_372' title='bbox 2050 2998 2347 3066; x_wconf 74' lang='grc' dir='ltr'>τούτῳκαὶ</span> <span class='ocrx_word' id='word_1_373' title='bbox 2392 2998 2805 3069; x_wconf 80' lang='grc' dir='ltr'>συμψηφίζεται</span> <span class='ocrx_word' id='word_1_374' title='bbox 2860 2997 2957 3051; x_wconf 75' lang='grc' dir='ltr'><strong>καὶ</strong></span> <span class='ocrx_word' id='word_1_375' title='bbox 3008 2997 3201 3068; x_wconf 80' lang='grc' dir='ltr'><strong>ὁρίζει,</strong></span> <span class='ocrx_word' id='word_1_376' title='bbox 3242 2997 3335 3049; x_wconf 75' lang='grc' dir='ltr'><strong>τὸν</strong></span> <span class='ocrx_word' id='word_1_377' title='bbox 3370 2996 3504 3066; x_wconf 82' lang='grc' dir='ltr'>πρὸς</span> <span class='ocrx_word' id='word_1_378' title='bbox 3551 2996 3632 3047; x_wconf 86' lang='grc' dir='ltr'><strong>εί-</strong></span> 
     </span>
    </p>
   </div>
   <div class='ocr_carea' id='block_1_59' title="bbox 2050 3087 3635 3159">
    <p class='ocr_par' dir='ltr' id='par_1_59' title="bbox 2050 3087 3635 3159">
     <span class='ocr_line' id='line_1_60' title="bbox 2050 3087 3635 3159; baseline 0 -19"><span class='ocrx_word' id='word_1_379' title='bbox 2050 3087 2248 3141; x_wconf 56' lang='lat' dir='ltr'><strong>~accrro»;</strong></span> <span class='ocrx_word' id='word_1_380' title='bbox 2286 3087 2406 3151; x_wconf 74' lang='grc' dir='ltr'>ἔτος</span> <span class='ocrx_word' id='word_1_381' title='bbox 2438 3089 2729 3150; x_wconf 73' lang='grc' dir='ltr'>ἐλάσαντα,</span> <span class='ocrx_word' id='word_1_382' title='bbox 2770 3090 2844 3159; x_wconf 84' lang='grc' dir='ltr'>μὴ</span> <span class='ocrx_word' id='word_1_383' title='bbox 2878 3089 2977 3158; x_wconf 84' lang='grc' dir='ltr'>τῆς</span> <span class='ocrx_word' id='word_1_384' title='bbox 3017 3088 3185 3156; x_wconf 85' lang='grc' dir='ltr'>ἀλλης</span> <span class='ocrx_word' id='word_1_385' title='bbox 3225 3088 3507 3156; x_wconf 81' lang='grc' dir='ltr'>διαγωγῆς</span> <span class='ocrx_word' id='word_1_386' title='bbox 3537 3087 3635 3140; x_wconf 80' lang='grc' dir='ltr'><strong>τοῦ</strong></span> 
     </span>
    </p>
   </div>
   <div class='ocr_carea' id='block_1_60' title="bbox 373 3145 1955 3251">
    <p class='ocr_par' dir='ltr' id='par_1_60' title="bbox 373 3145 1950 3245">
     <span class='ocr_line' id='line_1_61' title="bbox 373 3145 1950 3245; baseline 0.001 -16"><span class='ocrx_word' id='word_1_387' title='bbox 373 3172 537 3229; x_wconf 86' lang='lat' dir='ltr'><strong>modo</strong></span> <span class='ocrx_word' id='word_1_388' title='bbox 574 3145 838 3227; x_wconf 72' lang='lat' dir='ltr'><strong>anteactze</strong></span> <span class='ocrx_word' id='word_1_389' title='bbox 867 3172 994 3228; x_wconf 65' lang='lat' dir='ltr'><strong>vitae</strong></span> <span class='ocrx_word' id='word_1_390' title='bbox 1022 3145 1168 3227; x_wconf 66' lang='lat' dir='ltr'><strong>ratio</strong></span> <span class='ocrx_word' id='word_1_391' title='bbox 1187 3172 1475 3230; x_wconf 85' lang='lat' dir='ltr'><strong>obstaculo</strong></span> <span class='ocrx_word' id='word_1_392' title='bbox 1506 3186 1616 3229; x_wconf 89' lang='lat' dir='ltr'><strong>non</strong></span> <span class='ocrx_word' id='word_1_393' title='bbox 1651 3145 1745 3242; x_wconf 76' lang='lat' dir='ltr'><strong>sit,</strong></span> <span class='ocrx_word' id='word_1_394' title='bbox 1774 3145 1950 3245; x_wconf 53' lang='lat' dir='ltr'><strong>quan;</strong></span> 
     </span>
    </p>
   </div>
   <div class='ocr_carea' id='block_1_61' title="bbox 2058 3145 3635 3251">
    <p class='ocr_par' dir='ltr' id='par_1_61' title="bbox 2058 3145 3635 3251">
     <span class='ocr_line' id='line_1_62' title="bbox 2058 3145 3635 3251; baseline -0.002 -20"><span class='ocrx_word' id='word_1_395' title='bbox 2058 3178 2170 3248; x_wconf 85' lang='grc' dir='ltr'>βίου</span> <span class='ocrx_word' id='word_1_396' title='bbox 2194 3145 2447 3249; x_wconf 64' lang='grc' dir='ltr'>ἐμποδων</span> <span class='ocrx_word' id='word_1_397' title='bbox 2469 3145 2784 3251; x_wconf 64' lang='grc' dir='ltr'>ἱσταμένης,</span> <span class='ocrx_word' id='word_1_398' title='bbox 2804 3145 2902 3232; x_wconf 69' lang='grc' dir='ltr'><strong>ὅσα</strong></span> <span class='ocrx_word' id='word_1_399' title='bbox 3010 3179 3075 3231; x_wconf 84' lang='grc' dir='ltr'><strong>ὲκ</strong></span> <span class='ocrx_word' id='word_1_400' title='bbox 3221 3145 3442 3248; x_wconf 73' lang='grc' dir='ltr'>ἡλικίας</span> <span class='ocrx_word' id='word_1_401' title='bbox 3463 3145 3635 3248; x_wconf 69' lang='grc' dir='ltr'>μηδὲν</span> 
     </span>
    </p>
   </div>
   <div class='ocr_carea' id='block_1_62' title="bbox 373 3263 1949 3338">
    <p class='ocr_par' dir='ltr' id='par_1_62' title="bbox 373 3263 1949 3338">
     <span class='ocr_line' id='line_1_63' title="bbox 373 3263 1949 3338; baseline 0.004 -21"><span class='ocrx_word' id='word_1_402' title='bbox 373 3274 492 3320; x_wconf 91' lang='lat' dir='ltr'><strong>tum</strong></span> <span class='ocrx_word' id='word_1_403' title='bbox 541 3264 608 3319; x_wconf 89' lang='lat' dir='ltr'><strong>ad</strong></span> <span class='ocrx_word' id='word_1_404' title='bbox 663 3271 902 3331; x_wconf 69' lang='lat' dir='ltr'><strong>aetatem,</strong></span> <span class='ocrx_word' id='word_1_405' title='bbox 966 3263 1336 3335; x_wconf 85' lang='lat' dir='ltr'><strong>hypodiaconi</strong></span> <span class='ocrx_word' id='word_1_406' title='bbox 1370 3264 1610 3320; x_wconf 82' lang='lat' dir='ltr'><strong>oliicium</strong></span> <span class='ocrx_word' id='word_1_407' title='bbox 1662 3269 1949 3338; x_wconf 86' lang='lat' dir='ltr'><strong>suscipere</strong></span> 
     </span>
    </p>
   </div>
   <div class='ocr_carea' id='block_1_63' title="bbox 370 3348 865 3427">
    <p class='ocr_par' dir='ltr' id='par_1_63' title="bbox 370 3348 865 3427">
     <span class='ocr_line' id='line_1_64' title="bbox 370 3348 865 3427; baseline 0 -15"><span class='ocrx_word' id='word_1_408' title='bbox 370 3348 483 3412; x_wconf 80' lang='lat' dir='ltr'><strong>non</strong></span> <span class='ocrx_word' id='word_1_409' title='bbox 514 3357 865 3427; x_wconf 76' lang='lat' dir='ltr'><strong>impediatur.</strong></span> 
     </span>
    </p>
   </div>
   <div class='ocr_carea' id='block_1_64' title="bbox 370 3442 1491 3501">
    <p class='ocr_par' dir='ltr' id='par_1_64' title="bbox 370 3442 1491 3501">
     <span class='ocr_line' id='line_1_65' title="bbox 370 3442 1491 3501; baseline 0.003 -4"><span class='ocrx_word' id='word_1_410' title='bbox 370 3444 371 3447; x_wconf 57' lang='grc'><em>“</em></span> <span class='ocrx_word' id='word_1_411' title='bbox 827 3442 1292 3499; x_wconf 81' lang='lat' dir='ltr'><strong>CONSTITUTIO</strong></span> <span class='ocrx_word' id='word_1_412' title='bbox 1321 3442 1491 3501; x_wconf 80' lang='lat' dir='ltr'><strong>XVII.</strong></span> 
     </span>
    </p>
   </div>
   <div class='ocr_carea' id='block_1_65' title="bbox 369 3534 1948 3606">
    <p class='ocr_par' dir='ltr' id='par_1_65' title="bbox 369 3534 1948 3606">
     <span class='ocr_line' id='line_1_66' title="bbox 369 3534 1948 3606; baseline -0.001 -15"><span class='ocrx_word' id='word_1_413' title='bbox 369 3534 447 3592; x_wconf 87' lang='lat' dir='ltr'><strong>De</strong></span> <span class='ocrx_word' id='word_1_414' title='bbox 465 3536 735 3605; x_wconf 78' lang='lat' dir='ltr'><strong>puerperis</strong></span> <span class='ocrx_word' id='word_1_415' title='bbox 767 3536 978 3606; x_wconf 85' lang='lat' dir='ltr'><strong>quando</strong></span> <span class='ocrx_word' id='word_1_416' title='bbox 1026 3534 1325 3606; x_wconf 81' lang='lat' dir='ltr'><strong>divinorum</strong></span> <span class='ocrx_word' id='word_1_417' title='bbox 1372 3535 1745 3606; x_wconf 79' lang='lat' dir='ltr'><strong>mysteriorum</strong></span> <span class='ocrx_word' id='word_1_418' title='bbox 1770 3539 1948 3605; x_wconf 78' lang='lat' dir='ltr'><strong>parti-</strong></span> 
     </span>
    </p>
   </div>
   <div class='ocr_carea' id='block_1_66' title="bbox 436 3605 1946 3676">
    <p class='ocr_par' dir='ltr' id='par_1_66' title="bbox 436 3605 1946 3676">
     <span class='ocr_line' id='line_1_67' title="bbox 436 3605 1946 3676; baseline -0.001 -16"><span class='ocrx_word' id='word_1_419' title='bbox 436 3609 575 3676; x_wconf 76' lang='lat' dir='ltr'><strong>cipes</strong></span> <span class='ocrx_word' id='word_1_420' title='bbox 604 3609 738 3674; x_wconf 80' lang='lat' dir='ltr'><strong>[iam</strong></span> <span class='ocrx_word' id='word_1_421' title='bbox 763 3622 781 3658; x_wconf 91' lang='lat'><strong><em>:</em></strong></span> <span class='ocrx_word' id='word_1_422' title='bbox 818 3617 866 3659; x_wconf 89' lang='lat' dir='ltr'><strong>et</strong></span> <span class='ocrx_word' id='word_1_423' title='bbox 911 3605 1126 3674; x_wconf 77' lang='lat' dir='ltr'><strong>quando</strong></span> <span class='ocrx_word' id='word_1_424' title='bbox 1158 3607 1392 3674; x_wconf 77' lang='lat' dir='ltr'><strong>infantes</strong></span> <span class='ocrx_word' id='word_1_425' title='bbox 1432 3605 1797 3675; x_wconf 32' lang='lat' dir='ltr'><strong>’baptiseutur,</strong></span> <span class='ocrx_word' id='word_1_426' title='bbox 1829 3617 1946 3673; x_wconf 74' lang='lat' dir='ltr'><strong>post</strong></span> 
     </span>
    </p>
   </div>
   <div class='ocr_carea' id='block_1_67' title="bbox 438 3676 1947 3745">
    <p class='ocr_par' dir='ltr' id='par_1_67' title="bbox 438 3676 1947 3745">
     <span class='ocr_line' id='line_1_68' title="bbox 438 3676 1947 3745; baseline 0 -15"><span class='ocrx_word' id='word_1_427' title='bbox 438 3677 799 3745; x_wconf 75' lang='lat' dir='ltr'><strong>quadraginta</strong></span> <span class='ocrx_word' id='word_1_428' title='bbox 833 3676 1068 3729; x_wconf 76' lang='lat' dir='ltr'><strong>videlicet</strong></span> <span class='ocrx_word' id='word_1_429' title='bbox 1100 3676 1237 3740; x_wconf 76' lang='lat' dir='ltr'><strong>dies,</strong></span> <span class='ocrx_word' id='word_1_430' title='bbox 1267 3686 1421 3729; x_wconf 73' lang='lat' dir='ltr'><strong>extra</strong></span> <span class='ocrx_word' id='word_1_431' title='bbox 1447 3693 1609 3745; x_wconf 83' lang='lat' dir='ltr'><strong>quam</strong></span> <span class='ocrx_word' id='word_1_432' title='bbox 1641 3678 1687 3730; x_wconf 80' lang='lat' dir='ltr'><strong>si</strong></span> <span class='ocrx_word' id='word_1_433' title='bbox 1719 3679 1947 3731; x_wconf 70' lang='lat' dir='ltr'><strong>necessi-</strong></span> 
     </span>
    </p>
   </div>
   <div class='ocr_carea' id='block_1_68' title="bbox 437 3756 759 3815">
    <p class='ocr_par' dir='ltr' id='par_1_68' title="bbox 437 3756 759 3815">
     <span class='ocr_line' id='line_1_69' title="bbox 437 3756 759 3815; baseline -0.006 -15"><span class='ocrx_word' id='word_1_434' title='bbox 437 3758 524 3800; x_wconf 75' lang='lat' dir='ltr'><strong>tas</strong></span> <span class='ocrx_word' id='word_1_435' title='bbox 552 3756 759 3815; x_wconf 82' lang='lat' dir='ltr'><strong>urgeat.</strong></span> 
     </span>
    </p>
   </div>
   <div class='ocr_carea' id='block_1_69' title="bbox 449 3835 1162 3905">
    <p class='ocr_par' dir='ltr' id='par_1_69' title="bbox 449 3835 1162 3905">
     <span class='ocr_line' id='line_1_70' title="bbox 449 3835 1162 3905; baseline 0.001 -15"><span class='ocrx_word' id='word_1_436' title='bbox 449 3838 594 3891; x_wconf 88' lang='lat' dir='ltr'><strong>Idem</strong></span> <span class='ocrx_word' id='word_1_437' title='bbox 626 3838 929 3905; x_wconf 87' lang='lat' dir='ltr'><strong>imperator</strong></span> <span class='ocrx_word' id='word_1_438' title='bbox 952 3835 1162 3891; x_wconf 88' lang='lat' dir='ltr'><strong>eidem.</strong></span> 
     </span>
    </p>
   </div>
   <div class='ocr_carea' id='block_1_70' title="bbox 439 3924 1940 3996">
    <p class='ocr_par' dir='ltr' id='par_1_70' title="bbox 439 3924 1940 3996">
     <span class='ocr_line' id='line_1_71' title="bbox 439 3924 1940 3996; baseline 0.001 -17"><span class='ocrx_word' id='word_1_439' title='bbox 439 3926 494 3980; x_wconf 90' lang='lat' dir='ltr'><strong>Id</strong></span> <span class='ocrx_word' id='word_1_440' title='bbox 522 3926 667 3996; x_wconf 87' lang='lat' dir='ltr'><strong>quod</strong></span> <span class='ocrx_word' id='word_1_441' title='bbox 712 3924 996 3979; x_wconf 82' lang='lat' dir='ltr'><strong>beatitudo</strong></span> <span class='ocrx_word' id='word_1_442' title='bbox 1062 3934 1155 3978; x_wconf 88' lang='lat' dir='ltr'><strong>tua</strong></span> <span class='ocrx_word' id='word_1_443' title='bbox 1184 3924 1451 3995; x_wconf 85' lang='lat' dir='ltr'><strong>postulat,</strong></span> <span class='ocrx_word' id='word_1_444' title='bbox 1492 3940 1522 3978; x_wconf 92' lang='lat' dir='ltr'><strong>a</strong></span> <span class='ocrx_word' id='word_1_445' title='bbox 1558 3924 1715 3980; x_wconf 87' lang='lat' dir='ltr'><strong>vobis</strong></span> <span class='ocrx_word' id='word_1_446' title='bbox 1746 3940 1940 3994; x_wconf 88' lang='lat' dir='ltr'><strong>proce-</strong></span> 
     </span>
    </p>
   </div>
   <div class='ocr_carea' id='block_1_71' title="bbox 367 4016 1945 4087">
    <p class='ocr_par' dir='ltr' id='par_1_71' title="bbox 367 4016 1945 4087">
     <span class='ocr_line' id='line_1_72' title="bbox 367 4016 1945 4087; baseline 0 -16"><span class='ocrx_word' id='word_1_447' title='bbox 367 4017 520 4081; x_wconf 86' lang='lat' dir='ltr'><strong>dere,</strong></span> <span class='ocrx_word' id='word_1_448' title='bbox 547 4032 712 4087; x_wconf 86' lang='lat' dir='ltr'><strong>quam</strong></span> <span class='ocrx_word' id='word_1_449' title='bbox 745 4032 774 4069; x_wconf 91' lang='lat' dir='ltr'><strong>a</strong></span> <span class='ocrx_word' id='word_1_450' title='bbox 799 4018 959 4071; x_wconf 86' lang='lat' dir='ltr'><strong>nobis</strong></span> <span class='ocrx_word' id='word_1_451' title='bbox 989 4017 1259 4085; x_wconf 80' lang='lat' dir='ltr'><strong>originem</strong></span> <span class='ocrx_word' id='word_1_452' title='bbox 1304 4032 1521 4072; x_wconf 89' lang='lat' dir='ltr'><strong>sumere</strong></span> <span class='ocrx_word' id='word_1_453' title='bbox 1553 4031 1620 4071; x_wconf 88' lang='lat' dir='ltr'><strong>ac</strong></span> <span class='ocrx_word' id='word_1_454' title='bbox 1670 4016 1945 4086; x_wconf 78' lang='lat' dir='ltr'><strong>proficisci</strong></span> 
     </span>
    </p>
   </div>
   <div class='ocr_carea' id='block_1_72' title="bbox 366 4110 1942 4183">
    <p class='ocr_par' dir='ltr' id='par_1_72' title="bbox 366 4110 1942 4183">
     <span class='ocr_line' id='line_1_73' title="bbox 366 4110 1942 4183; baseline -0.003 -17"><span class='ocrx_word' id='word_1_455' title='bbox 366 4113 582 4183; x_wconf 59' lang='lat' dir='ltr'><strong>aequius</strong></span> <span class='ocrx_word' id='word_1_456' title='bbox 620 4111 817 4166; x_wconf 81' lang='lat' dir='ltr'><strong>fuerat.</strong></span> <span class='ocrx_word' id='word_1_457' title='bbox 855 4110 930 4164; x_wconf 86' lang='lat' dir='ltr'><strong>De</strong></span> <span class='ocrx_word' id='word_1_458' title='bbox 971 4126 1028 4163; x_wconf 89' lang='lat' dir='ltr'><strong>re</strong></span> <span class='ocrx_word' id='word_1_459' title='bbox 1067 4110 1143 4178; x_wconf 72' lang='lat'><strong>(9)</strong></span> <span class='ocrx_word' id='word_1_460' title='bbox 1175 4110 1321 4163; x_wconf 90' lang='lat' dir='ltr'><strong>enim</strong></span> <span class='ocrx_word' id='word_1_461' title='bbox 1377 4124 1534 4163; x_wconf 81' lang='lat' dir='ltr'><strong>sacra</strong></span> <span class='ocrx_word' id='word_1_462' title='bbox 1594 4111 1942 4165; x_wconf 87' lang='lat' dir='ltr'><strong>sanctitatem</strong></span> 
     </span>
    </p>
   </div>
   <div class='ocr_carea' id='block_1_73' title="bbox 2049 3267 3560 3343">
    <p class='ocr_par' dir='ltr' id='par_1_73' title="bbox 2049 3267 3560 3343">
     <span class='ocr_line' id='line_1_74' title="bbox 2049 3267 3560 3343; baseline -0.001 -20"><span class='ocrx_word' id='word_1_463' title='bbox 2049 3273 2129 3335; x_wconf 85' lang='grc' dir='ltr'><strong>είς</strong></span> <span class='ocrx_word' id='word_1_464' title='bbox 2156 3271 2256 3343; x_wconf 82' lang='grc' dir='ltr'>τὴν</span> <span class='ocrx_word' id='word_1_465' title='bbox 2273 3273 2369 3325; x_wconf 84' lang='grc' dir='ltr'><strong>τοῦ</strong></span> <span class='ocrx_word' id='word_1_466' title='bbox 2396 3272 2752 3327; x_wconf 86' lang='grc' dir='ltr'>ὑποδιακόνου</span> <span class='ocrx_word' id='word_1_467' title='bbox 2787 3271 3129 3342; x_wconf 89' lang='grc' dir='ltr'>προχείρισιν</span> <span class='ocrx_word' id='word_1_468' title='bbox 3150 3267 3560 3339; x_wconf 72' lang='grc' dir='ltr'>ἐμποδίζεσθαι.</span> 
     </span>
    </p>
   </div>
   <div class='ocr_carea' id='block_1_74' title="bbox 2599 3450 3059 3505">
    <p class='ocr_par' dir='ltr' id='par_1_74' title="bbox 2599 3450 3059 3505">
     <span class='ocr_line' id='line_1_75' title="bbox 2599 3450 3059 3505; baseline 0.002 -2"><span class='ocrx_word' id='word_1_469' title='bbox 2599 3450 2674 3505; x_wconf 86' lang='grc' dir='ltr'><strong>’ΔΙ</strong></span> <span class='ocrx_word' id='word_1_470' title='bbox 2682 3450 2925 3503; x_wconf 76' lang='grc' dir='ltr'><strong>ᾹΤΑΞΙΣ</strong></span> <span class='ocrx_word' id='word_1_471' title='bbox 2965 3451 3059 3504; x_wconf 85' lang='lat' dir='ltr'><strong>IZ&#39;.</strong></span> 
     </span>
    </p>
   </div>
   <div class='ocr_carea' id='block_1_75' title="bbox 2048 3538 3635 3611">
    <p class='ocr_par' dir='ltr' id='par_1_75' title="bbox 2048 3538 3635 3611">
     <span class='ocr_line' id='line_1_76' title="bbox 2048 3538 3635 3611; baseline -0.001 -17"><span class='ocrx_word' id='word_1_472' title='bbox 2048 3541 2186 3609; x_wconf 78' lang='grc' dir='ltr'>Περὶ</span> <span class='ocrx_word' id='word_1_473' title='bbox 2224 3539 2340 3595; x_wconf 76' lang='grc' dir='ltr'>τῶν</span> <span class='ocrx_word' id='word_1_474' title='bbox 2365 3540 2679 3596; x_wconf 73' lang='grc' dir='ltr'>τεκουσῶν</span> <span class='ocrx_word' id='word_1_475' title='bbox 2700 3540 3005 3611; x_wconf 72' lang='grc' dir='ltr'>γυναικῶν</span> <span class='ocrx_word' id='word_1_476' title='bbox 3035 3540 3490 3611; x_wconf 19' lang='grc' dir='ltr'>πόῖελλαμσάνει</span> <span class='ocrx_word' id='word_1_477' title='bbox 3510 3538 3635 3611; x_wconf 53' lang='grc' dir='ltr'><strong>τῶν</strong></span> 
     </span>
    </p>
   </div>
   <div class='ocr_carea' id='block_1_76' title="bbox 2116 3608 3632 3680">
    <p class='ocr_par' dir='ltr' id='par_1_76' title="bbox 2116 3608 3632 3680">
     <span class='ocr_line' id='line_1_77' title="bbox 2116 3608 3632 3680; baseline -0.003 -15"><span class='ocrx_word' id='word_1_478' title='bbox 2116 3608 2292 3665; x_wconf 73' lang='grc' dir='ltr'>θείων</span> <span class='ocrx_word' id='word_1_479' title='bbox 2305 3612 2676 3680; x_wconf 74' lang='grc' dir='ltr'>μυστηρίων,</span> <span class='ocrx_word' id='word_1_480' title='bbox 2700 3608 2802 3664; x_wconf 65' lang='grc' dir='ltr'><strong>καὶ</strong></span> <span class='ocrx_word' id='word_1_481' title='bbox 2828 3611 2973 3664; x_wconf 79' lang='grc' dir='ltr'>πότε</span> <span class='ocrx_word' id='word_1_482' title='bbox 2991 3611 3065 3663; x_wconf 78' lang='grc' dir='ltr'>τὰ</span> <span class='ocrx_word' id='word_1_483' title='bbox 3087 3609 3286 3680; x_wconf 64' lang='grc' dir='ltr'>βρέφη</span> <span class='ocrx_word' id='word_1_484' title='bbox 3303 3608 3632 3673; x_wconf 72' lang='grc' dir='ltr'>,ϐαπτίζον-</span> 
     </span>
    </p>
   </div>
   <div class='ocr_carea' id='block_1_77' title="bbox 2116 3678 3446 3752">
    <p class='ocr_par' dir='ltr' id='par_1_77' title="bbox 2116 3678 3446 3752">
     <span class='ocr_line' id='line_1_78' title="bbox 2116 3678 3446 3752; baseline -0.003 -17"><span class='ocrx_word' id='word_1_485' title='bbox 2116 3699 2212 3736; x_wconf 81' lang='grc' dir='ltr'><strong>ται</strong></span> <span class='ocrx_word' id='word_1_486' title='bbox 2240 3678 2375 3751; x_wconf 56' lang='grc' dir='ltr'>ἇγξρι</span> <span class='ocrx_word' id='word_1_487' title='bbox 2406 3678 2524 3735; x_wconf 70' lang='grc' dir='ltr'><strong>τῶν</strong></span> <span class='ocrx_word' id='word_1_488' title='bbox 2547 3680 2606 3752; x_wconf 83' lang='grc' dir='ltr'>μ’</span> <span class='ocrx_word' id='word_1_489' title='bbox 2628 3680 2867 3750; x_wconf 70' lang='grc' dir='ltr'>ἡμερῶν</span> <span class='ocrx_word' id='word_1_490' title='bbox 2883 3680 3066 3750; x_wconf 80' lang='grc' dir='ltr'>χωρίς</span> <span class='ocrx_word' id='word_1_491' title='bbox 3087 3678 3355 3749; x_wconf 74' lang='grc' dir='ltr'>ἀνάγκης</span> <span class='ocrx_word' id='word_1_492' title='bbox 3378 3680 3446 3731; x_wconf 77' lang='grc'><strong>³³.</strong></span> 
     </span>
    </p>
   </div>
   <div class='ocr_carea' id='block_1_78' title="bbox 2120 3837 3061 3914">
    <p class='ocr_par' dir='ltr' id='par_1_78' title="bbox 2120 3837 3061 3914">
     <span class='ocr_line' id='line_1_79' title="bbox 2120 3837 3061 3914; baseline 0 -19"><span class='ocrx_word' id='word_1_493' title='bbox 2120 3841 2141 3914; x_wconf 88' lang='grc'>[</span> <span class='ocrx_word' id='word_1_494' title='bbox 2178 3841 2235 3895; x_wconf 87' lang='lat'><strong>&#39;0</strong></span> <span class='ocrx_word' id='word_1_495' title='bbox 2269 3841 2432 3904; x_wconf 75' lang='grc' dir='ltr'>αὐτὸς</span> <span class='ocrx_word' id='word_1_496' title='bbox 2467 3837 2761 3913; x_wconf 78' lang='grc' dir='ltr'>βασιλεὺς]</span> <span class='ocrx_word' id='word_1_497' title='bbox 2794 3839 2873 3911; x_wconf 86' lang='grc' dir='ltr'>τῷ</span> <span class='ocrx_word' id='word_1_498' title='bbox 2894 3838 3061 3911; x_wconf 80' lang='grc' dir='ltr'><strong>αὐτῷ.</strong></span> 
     </span>
    </p>
   </div>
   <div class='ocr_carea' id='block_1_79' title="bbox 2127 3920 3629 4004">
    <p class='ocr_par' dir='ltr' id='par_1_79' title="bbox 2127 3920 3629 4004">
     <span class='ocr_line' id='line_1_80' title="bbox 2127 3920 3629 4004; baseline -0.025 -17"><span class='ocrx_word' id='word_1_499' title='bbox 2127 3934 2193 3986; x_wconf 83' lang='grc' dir='ltr'><strong><em>Ἡ</em></strong></span> <span class='ocrx_word' id='word_1_500' title='bbox 2227 3932 2325 4004; x_wconf 80' lang='grc' dir='ltr'>μὲν</span> <span class='ocrx_word' id='word_1_501' title='bbox 2370 3931 2595 3999; x_wconf 77' lang='grc' dir='ltr'>ἀξίωσις</span> <span class='ocrx_word' id='word_1_502' title='bbox 2629 3931 2733 4002; x_wconf 84' lang='grc' dir='ltr'>τῆς</span> <span class='ocrx_word' id='word_1_503' title='bbox 2771 3920 3063 4002; x_wconf 80' lang='grc' dir='ltr'>ὑμετέρας</span> <span class='ocrx_word' id='word_1_504' title='bbox 3088 3944 3493 4000; x_wconf 72' lang='grc' dir='ltr'>μακαριοτητος</span> <span class='ocrx_word' id='word_1_505' title='bbox 3536 3926 3629 3995; x_wconf 66' lang='grc' dir='ltr'><strong>υφν</strong></span> 
     </span>
    </p>
   </div>
   <div class='ocr_carea' id='block_1_80' title="bbox 2048 4016 3630 4093">
    <p class='ocr_par' dir='ltr' id='par_1_80' title="bbox 2048 4016 3630 4093">
     <span class='ocr_line' id='line_1_81' title="bbox 2048 4016 3630 4093; baseline -0.003 -18"><span class='ocrx_word' id='word_1_506' title='bbox 2048 4022 2201 4093; x_wconf 85' lang='grc' dir='ltr'>ὑμῶν</span> <span class='ocrx_word' id='word_1_507' title='bbox 2240 4022 2441 4093; x_wconf 79' lang='grc' dir='ltr'>μᾶλλον</span> <span class='ocrx_word' id='word_1_508' title='bbox 2475 4022 2657 4075; x_wconf 89' lang='grc' dir='ltr'>δικαία</span> <span class='ocrx_word' id='word_1_509' title='bbox 2704 4022 3072 4093; x_wconf 78' lang='grc' dir='ltr'>προέρχεσθαι</span> <span class='ocrx_word' id='word_1_510' title='bbox 3110 4016 3199 4091; x_wconf 77' lang='grc' dir='ltr'>ἦν,</span> <span class='ocrx_word' id='word_1_511' title='bbox 3237 4022 3269 4090; x_wconf 83' lang='grc' dir='ltr'>ἢ</span> <span class='ocrx_word' id='word_1_512' title='bbox 3309 4021 3441 4089; x_wconf 81' lang='grc' dir='ltr'>παρ’</span> <span class='ocrx_word' id='word_1_513' title='bbox 3471 4018 3630 4089; x_wconf 79' lang='grc' dir='ltr'>ἡμῶν</span> 
     </span>
    </p>
   </div>
   <div class='ocr_carea' id='block_1_81' title="bbox 2046 4111 3629 4185">
    <p class='ocr_par' dir='ltr' id='par_1_81' title="bbox 2046 4111 3629 4185">
     <span class='ocr_line' id='line_1_82' title="bbox 2046 4111 3629 4185; baseline -0.004 -18"><span class='ocrx_word' id='word_1_514' title='bbox 2046 4116 2145 4185; x_wconf 84' lang='grc' dir='ltr'>τὴν</span> <span class='ocrx_word' id='word_1_515' title='bbox 2188 4114 2404 4182; x_wconf 87' lang='grc' dir='ltr'>γένεσιν</span> <span class='ocrx_word' id='word_1_516' title='bbox 2452 4114 2661 4167; x_wconf 74' lang='grc' dir='ltr'>λαϐεῖν’</span> <span class='ocrx_word' id='word_1_517' title='bbox 2692 4114 2800 4167; x_wconf 75' lang='grc' dir='ltr'>ἔδει</span> <span class='ocrx_word' id='word_1_518' title='bbox 2841 4114 2951 4184; x_wconf 85' lang='grc' dir='ltr'><strong>γὰρ</strong></span> <span class='ocrx_word' id='word_1_519' title='bbox 2998 4112 3098 4181; x_wconf 82' lang='grc' dir='ltr'>τῆς</span> <span class='ocrx_word' id='word_1_520' title='bbox 3148 4111 3305 4180; x_wconf 82' lang='grc' dir='ltr'>ὑμῶν</span> <span class='ocrx_word' id='word_1_521' title='bbox 3351 4111 3629 4180; x_wconf 88' lang='grc' dir='ltr'>ίερότητος</span> 
     </span>
    </p>
   </div>
   <div class='ocr_carea' id='block_1_82' title="bbox 368 4192 1955 4275">
    <p class='ocr_par' dir='ltr' id='par_1_82' title="bbox 368 4199 1947 4271">
     <span class='ocr_line' id='line_1_83' title="bbox 368 4199 1947 4271; baseline -0.002 -12"><span class='ocrx_word' id='word_1_522' title='bbox 368 4214 517 4259; x_wconf 85' lang='lat' dir='ltr'><strong>tuam</strong></span> <span class='ocrx_word' id='word_1_523' title='bbox 541 4204 758 4258; x_wconf 79' lang='lat' dir='ltr'><strong>sancire</strong></span> <span class='ocrx_word' id='word_1_524' title='bbox 796 4202 1108 4270; x_wconf 81' lang='lat' dir='ltr'><strong>oportebat.</strong></span> <span class='ocrx_word' id='word_1_525' title='bbox 1142 4199 1341 4255; x_wconf 89' lang='lat' dir='ltr'><strong>Verum</strong></span> <span class='ocrx_word' id='word_1_526' title='bbox 1366 4201 1629 4271; x_wconf 85' lang='lat' dir='ltr'><strong>quoniam</strong></span> <span class='ocrx_word' id='word_1_527' title='bbox 1656 4217 1820 4271; x_wconf 90' lang='lat' dir='ltr'><strong>super</strong></span> <span class='ocrx_word' id='word_1_528' title='bbox 1838 4217 1947 4257; x_wconf 80' lang='lat' dir='ltr'><strong>uno</strong></span> 
     </span>
    </p>
   </div>
   <div class='ocr_carea' id='block_1_83' title="bbox 2058 4192 3627 4275">
    <p class='ocr_par' dir='ltr' id='par_1_83' title="bbox 2058 4192 3627 4275">
     <span class='ocr_line' id='line_1_84' title="bbox 2058 4192 3627 4275; baseline -0.003 -18"><span class='ocrx_word' id='word_1_529' title='bbox 2058 4205 2325 4275; x_wconf 63' lang='grc' dir='ltr'>θέσπισμα</span> <span class='ocrx_word' id='word_1_530' title='bbox 2359 4192 2499 4256; x_wconf 79' lang='grc' dir='ltr'>εἶναι</span> <span class='ocrx_word' id='word_1_531' title='bbox 2530 4202 2789 4256; x_wconf 82' lang='grc' dir='ltr'>ὑπόθεσιν</span> <span class='ocrx_word' id='word_1_532' title='bbox 2818 4202 2992 4273; x_wconf 84' lang='grc' dir='ltr'>ίεράν.</span> <span class='ocrx_word' id='word_1_533' title='bbox 3029 4201 3184 4256; x_wconf 78' lang='grc' dir='ltr'>Ἐπεὶ</span> <span class='ocrx_word' id='word_1_534' title='bbox 3208 4200 3264 4254; x_wconf 79' lang='grc' dir='ltr'>δέ</span> <span class='ocrx_word' id='word_1_535' title='bbox 3297 4218 3432 4270; x_wconf 85' lang='grc' dir='ltr'>φατε</span> <span class='ocrx_word' id='word_1_536' title='bbox 3461 4201 3536 4263; x_wconf 84' lang='grc' dir='ltr'>ὡς</span> <span class='ocrx_word' id='word_1_537' title='bbox 3564 4201 3627 4253; x_wconf 84' lang='grc' dir='ltr'>οὐ</span> 
     </span>
    </p>
   </div>
   <div class='ocr_carea' id='block_1_84' title="bbox 368 4291 1955 4365">
    <p class='ocr_par' dir='ltr' id='par_1_84' title="bbox 368 4292 1945 4365">
     <span class='ocr_line' id='line_1_85' title="bbox 368 4292 1945 4365; baseline -0.003 -13"><span class='ocrx_word' id='word_1_538' title='bbox 368 4296 637 4352; x_wconf 79' lang='lat' dir='ltr'><strong>duntaxat</strong></span> <span class='ocrx_word' id='word_1_539' title='bbox 662 4295 841 4365; x_wconf 87' lang='lat' dir='ltr'><strong>capite</strong></span> <span class='ocrx_word' id='word_1_540' title='bbox 871 4293 1168 4348; x_wconf 89' lang='lat' dir='ltr'><strong>concilium</strong></span> <span class='ocrx_word' id='word_1_541' title='bbox 1190 4292 1507 4347; x_wconf 91' lang='lat' dir='ltr'><strong>consultare</strong></span> <span class='ocrx_word' id='word_1_542' title='bbox 1533 4295 1681 4363; x_wconf 90' lang='lat' dir='ltr'><strong>(cum</strong></span> <span class='ocrx_word' id='word_1_543' title='bbox 1712 4294 1779 4349; x_wconf 90' lang='lat' dir='ltr'><strong>de</strong></span> <span class='ocrx_word' id='word_1_544' title='bbox 1804 4295 1945 4348; x_wconf 88' lang='lat' dir='ltr'><strong>mul-</strong></span> 
     </span>
    </p>
   </div>
   <div class='ocr_carea' id='block_1_85' title="bbox 2058 4291 3625 4365">
    <p class='ocr_par' dir='ltr' id='par_1_85' title="bbox 2058 4291 3625 4365">
     <span class='ocr_line' id='line_1_86' title="bbox 2058 4291 3625 4365; baseline -0.004 -15"><span class='ocrx_word' id='word_1_545' title='bbox 2058 4297 2161 4351; x_wconf 62' lang='grc' dir='ltr'>δέον</span> <span class='ocrx_word' id='word_1_546' title='bbox 2191 4297 2273 4364; x_wconf 80' lang='grc' dir='ltr'><strong>ἐφ’</strong></span> <span class='ocrx_word' id='word_1_547' title='bbox 2301 4296 2382 4348; x_wconf 75' lang='grc' dir='ltr'><strong>ἐνὶ</strong></span> <span class='ocrx_word' id='word_1_548' title='bbox 2409 4295 2692 4365; x_wconf 82' lang='grc' dir='ltr'>κεφαλαίῳ</span> <span class='ocrx_word' id='word_1_549' title='bbox 2727 4293 3011 4363; x_wconf 84' lang='grc' dir='ltr'>συνοδικὴν</span> <span class='ocrx_word' id='word_1_550' title='bbox 3034 4293 3287 4361; x_wconf 79' lang='grc' dir='ltr'>γενέσθαι</span> <span class='ocrx_word' id='word_1_551' title='bbox 3318 4291 3625 4361; x_wconf 77' lang='grc' dir='ltr'>διάσκεψιν,</span> 
     </span>
    </p>
   </div>
   <div class='ocr_carea' id='block_1_86' title="bbox 372 4383 1955 4459">
    <p class='ocr_par' dir='ltr' id='par_1_86' title="bbox 372 4383 1945 4453">
     <span class='ocr_line' id='line_1_87' title="bbox 372 4383 1945 4453; baseline 0.001 -13"><span class='ocrx_word' id='word_1_552' title='bbox 372 4386 445 4441; x_wconf 90' lang='lat' dir='ltr'><strong>tis</strong></span> <span class='ocrx_word' id='word_1_553' title='bbox 480 4386 779 4441; x_wconf 91' lang='lat' dir='ltr'><strong>decernere</strong></span> <span class='ocrx_word' id='word_1_554' title='bbox 830 4383 1050 4439; x_wconf 87' lang='lat' dir='ltr'><strong>concilii</strong></span> <span class='ocrx_word' id='word_1_555' title='bbox 1085 4384 1180 4453; x_wconf 89' lang='lat' dir='ltr'><strong>sit)</strong></span> <span class='ocrx_word' id='word_1_556' title='bbox 1222 4384 1613 4441; x_wconf 85' lang='lat' dir='ltr'><strong>inconveniens</strong></span> <span class='ocrx_word' id='word_1_557' title='bbox 1645 4400 1791 4453; x_wconf 89' lang='lat' dir='ltr'><strong>esse,</strong></span> <span class='ocrx_word' id='word_1_558' title='bbox 1844 4402 1945 4442; x_wconf 90' lang='lat' dir='ltr'><strong>nos</strong></span> 
     </span>
    </p>
   </div>
   <div class='ocr_carea' id='block_1_87' title="bbox 2058 4383 3626 4459">
    <p class='ocr_par' dir='ltr' id='par_1_87' title="bbox 2058 4385 3626 4459">
     <span class='ocr_line' id='line_1_88' title="bbox 2058 4385 3626 4459; baseline -0.004 -16"><span class='ocrx_word' id='word_1_559' title='bbox 2058 4391 2266 4443; x_wconf 64' lang='grc' dir='ltr'>συνόδου</span> <span class='ocrx_word' id='word_1_560' title='bbox 2296 4390 2341 4440; x_wconf 89' lang='grc' dir='ltr'>δ’</span> <span class='ocrx_word' id='word_1_561' title='bbox 2370 4388 2435 4442; x_wconf 85' lang='grc' dir='ltr'>ἂν</span> <span class='ocrx_word' id='word_1_562' title='bbox 2465 4391 2551 4455; x_wconf 87' lang='grc' dir='ltr'><strong>εἰη</strong></span> <span class='ocrx_word' id='word_1_563' title='bbox 2583 4388 2746 4459; x_wconf 72' lang='grc' dir='ltr'>ἔργον</span> <span class='ocrx_word' id='word_1_564' title='bbox 2771 4388 3036 4457; x_wconf 80' lang='grc' dir='ltr'>προάγειν</span> <span class='ocrx_word' id='word_1_565' title='bbox 3070 4386 3285 4457; x_wconf 79' lang='grc' dir='ltr'>ψήφους</span> <span class='ocrx_word' id='word_1_566' title='bbox 3309 4426 3325 4451; x_wconf 92' lang='grc'><strong>,</strong></span> <span class='ocrx_word' id='word_1_567' title='bbox 3359 4385 3626 4454; x_wconf 82' lang='grc' dir='ltr'>ἡμέτερον</span> 
     </span>
    </p>
   </div>
   <div class='ocr_carea' id='block_1_88' title="bbox 369 4474 1955 4550">
    <p class='ocr_par' dir='ltr' id='par_1_88' title="bbox 369 4475 1943 4550">
     <span class='ocr_line' id='line_1_89' title="bbox 369 4475 1943 4550; baseline 0.003 -20"><span class='ocrx_word' id='word_1_568' title='bbox 369 4492 501 4533; x_wconf 85' lang='lat' dir='ltr'><strong>vero</strong></span> <span class='ocrx_word' id='word_1_569' title='bbox 526 4485 581 4532; x_wconf 89' lang='lat' dir='ltr'><strong>et</strong></span> <span class='ocrx_word' id='word_1_570' title='bbox 613 4477 751 4543; x_wconf 79' lang='lat' dir='ltr'><strong>citra</strong></span> <span class='ocrx_word' id='word_1_571' title='bbox 786 4476 1083 4531; x_wconf 89' lang='lat' dir='ltr'><strong>concilium</strong></span> <span class='ocrx_word' id='word_1_572' title='bbox 1114 4475 1396 4531; x_wconf 88' lang='lat' dir='ltr'><strong>decretum</strong></span> <span class='ocrx_word' id='word_1_573' title='bbox 1430 4475 1613 4533; x_wconf 82' lang='lat' dir='ltr'><strong>facere</strong></span> <span class='ocrx_word' id='word_1_574' title='bbox 1660 4494 1823 4550; x_wconf 89' lang='lat' dir='ltr'><strong>posse</strong></span> <span class='ocrx_word' id='word_1_575' title='bbox 1856 4480 1943 4535; x_wconf 87' lang='lat' dir='ltr'><strong>di-</strong></span> 
     </span>
    </p>
   </div>
   <div class='ocr_carea' id='block_1_89' title="bbox 2058 4474 3629 4550">
    <p class='ocr_par' dir='ltr' id='par_1_89' title="bbox 2058 4476 3629 4549">
     <span class='ocr_line' id='line_1_90' title="bbox 2058 4476 3629 4549; baseline -0.004 -15"><span class='ocrx_word' id='word_1_576' title='bbox 2058 4481 2105 4534; x_wconf 72' lang='lat'><strong>5‘6</strong></span> <span class='ocrx_word' id='word_1_577' title='bbox 2134 4482 2230 4535; x_wconf 76' lang='grc' dir='ltr'><strong>καὶ</strong></span> <span class='ocrx_word' id='word_1_578' title='bbox 2256 4481 2380 4549; x_wconf 82' lang='grc' dir='ltr'>δίχα</span> <span class='ocrx_word' id='word_1_579' title='bbox 2409 4479 2629 4531; x_wconf 89' lang='grc' dir='ltr'>συνόδου</span> <span class='ocrx_word' id='word_1_580' title='bbox 2658 4476 2967 4531; x_wconf 78' lang='grc' dir='ltr'>ἐκτίθεσθαι</span> <span class='ocrx_word' id='word_1_581' title='bbox 2997 4476 3197 4548; x_wconf 86' lang='grc' dir='ltr'>δόγμα,</span> <span class='ocrx_word' id='word_1_582' title='bbox 3224 4477 3502 4545; x_wconf 80' lang='grc' dir='ltr'>δεχόμενοι</span> <span class='ocrx_word' id='word_1_583' title='bbox 3527 4480 3629 4541; x_wconf 74' lang='grc' dir='ltr'>τὴν</span> 
     </span>
    </p>
   </div>
   <div class='ocr_carea' id='block_1_90' title="bbox 368 4564 1955 4643">
    <p class='ocr_par' dir='ltr' id='par_1_90' title="bbox 368 4568 1943 4639">
     <span class='ocr_line' id='line_1_91' title="bbox 368 4568 1943 4639; baseline 0.001 -13"><span class='ocrx_word' id='word_1_584' title='bbox 368 4570 535 4626; x_wconf 87' lang='lat' dir='ltr'><strong>citis:</strong></span> <span class='ocrx_word' id='word_1_585' title='bbox 572 4568 1008 4625; x_wconf 87' lang='lat' dir='ltr'><strong>admonitionem</strong></span> <span class='ocrx_word' id='word_1_586' title='bbox 1047 4568 1441 4638; x_wconf 78' lang='lat' dir='ltr'><strong>suscipientes,</strong></span> <span class='ocrx_word' id='word_1_587' title='bbox 1496 4570 1698 4639; x_wconf 86' lang='lat' dir='ltr'><strong>quibus</strong></span> <span class='ocrx_word' id='word_1_588' title='bbox 1754 4572 1822 4627; x_wconf 93' lang='lat' dir='ltr'><strong>de</strong></span> <span class='ocrx_word' id='word_1_589' title='bbox 1856 4588 1943 4629; x_wconf 86' lang='lat' dir='ltr'><strong>re-</strong></span> 
     </span>
    </p>
   </div>
   <div class='ocr_carea' id='block_1_91' title="bbox 2058 4564 3629 4643">
    <p class='ocr_par' dir='ltr' id='par_1_91' title="bbox 2058 4564 3629 4643">
     <span class='ocr_line' id='line_1_92' title="bbox 2058 4564 3629 4643; baseline -0.005 -19"><span class='ocrx_word' id='word_1_590' title='bbox 2058 4570 2365 4643; x_wconf 80' lang='grc' dir='ltr'>προτροπὴν</span> <span class='ocrx_word' id='word_1_591' title='bbox 2384 4564 2459 4624; x_wconf 82' lang='grc' dir='ltr'>ὧν</span> <span class='ocrx_word' id='word_1_592' title='bbox 2496 4569 2711 4635; x_wconf 77' lang='grc' dir='ltr'>ἀξιοῦτε</span> <span class='ocrx_word' id='word_1_593' title='bbox 2734 4566 2976 4632; x_wconf 79' lang='grc' dir='ltr'>διάταξιν</span> <span class='ocrx_word' id='word_1_594' title='bbox 3006 4568 3334 4639; x_wconf 78' lang='grc' dir='ltr'>ἐκφέρομεν.</span> <span class='ocrx_word' id='word_1_595' title='bbox 3369 4565 3475 4618; x_wconf 79' lang='grc' dir='ltr'><strong>Τοῦ</strong></span> <span class='ocrx_word' id='word_1_596' title='bbox 3511 4566 3629 4617; x_wconf 77' lang='grc' dir='ltr'><strong>Κυ-</strong></span> 
     </span>
    </p>
   </div>
   <div class='ocr_carea' id='block_1_92' title="bbox 365 4657 1955 4733">
    <p class='ocr_par' dir='ltr' id='par_1_92' title="bbox 365 4658 1942 4733">
     <span class='ocr_line' id='line_1_93' title="bbox 365 4658 1942 4733; baseline -0.002 -15"><span class='ocrx_word' id='word_1_597' title='bbox 365 4663 472 4717; x_wconf 85' lang='lat' dir='ltr'><strong>bus</strong></span> <span class='ocrx_word' id='word_1_598' title='bbox 525 4661 951 4733; x_wconf 81' lang='lat' dir='ltr'><strong>postulationem</strong></span> <span class='ocrx_word' id='word_1_599' title='bbox 976 4658 1322 4721; x_wconf 88' lang='lat' dir='ltr'><strong>instituistis,</strong></span> <span class='ocrx_word' id='word_1_600' title='bbox 1365 4658 1434 4713; x_wconf 90' lang='lat' dir='ltr'><strong>de</strong></span> <span class='ocrx_word' id='word_1_601' title='bbox 1467 4658 1536 4714; x_wconf 91' lang='lat' dir='ltr'><strong>iis</strong></span> <span class='ocrx_word' id='word_1_602' title='bbox 1581 4661 1942 4716; x_wconf 89' lang='lat' dir='ltr'><strong>constitutio-</strong></span> 
     </span>
    </p>
   </div>
   <div class='ocr_carea' id='block_1_93' title="bbox 2058 4657 3626 4733">
    <p class='ocr_par' dir='ltr' id='par_1_93' title="bbox 2058 4657 3626 4731">
     <span class='ocr_line' id='line_1_94' title="bbox 2058 4657 3626 4731; baseline -0.004 -16"><span class='ocrx_word' id='word_1_603' title='bbox 2058 4664 2169 4730; x_wconf 87' lang='grc' dir='ltr'>ρίου</span> <span class='ocrx_word' id='word_1_604' title='bbox 2192 4663 2371 4714; x_wconf 79' lang='grc' dir='ltr'>τοίνυν</span> <span class='ocrx_word' id='word_1_605' title='bbox 2397 4663 2489 4713; x_wconf 79' lang='grc' dir='ltr'><strong>καὶ</strong></span> <span class='ocrx_word' id='word_1_606' title='bbox 2512 4662 2762 4731; x_wconf 80' lang='grc' dir='ltr'>Σωτῆρος</span> <span class='ocrx_word' id='word_1_607' title='bbox 2777 4659 2953 4730; x_wconf 74' lang='grc' dir='ltr'>ἡμῶν,</span> <span class='ocrx_word' id='word_1_608' title='bbox 2975 4658 3114 4712; x_wconf 83' lang='grc' dir='ltr'>ὥστε</span> <span class='ocrx_word' id='word_1_609' title='bbox 3138 4658 3215 4728; x_wconf 85' lang='grc' dir='ltr'>τῷ</span> <span class='ocrx_word' id='word_1_610' title='bbox 3232 4657 3499 4727; x_wconf 88' lang='grc' dir='ltr'>φωτισμῷ</span> <span class='ocrx_word' id='word_1_611' title='bbox 3527 4658 3626 4726; x_wconf 71' lang='grc' dir='ltr'>τῆς</span> 
     </span>
    </p>
   </div>
   <div class='ocr_carea' id='block_1_94' title="bbox 365 4747 1955 4820">
    <p class='ocr_par' dir='ltr' id='par_1_94' title="bbox 365 4747 1943 4819">
     <span class='ocr_line' id='line_1_95' title="bbox 365 4747 1943 4819; baseline 0 -10"><span class='ocrx_word' id='word_1_612' title='bbox 365 4768 491 4809; x_wconf 77' lang='lat' dir='ltr'><strong>netu</strong></span> <span class='ocrx_word' id='word_1_613' title='bbox 524 4754 850 4808; x_wconf 87' lang='lat' dir='ltr'><strong>emittimus.</strong></span> <span class='ocrx_word' id='word_1_614' title='bbox 897 4750 1037 4805; x_wconf 86' lang='lat' dir='ltr'><strong>Cum</strong></span> <span class='ocrx_word' id='word_1_615' title='bbox 1086 4751 1273 4819; x_wconf 86' lang='lat' dir='ltr'><strong>itaque</strong></span> <span class='ocrx_word' id='word_1_616' title='bbox 1302 4747 1571 4806; x_wconf 81' lang='lat' dir='ltr'><strong>Dominus</strong></span> <span class='ocrx_word' id='word_1_617' title='bbox 1594 4759 1648 4806; x_wconf 87' lang='lat' dir='ltr'><strong>et</strong></span> <span class='ocrx_word' id='word_1_618' title='bbox 1684 4751 1943 4809; x_wconf 85' lang='lat' dir='ltr'><strong>Servator</strong></span> 
     </span>
    </p>
   </div>
   <div class='ocr_carea' id='block_1_95' title="bbox 2058 4747 3626 4820">
    <p class='ocr_par' dir='ltr' id='par_1_95' title="bbox 2058 4747 3626 4820">
     <span class='ocr_line' id='line_1_96' title="bbox 2058 4747 3626 4820; baseline -0.005 -16"><span class='ocrx_word' id='word_1_619' title='bbox 2058 4751 2217 4804; x_wconf 77' lang='grc' dir='ltr'>αὐτοῦ</span> <span class='ocrx_word' id='word_1_620' title='bbox 2248 4752 2405 4820; x_wconf 79' lang='grc' dir='ltr'>δόξης</span> <span class='ocrx_word' id='word_1_621' title='bbox 2431 4748 2988 4820; x_wconf 77' lang='grc' dir='ltr'>ἐπιλαμφθῆναιτοὺς</span> <span class='ocrx_word' id='word_1_622' title='bbox 3009 4751 3067 4801; x_wconf 82' lang='grc' dir='ltr'><strong>ἐν</strong></span> <span class='ocrx_word' id='word_1_623' title='bbox 3099 4748 3282 4800; x_wconf 86' lang='grc' dir='ltr'>σκότει</span> <span class='ocrx_word' id='word_1_624' title='bbox 3303 4747 3626 4816; x_wconf 86' lang='grc' dir='ltr'>διαπορευο-</span> 
     </span>
    </p>
   </div>
   <div class='ocr_carea' id='block_1_96' title="bbox 365 4837 1955 4913">
    <p class='ocr_par' dir='ltr' id='par_1_96' title="bbox 365 4837 1947 4912">
     <span class='ocr_line' id='line_1_97' title="bbox 365 4837 1947 4912; baseline -0.001 -15"><span class='ocrx_word' id='word_1_625' title='bbox 365 4854 577 4906; x_wconf 84' lang='lat' dir='ltr'><strong>noster,</strong></span> <span class='ocrx_word' id='word_1_626' title='bbox 603 4858 716 4912; x_wconf 88' lang='lat' dir='ltr'><strong>quo</strong></span> <span class='ocrx_word' id='word_1_627' title='bbox 745 4840 1042 4910; x_wconf 90' lang='lat' dir='ltr'><strong>splendore</strong></span> <span class='ocrx_word' id='word_1_628' title='bbox 1063 4838 1253 4909; x_wconf 71' lang='lat' dir='ltr'><strong>gloriae</strong></span> <span class='ocrx_word' id='word_1_629' title='bbox 1283 4837 1461 4908; x_wconf 88' lang='lat' dir='ltr'><strong>ipsius</strong></span> <span class='ocrx_word' id='word_1_630' title='bbox 1501 4838 1947 4896; x_wconf 85' lang='lat' dir='ltr'><strong>illuminarentur</strong></span> 
     </span>
    </p>
   </div>
   <div class='ocr_carea' id='block_1_97' title="bbox 2058 4837 3623 4913">
    <p class='ocr_par' dir='ltr' id='par_1_97' title="bbox 2058 4840 3623 4913">
     <span class='ocr_line' id='line_1_98' title="bbox 2058 4840 3623 4913; baseline -0.003 -18"><span class='ocrx_word' id='word_1_631' title='bbox 2058 4845 2273 4912; x_wconf 75' lang='grc' dir='ltr'>μένους,</span> <span class='ocrx_word' id='word_1_632' title='bbox 2294 4844 2495 4912; x_wconf 82' lang='grc' dir='ltr'>σαρκὸς</span> <span class='ocrx_word' id='word_1_633' title='bbox 2528 4842 2686 4913; x_wconf 77' lang='grc' dir='ltr'>ἡμῶν</span> <span class='ocrx_word' id='word_1_634' title='bbox 2715 4844 2810 4896; x_wconf 72' lang='grc' dir='ltr'><strong>καὶ</strong></span> <span class='ocrx_word' id='word_1_635' title='bbox 2848 4842 3079 4912; x_wconf 83' lang='grc' dir='ltr'>αἵματος</span> <span class='ocrx_word' id='word_1_636' title='bbox 3109 4840 3505 4912; x_wconf 82' lang='grc' dir='ltr'>παραπλησίως</span> <span class='ocrx_word' id='word_1_637' title='bbox 3531 4857 3623 4892; x_wconf 83' lang='grc' dir='ltr'><strong>κε·-</strong></span> 
     </span>
    </p>
   </div>
   <div class='ocr_carea' id='block_1_98' title="bbox 364 4928 1955 5002">
    <p class='ocr_par' dir='ltr' id='par_1_98' title="bbox 364 4928 1945 5002">
     <span class='ocr_line' id='line_1_99' title="bbox 364 4928 1945 5002; baseline 0.001 -17"><span class='ocrx_word' id='word_1_638' title='bbox 364 4932 462 5002; x_wconf 86' lang='lat' dir='ltr'><strong>qui</strong></span> <span class='ocrx_word' id='word_1_639' title='bbox 482 4931 537 4985; x_wconf 89' lang='lat' dir='ltr'><strong>in</strong></span> <span class='ocrx_word' id='word_1_640' title='bbox 568 4931 815 4987; x_wconf 88' lang='lat' dir='ltr'><strong>tenebris</strong></span> <span class='ocrx_word' id='word_1_641' title='bbox 846 4930 1152 4991; x_wconf 87' lang='lat' dir='ltr'><strong>ambulant,</strong></span> <span class='ocrx_word' id='word_1_642' title='bbox 1199 4928 1356 4997; x_wconf 83' lang='lat' dir='ltr'><strong>juxta</strong></span> <span class='ocrx_word' id='word_1_643' title='bbox 1394 4936 1559 4997; x_wconf 85' lang='lat' dir='ltr'><strong>atque</strong></span> <span class='ocrx_word' id='word_1_644' title='bbox 1611 4946 1711 4984; x_wconf 86' lang='lat' dir='ltr'><strong>nos</strong></span> <span class='ocrx_word' id='word_1_645' title='bbox 1761 4934 1945 4988; x_wconf 90' lang='lat' dir='ltr'><strong>carnis</strong></span> 
     </span>
    </p>
   </div>
   <div class='ocr_carea' id='block_1_99' title="bbox 2058 4928 3626 5002">
    <p class='ocr_par' dir='ltr' id='par_1_99' title="bbox 2058 4928 3626 5002">
     <span class='ocr_line' id='line_1_100' title="bbox 2058 4928 3626 5002; baseline 0 -19"><span class='ocrx_word' id='word_1_646' title='bbox 2058 4934 2463 5001; x_wconf 82' lang='grc' dir='ltr'>κοινωνηκότος,</span> <span class='ocrx_word' id='word_1_647' title='bbox 2492 4934 2613 4985; x_wconf 84' lang='grc' dir='ltr'>λίαν</span> <span class='ocrx_word' id='word_1_648' title='bbox 2636 4932 2824 5002; x_wconf 75' lang='grc' dir='ltr'>ἔμοιγε</span> <span class='ocrx_word' id='word_1_649' title='bbox 2844 4930 3060 4985; x_wconf 84' lang='grc' dir='ltr'>δοκοῦσι</span> <span class='ocrx_word' id='word_1_650' title='bbox 3086 4933 3302 5002; x_wconf 86' lang='grc' dir='ltr'>φρονεῖν</span> <span class='ocrx_word' id='word_1_651' title='bbox 3330 4928 3626 4983; x_wconf 78' lang='grc' dir='ltr'>ὑπεναντία</span> 
     </span>
    </p>
   </div>
   <div class='ocr_carea' id='block_1_100' title="bbox 365 5020 1955 5107">
    <p class='ocr_par' dir='ltr' id='par_1_100' title="bbox 365 5020 1941 5092">
     <span class='ocr_line' id='line_1_101' title="bbox 365 5020 1941 5092; baseline 0.002 -17"><span class='ocrx_word' id='word_1_652' title='bbox 365 5032 532 5092; x_wconf 83' lang='lat' dir='ltr'><strong>atque</strong></span> <span class='ocrx_word' id='word_1_653' title='bbox 586 5022 878 5092; x_wconf 79' lang='lat' dir='ltr'><strong>sanguinis</strong></span> <span class='ocrx_word' id='word_1_654' title='bbox 924 5020 1100 5074; x_wconf 87' lang='lat' dir='ltr'><strong>nostri</strong></span> <span class='ocrx_word' id='word_1_655' title='bbox 1164 5020 1440 5088; x_wconf 88' lang='lat' dir='ltr'><strong>particeps</strong></span> <span class='ocrx_word' id='word_1_656' title='bbox 1503 5022 1683 5076; x_wconf 83' lang='lat' dir='ltr'><strong>factus</strong></span> <span class='ocrx_word' id='word_1_657' title='bbox 1744 5022 1941 5078; x_wconf 81' lang='lat' dir='ltr'><strong>fuerit:</strong></span> 
     </span>
    </p>
   </div>
   <div class='ocr_carea' id='block_1_101' title="bbox 2058 5020 3624 5107">
    <p class='ocr_par' dir='ltr' id='par_1_101' title="bbox 2058 5020 3624 5107">
     <span class='ocr_line' id='line_1_102' title="bbox 2058 5020 3624 5107; baseline -0.001 -33"><span class='ocrx_word' id='word_1_658' title='bbox 2058 5026 2117 5093; x_wconf 78' lang='grc' dir='ltr'>τῇ</span> <span class='ocrx_word' id='word_1_659' title='bbox 2141 5025 2351 5077; x_wconf 86' lang='grc' dir='ltr'>ἐκείνου</span> <span class='ocrx_word' id='word_1_660' title='bbox 2372 5022 2704 5093; x_wconf 84' lang='grc' dir='ltr'>σωτηριὼδει</span> <span class='ocrx_word' id='word_1_661' title='bbox 2725 5024 2969 5094; x_wconf 74' lang='grc' dir='ltr'>προνοίᾳ,</span> <span class='ocrx_word' id='word_1_662' title='bbox 2995 5025 3109 5107; x_wconf 72' lang='grc' dir='ltr'>ὅσοι</span> <span class='ocrx_word' id='word_1_663' title='bbox 3135 5023 3211 5093; x_wconf 81' lang='grc' dir='ltr'>μὴ</span> <span class='ocrx_word' id='word_1_664' title='bbox 3230 5021 3319 5074; x_wconf 84' lang='grc' dir='ltr'>τοῦ</span> <span class='ocrx_word' id='word_1_665' title='bbox 3342 5020 3624 5091; x_wconf 84' lang='grc' dir='ltr'>φωτισμοῦ</span> 
     </span>
    </p>
   </div>
   <div class='ocr_carea' id='block_1_102' title="bbox 1651 5153 2326 5217">
    <p class='ocr_par' dir='ltr' id='par_1_102' title="bbox 1651 5153 2326 5217">
     <span class='ocr_line' id='line_1_103' title="bbox 1651 5153 2326 5217; baseline 0.013 -10"><span class='ocrx_word' id='word_1_666' title='bbox 1651 5153 1887 5211; x_wconf 67' lang='lat' dir='ltr'><strong>VARUS</strong></span> <span class='ocrx_word' id='word_1_667' title='bbox 1927 5158 2326 5217; x_wconf 77' lang='lat' dir='ltr'><strong>LECTIONES.</strong></span> 
     </span>
    </p>
   </div>
   <div class='ocr_carea' id='block_1_103' title="bbox 466 5272 859 5339">
    <p class='ocr_par' dir='ltr' id='par_1_103' title="bbox 466 5272 859 5339">
     <span class='ocr_line' id='line_1_104' title="bbox 466 5272 859 5339; baseline -0.013 -12"><span class='ocrx_word' id='word_1_668' title='bbox 466 5274 514 5306; x_wconf 67' lang='grc' dir='ltr'><strong>θ’</strong></span> <span class='ocrx_word' id='word_1_669' title='bbox 573 5272 859 5339; x_wconf 71' lang='lat' dir='ltr'><strong>Osvuliri&#39;tg</strong></span> 
     </span>
    </p>
   </div>
   <div class='ocr_carea' id='block_1_104' title="bbox 495 5270 3618 5392">
    <p class='ocr_par' dir='ltr' id='par_1_104' title="bbox 495 5270 3618 5392">
     <span class='ocr_line' id='line_1_105' title="bbox 495 5270 3618 5392; baseline -0 -67"><span class='ocrx_word' id='word_1_670' title='bbox 495 5274 514 5353; x_wconf 76' lang='lat'><strong>_°</strong></span> <span class='ocrx_word' id='word_1_671' title='bbox 573 5272 963 5392; x_wconf 59' lang='lat' dir='ltr'><strong>Ost&#39;IiIinlg§EIl</strong></span> <span class='ocrx_word' id='word_1_672' title='bbox 1003 5270 1385 5339; x_wconf 77' lang='lat' dir='ltr'><strong>corrigendum</strong></span> <span class='ocrx_word' id='word_1_673' title='bbox 1444 5278 1597 5349; x_wconf 74' lang='lat' dir='ltr'><strong>putat</strong></span> <span class='ocrx_word' id='word_1_674' title='bbox 1629 5278 1704 5321; x_wconf 76' lang='grc' dir='ltr'><strong>κε’</strong></span> <span class='ocrx_word' id='word_1_675' title='bbox 1734 5273 1871 5324; x_wconf 75' lang='grc' dir='ltr'>ἐτῶν</span> <span class='ocrx_word' id='word_1_676' title='bbox 1897 5276 2033 5328; x_wconf 67' lang='grc' dir='ltr'>ἀλλὰ</span> <span class='ocrx_word' id='word_1_677' title='bbox 2076 5283 2143 5329; x_wconf 86' lang='grc' dir='ltr'><strong>κ’.</strong></span> <span class='ocrx_word' id='word_1_678' title='bbox 2207 5274 2251 5306; x_wconf 86' lang='lat'><strong>&#39;”</strong></span> <span class='ocrx_word' id='word_1_679' title='bbox 2278 5277 2575 5332; x_wconf 71' lang='lat' dir='ltr'><strong>Iustiniani</strong></span> <span class='ocrx_word' id='word_1_680' title='bbox 2613 5277 2746 5332; x_wconf 78' lang='lat' dir='ltr'><strong>Nov.</strong></span> <span class='ocrx_word' id='word_1_681' title='bbox 2787 5277 2908 5349; x_wconf 48' lang='lat' dir='ltr'><strong>I25,</strong></span> <span class='ocrx_word' id='word_1_682' title='bbox 2937 5291 2989 5330; x_wconf 90' lang='lat' dir='ltr'><strong>c.</strong></span> <span class='ocrx_word' id='word_1_683' title='bbox 3019 5276 3107 5329; x_wconf 78' lang='lat' dir='ltr'><strong>I3.</strong></span> <span class='ocrx_word' id='word_1_684' title='bbox 3198 5276 3245 5305; x_wconf 83' lang='lat'>&quot;</span> <span class='ocrx_word' id='word_1_685' title='bbox 3270 5274 3361 5327; x_wconf 86' lang='lat' dir='ltr'><strong>Sic</strong></span> <span class='ocrx_word' id='word_1_686' title='bbox 3384 5272 3618 5341; x_wconf 79' lang='lat' dir='ltr'><strong>Scrimg.</strong></span> 
     </span>
     <span class='ocr_line' id='line_1_106' title="bbox 495 5338 1629 5392; baseline -0.003 0"><span class='ocrx_word' id='word_1_687' title='bbox 495 5362 545 5392; x_wconf 85' lang='grc' dir='ltr'><strong>ιιι</strong></span> <span class='ocrx_word' id='word_1_688' title='bbox 564 5345 756 5392; x_wconf 82' lang='lat' dir='ltr'><strong>chli.</strong></span> <span class='ocrx_word' id='word_1_689' title='bbox 785 5352 842 5392; x_wconf 81' lang='lat' dir='ltr'><strong>et</strong></span> <span class='ocrx_word' id='word_1_690' title='bbox 896 5338 1159 5392; x_wconf 81' lang='lat' dir='ltr'><strong>Icerman.</strong></span> <span class='ocrx_word' id='word_1_691' title='bbox 1194 5340 1318 5391; x_wconf 80' lang='lat' dir='ltr'><strong>cod.</strong></span> <span class='ocrx_word' id='word_1_692' title='bbox 1341 5356 1445 5391; x_wconf 85' lang='lat' dir='ltr'><strong>non</strong></span> <span class='ocrx_word' id='word_1_693' title='bbox 1483 5346 1629 5390; x_wconf 79' lang='lat' dir='ltr'><strong>item.</strong></span> 
     </span>
    </p>
   </div>
   <div class='ocr_carea' id='block_1_105' title="bbox 364 5338 3655 5399">
    <p class='ocr_par' dir='ltr' id='par_1_105' title="bbox 364 5338 3655 5399">
     <span class='ocr_line' id='line_1_107' title="bbox 364 5338 3655 5399; baseline -0.007 0"><span class='ocrx_word' id='word_1_694' title='bbox 364 5346 471 5399; x_wconf 76' lang='lat' dir='ltr'><strong>Sed</strong></span> <span class='ocrx_word' id='word_1_695' title='bbox 494 5345 756 5396; x_wconf 81' lang='lat' dir='ltr'><strong>iuZuiclt.</strong></span> <span class='ocrx_word' id='word_1_696' title='bbox 785 5338 847 5395; x_wconf 74' lang='lat' dir='ltr'><strong>et</strong></span> <span class='ocrx_word' id='word_1_697' title='bbox 868 5338 1159 5393; x_wconf 82' lang='lat' dir='ltr'><strong>Mcerman.</strong></span> <span class='ocrx_word' id='word_1_698' title='bbox 1194 5340 1318 5391; x_wconf 80' lang='lat' dir='ltr'><strong>cod.</strong></span> <span class='ocrx_word' id='word_1_699' title='bbox 1341 5356 1445 5391; x_wconf 83' lang='lat' dir='ltr'><strong>non</strong></span> <span class='ocrx_word' id='word_1_700' title='bbox 1483 5341 1629 5390; x_wconf 83' lang='lat' dir='ltr'><strong>item.</strong></span> <span class='ocrx_word' id='word_1_701' title='bbox 2864 5338 2903 5349; x_wconf 82' lang='lat'>&quot;</span> <span class='ocrx_word' id='word_1_702' title='bbox 3570 5338 3589 5341; x_wconf 65' lang='lat'><strong><em>&quot;</em></strong></span> <span class='ocrx_word' id='word_1_703' title='bbox 3652 5368 3655 5371; x_wconf 97' lang='lat'><strong>.</strong></span> 
     </span>
    </p>
   </div>
   <div class='ocr_carea' id='block_1_106' title="bbox 1876 5440 2195 5511">
    <p class='ocr_par' dir='ltr' id='par_1_106' title="bbox 1876 5440 2195 5511">
     <span class='ocr_line' id='line_1_108' title="bbox 1876 5440 2195 5511; baseline 0.016 -4"><span class='ocrx_word' id='word_1_704' title='bbox 1876 5440 2103 5511; x_wconf 60' lang='lat' dir='ltr'><strong>Noras.</strong></span> <span class='ocrx_word' id='word_1_705' title='bbox 2192 5466 2195 5469; x_wconf 92' lang='grc'><strong>·</strong></span> 
     </span>
    </p>
   </div>
   <div class='ocr_carea' id='block_1_107' title="bbox 2040 5551 3155 5619">
    <p class='ocr_par' dir='ltr' id='par_1_107' title="bbox 2040 5551 3155 5619">
     <span class='ocr_line' id='line_1_109' title="bbox 2040 5551 3155 5619; baseline -0.004 -15"><span class='ocrx_word' id='word_1_706' title='bbox 2040 5565 2091 5604; x_wconf 88' lang='lat' dir='ltr'><strong>c.</strong></span> <span class='ocrx_word' id='word_1_707' title='bbox 2124 5551 2209 5604; x_wconf 77' lang='lat' dir='ltr'><strong>I3.</strong></span> <span class='ocrx_word' id='word_1_708' title='bbox 3149 5612 3155 5619; x_wconf 35' lang='lat'><strong><em>.</em></strong></span> 
     </span>
    </p>
   </div>
   <div class='ocr_carea' id='block_1_108' title="bbox 2103 5619 3613 5702">
    <p class='ocr_par' dir='ltr' id='par_1_108' title="bbox 2103 5619 3613 5702">
     <span class='ocr_line' id='line_1_110' title="bbox 2103 5619 3613 5702; baseline -0.001 -29"><span class='ocrx_word' id='word_1_709' title='bbox 2103 5622 2417 5702; x_wconf 44' lang='lat' dir='ltr'><strong>(influiqune</strong></span> <span class='ocrx_word' id='word_1_710' title='bbox 2441 5632 2600 5702; x_wconf 82' lang='lat' dir='ltr'><strong>turpe</strong></span> <span class='ocrx_word' id='word_1_711' title='bbox 2621 5630 2726 5702; x_wconf 67' lang='lat' dir='ltr'><strong>est,</strong></span> <span class='ocrx_word' id='word_1_712' title='bbox 2745 5620 2837 5701; x_wconf 79' lang='lat' dir='ltr'><strong>jus</strong></span> <span class='ocrx_word' id='word_1_713' title='bbox 2862 5619 2915 5701; x_wconf 80' lang='lat' dir='ltr'><strong>i_n</strong></span> <span class='ocrx_word' id='word_1_714' title='bbox 2936 5635 3046 5702; x_wconf 64' lang='lat' dir='ltr'><strong>quo</strong></span> <span class='ocrx_word' id='word_1_715' title='bbox 3071 5625 3315 5702; x_wconf 62' lang='lat' dir='ltr'><strong>versatur</strong></span> <span class='ocrx_word' id='word_1_716' title='bbox 3342 5619 3613 5702; x_wconf 58' lang='lat' dir='ltr'><strong>ignorare;</strong></span> 
     </span>
    </p>
   </div>
   <div class='ocr_carea' id='block_1_109' title="bbox 2034 5689 3397 5761">
    <p class='ocr_par' dir='ltr' id='par_1_109' title="bbox 2034 5689 3397 5761">
     <span class='ocr_line' id='line_1_111' title="bbox 2034 5689 3397 5761; baseline 0.001 -19"><span class='ocrx_word' id='word_1_717' title='bbox 2034 5690 2069 5743; x_wconf 91' lang='grc' dir='ltr'><strong>Ι.</strong></span> <span class='ocrx_word' id='word_1_718' title='bbox 2105 5693 2157 5757; x_wconf 69' lang='grc'>2,</span> <span class='ocrx_word' id='word_1_719' title='bbox 2194 5689 2337 5761; x_wconf 70' lang='lat'><strong>§45,</strong></span> <span class='ocrx_word' id='word_1_720' title='bbox 2370 5694 2425 5747; x_wconf 80' lang='lat' dir='ltr'><strong>II‘.</strong></span> <span class='ocrx_word' id='word_1_721' title='bbox 2460 5689 2764 5761; x_wconf 13' lang='lat' dir='ltr'><strong>deforigiue</strong></span> <span class='ocrx_word' id='word_1_722' title='bbox 2792 5690 2927 5745; x_wconf 74' lang='lat' dir='ltr'><strong>iuris</strong></span> <span class='ocrx_word' id='word_1_723' title='bbox 2968 5689 3051 5743; x_wconf 70' lang='lat' dir='ltr'><strong>I2.</strong></span> <span class='ocrx_word' id='word_1_724' title='bbox 3082 5689 3310 5753; x_wconf 85' lang='lat' dir='ltr'><strong>Quintil.</strong></span> <span class='ocrx_word' id='word_1_725' title='bbox 3344 5692 3397 5744; x_wconf 77' lang='lat'><strong>5.</strong></span> 
     </span>
    </p>
   </div>
   <div class='ocr_carea' id='block_1_110' title="bbox 456 5545 1823 5625">
    <p class='ocr_par' dir='ltr' id='par_1_110' title="bbox 456 5545 1823 5625">
     <span class='ocr_line' id='line_1_112' title="bbox 456 5545 1823 5625; baseline -0.007 -15"><span class='ocrx_word' id='word_1_726' title='bbox 456 5558 509 5625; x_wconf 74' lang='grc' dir='ltr'><strong>(ἱ)</strong></span> <span class='ocrx_word' id='word_1_727' title='bbox 532 5556 667 5609; x_wconf 83' lang='lat' dir='ltr'><strong>Nov.</strong></span> <span class='ocrx_word' id='word_1_728' title='bbox 695 5554 786 5609; x_wconf 84' lang='grc'><strong>75.</strong></span> <span class='ocrx_word' id='word_1_729' title='bbox 818 5552 867 5607; x_wconf 89' lang='lat' dir='ltr'><strong>.I.</strong></span> <span class='ocrx_word' id='word_1_730' title='bbox 896 5550 1018 5625; x_wconf 83' lang='lat' dir='ltr'><strong>eod.</strong></span> <span class='ocrx_word' id='word_1_731' title='bbox 1043 5564 1163 5625; x_wconf 87' lang='lat' dir='ltr'><strong>cap.</strong></span> <span class='ocrx_word' id='word_1_732' title='bbox 1204 5548 1289 5611; x_wconf 76' lang='grc'><strong>15,</strong></span> <span class='ocrx_word' id='word_1_733' title='bbox 1311 5546 1507 5618; x_wconf 81' lang='lat' dir='ltr'><strong>syn.6,</strong></span> <span class='ocrx_word' id='word_1_734' title='bbox 1530 5545 1823 5625; x_wconf 46' lang='lat' dir='ltr'><strong>inn&#39;I‘rulln.</strong></span> 
     </span>
    </p>
   </div>
   <div class='ocr_carea' id='block_1_111' title="bbox 435 5560 1927 5696">
    <p class='ocr_par' dir='ltr' id='par_1_111' title="bbox 435 5560 1927 5696">
     <span class='ocr_line' id='line_1_113' title="bbox 456 5560 1823 5625; baseline -0.007 -15"><span class='ocrx_word' id='word_1_735' title='bbox 456 5560 509 5625; x_wconf 75' lang='grc' dir='ltr'><strong>(ἱ)</strong></span> <span class='ocrx_word' id='word_1_736' title='bbox 532 5560 667 5609; x_wconf 83' lang='lat' dir='ltr'><strong>Nov.</strong></span> <span class='ocrx_word' id='word_1_737' title='bbox 695 5560 786 5609; x_wconf 86' lang='lat'><strong>75.</strong></span> <span class='ocrx_word' id='word_1_738' title='bbox 818 5560 867 5607; x_wconf 89' lang='lat' dir='ltr'><strong>.I.</strong></span> <span class='ocrx_word' id='word_1_739' title='bbox 896 5560 1018 5603; x_wconf 79' lang='lat' dir='ltr'><strong>emt.</strong></span> <span class='ocrx_word' id='word_1_740' title='bbox 1043 5564 1163 5618; x_wconf 87' lang='lat' dir='ltr'><strong>cap.</strong></span> <span class='ocrx_word' id='word_1_741' title='bbox 1204 5560 1289 5611; x_wconf 71' lang='lat' dir='ltr'><strong>to,</strong></span> <span class='ocrx_word' id='word_1_742' title='bbox 1311 5560 1507 5618; x_wconf 76' lang='lat' dir='ltr'><strong>syn.u,</strong></span> <span class='ocrx_word' id='word_1_743' title='bbox 1530 5562 1583 5599; x_wconf 79' lang='lat' dir='ltr'><strong>in</strong></span> <span class='ocrx_word' id='word_1_744' title='bbox 1610 5560 1823 5601; x_wconf 79' lang='lat' dir='ltr'><strong>&#39;nuun.</strong></span> 
     </span>
     <span class='ocr_line' id='line_1_114' title="bbox 435 5560 1927 5696; baseline -0.005 -19"><span class='ocrx_word' id='word_1_745' title='bbox 435 5560 514 5695; x_wconf 44' lang='lat' dir='ltr'><strong>i7)</strong></span> <span class='ocrx_word' id='word_1_746' title='bbox 548 5625 625 5696; x_wconf 80' lang='lat' dir='ltr'><strong>Ne</strong></span> <span class='ocrx_word' id='word_1_747' title='bbox 648 5626 862 5696; x_wconf 83' lang='lat' dir='ltr'><strong>dicatur</strong></span> <span class='ocrx_word' id='word_1_748' title='bbox 879 5623 1122 5688; x_wconf 86' lang='lat' dir='ltr'><strong>alioquin</strong></span> <span class='ocrx_word' id='word_1_749' title='bbox 1155 5636 1280 5673; x_wconf 90' lang='lat' dir='ltr'><strong>cum</strong></span> <span class='ocrx_word' id='word_1_750' title='bbox 1318 5625 1513 5684; x_wconf 81' lang='lat' dir='ltr'><strong>poeta:</strong></span> <span class='ocrx_word' id='word_1_751' title='bbox 1572 5615 1811 5670; x_wconf 72' lang='lat' dir='ltr'><strong>Dedecus</strong></span> <span class='ocrx_word' id='word_1_752' title='bbox 1832 5618 1927 5696; x_wconf 31' lang='lat' dir='ltr'><strong>ille:</strong></span> 
     </span>
    </p>
   </div>
   <div class='ocr_carea' id='block_1_112' title="bbox 366 5691 1449 5746">
    <p class='ocr_par' dir='ltr' id='par_1_112' title="bbox 366 5691 1449 5746">
     <span class='ocr_line' id='line_1_115' title="bbox 366 5691 1449 5746; baseline -0.004 -3"><span class='ocrx_word' id='word_1_753' title='bbox 366 5691 558 5746; x_wconf 81' lang='lat' dir='ltr'><strong>domus</strong></span> <span class='ocrx_word' id='word_1_754' title='bbox 585 5694 686 5746; x_wconf 90' lang='lat' dir='ltr'><strong>siet</strong></span> <span class='ocrx_word' id='word_1_755' title='bbox 716 5694 961 5745; x_wconf 87' lang='lat' dir='ltr'><strong>ultimus.</strong></span> <span class='ocrx_word' id='word_1_756' title='bbox 1424 5723 1449 5739; x_wconf 67' lang='grc' dir='ltr'><strong><em>ρ</em></strong></span> 
     </span>
    </p>
   </div>
   <div class='ocr_carea' id='block_1_113' title="bbox 436 5753 1914 5827">
    <p class='ocr_par' dir='ltr' id='par_1_113' title="bbox 436 5753 1914 5827">
     <span class='ocr_line' id='line_1_116' title="bbox 436 5753 1914 5827; baseline -0.005 -12"><span class='ocrx_word' id='word_1_757' title='bbox 436 5759 513 5822; x_wconf 78' lang='lat'><strong>(8)</strong></span> <span class='ocrx_word' id='word_1_758' title='bbox 574 5761 638 5811; x_wconf 76' lang='lat' dir='ltr'><strong>Et</strong></span> <span class='ocrx_word' id='word_1_759' title='bbox 697 5762 771 5813; x_wconf 85' lang='lat' dir='ltr'><strong>ita</strong></span> <span class='ocrx_word' id='word_1_760' title='bbox 826 5760 1117 5827; x_wconf 77' lang='lat' dir='ltr'><strong>abrogatur</strong></span> <span class='ocrx_word' id='word_1_761' title='bbox 1169 5756 1391 5814; x_wconf 79' lang='lat' dir='ltr'><strong>Novella</strong></span> <span class='ocrx_word' id='word_1_762' title='bbox 1441 5753 1737 5812; x_wconf 70' lang='lat' dir='ltr'><strong>Iustiniani</strong></span> <span class='ocrx_word' id='word_1_763' title='bbox 1792 5757 1914 5821; x_wconf 63' lang='lat' dir='ltr'><strong>lilii,</strong></span> 
     </span>
    </p>
   </div>
  </div>
