4048 6438
450 322 557 388 65Ἱ
590 334 600 345 ⁸

1542 335 1902 399 ΝονΕιυΕ
1937 337 2609 404 CONSTITUTIONES.

3587 363 3707 429 458

448 436 606 499 ἀξίαν
627 432 1068 505 ὑπολαμϐάνωσι
1092 438 1190 509 τὴν
1212 438 1337 511 ἄρτι
1359 441 1460 510 μὲν
1480 449 1765 502 τετοκυῖαν
1786 451 1879 502 καὶ
1896 452 1982 504 ἐπε

2124 454 2298 517 valde,
2331 469 2453 509 mea
2491 457 2716 525 quidem
2751 460 3050 529 sententia,
3101 480 3130 518 a
3181 466 3461 524 salutifera
3506 474 3684 543 ipsius

445 525 623 594 λοχον,
657 526 1218 598 καταλαμϐανομένην
1255 530 1313 583 δὲ
1345 532 1449 585 ὑπὸ
1477 534 1571 587 τοῦ
1601 535 1832 591 θανάτου
1865 557 1980 611 παρ

2119 543 2461 612 providentia
2486 546 2703 602 diverse
2735 552 3002 619 sentiunt,
3031 525 3301 629 quotquot
3328 575 3446 615 eam
3475 525 3595 631 qurte
3619 582 3686 621 ex

444 615 611 677 πόδας
644 616 879 679 ἑστῶτος
909 619 1005 672 καὶ
1034 620 1134 686 τὴν
1164 621 1505 692 προθεσμίαν
1528 624 1598 695 ἣν
1625 626 1781 680 αὐτοὶ
1807 630 2017 700 ἀναμέ-

2119 639 2320 691 recenti
2348 643 2639 709 puerperio
2664 644 2963 708 decumbit.
2998 656 3054 702 et
3089 661 3265 706 morte
3300 653 3411 724 (10)
3439 673 3548 726 prae
3575 661 3691 727 (ll)

440 722 555 758 νειν
579 706 783 759 οἴονται
804 706 971 777 (φημὶ
996 706 1061 778 δὴ
1090 708 1189 780 τὴν
1220 711 1357 780 μετὰ
1378 711 1478 783 τὴν
1501 712 1657 769 λύσιν
1673 716 1785 769 τῶν
1808 717 1982 773 ὠδίνω

2348 706 2363 708 -
2488 706 2499 709 -
2954 706 2961 708 ν
3303 706 3688 727 κηιτ-η-ση

2118 728 2327 785 foribus
2393 734 2756 798 consistente,
2808 753 2909 792 nec
2980 740 3123 795 diem
3178 759 3339 814 quem
3384 747 3487 815 ipsi
3525 764 3693 819 expe-

437 798 884 868 τεσσαρακοστὴν
912 798 1168 872 ἡμέραν)
1198 802 1297 855 ούκ
1325 804 1689 873 ἁναμένοντος
1714 806 1852 861 ἀλλά
1880 809 2011 863 θᾶτ-

434 904 530 940 τον
578 889 1069 959 προαρπάζοντος,
1119 894 1216 946 καὶ
1246 893 1335 947 διά
1376 896 1479 964 τὴν
1519 900 1842 969 σωματικὴν
1876 902 2014 955 ἀκα-

434 978 501 1031 θα
511 978 672 1049 ρσίαν
696 980 1009 1051 ἀκάθαρτον
1030 982 1109 1047 ὠς
1137 982 1352 1055 ἀληθῶς
1381 987 1440 1051 ἐξ
1464 988 1770 1060 ἀνθρώπων
1790 993 2011 1051 ἀπιέναι

435 1070 943 1141 καταπραττόμενοι
967 1071 1196 1144 ταύτην,
1224 1078 1699 1150 ἀμυσταγὼγητον
1718 1077 1885 1138 οὖσαν
1913 1086 2010 1139 καὶ

430 1164 529 1231 τῆς
560 1160 653 1214 διὰ
682 1161 775 1215 τοῦ
811 1162 957 1217 θείου
980 1164 1208 1236 λουτροῦ
1235 1166 1557 1239 καθάρσεως
1578 1171 1675 1224 καὶ
1704 1172 2007 1245 ἀναγεννή-

432 1269 571 1316 σεως
592 1253 882 1324 ἀμέτοχον·
906 1255 1018 1308 οὐδ’
1045 1256 1287 1312 ἐννοοῦσι
1307 1258 1369 1312 τὸ
1392 1260 1621 1330 μέγεθος
1640 1263 1737 1317 τοῦ
1758 1266 2005 1320 κινδύνου

428 1345 523 1396 καὶ
545 1346 648 1416 τῆς
680 1345 906 1416 ζημίας,
939 1347 1005 1418 ἢν
1027 1348 1131 1418 τῆς
1156 1350 1339 1404 αὐτῶν
1362 1352 1651 1419 εὐλαϐείας
1677 1356 1741 1409 τὺ
1774 1359 2005 1413 ἀνευλα-

426 1435 518 1497 ϐὲς
544 1438 636 1488 καὶ
668 1436 935 1507 σφαλερὸν
974 1440 1246 1508 προξενεῖ.
1294 1444 1553 1513 Καίτοιγε
1581 1448 1672 1500 διὰ
1698 1448 1801 1518 τὴν
1829 1450 2003 1522 ὑπερ⁴

423 1525 589 1594 ϐολήν
614 1526 736 1580 οὐδὲ
766 1527 926 1595 λόγου
952 1528 1126 1584 δεῖται
1158 1533 1191 1601 ἠ
1221 1532 1449 1605 τοιαύτη
1477 1537 1702 1593 ἀτοπία.
1740 1539 1863 1604 Πῶς
1893 1543 2003 1613 γὰρ

423 1615 646 1683 θεμιτὸν
664 1616 699 1686 ἢ
728 1617 846 1681 πῶς
866 1618 928 1670 ού
956 1617 1200 1691 λυπηρὸν
1229 1622 1370 1693 Θεῷ,
1395 1625 1456 1688 ὃς
1476 1626 1567 1679 διὰ
1597 1627 1697 1696 τῆς
1724 1631 1805 1693 είς
1833 1632 2001 1685 αὑτὸν

421 1707 661 1769 πίστεως
703 1708 925 1776 καὶτῆς
959 1709 1018 1762 ὲν
1042 1710 1119 1780 τῷ
1156 1711 1309 1764 ὕδατι
1340 1716 1435 1766 καὶ
1467 1715 1740 1786 πνεύματι
1774 1721 2003 1789 ἀναγεν-

418 1795 629 1897 νήσεως
677 1795 933 1867 δωρεῖται
974 1799 1078 1869 τὴν
1129 1803 1428 1871 σωτηρίαν,
1479 1806 1711 1861 ἄπιστον
1758 1812 1854 1865 καὶ
1897 1814 2001 1883 τῆς
2032 1842 2071 1897 Β

416 1884 776 1949 ἀναπλάσεως
807 1888 1023 1959 ἐρήμην
1066 1890 1166 1961 τὴν
1194 1890 1241 1923 ⁸³
1272 1894 1560 1964 ἀνθρωπον
1588 1898 1863 1965 ἀπελθεῖν,
1897 1903 1996 1955 καὶ

416 1978 541 2029 ἀντὶ
568 1976 664 2030 τοῦ
688 1978 828 2047 μετά
850 1979 959 2034 τῶν
989 1983 1350 2053 σεσωσμένων
1375 1986 1635 2057 τετάχθαι
1655 1991 1860 2061 είςντὴν
1882 1994 1993 2047 τῶν

412 2068 776 2123 ἀπολωλότων
801 2072 1058 2142 ἐρρῖφθαι
1089 2076 1274 2146 χώραν
1306 2076 1475 2131 ’ἕνεκά
1508 2095 1573 2146 γε
1604 2080 1706 2149 τῆς
1736 2081 1992 2153 τοιαύτης

414 2162 745 2231 ’προφάσεως
763 2181 780 2228 ;

489 2436 596 2507 Τὴν
614 2436 707 2492 οὖν
727 2438 991 2509 τοιαύτην
1016 2440 1492 2512 ματαιοφροσύνην
1520 2443 1631 2497 ἀπὸ
1660 2444 1755 2499 τοῦ
1779 2445 1874 2501 νῦν
1893 2450 1989 2501 καὶ

408 2527 489 2589 είς
516 2529 608 2581 τὸν
636 2527 830 2583 ἔπειτα
860 2531 1051 2600 χρόνον
1080 2530 1328 2586 ἐκποδὼν
1363 2535 1700 2605 ποιούμενοι,
1732 2538 1987 2609 ὁρίζομεν

406 2621 539 2689 περὶ
580 2621 859 2676 τεκουσῶν
894 2623 1169 2690 γυναικῶν
1221 2625 1316 2677 καὶ
1367 2630 1498 2695 περὶ
1539 2627 1651 2680 τῶν
1679 2628 1725 2660 ⁸⁵
1756 2630 1883 2682 ὅσαι
1920 2634 1985 2701 τῇ

403 2717 609 2785 φυσικῇ
637 2714 904 2786 καθάρσει
933 2717 1465 2787 καταλαμϐάνονται,
1497 2721 1855 2792 ἀνενοχλήτου
1888 2724 1986 2793 μὲν

398 2804 463 2869 ἐξ
498 2806 694 2875 ἑτέρας
721 2808 866 2869 τινὸς
904 2807 1197 2873 διαθέσεως
1224 2813 1455 2879 νοσερᾶς
1482 2812 1583 2882 τῆς
1619 2813 1767 2882 ζωῆς
1804 2816 1987 2869 αὐτῶν

392 2896 749 2970 διατελούσης
771 2900 839 2966 ⁸⁸,
872 2900 1174 2972 ἀμετόχους
1200 2898 1345 2956 εἶναι
1374 2904 1476 2968 τὰς
1503 2905 1603 2973 μὲν
1631 2906 1919 2972 άτελέτους
1940 2910 1986 2943 ⁸⁸

394 2989 492 3043 τοῦ
512 2991 821 3060 φωτισμοῷ
846 2991 945 3055 τὰς
966 2992 1023 3046 δὲ
1052 3009 1119 3062 με
1127 2996 1636 3066 μυσταγωγημένας
1654 2998 1763 3051 τῶν
1779 2999 1983 3069 ἀχράν-

392 3097 506 3134 των
544 3084 869 3153 μυστηρίων
899 3086 1001 3156 τῆς
1030 3085 1387 3157 μεταλήψεως
1414 3090 1581 3159 μέχρι
1606 3088 1709 3158 τῆς
1730 3090 1839 3144 τῶν
1863 3108 1985 3144 τεσ-

2117 821 2374 874 ctattdum
2424 818 2714 879 autumant
2752 828 3261 902 (quadragesimum
3315 851 3509 906 nempe
3562 818 3688 907 post

2118 912 2352 982 partum)
2380 927 2729 983 expectante,
2767 923 3044 991 citiusque
3087 926 3307 980 obtorto
3360 929 3509 984 velut
3538 933 3690 988 collo

2114 1005 2497 1071 protrahente,
2532 1010 2861 1080 corripitur,
2925 1016 3325 1074 illuminatioue
3381 1021 3493 1092 (12)
3537 1024 3685 1080 indi-

2111 1110 2271 1163 gnam
2302 1112 2426 1153 esse
2445 1100 2763 1168 opinantur,
2792 1113 2845 1158 et
2875 1114 2934 1157 ut
2967 1106 3036 1160 ob
3058 1110 3317 1179 corporis
3375 1110 3685 1169 immundi-

2110 1186 2239 1239 tietu
2290 1202 2476 1244 revera
2507 1191 2626 1259 tlilia
2675 1209 2706 1247 e
2758 1195 2865 1247 vita
2917 1196 3197 1253 immunda
3240 1200 3470 1256 excedat
3509 1201 3687 1275 (quip-

2111 1293 2176 1347 pe
2202 1295 2325 1350 qua:
2350 1283 2405 1336 in
2430 1284 2605 1339 sacris
2632 1300 2739 1340 non
2776 1286 3098 1342 inStituatnr
3133 1291 3367 1365 (ιδ-14),
3398 1308 3500 1350 nec
3531 1296 3685 1351 sacri

2109 1370 2310 1426 lavacri
2387 1373 2728 1431 lustrationis
2799 1381 3344 1453 regenerationisque
3405 1387 3686 1459 particeps

2108 1461 2222 1532 liat)
2253 1463 2514 1549 eliiciunt.
2566 1465 2754 1535 Neque
2804 1484 2935 1524 vero
2986 1470 3063 1523 illi
3106 1473 3335 1541 periculi
3374 1475 3675 1549 damnique

2109 1548 2585 1621 magnitudinem,
2640 1572 2802 1625 quam
2863 1559 3269 1617 inconsiderata
3327 1564 3572 1635 ipsorum
3627 1576 3685 1623 et

2107 1645 2414 1713 perniciosa
2447 1648 2640 1718 religio
2670 1649 2848 1715 aﬂ‘ert,
2872 1666 2985 1721 prae
3017 1655 3197 1711 oculis
3228 1642 3453 1712 habent.
3479 1658 3681 1716 Verqu

2102 1749 2164 1784 ea
2200 1734 2288 1787 illa
2339 1742 2425 1790 est
2461 1738 2805 1803 absurditas,
2845 1749 2902 1794 ut
2959 1742 3213 1797 oratione
3261 1759 3366 1798 uon
3414 1746 3678 1817 indigeat.

2103 1820 2290 1877 Talem
2341 1824 2486 1879 enim
2516 1827 2805 1882 mulierem
2867 1828 3211 1884 iucredulam
3254 1831 3685 1891 reformatione-

2095 1927 2203 1981 que
2239 1912 2569 1969 destitutam
2602 1916 2896 1973 discedere
2939 1927 2992 1972 et
3026 1919 3333 1975 istiusmodi
3356 1925 3425 1975 ob
3452 1937 3677 1979 causam

2096 2016 2194 2069 pro
2216 2018 2284 2057 co
2326 2005 2473 2074 quod
2520 2007 2667 2061 inter
2706 2008 3005 2065 servandos
3049 2010 3367 2066 collocanda
3416 2025 3585 2080 esset,
3618 2016 3674 2070 in

2096 2095 2431 2159 perditorum
2474 2097 2974 2170 damnatorumque
3042 2103 3220 2157 locum
3284 2103 3473 2173 rejici:
3528 2118 3673 2177 quo-

2098 2187 2261 2237 modo
2296 2182 2398 2246 l‘as,
2464 2183 2666 2252 Deove,
2707 2186 2801 2255 qui
2828 2202 2925 2256 per
2970 2186 3131 2241 ﬁdem
3178 2188 3229 2241 in
3276 2189 3455 2259 ipsum
3513 2199 3569 2245 et
3618 2192 3673 2248 in

2091 2288 2231 2342 aqua
2287 2273 2605 2346 Spirituque
2645 2280 3139 2348 regenerationem,
3197 2285 3430 2341 salutem
3478 2285 3674 2353 donat,

2092 2382 2199 2420 non
2233 2382 2394 2437 grave
2422 2376 2586 2439 atque
2605 2370 2877 2437 ,acerbttm
2909 2373 3034 2427 est?
3614 2386 3617 2389 “

2162 2455 2372 2511 Vanam
2433 2459 2602 2529 igitur
2634 2460 2947 2516 istiusmodi
2984 2463 3328 2533 prudentiam
3372 2468 3575 2525 dehinc
3612 2471 3681 2526 in.

2097 2546 2339 2603 futurum
2371 2565 2401 2604 e
2440 2550 2621 2606 medio
2660 2553 2910 2609 tollentes
2947 2558 3013 2610 de
3046 2557 3394 2617 mulieribus.
3427 2576 3551 2630 qua:
3580 2578 3670 2617 re-

2088 2653 2221 2694 cens
2264 2649 2619 2709 pepererunt,
2680 2658 2917 2716 quaeque
2968 2648 3211 2702 naturali
3270 2652 3669 2723 expurgatione

2087 2738 2369 2800 occupatae
2398 2744 2548 2799 sunt,
2596 2736 2910 2799 statuimus,
2942 2746 2999 2791 ut
3045 2739 3090 2793 si
3138 2739 3359 2809 quidem
3386 2742 3491 2797 alia
3522 2758 3665 2814 qua-

2090 2834 2312 2889 cunque
2346 2820 2635 2878 ali‘ectionc
2690 2825 2940 2880 morbida
2982 2828 3222 2897 ipsarum
3254 2831 3361 2883 vita
3400 2846 3509 2886 non
3573 2841 3656 2887 te-

2087 2918 2289 2975 nrtur,
2321 2925 2491 2980 usque
2552 2913 2618 2966 ad
2661 2914 2988 2981 praziinitum
3035 2915 3394 2988 quadraginta
3447 2921 3662 2977 dierum

2086 3007 2304 3069 tempus
2334 3010 2590 3071 expertes
2651 3015 2930 3071 maneant,
2962 3005 3207 3060 umidum
3270 3008 3498 3065 initiata“:
3529 3010 3661 3065 illu-

2086 3095 2389 3151 minatione
2422 3094 2563 3167 (45).
2601 3097 2667 3151 ad
2699 3112 2860 3153 sacra
2914 3110 3148 3170 receptae
3191 3112 3245 3155 et
3280 3103 3528 3171 initiata),
3569 3120 3660 3162 sa—

395 3173 706 3243 σαράκοντα
740 3176 964 3247 ἡμερῶν
989 3176 1330 3249 προθεσμίας
1357 3195 1372 3209 ·
1408 3181 1718 3250 νοσήματος
1744 3182 1803 3235 δέ
1830 3199 1976 3250 τινος

2088 3196 2489 3242 cresanctorum
2524 3191 2910 3260 mysteriorum
2952 3193 3323 3263 perceptione;
3356 3205 3411 3248 at
3441 3196 3487 3251 si
3518 3197 3645 3267 quis

390 3267 795 3331 καταλαϐόντος
824 3270 918 3322 καὶ
942 3270 988 3301 ⁸⁷
1021 3271 1389 3342 κατασχόντος
1436 3273 1529 3327 καὶ
1562 3272 1661 3343 τὴν
1708 3276 1978 3346 διακοπὴν

387 3355 490 3424 τῆς
520 3356 663 3426 ζωῆς
693 3356 1065 3422 ἀπειλοῦντος.
1085 3360 1258 3413 παντὶ
1271 3362 1457 3432 τρόπῳ
1477 3363 1907 3433 μεταλαγχάνειν
1928 3367 1976 3398 ⁸⁸

386 3445 560 3510 αὐτὰς
579 3446 675 3500 τοῦ
699 3448 1061 3518 ἀγιάσματος.
1089 3452 1151 3513 Εἰ
1171 3452 1281 3521 γάρ
1302 3454 1555 3518 ἐκείνοις,
1575 3455 1691 3508 ὅσοι
1712 3455 1782 3509 δι’
1808 3458 1975 3526 ὑπερο

388 3536 555 3600 ϐολὰς
585 3539 1109 3612 ἀνοσιουργημάτων
1148 3543 1507 3613 ἀπείργονται
1550 3550 1787 3618 μακροῖς
1827 3548 1971 3601 ἔτεσι

385 3627 490 3696 τῆς
519 3626 789 3691 ζωοποιοῦ
819 3633 1127 3696 κοινωνίας,
1172 3633 1202 3685 ό
1237 3633 1467 3699 θάνατος
1501 3637 1731 3701 ἐπιστὰς
1768 3638 1829 3690 τὸ
1867 3640 1966 3709 ἑμ-

383 3719 701 3789 πρόθεσμον
750 3720 1053 3789 διακόπτει,
1105 3725 1198 3776 καὶ
1246 3725 1424 3789 οὐδεὶς
1465 3726 1715 3797 ἀνέχεται
1736 3729 1966 3792 τούτους

382 3810 617 3863 κωλύειν
662 3812 763 3883 τῆς
806 3813 914 3868 τῶν
958 3813 1129 3884 ἁγίων
1182 3818 1441 3887 μετοχῆς,
1492 3818 1633 3889 ἦπου
1693 3837 1756 3889 γε
1805 3815 1964 3874 αὗται

378 3901 793 3973 κωλυθήσονται
835 3905 923 3959 διὰ
962 3906 1294 3978 ρυπάσματα
1340 3910 1544 3979 σαρκὸς
1578 3912 1822 3981 φυσικά;
1853 3914 1962 3966 Καὶ

378 3992 529 4064 ἅπερ
557 3991 713 4065 οἶμαι
744 3996 837 4049 καὶ
861 3996 939 4069 τῷ
967 3998 1182 4070 παλαιῷ
1212 3999 1550 4054 κεκωλύσθαι
1574 4001 1722 4073 νόμῳ
1745 4004 1836 4056 καὶ
1860 4005 1960 4074 τὴν

376 4085 543 4154 χάριν
580 4086 930 4152 διαδέξασθαι
960 4090 1061 4159 τὴν
1090 4092 1389 4161 παράδοσιν
1431 4092 1554 4163 οὐχὶ
1585 4093 1838 4146 τοσοῦτον
1872 4094 1962 4148 διὰ

372 4175 477 4245 τὴν
509 4179 830 4244 γυναικείαν
872 4180 1076 4250 ταύτην
1109 4183 1473 4252 ἀκαθαρσίαν,
1503 4185 1627 4238 ὅσον
1667 4185 1734 4238 δι’
1764 4186 1958 4258 ἐτέρας

372 4270 561 4333 αίτίας
584 4271 641 4322 ἒν
669 4271 748 4341 τῷ
781 4271 934 4342 βάθει
956 4273 1344 4345 κρυπτομένας
1370 4274 1464 4329 τοῦ
1492 4275 1955 4348 νομοθετήματος.

371 4359 680 4429 Λογίζομαι
726 4362 834 4433 γὰρ
883 4363 945 4416 τὸ
998 4364 1099 4432 τῆς
1152 4364 1448 4433 ἐπιθυμίας
1499 4366 1798 4424 ἀκόλαστον
1846 4368 1956 4421 τῶν

370 4452 636 4521 ἀκρατῶς
667 4453 899 4523 ἐχόντων
922 4454 1151 4518 κολάζον
1176 4456 1238 4507 τὸ
1271 4457 1549 4528 θέσπισμα
1577 4458 1735 4513 τοῦτο
1761 4459 1949 4515 διατά-

2087 3278 2223 3345 ipsis
2276 3279 2525 3344 morbus,
2578 3281 2671 3350 qui
2706 3281 2828 3336 vitae
2862 3281 3291 3337 internecionem
3354 3286 3658 3356 minitetur,

2085 3369 2436 3435 superveniat
2460 3377 2513 3423 et
2540 3369 2860 3435 incumbat,
2905 3386 3191 3425 sacrarum
3236 3389 3418 3428 rerum
3470 3379 3657 3432 omni-

2083 3459 2188 3513 bus
2220 3459 2398 3515 modis
2430 3462 2727 3530 participes
2756 3460 2905 3517 fiant.
2944 3460 3155 3515 Etenim
3192 3464 3236 3517 si
3271 3464 3379 3517 illis
3407 3465 3520 3536 (16)
3558 3467 3655 3537 qui

2082 3560 2306 3623 propter
2328 3552 2574 3607 enormia
2607 3550 2813 3621 ﬂagitia
2849 3552 3040 3608 multis
3064 3554 3225 3607 anuis
3267 3554 3479 3609 vit'iliea
3503 3572 3656 3611 como

2080 3640 2339 3694 munione
2367 3648 2640 3703 arcentur,
2678 3654 2828 3693 mors
2880 3640 2945 3695 ad
2995 3641 3234 3697 obruens
3257 3646 3656 3727 praescriptum.

2078 3739 2294 3800 tempus
2351 3729 2566 3795 incidit,
2633 3746 2810 3799 neque
2843 3731 3135 3800 quisquam
3201 3734 3299 3788 hos
3364 3750 3649 3791 sacrorum

2076 3821 2494 3892 participatione
2529 3821 2819 3890 prohibere
2854 3824 3113 3886 sustinet,
3153 3840 3261 3894 qua
3322 3828 3535 3883 ratione
3564 3828 3648 3883 ha:

2075 3921 2294 3984 pmpter
2311 3914 2585 3967 naturales
2600 3908 2785 3967 carnis
2801 3912 2992 3966 sordes
3012 3914 3645 3985 probibebuntur?Qttod

2072 4004 2316 4073 proicite
2348 4018 2455 4057 non
2489 4012 2599 4057 tam
2635 4011 2857 4076 propter
2883 4005 3207 4061 muliebrem
3228 4005 3369 4062 hanc
3400 4009 3647 4062 immun-

2066 4099 2277 4162 ditiem,
2310 4113 2471 4169 quam
2501 4098 2572 4156 ob
2606 4098 2989 4175 aliascausas
3032 4099 3087 4155 in
3136 4099 3326 4154 intima
3375 4099 3515 4171 legis
3553 4116 3643 4157 ra-

2068 4192 2216 4245 tione
2263 4191 2597 4257 reconditas,
2636 4182 2703 4247 et
2747 4193 2915 4248 veteri
2959 4193 3073 4264 (Π)
3125 4192 3461 4262 prohibitum
3518 4209 3643 4250 esse

2068 4281 2205 4352 lege,
2240 4291 2291 4333 et
2326 4283 2517 4352 gratiae
2551 4292 2766 4353 tempus
2799 4283 3117 4340 traditionis
3172 4285 3292 4340 loco
3325 4288 3641 4361 suscepisse

2066 4382 2219 4443 puto.
2258 4372 2521 4427 Existimo
2545 4373 2818 4439 siquidem
2854 4391 3069 4431 sacram
3094 4376 3265 4449 legem
3298 4377 3349 4431 id
3381 4379 3633 4448 praescri-

2070 4461 2266 4531 psisse.
2294 4476 2404 4529 quo
2458 4469 2771 4532 protervam
2820 4477 3009 4516 eorum
3049 4463 3144 4533 qui
3206 4463 3638 4535 intemperanter

367 4540 485 4608 ξαι,
519 4540 711 4615 ὥσπερ
736 4546 832 4598 καὶ
871 4544 1006 4599 ἄλλα
1042 4546 1213 4600 πολλά
1249 4547 1317 4600 δι’
1350 4550 1553 4621 ἐτέρων
1584 4552 1948 4621 οἰκονομεῖται

2088 4551 2336 4616 river-ent,
2378 4554 2881 4625 concupiscentiam
2914 4553 3247 4627 castigaret:
3284 4555 3636 4624 Quemadmo-

1638 4708 1874 4765 VARUE
1933 4709 2339 4766 LECTIONES.
2452 4730 2453 4735 ‘

469 4841 669 4923 “‘cod.
700 4844 1087 4923 16v.'._“‘__lla2c
1109 4863 1220 4902 um.
1253 4846 1509 4923 Scritng.,
1552 4850 1665 4923 scd,
1687 4851 1898 4923 habent
1920 4851 1982 4923 Zt

2088 4878 2137 4917 :.,
2194 4851 2415 4923 dieertn.
2447 4863 2501 4909 et
2544 4852 2686 4911 Bais.
2753 4853 2797 4885 ⁸⁵
2832 4852 3185 4923 ἀνενόχλητοῖ
3217 4851 3315 4923 μὲν
3365 4851 3433 4923 ἐξ
3464 4852 3632 4920 ἄλλης

358 4913 742 4983 συντελούσης.

358 4981 574 5052 μεταλα
582 4981 829 5053 μϐάνειν.

842 4912 892 4947 ⁸⁸
930 4916 1226 4973 Meerman.
1286 4912 1526 4974 codici
1576 4920 1723 4974 Bais.
1787 4912 2129 4985 ἁτελέστουςζ

2240 4922 2284 4953 ⁸⁷
2321 4923 2718 4985 καταλαϐόντος
2754 4922 2862 5013 ικαὶ
2913 4921 3098 4975 omisit
3154 4922 3300 4976 Bais.
3392 4921 3438 4953 ⁸⁸
3479 4923 3627 4977 Bals.

1892 5076 2121 5135 NOTAE.

423 5193 540 5270 μθ)
567 5193 840 5270 Puerpera
865 5210 977 5265 prae
1024 5196 1237 5253 foribus
1266 5198 1462 5253 mortis
1497 5199 1703 5270 posita,
1739 5199 1780 5254 Ι.
1815 5203 1914 5255 υιι.

350 5261 382 5334 ς
418 5261 475 5317 Ι.
497 5262 560 5317 (3.
590 5264 682 5334 qui
712 5261 978 5334 potiores.

454 5334 539 5408 ii)
566 5335 732 5408 papa
765 5334 954 5408 πόδας.
991 5334 1229 5408 Scrimg.

450 5402 849 5476 ί2)ρωτισμῷ,
879 5405 935 5458 id
972 5415 1079 5476 est,
1129 5402 1424 5476 baptismo.

448 5473 639 5541 15-“)
702 5475 763 5526 ’Δ
801 5473 1220 5547 υσταγώγητονζ

448 5544 607 5598 l5lld
632 5551 740 5598 est.
765 5492 1042 5598 itautismo
1071 5565 1086 5598 :
1152 5546 1220 5598 lto

396 5544 607 5613 -(15)|d
632 5551 740 5605 est.
765 5544 1042 5613 baptismo
1071 5544 1103 5599 ε’
1152 5546 1258 5601 ltoc
1289 5546 1472 5602 innuit
1498 5563 1514 5603 :
1548 5550 1807 5607 mulieres
1829 5551 1929 5606 ba-

338 5614 552 5689 ptismo
577 5629 686 5667 non
714 5614 958 5669 initiatas
986 5615 1135 5689 intra
1187 5617 1354 5689 diem
1379 5616 1453 5689 4Q
1510 5621 1782 5689 puerperii
1823 5623 1922 5676 ba-

340 5685 545 5755 ptizari
574 5700 681 5737 non
710 5698 898 5755 posse,
946 5684 1053 5738 nisi
1080 5700 1261 5741 casus-
1290 5684 1683 5755 aliquis'aliuil
1707 5692 1914 5755 exigat:

340 5754 623 5824 baptismo
648 5754 896 5810 initiates
935 5769 1045 5810 non
1104 5755 1320 5810 admitti
1354 5754 1497 5812 intra
1533 5760 1749 5815 eosdem

2024 5205 2090 5257 ad
2118 5218 2339 5327 1sgcram
2395 5202 2859 5258 communionem.
2891 5199 3047 5256 Adde
3088 5201 3340 5259 Pliotium
3383 5219 3535 5259 num.
3565 5206 3623 5270 3,

2025 5289 2080 5327 c.
2191 5311 2206 5326 .

2025 5289 2080 5328 C.
2118 5289 2206 5327 16.

2101 5346 2213 5414 (lli)
2252 5343 2393 5398 Nota
2416 5342 2927 5415 excommunicatis,
2954 5345 3147 5400 mortis
3172 5351 3383 5399 tantum
3415 5342 3627 5415 impen-

1972 5468 1977 5471 Ἴ
2029 5412 2210 5468 dentis
2240 5428 2429 5477 causa,
2464 5412 3073 5471 communionem’dari.

2103 5484 2215 5553 (l7)
2248 5483 2413 5537 Mosis
2447 5482 2583 5551 lege,
2612 5482 2807 5553 mulier
2837 5486 2882 5537 si
2921 5483 3233 5541 masculum
3285 5483 3621 5553 peperisset,

2033 5552 2253 5623 septem,
2276 5554 2472 5608 diebus
2498 5552 2813 5623 immunda:
2860 5553 2933 5608 50
2968 5555 3169 5611 diebus
3205 5552 3468 5623 praeterea
3497 5571 3619 5607 ma-

2037 5626 2199 5676 nebat
2244 5622 2297 5676 in
2324 5623 2590 5690 sanguine
2623 5621 3022 5691 puriticationis
3053 5621 3217 5692 suae;_
3256 5623 3301 5679 si
3337 5622 3620 5687 feminam,

2032 5695 2248 5747 duabus
2273 5693 2597 5773 septimanis
2624 5693 2902 5773 immunda
2931 5713 2944 5749 :
2983 5694 3260 5750 66lii8blls
3288 5693 3338 5773 in
3362 5693 3635 5773 [inrideas

1837 5765 1915 5817 ics
2026 5765 2171 5817 tione
2196 5762 2399 5819 nullam
2415 5778 2526 5818 rem
2546 5772 2755 5819 saeram
2786 5765 3294 5837 attingercputerat.
3318 5763 3488 5820 Levit.
3525 5762 3623 5822 12..
