4048 6442
377 317 486 382 459

1574 312 1846 374 LEONIS
1878 310 2339 376 PHILOSOPHI

3535 312 3642 367 aeu

383 429 516 483 dum
545 432 600 480 et
627 423 733 478 alia
766 423 939 479 multa
970 436 1066 492 per
1096 421 1201 477 alia
1227 429 1502 493 przccepta
1547 423 1876 477 ordinantur
1900 435 1955 479 et

2070 426 2523 500 προσταγμάτων,
2554 421 2632 486 ὡς
2662 422 2727 477 ἂν
2765 420 2854 475 διά
2879 418 3086 474 τούτων
3121 419 3186 473 τὸ
3229 419 3366 490 πρὸς
3398 416 3462 472 τὸ
3504 418 3641 489 θῆλυ

380 519 836 591 pmscribuntur,
905 532 1018 587 quo
1096 515 1402 587 indomitus
1478 516 1841 586 quorumdam
1902 515 1958 570 in

381 611 644 665 mulieres
682 606 941 663 stimulus
967 607 1320 662 retundatur.
1358 607 1503 673 Quin
1537 616 1593 662 et
1625 607 1741 662 haec
1772 606 1960 677 provi-

382 701 582 757 dentiae
625 714 749 770 qua:
785 698 959 769 legem
989 699 1277 754 constituit
1298 700 1549 755 voluntas
1574 707 1680 764 est,
1733 707 1793 753 ut
1831 714 1959 770 par-

383 802 473 847 tus
503 807 533 844 a
572 790 964 860 depravatione
999 789 1157 845 liberi
1183 789 1315 845 sint.
1356 789 1496 856 Quia
1520 789 1666 844 enim
1690 789 1958 860 quidquid

382 891 578 937 natura
607 897 1078 953 supervacaneum
1135 892 1242 946 est,
1287 882 1431 938 idem
1483 883 1862 953 corruptivum
1903 891 1960 938 et

386 971 576 1026 inutile
627 979 732 1036 est,
770 970 917 1041 quod
949 970 1039 1025 hic
1087 971 1314 1041 sanguis
1378 970 1692 1040 superfluus
1723 973 1818 1036 sit,
1841 986 1961 1040 quae

383 1063 461 1116 illi
507 1062 756 1116 obnoxiae
794 1069 1006 1126 essent,
1034 1062 1088 1116 in
1129 1061 1480 1118 immunditie
1509 1065 1574 1117 ad
1605 1064 1658 1118 id
1695 1063 1960 1134 temporis

381 1152 565 1206 vivere
596 1151 718 1206 illas
747 1150 834 1204 lex
859 1150 1056 1218 jubet;
1088 1165 1200 1220 quo
1223 1151 1343 1220 ipso
1375 1151 1539 1207 etiam
1589 1152 1835 1208 nominis
1868 1168 1961 1207 so-

310 1227 331 1288 ’ἷ
381 1259 454 1298 no
485 1243 693 1299 lasciva
744 1243 1196 1312 concupiscentia
1227 1247 1296 1297 ad
1333 1246 1759 1314 temperantiam
1811 1246 1960 1300 redi-

382 1342 566 1406 gatur,
623 1349 694 1390 ne
733 1350 799 1389 ex
851 1334 1031 1388 inutili
1079 1342 1135 1389 et
1175 1343 1453 1406 corrupta
1507 1337 1736 1391 materia
1781 1336 1959 1406 ipsum

385 1425 645 1478 animans
681 1431 1149 1491 coagmentetur.-

368 1525 384 1574 ι
455 1511 522 1565 Ει
543 1527 675 1566 sane
703 1512 771 1566 de
805 1511 1117 1566 infantibus
1170 1514 1423 1568 eumdem
1456 1514 1523 1567 ad
1579 1513 1800 1568 modum
1826 1528 1961 1569 con-

386 1601 693 1666 stituimus,
739 1611 798 1656 ut
824 1602 869 1656 si
901 1618 1007 1656 non
1043 1604 1434 1672 inquietentur,
1463 1606 1824 1676 inimicosque
1855 1621 1954 1660 na-

2068 519 2225 573 ἐνίων
2263 515 2365 586 τῆς
2395 516 2573 586 ὁρμῆς
2615 512 2991 582 ἀκατάσχετον
3022 510 3411 581 χαλινούμενον
3442 509 3642 594 ἀνακό-

2067 623 2274 662 πτοιτο.
2298 606 2376 659 Ού
2402 604 2561 676 μόνον
2581 602 2638 656 δὲ
2665 601 2801 656 ἀλλά
2826 602 2922 655 καὶ
2942 600 3202 671 προνοίας
3225 601 3345 653 ἐστὶ
3364 600 3433 653 τά
3461 599 3643 652 τικτόο

2070 716 2211 770 μενα
2249 696 2430 766 λώϐης
2467 692 2797 764 καθαρεύειν
2826 690 3220 762 οἱκονομούσης
3252 691 3316 743 τὸ
3341 690 3642 759 θέσπισμα.

2079 791 2234 844 Ἐπεὶ
2262 789 2372 861 γὰρ
2399 789 2544 843 ἆπαν
2573 786 2636 839 τὸ
2657 788 2723 854 τῇ
2749 782 2910 854 φύσει
2939 784 3195 854 περιττὸν
3225 782 3552 852 φθοροποιόν
3581 798 3643 835 τε

2067 881 2164 935 καὶ
2193 881 2487 951 ἄχρηστον,
2518 877 2748 948 περιττὰ
2771 875 2828 929 δὲ
2867 875 2962 928 καὶ
2986 872 3162 927 ταῦτα
3186 873 3426 943 ὑπάρχει
3455 873 3526 926 τά
3555 872 3642 924 αῖ-

2071 988 2235 1042 ματα,
2267 969 2363 1032 τάς
2387 968 2660 1038 φερούσας
2686 966 2825 1020 αὑτά
2858 967 2918 1019 έν
2946 963 3262 1036 ἀκαθαρσίᾳ
3291 963 3412 1018 κατ’
3436 965 3646 1016 έκεῖνον

2067 1065 2159 1117 τὸν
2187 1062 2378 1133 καιρὸν
2417 1061 2628 1129 διάγειν
2668 1060 2697 1112 ὁ
2730 1059 2894 1128 νόμος
2925 1057 3232 1111 ἐντέλλεται
3253 1097 3266 1120 ,
3291 1058 3438 1117 ὅπως
3475 1054 3521 1088 ⁸⁸
3549 1053 3646 1107 καὶ

2067 1157 2164 1212 ἀπ’
2194 1156 2360 1210 αὐτοῦ
2400 1155 2562 1227 μόνου
2600 1152 2694 1207 τοῦ
2720 1155 2963 1224 ῥήματος
2990 1153 3070 1215 είς
3105 1152 3166 1205 τὸ
3205 1151 3442 1222 ἀκρατὲς
3461 1150 3508 1182 ’⁸
3547 1167 3640 1203 συ-

2071 1246 2432 1318 στελλομένης
2453 1246 2498 1276 ⁹¹
2550 1244 2649 1313 τῆς
2698 1243 3001 1297 ἀκολάστου
3035 1242 3332 1312 ἐπιθυμίας
3352 1243 3419 1308 “,
3455 1242 3530 1312 μὴ
3584 1241 3646 1307 ἐξ

2067 1338 2342 1408 ἀχρήστου
2375 1335 2469 1389 καὶ
2508 1333 2917 1403 διεφθαρμένης
2956 1331 3086 1402 ῦλης
3126 1330 3378 1401 λαμϐάνῃ
3413 1330 3477 1382 τὸ
3505 1329 3644 1394 ζῶον

2067 1429 2165 1497 τὴν
2205 1426 2484 1479 σύστασιν.

2141 1518 2249 1572 Καὶ
2274 1517 2405 1586 περὶ
2431 1516 2541 1568 τῶν
2565 1512 2783 1585 βρεφῶν
2810 1513 2868 1566 δὲ
2924 1512 3209 1581 ὁμότροπα
3235 1510 3564 1581 διορίζομεν,
3593 1511 3643 1563 εί

2071 1612 2170 1680 μὲν
2211 1610 2544 1679 ἀνενόχλητα
2598 1608 2683 1678 εἴη
2737 1607 2832 1660 καὶ
2879 1606 2990 1658 τῶν
3048 1607 3115 1675 τῇ
3167 1603 3328 1671 φύσει
3361 1600 3640 1671 πολεμίων

385 1701 522 1745 turae
547 1705 710 1746 casus
747 1700 1028 1760 superent,
1066 1703 1358 1763 antequam
1413 1698 1602 1766 gratia.
1663 1697 1953 1766 splendore

2070 1703 2492 1773 συμπτωμάτων
2542 1699 2846 1768 περίεστιν,
2874 1698 3014 1768 πρὸς
3065 1694 3350 1766 φωτισμὸν
3381 1695 3481 1765 τὴν
3518 1710 3646 1747 τεσ-

386 1781 749 1847 illustrentur,
774 1782 1231 1852 quadragesimus
1263 1784 1375 1856 (I8)
1420 1786 1538 1841 dies
1581 1794 1949 1856 exspectetur.

2070 1768 2404 1863 ταρακοστὴν
2451 1792 2671 1861 ἡμέραν
2725 1789 3044 1860 ἐκδέχεσθαι
3073 1805 3087 1819 '
3158 1787 3454 1841 ἀκόλουθον
3507 1787 3642 1859 γὰρ,

384 1870 830 1931 Consentaneum
889 1886 1127 1942 namque
1199 1881 1319 1938 est,
1376 1883 1435 1928 ut
1491 1877 1952 1945 quemadmodum

2070 1887 2244 1953 ὒσπερ
2292 1883 2350 1936 ὲν
2410 1881 2563 1944 ὅλαις
2609 1880 2850 1951 ἡμέραις
2893 1880 3307 1950 τεσσαράκοντα
3333 1878 3394 1931 τὸ
3425 1877 3639 1949 πλῆρες

386 1961 530 2015 fetus
587 1961 952 2032 quadraginta
1005 1962 1117 2032 (I9)
1148 1963 1344 2017 diebus
1406 1965 1459 2017 in
1512 1974 1722 2019 natura;
1755 1973 1956 2021 mater-

2057 1974 2432 2046 ἀπολαμϐάνει
2464 1973 2564 2043 τῆς
2596 1971 2932 2042 μορφώσεως
2973 1972 3032 2023 ὲν
3060 1969 3139 2040 τῷ
3166 1968 3270 2039 τῆς
3300 1969 3515 2037 φύσεως
3549 1969 3645 2020 καὶ

388 2064 570 2119 noque
630 2051 982 2118 receptacqu
1018 2051 1177 2121 plene
1230 2051 1614 2118 informantur,
1656 2056 1737 2109 sic
1787 2056 1952 2108 etiam

2070 2068 2310 2140 μητρικῷ
2337 2067 2496 2137 οἴκῳ,
2527 2064 2703 2129 οὕτως
2733 2065 2792 2118 έν
2815 2065 2916 2134 ῐσῳ
2951 2061 3170 2133 ἀριθμῴ
3199 2060 3422 2131 ἡμερῶν
3451 2061 3530 2123 είς
3553 2059 3646 2114 τὸν

388 2140 444 2193 in
477 2142 674 2210 aequali
703 2142 914 2195 dierum
943 2157 1175 2198 numero
1214 2143 1269 2198 in
1300 2144 1498 2199 divinae
1526 2145 1711 2216 gloria
1743 2147 1959 2202 aeterni-

387 2246 492 2300 que
511 2234 755 2286 omnium
803 2233 981 2290 Patris
1031 2235 1254 2289 domum
1309 2241 1630 2306 procedant.
1671 2239 1727 2294 Si
1777 2250 1957 2295 tamen

388 2330 444 2378 et
497 2332 693 2378 octavo
758 2339 788 2377 a
843 2336 1004 2392 partu
1036 2324 1144 2388 die,
1204 2325 1481 2394 baptizare
1531 2329 1732 2398 aliquis
1792 2331 1960 2399 volet,

391 2428 566 2483 neque
598 2415 647 2467 id
681 2415 982 2469 absurdum
1037 2415 1223 2470 fuerit.
1265 2416 1530 2472 Dominus
1594 2421 1740 2474 enim
1777 2429 1964 2477 noster

391 2503 649 2556 Christus
679 2511 873 2556 octavo
898 2503 985 2557 die
1025 2503 1420 2570 circumcisus,
1451 2506 1704 2575 imposito
1732 2509 1965 2563 circum-

391 2593 586 2649 cisioni
654 2593 780 2657 fine,
814 2609 913 2656 pro
966 2593 1068 2646 hac
1113 2592 1330 2648 viviﬁco
1391 2595 1718 2664 baptismate
1760 2597 1966 2654 initiari

391 2683 688 2737 concessit.
726 2681 927 2736 Verum
977 2683 1092 2736 haec
1137 2682 1443 2751 obtineant,
1473 2686 1520 2741 si
1546 2688 1695 2742 nulla
1725 2691 1968 2745 necessi-

395 2785 640 2843 tas,qua:
665 2782 893 2828 mortem
927 2775 1185 2842 minetur,
1212 2777 1462 2833 exsistat.
1493 2777 1561 2831 At
1582 2781 1628 2834 si
1663 2780 1966 2850 periculum

392 2864 614 2934 aliquod
646 2880 932 2935 emergens
958 2865 1065 2918 vim
1095 2866 1220 2920 vitae
1248 2866 1466 2935 inferat,
1498 2871 1646 2924 omni
1684 2870 1967 2940 diligentia

391 2954 754 3021 omnibusque
784 2954 992 3008 viribus
1025 2955 1188 3008 etiam
1230 2956 1372 3011 intra
1406 2968 1662 3012 octavum
1695 2957 1838 3013 diem
1875 2974 1968 3014 sa-

2057 2156 2204 2214 οἶκον
2214 2161 2312 2228 τῆς
2325 2159 2472 2220 θείας
2488 2156 2646 2225 δόξης
2662 2156 2752 2208 καὶ
2768 2155 2935 2208 ἀϊδίου
2949 2156 3166 2208 πάντων
3179 2152 3649 2223 Πατρὸςτάτικτό·

2063 2267 2200 2322 μενα
2232 2247 2538 2319 προσιέναι.
2574 2245 2712 2298 Eleis
2731 2247 2824 2298 καὶ
2855 2247 2920 2315 τῇ
2955 2245 3064 2297 ἀπὸ
3094 2244 3203 2297 τῶν
3235 2242 3443 2295 ὠδίνων
3480 2241 3644 2311 ὀγδόῃ

2064 2341 2309 2414 βούλοιτό
2349 2358 2434 2403 τις
2471 2338 2776 2410 βαπτίζειν,
2825 2338 2946 2390 οὐδὲ
2976 2337 3135 2391 τοῦτο
3184 2338 3407 2394 ἄτοπον.
3454 2334 3513 2388 '0
3536 2333 3648 2404 γάρ

2063 2433 2336 2502 Δεσπότης
2354 2430 2511 2502 ἡμῶν
2529 2429 2762 2498 Χριστὸς
2781 2430 2840 2482 ὲν
2855 2428 3028 2499 ταύτῃ
3052 2443 3212 2499 περιτ
3220 2427 3414 2497 μηθεὶς
3435 2427 3530 2480 καὶ
3545 2425 3647 2495 τὴν

2065 2525 2221 2594 λῆξιν
2244 2527 2308 2594 τῇ
2339 2524 2609 2591 περιτομῇ
2641 2519 2873 2583 ἐπιθεὶς,
2903 2519 3177 2588 παρέσχεν
3204 2517 3326 2570 ἀντὶ
3340 2517 3544 2586 ταύτης
3567 2514 3647 2586 τῷ

2068 2615 2318 2686 ζωοποιῷ
2350 2614 2622 2668 τελεῖσθαι
2671 2611 3028 2682 βαπτίσματι.
3072 2609 3237 2663 Ἀλλά
3285 2609 3461 2663 ταῦτα
3521 2608 3644 2678 μὲν,

2070 2708 2119 2760 εί
2177 2704 2418 2775 μηδεμία
2468 2703 2816 2772 παρέστηκεν
2844 2701 3070 2771 ἀνάγκη⁵
3103 2700 3194 2752 τὸν
3227 2699 3458 2752 θάνατον
3485 2701 3645 2751 dust-

2069 2797 2256 2850 λοῦσα·
2290 2800 2339 2849 εί
2364 2795 2421 2848 δέ
2471 2813 2524 2849 τι
2574 2794 2747 2847 δεινὸν
2795 2793 3026 2846 ἐπιστὰν
3069 2793 3316 2862 βιάζεται
3348 2791 3446 2863 τὴν
3477 2789 3645 2862 ζωὴν,

2071 2889 2220 2961 πάσῃ
2255 2887 2456 2958 σπουδῇ
2509 2885 2605 2952 καὶ
2626 2886 2854 2955 δυνάμει
2881 2885 2975 2939 καὶ
3004 2885 3104 2955 τῆς
3128 2885 3324 2955 ὀγδόης
3353 2883 3505 2946 ἐντὸς
3523 2882 3649 2952 δεή-

2075 2998 2161 3034 σει
2191 2978 2666 3051 καταπράξασθαι,
2719 2977 2794 3048 μὴ
2842 2976 3150 3047 ἀφώτιστον
3198 2975 3453 3031 ἀπελθεῖν
3511 2975 3647 3047 μηδὲ

391 3057 539 3098 cram
570 3044 826 3098 lotionem
846 3046 1025 3115 peragi
1053 3047 1350 3114 oportebit,
1380 3063 1562 3103 nenon
1608 3050 1965 3136 illuminatus1

2078 3073 2174 3128 τοῦ
2227 3044 2392 3126 θείου.
2426 3070 2653 3144 λουτροῦ
2707 3044 2803 3125 καί
2851 3044 2946 3125 τοῦ
3006 3068 3214 3140 ἀγαθοῦ
3264 3044 3534 3140 ἀμέτοχον
3585 3068 3649 3122 τὺ

393 3149 568 3203 neque
619 3135 764 3189 sacri
823 3135 1051 3199 lavacri,
1085 3143 1249 3206 atque
1283 3140 1420 3192 adeo
1470 3140 1672 3195 summi
1714 3140 1842 3197 boni
1869 3135 1968 3198 ex;

393 3239 520 3294 pers
546 3235 736 3294 partus
767 3222 1015 3280 decedat.

843 3315 1304 3372 CONSTITUTIO
1338 3317 1526 3372 XVIII.

393 3403 464 3463 Πι
514 3405 724 3477 (ΞΟ-21)
774 3407 830 3461 in
867 3408 1532 3548 εροιιεαιίιξειιᾶδῖοηειὶιυια
1581 3426 1734 3482 paena
1786 3412 1973 3482 exiga-

1053 3489 1140 3530 tur
1166 3489 1299 3531 (2‘2).

461 3565 608 3621 Idem
661 3565 959 3634 imperator
999 3565 1246 3636 Styliano
1287 3568 1753 3625 excellentissimo
1784 3584 1971 3625 sacro-

391 3673 514 3712 rum
549 3659 848 3712 olliciorum
875 3659 1160 3725 magism-0.

470 3746 530 3802 In
556 3749 814 3802 omnibus
858 3750 1023 3803 rebus
1058 3757 1112 3802 et
1142 3747 1307 3804 dictis
1336 3750 1482 3820 quod
1524 3754 1872 3819 prmstantius
1901 3753 1973 3807 sit

392 3841 575 3914 seligi,
629 3841 1137 3912 reprehendendum
1196 3857 1305 3896 non
1336 3853 1438 3898 est.
1471 3845 1650 3914 Atque
1693 3853 1823 3900 tunc
1851 3847 1974 3915 qui-

393 3935 537 3997 dem,
570 3941 631 3986 ut
655 3933 861 4002 aliquid
908 3947 1141 4001 sequare
1178 3941 1272 3987 aut
1302 3934 1689 3990 declinandum
1724 3951 1971 4005 censeas,

394 4040 502 4079 non
571 4039 759 4079 eorum
827 4024 922 4095 qui
976 4024 1180 4090 aliquid
1242 4033 1337 4078 aut
1396 4025 1606 4080 faciunt
1633 4037 1727 4081 aut
1757 4029 1970 4095 dicunt,

396 4117 639 4171 habenda
670 4117 812 4170 ratio
843 4116 976 4171 :sed
1017 4131 1209 4172 eorum
1246 4132 1366 4186 quae
1405 4117 1545 4172 ﬁunt
1571 4128 1664 4171 aut
1693 4119 1971 4185 dicuntur,

397 4209 814 4276 cognoscendus
841 4216 1017 4261 status
1046 4219 1149 4262 est.
1176 4210 1386 4264 Idcirco
1412 4211 1558 4280 quod
1588 4214 1973 4268 consuetudini

397 4299 601 4368 placuit
617 4308 674 4351 ut
690 4299 742 4351 in
765 4299 1164 4368 sponsaliorum
1187 4303 1660 4370 reprobationibus
1678 4319 1851 4373 ρωιιῖε
1869 4307 1969 4359 im-

2071 3164 2264 3236 τεχθέν
2296 3164 2366 3218 ’³.

2605 3342 2919 3397 ΔΙΔΤΑΞΙΣ
2956 3344 3067 3398 ιιιν.

2071 3430 2213 3500 Περὶ
2242 3431 2350 3486 τοῦ
2394 3431 2776 3486 ἀπαιτεῖσθαι
2813 3433 2879 3486 τὸ
2925 3432 3182 3502 γαμικὸν
3219 3433 3554 3501 πρόστιμον
3578 3431 3648 3487 ’⁸.

2166 3585 2226 3639 Ὀ
2261 3585 2424 3648 αὐτὸς
2473 3585 2732 3655 βασιλεὺς
2781 3585 3058 3656 Στυλιανῷ
3093 3585 3172 3656 τῷ
3223 3586 3654 3656 ύπερφυεστάτῳ

2077 3674 2363 3744 μαγίστρῳ
2395 3672 2506 3727 τῶν
2531 3671 2691 3725 θείων
2720 3673 3014 3742 ὁφφικίων.

2146 3764 2258 3833 Τὴν
2283 3762 2376 3815 τοῦ
2405 3762 2712 3833 κρείττονος
2740 3763 2970 3834 ἐκλογὴν
2998 3764 3056 3816 ἐν
3084 3764 3219 3816 πᾶσι
3244 3765 3338 3817 καὶ⁵
3364 3765 3651 3836 πράγμασι

2074 3855 2169 3908 καὶ
2234 3854 2415 3921 λόγοις
2471 3855 2745 3908 ποιεῖσθαι
2795 3855 2856 3907 ού
2912 3856 3234 3927 νεμεσητὸν,
3296 3857 3392 3910 καὶ
3418 3857 3540 3910 τότε
3574 3859 3654 3929 μὴ

2075 3945 2213 4015 πρὸς
2245 3945 2371 4008 τοὺς
2399 3946 2966 4016 πραγματευομένους
3011 3947 3044 4018 ἢ
3087 3946 3367 4016 λέγοντας,
3397 3949 3534 4018 πρὸς
3591 3948 3651 4002 δὲ

2073 4036 2172 4106 τὴν
2206 4035 2315 4090 τῶν
2350 4037 2741 4106 πραττομένων
2804 4038 2900 4091 καὶ
2945 4037 3256 4108 λεγομένων
3315 4040 3651 4093 κατάστασιν

2074 4127 2108 4199 ἦ
2137 4128 2365 4181 ἕπεσθαι
2391 4127 2424 4197 ἢ
2463 4129 2560 4197 τὴν
2585 4128 2827 4194 ἔγκλισιν
2855 4133 3183 4201 προστιμᾷν.
3243 4131 3342 4184 Διά
3372 4129 3530 4185 τοῦτο
3556 4132 3654 4184 καὶ

2075 4218 2115 4272 ἃ,
2140 4221 2205 4289 τῇ
2243 4217 2502 4289 συνηθείᾳ
2529 4220 2726 4288 ἦρεσεν
2760 4222 2818 4273 ὲν
2849 4224 2968 4284 ταῖς
3020 4224 3129 4275 τῶν
3166 4224 3472 4293 μνηστειῶν
3522 4224 3651 4278 ἀθε-

2075 4310 2297 4379 τήσεσιν
2329 4310 2641 4363 ἐπικεῖσθαι
2667 4314 3099 4383 προστιμήματα
3131 4318 3240 4378 τοῖς
3267 4317 3479 4386 ὁρμῶσι
3515 4317 3652 4386 πρὸς

399 4390 669 4444 minerent
695 4391 782 4456 iis,
810 4391 902 4459 qui
929 4393 1223 4460 reprobare
1248 4394 1618 4460 instituerent,
1645 4405 1701 4449 et
1736 4396 1789 4450 id
1823 4397 1877 4449 in
1903 4397 1965 4450 le-

2078 4402 2176 4472 τὴν
2208 4400 2486 4470 ἀθέτησιν,
2544 4401 2639 4454 καὶ
2669 4401 2838 4455 ταῦτα
2868 4406 2947 4467 είς
2980 4406 3144 4476 νόμου
3185 4406 3529 4477 καθιστῶμεν
3568 4423 3653 4458 τι·

398 4483 481 4550 gis
502 4483 883 4538 auctoritatem
919 4484 1271 4539 collocamus.
1303 4485 1556 4541 Arbitror
1579 4487 1724 4541 enim
1759 4489 1809 4542 id
1828 4488 1974 4558 quod

396 4573 782 4628 consuetudini
812 4574 993 4626 visum
1040 4582 1146 4638 est,
1179 4589 1243 4629 ea
1275 4575 1392 4645 lege
1417 4591 1538 4645 qua:
1571 4577 1640 4630 de
1667 4577 1978 4647 huiusmodi

2079 4492 2208 4560 μὴν.
2267 4486 2437 4560 Οἶμαι
2494 4491 2602 4562 γὰρ
2657 4492 2751 4545 τοῦ
2800 4495 2892 4547 ἐπὶ
2915 4497 3037 4558 ταῖς
3086 4497 3366 4560 τοιαύταις
3422 4498 3656 4568 πράξεσι

2077 4580 2335 4651 κειμένου
2383 4583 2551 4651 νόμου
2599 4582 2674 4652 μὴ
2719 4585 2901 4653 χεῖρον
2934 4584 3078 4654 ἔχειν
3118 4586 3180 4639 τὸ
3220 4587 3537 4657 δεδογμένον
3584 4589 3648 4657 τῇ

397 4663 561 4718 rebus
593 4663 702 4716 lata
737 4671 878 4726 erat,
927 4662 1066 4716 nihil
1115 4664 1534 4733 iniprobabilius
1588 4682 1741 4730 esse,
1796 4684 1860 4724 ac
1892 4685 1965 4725 re:

2079 4673 2361 4744 συνηθείᾳ,
2410 4674 2549 4726 ἀλλὰ
2605 4675 2700 4727 καὶ
2752 4676 2833 4738 είς
2881 4677 2942 4729 τὸ
2998 4678 3221 4747 ἄμεινον
3262 4680 3558 4750 ἀναφέρειν
3585 4678 3654 4732 τὰ

395 4754 547 4823 ipsas
602 4756 807 4810 referre
833 4757 885 4808 in
922 4755 1140 4809 melius.
1198 4755 1334 4809 Nam
1363 4771 1487 4809 cum
1520 4757 1604 4810 lex
1637 4759 1814 4812 ari-liae
1862 4775 1982 4830 pcr-

396 4846 625 4912 ditione,
680 4848 854 4901 autin
885 4847 1109 4917 duplum
1139 4847 1252 4916 (23)
1287 4847 1643 4904 restitutione
1683 4852 1864 4905 solum
1896 4862 1981 4905 te-

2085 4766 2405 4834 πράγματα.
2430 4764 2535 4816 Τοῦ
2571 4766 2678 4834 γάρ
2700 4767 2866 4836 νόμου
2901 4769 2959 4822 ὲν
3011 4770 3145 4840 μόνῃ
3185 4773 3251 4841 τῇ
3283 4771 3376 4822 τοῦ
3398 4769 3652 4841 depasta-

2081 4872 2170 4918 νος
2201 4855 2446 4927 ἀπωλείᾳ
2474 4855 2509 4926 ἦ
2544 4855 2705 4927 διπλῇ
2737 4859 2990 4912 ἀποδόσει
3028 4861 3349 4926 κολάζοντος
3387 4863 3487 4934 τὴν
3521 4878 3654 4931 προ-

1749 4942 1978 4997 VAIIIE
2021 4946 2426 5001 LECTIONES.

501 5026 547 5117 ξ’
569 5024 921 5117 ιτοειιεεειιε
943 5029 1604 5117 nintiluus'et.corruptus‘.
1624 5031 1796 5117 Codd.
1829 5037 2078 5117 scribunt
2109 5040 2281 5117 δπερ;
2333 5041 2715 5117 $teplra_niis_et
2744 5045 2991 5117 Agylaens
3020 5048 3187 5106 ὅπως.
3272 5050 3320 5081 ’⁸
3341 5047 3653 5117 Stephanus

395 5104 449 5171 et
481 5098 730 5167 Agyltcus
753 5101 1040 5171 ἐγκρατὲς.
1090 5101 1134 5130 ν¹
1177 5098 1367 5155 Zuicli.
1398 5098 1840 5171 συστελλομένου.

1918 5109 2462 5186 "_Excidit_ve_rbnm
2500 5109 3208 5186 σΙίιιυίιΙηΙῦιῖιε,ἀπείργει.
3297 5109 3554 5172 ⁹³ΖιιἰεΙι.
3598 5128 3654 5171 et

399 5166 694 5223 Meelman.
718 5171 839 5221 cod.
860 5166 1046 5226 τεθέν,
1117 5171 1165 5206 ’δ
1189 5171 1286 5224 Est
1313 5172 1370 5225 in
1404 5171 1519 5227 Ecl.
1577 5166 1714 5224 Nov.
1760 5175 1828 5229 10
1851 5183 1904 5228 et
1939 5179 2140 5231 citatur
2170 5181 2240 5233 ab
2260 5166 2606 5251 IIarmenop:
2627 5166 2784 5248 tv,'i.

1961 5269 2196 5326 ΝΟΤΕ.

469 5352 580 5422 (18)
613 5351 723 5406 Leo
754 5339 960 5431 monet,
992 5371 1101 5410 non
1133 5365 1315 5431 tamen
1350 5358 1530 5431 jubet,
1556 5359 1622 5414 ad
1653 5361 1964 5431 quadrage-

399 5425 598 5498 simum
634 5439 807 5498 usque
827 5423 970 5498 diem
1026 5423 1366 5494 baptismqu
1417 5429 1622 5485 differri
1651 5423 1705 5483 in
1735 5423 1961 5498 infame,

400 5494 502 5545 nisi
531 5507 680 5549 mors
707 5494 899 5547 infanti
935 5497 1240 5549 immineat.

475 5562 586 5629 (l9)
622 5564 1052 5686 Quadra‘tjgesimo
1083 5567 1172 5619 die
1199 5575 1389 5634 partus
1437 5568 1731 5636 formatur,
1759 5582 1817 5622 ut
1847 5570 1960 5624 dixi
2068 5562 2234 5642 oblig.

496 5631 530 5679 I.
558 5636 610 5686 3.
634 5649 686 5683 ιιι
719 5634 806 5684 liti.
877 5634 976 5686 .de
1020 5636 1156 5686 suis.
1188 5637 1338 5686 Adde
1374 5641 1408 5686 l-
1451 5638 1541 5686 39-
1575 5640 1629 5686 ﬂ.
1667 5639 1734 5686 de
1760 5642 1957 5686 nmnig-
2135 5646 2234 5686 «9,3

400 5630 464 5679 ed
496 5631 530 5679 ι.
558 5636 686 5712 5,.ιιι
719 5634 812 5712 lin.-
833 5630 887 5687 IT.
909 5634 976 5688 de
1020 5636 1166 5712 suis;
1188 5630 1338 5712 Adde
1373 5641 1428 5712 l._
1451 5638 1541 5712 βξ),
1574 5640 1629 5694 ﬂ.
1667 5630 1734 5696 de
1759 5642 1958 5712 ptgliis.

402 5711 465 5751 va
492 5703 911 5774 quadragesimo
936 5720 1106 5772 nono,
1137 5707 1197 5771 5,
1217 5705 1355 5760 Gell.
1410 5707 1493 5762 I0.

1813 5803 1865 5816 λ.

2072 5364 2574 5506 ῑίιςῖἳίῗίέξὶειηι
2633 5370 2882 5439 ΕρΞιοιιιε
2914 5375 3056 5442 apud
3102 5375 3565 5446 Harmenolmlum
3594 5378 3653 5430 4»

2140 5505 2253 5584 βε)
2294 5505 2351 5560 Si
2387 5509 2462 5560 ita
2507 5515 2614 5575 est,
2677 5509 2993 5579 abrOgatur,
3057 5516 3092 5569 Ι.
3119 5517 3241 5584 I34,
3297 5517 3352 5570 fl‘.
3391 5519 3459 5572 de
3495 5515 3656 5574 verb.

2135 5644 2259 5718 {(23)
2285 5643 2408 5703 Vid.
2447 5647 2485 5704 l.
2515 5648 2570 5716 5,
2601 5649 2663 5706 C.
2693 5651 2760 5709 dc
2786 5653 3098 5727 sponsalibt

3473 5813 3496 5818 --
3523 5812 3528 5816 .
3549 5799 3712 5817 -..σο-ρ.-
