4048 6438
383 289 483 355 4ϐ1

1484 294 1847 356 ΝΟνΕιιηλΕ
1885 292 2582 358 ΟΟΝΞΤΙΤΗΤΙΟΝΕ8.Ξ

3542 298 3652 359 462

382 402 627 467 πέτειαν,
663 400 802 472 αὕτη
884 401 1057 474 ῥητήν
1105 418 1228 455 τινα
1281 403 1375 456 καί
1435 406 1954 477 συμπεφωνημένην

2077 406 2365 460 ueritatem
2418 405 2634 475 puniat,
2667 405 2780 461 haec
2815 404 3101 460 definitum
3138 414 3409 477 pactoque
3433 411 3643 464 c0nsli—

384 492 633 562 βούλεται
685 492 931 560 γίνεσθαι
964 493 1064 563 τὴν
1088 493 1181 546 ἐπὶ
1223 495 1292 564 τῇ
1324 494 1673 567 ἀναρμοστία
1700 495 1802 566 τῆς
1832 513 1970 566 μνη-

384 583 569 645 στείας
610 583 837 654 ζημίαν,
888 582 981 636 καὶ
1032 585 1184 637 δοκεῖ
1222 602 1332 655 μοι,
1362 585 1554 657 ὥσπερ
1583 583 1763 651 εἶπον,
1809 586 1969 641 τοῦτο

384 674 574 727 πλεῖον
603 674 752 744 ἔχειν
786 675 944 745 ίσχὺν
977 677 1059 738 είς
1089 676 1149 729 τδ
1183 676 1257 748 μὴ
1289 678 1364 742 ὡς
1396 676 1555 750 ἔτυχε
1606 680 1967 734 πεττεύεσθαι

382 765 454 817 τὰ
483 765 897 835 μνηστεύματα.
936 766 1001 819 Ἦ
1046 767 1146 836 μὲν
1186 767 1298 839 γὰρ
1352 768 1448 822 τοῦ
1499 770 1821 841 ἀρῤαϐῶνος
1863 773 1968 826 ἀπ-

380 855 578 920 ώλεια,
608 855 818 925 ὥσπερ]
844 856 937 909 ἐπὶ
969 855 1048 927 τῷ
1082 857 1229 911 δόντι
1255 856 1378 913 εἶτα
1411 860 1485 930 μὴ
1535 862 1817 930 στέργοντι
1868 860 1968 930 τὴν

388 948 688 1016 μνηστείαν
722 948 976 1019 ὥρισται,
1041 949 1138 1002 καὶ
1171 951 1203 1020 ἡ
1238 950 1403 1021 διπλῆ
1455 952 1511 1006 δὲ
1545 952 1820 1017 ἀπότισις,
1847 954 1915 1024 ἢν
1939 953 1969 1007 ὁ

383 1038 476 1090 τὸν
507 1039 802 1108 ἀρραϐῶνα
828 1039 1006 1094 λαϐὼν
1030 1036 1149 1094 εἶτα
1179 1041 1253 1112 μὴ
1286 1042 1562 1111 ἐπιμένων
1577 1039 1657 1108 οἷς
1681 1044 1967 1115 ὡμολόγη-

388 1143 478 1178 σεν
510 1127 704 1195 ὑπέχει
741 1127 964 1198 ζημίαν.
989 1129 1128 1198 τάχα
1179 1130 1267 1182 διά
1296 1130 1356 1182 τὸ
1403 1132 1731 1203 κουφότερον
1761 1149 1966 1203 προπεο

384 1213 643 1285 τέστερον
672 1214 858 1268 δίδωσι
895 1217 1006 1278 τοῖς
1037 1216 1385 1286 βουλομένοις
1441 1221 1520 1281 είς
1548 1219 1647 1288 τὴν
1705 1220 1967 1288 ἀθέτησιν

386 1308 567 1375 ὁρμᾷν
593 1306 702 1358 τῶν
725 1306 1050 1375 ὁμολογιῶν,
1078 1308 1183 1362 ὑπὸ
1209 1309 1267 1363 δὲ
1294 1311 1396 1380 τῆς
1429 1312 1748 1380 συμφωνίας
1794 1313 1966 1383 ῥητῆς

384 1394 726 1464 εἰσπράξεως
754 1394 1063 1466 βαρυτέραν
1088 1399 1418 1452 ἀπαντῶσαν
1446 1400 1597 1471 αὑτῷ
1640 1402 1739 1470 τὴν
1763 1403 1966 1471 ζημίαν

381 1485 526 1553 ὀρῶν
549 1487 578 1538 ὁ
605 1485 883 1552 ἀϐέϐαιος,
919 1488 1138 1552 πάντως
1185 1491 1545 1563 ὀκνηρότερος
1594 1494 1733 1564 πρὸς
1756 1496 1819 1548 τὸ
1845 1495 1966 1548 δια-

386 1575 593 1628 σπάσαι
617 1575 716 1647 τὴν
749 1579 1046 1648 μνηστείαν
1074 1581 1390 1652 γενήσεται.

458 1666 637 1736 Ὅπερ
668 1668 714 1699 ⁸⁸
744 1667 837 1720 καὶ
865 1670 1024 1737 ἡμεῖς
1052 1670 1288 1739 ὁρῶντες
1310 1675 1422 1736 τοῖς
1443 1675 1739 1745 γαμηλίοις
1773 1679 1966 1732 συναλο

2077 504 2253 550 tutum
2289 496 2341 551 in
2369 497 2770 566 sponsaliorum
2806 498 3139 552 rescissione
3177 498 3349 553 subiri
3387 499 3649 553 damnum

2079 584 2214 638 vult.
2278 584 2357 638 Ac
2413 600 2584 649 sane,
2658 601 2725 639 ne
2776 585 2857 655 (ut
2915 586 3029 639 fieri
3090 586 3316 656 assolet)
3366 587 3648 656 sponsalia

2076 689 2297 729 sursum
2334 675 2589 730 deorsum
2641 675 2914 739 ferantur,
2942 675 3046 730 hoc
3104 677 3236 729 mihi
3270 675 3652 746 (quemadmo-

2075 766 2203 820 dum
2257 765 2391 837 dixi)
2451 766 2713 836 majorem
2747 766 2995 821 obtinere
3044 766 3153 819 vim
3194 766 3429 822 videtur.
3466 765 3652 822 Solius

2075 859 2220 913 enim
2273 858 2451 912 arrhze
2504 858 2760 925 perditio,
2825 872 2945 926 quae
2972 857 3023 910 in
3054 872 3176 910 eum
3239 856 3327 925 qui
3379 858 3549 921 dedit,
3587 872 3653 912 ac

2074 949 2271 1004 deinde
2302 949 2647 1018 sponsalibus
2671 964 2779 1002 non
2821 948 3144 1017 acquiescit,
3212 948 3508 1002 constituta
3543 959 3650 1011 est,

2074 1039 2301 1107 ejusque
2328 1039 2381 1092 in
2413 1038 2635 1107 duplum
2669 1037 2961 1102 restitutio,
2994 1052 3156 1106 quam
3181 1037 3439 1091 mulctatu
3470 1036 3519 1095 is
3560 1037 3654 1107 qui

2075 1132 2293 1184 arrhatu
2341 1132 2506 1199 cepit,
2561 1129 2867 1198 deiudeque
2904 1128 2959 1181 in
3009 1136 3167 1197 pacto
3216 1135 3488 1181 convento
3542 1141 3656 1182 non

2079 1220 2348 1291 persistit,
2399 1221 2683 1283 sustinet,
2760 1226 2819 1271 nt
2871 1225 3093 1287 prOpter
3146 1231 3321 1286 paenae
3381 1217 3654 1271 levitatem

2074 1310 2140 1365 ad
2173 1320 2454 1381 pactorum
2513 1309 2922 1371 rescissiouem,
2958 1308 3052 1376 qui
3083 1307 3136 1361 id
3159 1306 3338 1361 facere
3385 1307 3650 1378 cogitant.

2076 1403 2290 1458 facilius
2316 1401 2583 1465 ferantur,
2644 1400 2793 1454 facit.
2823 1400 2891 1452 At
2916 1415 2983 1453 ex
3020 1408 3180 1469 pacto
3209 1398 3448 1453 definitae
3477 1412 3652 1466 paena:

2072 1496 2295 1566 gravius
2329 1494 2591 1548 damnum
2643 1492 2747 1547 sibi
2771 1492 3033 1546 obvenire
3093 1492 3287 1546 videns
3332 1492 3656 1546 inconstans

2073 1587 2164 1641 ille
2193 1585 2401 1640 tardior
2436 1584 2661 1640 omnino
2688 1585 2752 1637 ad
2784 1582 3089 1639 divellenda
3125 1583 3403 1653 sponsalia
3436 1581 3548 1637 flet.

2156 1676 2307 1741 Quod
2349 1691 2481 1731 sane
2510 1675 2823 1730 nos’etiam
2882 1674 3222 1743 nuptialibus
3276 1672 3653 1728 contractibus

385 1755 631 1826 ἰδάγμασι
668 1757 870 1826 μᾶλλον
900 1761 1222 1830 συμφέρειν,
1252 1765 1333 1825 εἰς
1374 1765 1611 1835 νομίμην
1640 1766 1882 1834 διάταξιν
1910 1770 1970 1821 τὸ

2077 1768 2246 1837 magis
2302 1766 2648 1820 conducibile
2706 1764 2822 1819 fore
2872 1764 3375 1818 animadvertentes
3411 1762 3652 1827 quodex

388 1849 500 1901 ἀπὸ
528 1850 819 1919 συνηθείας
860 1854 1236 1922 πραττόμενον
1296 1856 1666 1928 καθιστῶμεν.
1716 1861 1811 1913 Ἐκ
1865 1861 1968 1930 μὲν

386 1939 498 2011 γὰρ
530 1940 630 2009 τῆς
657 1939 753 1994 τοῦ
790 1941 1110 2013 ἀρῤαϐῶνος
1134 1944 1411 2010 ἀπωλείας
1438 1948 1629 2018 ῥᾳδίας
1658 1948 1705 1981 ⁸⁸
1733 1950 1968 2020 ὀρῶτῶν

392 2030 701 2100 μνηστειῶν
727 2031 826 2094 τὰς
856 2032 1194 2100 ἀνατροπὰς,
1226 2035 1290 2087 ὲκ
1323 2036 1379 2088 δὲ
1403 2036 1503 2104 τῆς
1537 2036 1631 2090 τοῦ
1665 2039 1967 2109 προστίμου

384 2121 696 2192 καταϐολῆς
746 2123 951 2177 οὐκέτι.
1004 2124 1079 2179 Τὸ
1098 2126 1207 2196 γὰρ
1267 2126 1567 2195 βαρύτερον
1615 2128 1969 2202 τῆςτζημίας

391 2214 710 2286 (βαρύτερον
735 2215 791 2269 δὲ
820 2217 1037 2279 πάντως
1070 2216 1163 2271 τοῦ
1196 2217 1515 2289 ἀρῤαϐῶνος
1539 2220 1601 2273 τὸ
1633 2220 1966 2290 πρόστιμον)

390 2306 486 2357 καὶ
534 2305 664 2359 ἀκον
685 2307 729 2337 ⁸⁷
756 2308 955 2377 ἐπέχον
1003 2308 1065 2361 τὸ
1116 2309 1215 2379 τῆς
1284 2309 1512 2381 γνώμης
1559 2311 1898 2382 παλίμϐολον
1922 2313 1968 2347 ⁸⁸

397 2395 640 2463 στέργειν
666 2398 971 2465 ἀναγκάσει
1005 2399 1073 2453 τὰ
1113 2400 1245 2470 περὶ
1276 2399 1386 2453 τῶν
1445 2404 1899 2473 μνηστευσάντων
1922 2406 1968 2439 ⁹⁹

395 2486 817 2557 προδεὸογμένα.
866 2488 1053 2554 Οὕτως
1107 2487 1321 2545 οὖνκαὶ
1368 2491 1476 2544 ἀπὸ
1523 2492 1615 2545 τοῦ
1642 2494 1735 2547 νῦν
1777 2495 1971 2549 κελεύ-

390 2594 560 2647 σματι
589 2580 754 2651 νόμου
780 2582 842 2635 τὸ
871 2583 978 2635 ἀπὸ
1008 2583 1023 2614 ί
1080 2583 1179 2653 τῆς
1204 2583 1492 2652 συνηθείας
1544 2584 1840 2653 βεϐαιωθὲν
1876 2589 1972 2641 καὶ

388 2669 664 2739 κρατείτω
693 2672 787 2724 καὶ
818 2671 1106 2733 διαιτάτω.
1136 2673 1389 2744 καθάπερ
1418 2674 1547 2744 ἄχρι
1576 2677 1595 2707 ’
1644 2675 1741 2728 τοῦ
1766 2679 1971 2747 παρόν-

388 2778 501 2823 τος,
535 2763 631 2815 καὶ
661 2765 970 2834 προστίμου
994 2765 1281 2837 εἰσπράξει
1334 2768 1362 2819 ὁ
1390 2765 1490 2836 τὴν
1515 2768 1812 2838 μνηστείαν
1840 2771 1972 2823 ἀνα-

387 2854 610 2923 τρέπων
641 2853 981 2925 ζημιούσθω.

987 2947 1297 3004 ΔῘΑΤΛΞΙΣ
1338 2950 1441 3004 ΙΘ’.

388 3032 532 3102 Περὶ
560 3033 891 3104 συμφώνου
928 3038 1200 3104 πατρῴου
1228 3040 1333 3093 τοῦ
1383 3039 1476 3092 ἐπ’
1505 3040 1647 3107 ἴσης
1682 3044 1972 3108 κληρονο-

886 3108 1025 3175 μεῖν
1052 3110 1160 3161 τὸν
1184 3108 1369 3163 παῖδα
1396 3109 1438 3163 ³.

475 3189 536 3245 '0
562 3192 728 3257 αὐτὸς
770 3192 1024 3264 βασιλεὺς
1056 3196 1338 3268 Στυλιανῷ
1400 3199 1477 3268 τῷ
1540 3200 1975 3272 ύπερφυεστάτῳ

395 3285 686 3358 μαγίστρῳ
709 3287 819 3342 τῶν
852 3288 1012 3343 θείων
1056 3292 1349 3360 ὀφφικίων.

460 3374 645 3444 Ὅπερ
669 3375 766 3427 καὶ
788 3376 1024 3446 πρόσθεν
1053 3379 1187 3447 ἡμῖν
1210 3377 1446 3449 εἴρηται,
1480 3381 1540 3433 οὐ
1562 3381 1787 3449 φαυλίζε
1798 3400 1843 3434 ιν
1860 3382 1976 3435 ἑτέ-

397 3480 526 3534 ρους
562 3466 989 3538 προαιρούμενοι
1056 3470 1137 3533 είς
1197 3470 1575 3539 ἐπανόρθωσιν
1627 3472 1737 3526 τῶν
1794 3474 1975 3544 νόμων

394 3556 760 3626 κατέστημεν,
833 3559 942 3613 οὐδ’
978 3560 1065 3614 ἵνα
1123 3560 1282 3628 δόξαν
1333 3562 1550 3626 ἑαυτοῖς
1598 3565 1995 3637 περιποιησώ-.

398 3644 561 3713 μεθα,
594 3647 710 3700 ἀλλ’
756 3648 844 3702 ἵνα
889 3649 950 3702 τὸ
979 3650 1297 3722 ἀσύμφορον
1345 3652 1411 3705 ἐκ
1442 3652 1537 3705 τοῦ
1604 3654 1715 3708 τῶν
1760 3656 1976 3726 ὑποχωο

400 3735 533 3803 ρῖων
568 3738 591 3769 ⁸
643 3737 729 3809 ἐφ’
782 3740 905 3793 ὅσον
954 3741 1182 3794 δυνατὸν
1260 3743 1777 3815 ἀποσκευασώμεθα
1835 3744 1974 3816 βίου,

396 3828 574 3879 ὲκείνο
594 3828 818 3893 εἰδότες,
849 3830 924 3893 ὡς
950 3831 1171 3884 πάντων
1218 3832 1615 3904 προτιμότερον
1666 3835 1747 3897 είς
1802 3836 1976 3889 κατά-

399 3933 589 3970 στασιν
651 3921 752 3988 τῆς
804 3920 1081 3984 πολιτείας
1142 3923 1176 3991 ἡ
1214 3922 1321 3974 τῶν
1373 3923 1555 3992 νόμων
1619 3924 1976 3989 κατάστασις.

409 4007 752 4079 Ὀφθαλμοὺς
784 4010 893 4080 γάρ
954 4028 1037 4074 τις
1067 4012 1239 4064 είπὼν
1291 4012 1565 4076 πολιτείας
1608 4015 1734 4077 τοὺς
1755 4015 1973 4085 νόμους,

394 4099 497 4149 οὒκ
538 4098 625 4161 ἂν,
657 4096 829 4171 οἴμαι,
861 4101 1049 4171 καλοίη
1078 4101 1183 4168 ἔξω
1212 4101 1308 4154 τοῦ
1344 4102 1644 4173 πρέποντος
1687 4105 1928 4176 φάμενος
1961 4124 1975 4140 ·

394 4187 587 4259 ὥσπερ
622 4189 727 4261 γὰρ
767 4190 891 4263 ζώῳ
925 4192 1354 4258 ἀναγκαιότατόν
1376 4195 1492 4246 ἐστι
1520 4194 1757 4264 μάλιστα
1776 4196 1978 4266 ὀφθαλ-

401 4280 502 4348 μὸς
523 4282 582 4333 ού
614 4282 999 4352 σφαλλόμενος,
1036 4283 1180 4337 οὕτω
1205 4287 1298 4338 καὶ
1326 4284 1572 4356 πολιτείᾳ
1605 4287 1789 4357 νόμων
1813 4287 1976 4341 εύθύ-

396 4387 520 4439 της.
545 4374 636 4425 Διὸ
662 4377 759 4441 τῆς
793 4374 1000 4428 τούτων
1024 4375 1315 4447 εὐθύτητος
1360 4378 1672 4447 ποιούμενοι
1695 4378 1974 4449 πρόνοιαν,

396 4463 631 4532 ἐπείπερ
660 4464 904 4532 ἔγνωμεν
928 4466 985 4517 ὲν
1012 4468 1077 4535 τῇ
1116 4466 1208 4517 τού
1233 4466 1461 4530 κὼδικος
1493 4468 1690 4538 ἐκλογῇ
1723 4470 1975 4539 κείμενον

397 4551 586 4619 νόμον,
634 4551 691 4604 ὃς
745 4552 831 4605 διά
881 4554 943 4605 τὸ
1000 4554 1274 4623 προφανὲς
1304 4554 1403 4624 τῆς
1458 4555 1689 4619 ἀτοπίας
1723 4557 1975 4627 οὐδαμῶς

399 4633 532 4712 εὗρε
561 4644 581 4673 ⁵
611 4642 881 4714 ἀποδοχῆς
904 4643 1088 4715 χώραν
1134 4647 1191 4697 ἐν
1218 4647 1285 4713 τῇ
1313 4644 1422 4697 τῶν
1452 4644 1758 4715 ἀνθρώπων
1791 4665 1978 4717 προαιο

1998 3090 2045 3148 C

2068 1858 2463 1913 consuetudine
2514 1856 2628 1910 fieri
2684 1855 2841 1919 solet,
2869 1855 2925 1908 in
2964 1855 3260 1925 legitimam
3297 1852 3655 1907 constitutio-

2071 1966 2189 2004 nem
2226 1948 2585 2003 traducimus.
2609 1945 2689 2000 Ex
2730 1946 2906 2000 arrha:
2934 1946 3202 2015 siquidem
3230 1943 3438 2013 (24-25)
3472 1944 3657 2013 perdi-

2071 2046 2216 2099 tione
2275 2042 2463 2096 faciles
2526 2039 2931 2109 sponsaliorum
2971 2039 3284 2093 eversiones
3340 2039 3547 2093 video:
3585 2052 3654 2092 ex

2069 2148 2241 2203 poenae
2274 2131 2644 2202 persolutione
2680 2146 2787 2185 non
2826 2130 2980 2184 item.
3014 2128 3152 2183 Nam
3181 2130 3401 2198 gravius
3432 2129 3655 2198 dispen-

2068 2224 2215 2278 dium
2286 2222 2469 2292 (pacto
2504 2220 2648 2275 enim
2685 2219 2985 2273 constituta
3029 2233 3184 2287 pmna
3233 2218 3395 2271 arrha
3460 2217 3644 2285 major

2070 2328 2294 2385 prorsus
2322 2322 2484 2382 atque
2532 2310 2747 2381 gravior
2789 2309 2895 2375 est)
2929 2308 3014 2364 vel
3035 2308 3264 2363 invitum
3299 2308 3553 2363 inhibens
3585 2306 3657 2362 al)

2070 2403 2237 2460 animi
2278 2401 2703 2457 inconstantiam
2749 2398 3103 2468 acquiescere
3164 2398 3293 2461 illis,
3326 2412 3446 2466 qua:
3478 2404 3654 2452 antea

2071 2498 2139 2552 de
2164 2492 2514 2566 sponsalibus
2568 2490 2912 2559 placuerunt,
2976 2487 3289 2556 compellet.
3351 2486 3445 2540 Sic
3489 2485 3658 2556 igitur

2071 2587 2216 2656 quod
2247 2600 2277 2639 a
2302 2581 2707 2639 consuetudine
2737 2578 3124 2633 confirmatum
3158 2586 3264 2637 est.
3302 2575 3659 2646 quemadmo-

2072 2679 2201 2734 dum
2255 2678 2542 2740 hactenus,
2594 2674 2670 2729 ita
2708 2672 2970 2742 deinceps
2993 2676 3046 2725 et
3075 2669 3343 2735 obtineto,
3379 2677 3433 2724 et
3461 2682 3657 2724 causas

2072 2768 2374 2839 dijudicato
2404 2786 2416 2820 :
2450 2775 2568 2821 tum
2604 2766 2767 2820 etiam
2798 2764 2893 2832 qui
2921 2760 3199 2832 sponsalia
3231 2761 3447 2826 evertit,
3480 2773 3660 2830 pinna:

2071 2858 2358 2913 exactione
2384 2855 2596 2911 feritor.

2540 2939 3005 2998 CONSTITUTIO
3041 2937 3202 2993 XIX.‘

2134 3038 2209 3093 De
2238 3035 2522 3107 pacto(96)
2551 3042 2883 3171 paterno/Elea:
2922 3046 3071 3102 ωουο
3103 3028 3358 3085 Ιιωνεάεηι
3414 3027 3665 3095 futurum

2833 3118 2966 3156 mm.

2833 3118 2966 3156 tum.

2146 3198 2291 3255 Idem
2339 3198 2636 3265 imperator
2675 3194 2922 3262 Stvliano
2951 3190 3659 3248 excellentisssimosacro-

2076 3306 2195 3345 rum
2227 3289 2541 3345 oliiciorum'
2560 3288 2842 3358 magistro.

2146 3381 2263 3436 Non
2317 3380 2703 3436 contemnendi
2727 3379 2862 3432 alios
2890 3375 3074 3433 studio
3098 3377 3181 3446 (ut
3210 3382 3266 3429 et
3296 3381 3456 3427 antea
3494 3386 3522 3424 a
3560 3385 3663 3423 no-

2076 3473 2521 3545 bisSdictumest)
2575 3485 2754 3540 neque
2777 3478 2838 3525 ut
2875 3468 3104 3539 gloriam
3161 3464 3321 3520 nobis
3375 3476 3657 3533 paremus,

2076 3566 2144 3621 ad
2176 3566 2357 3635 legum
2404 3562 2801 3618 correctionem
2834 3559 3208 3629 proceSsimus
3250 3574 3263 3610 :
3300 3554 3397 3610 sed
3431 3563 3491 3608 ut
3513 3553 3660 3623 quod

2077 3654 2424 3711 conducibile
2455 3668 2563 3706 non
2594 3662 2701 3716 est,
2727 3651 2907 3723 quoad
2940 3651 3061 3715 ejus
3089 3650 3201 3705 fieri
3236 3656 3439 3719 potest,
3470 3663 3497 3700 a
3523 3648 3661 3701 sub-

2075 3747 2315 3815 ditorum
2375 3744 2660 3800 consortio
2722 3757 3148 3797 removeamus:
3195 3742 3245 3795 id
3280 3742 3538 3802 scientes,
3591 3738 3661 3791 ad

2079 3836 2469 3894 moderandam
2495 3834 2895 3905 rempublicam
2937 3833 3123 3903 legum
3147 3840 3348 3887 rectam
3385 3829 3659 3883 constitu-

2083 3929 2287 3984 tionem
2335 3926 2582 3981 omnium
2617 3939 2740 3979 esse
2787 3922 3321 3993 praestantissimam.
3376 3918 3511 3972 Nam
3566 3918 3662 3986 qui

2079 4018 2225 4088 leges
2256 4016 2368 4086 (27)
2423 4015 2741 4084 reipublicae
2788 4014 2979 4067 oculos
3020 4026 3143 4066 esse
3175 4009 3392 4072 dixerit,
3432 4008 3480 4062 is
3535 4022 3664 4077 pro-

2080 4105 2225 4161 fecto
2264 4119 2384 4160 mea
2417 4104 2689 4159 sententia
2722 4103 2846 4157 illas
2864 4103 2938 4157 ita
2966 4116 3193 4165 vocans,
3235 4099 3369 4153 nihil
3396 4097 3660 4151 indecens

2081 4196 2534 4267 pronuntiaverit.
2592 4194 3100 4261 Quemadmodum;
3124 4192 3271 4247 enim
3304 4205 3393 4244 res
3425 4187 3664 4242 maxime

2082 4289 2392 4345 necessaria
2419 4298 2503 4343 est
2535 4286 2759 4341 animali
2801 4300 2910 4340 non
2962 4284 3205 4338 titubans
3252 4282 3468 4343 oculus,
3508 4280 3583 4333 ita
3607 4287 3663 4333 et

2084 4379 2395 4449 reipublica:
2450 4378 2628 4448 legum
2660 4392 2853 4446 aequus
2887 4384 2943 4429 et
2973 4382 3159 4429 rectus
3220 4381 3418 4428 status.
3482 4369 3659 4436 Hujus

2080 4484 2212 4540 ergo
2231 4483 2328 4523 nos
2342 4482 2528 4523 curam
2551 4475 2825 4536 gerentes,
2862 4472 3213 4535 posteaquam
3238 4465 3291 4519 iu
3318 4464 3523 4535 selecto
3543 4459 3661 4529 (28)

2084 4559 2276 4615 codice
2305 4560 2475 4629 legem
2506 4557 2864 4628 cognovimus
2911 4557 3056 4626 (qua:
3077 4557 3317 4625 ,‘prOpter
3353 4554 3661 4606 evidentem

2085 4649 2482 4707 absurditatem
2514 4649 2567 4703 iu
2604 4648 2886 4704 hominum
2937 4647 3139 4703 animis
3195 4644 3515 4712 neutiquam
3577 4638 3661 4692 lo-

1716 4786 1949 4842 VARIIE
1987 4787 2391 4845 LECTIONES.

513 4924 559 4954 ”
582 4922 721 4977 Hinc
753 4924 947 4995 incipit
976 4923 1091 4980 Ecl.
1147 4928 1193 4961 “
1227 4926 1425 4993 Ecloga
1461 4926 1695 4995 ῥᾳδίονς.
1758 4931 1802 4961 ’⁷
1827 4930 1986 4986 codd.
2021 4933 2236 4987 ἄκοντα.
2298 4932 2343 4964 ’⁸
2375 4932 2563 4985 Zuich.
2595 4940 2649 4985 et
2675 4928 2897 4983 Meerm.
2933 4924 3063 4978 παλί
3112 4920 3319 4973 ϐουλον.
3390 4918 3434 4950 ’⁸
3464 4916 3659 4985 Ecloga

513 4996 924 5047 lmucauévwv.
991 4997 1007 5026 ¹
1040 4995 1236 5047 Eclotza
1269 4998 1392 5047 ὑπό.
1469 4998 1488 5025 ⁸
1514 4997 1674 5047 Basil.
1704 4997 1832 5047 ἄγοι
1860 5000 1955 5047 τοῦ
1986 5002 2101 5047 νῦν-
2191 5003 2211 5034 ³
2242 5002 2334 5047 Est
2362 5004 2414 5047 in
2444 5001 2627 5047 Eclmz.
2674 4997 2810 5047 Nov.
2842 4995 2928 5047 Η.
3011 4994 3034 5026 ⁵
3059 4941 3170 5047 gic.
3216 4986 3377 5047 codd.
3428 4987 3659 5047 Stepha-

409 4996 924 5063 μι,ηστευσαμένων.
991 4997 1007 5026 ¹
1040 4995 1236 5063 Ecloga
1269 4998 1392 5050 ὑπό.

407 5060 517 5120 nus
545 5072 599 5118 et
621 5060 871 5137 Agjlaaus
907 5060 1256 5136 ὑποχειρίων.
1323 5075 1343 5105 ι
1373 5066 1531 5121 codd.
1550 5060 1698 5132 εὖγε.

1469 4994 1674 5070 ῗςΒίιὲίΙ-
1704 4997 1832 5070 ἄχρι
1860 5000 1955 5054 τοῦ
1986 5002 2101 5057 νῦν.
2191 5003 2211 5034 ³
2240 5002 2334 5059 Est
2361 5004 2414 5058 in
2443 5001 2627 5070 Eclog.
2674 4997 2810 5054 Nov.
2842 4995 2928 5050 Η.
3011 4994 3034 5026 ⁵

3120 5008 3170 5047 c.
3216 4986 3377 5047 codd.
3428 4987 3661 5059 Stepha-

1861 5158 2091 5215 NOTAE.

480 5271 695 5340 (24-25)
729 5271 846 5346 Hoc
872 5274 1075 5340 innuit,
1105 5275 1254 5345 dUpli
1294 5276 1510 5346 ptenth
1532 5276 1741 5345 legibus
1771 5279 1979 5332 constio

406 5350 583 5395 tutam
610 5344 824 5415 noniita
859 5344 1193 5415 astringere,
1218 5344 1483 5415 quantum
1517 5344 1781 5401 conventa
1819 5356 1983 5413 atque

405 5414 811 5487 pacta._Adtle
860 5414 936 5469 20
978 5415 1118 5470 Gell.
1145 5417 1197 5477 l,
1238 5414 1327 5471 ubi
1351 5416 1418 5470 de
1465 5432 1625 5487 poena
1664 5418 1879 5487 injuria:
1906 5419 1982 5473 le-

405 5482 520 5549 gih.
554 5482 976 5538 Xlltabularum
1010 5486 1332 5540 c0ustituta.

485 5551 600 5625 (gs)
633 5551 754 5607 Vid.
787 5556 822 5610 ι.
855 5555 945 5616 l5,
980 5552 1142 5625 oue
1167 5557 1362 5625 pactis.

478 5620 596 5696 ‘27)
660 5624 813 5696 chli
856 5620 1182 5696 reipublicae
1234 5626 1377 5696 lt‘gcs
1423 5645 1434 5680 :
1474 5626 1982 5696 deﬂalpobcﬁolt-

408 5691 559 5755 τείας
620 5693 747 5755 τοὺς
810 5693 1007 5763 νόμους
1072 5696 1164 5765 qui
1220 5695 1372 5762 dicit,
1423 5691 1534 5752 non
1585 5691 1749 5753 errat.
1799 5695 1981 5753 Persis

2079 5274 2353 5345 ὀφθαλμοὶ
2384 5270 2667 5343 βασιλέως,
2692 5269 2835 5345 oculi
2864 5269 3028 5338 regis,
3063 5268 3385 5345 dicebautur
3404 5274 3660 5345 satrapae,

2082 5338 2141 5399 ut
2182 5338 2275 5413 per
2308 5338 2447 5411 quos
2494 5357 2584 5395 rex
2617 5340 2803 5395 omnia
2839 5346 3112 5413 spectaret
3137 5356 3163 5413 :_
3184 5338 3327 5393 sicut
3392 5338 3538 5413 regis
3558 5349 3660 5387 an-

2082 5404 2495 5470 rcs'dela'tores.
2533 5425 2629 5477 per
2671 5424 2811 5477 quos
2849 5404 2943 5461 rex
2988 5408 3240 5461 auzliehat
3299 5404 3480 5477 omnia
3509 5419 3659 5477 ‘qua:

2084 5488 2152 5537 ab
2186 5495 2516 5552 unoquoque
2534 5473 2893 5549 gerebantur.
2953 5478 3152 5532 Suidas
3186 5474 3465 5546 ὀφθαλμὸς
3502 5473 3656 5543 βασι-

2083 5556 2240 5607 λέίν)Ξο

2157 5610 2268 5691 (~28)
2301 5622 2385 5673 Ἐν
2407 5622 2468 5687 τῇ
2493 5618 2850 5691 τώνκωδίκου
2888 5618 3108 5685 ἐκλογῇ,
3152 5617 3253 5671 hoc
3290 5623 3369 5669 cst
3398 5614 3448 5665 in
3471 5611 3662 5669 codice

2092 5689 2335 5762 repetitae
2368 5689 2752 5759 madet-tionis.
