4048 6470
395 289 503 354 463

1624 290 1853 351 LEONI
1884 289 2014 351 ΡΗ]
2023 288 2345 351 LOSOPHI

3534 288 3643 354 ἄδι

392 424 520 464 cum
548 407 773 472 invenit,
806 415 866 463 ut
890 407 1265 477 susciperetur
1306 423 1319 460 :
1354 404 1551 460 nedum
1594 407 1699 460 vim
1728 406 1961 475 aliquam

2070 404 2241 473 ρέσει,
2286 406 2484 461 οὔκουν
2511 404 2633 461 οὐδὲ
2662 405 2723 459 τὸ
2770 406 2993 476 ἐνεργὸν
3041 406 3135 461 καὶ
3163 405 3480 477 ἔμπρακτον
3527 404 3645 476 ἔχει

395 511 451 556 et
475 497 789 556 efﬁcaciam.
837 497 1131 553 Contraria
1161 497 1306 552 enim
1338 500 1532 553 statuit
1567 498 1825 559 naturali,
1847 512 1970 566 quae

397 606 428 649 ι
448 591 765 662 parentibus
792 589 981 645 liberis
998 588 1250 654 debetur,
1274 589 1654 659 :equabilitati,
1675 588 1742 643 ad
1753 604 1971 645 versus-

397 698 503 751 que
558 683 722 737 lllium
751 682 892 751 patri
916 681 985 736 ad
1010 681 1356 751 iniquitatem
1393 680 1689 735 fenestram
1736 681 1914 750 aperit
1950 698 1964 735 :

397 773 531 842 quin
564 783 618 827 et
648 781 924 842 parentem
965 780 1024 827 ut
1049 772 1124 826 illi
1179 786 1390 827 morem
1426 779 1578 841 gerat
1616 771 1969 837 obstrictum,

400 863 686 919 mendacio
736 863 973 933 doloque
1025 864 1323 917 obnoxium
1374 863 1554 932 facit),
1586 871 1969 934 posteaquam,

400 956 650 1023 inquam,
709 953 1340 1025 istiusmodigquamdam
1373 969 1495 1010 esse
1519 955 1693 1025 legem
1718 953 1968 1008 animad-

398 1044 684 1109 vertimus,
731 1044 950 1099 tametsi
976 1042 1140 1098 etiam
1193 1052 1320 1099 ante
1349 1052 1594 1097 nostram
1625 1043 1970 1099 sanctionem

397 1135 570 1204 ipsam
606 1150 673 1190 ne
702 1133 1099 1204 susciperetur,
1157 1135 1455 1189 excluserit
1509 1134 1817 1189 communis
1867 1133 1970 1187 ho-

396 1228 600 1281 minum
662 1227 957 1281 voluntas:
996 1234 1179 1280 tamen
1231 1240 1333 1281 nos
1364 1224 1723 1281 nihilominus
1753 1239 1968 1280 omnem

361 1355 368 1361 .
395 1316 471 1369 illi
497 1330 723 1385 prorsus
754 1315 1092 1372 functionem
1119 1324 1174 1371 et
1198 1331 1356 1371 usum
1385 1317 1608 1371 decreto
1651 1315 1968 1373 adimimus.

361 1422 374 1434 ο
392 1408 462 1459 At
480 1407 608 1474 quid
634 1407 810 1462 dicit?
835 1405 1086 1470 Etiamsi.
1121 1406 1315 1476 inquit,
1340 1415 1517 1477 pater,
1547 1423 1671 1462 cum
1697 1409 1750 1462 in
1779 1407 1971 1462 matri-

395 1496 641 1548 monium
702 1494 999 1549 collocaret
1041 1495 1249 1557 filinm,
1291 1496 1444 1550 illum
1502 1504 1624 1566 post
1679 1497 1969 1551 decessum

345 1580 355 1586 ’
395 1602 558 1640 suum
589 1601 655 1640 ex
691 1600 847 1656 aqua
894 1594 1051 1656 parte
1094 1602 1218 1641 cum
1261 1586 1387 1641 aliis
1422 1586 1683 1641 fratribus
1716 1594 1972 1655 paterno-

396 1692 519 1732 rum
558 1678 825 1732 bonorum
886 1678 1154 1733 liazredem
1194 1676 1310 1733 fore
1365 1688 1523 1746 pacto
1552 1680 1883 1747 promiserit,
1912 1678 1968 1732 in

396 1775 668 1837 potestate
729 1778 910 1823 tamen
968 1768 1141 1831 illius,
1205 1769 1251 1823 si
1306 1769 1458 1833 velit,
1511 1771 1635 1832 erit,
1667 1778 1963 1838 utpactum

394 1860 663 1931 ejusmodi
720 1860 977 1931 negligat,
1032 1860 1263 1930 aliisque
1304 1860 1492 1915 liberis
1528 1860 1760 1928 amplius
1805 1859 1967 1913 attri-

394 1951 547 2017 buat,
593 1951 751 2006 etilli
808 1950 897 2007 cui
949 1965 1161 2020 aequant
1211 1951 1515 2020 portionem
1544 1953 1598 2004 in
1654 1951 1967 2007 haereditate

392 2054 613 2112 pactum
636 2042 993 2106 concedebat,
1025 2043 1291 2096 minorem
1323 2042 1589 2113 assignet.
1642 2041 1756 2095 Hoc
1780 2043 1968 2110 itaque

392 2149 705 2205 quanquam
737 2133 942 2204 alioqui
978 2132 1276 2203 (quomodo
1306 2132 1569 2202 diximus)
1603 2133 1657 2186 in
1686 2132 1961 2201 republica

393 2222 598 2278 nullum
636 2224 816 2278 locum
872 2222 1090 2286 habeat,
1134 2231 1324 2275 nostro
1364 2220 1528 2275 etiam
1561 2220 1779 2273 decreto
1816 2218 1967 2272 velut

391 2314 449 2369 in
477 2314 702 2370 exilium
729 2313 1021 2385 deiectum,
1081 2312 1339 2366 omnibus
1373 2310 1554 2365 modis
1578 2310 1631 2365 in
1658 2310 1965 2380 rempubli-

390 2421 512 2460 cam
545 2405 799 2475 ingressu
832 2405 1214 2474 prohibemus.

464 2494 769 2550 Statuimus
819 2509 972 2561 vero,
1005 2504 1066 2548 ut
1098 2506 1383 2563 parentum
1420 2494 1533 2564 (29)
1560 2508 1720 2548 nemo
1745 2493 1871 2562 jura
1905 2493 1968 2547 fi-

393 2589 615 2652 liorum,
642 2588 841 2658 quibus
863 2601 988 2641 cum
1038 2587 1266 2657 reliquis
1292 2588 1482 2642 liberis
1501 2587 1765 2656 aequalem
1794 2587 1967 2640 luere-

380 2666 581 2734 ditatis
620 2664 923 2749 portiOnem
968 2686 1246 2732 servatum
1279 2679 1345 2732 iri
1379 2679 1434 2733 in
1463 2678 1801 2747 nuptialibus
1835 2692 1967 2731 con-

394 2770 663 2828 tractibus
692 2770 1109 2843 spoponderint,
1141 2772 1405 2825 innovare
1436 2778 1629 2826 tentet.
1663 2769 1733 2825 At
1755 2768 1803 2824 si
1842 2768 1968 2839 quis

394 2858 676 2929 pactiones
706 2873 834 2915 suas
865 2859 1171 2929 aspernari,
1203 2866 1256 2913 et
1283 2859 1452 2924 illius,
1481 2859 1569 2913 cui
1602 2857 1966 2923 tantumdem,

394 2956 659 3018 quantum
696 2950 787 3003 alii
821 2949 1018 3005 fratres
1032 2950 1270 3005 habituri
1295 2958 1446 3015 sunt,
1478 2950 1813 3020 promiserit,
1843 2965 1969 3018 por-

2074 500 2348 572 (βούλεται
2402 500 2502 570 μὲν
2544 500 2766 554 ἐναντία
2808 500 2907 568 τῆς
2946 497 3185 567 φυσικῆς
3244 497 3400 568 παρὰ
3436 497 3645 566 γονέων

2072 592 2283 653 τέκνοις
2325 588 2680 660 ὀφειλομένης
2737 588 3052 658 ἰσονομίας,
3111 587 3407 650 ἀδικίαςδέ
3469 587 3645 659 θύραν

2072 680 2278 748 ἀνοίγει
2304 682 2323 713 ⁶
2376 680 2517 734 κατὰ
2566 679 2662 733 τοῦ
2722 678 2913 742 παιδὸς
2939 678 3017 748 τῷ
3057 679 3247 748 πατρὶ,
3279 678 3342 730 οὑ
3394 676 3555 746 μόνον
3583 677 3644 730 δὲ

2070 773 2208 829 ἀλλά
2255 772 2350 826 καὶ
2397 772 2490 825 τὸν
2545 772 2740 840 ἐκείνῳ
2779 771 3091 840 ὑπαχθέντα
3147 768 3432 837 πεισθῆναι
3481 768 3647 837 γονέα

2072 864 2299 933 ψεύδους
2326 864 2420 917 καὶ
2448 862 2667 931 ἀπάτης
2698 863 2855 933 ἐνοχῇ
2914 861 3254 933 περιϐάλλει)
3283 876 3299 891 ο
3337 861 3476 914 ἀλλά
3533 859 3646 931 γάρ

2071 958 2196 1010 ἐπεὶ
2226 954 2468 1011 τοιοῦτόν
2520 971 2642 1008 τινα
2697 954 3132 1024 κατενοήσαμεν,
3190 954 3240 1007 εί
3265 953 3361 1005 καὶ
3385 952 3493 1022 πρὸ
3544 949 3642 1003 τοῦ

2071 1050 2342 1122 ἡμετέρου
2368 1047 2737 1116 θεσπίσματος
2771 1046 3096 1100 ἀπέκλεισεν
3135 1048 3156 1078 ⁷
3206 1044 3357 1115 αύτῷ
3409 1046 3510 1115 τὴν
3540 1060 3645 1098 πα-

2073 1141 2304 1214 ραδοχὴν
2368 1140 2463 1194 καὶ
2498 1139 2638 1209 αὑτὴ
2686 1138 2797 1191 τῶν
2855 1138 3161 1208 ἀνθρώπων
3206 1140 3239 1209 ἡ
3292 1136 3641 1207 προαίρεσις,

2071 1235 2219 1305 ὅμως
2250 1232 2344 1285 καὶ
2364 1233 2527 1303 ήμεῖς
2544 1231 2772 1299 δόγματι
2794 1231 2876 1289 είς
2902 1228 3143 1297 παντελῆ
3177 1228 3341 1281 αὐτὸν
3365 1225 3642 1297 ἀπραξίαν

2073 1325 2465 1397 περιιστῶμεν.
2499 1322 2565 1377 Τί
2597 1322 2705 1392 γάρ
2737 1336 2908 1390 φησι;
2944 1320 3066 1375 Κάν
3093 1320 3433 1389 συμφωνήσῃ
3463 1316 3645 1386 πατὴρ

2071 1415 2312 1479 ἐκδιδοὺς
2330 1415 2469 1486 πρὸς
2496 1414 2672 1484 γάμον
2698 1413 2887 1476 παῖδα,
2916 1409 3059 1464 ὥστε
3112 1410 3258 1481 μετά
3286 1409 3386 1482 τὴν
3443 1406 3643 1462 ἑαυτοῦ

2073 1509 2133 1573 ἐξ
2186 1506 2489 1578 ἀνθρώπων
2543 1503 2893 1575 ἀναχώρησιν
2940 1501 3215 1572 ἰσομοιρίᾳ
3243 1499 3384 1570 μετὰ
3413 1501 3521 1553 τῶν
3551 1498 3644 1553 ἄλ·-

2072 1599 2179 1651 λων
2202 1596 2447 1663 ἀδελφῶν
2493 1594 2593 1665 τὴν
2632 1593 2903 1665 πατρικὴν
2954 1590 3378 1662 διακληροῢσθαι
3418 1606 3643 1660 περιου-

2074 1691 2215 1755 σίαν,
2252 1688 2440 1756 κύριός
2468 1688 2589 1741 ἐστι
2630 1684 2915 1756 βουληθεὶς
2943 1684 3032 1752 [rb
3069 1683 3312 1737 τοιοῦτον
3351 1681 3644 1751 σύμφωνον

2070 1780 2376 1850 ἀτιμάζειν,
2428 1778 2527 1831 καὶ
2562 1778 2678 1839 τοῖς
2713 1776 2814 1845 μὲν
2855 1774 3038 1835 ἀλλοις
3070 1772 3180 1825 τῶν
3220 1772 3431 1825 παίδων
3456 1770 3643 1839 νεῖμαι

2065 1873 2127 1927 τὸ
2156 1872 2338 1933 πλέον,
2369 1870 2563 1940 ἐκείνῳ
2598 1867 2656 1922 δὲ
2679 1862 2724 1934 ᾧ
2741 1867 2802 1919 τὸ
2826 1867 2940 1919 ίσον
2962 1863 3298 1935 κληροῦσθαι
3324 1862 3498 1915 ἐδίδου
3524 1860 3547 1892 ⁸
3584 1861 3648 1913 τδ

2069 1965 2359 2033 σύμφωνον
2380 1961 2588 2015 ἐλάττω
2625 1960 2852 2027 ποιῆσαι
2897 1958 2994 2026 τὴν
3026 1957 3245 2025 μοῖραν.
3285 1952 3503 2006 Τούτων
3546 1951 3646 2021 μὲν

2066 2057 2159 2111 οὖν
2190 2055 2381 2126 ὥσπερ
2407 2053 2617 2122 ἔφημεν
2641 2050 2737 2104 καὶ
2768 2049 2943 2110 ἄλλως
2964 2048 3024 2100 οὐ
3066 2044 3523 2113 πολιτευομένων,
3547 2040 3645 2094 καὶ

2063 2148 2320 2219 ήμετέρῳ
2386 2141 2867 2211 ἐξοστρακίζοντες
2921 2141 2942 2171 ⁹
2994 2137 3227 2207 δόγματι
3290 2133 3645 2189 παντάπασιν

2062 2238 2215 2309 αὑτῷ
2234 2237 2334 2307 τὴν
2360 2237 2440 2298 είς
2468 2234 2567 2306 τὴν
2586 2231 2863 2287 πολιτείαν
2886 2229 3169 2300 κωλύομεν
3208 2226 3465 2300 πάροδον.

2139 2506 2483 2576 Θεσπίζομεν
2505 2506 2550 2538 ¹⁶
2574 2503 2632 2557 δὲ
2657 2500 2864 2574 μηδένα
2925 2501 3034 2552 τῶν
3080 2498 3284 2567 γονέων
3344 2493 3646 2563 ἐπιχειρεῖν

2068 2601 2137 2653 τά
2161 2599 2345 2652 δίκαια
2376 2596 2487 2650 τῶν
2523 2593 2731 2649 παίδων
2767 2590 3137 2657 καινοτομεῖν,
3178 2589 3321 2648 ὅσοις
3359 2585 3425 2638 ἂν
3450 2586 3506 2635 ἐν
3527 2584 3644 2645 τοῖς

2068 2689 2362 2760 γαμηλίοις
2420 2685 2882 2756 καθωμολόγησαν
2912 2683 2954 2713 “
3022 2677 3372 2744 συμϐολαίοις
3416 2675 3477 2727 τὸ
3529 2674 3644 2727 ἴσον

2066 2778 2463 2850 διατηρηθῆναι
2528 2776 2622 2829 τοῦ
2659 2775 2865 2844 κλήρου
2924 2772 3062 2842 πρὸς
3088 2769 3217 2832 τοὺς
3267 2766 3489 2829 λοιποὺς
3534 2764 3644 2817 τῶν

2070 2869 2313 2922 παίδων
2376 2866 2452 2929 ὡς
2515 2865 2569 2917 εί
2625 2879 2709 2926 τις
2747 2860 2936 2930 ὀφθείη
2996 2858 3103 2911 τῶν
3166 2854 3310 2907 ίδίων
3364 2850 3646 2921 συνθηκῶν

2070 2959 2369 3029 ἀλογήσας,
2400 2956 2494 3010 καὶ
2519 2951 2831 3024 παρασπῶν
2860 2951 3000 3022 πρὸς
3055 2947 3115 3000 τδ
3162 2947 3384 2999 ἔλαττον
3432 2942 3644 2997 ἐκείνου

380 3043 531 3111 ,ιίοιιί
583 3042 871 3097 detrahere
921 3048 1240 3113 compertus
1271 3041 1457 3107 fuerit,
1514 3042 1656 3098 sciat
1686 3043 1756 3109 is,
1791 3041 1967 3112 pinni-

2072 3051 2168 3122 τὴν
2197 3050 2409 3121 μερίδα,
2428 3044 2472 3116 ᾧ
2488 3044 2949 3115 καθωμολόγησεν
2978 3043 3059 3104 είς
3080 3040 3141 3092 τὸ
3183 3040 3297 3092 ίσον
3328 3038 3443 3100 τοῖς
3464 3035 3645 3097 ἄλλοις

379 3131 567 3202 ςιοιιιίει
589 3139 854 3185 mutatam
879 3132 1215 3186 voluntatem
1249 3132 1551 3187 invalidam
1581 3140 1746 3201 atque
1770 3147 1967 3186 vanam

379 3212 721 3315 gliahendam.
746 3222 823 3277 Ex
876 3238 1037 3293 anno
1086 3224 1233 3279 enim
1264 3238 1387 3278 cum
1418 3224 1540 3278 aliis
1586 3223 1851 3279 fratribus
1882 3239 1971 3279 se-

379 3312 633 3379 fcundum
684 3313 876 3367 initum
931 3322 1151 3383 pactum
1191 3314 1337 3369 filius
1379 3315 1434 3368 in
1496 3314 1638 3369 bona
1690 3314 1967 3370 succedet.

378 3404 582 3485 ‘Neque
642 3420 780 3461 vero
841 3407 1181 3461 mendacium
1258 3408 1473 3463 veritati
1547 3408 1794 3477 preferri
1861 3409 1971 3463 ulla

392 3498 534 3553 ratio
571 3497 801 3567 patitur,
860 3512 963 3553 nec
1010 3512 1229 3568 aequum
1278 3508 1382 3563 est,
1441 3514 1619 3569 neque
1659 3499 1971 3554 rationabili

392 3589 617 3644 animali
636 3589 892 3645 convenit
925 3597 1083 3659 pacta
1114 3591 1320 3661 (ὅθ-51)
1353 3602 1620 3647 conventa
1652 3606 1748 3661 per
1767 3592 1972 3661 impro-

378 3677 671 3734 .hationem
702 3677 1019 3733 adulterari.
1056 3680 1219 3749 Atqui
1240 3680 1437 3750 siquid
1467 3681 1637 3745 aliud,
1682 3681 1785 3737 hoc
1823 3691 1974 3737 certe

377 3771 669 3830 ,liominem
708 3770 858 3827 decet
886 3770 1024 3840 (51),
1057 3780 1117 3825 ιιι
1142 3773 1326 3829 verbis
1364 3774 1482 3829 suis
1506 3774 1666 3829 fidem
1704 3780 1923 3844 praestet
1950 3812 1967 3839 ,

392 3859 498 3917 nisi
529 3859 834 3917 mendaciis
893 3862 1179 3917 veritatem
1224 3865 1636 3933 corrumpendo
1671 3865 1972 3920 destitutus

393 3949 624 4015 ratione,
676 3965 866 4006 eorum
924 3953 1070 4019 albo,
1121 3968 1243 4024 quae
1311 3955 1527 4010 ratione
1563 3957 1789 4026 praedita
1840 3963 1974 4011 sunt

396 4041 652 4097 excidere
702 4042 851 4098 velit.
912 4042 1175 4110 Quinimo
1235 4059 1337 4101 nec
1384 4046 1516 4101 illud
1540 4054 1973 4105 consentaneum

398 4142 506 4198 est,
540 4141 601 4187 ut
630 4142 885 4204 parentes
934 4136 1005 4192 iis
1024 4138 1121 4206 qui
1145 4139 1352 4207 pariter
1401 4152 1470 4195 ex
1503 4139 1639 4207 ipsis
1676 4141 1791 4194 nati
1822 4149 1971 4207 sunt,

393 4238 504 4280 non
569 4239 755 4295 parem
815 4242 1006 4282 curam
1063 4231 1399 4294 exhibeant,
1452 4246 1633 4300 neque
1689 4234 1974 4302 aequabili-

396 4323 478 4371 ter
516 4316 765 4385 ipsorum
822 4319 949 4373 vite
1002 4320 1397 4390 prospiciam:
1435 4322 1531 4375 sed
1581 4324 1719 4379 alios
1752 4325 1972 4394 quidem

2070 3143 2162 3196 τὸν
2185 3140 2410 3209 ἀδελφὺν
2439 3140 2484 3172 ¹²
2515 3139 2680 3203 ἕξειν,
2724 3138 2879 3197 ἵστω,
2921 3132 2995 3196 ὼς
3035 3132 3238 3200 ἄκυρος
3299 3127 3448 3198 αὐτῷ
3482 3128 3525 3159 ’³
3553 3125 3647 3179 καὶ

2068 3233 2277 3304 ματαία
2305 3232 2340 3301 ή
2366 3227 2815 3299 ἐκὶμεταμελείας
2834 3224 3087 3296 βούλησις
3112 3238 3126 3252 ·
3152 3224 3208 3274 ἐν
3229 3218 3448 3290 ῐσῳγάρ
3474 3220 3500 3270 ό
3516 3218 3646 3277 παίς

2071 3328 2184 3389 τοῖς
2217 3325 2397 3386 ἄλλοις
2414 3322 2663 3390 ἀδελφοῖς
2684 3317 2825 3372 κατά
2852 3315 2912 3368 τὸ
2934 3312 3205 3385 προλαϐδν
3227 3310 3520 3380 σύμφωνον
3544 3307 3647 3375 τὴν

2075 3415 2393 3487 περιουσίαν
2411 3411 2603 3481 διακλη
2613 3408 2865 3480 ρώσεται.
2880 3407 2954 3461 Οὐ
2973 3405 3079 3475 γάρ
3102 3404 3165 3475 δὴ
3187 3403 3234 3436 ’⁸
3252 3400 3648 3487 προτιμότε

2072 3482 2173 3574 τῆς
2218 3502 2479 3574 ἀληθείας
2525 3499 2799 3553 ποιεῖσθαι
2857 3495 3079 3564 εῦλογον
3146 3491 3207 3545 τὸ
3262 3487 3463 3560 ψεῦδος
3490 3527 3505 3552 ,
3537 3482 3647 3539 οὐδ’

2050 3600 2296 3668 -ἔννομον
2347 3593 2459 3648 οὐδ’
2504 3591 2747 3662 ἁρμόζον
2783 3585 2993 3657 λογικῷ
3052 3584 3176 3651 ζώῳ
3229 3582 3327 3645 τάς
3358 3580 3497 3642 ἰδίας
3539 3576 3649 3631 τῶν

2074 3667 2247 3758 λόγων
2270 3685 2561 3757 ὁμολογίας
2602 3681 2669 3735 δι’
2709 3680 3022 3750 ἀθετήσεως
3083 3673 3424 3744 κιϐδηλεύειν
3459 3687 3471 3700 ’
3531 3667 3650 3723 ἀλλ’

2075 3781 2235 3850 εἴπερ
2256 3795 2309 3831 τι
2341 3775 2468 3831 ἄλλο
2493 3773 2653 3827 τοῦτο
2688 3771 2899 3843 πρέπον
2918 3765 3207 3839 »ἀνθρώπῳ
3234 3764 3523 3834 φυλάττειν
3552 3758 3647 3813 λό-

2075 3886 2173 3940 γου
2214 3870 2493 3940 ἀλήθειαν,
2526 3864 2581 3919 εί
2598 3880 2661 3934 γε
2682 3865 2757 3933 μὴ
2798 3860 2981 3932 μέλλοι
3025 3860 3083 3911 ἐν
3126 3858 3203 3926 τῷ
3230 3854 3569 3924 διαφθείρειν
3603 3852 3650 3885 ¹⁸

2073 3961 2258 4033 ψεύδει
2287 3960 2348 4013 τὸ
2408 3956 2607 4026 ἀληθὲς
2673 3955 2882 4025 ἔρημος
2943 3950 3103 4018 λόγου
3144 3949 3429 4016 γινόμενος
3469 3940 3651 4033 ἀπδ-ιι

2074 4031 2298 4122 λογικῆς
2335 4050 2589 4103 ἐκπεσεῖν
2607 4045 2833 4109 τάξεως.
2876 4042 2950 4095 Οὐ
3013 4041 3119 4112 μὴν
3153 4036 3265 4092 οὐδ’
3299 4037 3477 4089 ἐκεῖνο
3502 4031 3651 4095 είκδς

2073 4146 2137 4201 τὸ
2172 4143 2303 4215 περὶ
2346 4142 2471 4205 τοὺς
2528 4142 2657 4202 ἴσως
2710 4134 2980 4204 ἐκφύντας
3037 4133 3111 4204 μὴ
3140 4131 3265 4199 ἴσην
3304 4130 3431 4191 τοὺς
3453 4124 3650 4195 γονέας

2073 4234 2385 4292 δείκνυσθαι
2424 4234 2467 4268 "
2503 4233 2760 4303 πρόνοιαν
2801 4228 2936 4299 μηδέ
2963 4226 3093 4296 περὶ
3130 4226 3228 4294 τῆς
3251 4222 3478 4276 ἐκείνων
3505 4218 3652 4288 ζωῆς

2075 4329 2275 4399 ὁμοίως
2300 4322 2626 4396 φροντίζειν,
2679 4321 2814 4375 ἀλλά
2847 4319 2976 4383 τοὺς
3017 4317 3116 4387 μὲν
3170 4313 3377 4367 ἐθέλειν
3408 4308 3652 4379 εὐπορώ-

396 4406 681 4464 uberiores
701 4407 994 4465 facultates
1022 4410 1247 4477 habere,
1269 4412 1396 4468 allis
1416 4426 1549 4467 vero
1566 4414 1701 4468 nihil
1717 4410 1964 4484 parcere,

2072 4437 2229 4493 τερον
2255 4420 2398 4488 ἔχειν
2440 4415 2576 4486 βίον,
2602 4414 2709 4466 τῶν
2730 4413 2786 4465 δὲ
2814 4412 2888 4482 μὴ
2924 4407 3212 4480 φείδεσθαι
3236 4404 3280 4437 ³⁸
3312 4402 3651 4476 μηδόίκτείςρ

393 4512 572 4568 neque
606 4498 823 4568 illorum
875 4502 1145 4567 misereri,
1187 4505 1404 4559 tametsi
1437 4506 1632 4574 inopes
1659 4507 1715 4561 iu
1748 4507 1972 4563 miseria

393 4592 593 4646 victuri
625 4594 758 4659 sint,
786 4594 982 4649 velint.
1025 4593 1296 4649 Ceterum
1322 4609 1539 4666 aequum
1578 4606 1747 4653 estut
1775 4614 1975 4669 quern-

393 4683 687 4739 admodum
733 4684 999 4741 omnibus
1053 4686 1247 4741 liberis
1274 4702 1339 4740 ex
1374 4702 1534 4757 tequo
1568 4690 1737 4744 vitam
1771 4693 1975 4762 imper-

393 4772 653 4843 titisunt,
694 4776 770 4833 ita
800 4776 965 4832 etiam
992 4775 1063 4831 ad
1102 4776 1241 4831 hanc
1299 4777 1589 4839 facultates
1648 4780 1973 4851 impertian-

2073 4528 2207 4584 ρειν,
2240 4512 2289 4563 εί
2327 4506 2678 4578 ἀπορώτερον
2740 4503 3082 4572 διακείμενοι
3146 4497 3397 4569 μέλλοιεν
3452 4496 3512 4548 ἐν
3562 4510 3652 4546 τα-

2069 4601 2347 4671 λαιπωρίᾳ
2374 4601 2417 4632 ⁸³
2467 4596 2706 4667 βιώσειν.
2776 4591 2942 4646 Ἀλλά
2986 4590 3222 4676 δίκαιον,
3281 4586 3473 4656 ὥσπερ
3516 4584 3652 4676 πᾶσι

2070 4695 2184 4755 τοῖς
2214 4690 2402 4745 παισὶν
2433 4688 2633 4757 ἐπίσης
2654 4687 2702 4718 ὀ
2726 4683 3021 4754 μετέδοσαν
3065 4673 3206 4750 βίου,
3245 4676 3391 4730 οὕτω
3429 4676 3526 4729 καὶ
3553 4673 3653 4742 τῆς

2072 4783 2213 4855 πρὸς
2248 4783 2344 4836 τὸν
2406 4780 2519 4850 βίον
2545 4778 2591 4810 ¹¹
2650 4774 2914 4844 εὐπορίας
2984 4770 3366 4841 μεταδιδόναι,
3427 4767 3523 4821 καὶ
3579 4761 3656 4834 μὴ

1707 4913 1940 4971 VARUE
1976 4914 2385 4979 LECTIONES.

499 5037 523 5068 ⁸
553 5035 718 5090 codd.

388 5104 698 5162 etMeerm.
757 5105 1140 5176 ὲξοστρακίζον
1196 5108 1273 5176 τῷ
1306 5108 1556 5176 δόγματι.
1636 5108 1683 5139 ¹⁰ο
1712 5108 1850 5165 Hinc
1892 5112 1997 5167 inci

394 5161 442 5214 δέ
462 5176 772 5246 Stephanus
797 5161 946 5246 ξοντ’.
977 5161 1081 5246 τῶν
1114 5161 1419 5244 asangm.”
1470 5178 1513 5208 ιι
1540 5177 1702 5233 Basil.
1747 5161 1933 5236 οὶῦἑοῢζ

392 5247 539 5319 dum
563 5245 793 5301 censent
819 5245 1153 5319 διαφεύγειν.
1223 5248 1266 5281 ³⁵
1296 5247 1495 5319 Ecloga
1520 5262 1628 5302 om.
1651 5248 1756 5303 ἀπὸ
1794 5258 1847 5303 et
1874 5251 2025 5305 addit
2051 5251 2172 5319 τῆς.

392 5316 728 5392 τρεφόμενος,
784 5318 991 5392 rectius
1052 5315 1220 5392 forte_
1252 5315 1599 5392 scribendum
1661 5319 2030 5392 φειδομένους.

394 5388 438 5424 ’³
471 5385 631 5445 Deest
678 5387 735 5446 in
771 5385 957 5451 editis,
975 5386 1072 5442 sed
1111 5386 1379 5458 iulio-loga
1410 5385 1701 5459 reperitur.

753 5036 959 5103 ἐνάγει.
1025 5038 1047 5068 τ
1077 5036 1235 5092 codd.
1268 5035 1580 5102 ἀπέλεισεν,
1628 5039 1825 5095 melius
1879 5039 2019 5097 forte
2063 5040 2385 5095 ἀπένευσεν.
2470 5037 2491 5069 ⁸
2523 5034 2718 5089 Zuich.
2746 5040 2802 5087 et
2831 5029 3053 5103 ileerm.
3080 5026 3314 5103 Exﬁlﬁoy.
3400 5020 3654 5103 f-Zuich.

2040 5093 2352 5178 itrﬂEcloga.
2406 5108 2489 5178 r'_'
2520 5105 2833 5178 Zuicli.__ct
2884 5098 3106 5178 Mecum.
3153 5093 3653 5178 'xaemppiiévqoev.

2218 5164 2317 5232 δεῗ.
2378 5177 2424 5208 ¹⁸
2451 5175 2645 5243 Ecluga
2679 5172 2860 5243 μέλλει
2896 5186 2981 5231 τις
3009 5165 3308 5243 διαφέρειν,
3342 5164 3656 5243 aliiulegeno

2251 5250 2291 5280 "
2335 5246 2450 5301 Ecl.
2502 5232 2927 5297 ἐπίδείκνυσθαι.
3007 5238 3050 5271 ³⁸
3100 5232 3290 5291 ΖιιΞυΙι.
3334 5245 3392 5289 (ει
3432 5232 3654 5301 Moerin.

2118 5300 2171 5352 τί
2206 5300 2400 5390 Ecloga
2451 5312 2829 5383 ταλαιπώρως.
2915 5308 2962 5343 ’⁸
3011 5306 3213 5378 Ecloga
3271 5322 3383 5369 om,
3439 5300 3655 5370 ἐπίσης.

1904 5510 2137 5568 ΝΟΤᾹΞ.

470 5620 729 5695 eam
762 5620 827 5695 agt
868 5621 907 5695 ιι
935 5622 1023 5695 ιε.
1050 5622 1107 5695 ρ.
1130 5623 1198 5695 de
1221 5624 1421 5695 pactis.

466 5690 675 5760 (30:31)
702 5692 765 5747 D.
798 5692 854 5759 '1,
965 5694 1019 5763 7,
1048 5692 1103 5748 Π.
1137 5694 1201 5751 de
1223 5690 1429 5772 pactis.

2116 5604 2269 5755 ιξξδῗ)
2300 5622 2395 5682 Est
2435 5623 2577 5685 enim
2612 5635 2777 5698 grave
2829 5617 2988 5677 ﬁdem
3019 5614 3228 5675 fallere.
3262 5613 3299 5675 ι,
3335 5613 3386 5680 1,
3414 5610 3483 5675 de
3519 5622 3659 5673 cca.

2139 5714 2151 5750 ι
2184 5710 2297 5755 tua.

2085 5710 2297 5757 sutum.
