4048 6442
466 297 571 362 467
1664 300 1940 361 LEONIS
1976 302 2064 362 PH

2134 302 2437 364 LOSOPHI
3626 306 3732 374 468

472 410 887 467 matrimonium
943 416 1120 463 morte
1167 407 1493 464 distractum
1557 409 1743 477 fuerit,
1807 410 2054 467 mulieris

2128 463 2131 470 .
2156 413 2234 467 δει
2265 414 2715 485 παραμυθοῦνται
2773 416 2834 469 τὸ
2865 416 3049 484 ἄλγος,
3080 415 3157 487 τῷ
3179 416 3234 471 δὲ
3262 418 3354 471 ἐπὶ
3380 419 3447 488 τῇ
3485 420 3726 494 ἀποϐολῇ

471 505 792 559 ηιαιειίιίαιιι
847 503 1001 555 lucro
1073 500 1434 555 consolantur
1480 520 1493 556 :
1540 502 1642 555 viri
1704 515 1836 555 vero
1878 516 2045 570 supra

2148 505 2252 575 τῆς
2281 506 2541 574 γυναικὸς
2561 508 2625 577 τῇ
2660 506 2834 578 ζημίᾳ
2863 507 2971 559 τῶν
3019 507 3168 560 ίδίων
3200 507 3245 539 ³⁸⁷
3280 508 3628 578 πραγμάτων
3668 512 3728 564 τὸ

469 595 821 649 amissionem
852 590 1061 654 uxoris,
1091 590 1380 661 dispendio
1401 606 1582 646 rerum
1630 591 1809 660 ipsius
1843 605 2049 646 matro-

2147 595 2314 663 ἄλγος
2358 595 2679 661 ὲπαύξουσι.
2722 597 3019 651 Κελεύουσι
3052 598 3161 669 γὰρ
3195 596 3295 668 τὴν
3341 600 3577 666 γυναῖκα
3608 601 3726 653 ἐπι-

468 700 584 740 rem
619 684 906 752 adaugent.
956 680 1157 737 Jubent
1203 682 1373 747 enim,
1409 683 1485 737 uti
1522 682 1721 737 mulier
1758 690 2041 752 superstes

2147 685 2371 740 ϐιοῦσαν
2409 687 2546 757 μετὰ
2572 688 2670 757 τῆς
2694 688 2831 753 ίδέας
2875 688 3100 759 προικὸς
3125 688 3303 743 καὶτὸ
3333 689 3556 760 σύμπαν
3592 691 3724 746 ὑπό-

468 792 593 831 eum
621 790 719 831 sua
747 775 875 829 dote
902 775 1217 829 universam
1270 784 1494 844 propter
1532 776 1757 843 nuptias
1784 774 2042 828 donatio-

2147 778 2304 833 ϐολον
2332 778 2681 849 κομίζεσθαι,
2726 781 2821 833 καὶ
2882 779 3025 851 πρὸς
3071 780 3285 844 τούτοις
3315 781 3381 834 ὲκ
3408 783 3508 852 τῆς
3531 782 3726 851 λοιπῆς

466 884 591 921 nem
624 866 854 931 auferat,
882 875 936 921 et
967 865 1032 919 ad
1061 867 1176 922 haec
1209 881 1274 921 ex
1324 866 1535 935 reliqua
1561 865 1745 918 mariti
1780 864 2042 919 substan-

2144 868 2239 922 τοῦ
2263 869 2457 940 ἀνδρὸς
2503 870 2854 935 ὑποστάσεως
2897 871 3256 942 κληρονομεῖν
3295 872 3572 937 τοσοῦτον,
3604 873 3726 926 ὅσον

466 961 539 1013 tia
570 967 778 1013 tantum
810 969 1077 1031 quantum
1137 958 1283 1014 dotis
1325 956 1750 1026 donationisque
1812 963 2039 1025 propter

2144 962 2247 1031 τῆς
2271 979 2331 1016 τε
2361 962 2587 1033 προικὸς
2611 962 2821 1016 καὶτοῦ
2858 963 3123 1016 ὑποϐόλου
3162 965 3243 1026 εις
3278 963 3335 1017 ἓν
3362 964 3407 997 ³⁸
3449 982 3727 1033 συγκεφα-

468 1051 690 1119 nuptias
721 1052 773 1105 in
806 1067 969 1105 unam
1004 1065 1277 1106 summam
1319 1056 1730 1104 contractarum
1762 1047 2042 1117 quadrans

2144 1050 2482 1120 λαιουμένων
2512 1050 2828 1122 ἀριθμεῖται
2861 1053 2922 1105 τὸ
2962 1054 3224 1123 τέταρτον
3252 1071 3264 1084 ·
3304 1055 3730 1126 προφθανούσης

464 1142 709 1206 conficit,
740 1158 835 1198 seu
872 1143 1046 1197 hmres
1075 1140 1444 1213 capiat.Quod
1472 1139 1515 1194 si
1544 1140 1742 1193 mulier
1774 1149 1901 1193 ante
1922 1153 2043 1191 ma-

2143 1144 2199 1197 δὲ
2228 1142 2456 1213 τελευτῇ
2477 1143 2519 1175 ’θ
2548 1142 2638 1195 τὸν
2654 1142 2905 1213 γαμέτην
2925 1144 3023 1213 τῆς
3055 1145 3329 1212 γυναικὸς,
3356 1147 3481 1208 τοὺς
3513 1146 3730 1217 ἐκείνης

466 1236 633 1289 ritum
659 1243 889 1289 mortem
924 1235 1107 1299 obeat,
1167 1242 1283 1287 tum
1330 1242 1390 1285 ut
1438 1231 1589 1285 illius
1633 1229 1879 1284 haeredes
1929 1242 2041 1282 una

2144 1234 2513 1305 κληρονόμους
2538 1234 2847 1304 κερδαίνειν
2887 1237 2984 1288 σὺν
3022 1238 3093 1305 τῇ
3126 1238 3311 1305 προικὶ
3341 1238 3401 1289 τὸ
3440 1237 3726 1302 ὑπόϐολον,

465 1340 589 1378 eum
613 1324 740 1379 dote
764 1324 1110 1378 donationem
1139 1324 1385 1392 'propter
1430 1320 1649 1389 nuptias
1701 1319 1997 1371 luerentur
2020 1333 2039 1369 .-

2141 1328 2233 1381 τὸν
2267 1327 2323 1381 δὲ
2354 1327 2520 1398 ἄνδρα
2546 1328 2709 1398 μηδὲν
2739 1328 2884 1398 ἔχειν
2941 1330 3131 1400 ἕτερον
3162 1332 3277 1384 ἀλλ’
3320 1332 3354 1403 ἢ
3389 1333 3513 1385 ὅσον
3539 1334 3636 1404 τῆς
3668 1350 3728 1388 τε

468 1414 699 1469 maritus
733 1423 913 1468 autem
937 1413 1070 1467 nihil
1095 1412 1241 1466 aliud
1275 1427 1437 1481 Quam
1462 1417 1728 1481 quantum
1760 1408 1907 1463 dotis
1936 1408 2037 1462 do—

2143 1420 2369 1489 προικὸς
2400 1419 2600 1472 καὶτοῦ
2630 1419 2896 1473 ὑποϐόλου
2916 1420 2977 1473 τὸ
2995 1422 3444 1493 τεταρτημόριον,
3473 1424 3567 1478 καὶ
3595 1441 3730 1494 προ-

467 1503 822 1570 nationisque
852 1510 1074 1572 propter
1107 1500 1327 1570 nuptias
1344 1500 1622 1568 quadrans
1639 1498 1795 1562 facit,
1820 1496 2037 1552 habeat:

2142 1504 2348 1558 ϐαίνειν
2374 1504 2516 1557 οὕτω
2541 1507 2603 1558 τὸ
2637 1508 2892 1575 πρᾶγμα,
2936 1509 3003 1563 άν
3049 1526 3107 1561 τε
3139 1514 3288 1581 παρῇ
3332 1512 3621 1581 σύμφωνον
3657 1514 3726 1568 ἄν

467 1595 657 1663 utique
690 1608 779 1648 res
822 1608 947 1646 eum
980 1590 1045 1643 ad
1080 1592 1300 1644 modum
1336 1590 1617 1660 procedat,
1680 1588 1794 1643 sive
1855 1586 2036 1643 subsit

2140 1613 2198 1647 τε
2232 1596 2397 1667 μηδὲν
2428 1590 2531 1650 ὦσι
2572 1597 2813 1652 τοιοῦτον
2861 1601 3265 1664 συντεθεικότες
3293 1604 3361 1655 ⁸ο.
3410 1603 3598 1657 Ταῦτα
3624 1603 3728 1673 μὲν

466 1691 708 1753 pactum,
734 1683 849 1737 sive
875 1683 1013 1736 nihil
1042 1681 1355 1750 hujusmodi
1390 1680 1533 1734 inter
1570 1680 1720 1745 ipsos
1754 1693 2030 1733 convene-

2142 1688 2258 1752 πῶς
2304 1690 2405 1742 οὐκ
2461 1688 2657 1754 άδικας
2718 1691 2836 1753 πῶς
2867 1690 2912 1744 δ’
2966 1693 3088 1747 ἀντὶ⁵
3115 1692 3207 1746 τοῦ
3257 1694 3422 1763 νόμος
3459 1690 3728 1749 εῖναιούκ

463 1776 555 1828 rit.
597 1773 701 1828 Sed
733 1773 847 1828 hmc
894 1772 1172 1842 quomodo
1208 1785 1316 1824 non
1379 1769 1618 1837 iniqua?
1648 1767 1920 1836 quomodo
1939 1783 2037 1838 pro

2139 1779 2341 1849 ἐσχάτη
2380 1780 2694 1851 παρανομία
2749 1782 2932 1849 ὲστίν;
2976 1784 3044 1836 ’Δ
3078 1783 3177 1853 μὲν
3210 1784 3318 1853 γάρ
3357 1785 3719 1855 προαποφθα-

459 1867 589 1933 jure
638 1866 752 1917 inec
810 1879 917 1917 non
975 1870 1221 1918 extrema
1249 1860 1447 1929 injuria
1479 1858 1604 1913 est?
1635 1862 1767 1924 Quae
1796 1857 2034 1927 iquidem

2141 1870 2327 1939 ρέντος
2356 1870 2450 1922 τοῦ
2496 1870 2689 1940 ἀνδρὸς
2729 1873 2761 1940 ἠ
2800 1873 2935 1940 γυνὴ
2957 1872 3249 1939 λαμϐάνει,
3287 1875 3417 1937 ἴσως
3450 1874 3563 1946 ἔχει
3594 1876 3722 1929 τινά

464 1965 793 2027 praemortuo
821 1954 1018 2008 marito
1046 1952 1243 2006 mulier
1283 1951 1505 2021 accipit,
1566 1951 1620 2003 in
1672 1951 1757 2004 his
1806 1950 2037 2005 fortasse

2136 1956 2295 2023 λόγον
2314 1975 2326 1988 ³
2352 1956 2388 2011 ἃ
2417 1957 2474 2011 δὲ
2502 1959 2705 2028 ταύτης
2721 1960 3208 2031 προκαταλυούσης
3231 1963 3323 2015 τὸν
3345 1963 3458 2032 βίον
3486 1966 3568 2027 εἰς
3594 1965 3724 2029 τοὺς

463 2051 645 2116 aliqua
682 2048 861 2102 ratio:
914 2062 1036 2117 quae
1095 2060 1228 2100 vero
1293 2045 1385 2098 illa
1435 2050 1761 2114 praemortua
1798 2043 1865 2097 ad
1915 2043 2035 2112 ejus

2138 2047 2509 2117 κληρονόμους
2543 2047 2783 2117 ἔρχεται,
2823 2047 2940 2111 πῶς
2992 2050 3053 2102 οὐ
3090 2051 3369 2114 παντελῶς
3394 2052 3557 2106 ἄδικά
3587 2052 3631 2085 ⁸¹
3661 2070 3724 2107 τε

463 2144 707 2199 heredes
738 2143 1130 2205 devolvuntur,
1166 2142 1219 2195 in
1263 2140 1348 2195 his
1383 2142 1659 2210 quomodo
1717 2157 1825 2196 non
1855 2141 2036 2195 omnis

2137 2137 2232 2189 καὶ
2287 2136 2540 2206 άθεσμα;
2568 2136 2693 2204 [Διά
2742 2137 2902 2191 τοῦτο
2933 2139 2976 2169 ¹⁵¹
3002 2139 3121 2192 λίαν
3166 2142 3486 2211 πρεπόντως
3508 2142 3602 2195 καί¹
3636 2160 3727 2197 σο-

462 2234 735 2303 injustitia
789 2242 842 2289 et
867 2234 1168 2289 enormitas
1196 2232 1373 2286 inest?
1425 2232 1732 2302 Eapropter
1778 2233 2037 2286 decenter

2137 2229 2251 2295 φῶς
2275 2226 2499 2280 συνιδὼν
2548 2229 2577 2280 ό
2630 2229 2688 2280 ὲν
2720 2228 3036 2297 βασιλεῦσιν
3068 2231 3397 2302 ἀείμνηστος
3425 2233 3516 2285 καὶ
3546 2236 3574 2285 ό
3604 2251 3708 2303 μετ

460 2328 619 2381 valde
663 2325 1052 2396 sapienterque
1079 2332 1345 2393 perpetuo
1386 2322 1476 2376 ille
1506 2321 1899 2376 memorandus
1930 2323 2035 2375 im-

2137 2319 2343 2370 ἐκεῖνον
2395 2319 2440 2349 ⁸³
2492 2318 2592 2386 τῆς
2636 2318 2843 2380 οἰκείας
2885 2321 3299 2391 ἀναϐλαστήσας
3355 2322 3554 2389 ὀσφύος
3614 2322 3721 2375 ὲδι-

462 2425 710 2487 perator,
742 2428 797 2471 et
825 2415 918 2485 qui
948 2431 1013 2470 ex
1056 2415 1233 2483 ipsius
1268 2413 1472 2467 lumbis
1505 2421 1670 2467 natus
1698 2418 1823 2480 post
1849 2412 2029 2479 ipsum

2136 2405 2339 2459 καίωσε
2360 2408 2470 2468 τοῖς
2490 2406 2589 2474 μὲν
2604 2406 2851 2475 ἀρχαίοις
2872 2408 2919 2440 ⁸⁵
2942 2410 3126 2479 νόμοις
3149 2411 3247 2481 τὴν
3263 2411 3430 2479 τιμὴν
3443 2413 3728 2466 ἀνασώσα-

458 2508 627 2564 rebus
652 2513 871 2577 prteest,
909 2505 1057 2565 fecit.
1099 2504 1191 2572 qui
1230 2503 1505 2557 veteribus
1553 2503 1764 2571 legibus
1797 2501 2039 2555 auctori-

2140 2496 2285 2561 σθαι,
2306 2496 2435 2559 τοὺς
2460 2496 2516 2548 δὲ
2546 2496 2767 2563 φαύλως
2785 2498 3271 2562 ἀντιθεσπίζοντας
3301 2500 3729 2571 ἐξοστρακισθῆ-

459 2609 625 2655 tatem
660 2596 1116 2659 conservandam,
1144 2609 1375 2664 quaeque
1404 2608 1661 2662 perverse
1704 2599 1901 2647 contra
1925 2600 2037 2645 sta-

2139 2605 2227 2641 ναι
2284 2586 2379 2641 τοῦ
2437 2588 2855 2659 πολιτεύματος.
2900 2591 3061 2644 Ἀλλά
3117 2592 3229 2662 γάρ
3285 2593 3564 2663 φιλόνικον
3608 2595 3656 2627 ⁸⁸
3686 2597 3725 2665 ἡ

460 2697 701 2752 ruerent,
729 2702 823 2742 eas
844 2701 874 2739 e
896 2684 1171 2753 republica
1194 2684 1246 2736 in
1276 2682 1530 2737 exsilium
1551 2679 1848 2749 ejiciendas
1877 2689 2038 2750 puta-

2140 2680 2401 2749 συνήθεια
2477 2681 2571 2734 καὶ
2617 2681 2880 2745 πολλάκις
2908 2686 2973 2753 τῇ
3010 2686 3195 2754 μακρᾷ
3228 2685 3413 2754 ὁμιλίᾳ
3448 2685 3522 2749 ὡς
3558 2685 3729 2755 πῆξιν

458 2784 554 2836 vit.
588 2783 656 2835 At
687 2781 830 2834 euim
867 2778 1185 2831 refractaria
1221 2774 1675 2843 contentiosaque
1695 2774 2036 2827 consuetudo

2136 2770 2300 2824 λαϐδν
2331 2773 2389 2825 ὲν
2416 2774 2538 2835 ταῖς
2563 2772 2866 2842 ἀνθρώπων
2894 2774 3141 2844 γνώμαις
3166 2776 3367 2829 ἄτοπον
3391 2777 3587 2847 δόγμα,
3631 2777 3729 2830 καὶ

460 2878 568 2935 est,
601 2885 664 2923 ac
698 2868 1014 2938 frequenter
1070 2864 1307 2918 absurda
1358 2864 1538 2931 aliqua
1576 2862 1783 2932 opinio,
1848 2862 1939 2916 ubi
1978 2861 2033 2915 in

2143 2862 2378 2930 μάλιστα
2404 2864 2551 2928 ὅσοις
2587 2864 2661 2934 μὴ
2717 2863 2863 2935 ὀρθῷ
2909 2866 3178 2936 κριτηρίῳ
3216 2868 3503 2936 ἐπιμέλεια
3532 2869 3649 2922 τόδε
3681 2870 3732 2902 ⁸⁸

460 2960 745 3013 hominum
789 2957 989 3011 animis
1013 2957 1225 3022 (eorum
1279 2953 1606 3024 praesertim,
1651 2952 1857 3023 quibus
1886 2961 2037 3007 recto

2140 2955 2408 3025 συνορᾷν,
2465 2955 2565 3008 ούκ
2618 2954 2791 3007 ἐθέλει
2851 2956 3050 3025 ῥᾳδίως
3105 2958 3573 3027 ἐκμοχλεύεσθαι,
3624 2958 3734 3030 τὴν

456 3048 672 3121 judicio
707 3048 853 3102 illam
905 3044 1217 3116 expendere
1257 3058 1403 3097 cum
1436 3058 1546 3097 non
1574 3041 1680 3111 est)
1713 3042 1852 3096 altas
1889 3042 2037 3095 velut

2143 3044 2428 3112 φθάσασαν
2455 3044 2742 3116 πρόληψιν,
2765 3046 2869 3099 κᾶν
2893 3048 3088 3110 ἄτοπος
3111 3044 3518 3119 ᾖ,ἀγαπώντων
3532 3048 3626 3102 καὶ
3649 3050 3731 3120 μὴ

460 3108 831 3209 radices'egit,
856 3138 1001 3192 haud
1031 3134 1189 3191 facile
1214 3134 1505 3204 exstirpari
1533 3108 1672 3203 quit,
1695 3133 1824 3202 quia
1859 3131 2036 3186 homi-

2144 3108 2481 3205 βουλομένων
2499 3108 2511 3116 Ι
2535 3108 2852 3190 ἀκολουθεῖν
2912 3140 3027 3201 τοῖς
3068 3108 3378 3208 ἀμείνοσιν
3408 3141 3485 3205 ὡς
3515 3140 3609 3193 καὶ

460 3248 562 3287 nes
585 3230 941 3301 anticipatam
968 3229 1303 3300 opinionem,
1323 3225 1573 3295 quamvis
1603 3223 1794 3278 frivola
1818 3226 1889 3278 sit
1915 3238 2034 3277 am-

2141 3230 2172 3297 ἡ
2204 3224 2299 3279 τοῦ
2325 3227 2658 3296 ἀειμνήστου
2686 3228 2892 3298 πατρὸς
2920 3228 3079 3298 ἡμῶν
3128 3229 3372 3294 διάταξις
3412 3233 3494 3294 είς
3520 3230 3565 3263 ⁸⁷
3596 3232 3734 3296 τοὺς

460 3326 775 3395 plexantur,
828 3321 1132 3391 noluntque
1176 3318 1333 3389 sequi
1384 3317 1634 3370 meliora.
1668 3316 1819 3370 Adeo
1870 3324 1928 3369 ut
1968 3330 2037 3369 ne

2142 3316 2309 3370 πάλαι
2374 3316 2575 3385 νόμους
2628 3318 2737 3372 τῶν
2786 3319 3039 3388 γαμικῶν
3090 3320 3394 3391 συμφώνων
3430 3322 3529 3391 τὴν
3559 3322 3735 3378 κατά·

458 3432 609 3473 nnnc
636 3414 856 3485 quidem
912 3413 970 3468 in
1016 3420 1282 3467 aeternum
1334 3407 1803 3463 commemorandi
1862 3407 2034 3475 patris

2142 3424 2331 3460 στασιν
2359 3407 2706 3478 ἀναφέρουσα
2730 3411 2828 3462 οὐκ
2882 3411 3069 3463 ἔπεισε
3116 3412 3214 3480 τῆς
3243 3413 3445 3464 ἀτόπου
3477 3411 3733 3480 μεθεῖναι

460 3504 632 3558 nostri
664 3501 1010 3562 constitutio,
1039 3514 1159 3570 qua:
1175 3498 1241 3553 ad
1275 3506 1490 3552 veteres
1516 3497 1661 3567 leges
1700 3496 2029 3565 nuptialium

2140 3497 2476 3563 διατάξεως,
2525 3498 2639 3551 ἀλλ’
2683 3492 2758 3552 ὧν
2812 3500 3223 3571 κατεψηφίσατο
3271 3503 3731 3574 ἐξοστρακισμὸν,

460 3593 770 3665 pactionum
805 3593 1071 3646 rationem
1122 3589 1359 3654 reducit,
1416 3587 1711 3643 absurdam
1759 3588 2034 3642 constitu-

1535 3588 1711 3641 irdam
1759 3588 2034 3642 constituo
2144 3588 2353 3652 τούτοις
2380 3589 2461 3643 ἔτι
2492 3590 2585 3643 καὶ
2613 3588 2709 3643 νῦν
2737 3590 3133 3645 πολιτεύονται.

460 3684 667 3739 tionem
698 3684 928 3737 missam
956 3696 1079 3735 esse
1124 3679 1430 3734 faciendam
1463 3678 1844 3749 jpersuaserit,
1880 3688 2043 3748 atque
2081 3678 2135 3733 in
2190 3696 2313 3750 qure
2360 3681 2449 3735 ille
2509 3680 2764 3735 exsilium
2800 3680 3143 3748 decreverat,
3209 3681 3264 3736 in
3325 3682 3545 3753 publico
3608 3682 3734 3741 haec

458 3777 761 3830 etiamnum
800 3789 900 3827 usu
937 3772 1069 3826 sint.
2750 3808 2753 3811 ,

528 3863 671 3929 Quid
708 3877 808 3917 nos
838 3860 1049 3931 igitur?
1074 3857 1372 3928 Postquam
1422 3857 1590 3912 semel
1634 3856 1929 3927 praevalere
1952 3856 2031 3910 vi-

2204 3856 2269 3908 Τί
2293 3855 2336 3888 ⁸⁸
2388 3855 2481 3909 οὖν
2510 3857 2667 3927 ἡμεῖς
2704 3875 2919 3928 φαμεν;
2960 3859 3290 3931 Ἐπειδήπερ
3320 3860 3467 3925 ἅπαξ
3495 3864 3734 3933 κρατεῖν

458 3972 580 4014 sum
608 3964 710 4021 est,
741 3970 806 4010 ne
833 3952 944 4026 (40)
974 3952 1030 4007 in
1086 3949 1423 4005 matrimonii
1466 3948 1706 4003 coitione
1761 3964 1826 4003 ex
1876 3964 2034 4018 atquo

2133 3948 2301 4015 ἔδοξε,
2354 3948 2428 4019 μὴ
2490 3948 2549 4013 ἐξ
2612 3948 2725 4003 ἴσου
2755 3950 2857 4013 τάς
2902 3952 2958 4004 ὲν
3000 3953 3065 4021 τῇ
3099 3952 3357 4005 συστάσει
3382 3952 3491 4005 τῶν
3526 3953 3731 4023 γάμων

396 4072 407 4077 ·
459 4047 787 4103 collationes
823 4044 972 4109 fiant,
1013 4043 1107 4098 sed
1131 4040 1306 4111 major
1346 4040 1643 4095 donatione
1673 4046 1897 4110 propter
1926 4056 1994 4093 nu

2134 4038 2378 4107 γίνεσθαι
2424 4038 2757 4103 συντελείας,
2805 4040 2925 4092 ἀλλ’
2980 4037 3119 4093 εἶναι
3180 4041 3273 4094 τοῦ
3309 4042 3575 4095 ύποϐόλου
3622 4044 3732 4113 τὴν

463 4139 605 4207 ptias
629 4137 728 4191 dos
770 4136 862 4200 sit,
894 4136 995 4190 hoc
1025 4137 1078 4189 in
1124 4135 1402 4204 republica
1437 4135 1700 4200 obtineto,
1729 4136 1853 4188 etsi
1888 4148 2035 4188 mors

2136 4131 2358 4201 προῖκα,
2419 4129 2575 4183 τοῦτο
2608 4130 2749 4183 ἔστω
2804 4132 3242 4201 πολιτευόμενον.
3292 4133 3536 4187 Θανάτου
3573 4134 3617 4167 ⁸⁸
3664 4135 3733 4188 δὲ

464 4226 874 4280 matrimonium
904 4224 1146 4286 dirimat,
1176 4231 1289 4276 tum
1318 4224 1363 4278 si
1394 4222 1504 4292 (41)
1548 4224 1783 4276 maritus
1820 4220 1939 4276 sine
1973 4221 2036 4274 li-

2143 4218 2403 4289 φέροντος
2432 4219 2587 4273 λύσιν
2649 4220 2728 4290 τῷ
2785 4222 2970 4292 γάμῳ,
3014 4224 3063 4275 εί
3107 4224 3204 4293 μὲν
3245 4225 3273 4277 ὁ
3324 4223 3463 4297 ἀνὴρ
3494 4224 3731 4289 ἄτεκνος

458 4316 606 4369 beris
640 4316 884 4380 decedat,
913 4322 1242 4383 pactumque
1291 4329 1399 4367 non
1431 4314 1630 4376 subsit,
1658 4327 1796 4367 uxor
1849 4313 2030 4366 dotem

2146 4310 2295 4363 ἀπίοι
2324 4311 2415 4363 καὶ
2435 4310 2725 4380 σύμφωνον
2758 4312 2833 4381 μὴ
2858 4316 3006 4385 παρῇ
3020 4314 3091 4378 ⁸⁰,
3120 4316 3503 4385 άνακομιζέτω
3523 4317 3555 4387 ἡ
3579 4318 3729 4387 γυνὴ

460 4407 925 4475 donationemque
947 4399 1167 4474 propter
1191 4406 1431 4474 nuptias,
1450 4405 1584 4457 nihil
1605 4412 1783 4459 autem
1805 4403 2040 4472 amplius

2145 4401 2245 4471 τήν
2270 4418 2329 4453 τε
2360 4403 2561 4471 προῖκα
2592 4402 2685 4455 καὶ
2711 4402 2770 4455 τὸ
2791 4403 3073 4467 ὑπόϐολον,
3104 4408 3198 4459 καὶ
3224 4406 3390 4477 μηδὲν
3418 4406 3500 4461 ἔτι
3532 4407 3725 4461 πλέον’

460 4499 675 4553 auferto
716 4517 728 4553 :
763 4500 807 4553 si
856 4514 986 4553 vero
1043 4498 1325 4550 mulierem
1370 4512 1517 4551 mors
1548 4495 1806 4565 abripiat,
1851 4494 2035 4549 dotem

2146 4492 2193 4543 el
2213 4489 2269 4542 δὲ
2297 4491 2393 4559 τὴν
2411 4493 2649 4558 γυναῖκα
2680 4492 2709 4541 ὁ
2735 4491 2963 4557 θάνατος
2995 4494 3285 4548 διασπάσοι
3312 4496 3379 4561 ⁸¹,
3410 4497 3509 4566 τῆς
3537 4496 3634 4565 μὲν
3671 4499 3729 4550 οἱ

458 4589 704 4645 heredes
726 4589 846 4659 ejus
868 4588 1128 4658 capiunto
1149 4606 1162 4642 :
1181 4588 1409 4642 maritus
1434 4595 1613 4642 autem
1642 4588 1757 4643 suis
1779 4586 1943 4640 rebus
1964 4601 2034 4641 ne

2145 4580 2470 4652 κληρονόμοι
2495 4582 2591 4653 τὴν
2618 4584 2819 4653 προῖκα
2874 4584 3322 4654 λαμϐανέτωσαν,
3366 4588 3447 4658 τῷ
3480 4588 3634 4657 ἀνδρὶ
3659 4588 3726 4641 δὲ

460 4680 725 4749 privator,
760 4691 938 4748 neque
966 4691 1085 4749 qum
1141 4677 1320 4747 ipsius
1367 4684 1497 4732 sunt
1519 4676 1631 4743 alii,
1662 4674 1757 4731 sed
1793 4674 1909 4745 ipse
1931 4675 2036 4728 ha-

2148 4670 2223 4742 μὴ
2262 4671 2496 4740 γινέσθω
2520 4672 2629 4726 τῶν
2658 4671 2804 4726 ἰδίων
2834 4675 2868 4744 ἠ
2910 4675 3185 4747 στέρησις,
3230 4677 3364 4749 μηδὲ
3397 4678 3465 4733 τὰ
3505 4678 3724 4731 ἐκείνου

1670 4813 1907 4868 VARIA£
1947 4810 2352 4868 LECTlONES.

529 4932 573 5016 ς
597 4929 740 5016 Epit.
796 4932 1035 5016 οἰκείων.
1120 4930 1166 4964 ³⁸
1197 4929 1411 5016 ῆςιξᾳυί
1449 4936 1667 5016 praeter
1722 4933 1864 5016 epit,
1909 4948 2020 5016 om.
2072 4933 2162 5016 ἓνἰ
2209 5002 2232 5016 ἢ
2264 4930 2566 5016 η’Βθιξηιιξ
2604 4940 2800 5016 ξιτ-αξιοι
2835 4931 3147 5016 .pon
3211 4932 3412 5016 habent
3466 4932 3719 5016 τελευτῇ,

461 5002 507 5033 ⁸ο
535 5000 673 5071 Epit.
707 5000 1123 5071 συντεθειμένοι.
1224 5000 1271 5071 ἕί
1293 5002 1498 5055 Omnes
1529 5010 1722 5071 praeter
1750 5002 1891 5071 Epit.
1919 5005 2118 5058 habent
2141 5000 2347 5055 ἕκδικά.
2441 5002 2486 5071 δέ
2526 5000 2669 5069 Epit.
2700 5001 2787 5071 hic
2827 5001 2978 5071 addit
3005 5001 3092 5071 δὴ,
3127 5017 3249 5057 mox
3305 5012 3483 5055 autem
3512 5000 3723 5057 omittit

460 5073 555 5142 καὶ
577 5069 940 5142 νίσοφῶςηῃδ³
960 5069 1113 5142 Epit.
1164 5070 1266 5142 καὶ,
1309 5071 1470 5142 ήμᾷί
1522 5069 1889 5142 τῆς-οἰκείας.
1974 5073 2191 5141 “Epit.
2224 5069 2619 5142 ἀρχαιοτέροις.
2698 5070 2743 5142 ’Ψ
2788 5071 2881 5142 Sic
2931 5069 3105 5142 Epitli
3149 5073 3343 5142 reliqui
3389 5072 3716 5142 φιλόνεικον.

459 5141 506 5172 ⁸⁸
527 5141 644 5219 τόδε
667 5138 720 5193 et
749 5138 1339 5219 ῥᾳδίωςοιιιίιιίεβρίιέ
1364 5138 1885 5219 "_Reliquipraater
1938 5138 2209 5219 ῐξρῖιζὼς.
2256 5138 2274 5219 ς
2301 5138 2346 5172 ⁸⁸
2381 5138 2663 5219 qu._hin_c
2706 5140 2920 5219 ineipit.
2959 5138 3044 5219 ξδ’
3074 5138 3292 5213 Reliqui
3327 5138 3525 5212 praeter
3568 5141 3717 5212 Epit.

459 5221 515 5265 ct
542 5210 655 5267 Ecl.
682 5207 1063 5264 τοῦθανάτου.
1146 5210 1192 5242 ⁵⁸
1216 5210 1427 5281 Reliqui
1454 5207 1651 5280 praeter
1688 5207 1821 5281 epit.
1861 5222 1916 5267 et
1955 5207 2068 5266 Ecl.
2104 5209 2329 5279 παρείη.
2438 5209 2481 5242 ⁸¹
2510 5207 2742 5279 Scrimg.
2775 5207 3075 5281 διασπάσῃ.

1977 5328 2215 5386 NOTAE.

534 5420 649 5492 (40)
684 5417 973 5488 Inaqualls
1004 5425 1182 5492 potest
1203 5432 1328 5492 esse
1360 5419 1645 5492 quantitas
1668 5416 1817 5492 do_tis
1842 5430 1897 5472 et
1926 5415 2029 5492 (19-
2130 5418 2481 5492 donationem
2514 5428 2733 5490 propter
2793 5420 3014 5491 nuptias
3043 5421 3243 5492 _pleno
3270 5419 3709 5492 jureqlucratur,

468 5485 718 5545 nationis
743 5485 969 5560 propter
1000 5485 1501 5560 inuptias,Nov.'2'2,
1530 5504 1582 5542 c.
1614 5488 1707 5560 20.
1739 5487 2029 5560 Inazqualis
2131 5490 2235 5544 nisi
2264 5501 2484 5559 pactum
2517 5485 2590 5545 sit
2611 5485 2972 5546 contrarium.
3028 5485 3167 5557 Quid
3202 5491 3248 5546 si
3272 5485 3286 5489 ⁷
3308 5490 3505 5545 mulier
3562 5506 3705 5560 pra:-

462 5560 686 5629 inquam
710 5557 884 5629 {nam
938 5557 1163 5611 donatio
1221 5565 1443 5628 propter
1492 5558 1714 5628 nuptias
1750 5558 1898 5613 dotis
1926 5557 2029 5614 da-
2130 5557 2390 5613 mortua?
2421 5560 2541 5629 ejus
2568 5560 2808 5616 haeredes
2835 5561 3017 5615 dotem
3050 5568 3268 5616 tantum
3315 5557 3574 5614 auferunt
3626 5577 3716 5613 re-

464 5626 824 5702 tioine__m_a_jor_
846 5640 971 5681 esse
1002 5626 1235 5694 potest.’
1283 5626 1339 5702 ’ς
1428 5696 1440 5702 _
1708 5697 1719 5702 Α
1988 5696 2001 5702 _
2130 5628 2232 5683 bus
2268 5626 2488 5702 propter
2538 5631 2760 5702 nuptias
2813 5630 3034 5688 donatis
3066 5643 3244 5701 penes
3290 5630 3552 5685 maritum
3604 5644 3717 5683 Ina-

538 5696 650 5765 (u)
696 5694 894 5750 Mulier
935 5704 1108 5752 morte
1161 5696 1341 5753 mariti
1398 5696 1517 5753 sine
1564 5697 1755 5757 liberis
1802 5696 2028 5767 mortui,
2130 5694 2413 5756 tuentibus.
