4048 6476
499 330 563 394 71
1697 326 1973 389 LEONIS
2002 324 2465 387 PHILOSOPHI

3613 324 3720 388 £72

463 446 594 501 dum
623 445 1055 518 parentis'vcrba
1089 445 1493 515 promissorum
1512 442 1715 500 solutio
1745 442 2036 514 procedat,

2145 458 2276 508 γους
2299 441 2446 495 οὕτω
2482 440 2799 511 προϐαίνειν
2832 440 2926 494 καὶ
2964 439 3064 511 τὴν
3091 439 3199 495 τῶν
3226 438 3403 506 λόγων
3430 437 3734 525 ἐκπλήρωοε

464 540 535 593 ab
572 539 804 610 ipsoque
820 538 940 593 solo
964 538 1183 607 quando
1206 553 1265 594 se
1294 539 1473 593 solum
1517 536 1774 592 daturum
1809 536 2032 607 pollici-

460 642 556 687 tus
582 639 689 695 est,
730 630 1067 700 promissum
1129 630 1419 698 exigatur:
1475 630 1699 700 quando
1745 644 1878 685 vero
1907 644 2034 684 cum

466 722 577 776 lilio
605 736 667 776 se
719 720 980 775 daturum
1023 720 1298 789 promisit,
1353 720 1499 776 ﬁlius
1552 721 1716 777 etiam
1769 720 2035 783 solutioni

462 811 735 867 obnoxius
769 810 864 877 sit,
898 825 1074 879 eaque
1089 825 1153 865 ex
1174 810 1539 879 inaequalibus
1564 810 1836 879 partibus,
1861 824 2038 879 quan-

461 904 532 958 do
554 903 661 958 illa:
683 903 924 958 delinitm
950 914 1059 956 non
1099 909 1249 964 sunt,
1280 902 1403 956 ﬁat:
1437 916 1501 957 ac
1531 910 1646 956 tum
1707 918 1775 957 ex
1798 904 2038 972 inaequa-

461 991 610 1046 libus
647 991 977 1054 etiam,cum
1025 989 1250 1061 utrique
1273 1002 1439 1045 certae
1479 1000 1666 1060 partes
1695 992 1913 1046 diverse
1942 1005 2037 1045 as-

461 1080 692 1148 signatre
739 1089 888 1133 sunt.
945 1077 1004 1133 In
1054 1079 1159 1134 hoc
1188 1079 1335 1134 nulla
1371 1080 1652 1150 aequitatis
1679 1080 1893 1135 eversio
1922 1086 2030 1143 est,

461 1170 797 1239 insnperque
840 1170 893 1225 id
944 1171 1011 1225 ad
1078 1170 1377 1225 liberorum
1437 1170 1729 1224 utilitatem
1803 1177 2036 1238 spectat,

460 1278 624 1331 quam
672 1262 725 1315 in
765 1261 1064 1317 Codieibus
1105 1261 1252 1317 edita
1303 1262 1627 1318 constitutio
1658 1277 1765 1316 non
1810 1276 2040 1332 magno-

461 1367 592 1423 pere
621 1353 961 1418 curat.Quid
989 1355 1105 1408 ita?
1134 1352 1408 1420 Quoniam
1436 1369 1816 1423 saepenumero
1838 1369 2038 1423 parens

460 1458 588 1498 cum
615 1444 682 1498 ad
711 1443 1061 1513 dispendium
1101 1444 1349 1514 respicit,
1385 1443 1620 1513 ideoque
1646 1443 1781 1498 illud
1823 1452 2040 1514 tempus

460 1534 609 1605 quod
650 1534 762 1588 lilio
793 1534 1087 1590 eliicaciter
1113 1537 1465 1605 promittendi
1501 1543 1828 1607 potestatem
1882 1535 2037 1604 facit,

462 1626 705 1682 ineundo
730 1626 965 1697 nuptiali
998 1628 1304 1683 contractui
1358 1634 1661 1695 exspectat,
1724 1627 1870 1698 quod
1904 1642 2039 1682 con.

462 1717 702 1773 ducibile
735 1719 846 1774 illlo
885 1719 977 1781 sit,
1016 1719 1212 1787 perdit.
1244 1717 1316 1772 Ut
1344 1718 1513 1788 igitur
1542 1733 1604 1772 ea
1630 1733 1718 1772 res
1770 1718 2040 1773 ambobus

2149 548 2256 598 σιν,
2289 533 2385 586 καὶ
2452 534 2614 603 μόνον
2672 535 2771 604 μὲν
2830 532 3181 586 ἀπαιτεῖσθαι
3237 532 3341 601 τὴν
3398 530 3733 599 ὑπόσχεσιν,

2144 623 2370 677 ἐπειδὰν
2399 624 2558 692 μόνος
2592 624 2901 692 ὑπόσχηται
2944 624 3278 693 παρασχεῖν,
3316 624 3415 677 σὺν
3452 620 3531 691 τῷ
3563 622 3721 676 παιδὶ

2142 714 2482 789 δὲηὲπειδάν
2542 716 2641 770 σὺν
2696 716 3060 785 ἐκείνῳιεῖτε
3120 716 3191 768 δι’
3224 715 3343 768 ίσου
3389 714 3501 767 τῶν
3534 713 3721 785 μερῶν

2144 805 2576 876 λαμϐανομένων
2607 810 2696 861 ὅτε
2726 807 2801 876 μὴ
2837 808 2931 860 καὶ
2960 806 3136 860 ταῦτα
3172 805 3582 877 προσδιορισθῇ,
3606 806 3721 860 εἴτε

2144 897 2344 961 ἀνίσως
2373 899 2461 950 ὅτε
2510 897 2584 967 μὴ
2648 895 3136 971 ἀπροσδιόρισταῇ
3168 898 3204 952 ἃ
3260 899 3359 967 τὴν
3421 898 3719 967 ὑπόσχεσιν

2148 989 2289 1057 μέρη
2310 989 2638 1058 ἀποπληροῖ.
2664 988 2835 1041 Τοῦτο
2854 988 2963 1057 γὰρ
2978 988 3102 1042 οὔτε
3117 988 3329 1043 δικαίου
3358 989 3717 1059 παρατροπὴ,

2144 1080 2240 1132 καὶ
2267 1080 2400 1149 πρός
2432 1096 2496 1147 γε
2526 1081 2640 1142 τοῖς
2670 1080 2831 1132 παισὶ
2860 1080 2921 1132 τὸ
2942 1082 2987 1112 ⁸³
3019 1081 3300 1150 συμφέρον
3328 1081 3432 1149 δρᾷ
3457 1123 3470 1144 ,
3509 1081 3646 1149 ὅπερ
3677 1082 3712 1149 ἡ

2144 1170 2204 1222 ὲν
2235 1173 2350 1233 τοῖς
2402 1170 2621 1237 κώδιξιν
2651 1171 3008 1242 ὲκτεθειμένη
3040 1171 3284 1235 διάταξις
3316 1172 3377 1223 οὐ
3415 1166 3648 1225 ποιεῖται
3673 1172 3721 1203 ⁵ο

2146 1265 2275 1333 περ).
2309 1263 2526 1317 πολλοῦ.
2563 1264 2686 1323 Πῶς
2717 1280 2732 1327 ;
2770 1263 3028 1327 πολλάκις
3059 1264 3104 1293 ⁶¹
3128 1264 3230 1333 τὴν
3267 1264 3470 1333 ζημίαν
3502 1263 3723 1333 ὑφορὼτ

2148 1370 2309 1423 μενος
2333 1354 2362 1406 ὁ
2399 1353 2595 1423 γονεὺς
2624 1355 2718 1408 καὶ
2757 1353 2935 1422 μένων
2963 1356 3173 1407 ἐκεῖνον
3201 1355 3293 1407 τὸν
3319 1355 3513 1424 χρόνον
3554 1354 3635 1417 είς
3660 1352 3724 1410 τὸ

2144 1447 2191 1479 θ’
2218 1447 2288 1499 τὰ
2335 1446 2583 1517 γαμήλια
2634 1447 3064 1515 συναλλάγματα
3118 1447 3445 1517 προελθεῖν,
3504 1445 3565 1509 ὃς
3626 1446 3726 1500 τὸν

2146 1540 2311 1593 παῖδα
2364 1540 2555 1610 κύριον
2596 1540 2693 1593 τοῦ
2744 1540 3078 1610 ὑποσχέσθαι
3134 1544 3301 1601 ποιεῖ,
3335 1539 3597 1593 ἀπόλλυσι
3641 1539 3723 1609 τῷ

2146 1632 2299 1685 παιδὶ
2329 1633 2388 1685 τὸ
2418 1631 2715 1696 λυσιτελές.
2749 1634 2847 1685 Ἶν⁹
2880 1629 2973 1687 οὖν
2998 1633 3133 1703 πρὸς
3162 1633 3446 1703 ἀμφότερα
3466 1633 3513 1665 ⁸³
3532 1632 3724 1697 δεξιῶς

2145 1722 2204 1773 τὸ
2231 1723 2517 1792 γινόμενον
2558 1723 2806 1793 ἔχῃ,“καὶ
2829 1724 2965 1793 μήτε
2993 1723 3059 1776 τὸ
3090 1723 3301 1776 δίκαιον
3325 1722 3723 1792 παρακρίνοιτο

462 1808 752 1863 commoda
782 1809 1019 1879 felixque
1046 1812 1139 1872 sit,
1172 1825 1348 1879 neque
1398 1810 1629 1878 aequitas
1670 1809 1866 1879 iniquo
1888 1809 2037 1878 judi-

2151 1814 2287 1884 μήτε
2327 1814 2393 1866 τὸ
2427 1792 2708 1884 συμφέρον
2746 1816 2859 1876 τοῖς
2888 1792 3050 1867 παισὶ
3083 1814 3129 1846 ⁸⁵
3159 1813 3631 1883 παρασλάπτοιτο,
3656 1813 3722 1868 τὸ

460 1899 548 1953 cio
577 1897 917 1965 involvatur,
967 1914 1066 1953 nec
1104 1914 1237 1953 vero
1269 1900 1511 1969 denique
1562 1900 1863 1954 liberorum
1894 1900 2037 1955 utili-

462 1989 559 2043 tati
590 1998 881 2053 noceatur,
912 1989 1133 2043 Codicis
1179 1990 1460 2044 decretum
1502 2000 1698 2045 vacato
1739 2009 1753 2045 :
1787 1993 1887 2046 hoc
1910 2006 2040 2047 vero

455 2078 571 2146 jam
606 2079 770 2133 etiam
799 2080 1190 2135 consuetudini
1213 2081 1491 2150 cognitum
1526 2082 1580 2135 in
1634 2083 1915 2152 republica
1939 2084 2041 2139 ob.

459 2172 654 2225 tincto.
702 2170 838 2226 Cum
863 2173 1061 2227 etenim
1092 2187 1191 2241 pro
1219 2172 1445 2227 decreto
1496 2174 1633 2244 legis
1673 2174 1726 2228 in
1761 2177 2040 2245 republica

460 2261 748 2329 habeatur,
775 2263 888 2333 jam
918 2264 1202 2335 praelatum
1231 2273 1336 2331 est,
1364 2280 1485 2334 quae
1515 2266 1569 2320 in
1626 2266 1912 2325 codicibus
1937 2279 2041 2335 est,

460 2354 871 2410 constitutioni.

920 2444 1391 2501 CONS'I‘ITUTIO
1412 2445 1583 2499 XXII.

2145 1907 2244 1977 μὲν
2270 1906 2366 1959 τοῦ
2394 1905 2626 1968 κώδικος
2654 1906 2899 1974 ἀργείτω
2922 1907 3122 1977 δόγμα,
3161 1906 3319 1959 τοῦτο
3341 1907 3399 1959 δὲ
3437 1906 3721 1960 πολιτευέ-

2143 1997 2275 2062 σθω,
2316 1996 2458 2059 ὡς⁸⁸
2510 1996 2606 2048 καὶ
2658 1995 2764 2047 ὑπὸ
2804 1998 2907 2065 τῆς
2961 1996 3254 2065 συνηθείας
3318 1995 3723 2065 γνωριζόμενον

2144 2087 2272 2157 (ἤδη
2304 2087 2413 2157 γὰρ
2440 2086 2837 2157 προτετίμηται
2881 2086 2983 2155 τῆς
3012 2087 3072 2140 ὲν
3102 2090 3219 2151 τοῖς
3259 2085 3478 2151 κώδιξιν
3502 2086 3593 2138 ὑπ’
3623 2086 3725 2137 αὐ-

2140 2179 2242 2247 τῆς
2270 2181 2314 2213 "
2336 2178 2656 2248 διατάξεως)
2685 2179 2781 2231 καὶ
2810 2177 2917 2251 πρὸ
2941 2178 3211 2250 δόγματος
3234 2178 3405 2249 νόμου
3438 2176 3720 2230 πολιτευὸο

2146 2287 2332 2341 μενον.

2705 2449 3018 2502 ΔΙΑΤΑΞΙΣ
3046 2450 3176 2503 KU'.

466 2531 755 2609 Utmulier
784 2552 904 2606 qua:
934 2537 1330 2609 matrimonium
1365 2553 1467 2609 non
1503 2538 1615 2605 (18)
1664 2539 1847 2603 iterat,
1882 2544 2037 2597 unius

2143 2539 2279 2608 Περὶ
2306 2540 2413 2594 τοῦ
2436 2540 2520 2607 μὴ
2555 2538 3168 2609 δευτερογαμήσαοταν
3192 2542 3449 2607 γυναῖκα
3491 2542 3721 2609 ,λαμϐά-

534 2606 823 2676 liberorum
872 2607 1168 2672 portionem
1224 2608 1571 2673 proprietatis
1625 2609 1755 2676 jure
1815 2614 1992 2673 capiat
2022 2628 2042 2667 :

533 2674 785 2729 similiter
813 2684 866 2729 et
894 2684 1064 2744 pater.

538 2767 685 2822 Idem
724 2767 1025 2837 imperator
1056 2766 1311 2836 Styliano
1332 2769 1802 2828 excellentissimo
1850 2788 2043 2831 sacro-

460 2871 583 2912 rum
617 2856 923 2911 oﬂiciorum
951 2858 1231 2927 magistro.

532 2945 687 3002 Sicut
718 2947 773 3001 in
827 2947 1110 3017 plerisque
1163 2949 1310 3012 aliis,
1343 2949 1567 3019 quando
1622 2950 1849 3006 absurdi
1902 2954 2040 3011 nihil

458 3037 748 3105 incideret,
777 3056 954 3109 neque
986 3041 1152 3097 rebus
1210 3042 1432 3096 noxium
1475 3042 1775 3112 quidquam
1807 3044 2039 3101 inferre-

2213 2627 2342 2662 νειν
2374 2611 2587 2673 παιδὸς
2622 2610 2834 2675 μοῖραν
2868 2608 3017 2662 κατὰ
3062 2608 3464 2675 δεσποτείαν,
3502 2612 3723 2678 ὁμοίως

2212 2681 2311 2733 καὶ
2340 2680 2563 2748 πατέρα
2593 2679 2654 2730 ⁸⁷.

2226 2771 2283 2822 ’(1
2336 2771 2498 2833 αὐτὸς
2555 2769 2807 2837 βασιλεὺς
2862 2767 3139 2840 Στυλιανῷ
3179 2769 3257 2840 τῷ
3290 2771 3725 2843 ὑπερφυεστάτῳ

2145 2863 2432 2934 μαγίστρῳ
2462 2863 2573 2915 τῶν
2611 2861 2769 2914 θείων
2790 2860 3084 2928 ὀφφικίων.

2214 2956 2426 3023 Ὠσπερ
2474 2955 2569 3007 καὶ
2611 2954 2699 3007 ἐπ’
2727 2952 2905 3007 ἀλλων
2958 2952 3229 3006 πλείστων
3267 2953 3481 3020 οὐδενὸς
3514 2956 3721 3011 ἀτόπου

2144 3041 2533 3111 συμϐαίνοντος
2554 3041 2678 3094 οὐδὲ
2689 3042 2802 3105 τοῖς
2825 3039 3115 3110 πράγμασι
3140 3040 3344 3113 βλάϐης
3364 3042 3657 3113 γενομένης
3672 3046 3719 3076 σε

458 3130 983 3192 tur,consuetndini
1031 3132 1327 3196 cessimus,
1382 3133 1519 3203 quin
1580 3143 1634 3188 et
1699 3135 1835 3204 legis
1902 3138 2037 3207 prte-

2143 3132 2368 3203 εἴξαμεν
2422 3134 2490 3203 τῇ
2548 3130 2830 3200 συνηθείᾳ,
2876 3130 3078 3200 μᾶλλον
3124 3131 3182 3183 δὲ
3238 3134 3537 3203 προνόμιον
3580 3135 3719 3205 αὐτῇ

462 3220 766 3286 rogativam
836 3222 910 3276 illi
969 3222 1256 3287 dedimus,
1320 3238 1444 3278 cum
1487 3223 1601 3291 jam
1643 3224 1799 3292 plebs
1846 3242 2040 3283 assue-

460 3310 603 3365 facta
645 3311 722 3365 illi
752 3320 938 3376 esset,
1005 3328 1109 3368 nec
1136 3313 1204 3366 ab
1240 3314 1333 3367 illa
1383 3328 1445 3368 se
1492 3314 1647 3369 avelli
1681 3314 1885 3370 sineret
1916 3334 1929 3370 :
1966 3318 2041 3371 ita

457 3399 626 3456 etiam
696 3401 754 3456 in
823 3410 978 3471 parte
1067 3403 1382 3457 donationis
1472 3412 1698 3473 propter
1765 3405 2039 3475 nuptias,

457 3505 623 3560 quam
674 3493 873 3549 mulier
931 3494 1139 3549 liberos
1194 3494 1440 3560 habens,
1503 3511 1603 3552 nec
1667 3496 1854 3552 animo
1904 3497 2042 3553 aite-

458 3583 539 3639 ris
588 3585 796 3653 nuptiis
861 3586 1122 3654 applicito
1190 3588 1505 3656 sponsalem
1568 3595 1748 3642 torum
1808 3590 2041 3644 commi-

457 3687 620 3728 scens
667 3674 892 3742 accipit,
930 3674 1243 3730 faciendum
1312 3677 1651 3745 putavimus.
1702 3678 1840 3733 Cum
1890 3679 2039 3733 enim

460 3765 744 3833 antiquior
774 3765 993 3837 (49-50)
1041 3767 1127 3822 lex
1182 3767 1234 3823 id
1263 3767 1468 3822 donum
1500 3769 1575 3823 ita
1600 3770 2039 3837 circumscribat,

460 3864 521 3907 ut
567 3855 873 3912 donatione
936 3868 1161 3927 propter
1210 3861 1435 3931 nuptias
1493 3860 1709 3915 mulieri
1761 3860 1815 3915 in
1846 3878 2042 3916 usum-

459 3942 699 4002 l‘rnctum
750 3947 901 4013 data,
964 3948 1054 4003 illa
1138 3962 1334 4019 praeter
1380 3950 1786 4006 usuml'ructum
1836 3967 1902 4006 ex
1942 3967 2038 4005 ca—

454 4039 582 4094 dem
625 4050 852 4111 propter
885 4043 1109 4112 nuptias
1158 4043 1489 4108 donatione,
1519 4044 1686 4099 unius
1732 4043 2038 4099 liberorum

457 4130 767 4200 portionem
800 4124 1153 4202 proprietatis
1195 4133 1321 4202 jure
1350 4134 1532 4202 capiat
1566 4150 1579 4185 :
1607 4148 1669 4188 se
1692 4132 1890 4187 deinde
1915 4148 2039 4201 pos-

457 4220 630 4275 terior
650 4221 765 4291 (51)
791 4221 882 4277 lex
930 4239 1149 4278 rursum
1206 4223 1351 4277 hanc
1374 4223 1542 4278 unius
1576 4222 1878 4277 liberorum
1907 4238 2039 4292 por-

457 4310 662 4365 tionem
689 4327 798 4367 non
826 4328 895 4368 ex
922 4313 1219 4369 donatione
1257 4326 1479 4383 propter
1518 4315 1743 4384 nuptias
1761 4315 2039 4370 duntaxat

452 4399 666 4456 lucrum
683 4403 894 4456 mulieri
908 4403 1141 4460 aﬂ'erre:
1173 4406 1267 4459 sed
1289 4406 1341 4458 in
1367 4405 1477 4458 alia
1508 4405 1673 4459 etiam
1690 4407 1869 4459 mariti
1894 4406 2036 4461 bona

2140 3224 2306 3292 νόμου
2351 3224 2700 3295 παρέσχομεν
2748 3222 2847 3293 ἥδη
2879 3220 2973 3274 τοῦ
3015 3221 3259 3290 πλήθους
3301 3224 3523 3287 οἰκείως
3575 3225 3715 3295 πρὸς

2143 3311 2316 3381 αὐτὴν
2366 3310 2584 3382 ἔχοντος
2614 3310 2711 3365 καὶ
2761 3309 2967 3381 ταύτης
3008 3311 3363 3366 ἀποσπᾶσθαι
3402 3313 3503 3367 οὐκ
3531 3314 3722 3384 ἀνεχοο

2145 3403 2329 3473 μένου,
2352 3402 2496 3456 οὕτω
2548 3405 2643 3456 καὶ
2685 3402 2779 3455 ἐπὶ
2835 3401 2929 3455 τοῦ
2992 3401 3193 3472 μέρους
3240 3404 3341 3474 τῆς
3387 3405 3621 3474 δωρεᾶς,
3652 3405 3723 3477 ἢν

2142 3495 2346 3548 παίδων
2370 3494 2505 3548 οὖσα
2531 3494 2712 3564 μήτηρ
2738 3493 2877 3565 γυνὴ
2900 3494 3189 3563 λαμϐάνει,
3221 3495 3316 3549 καὶ
3337 3494 3412 3567 μὴ
3442 3495 3724 3567 δευτέροις

2141 3587 2345 3656 γάμοις
2386 3585 2700 3656 ἀναγομένη
2742 3585 2841 3651 τὴν
2872 3584 3150 3654 νυμφικὴν
3193 3586 3473 3654 συμφόρει
3505 3585 3719 3654 κοίτην,

2142 3679 2314 3731 ποιεῖν
2357 3676 2700 3747 ἐγνώκαμεν.
2772 3676 3153 3748 ’Λρχαιοτέρου
3228 3677 3338 3748 γὰρ
3392 3677 3559 3747 νόμου
3620 3676 3721 3748 τὴν

2140 3764 2400 3835 τοιαύτην
2427 3764 2637 3834 δωρεὰν
2677 3763 3015 3835 ὁριζομένου,
3051 3765 3127 3827 ὼς
3153 3765 3400 3829 δοθέντος
3447 3763 3543 3821 τοῦ
3593 3766 3724 3819 ὑπο-

2142 3856 2296 3909 ϐὁλου
2339 3857 2419 3914 είς
2450 3855 2644 3925 χρῆσιν
2683 3857 2750 3926 τῇ
2780 3855 3022 3922 γυναικὶ,
3057 3858 3251 3925 μοῖραν
3281 3856 3470 3921 παιδὸς
3514 3858 3633 3921 ἐνὸς
3660 3855 3724 3924 ἐξ

2140 3946 2302 4001 αὐτοῦ
2330 3946 2424 3999 τοῦ
2448 3945 2714 3999 ὑποὸόλου
2741 3947 2884 4000 κατὰ
2924 3946 3242 4001 δεσποτείαν
3276 3948 3413 4002 ἰδίαν
3440 3950 3581 4019 μετὰ
3618 3950 3720 4018 τῆς

2140 4039 2305 4108 ἄλλης
2327 4040 2577 4109 χρήσεως
2605 4038 2704 4109 τὴν
2733 4040 2967 4104 γυναῖκα
2998 4038 3298 4108 λαμϐάνειν
3325 4055 3339 4070 '
3366 4035 3490 4094 εἶτα
3521 4039 3585 4110 δὴ
3616 4058 3716 4109 μευ

2140 4130 2531 4203 ταγενεστέρου
2560 4130 2727 4201 νόμου
2760 4130 2924 4185 πάλιν
2960 4131 3167 4202 ταύτην
3194 4131 3257 4201 δὴ
3284 4131 3385 4202 τὴν
3425 4131 3544 4196 ἑνὸς
3599 4148 3722 4185 παι-

2139 4223 2225 4285 δὸς
2278 4223 2470 4294 μοῖραν
2522 4221 2626 4275 οὐκ
2668 4222 2733 4275 ὲκ
2780 4221 2878 4275 τοῦ
2925 4220 3195 4275 ὑποόόλου
3234 4221 3336 4290 τῆς
3372 4220 3632 4291 γυναικὸς
3656 4222 3719 4274 τὸ

2140 4313 2352 4383 κέρδος,
2380 4312 2517 4366 ἀλλὰ
2556 4312 2653 4365 καὶ
2674 4313 2755 4375 είς
2790 4312 2893 4383 τὴν
2920 4313 3088 4382 ἄλλην
3110 4312 3363 4385 ἀνδρῴαν
3397 4315 3720 4385 περιουσίαν

2139 4403 2342 4474 ταύτην
2372 4405 2569 4476 χωρεῖν
2597 4420 2611 4434 ·
2646 4404 2853 4459 τούτων
2884 4405 2994 4473 γὰρ
3026 4404 3132 4458 ὑπὸ
3160 4405 3270 4457 τῶν
3302 4405 3484 4474 νόμων
3540 4406 3719 4457 διατε-

452 4493 750 4562 procedere
776 4495 923 4547 illam
956 4495 1106 4550 velut.
1141 4496 1236 4550 llis
1269 4498 1339 4549 ita
1367 4512 1464 4566 per
1502 4497 1661 4568 leges
1690 4498 2030 4562 constitutis,

2142 4468 2511 4567 ταγμένωνίή
2573 4495 2830 4565 συνήθεια
2887 4468 3076 4564 μηδενὶ
3132 4494 3242 4547 τῶν
3300 4468 3482 4564 νόμων
3539 4495 3720 4565 ὀρθῶς

451 4584 793 4643 consuetudo
820 4593 1074 4641 neutram
1091 4586 1262 4656 legem
1283 4587 1513 4654 directe,
1531 4587 1625 4643 sed
1642 4590 1840 4658 partim
1867 4588 2029 4652 hanc,

454 4675 654 4754 partim
716 4677 865 4731 illam
901 4691 1163 4746 sequens,
1215 4692 1395 4747 neque
1436 4693 1504 4733 ex
1555 4678 1673 4734 sola
1730 4678 2032 4736 donatione

2137 4588 2396 4658 ἑπομένη,
2418 4587 2531 4640 ἀλλ’
2567 4589 2626 4640 ὲν
2656 4586 2812 4658 μέρει
2848 4587 2945 4655 μὲν
2976 4585 3171 4656 τούτῳ,
3216 4587 3275 4638 ὲν
3303 4587 3461 4657 μέρει
3497 4586 3553 4638 δὲ
3576 4586 3719 4639 ὲκεί-

2140 4699 2237 4753 νῳ,
2265 4678 2391 4733 οὔτε
2424 4681 2489 4733 ὲκ
2519 4679 2681 4751 μόνου
2712 4678 2807 4733 τοῦ
2834 4679 3098 4734 ὑποῦόλου
3134 4678 3232 4752 τὴν
3287 4678 3542 4751 παιδικὴν
3564 4680 3717 4750 ίμοῖ-

1746 4812 1982 4868 νΑιιιιΕ
2025 4812 2432 4871 LECTIONES.

521 4897 572 4976 ’ᾗ
598 4896 716 4976 Ecl.
770 4901 979 4976 rectius
1016 4901 1172 4976 forte
1227 4903 1308 4976 εἰς
1342 4901 1422 4955 τό.
1490 4901 1536 4935 ⁶⁰
1566 4900 1822 4976 Sicﬂiﬂcl.
1880 4906 2072 4976 reliqui
2138 4910 2282 4960 ποιεῖ
2314 4923 2390 4960 τι.
2459 4905 2515 4976 ξι
2550 4903 2663 4959 Ecl.
2697 4905 2973 4974 praemittit
3002 4907 3107 4959 ὅτι.

451 4966 774 5041 ".Scrintg.
817 4973 1181 5043 ἀμφοτέρους,
1221 4973 1405 5043 minus
1435 4981 1599 5028 recte.
1659 4974 1705 5005 “
1740 4974 1853 5028 Ecl.
1889 4975 1965 5043 τῷ
1992 4966 2161 5031 παιδί.

1633 5058 1694 5114 p.
1736 5043 1869 5114 542,
1893 5046 1979 5099 ed.
2014 5046 2172 5101 1587.
2251 5046 2294 5077 ⁸⁷
2320 5044 2376 5098 ln
2413 5043 2603 5114 Zuiclt.
2628 5053 2682 5098 et
2726 5045 2944 5097 Meerm.
2980 5045 3253 5113 adjectum
3288 5052 3412 5099 est:
3449 5045 3718 5114 ἀνῄρηται

451 5045 507 5099 et
534 5047 714 5121 exstat
734 5040 881 5121 apud
905 5040 1227 5121 _l_iarin._lib.
1258 5057 1333 5121 ιν,
1360 5042 1586 5121 _t‘it._l0,

3202 4906 3247 4939 θ’
3294 4904 3407 4959 Ecl.
3464 4920 3577 4961 om.
3627 4906 3716 4959 τό.

2256 4979 2300 5009 ⁸⁵
2335 4976 2407 5028 Ex
2458 4974 2655 5043 Ecloga
2711 4976 2980 5042 adjectum
3011 4985 3122 5029 est.
3197 4976 3243 5007 ⁸⁸
3275 4976 3369 5029 Est
3400 4975 3451 5028 in
3484 4974 3619 5028 Nov.
3648 4976 3717 5029 14

450 5124 578 5175 κεφ.
614 5115 663 5176 γ’
700 5100 799 5178 τῆξ
827 5111 942 5179 ρκζ¹
974 5100 1329 5179 νεαρ5⁸ις,τιῖ›ν⁷
1355 5111 1411 5163 δὲ
1459 5100 1650 5165 Baeti:
1678 5113 1752 5182 βι.
1786 5100 1894 5183 κη’,
1925 5114 2031 5169 τίτ.
2062 5100 2131 5184 ιβ’
2169 5132 2294 5182 κεφ.
2339 5115 2403 5183 β’.
2438 5113 2627 5167 Exstat
2676 5114 2862 5167 eadem
2903 5100 3226 5169 constitutio
3265 5115 3317 5167 in
3352 5116 3474 5168 cod.
3524 5100 3707 5168 tiaris.

452 5175 612 5231 I585.
658 5177 725 5231 A.
771 5193 895 5231 cum
935 5181 1034 5231 hac
1076 5183 1327 5231 rubrica:
1370 5182 1606 5231 περὶτοῦ
1638 5184 1713 5231 μὴ
1767 5183 2039 5231 δευτέροις
2085 5185 2284 5231 γάαοιε
2317 5183 2659 5231 ὁμιλήσασαν
2690 5184 2922 5231 γυναῖκα
2953 5186 2999 5231 εί
3061 5186 3243 5231 μήτηρ
3287 5184 3478 5231 γέγονε
3509 5183 3707 5231 παίδων

452 5177 612 5237 1585,
658 5177 725 5242 A,
757 5177 895 5233 ﬁcum
935 5181 1034 5233 hac
1076 5177 1327 5235 rubrica:
1370 5182 1606 5247 περὶτοῦ
1638 5177 1714 5251 μὴ
1767 5177 2039 5255 δευτέροις
2085 5177 2284 5254 ἶγάμοις
2317 5177 2659 5253 ὁμιλήσασαν
2690 5184 2922 5251 γυναῖκα
2953 5186 2999 5236 εἰ
3060 5186 3243 5253 μήτηρ
3287 5184 3478 5251 γέγονε
3509 5183 3717 5236 παίδων

454 5247 859 5327 spnden-cun”);
877 5250 974 5327 τοῦ
999 5251 1189 5327 ἀνδρὸς
1215 5254 1532 5319 περιουσίας
1575 5252 1763 5316 παιδὸς
1822 5254 1939 5315 ἐνὸς
1995 5256 2187 5325 μοῖραν
2228 5255 2369 5307 κατὰ
2404 5252 2718 5306 δεσποτείαν
2752 5253 2887 5306 ἰδίαν
2926 5253 3270 5325 κομίζεσθαι,
3309 5254 3511 5324 ὁμοίως
3548 5253 3643 5307 καὶ
3684 5254 3718 5306 ὁ

454 5317 611 5389 ἁνήρ.
669 5318 716 5351 ⁸⁸
739 5316 931 5373 Ζιιίοὶι.
963 5327 1020 5375 et
1053 5316 1348 5376 Meermab.

2000 5414 2235 5472 NOTAE.

524 5499 640 5569 (ιδ,
668 5502 823 5559 Adde
851 5501 989 5559 Nov.
1022 5504 1113 5569 85,
1135 5502 1187 5559 J.
1215 5504 1337 5559 eod.
1370 5503 1507 5559 Nov.
1528 5504 1728 5561 lustio.
1750 5505 1873 5567 127,
1902 5521 1953 5560 c.
1980 5507 2034 5561 '5.

524 5570 739 5640 (49-50)
769 5574 959 5629 Mulier
980 5575 1170 5644 primis
1188 5577 1391 5642 nuptiis
1410 5585 1689 5641 contenta,
1720 5577 2036 5631 donationis

457 5650 680 5723 propter
711 5644 937 5723 nuptias
981 5645 1386 5723 usumlruetnm
1416 5647 1598 5723 liabet
1632 5657 1747 5723 :-c_t_
1763 5660 2025 5723 praeterea

459 5709 668 5769 virilem
704 5709 1077 5780 proprietatis,
1111 5715 1164 5767 itt
1194 5716 1378 5770 eadem
1410 5715 1618 5772 Novell.
1650 5709 1778 5787 127.,
1805 5733 1925 5789 cap.
1957 5716 2008 5772 '5.

2217 5506 2327 5577 (5i)
2370 5505 2565 5561 Mulier
2595 5520 2721 5579 _non
2770 5506 3047 5561 transiens
3071 5508 3445 5579 adsecundas
3493 5508 3718 5579 nuptias

2146 5576 2360 5631 tantum
2423 5576 2828 5631 ustnnl‘ructum
2886 5585 2942 5631 et
2987 5578 3344 5646 pr0prietatis
3410 5576 3620 5632 virilem
3656 5579 3717 5635 in

2144 5649 2309 5701 rebus
2366 5646 2586 5702 donatis
2636 5653 2855 5717 propter
2904 5647 3121 5714 nuptias
3162 5649 3566 5717 consequitur:
3618 5650 3720 5705 sed

2126 5716 2180 5773 iu
2213 5716 2336 5775 aliis
2364 5718 2529 5774 rebus
2560 5715 2746 5774 mariti
2777 5717 2989 5771 virilem
3020 5717 3189 5771 etiam
3225 5715 3401 5774 habet.
