4048 6442
487 374 596 443 475
1684 379 1963 441 LEONIS
1987 378 2083 438 ΡΗ

2188 377 2453 438 DSOPHl
3662 376 3761 436 476

490 491 563 546 At
592 488 718 559 quia
756 495 888 544 sunt
909 503 1050 557 quos
1079 487 1231 544 ferox
1255 488 1588 559 iniquusque
1607 489 1828 545 animus
1858 505 1890 544 e
1919 495 2070 544 recta

2188 487 2373 546 ιὺτοὺς
2431 483 2576 558 χειρὶ
2633 483 2854 554 βαρείᾳ.
2894 480 3049 534 Ἐπεὶ
3083 481 3130 535 δ’
3162 479 3333 543 ἔστιν,
3377 478 3474 541 οὒς
3511 479 3544 549 ἠ
3592 479 3758 548 βίαιος

493 587 889 649 praeceptorum
928 581 1126 634 semita
1161 582 1508 644 exorbitans,
1541 583 1594 636 in
1638 599 1952 652 perversam
1987 590 2076 653 ty-

2188 579 2277 632 καὶ
2333 579 2517 641 ἄδικος
2564 577 2758 647 γνώμη
2819 575 2920 645 τῆς
2967 573 3186 636 εὐθείας
3222 572 3536 642 ἐκφέρουσα
3575 570 3758 639 τρίϐου

493 671 888 738 rannicamque
925 671 1281 738 cupiditatem
1313 672 1490 736 ducit,
1522 683 1576 728 et
1606 689 1704 743 pro
1763 675 2081 744 reipublicae

493 774 624 814 cura
663 757 873 813 etl'erati
914 760 1085 814 animi
1121 761 1462 830 propositum
1490 763 1751 817 exhibere
1778 764 1927 826 facit,
1960 773 2081 818 tan-

492 864 654 916 quam
717 849 841 904 illos
895 849 1236 905 refrenatura
1278 852 1362 906 lex
1397 853 1509 923 (59)
1557 863 1715 908 vetus
1763 855 1976 916 statuit,
2013 870 2082 910 ne

504 938 766 1007 praesides
797 939 851 992 in
877 940 993 994 suis
1036 941 1336 1008 provinciis
1373 951 1692 997 contractus
1720 953 1775 997 et
1803 944 2082 1013 sponsalia

494 1027 718 1082 ineundi
761 1029 1078 1086 facultatem
1140 1033 1432 1087 haberent.
1467 1035 1648 1102 Atque
1681 1035 1820 1088 hanc
1858 1033 2079 1104 quidem

489 1116 634 1187 juris
694 1121 965 1177 rationem
1017 1137 1144 1177 cum
1176 1124 1229 1177 in
1263 1123 1414 1189 ﬁliis,
1488 1126 1803 1195 nepotibus,
1858 1136 1914 1180 et
1958 1126 2082 1182 aliis

493 1211 898 1278 constituisset,
938 1213 1174 1270 ﬁliarum
1209 1215 1574 1272 elocationem
1618 1233 1729 1272 non
1779 1217 2080 1288 prohibuit.

571 1491 686 1546 Hoc
717 1492 886 1560 igitur
921 1507 1023 1549 nos
1059 1502 1318 1562 tanquam
1359 1494 1508 1564 quod
1543 1495 1684 1550 desit
1717 1495 1829 1567 (60)
1862 1498 2084 1565 optima:

500 1583 605 1653 legi
674 1583 1017 1653 adjicientes,
1079 1587 1397 1650 statuimus,
1436 1595 1496 1639 ut
1528 1588 1728 1656 quibus
1757 1589 2084 1656 prtesidatus

497 1674 746 1739 obvenit,
769 1676 1230 1744 quemadmodum
1264 1677 1406 1732 ﬁlios
1436 1678 1682 1747 aliosque
1715 1677 1886 1732 virilis
1917 1693 2084 1733 sexus

498 1774 765 1833 cognatos
790 1775 844 1820 et
868 1765 1226 1831 domesticos,
1282 1768 1355 1822 ita
1396 1784 1617 1838 quoque
1647 1769 1788 1824 ﬁlias
1837 1770 2083 1839 aliasque

498 1853 748 1910 feminini
817 1872 982 1912 sexus
1015 1874 1305 1926 personas,
1351 1860 1405 1913 in
1433 1861 1551 1915 suis
1609 1861 1816 1930 quique
1858 1862 2083 1928 provin-

497 1946 675 2000 ciisin
711 1948 1119 2004 matrimonium
1154 1951 1430 2006 collocare
1477 1952 1893 2021 prohibeantur.
1937 1951 2080 2018 Quid

496 2039 641 2092 enim
671 2054 853 2095 causa:
883 2048 969 2096 est
1025 2057 1199 2111 quare
1221 2042 1386 2107 ﬁlius,
1420 2051 1472 2097 et
1501 2044 1545 2098 si
1579 2043 1705 2112 quis
1731 2045 1877 2098 alius
1905 2043 2083 2098 virilis

499 2144 668 2185 sexus
699 2137 805 2194 est,
870 2131 1094 2188 decreto
1153 2135 1428 2188 obnoxius
1466 2136 1560 2200 sit,
1588 2134 1697 2188 ﬁlia
1729 2151 1859 2190 vero
1881 2151 1911 2190 a
1948 2137 2084 2206 legis

496 2221 880 2277 observatione
931 2223 1108 2279 libera
1163 2226 1521 2294 permaneat?
1589 2241 1714 2280 cum
1779 2229 2082 2296 praesertim

497 2311 674 2364 virilis
699 2327 863 2368 sexus
891 2329 1270 2382 saepenumero
1301 2316 1491 2372 multis
1518 2324 1572 2371 et
1593 2316 1769 2372 modis
1795 2325 1848 2372 et
1870 2318 2084 2371 exerci-

500 2402 598 2456 tiis
639 2403 766 2468 sibi,
791 2406 1009 2476 coniugi
1049 2409 1303 2477 aliisque,
1334 2423 1474 2477 quos
1506 2408 1739 2464 afﬁnitas
1773 2409 2083 2477 conjunxit,

505 2492 658 2547 utilis
683 2508 808 2548 esse
868 2497 1063 2564 possit.
1106 2495 1238 2549 Nam
1267 2497 1564 2565 dignitates
1598 2497 1835 2553 fortasse
1885 2513 2084 2554 conse-

505 2588 690 2645 cutus,
723 2590 817 2636 aut
861 2588 1400 2658 mercaturaaaliqua
1450 2588 1720 2654 instituta,
1769 2590 1943 2646 aliave
1983 2608 2082 2647 su-

503 2673 805 2728 stentandae
845 2676 968 2731 vitm
1012 2694 1144 2732 cura
1197 2691 1469 2749 suscepta,
1534 2696 1709 2748 neque
1761 2683 1863 2736 sibi
1925 2684 2085 2752 (quo-

504 2761 669 2816 modo
705 2764 841 2834 dixi)
873 2782 1051 2836 neque
1084 2769 1208 2824 aliis
1249 2772 1572 2840 propinquis
1625 2772 1834 2828 inutilis
1895 2774 2082 2830 fuerit.

501 2847 636 2915 Quae
663 2860 722 2906 ut
743 2854 1032 2911 muliebris
1091 2872 1256 2912 sexus
1291 2860 1506 2924 subeat,
1568 2875 1678 2914 non
1710 2862 1825 2918 fere
1854 2862 2085 2918 idoneus

501 2946 609 2994 est.

937 3033 1407 3092 CONSTITUTIO
1451 3037 1642 3094 XXIV.

2180 670 2291 722 τῶν
2315 671 2546 723 ἐντολῶν
2577 669 2698 737 ἄγει
2728 669 2809 728 είς
2840 669 2938 738 τὴν
2967 665 3417 735 διεστραμμένην
3451 664 3546 717 καὶ
3567 680 3762 732 τυραν-

2182 761 2338 830 νικὴν
2367 761 2703 824 πλεονεξίαν,
2728 760 2823 810 καὶ
2865 759 2987 811 ἀντὶ
3046 756 3304 827 προνοίας
3367 755 3604 826 ἀρχικῆς
3646 755 3762 808 ἐπι-

2181 853 2496 906 δείκνυσθαι
2537 850 2950 920 παρασκευάζει
3005 847 3103 918 τὴν
3161 846 3342 916 βιαίαν
3391 847 3758 916 προαίρεσιν,

2183 943 2370 1016 ὥσπερ
2399 943 2764 1013 άναχαιτίζων
2795 941 3025 1003 παλαιὸς
3059 938 3316 1001 ἐθέσπιζε
3342 939 3506 1007 νόμος
3538 939 3663 1001 τοὺς
3705 940 3761 992 ἐν

2184 1035 2390 1105 ἑκάστῃ
2446 1033 2686 1104 ἐπαρχίᾳ
2743 1031 3184 1101 ἠγεμονεύοντας
3231 1029 3305 1098 μὴ
3365 1028 3510 1097 ἔχειν
3579 1029 3765 1082 ἄδειαν

2187 1123 2612 1192 συναλλάγματα
2638 1122 2732 1175 καὶ
2758 1120 3058 1190 μνηστείας
3093 1122 3289 1180 ποιεῖν,
3327 1117 3425 1170 καὶ
3464 1117 3562 1188 τὴν
3607 1117 3765 1187 ἀκρί-

2186 1216 2339 1268 ϐειαν
2367 1215 2578 1284 ταύτην
2614 1212 2708 1266 ἐπὶ
2735 1212 2866 1265 υίῶν
2899 1212 2993 1265 καὶ
3020 1210 3261 1278 ἐγγόνων
3313 1210 3409 1261 καὶ
3444 1207 3555 1259 τῶν
3593 1207 3766 1260 ἄλλων

2184 1309 2514 1379 ὁρισάμενος
2567 1305 2816 1377 ἀρρένων
2853 1301 3160 1370 συγγενῶν,
3195 1299 3516 1368 θυγατέρων
3561 1297 3772 1351 ἔκδοσιν

2187 1403 2288 1456 οὐκ
2322 1401 2593 1454 ἐκώλυσε.

2277 1494 2449 1547 Τοῦτο
2499 1491 2593 1546 οὖν
2655 1493 2731 1553 ὡς
2783 1491 3032 1543 ἐλλεῖπον
3088 1490 3156 1558 τῇ
3219 1487 3418 1558 ἀρίστῃ
3477 1484 3772 1554 νομοθεσίᾳ

2189 1588 2587 1657 προστιθέντες
2623 1587 2784 1655 ἡμεῖς
2837 1582 3190 1652 θεσπίζομεν,
3216 1581 3408 1650 ὥσπερ
3437 1581 3571 1642 τοὺς
3617 1578 3766 1640 υἱοὺς

2188 1679 2442 1740 καὶτοὺς
2473 1677 2668 1738 ἀλλους
2705 1676 2943 1748 ἀρῤενας
3006 1674 3292 1740 συγγενεῖς
3345 1672 3442 1724 καὶ
3498 1668 3772 1731 οἰκείους,

2188 1769 2331 1823 οὓτω
2350 1769 2446 1821 καὶ
2473 1767 2782 1837 θυγατέρας
2806 1767 2899 1818 καὶ
2933 1765 3000 1817 τά
3034 1762 3168 1817 ἄλλα
3190 1760 3285 1814 τοῦ
3323 1760 3526 1830 θήλεος
3571 1759 3776 1829 μέρους

2187 1862 2458 1929 πρόσωπα
2484 1857 2594 1909 τῶν
2632 1859 2689 1908 ἐν
2723 1855 2930 1923 ἑκάστῃ
2979 1852 3220 1922 ἐπαρχίᾳ
3272 1848 3650 1918 διαλαχόντων
3679 1847 3780 1915 ἀρ-

2186 1967 2302 2020 χειν
2359 1950 2437 2010 είς
2491 1945 2791 2016 μνηστείαν
2820 1944 3018 1997 διδόναι
3060 1940 3388 1995 κωλύεσθαι.
3429 1939 3532 1992 Διά
3569 1940 3624 1992 τί
3665 1937 3775 2005 γὰρ

2185 2043 2298 2102 υίὸς
2332 2040 2432 2109 μὲν
2468 2039 2561 2093 καὶ
2599 2038 2652 2091 εί
2693 2053 2778 2100 τις
2810 2036 2998 2106 ἕτερος
3028 2034 3137 2086 τῶν
3167 2033 3414 2104 ἀρρένων
3463 2028 3778 2100 προσώπων

2185 2130 2539 2183 ὑποκείσεται
2593 2126 2671 2197 τῷ
2712 2126 3056 2197 ψηφίσματι,
3083 2123 3337 2193 θυγάτηρ
3387 2121 3444 2174 δὲ
3479 2120 3574 2174 τοῦ
3606 2119 3775 2188 νόμου

2186 2221 2455 2290 κρείττων
2508 2218 2787 2289 διαμενεϊ;
2854 2217 3032 2270 καίτοι
3068 2214 3332 2270 πολλάκις
3391 2211 3490 2266 τοῦ
3539 2211 3775 2282 ἄρρενος

2189 2315 2387 2382 μέρους
2413 2312 2624 2375 πολλοῖς
2640 2313 2735 2365 καὶ
2758 2310 2980 2381 τρόποις
3006 2310 3101 2362 καὶ
3129 2305 3564 2377 ἐπιτηδεύμασιν
3589 2300 3775 2366 ἐαυτῷ

2185 2421 2246 2457 τε
2265 2405 2360 2457 καὶ
2372 2407 2437 2474 τῇ
2483 2421 2548 2472 με
2558 2401 2940 2472 μνηστευμένῃ
2957 2400 3052 2452 καὶ⁵
3076 2401 3187 2461 τοῖς
3207 2397 3384 2458 ἀλλοις
3405 2397 3448 2426 ⁷⁸
3480 2393 3574 2456 οὓς
3607 2395 3641 2462 ὴ
3674 2409 3780 2460 κη-

2187 2496 2306 2549 δεία
2329 2493 2536 2563 συνῆψε
2559 2491 2862 2562 δυναμένου
2884 2490 3158 2560 χρησίμου
3187 2487 3463 2555 γενέσθαι.
3485 2485 3645 2552 Τάχα
3667 2483 3780 2548 γὰρ

2188 2587 2220 2655 ἢ
2256 2585 2565 2655 ἀξιώματος
2603 2580 2973 2644 ἐπιδατεύσας
3012 2581 3045 2650 ἢ
3087 2579 3362 2648 ἐμπορίαν
3391 2577 3513 2629 τινὰ
3571 2572 3780 2644 μετιὼν

2186 2677 2220 2746 ἢ
2250 2677 2424 2739 ἄλλως
2453 2675 2548 2728 τοῦ
2573 2675 2776 2728 οἰκείου
2817 2672 2934 2738 βίου
2963 2670 3289 2740 ἐπιμέλειαν
3321 2665 3635 2729 ἀναλαϐὼν,
3661 2665 3776 2718 ὥσ-

2188 2784 2294 2836 περ
2345 2767 2504 2835 ἔφην,
2554 2763 2673 2817 οὗθ’
2715 2761 2896 2830 ἐαυτῷ
2965 2759 3090 2813 οὔτε
3141 2762 3256 2822 τοῖς
3304 2759 3488 2820 ἄλλοις
3539 2754 3776 2815 οἰκείοις

2189 2858 2494 2928 άχρήσιμός
2520 2859 2698 2920 ἐστιν,
2723 2852 2798 2909 ὧν
2820 2854 2973 2908 οὐδὲν
2993 2852 3055 2906 τὸ
3080 2851 3213 2922 θῆλυ
3233 2848 3598 2922 μετέρχεσθαι
3623 2846 3785 2915 γένος

2186 2949 2263 3012 ὡς
2283 2949 2352 3002 τὰ
2386 2947 2556 3001 πολλὰ
2582 2947 2908 3017 ἐπιτηδείως
2927 2946 3066 3014 ἔχει.

2735 3036 3049 3090 ΔΙΑΤΑΞΙΣ
3087 3037 3209 3087 ΚΔ’.

506 3117 590 3174 Ne
618 3120 719 3191 ﬁlii
745 3128 1018 3182 naturales
1049 3146 1167 3182 cum
1221 3130 1476 3209 adoptivis
1513 3135 1915 3191 matrimonium
1957 3154 2081 3192 cen-

2188 3134 2325 3203 Hspl
2349 3134 2458 3189 τοῦ
2480 3133 2568 3205 μὴ
2603 3134 2814 3205 γαμεῖν
2839 3133 2910 3187 τὰ
2933 3132 3117 3186 τέκνα
3145 3130 3218 3183 τὰ
3257 3129 3488 3199 φυσικὰ
3509 3127 3595 3194 ξτὰ
3618 3123 3781 3179 θετά.

1168 3202 1403 3257 trahant.

573 3283 721 3341 Idem
746 3287 1041 3356 imperator
1074 3291 1248 3346 eidem
1282 3293 1551 3364 Styliano.

576 3374 753 3442 Multi,
777 3376 906 3431 dum
936 3378 1116 3448 prisca
1138 3381 1346 3451 (ﬁl-6‘2)
1379 3393 1623 3455 tempora
1650 3386 1905 3441 laudibus
1942 3387 2083 3441 cele-

505 3466 689 3535 brant,
748 3469 924 3540 prima
981 3471 1088 3526 illis
1117 3473 1168 3526 in
1191 3473 1516 3531 ordinaudis
1571 3477 2084 3547 constituendisque

505 3559 672 3614 rebus
729 3561 971 3617 tribuere
1027 3564 1234 3618 volunt.
1264 3566 1443 3635 Atque
1469 3569 1560 3622 illa
1592 3569 1646 3623 in
1675 3570 1955 3640 plerisque
1996 3586 2084 3625 re-

506 3654 751 3707 centiora
801 3655 1044 3721 vincere,
1111 3658 1230 3711 scio
1254 3658 1472 3726 quidem
1514 3670 1569 3714 et
1601 3675 1703 3732 ego
1745 3679 1760 3717 :
1801 3673 2085 3717 verumta-

509 3757 635 3797 men
681 3743 734 3797 in
774 3746 1053 3803 nonnullis
1119 3748 1263 3801 vinci
1330 3752 1492 3802 etiam
1523 3750 1698 3806 video.
1731 3750 1945 3806 Etcum
1975 3769 2083 3807 non

508 3847 682 3902 pauca
741 3834 873 3900 sint,
931 3835 985 3890 in
1051 3837 1250 3907 quibus
1296 3853 1325 3890 a
1368 3841 1770 3897 recentioribus
1820 3845 2086 3914 tempori-

509 3923 612 3978 bus
643 3924 731 3978 illa
764 3937 1113 3995 superentur,
1150 3937 1262 3983 tum
1288 3946 1418 3986 vero
1457 3933 1690 3988 maxime
1732 3934 1787 3988 in
1839 3935 2088 4005 adoptio-

510 4015 674 4073 nibus
713 4017 766 4071 id
804 4018 916 4074 ﬁeri
953 4022 1296 4091 conspicitur
1333 4040 1348 4078 :
1387 4040 1526 4094 quas
1573 4026 1695 4080 illas
1756 4029 2082 4098 adoptiones

509 4110 825 4178 neutiquam
873 4110 1087 4168 decenti
1141 4130 1264 4170 cum
1297 4116 1404 4169 ritu
1432 4128 1485 4171 et
1526 4127 1725 4172 ornatu
1784 4119 2084 4185 faciebant,

509 4195 638 4250 dum
680 4197 816 4251 citra
853 4198 1061 4271 (63-64)
1106 4201 1349 4258 divinum
1383 4206 1712 4260 sacriﬁcium
1767 4209 2087 4279 divinosque

507 4293 701 4340 cantus
735 4284 1001 4341 faciebant
1041 4307 1055 4343 :
1087 4298 1142 4344 et
1175 4292 1268 4361 qui
1311 4295 1556 4363 adoptari
1627 4297 1845 4365 vellent,
1877 4299 1930 4353 id
1978 4300 2088 4355 illis

509 4376 830 4444 simpliciter
858 4379 972 4433 ﬁeri
1002 4382 1088 4436 lex
1111 4384 1483 4452 permittebat.
1521 4384 1679 4442 Unde
1723 4391 2087 4447 usuveniebat

509 4479 766 4534 persaepe,
795 4475 854 4521 ut
884 4468 996 4538 (65)
1037 4474 1246 4527 sororis
1276 4474 1570 4543 appellatio
1602 4477 1657 4531 in
1683 4480 1871 4535 uxoris
1900 4489 2086 4537 trans-

2267 3305 2325 3357 Ὀ
2355 3305 2514 3368 αὐτὸς
2543 3307 2796 3376 βασιλεὺς
2829 3307 2906 3376 τῷ
2935 3307 3082 3376 αὑτῷ
3112 3304 3408 3374 Στυλιανῷ.

2256 3398 2450 3450 Πολλοὶ
2494 3399 2586 3451 τὸν
2637 3398 3008 3469 πρεσϐύτερον
3061 3399 3251 3467 χρόνον
3306 3391 3788 3466 ἀποσεμνύνοντες

2188 3489 2468 3559 βούλονται
2509 3491 2776 3559 πρεσϐεῖα
2805 3492 2993 3559 νέμειν
3039 3491 3188 3561 αὑτῷ
3222 3490 3322 3558 τῆς
3363 3491 3477 3544 τῶν
3516 3483 3786 3557 πραγμά-

2185 3599 2292 3634 των
2334 3581 2543 3645 τάξεώς
2583 3600 2643 3636 τε
2679 3583 2774 3636 καὶ
2808 3584 3191 3646 καταστάσεως
3217 3598 3232 3614 ’
3273 3579 3385 3649 ἐγὼ
3425 3581 3486 3634 δὲ
3531 3575 3653 3631 οῖδα
3688 3571 3789 3643 μὲν

2186 3671 2348 3724 αὐτὸν
2374 3670 2468 3724 τοῦ
2507 3672 2775 3742 νεωτέρου
2801 3673 2996 3741 χρόνου
3027 3674 3251 3738 κρατεῖν
3279 3672 3337 3722 ἐν
3372 3669 3662 3727 πλείστοις
3681 3701 3698 3726 .
3725 3660 3787 3713 οὗ

2191 3762 2296 3832 μὴν
2337 3762 2476 3816 ἀλλὰ
2509 3763 2902 3832 ἐλαττούμενον
2946 3763 3003 3817 ἐν
3046 3781 3158 3816 τισι
3195 3762 3443 3831 καθορῶ.
3482 3761 3702 3811 Ὄντων
3733 3749 3792 3802 δὲ

2187 3850 2285 3902 οὐκ
2309 3851 2504 3918 ὀλίγων
2533 3854 2591 3904 ἐν
2615 3851 2696 3916 οἷς
2727 3853 2831 3906 ὑπὸ
2854 3852 2946 3906 τοῦ
2983 3852 3251 3922 νεωτέρου
3279 3843 3790 3920 παρευδοκιμεῖται

2189 3941 2404 4010 χρόνον,
2458 3943 2694 4011 μάλιστα
2742 3943 2800 3994 ἐν
2839 3943 2918 4012 τῷ
2952 3943 3106 4013 μέρει
3160 3941 3269 3994 τῶν
3300 3937 3597 3993 υίοθεσιῶν
3633 3927 3793 3984 τοῦτο

2189 4032 2414 4100 πάσχων
2455 4034 2673 4103 ὁρᾶται,
2715 4033 2782 4097 ἃς
2826 4034 3144 4087 παντάπασι
3199 4032 3275 4101 μὴ
3320 4031 3473 4085 κατὰ
3506 4025 3792 4098 πρέποντα

2189 4122 2394 4192 κόσμον
2421 4126 2586 4188 ποιεῖ,
2623 4125 2752 4178 ἄνευ
2796 4125 3020 4193 τελετῆς
3049 4124 3202 4186 θείας
3239 4123 3336 4176 καὶ
3368 4120 3543 4193 ἱερῶν
3576 4111 3734 4186 ᾠδῶν
3753 4107 3794 4138 ”

2189 4214 2395 4278 ταύτας
2453 4216 2815 4287 ποιούμενος,
2870 4217 2983 4271 ἀλλ’
3021 4217 3208 4279 ἁπλῶς
3263 4216 3380 4278 τοῖς
3441 4205 3794 4284 βουλομένοις

2189 4305 2551 4360 υἱοθετείσοαι
2596 4308 2760 4377 μόνον
2793 4307 3029 4369 διδόντος
3060 4306 3152 4360 τοῦ
3186 4307 3382 4375 νόμου.
3428 4303 3522 4370 Ἐξ
3558 4293 3621 4352 οὗ
3655 4309 3794 4362 συμ-

2191 4399 2363 4453 ϐαίνει
2407 4399 2668 4463 πολλάκις
2719 4401 2820 4472 τὴν
2868 4400 3103 4471 ἀδελφὴν
3152 4399 3370 4489 κλῆσιν,
3411 4399 3498 4459 εἰς
3556 4383 3792 4489 γαμιὲξῖ

2192 4488 2551 4556 μεταπίπτειν
2587 4489 2793 4560 σχῆμα,
2827 4491 2921 4541 καὶ
2957 4491 2991 4558 ἡ
3025 4487 3163 4550 τέως
3189 4489 3246 4539 ὲν
3273 4484 3318 4516 ⁷⁸
3347 4478 3640 4552 Θυγατρδς
3667 4478 3796 4560 om?

507 4557 632 4624 iret,
650 4568 704 4614 et
733 4575 854 4631 qua:
887 4562 1065 4630 puella
1103 4564 1267 4632 paulo
1294 4573 1424 4620 ante
1457 4567 1568 4622 ﬁlia
1601 4569 1745 4624 dicta
1777 4580 1946 4640 esset,
1977 4589 2082 4628 nu-

2189 4580 2326 4652 κάρη
2356 4581 2435 4642 εἰς
2471 4580 2570 4651 τὴν
2606 4557 2885 4651 νυμφικὴν
2921 4557 3266 4651 μετετίθετο,
3301 4576 3336 4647 ἢ
3378 4575 3499 4637 υἱὸς
3539 4567 3670 4624 ἀντὶ
3701 4557 3791 4614 τοῦ

1800 4731 2040 4788 νΑιιιΑι
2076 4734 2479 4793 LECTIONES.

580 4865 627 4942 ’ξε
656 4864 834 4942 ἄλλοις
884 4865 938 4919 in
987 4863 1102 4919 Ecl.
1143 4864 1319 4920 abest.
1376 4865 1533 4921 "Sic
1584 4865 1726 4922 bene
1775 4869 2015 4925 correxit
2065 4867 2423 4942 Stephanus;
2461 4870 2622 4927 codd.
2663 4870 2887 4925 ὠδίνων.

511 4933 698 5002 ligitur
730 4935 943 5005 κλήσει.

2999 4870 3045 4903 ⁷³
3077 4870 3312 4940 Scrimg.
3344 4872 3434 4924 ἐκ.
3489 4852 3797 4919 Subintel-

2011 5032 2245 5092 NOTAE.

578 5161 691 5245 (59)
858 5178 954 5217 un.
981 5161 1042 5219 C.
1089 5164 1135 5221 si
1170 5174 1350 5222 rector
1396 5165 1691 5237 provincia:
1730 5167 1813 5222 vel
1864 5167 1930 5222 ad
1959 5184 2084 5224 eum

511 5242 804 5303 pertinent.

582 5300 698 5379 (60)
719 5301 967 5379 Qu_od__de
997 5305 1108 5360 ﬁlio
1136 5307 1500 5379 constitutum
1529 5306 1695 5362 fuerit
1717 5307 1770 5360 in
1797 5306 1944 5361 dicta
1968 5308 2086 5379 lege

513 5375 700 5433 unica.
743 5373 808 5425 ad
845 5373 982 5427 ﬁlias
1007 5377 1338 5432 extenditur.

587 5441 976 5514 (6t-62)Etiam
1031 5453 1152 5514 post
1189 5447 1508 5502 dissolutam
1569 5446 1916 5514 adoptionem
1977 5466 1991 5502 :
2035 5460 2089 5503 et

511 5512 810 5583 italexij,
837 5513 892 5583 tl.
923 5512 997 5570 De
1033 5512 1141 5570 ritu
1176 5517 1489 5583 nuptiarum
1521 5512 1834 5583 abrogatur.

584 5581 795 5654 (6376‘)
821 5582 1206 5654 Ἀνευτελετῆς

518 5729 605 5790 res
632 5717 768 5769 citra
788 5719 1031 5790 divinum
1062 5717 1391 5778 sacriﬁcium
1413 5717 1703 5780 'etdivinos
1725 5736 1918 5790 cantus
1949 5727 2084 5780 ado-

519 5785 758 5840 ptionem
789 5787 1080 5845 faciebant.
1114 5793 1269 5854 Quod
1293 5795 1547 5851 emendat
1578 5794 1684 5852 Leo
1710 5795 1809 5850 hac
1838 5785 2082 5852 Novella.

1283 5585 1421 5661 είας,
1471 5585 1564 5661 καὶ
1600 5585 1760 5661 ἱερῶν
1794 5586 1975 5661 ςξξδῶν,
2009 5595 2094 5642 est
2205 5585 2370 5646 filiam
2424 5607 2600 5646 meam
2651 5591 2959 5661 adoptivatn
3025 5590 3310 5661 dttce‘rep

513 5651 754 5724 enim‘ita
782 5650 1066 5724 legendum
1089 5650 1186 5724 pro
1199 5655 1424 5720 ὠδίνων,
1444 5656 1582 5708 adde
1600 5650 1732 5710 Nov.
1787 5650 1875 5710 8'9.
1931 5650 2093 5711 Vete-

2266 5173 2380 5244 (65)
2434 5171 2506 5263 ‘Si
2539 5171 2705 5263 _inter
2764 5171 3053 5263 adoptivos
3101 5157 3795 5263 Pgl‘mllllln[Atil-:llt'tﬂtg;

2198 5230 2450 5299 necesse?
2473 5242 2579 5334 Erit
2608 5250 2668 5334 u‘t
2699 5257 2819 5310 quae
2860 5230 3394 5334 antea'mihiJsorot'ﬂ
3638 5230 3764 5334 :02?

2195 5328 2319 5401 esse
2350 5313 2581 5401 possit;
2598 5321 2658 5366 ut
2680 5300 2803 5380 quae
2833 5300 3791 5401 mihiOﬁlliaAmloptivla‘lltg‘t‘ilzggig

2196 5368 2419 5470 modan
2449 5382 2584 5436 mihi
2617 5368 2788 5470 nurus
2814 5383 2919 5436 sit:
2946 5383 2992 5470 si
3025 5381 3134 5470 ﬁlio
3152 5368 3274 5434 meo
3307 5368 3793 5470 a‘doglig‘mfag:

2204 5453 2390 5539 ίίιίξιρξ.
2428 5467 2654 5539 υκοτρηι
2705 5441 3794 5539 ιιεείξοεεξ[δεθείς.,ενξρέξιέίυῗὲἔέἓιἒῖ

2203 5523 2294 5592 qui
2319 5521 2462 5576 ﬁlius
2491 5507 2651 5576 antea
2683 5523 2811 5575 mihi
2853 5523 3041 5584 fuerit,
3063 5507 3203 5574 idem
3245 5516 3383 5572 mihi
3410 5507 3488 5592 sit
3519 5507 3794 5611 generi):

2205 5592 2369 5628 ﬁlias“
2424 5607 2599 5628 mnam
2651 5591 2959 5628 qdnnoiuam
3025 5590 3228 5628 dtur-aro
3276 5579 3663 5628 normtllalllr-

3311 5596 3608 5642 ermtllaul
3620 5596 3663 5643 ιε

2201 5632 2386 5716 ἕὶιῖἕὶιὶ
2420 5632 2998 5716 ἔύἒῖίὲὶιει““ιῖ‹¹ἷιῖὶειιιὶἱιι
3041 5632 3305 5715 confusior
3326 5672 3342 5723 ;
3394 5657 3531 5718 ergo
3565 5643 3620 5694 et
3643 5632 3794 5684 ιιιιετ

2200 5733 2393 5790 fratres
2412 5731 2696 5803 adoptivos
2725 5731 2944 5799 nuptite.
