4048 6442
333 396 437 458 47⁸1

1398 392 1765 456 NOVELL/E
1804 389 2482 453 CONSTITUTIONES.
3497 395 3604 460 ἀτη

332 503 476 560 εἶναι
499 502 659 557 τοῦτο
676 503 720 535 ⁷⁸
741 501 988 573 γαμϐρὸς
1013 502 1364 574 ὲγνωρίζετο,
1386 505 1655 573 γαμικαϊς
1676 501 1918 573 ὁμιλίαις

2023 514 2122 554 rus
2153 501 2377 554 nomine
2427 475 2874 568 compellaretur,
2906 499 3161 556 autﬁlius
3194 501 3476 571 quiesset,
3506 520 3607 573 pro

333 593 727 667 ἁρμοζομένων
759 595 854 646 τοῦ
886 612 944 646 τε
977 594 1136 662 φύσει
1169 595 1357 656 παιδὸς
1395 595 1489 646 καὶ
1515 594 1574 645 ὃν
1615 595 1649 663 ἡ
1682 593 1926 646 υἱοθεσία
1968 631 1972 636 .

335 690 419 751 είς
445 685 544 757 τὴν
575 686 684 737 τῶν
720 684 926 737 παίδων
955 685 1076 754 ἴστη
1118 684 1270 749 τάξιν
1294 722 1309 747 ,
1340 684 1492 736 οὐδὲν
1529 682 1925 751 ὑπολογιζομέ-

335 794 436 849 νης
473 777 578 845 τῆς
611 775 863 845 πράξεως
893 774 981 828 διά
1009 775 1068 826 τὸ
1113 774 1189 846 μὴ
1229 774 1456 845 τελετῆς
1492 774 1645 846 ἱερᾶς
1690 772 1923 842 μεσολα-

335 869 541 938 ϐούσης
574 867 782 920 ἐκεῖθέν
825 884 949 920 τινα
999 865 1240 919 κώλυσιν
1275 867 1525 936 ἀπαντᾷν
1557 865 1692 936 πρὸς
1721 864 1782 915 τὸ
1826 879 1927 930 γα-

339 963 502 1030 μικδν
523 955 879 1011 συνοικέσιον.

2031 603 2097 643 eo
2123 605 2289 659 gener
2317 598 2710 662 agnosceretur
2735 607 2749 644 :
2780 591 3000 660 quando
3024 590 3277 645 videlicet
3309 595 3603 656 naturalis,

2030 699 2304 754 quemque
2362 686 2585 754 adeptio
2612 687 2664 739 in
2696 687 2932 740 liliorum
2982 685 3230 740 ordinem
3279 687 3602 749 collocarat,

2032 775 2424 829 matrimoniali
2452 776 2783 828 commercio
2815 777 2958 829 inter
3002 790 3062 828 se
3097 775 3485 843 jungerentur,
3539 789 3606 828 ac

2031 879 2236 933 susque
2282 865 2458 934 deque
2521 867 2672 920 istaec
2710 866 2856 920 actio
2897 865 3197 918 haberetur
3232 881 3245 917 :
3275 862 3423 934 quod
3477 878 3602 917 cum

2033 967 2253 1009 sacrum
2316 956 2683 1012 ministerium
2747 971 2855 1010 non
2910 955 3325 1022 intervenisset,
3391 953 3601 1008 nullum

336 1049 466 1104 inde
494 1048 561 1102 ad
614 1048 1064 1102 matrimonialem
1116 1047 1568 1102 consuetudinem
1635 1047 1924 1101 exsisteret
1955 1044 2322 1102 obstaculum.

423 1139 582 1192 Ἀλλὰ
611 1139 780 1192 πάλαι
821 1138 920 1208 μὲν
949 1138 1089 1191 κατά
1128 1137 1287 1205 λόγον
1318 1138 1393 1209 μὴ
1412 1139 1458 1170 ⁸ο
1484 1137 1918 1206 υῐοθετουμένων

335 1233 684 1301 προσήκοντα
717 1231 766 1283 εί
809 1231 962 1284 καὶὸ
1011 1230 1188 1300 γάμος
1217 1231 1331 1300 ἔχει
1381 1249 1497 1293 πως
1518 1232 1562 1263 ⁸¹
1601 1231 1663 1282 τὸ
1710 1229 1916 1292 ἄδοξον.

335 1323 488 1391 ὅμως
530 1321 652 1388 οὐχὶ
701 1320 796 1373 καὶ
829 1321 1181 1388 παρανομίας
1231 1321 1519 1389 ἀνέχεται,
1556 1319 1650 1372 νῦν
1693 1318 1747 1370 δὲ
1779 1317 1919 1370 κατὰ

339 1415 518 1484 θεσμά
548 1414 839 1482 γινομένης
879 1412 974 1464 καὶ
1007 1412 1288 1481 πρέποντα
1319 1412 1413 1464 καὶ
1453 1412 1638 1464 δίκαια
1663 1411 1761 1478 τῆς
1794 1411 1918 1461 uio-

337 1509 634 1578 θετήσεως,
661 1506 756 1558 καὶ
789 1505 876 1556 διὰ
905 1504 1127 1572 τελετῆς
1155 1504 1304 1572 ἱερᾶς
1339 1503 1446 1554 τῶν
1486 1502 1586 1572 μὲν
1611 1505 1689 1565 είς
1717 1501 1919 1569 γονέων

335 1599 489 1661 τάξιν
531 1596 946 1666 καθισταμένων
985 1595 1094 1646 τῶν
1127 1595 1184 1647 δὲ
1216 1595 1295 1657 είς
1323 1593 1420 1664 τὴν
1441 1594 1487 1626 ⁸³
1522 1595 1630 1646 τῶν
1673 1593 1879 1645 παίδων
1899 1630 1914 1654 ,

335 1687 521 1739 οὐκέτι
567 1685 947 1754 περιλείπεται
989 1682 1147 1749 λόγος
1194 1682 1273 1744 είς
1326 1683 1503 1750 γάμον
1552 1680 1917 1732 συνάπτεσθαι

335 1780 448 1838 τοῖς
485 1777 626 1828 κατά
668 1775 832 1843 φύσιν
874 1775 969 1826 τοῦ
1019 1772 1482 1842 υἱοποιησαμένου
1517 1771 1564 1802 ⁸³
1600 1771 1759 1822 παισὶ
1793 1771 1919 1833 τοὺς

337 1868 684 1936 εἰσποιητοὺς
711 1866 926 1927 παῖδας.
959 1863 1264 1934 Τοιγαροῦν
1295 1863 1387 1915 κα)¹
1422 1862 1771 1929 θεσπίζομεν,
1812 1880 1919 1933 μη-

337 1955 526 2022 δαμῶς
572 1955 773 2020 ἐξεῖναι
836 1955 963 2016 τοὺς
1015 1953 1185 2016 οὕτως
1241 1951 1654 2021 ὑποϐεϐηκότας
1698 1952 1758 2004 τὸ
1811 1953 1919 2005 τῶν

337 2043 589 2112 ἀδελφῶν
621 2043 790 2113 ὄνομα
836 2043 974 2112 πρὸς
1027 2042 1089 2094 τὸ
1134 2041 1235 2110 τῆς
1290 2041 1553 2109 συζυγίας
1601 2044 1720 2094 ἀντὶ
1756 2043 1920 2111 τῆςει

340 2135 704 2206 ἀδελφότητπ
737 2133 1200 2206 μεθαρμόζεσθαι.

857 2225 1166 2278 ΔΙΑΤΑΞΙΣ
1205 2225 1310 2278 KE'
1331 2226 1399 2281 ⁸⁸.

340 2318 486 2386 Περὶ
546 2319 781 2384 λύσεως
849 2318 1364 2442 ῠπεξουσιόὲητος
1420 2317 1518 2371 καί
1578 2317 1921 2382 ἀναδόσεως

1006 2403 1179 2442 ποοικ
1219 2409 1271 2442 c.

1006 2403 1271 2456 προικός.

428 2479 485 2534 ’0
514 2478 668 2542 αὐτὸς
697 2478 949 2546 βασιλεὺς
984 2479 1062 2548 τῷ
1083 2478 1234 2548 αὐτῷ
1266 2478 1561 2548 Στυλιανῷ.

417 2573 487 2622 Ἀ
517 2573 628 2632 τοῖς
670 2571 1048 2640 ἀρχαιοτέροις
1081 2571 1189 2622 τῶν
1221 2571 1638 2641 αὐτοκρατόρων
1667 2572 1795 2640 περὶ
1823 2569 1918 2622 λύ-

339 2679 481 2726 σεως
511 2660 963 2732 ὑπεξουσιότητος
983 2662 1028 2694 ⁸⁸
1054 2662 1495 2733 νενομοθέτηται,
1529 2661 1761 2731 καλάν-γε
1792 2663 1921 2716 ὄντα

339 2755 437 2806 καὶ
463 2754 593 2820 ἄξια
618 2755 969 2824 καινοτομίας
991 2755 1241 2825 ἀνώτερα
1268 2759 1672 2826 συντηρεῖσθαι,
1695 2758 1794 2811 οὐκ
1823 2754 1918 2810 οἷδ’

2091 1138 2518 1204 Caeterumolim
2552 1155 2675 1195 cum
2707 1141 2920 1197 decenti
2960 1141 3174 1194 ratione
3224 1155 3331 1194 non
3369 1140 3600 1210 adopta-

2021 1237 2193 1296 retur,
2225 1247 2541 1302 quanquam
2593 1234 3004 1287 matrimonium
3067 1233 3178 1304 (66)
3203 1233 3406 1287 infame
3443 1235 3602 1303 quid-

2022 1319 2146 1372 dam
2173 1323 2650 1391 complecteretur,
2704 1340 2814 1379 non
2865 1335 3047 1379 tamen
3087 1325 3354 1380 nefarium
3398 1327 3600 1394 aliquid

2023 1412 2361 1468 continebat.
2383 1413 2586 1469 Verum
2609 1432 2752 1471 nunc
2777 1433 2899 1470 cum
2923 1417 3142 1487 adoptio
3159 1417 3458 1472 secundum
3491 1419 3604 1488 (67)

2026 1504 2167 1558 ritus
2197 1514 2308 1557 tum
2341 1504 2570 1562 decoros
2605 1508 2914 1577 tumjnstos
2949 1509 3063 1572 ﬁat,
3088 1516 3140 1563 et
3164 1523 3260 1576 per
3278 1523 3605 1562 sacrosanc-

2025 1600 2140 1648 tum
2195 1595 2306 1666 (68)
2365 1599 2698 1653 sacriﬁcimn
2736 1600 2786 1652 hi
2821 1600 2875 1653 in
2918 1609 3205 1670 parentum
3258 1599 3459 1662 locum,
3525 1599 3603 1653 illi

2024 1699 2157 1739 vero
2185 1685 2239 1738 in
2267 1687 2499 1741 liliorum
2523 1688 2614 1755 jus
2652 1691 2906 1755 subeant,
2944 1693 3095 1746 nulla
3127 1693 3365 1761 amplius
3392 1694 3602 1762 reliqua

2025 1776 2168 1829 ratio
2232 1785 2334 1840 est,
2371 1786 2429 1830 ut
2462 1779 2554 1832 lilii
2598 1780 2838 1849 adoptivi
2894 1797 3017 1835 cum
3049 1782 3379 1835 naturaliter
3404 1783 3603 1853 genitis

1954 1852 2077 1918 Bin
2138 1868 2549 1922 matrimonium
2610 1879 3028 1927 connectamur.
3108 1871 3379 1939 Quocirca
3437 1875 3599 1929 etiam

2023 1959 2338 2023 statuimus,
2366 1969 2424 2014 ut
2459 1962 2552 2031 qui
2601 1978 2665 2018 eo
2698 1964 2860 2018 modo
2889 1963 3119 2019 fratrum
3171 1981 3372 2021 nomen
3420 1967 3603 2022 subie-

2021 2049 2151 2114 rint,
2187 2050 2254 2105 iis
2313 2067 2660 2123 nequaquam
2725 2064 2937 2110 mutato
2989 2056 3354 2115 fraternitatis
3394 2057 3517 2130 jure
3545 2058 3602 2112 in

2021 2136 2434 2195 matrimonium
2459 2141 2614 2213 jungi
2641 2143 2822 2197 liceat.

2471 2231 2940 2290 CONSTITUTIO
2963 2234 3133 2290 XXV.

2195 2320 2269 2375 De
2311 2325 2764 2391 emancipatione,
2804 2335 2855 2379 et
2894 2327 3041 2381 dotis
3073 2330 3427 2385 restitutione.

2023 2483 2036 2529 ε
2091 2481 2239 2535 Idem
2271 2482 2572 2552 imperator
2601 2480 2777 2537 eidem
2792 2481 3074 2554 Styliano.

2092 2573 2225 2638 Quae
2252 2589 2282 2627 a
2312 2575 2588 2628 veteribus
2612 2575 3040 2643 imperatoribus
3075 2575 3143 2630 de
3165 2578 3605 2647 emancipatione

2022 2665 2318 2718 constituta
2349 2673 2498 2730 sunt,
2537 2666 2758 2720 eximia!
2790 2666 2879 2719 illa
2907 2667 3148 2736 quidem,
3187 2668 3458 2738 dignaque
3485 2687 3608 2739 qua:

2021 2760 2089 2813 ab
2147 2760 2500 2813 innovatione
2556 2759 2724 2812 libera
2782 2769 3218 2824 conserventur,
3273 2761 3415 2814 haud
3491 2763 3608 2817 scio

336 2846 487 2906 ὅπως
514 2843 616 2896 οὐκ
639 2845 797 2913 ἔτυχε
820 2845 918 2913 τῆς
937 2844 1320 2916 προσηκούσης
1348 2846 1550 2910 αἰδοῦς,
1584 2847 1701 2900 ἀλλ’
1727 2850 1920 2918 ὁρᾶται

2022 2850 2298 2918 quomodo
2346 2865 2454 2903 non
2499 2848 2780 2904 decentem
2817 2851 3181 2903 reverentiam
3215 2852 3554 2906 obtinuerint
3587 2871 3601 2907 :

339 2935 390 2986 εί
446 2936 541 2987 καὶ
589 2934 663 3004 μὴ
696 2935 862 2987 παντὶ
909 2936 1064 3004 μέρει
1112 2936 1226 2988 ἀλλ’
1273 2933 1365 2989 οὖν
1403 2938 1779 3006 ἀτιμαζόμενα
1819 2940 1920 2990 οὐκ

2022 2941 2140 3004 sed,
2169 2941 2384 2993 tametsi
2414 2955 2522 2992 non
2573 2940 2821 3001 omnino,
2855 2947 2911 2992 at
2971 2949 3124 2993 certe
3180 2939 3387 3010 despici
3423 2950 3604 2994 tamen

337 3025 538 3095 ὀρθῶς.
583 3025 801 3087 Δούλοις
843 3026 940 3094 μὲν
971 3027 1080 3096 γὰρ
1122 3026 1434 3096 ἐλευθερίας
1488 3027 1811 3096 ἠξιωμένοις
1845 3029 1917 3099 μὴ

2022 3031 2338 3079 cernantur.
2369 3021 2488 3078 Non
2521 3034 2672 3078 recte
2704 3037 2860 3077 sane.
2896 3021 3052 3087 Quod
3089 3021 3236 3076 enim
3269 3032 3604 3084 statuerunt,

338 3115 602 3179 καθάπαξ
630 3116 922 3186 ὁριζόντων
945 3117 988 3146 ⁸⁷
1015 3118 1380 3186 ἀναφαίρετον
1406 3114 1546 3171 εἶναι
1578 3119 1637 3170 τὸ
1665 3117 1915 3188 δώρημα,

2022 3117 2196 3170 servis
2229 3115 2478 3169 libertate
2509 3114 2725 3169 donatis
2757 3130 2867 3168 non
2910 3129 3142 3182 prorsus
3168 3113 3355 3167 offerri
3384 3115 3604 3168 muniﬁ-

339 3206 456 3259 ἀλλ’
485 3208 534 3258 εἰ
557 3208 603 3238 ⁸⁸
628 3207 821 3276 γνώμῃ
855 3208 1116 3277 πονηρίας
1143 3207 1297 3274 ἁλοίη
1327 3225 1408 3270 τις
1439 3209 1536 3277 μιᾷ
1570 3208 1678 3260 τῶν
1709 3211 1916 3278 ἀπηγο-

2024 3210 2259 3262 centiam
2287 3222 2469 3277 posse,
2505 3206 2598 3262 sed
2624 3205 2670 3260 si
2701 3205 2828 3275 quis
2867 3204 2921 3260 in
2951 3218 3115 3258 unam
3183 3204 3422 3274 aliquam
3467 3207 3605 3260 veti-

341 3297 629 3367 ρευμένων
663 3298 854 3350 αἰτιῶν
886 3297 920 3366 ἡ
957 3298 1018 3349 τὸ
1041 3299 1138 3365 τῆς
1176 3297 1485 3370 ἐλευθερίας
1517 3298 1736 3369 ἀξίωμα
1768 3302 1920 3370 ἰσχὺν

2023 3310 2200 3354 tarum
2231 3315 2547 3366 causarum,
2597 3314 2720 3368 qum
2751 3299 3015 3353 libertatis
3044 3298 3358 3368 dignitatem
3401 3298 3454 3350 in
3486 3312 3608 3352 ser-

337 3390 454 3458 έχει
485 3389 625 3458 πρὸς
657 3388 844 3457 σχῆμα
873 3388 1117 3452 δουλείας
1150 3391 1482 3458 μεταποιεῖν,
1512 3390 1674 3443 πάλιν
1705 3393 1785 3453 είς
1814 3393 1921 3443 τῶν

2022 3392 2212 3446 vitulis
2239 3393 2484 3446 habitum
2510 3389 2906 3445 transformare
2937 3399 3190 3460 possunt,
3235 3391 3378 3443 malo
3418 3389 3605 3442 animo

338 3479 546 3533 δούλων
576 3480 676 3550 τὴν
708 3479 892 3550 χώραν
933 3481 1186 3549 ἄγεσθαι,
1227 3480 1515 3534 ἀκούουσιν
1543 3483 1788 3544 εὐλαϐῶς
1831 3486 1922 3536 καὶ

337 3571 547 3640 τιμῶσι
575 3571 638 3624 τδ
657 3572 1029 3641 νομοθέτημα,
1058 3573 1254 3634 παῖδας
1279 3573 1336 3624 δὲ
1358 3573 1503 3637 ἅπαξ
1529 3571 1628 3641 τῆς
1653 3572 1853 3640 γονέως
1875 3574 1919 3606 ⁸⁸

340 3663 781 3733 ἀπολελυμένους
803 3664 1050 3727 ἐξουσίας
1071 3665 1476 3733 ἐπιτρεπόντων
1498 3664 1574 3734 τῷ
1591 3665 1922 3735 αὐτεξουσίῳ

337 3754 441 3822 τῆς
491 3754 717 3824 γνώμης
772 3755 860 3808 διὰ
910 3755 1112 3819 παντὸς
1161 3757 1537 3826 ἀποχρῆσθαι,
1576 3757 1674 3827 οὐχ
1719 3759 1920 3826 ὁμοίως

339 3844 524 3910 ιδοξεν
567 3846 790 3900 ἀκούειν
836 3847 944 3900 οὐδ’
990 3847 1065 3910 ὼς
1097 3847 1407 3916 ἀθετήσεως
1456 3848 1689 3917 κρείττω
1726 3849 1916 3901 θεσπι-

338 3934 542 3999 ζόντων
587 3935 836 4006 στέργειν
893 3937 953 3990 τὺ
1002 3937 1208 4007 δόγμα,
1265 3936 1381 3990 ἀλλ’
1432 3937 1626 4006 ὁρᾶται
1672 3938 1914 4007 σήμερον

2022 3483 2370 3537 commisisse
2402 3479 2926 3550 deprehenderetur,
2963 3479 3046 3532 uti
3091 3491 3202 3532 tum
3237 3493 3453 3533 rursum
3488 3478 3601 3548 (69)

2024 3574 2079 3627 in
2108 3587 2391 3627 servorum
2441 3572 2622 3625 locum
2672 3569 3033 3624 deduceretur
3083 3586 3096 3622 :
3169 3569 3290 3622 illos
3343 3568 3600 3637 religiose

2031 3678 2224 3718 omnes
2283 3662 2535 3726 audiunt,
2599 3661 2844 3731 legisque
2911 3659 3173 3715 lationem
3243 3669 3597 3714 venerantur.

2027 3756 2185 3822 Quod
2225 3770 2356 3808 vero
2390 3753 2600 3818 liberis,
2635 3761 2926 3823 parentum
2963 3759 3229 3822 potestate
3247 3753 3415 3807 semel
3463 3752 3602 3806 libr-.-

2032 3850 2186 3913 ratis,
2228 3847 2402 3901 libera
2441 3845 2608 3900 animi
2651 3846 2932 3899 voluntate
2983 3860 3080 3914 per
3117 3845 3300 3897 omnia
3334 3845 3490 3913 plene
3525 3843 3606 3898 uti

2023 3937 2349 4007 permittunt
2381 3934 2494 4006 (70)
2523 3949 2632 3987 ηοη
2659 3933 2835 3987 visum
2869 3942 2955 3986 est
3009 3931 3370 3994 audiendum,
3402 3945 3602 4000 neque,

1606 4052 1838 4108 νΑΒελΕ
1877 4049 2287 4110 LECTIONES.

408 4144 456 4176 "
487 4140 721 4211 Scrimg.
745 4144 859 4197 τοῦ.
911 4144 957 4176 ⁸ο
1000 4143 1143 4198 Bals.
1170 4143 1244 4213 μὴ
1275 4142 1413 4195 κατὰ
1434 4141 1634 4210 λόγονκι
1689 4146 1735 4176 ⁸¹
1772 4147 1932 4200 codd.
1966 4145 2132 4213 ἔχειῆ
2169 4143 2229 4194 τὸ
2256 4141 2471 4206 ἄδοξονς
2501 4139 2750 4214 Agylaeus
2778 4139 2963 4210 ἔχειτι
2985 4138 3186 4204 ἄδοξον.
3287 4139 3334 4171 ⁸³
3365 4138 3577 4212 Scri'mg

412 4255 428 4269 .
502 4212 549 4243 ⁸³
579 4210 1019 4280 Βθιίίιιιίργωιθῐ
1043 4214 1183 4267 Bals.
1218 4216 1330 4274 τοῖς
1387 4215 1882 4280 υίοποιησαμένοις.
1993 4213 2041 4246 ⁸⁸⁸
2072 4215 2216 4267 Bais.
2256 4216 2373 4265 ἀντὶ
2401 4213 2494 4264 τοῦ
2533 4213 2653 4280 τῆς.
2714 4213 2758 4244 ⁸⁵
2789 4212 2882 4264 Est
2938 4212 3050 4264 Ecl.
3092 4211 3226 4265 Nov.
3269 4211 3356 4266 16.
3423 4213 3469 4242 ⁸⁸
3499 4213 3577 4268 ὑπ

336 4217 428 4270 τά.
502 4212 554 4285 ⁸³(
579 4210 1019 4285 Βθιίςιιιίργωιθῐ
1043 4210 1183 4267 Βοιεζ
1218 4210 1330 4285 τοῖς
1361 4215 1882 4285 ⁸υίοποιηιταμένοις.

336 4283 618 4362 εξουσιῶν.
644 4351 675 4362 Α
700 4284 745 4315 ⁸⁷
779 4281 1152 4362 supplendum
1175 4282 1284 4362 τῶν
1313 4281 1758 4362 αὐτοκρατόρων.
1817 4287 1862 4316 ⁸⁸
1897 4285 1988 4362 b:ic
2025 4286 2266 4362 correxi}-
2282 4283 2626 4362 Stephanus;
2658 4283 2882 4362 coddz'i)
2914 4281 3128 4360 γνιρμη.

3287 4139 3334 4212 δέ
3365 4137 3601 4212 Scrimg.

3213 4281 3257 4312 ⁸³
3281 4283 3375 4336 Sic
3413 4297 3602 4340 eluen-

335 4357 607 4410 davcrunt
643 4351 956 4425 Stephanus
1017 4361 1070 4408 el
1113 4351 1502 4422 Oscnbrﬁggen
1537 4369 1552 4418 ;
1589 4351 1824 4425 Sizrimg.
1854 4358 1965 4418 τοῖς
1997 4355 2196 4422 γονεῖς.
2232 4351 2423 4407 Zuicli.
2456 4365 2508 4407 et
2540 4351 2760 4405 Mecrlu.
2786 4351 2882 4422 τῆς
2905 4351 3085 4420 γονῆς.

1843 4445 2077 4501 NOTAE.

411 4540 529 4610 (66)
561 4539 968 4596 Matrimonium
1027 4541 1169 4595 inter
1217 4540 1440 4596 fratrem
1503 4539 1816 4608 adoptivum
1864 4552 1916 4595 et
1947 4548 1993 4606 υ
2021 4541 2152 4609 quin
2178 4541 2379 4595 usitata
2422 4540 2565 4608 apud
2599 4537 2880 4610 Romanos
2907 4538 3330 4608 adoptione.jus
3359 4540 3445 4595 sui
3481 4539 3601 4597 hae-

337 4626 590 4666 sororem
644 4611 960 4680 adeptivam
1003 4610 1209 4664 infame
1281 4612 1557 4665 veteribus
1621 4611 1744 4677 fuit,
1805 4626 1913 4665 non

339 4691 528 4734 tamen
560 4678 855 4732 nefarium.

408 4749 523 4819 (67)
553 4749 788 4818 Adoptio
856 4748 971 4802 ﬁeri
1033 4749 1195 4804 debet
1241 4749 1351 4804 ritu
1402 4749 1626 4816 decoro,
1646 4759 1699 4804 et
1728 4764 1918 4805 sacro-

333 4828 536 4887 sancto
559 4820 832 4872 sacriﬁcio
857 4819 1204 4887 interposito.

407 4878 523 4955 (68)
560 4887 659 4939 Διά
696 4888 919 4956 τελετῆς
948 4878 1120 4956 ἱερᾶς.
1153 4886 1328 4956 Hujus
1363 4887 1780 4943 constitutionis
1805 4903 1918 4942 me-

334 4958 499 5010 minit
530 4957 731 5010 alicubi
785 4955 1106 5011 Theoderus
1155 4955 1468 5020 Balsamon,
1519 4960 1716 5026 quibus
1774 4958 1912 5013 adde

331 5037 390 5079 et
431 5026 562 5078 illud
580 5040 792 5096 __genus
847 5027 1156 5092 adoptionis
1185 5027 1326 5096 quod
1373 5027 1536 5080 ﬁebat
1599 5044 1692 5096 per
1733 5027 1909 5096 baptio

331 5093 690 5166 sinum._ﬂuc
712 5096 1101 5166 etiam_referri
1139 5093 1313 5164 potest
1349 5099 1567 5165 adeptio
1592 5093 1688 5166 per
1726 5093 1900 5160 arma,

329 5181 440 5287 Eua
459 5163 835 5250 'l‘heodoricus
857 5163 1184 5245 Herulorum
1203 5182 1384 5248 regem
1409 5163 1577 5220 ﬁlium
1592 5163 1606 5166 ’
1630 5167 1734 5220 sibi
1761 5166 1903 5248 fecit

378 5235 650 5287 asciodor.
682 5233 736 5287 4.
791 5233 1002 5287 \artar.
1069 5243 1124 5287 et
1173 5233 1516 5287 Jusumanus
1569 5237 1903 5287 Alalaricum

378 5233 736 5295 assiodor.1,
791 5233 1002 5294 Variar.
1069 5243 1124 5289 et
1173 5233 1516 5290 Justinianus
1569 5237 1906 5289 Alalaricum

328 5301 701 5357 Cassiodorus
725 5303 777 5366 8,
821 5301 1036 5357 Variar.
1074 5305 1356 5360 Desiderio
1390 5307 1694 5359 concordiis
1732 5304 1911 5360 factus

328 5379 420 5427 est
449 5387 544 5440 per
590 5387 741 5426 arma
777 5371 941 5428 ﬁlius.
968 5374 1113 5429 Idem
1149 5384 1344 5429 auctor
1369 5375 1462 5430 lib.
1496 5376 1548 5428 8.
1580 5373 1912 5428 Gensimun—

326 5442 440 5514 dus
467 5442 635 5496 armis
655 5443 798 5514 ﬁlius
818 5444 1010 5514 factus
1028 5453 1132 5498 est.
1152 5445 1463 5514 Proc0piusi
1481 5445 1534 5509 1,
1563 5444 1690 5498 Belli
1711 5443 1915 5498 Persici

327 5511 526 5575 refert,
561 5527 686 5564 cum
719 5512 967 5568 Cabades
993 5513 1282 5568 Persarum
1317 5511 1410 5568 rex
1440 5513 1918 5580 Justinoimperao

327 5581 440 5634 tori
491 5594 678 5650 pacem
707 5584 1019 5648 obtulisset,
1051 5585 1095 5637 si
1129 5585 1390 5638 Cosroem
1419 5599 1484 5638 ex
1517 5598 1709 5640 sorore
1745 5583 1917 5637 ﬁlium

325 5653 619 5719 adoptaret
651 5665 664 5702 :
693 5653 925 5722 consilio
961 5652 1141 5707 Procli
1193 5653 1474 5707 Justinum
1539 5654 1913 5722 respondisse,

327 5728 582 5789 paratum
602 5735 662 5775 se
682 5721 734 5773 id
761 5721 959 5788 facere,
989 5725 1080 5777 sed
1103 5726 1175 5777 ita
1201 5733 1258 5776 ut
1281 5724 1570 5778 barbarum
1601 5721 1836 5785 deceret,
1867 5723 1919 5776 id

326 5801 438 5856 est,
468 5806 564 5860 per
583 5805 758 5857 arma,
783 5807 892 5846 non
916 5807 1012 5862 per
1036 5794 1344 5850 litterarum
1368 5795 1765 5850 instrumenta:
1787 5793 1922 5847 alio-

2027 4607 2174 4666 redis
2192 4610 2384 4665 Cosroi
2402 4607 2700 4663 tribuisset.
2726 4607 2853 4661 Erat
2870 4617 2921 4662 et
2937 4607 3084 4679 aliud
3104 4607 3272 4679 genus
3292 4611 3599 4679 adOpIionis

2020 4695 2118 4749 per
2139 4695 2372 4749 comam,
2404 4681 2532 4749 sive
2551 4695 2648 4747 per
2671 4679 2921 4746 capillos.
2946 4677 3424 4749 PaulﬁMonachu's
3451 4681 3502 4742 6,
3533 4682 3601 4733 de

2018 4748 2189 4819 gestis
2215 4748 2727 4819 Langobardorum.
2755 4750 2916 4802 Circa
2948 4749 3062 4802 haec
3091 4757 3336 4819 tempora
3362 4748 3597 4819 Carolus

2017 4817 2356 4873 Francorum
2395 4822 2650 4888 princeps
2692 4817 2863 4871 ﬁlium
2903 4833 3063 4871 suum
3090 4817 3154 4888 ad
3188 4817 3597 4886 Luitprandum

2017 4891 2188 4951 misit,
2221 4897 2278 4942 ut
2341 4887 2462 4958 ejus
2501 4887 2658 4958 juxta
2708 4902 2914 4958 morem
2966 4887 3226 4958 capillum
3263 4889 3594 4958 susciperet.

2017 4960 2110 5028 qui
2133 4961 2254 5028 ejus
2298 4956 2580 5014 caesarie—3m
2632 4956 2903 5028 incidens,
2937 4956 2986 5009 ei
3014 4965 3170 5025 pater
3218 4956 3447 5013 effectus
3489 4966 3596 5025 est,

2017 5027 2079 5082 P.
2117 5027 2392 5083 Pithmum
2423 5032 2473 5091 l,
2511 5029 2632 5081 adv.
2667 5027 2718 5079 1.

2091 5101 2202 5165 (69)
2235 5099 2298 5153 L.
2322 5098 2378 5158 2,
2413 5096 2474 5152 C.
2512 5098 2585 5150 De
2623 5094 2853 5165 libertis.

2093 5162 2206 5238 (70)
2237 5167 2473 5235 Legibus
2499 5166 2785 5221 solvuntur
2819 5162 2974 5217 liberi
3007 5163 3179 5238 patria
3212 5171 3477 5238 potestate
3504 5182 3600 5235 per

2019 5235 2514 5306 emancipationem
2537 5253 2551 5288 :
2569 5241 2896 5306 revocantur
2911 5243 3089 5306 tamen
3105 5235 3157 5306 in
3179 5235 3346 5306 patris
3360 5241 3568 5306 potesta
3586 5267 3598 5274 -

2023 5315 2131 5361 tem
2163 5303 2572 5375 ingratitudinis
2593 5318 2757 5359 causa
2785 5304 2821 5375 Ι.
2844 5303 2993 5375 unic.
3014 5304 3074 5375 (ξ.
3108 5303 3190 5357 ne
3209 5305 3437 5375 ingratis
3459 5305 3595 5358 libe-

2017 5377 2116 5432 ris.
2145 5371 2301 5444 Quod
2329 5392 2449 5430 cum
2483 5377 2554 5429 ita
2583 5377 2679 5438 sit,
2727 5373 2820 5444 qui
2854 5373 2930 5444 ﬁt
2964 5382 3020 5444 ut
3043 5371 3152 5428 Leo
3180 5375 3327 5444 dicat
3356 5374 3456 5425 hoc
3487 5390 3596 5444 non

2018 5443 2390 5502 audiendum?
2408 5446 2520 5500 l'mo
2541 5461 2652 5516 quo
2675 5443 2800 5516 jure
2819 5443 3141 5511 simpliciter
3157 5443 3361 5497 dicitur
3388 5443 3597 5516 legibus

2020 5517 2261 5585 permitti
2296 5517 2510 5585 plenam
2558 5512 2800 5585 ὀιιιιιὶιιο
2839 5522 3165 5585 potestatem
3208 5512 3594 5585 emancipatis.

2020 5582 2340 5653 nullamque
2374 5589 2706 5640 mentionem
2733 5582 2864 5638 facit
2923 5582 3336 5652 ingratitudinis
3383 5583 3595 5651 legibus

2019 5655 2334 5710 damnatae?
2362 5653 2480 5709 Non
2508 5657 2672 5712 modo
2711 5656 2803 5710 hic
2847 5653 3001 5710 locus
3034 5662 3117 5710 est
3144 5660 3467 5722 corruptus,
3501 5655 3596 5709 sed

2023 5725 2236 5794 integra
2271 5724 2520 5780 Novella.
