4048 6446
425 357 537 433 479

1670 365 1941 427 LEONIS
1970 362 2435 425 PHILOSOPHI

3589 371 3701 439 480

435 476 593 547 quasi
626 473 705 531 illi
733 458 1091 545 improbanda
1120 474 1472 539 statuissent,
1504 474 1725 531 decreto
1747 475 1999 544 acquies-

2112 471 2280 526 υύδενὶ
2310 473 2454 543 λόγῳ
2497 472 2653 542 (οὐδὲ
2688 472 2799 543 γὰρ
2833 473 2984 544 νόμῳ
3013 478 3525 550 κεκαινοποιημένῳ
3563 481 3697 550 ηθέ-

426 569 689 625 centium.
750 566 855 623 Sed
892 566 1243 622 manifestum
1288 581 1433 621 nunc
1482 573 1591 632 cst,
1651 566 1797 620 nulla
1830 566 1882 619 id
1916 582 2001 621 ra-

433 661 581 714 tione
639 657 835 726 (ncque
868 657 1012 710 enim
1071 656 1187 727 lege
1249 656 1459 710 noviter
1490 656 1600 709 lata
1648 655 2002 725 reprobatum

424 750 531 815 est)
558 748 883 801 auctoritate
908 747 1176 815 privatum
1210 761 1353 801 esse.
1391 744 1626 811 Quidam
1681 744 1872 799 saltem
1916 743 2007 814 ju-

424 839 531 895 dex
561 837 776 893 censuit
831 838 909 907 (et
936 839 1107 891 miror
1136 853 1244 907 quo
1268 848 1428 907 pacto
1448 836 1752 905 censuerit)
1784 852 1873 901 ne,
1910 836 2006 904 qui

424 927 582 982 liberi
626 928 712 983 sui
748 927 893 996 juris
934 926 1060 980 facti
1121 936 1327 992 essent,
1383 926 1709 995 simpliciter
1766 935 2009 995 potesta-

427 1027 535 1073 tem
593 1034 756 1087 quam
800 1020 1101 1088 cepissent,
1133 1018 1417 1083 haberent,
1452 1020 1587 1090 (7i),
1619 1020 1714 1075 sed
1750 1020 1855 1073 nisi
1893 1018 2008 1087 (73)

426 1108 565 1177 ipsis
631 1109 788 1163 liberi
847 1117 1073 1173 essent,
1140 1110 1373 1164 liberum
1423 1110 1716 1165 arbitrium
1775 1110 2009 1179 abroga-

426 1207 618 1260 retur.
685 1214 1012 1268 rursumque
1083 1200 1275 1269 patriae
1340 1201 1600 1269 poteStati
1660 1200 2006 1268 subjiceren-

428 1297 538 1344 tur.
569 1289 755 1359 Neque
778 1305 910 1346 vero
958 1291 1052 1345 ille
1075 1290 1178 1345 hoc
1203 1306 1371 1344 unum
1424 1291 1660 1354 censuit,
1702 1291 1801 1346 sed
1844 1290 2009 1344 etiam

428 1382 631 1451 siquis
655 1396 724 1437 ex
755 1383 967 1437 semine
1014 1398 1116 1439 suo
1155 1382 1588 1438 elllorescentem
1635 1383 1805 1437 fetum
1856 1381 2010 1437 vide-

430 1473 527 1535 rit,
558 1487 624 1527 ac
676 1488 807 1528 vero
850 1474 997 1527 hunc
1032 1489 1182 1529 mors
1250 1474 1425 1530 torvis
1466 1473 1647 1528 oculis
1680 1473 2008 1544 inspexerit,

430 1565 615 1631 itaque
666 1563 735 1616 ad
763 1563 1083 1631 ,liberorum
1123 1566 1414 1619 orbitatem
1457 1564 1715 1618 redactus
1764 1564 1870 1618 sit:
1926 1563 2009 1618 uti

429 1655 519 1709 ille
546 1653 751 1724 pariter
783 1670 913 1708 cum
970 1656 1158 1709 liberis
1192 1655 1419 1709 liberam
1468 1655 1802 1709 voluntatem
1830 1654 1999 1707 amit-

428 1752 587 1807 teret,
637 1758 813 1813 neque
839 1743 1155 1797 testamenti
1201 1743 1495 1799 factionem
1526 1744 1786 1809 ,babcrct,
1815 1757 1998 1813 neque

2105 563 2302 632 τηται)
2335 564 2396 616 τὸ
2430 563 2598 635 κῦρος
2623 565 2998 636 ἀφῃρημένον.
3034 566 3221 633 Ἔδοξε
3254 568 3362 639 γάρ
3391 586 3477 633 τις
3510 570 3558 604 ³⁸
3587 573 3699 625 τῶν

2107 651 2315 718 κρίνειν
2342 651 2611 719 λαχόντων
2645 652 2760 722 (καὶ
2793 652 3059 722 θαυμάζω
3088 655 3207 719 πῶς
3231 656 3421 726 ἔδοξε),
3457 659 3532 729 μὴ
3564 661 3695 725 τοὺς

2107 741 2483 802 καταστάντας
2523 740 2903 807 αὐτεξουσίως
2929 744 3037 798 τῶν
3079 745 3287 799 παίδων
3316 747 3505 813 ἁπλῶς
3543 749 3696 820 ἔχειν

2105 830 2174 899 ἢν
2208 830 2399 883 ἔλαϐον
2430 831 2715 896 ἐξουσίαν,
2744 833 2861 887 ἀλλ’
2890 835 2940 887 εί
2972 837 3049 905 μὴ
3082 838 3289 889 παίδων
3328 839 3547 908 ὀφθεῖεν
3582 859 3697 896 πα-

2107 921 2286 990 τέρες,
2332 923 2862 992 ἀποχειροτονεῖσθαι
2909 926 2971 979 τὸ
2999 927 3348 994 αὐτεξούσιον
3396 932 3492 986 καὶ
3526 933 3693 989 πάλιν

2110 1012 2215 1064 ὐπὸ
2247 1013 2346 1082 τὴν
2373 1014 2467 1067 τοῦ
2498 1016 2702 1081 γονέως
2732 1018 3036 1089 ἐπιτροπὴν
3067 1020 3426 1077 καθίστασθαι
3447 1041 3460 1054 ·
3500 1025 3562 1080 οὐ
3606 1044 3699 1081 το-

2112 1103 2301 1157 σοῦτον
2338 1104 2395 1158 δὲ
2424 1106 2607 1174 μόνον,
2639 1107 2780 1161 ἀλλά
2806 1109 2899 1161 καὶ
2926 1111 3028 1163 κᾶν
3059 1114 3269 1183 σπορᾶς
3295 1115 3490 1169 ἑαυτοῦ
3519 1117 3694 1189 ἀνθή-

2112 1195 2283 1248 σασάν
2315 1213 2401 1259 τις
2451 1196 2547 1250 ίδοι
2598 1199 2802 1267 γονὴν,
2857 1199 3087 1266 θάνατος
3121 1203 3168 1256 δ’
3212 1204 3383 1275 αὐτὴν
3425 1209 3609 1263 ἐπεῖδε
3645 1211 3693 1245 ’ί

2111 1287 2295 1357 δριμεῖ
2326 1288 2590 1359 ὀφθαλμῷ
2627 1290 2721 1342 καὶ
2753 1292 2835 1352 εἰς
2859 1291 3118 1346 ἀπαιδίαν
3148 1298 3531 1368 περιέστησεν,
3559 1302 3694 1357 ἀπο·

2112 1379 2330 1433 ϐάλλειν
2368 1382 2506 1449 μετὰ
2537 1380 2647 1433 τῶν
2691 1384 2897 1437 παίδων
2943 1386 3040 1437 καὶ
3070 1386 3169 1454 τῆς
3202 1389 3428 1459 γνώμης
3474 1394 3535 1445 τὸ
3567 1395 3701 1449 αὐτ-

2113 1469 2374 1535 εξούσιον,
2412 1472 2505 1525 καί
2538 1474 2674 1541 μήτε
2714 1474 2947 1543 γράφειν
2986 1474 3250 1545 διαθήκας
3284 1481 3423 1549 μήτε
3447 1481 3693 1549 διοικεῖν,

2112 1561 2188 1623 ὡς
2214 1562 2280 1615 ἂν
2309 1562 2439 1632 δοκῇ
2452 1562 2534 1635 -τά
2568 1562 2719 1633 παρά
2747 1564 2854 1617 τῶν
2882 1566 3084 1633 γονέων
3104 1567 3458 1639 δεδωρημένα
3491 1590 3698 1643 συγκε-

2113 1653 2414 1723 χωρῆσθαι.
2454 1655 2623 1710 Τοῦτό
2649 1672 2812 1711 -τισιν
2852 1658 2934 1721 εἰς
2970 1657 3128 1723 δόξαν
3164 1661 3319 1715 ἐλθὸν
3357 1665 3455 1718 καὶ
3493 1668 3697 1737 ῥᾳδίως

2114 1746 2455 1816 παραδεχθὲν
2484 1749 2598 1811 τοῖς
2628 1747 2857 1819 ὕστερον
2883 1751 3046 1821 μέχρι
3073 1751 3168 1808 τοῦ
3190 1752 3518 1826 νῦν-δρᾶται
3542 1760 3696 1813 πολι-

426 1848 547 1903 qua:
577 1835 773 1888 donata
801 1847 833 1886 a
866 1834 1183 1903 parentibus
1208 1842 1413 1899 essent,
1448 1849 1545 1901 pro
1576 1834 1809 1887 arbitrio
1832 1834 2006 1887 admi-

2114 1835 2426 1903 τευόμενον,
2473 1836 2571 1906 τῆς
2605 1839 2845 1903 παλαιᾶς
2895 1842 3305 1914 ἀτιμαζομένης
3350 1821 3693 1919 νομοθεσίας,

429 1924 666 1978 nistrare
712 1925 1150 1993 permitteretur.
1212 1924 1395 1993 Atque
1462 1926 1565 1978 hoc
1627 1923 1852 1994 quidem
1910 1923 2005 1979 ubi

427 2013 708 2069 nonnullis
731 2013 1052 2082 placuisset,
1082 2012 1350 2082 facileque
1382 2026 1411 2065 a
1442 2013 1846 2082 posterioribus
1876 2027 2004 2067 sus-

429 2111 650 2172 ceptum
715 2111 882 2167 esset,
915 2103 1172 2172 despecta
1220 2102 1389 2157 veteri
1434 2102 1776 2172 legislatione
1821 2102 1875 2155 in
1906 2102 2006 2154 ho-

425 2192 677 2248 diernum
720 2209 894 2263 usque
944 2193 1088 2248 diem
1136 2195 1194 2247 in
1229 2193 1510 2262 republica
1542 2195 1719 2247 valere
1742 2193 2007 2262 conspici-

427 2291 537 2339 tur.
559 2284 668 2340 Nos
696 2286 879 2355 itaque
907 2284 1207 2355 pristinam
1222 2285 1400 2357 legum
1430 2286 1534 2339 hac
1549 2285 1613 2340 de
1635 2300 1693 2341 re
1709 2286 2006 2339 auctorita-

428 2383 533 2428 tem
568 2386 915 2443 rcnovantes,
953 2377 1271 2441 statuimus,
1300 2393 1370 2432 ne
1410 2380 1533 2446 quis
1573 2378 1787 2430 illorum
1821 2379 1911 2447 qui
1940 2379 2008 2432 de

432 2466 578 2521 dotis
622 2467 734 2536 (75)
787 2468 1135 2522 restitutione
1194 2467 1505 2537 disceptant
1555 2468 1869 2535 rejiciatur,
1917 2470 2005 2523 in-

429 2556 683 2625 fectaque
709 2573 769 2612 re
812 2558 997 2613 inanis
1025 2559 1357 2615 dimittatur.
1391 2561 1461 2612 At
1502 2560 1636 2629 quid
1666 2562 1821 2613 aiunt
1856 2559 2008 2614 illae?

429 2642 489 2700 Si
523 2644 668 2700 [ilius
707 2646 894 2702 liberis
956 2647 1208 2712 orhetur,
1251 2647 1454 2702 donum
1501 2650 1646 2717 quod
1676 2649 1754 2703 illi
1787 2664 1817 2702 a
1855 2659 2009 2718 patre

428 2737 785 2806 processerit,
817 2736 884 2792 ad
917 2736 1241 2794 donatorem
1284 2749 1540 2808 oportere
1573 2743 1804 2795 reverti:
1860 2745 2002 2811 quod

427 2839 560 2880 vero
584 2833 682 2879 aut
705 2840 736 2879 a
760 2836 937 2882 matre
962 2837 1059 2881 aut
1080 2828 1150 2882 ah
1174 2838 1439 2883 extraneo
1465 2832 1722 2900 quopiam
1744 2832 2005 2887 donatum

427 2918 578 2973 ﬁlius
618 2920 799 2983 habet,
832 2935 943 2975 non
976 2922 1129 2987 item,
1174 2922 1284 2976 nisi
1326 2924 1529 2977 reverti
1573 2924 1779 2978 debere
1824 2925 1878 2979 id
1908 2925 2008 2979 do-

431 3020 654 3065 natores
674 3020 837 3082 pacto
860 3013 1127 3083 complexi
1154 3014 1296 3069 sint.
1328 3015 1436 3070 Sed
1465 3015 1580 3085 (74)
1605 3032 1723 3085 quae
1751 3016 1879 3071 [iliis
1912 3031 2010 3087 pa-

430 3114 547 3158 tres
579 3104 724 3157 inter
745 3104 1212 3174 emancipandum
1262 3105 1556 3170 dederunt,
1598 3108 1742 3177 apud
1792 3123 1888 3165 eos
1910 3109 2004 3177 qui

432 3204 766 3264 acceperunt
798 3195 1243 3252 irrevocabiliter
1294 3212 1639 3267 permanere,
1670 3200 1902 3267 illosque
1938 3202 2006 3255 de

434 3286 545 3341 illis
571 3287 763 3340 testari
786 3286 1019 3356 jubent:
1057 3290 1163 3345 nisi
1195 3290 1342 3358 pacti
1382 3290 1722 3361 cuiuspiam,
1752 3306 1877 3345 cum
1911 3305 2007 3361 pa-

430 3385 514 3430 ter
539 3375 790 3438 donaret,
823 3376 966 3441 initi,
994 3377 1342 3432 obstaculum
1375 3378 1579 3433 subsit.

503 3462 617 3520 Nos
654 3465 842 3534 itaque
892 3466 947 3519 in
985 3467 1177 3520 harum
1233 3468 1557 3523 sententiam
1610 3465 1845 3536 pedibus
1868 3480 2011 3519 eun-

431 3558 701 3621 tes,scire
724 3573 916 3613 omnes
940 3557 1218 3627 jubemus,
1252 3559 1301 3613 si
1346 3559 1492 3613 [ilius
1521 3558 1606 3613 sui
1636 3558 1777 3627 juris
1806 3557 2008 3622 iactus,

434 3647 726 3717 nullosque
785 3647 991 3703 liberos
1043 3648 1252 3703 habens
1311 3656 1579 3713 testatur,
1614 3656 1870 3717 parentes
1916 3650 2008 3702 illa

437 3738 708 3792 duntaxat
731 3752 854 3807 qua;
899 3752 968 3793 ex
1006 3739 1122 3808 lege
1172 3737 1419 3793 Falcidia
1450 3737 1519 3791 ad
1566 3738 1716 3808 ipsos
1764 3747 2006 3805 manant,

433 3829 544 3884 nisi
576 3837 797 3900 pactum
837 3828 969 3900 (quo
1015 3829 1181 3884 modo
1214 3845 1383 3898 supra
1426 3832 1636 3884 dictum
1675 3830 1780 3899 est)
1815 3831 2006 3884 initum

433 3921 529 3985 sit,
600 3930 993 3991 percepturos:
1049 3922 1291 3991 reliquos
1350 3937 1484 3977 vero
1514 3932 1798 3992 cognatos,
1830 3938 2009 3991 quan-

432 4023 599 4080 quam
635 4010 703 4065 ab
733 4011 997 4066 intestato
1026 4020 1378 4075 vocarentur,
1417 4021 1475 4066 ut
1505 4014 1600 4076 qui
1659 4014 2010 4069 restitutione

432 4111 653 4174 pactum
696 4103 1046 4172 interponere
1080 4105 1464 4173 neglexerunt,
1490 4104 1715 4158 omnino
1746 4103 1901 4157 nihil.
1939 4104 2011 4157 llo

434 4192 530 4245 lud
559 4206 724 4261 porro
747 4202 1016 4247 annotatu
1045 4195 1289 4263 dignum,
1326 4196 1501 4249 solius
1530 4194 1643 4265 (75)
1676 4196 1848 4249 virilis
1882 4210 2009 4264 per-

434 4297 588 4337 sonae
615 4283 669 4336 in
699 4292 967 4352 potestate
1019 4299 1143 4339 esse
1184 4285 1356 4338 lilium
1409 4285 1541 4340 dici.
1571 4284 1838 4339 Caeterum
1870 4302 2009 4355 quo-

436 4374 584 4425 niam
618 4381 815 4443 przeter
838 4374 975 4428 alios
1013 4374 1204 4430 modos
1261 4376 1347 4430 hic
1380 4391 1603 4446 quoque
1650 4377 1737 4431 sui
1767 4376 1912 4446 juris
1946 4379 2010 4430 li-

2127 1922 2541 1993 Ἀνανεούμενοι
2561 1921 2655 1980 οὖν
2676 1928 2775 1997 τὴν
2806 1930 2977 1985 πάλαι
3004 1934 3134 2003 περὶ
3163 1936 3355 1990 τούτου
3389 1941 3691 2011 κυριότητα

2111 2011 2221 2064 τῶν
2262 2014 2479 2084 νόμων,
2528 2017 2720 2073 οὐδένα
2772 2018 3103 2092 θεσπίζομεν
3150 2025 3260 2078 τῶν
3294 2030 3425 2098 περὶ
3462 2034 3694 2102 προικὸς

2112 2105 2417 2168 ἀναδόσεως
2467 2108 2942 2179 διαλαμϐανόντων
2999 2114 3362 2187 ἀθετούμενον
3412 2121 3693 2193 ἄπρακτον

2112 2194 2273 2253 εἶναι.
2313 2200 2379 2252 Τί
2434 2198 2527 2255 οὖν
2557 2204 2755 2257 ἐκεῖνοί
2791 2222 2986 2273 φασινς
3029 2209 3307 2273 Ἀπαιδίας
3350 2228 3688 2285 περιστοιχι-

2113 2291 2313 2363 ζούσης
2341 2293 2434 2347 τὸν
2480 2296 2645 2348 παῖδα
2682 2297 2783 2365 τὴν
2814 2296 2915 2366 μὲν
2953 2298 3018 2351 ἐκ
3045 2297 3142 2352 τοῦ
3194 2302 3401 2371 πατρὸς
3448 2304 3692 2372 ἥκουσαν

2113 2382 2261 2453 αὐτῷ
2317 2384 2526 2455 δωρεὰν
2582 2388 3018 2457 ἀναστρέφεσθαι
3075 2392 3211 2462 πρὸς
3263 2393 3356 2445 τὸν
3387 2394 3688 2458 δεδωκότα.

2115 2475 2314 2546 μηκέτι
2348 2477 2405 2528 δὲ
2448 2478 2732 2549 κάκείνην,
2767 2481 2802 2550 ἦ
2836 2481 2915 2550 τῷ
2944 2482 3097 2536 παιδὶ
3138 2484 3431 2554 πρόσεστιν
3470 2486 3504 2556 ἢ
3537 2488 3690 2555 παρά

2112 2567 2212 2636 τῆς
2279 2568 2487 2639 μητρὸς
2553 2570 2816 2642 δεδομένη
2870 2573 2903 2643 ἢ
2972 2575 3124 2645 παρά
3172 2591 3318 2638 τινος
3370 2576 3480 2629 τῶν
3545 2578 3687 2643 ἔξω,

2113 2659 2161 2710 εί
2196 2660 2270 2728 μὴ
2303 2661 2412 2730 ἄρα
2455 2661 2598 2714 οὕτω
2627 2664 2778 2734 παρὰ
2823 2665 2933 2716 τῶν
2963 2666 3213 2720 διδόντων
3255 2668 3690 2739 συμπεφώνηται

2113 2749 2253 2802 ὥστε
2284 2752 2455 2821 αὐτὴν
2480 2753 2936 2824 ἀναστρέφεσθαι.
2981 2756 3141 2809 Ἀλλά
3170 2760 3264 2810 καὶ
3293 2757 3329 2812 ἃ.
3360 2761 3473 2821 τοῖς
3503 2763 3695 2813 παισ“.ν

2112 2841 2161 2892 οἱ
2195 2842 2431 2910 πατέρες
2458 2842 2690 2896 διδόασιν
2722 2844 2837 2913 ἅμα
2870 2845 2946 2916 τῷ
2977 2846 3233 2915 ἀφεῖσθαι
3276 2849 3376 2918 τῆς
3407 2848 3689 2913 ἐξουσίας,

2116 2932 2213 2984 καὶ
2238 2932 2412 2985 ταῦτα
2445 2936 2557 2996 τοῖς
2577 2933 2834 2988 λαϐοῦσιν
2859 2937 3200 3005 ἀναφαίρετα
3230 2937 3416 3007 μένειν
3442 2955 3693 3008 παρακε-

2113 3022 2384 3087 λεύονται,
2418 3024 2513 3078 καὶ
2535 3026 2885 3080 συνίστασθαι
2907 3028 2992 3080 ἐπ’
3020 3028 3205 3091 αὐτοῖς
3226 3028 3510 3100 διαθήκας,
3532 3032 3582 3082 εί
3614 3030 3691 3101 μὴ

2122 3111 2412 3182 συμφώνου
2442 3113 2674 3186 κώλυμα
2718 3120 2866 3187 παρῇ
2900 3118 2959 3171 ὲν
2991 3116 3070 3187 τῷ
3113 3118 3405 3188 δωρεῖσθαι
3444 3119 3539 3173 τὸν
3576 3136 3688 3172 πα·

2110 3203 2249 3275 τέρα
2282 3207 2668 3277 γεγενημένον.

2179 3470 2401 3535 Τούτοις
2416 3470 2509 3525 οὖν
2536 3472 2630 3526 καὶ
2658 3474 2817 3544 ἡμεῖς
2848 3474 3361 3545 δμογνωμονοῦντες
3390 3475 3593 3533 εἰδέναι
3616 3480 3687 3514 οι·

2109 3565 2319 3627 πάντας
2371 3565 2839 3635 παρεγγυώμεθα,
2892 3567 2968 3629 ὼς
3010 3570 3059 3620 εί
3105 3571 3236 3631 παῖς
3264 3568 3402 3639 πρὸς
3429 3571 3689 3635 αὐτεξου-

2110 3656 2335 3724 σιότητα
2362 3656 2657 3726 ἀφειμένος
2680 3657 2902 3719 ἄτεκνος
2931 3656 3007 3711 ὢν
3037 3658 3306 3729 διάθηται.
3339 3662 3521 3713 ἐκεῖνα
3551 3661 3690 3731 μόνα

2108 3747 2368 3816 λήψονται
2421 3748 2471 3799 οἱ
2518 3750 2719 3815 γονεῖς,
2758 3747 2795 3802 ἃ
2824 3749 2976 3819 παρὰ
3022 3749 3114 3804 τὸν
3155 3751 3318 3820 νόμον
3360 3750 3562 3822 δηλαδὴ
3595 3754 3690 3806 τὸν

2109 3839 2393 3893 Φαλκίδιον
2416 3840 2461 3871 ⁸³
2485 3841 2567 3903 εἰς
2595 3840 2792 3903 αὐτοὺς
2813 3841 3053 3911 ἔρχεται,
3083 3841 3260 3912 ἄνπερ
3291 3841 3367 3913 μὴ
3396 3842 3689 3914 σύμφωνον

2110 3932 2290 4003 φθάσῃ
2321 3933 2673 4003 προγεγονὸς,
2708 3932 2901 4005 ὥσπερ
2934 3933 3245 4004 ἔμπροσθεν
3273 3935 3509 4007 εἴρηται,
3545 3936 3596 3989 οι
3631 3936 3690 3991 et

2110 4026 2285 4076 λοιποὶ
2318 4026 2601 4092 συγγενεῖς
2625 4023 2779 4078 οὐδὲν
2805 4025 3110 4090 παντελῶς,
3138 4028 3187 4079 εί
3206 4028 3302 4080 καὶ
3331 4028 3627 4092 ἀδιαθέτως
3644 4031 3690 4062 ’³

2111 4113 2380 4176 καλοῖντο,
2418 4114 2493 4178 ώς
2539 4115 2607 4167 τά
2639 4114 2767 4185 περὶ
2798 4116 2895 4186 τῆς
2930 4117 3239 4179 ἀναδόσεως
3272 4135 3689 4190 καταπεφρονη-

2111 4205 2289 4267 κότες.
2320 4203 2433 4257 Καὶ
2457 4202 2617 4256 τοῦτο
2661 4204 2719 4256 δὲ
2750 4204 2900 4268 ἀξιον
2932 4206 3398 4276 ἐπισημήνασθαι,
3430 4206 3507 4270 ώς
3542 4208 3688 4277 μόνῳ

2111 4294 2303 4365 ἇρῤενι
2352 4294 2631 4365 προσώπῳ
2694 4292 3016 4358 ύπεξούσιος
3073 4296 3404 4365 χρηματίζει
3450 4299 3478 4350 δ
3534 4300 3684 4361 παῖς.

2125 4385 2348 4454 Ἐπειδὴ
2410 4383 2467 4437 δὲ
2517 4385 2654 4455 πρὸς
2706 4387 2821 4448 τοῖς
2878 4386 3058 4449 ἄλλοις
3109 4388 3329 4457 τρόποις
3390 4390 3487 4442 κα)⁸
3531 4382 3687 4453 οὗτος

438 4464 569 4517 lium
601 4478 725 4518 esse
756 4464 1100 4527 ostendebat,
1161 4464 1207 4519 si
1262 4465 1357 4532 qui
1390 4466 1569 4535 ipsum
1621 4465 1676 4519 in
1733 4472 2006 4534 potestate

2115 4474 2322 4553 ἐδείκνυ
2373 4474 2467 4527 τὸν
2514 4475 2680 4528 παῖδα
2734 4475 3077 4540 αὐτεξούσιον
3097 4515 3113 4542 ,
3145 4478 3198 4531 εἴ
3226 4495 3289 4546 γε
3328 4481 3424 4532 καὶ
3446 4479 3494 4511 ⁹¹⁵
3531 4483 3559 4536 ὁ
3590 4486 3690 4551 τὴν

439 4556 674 4611 habebat
739 4556 879 4627 (sive
918 4558 965 4611 is
998 4567 1174 4627 pater,
1231 4559 1351 4613 sive
1389 4572 1526 4612 avus
1555 4558 1724 4628 esset)
1757 4558 2006 4612 libertate

2119 4564 2422 4637 ἐπιτροπὴν
2453 4566 2931 4638 ἐγκεχειρισμένος
2961 4566 3096 4637 (εἴτε
3140 4568 3322 4640 πατὴρ
3367 4570 3456 4640 εἴη
3483 4572 3529 4605 ’⁵
3578 4571 3690 4627 εἴτε

436 4651 614 4720 ipsum
646 4668 749 4706 suo
773 4652 884 4722 (76)
911 4666 1008 4707 ore
1032 4652 1333 4709 donasset:
1361 4666 1467 4707 nos
1500 4652 1605 4707 hoc
1639 4654 1866 4721 insuper
1903 4668 2007 4707 an-

434 4746 729 4809 nectimus,
754 4753 814 4798 ut
839 4744 952 4815 (77)
1008 4745 1053 4799 si
1088 4758 1190 4815 pro
1239 4758 1343 4798 suo
1373 4744 1566 4798 saltem
1620 4744 1891 4800 arbitratu
1922 4746 2011 4799 vi-

2118 4656 2459 4729 προπάτωρ)
2490 4657 2552 4709 τὸ
2580 4656 2848 4709 ἀπόλυτον
2890 4657 3038 4727 αὐτῷ
3065 4659 3251 4729 οἰκείῳ
3282 4660 3514 4731 στόματι
3557 4662 3690 4716 ἑδω-

2118 4750 2299 4817 ρεῖτο,
2333 4749 2494 4815 ἡμεῖς
2537 4747 2629 4799 καὶ
2673 4746 2835 4800 τοῦτο
2868 4750 3479 4821 προσεπισυνάπτομεν,
3519 4752 3597 4816 ὡς
3638 4756 3688 4807 εί

1596 4843 1602 4850 ’
1713 4854 1948 4913 γΑιιιιΕ
1988 4858 2394 4916 LECTIONES.

543 4952 592 4984 ⁸⁸
625 4952 1001 5029 Μθίίἑιιξιτινὶη
1055 4953 1101 4986 “
1144 4952 1684 5029 Zuic_h._et_Mee_rm,
1725 4955 1934 5029 ὐτιεϊδεζ
1999 4958 2069 4989 οι·
2097 4956 2235 5029 llinc
2268 4955 2490 5029 incipit__
2513 4954 2629 5029 Ecl.
2705 4955 2751 4987 ”
2774 4953 2889 5029 Ecl.
2923 4955 3127 5011 omittit
3165 4955 3367 5029 δηλαδὴ
3405 4959 3501 5012 τὸν
3544 4960 3686 5012 Φαλ-

438 5021 630 5075 κίδιον.
712 5024 759 5054 ³³
790 5023 1003 5093 Reliqui
1039 5034 1235 5093 praeter
1264 5024 1377 5079 Eel.
1401 5026 1736 5088 ἁδιαθέτους.

1823 5028 1871 5063 9"
1904 5025 2067 5081 DeeSt
2094 5028 2148 5079 in
2187 5026 2302 5079 Ecl.
2380 5027 2426 5057 "
2452 5024 2569 5079 Ecl.
2595 5041 2706 5080 om.
2741 5028 2852 5094 εἴη.

1944 5117 2180 5183 NOTr‘E,

509 5210 629 5278 (7|)
669 5210 907 5275 llocait,
955 5211 1328 5280 emancipatus
1375 5213 1620 5282 ingratos
1682 5213 1735 5265 in
1777 5209 2015 5280 patriam

442 5292 766 5348 potestatem
807 5282 878 5336 ob
910 5284 1109 5350 ingrati
1141 5284 1334 5335 vitium
1382 5282 1655 5336 revocari.

479 5351 626 5431 .(72)
665 5350 777 5431 [loc
828 5360 1007 5431 caput
1027 5352 1285 5431 existimo
1318 5353 1662 5431 relerendnm
1714 5350 2011 5431 ad‘cmau-

2115 5211 2169 5277 8,
2199 5212 2260 5264 (ὲ.
2290 5210 2363 5262 De
2396 5209 2557 5265 bonis
2593 5210 3019 5279 proscriptorum
3046 5227 3059 5263 :
3100 5211 3134 5266 Ι.
3172 5212 3257 5276 l7,
3291 5211 3353 5267 C.
3394 5210 3467 5266 De
3496 5212 3682 5268 collat.

2184 5280 2301 5351 (75)
2350 5281 2468 5333 Hoc
2523 5281 2765 5334 ostendit
2816 5283 3116 5351 ﬁliosﬁnpn
3166 5296 3291 5335 esse
3325 5283 3378 5334 in
3412 5290 3685 5351 potestate

2114 5348 2351 5420 matrum
2391 5357 2487 5404 aut
2515 5351 2672 5411 aviae,
2710 5351 2816 5420 leg.
2848 5352 2933 5414 15,
2956 5349 3012 5405 Π.
3046 5348 3122 5404 De
3152 5352 3305 5405 suis:
3340 5348 3445 5420 leg}
3474 5350 3527 5416 8,
3545 5351 3684 5407 Cod.

441 5417 653 5492 cipatos
680 5417 929 5492 ingratos
955 5420 1045 5492 (de
1079 5422 1280 5490 quibus
1311 5422 1397 5489 agi
1434 5423 1569 5476 satis
1601 5420 2008 5492 constathujus
2110 5417 2185 5492 De
2208 5420 2608 5492 praescription.
2639 5417 2786 5492 longi
2828 5422 3133 5490 temporis:
3161 5424 3200 5477 l.
3246 5420 3302 5486 5,
3334 5417 3415 5476 C.‘
3445 5419 3520 5476 De
3546 5421 3687 5477 ado-

442 5486 678 5561 Novellac
702 5486 995 5561 principio)
1024 5486 1279 5546 eo'sensu
1320 5486 1698 5559 emancipatus
1728 5493 1770 5543 si
1802 5486 2006 5561 liberos
2108 5489 2410 5561 ptiqnibus.

444 5555 682 5613 habeant
702 5555 815 5614 non
846 5555 1092 5615 revocari
1125 5562 1176 5614 in
1216 5560 1447 5628 patriam
1500 5555 1865 5629 potestatem:
1906 5558 2006 5614 sed

446 5632 627 5701 tamen
656 5631 848 5701 testari
878 5631 946 5685 de
973 5631 1299 5701 profectitiis
1338 5645 1447 5684 non
1482 5645 1665 5699 posse.

519 5696 629 5770 (13)
656 5695 833 5770 l_.ocus
859 5709 941 5754 est
968 5695 1281 5770 corruptus.

523 5762 636 5831 (7t)
664 5765 725 5819 L.
760 5769 815 5831 2,
862 5770 926 5823 Ο.
959 5769 1034 5826 De
1065 5762 1604 5839 euiaucipationihus
1638 5768 1935 5823 liberorum
1958 5767 1992 5821 l.

2177 5558 2704 5631 (76)7En_iancipatio
2732 5576 2836 5615 non
2869 5560 3102 5631 requirit
3152 5560 3510 5631 scripturam.
3568 5560 3684 5614 lmo

2111 5630 2363 5700 requirit,
2403 5629 2439 5683 l.
2472 5630 2526 5693 2,
2558 5630 2623 5684 ϐ.
2658 5631 2729 5683 Dc
2760 5629 3300 5700 emancipationihus
3324 5632 3651 5687 liberorum.

2114 5697 2295 5821 “(77)
2323 5696 2495 5769 Hujus
2525 5702 2943 5756 constitutionis
2978 5696 3232 5756 meminit
3265 5701 3456 5756 Harm.
3513 5700 3567 5764 1,
3594 5706 3682 5754 tit.
