4048 6436
360 383 465 453 L81

1427 388 1789 449 NOVELLIE
1825 388 2495 450 CONSTITUTIONES.

3515 396 3620 458 482

365 502 505 572 πρὸς
553 501 833 574 διαγωγὴν
885 499 1368 571 ίδιογνωμονοῦσαν
1392 502 1439 533 θ’
1480 500 1675 570 ὀφθείη
1726 500 1883 570 μόνον
1921 503 1945 552 ὁ

2053 517 2177 556 vere
2209 501 2353 556 ﬁlius
2386 502 2633 557 videatur
2669 501 2805 572 (sive
2851 502 2902 557 id
2944 504 3067 573 ejus
3106 506 3287 563 verbis
3323 509 3484 578 cujus
3519 514 3623 568 sub

369 595 500 657 παῖς
534 594 811 657 καταστὰς
843 593 931 665 (ἄν
956 612 1015 646 τε
1046 592 1269 664 γλώσσῃ
1300 592 1460 645 τοῦτο
1499 592 1846 662 ὡμολόγηται
1882 584 1942 645 οὗ

366 685 461 737 ὑπ’
493 684 744 746 ἐξουσίαν
762 684 957 748 ἐτέλει,
985 686 1050 739 ἄν
1075 702 1133 737 τε
1157 685 1201 716 ³⁷
1234 684 1456 751 γλῶσσα
1485 684 1582 753 μὲν
1608 684 1669 735 οὐ
1706 683 1946 753 παρέσχε

365 772 546 836 τοῦτο,
578 772 755 836 ἄλλως
782 773 838 825 δέ
863 775 907 807 ’⁸
938 774 1130 844 γνώμη
1166 773 1425 826 σιωπῶσα
1456 773 1549 825 καὶ
1577 773 1720 837 ίδίως
1750 773 1945 842 ῥυθμι-

364 864 580 934 ζομένῳ
608 864 687 933 τῷ
712 866 867 919 παιδὶ
897 866 996 919 οὐκ
1014 865 1423 934 ἐναντιουμένη,
1450 865 1585 918 ἀλλὰ.
1613 865 1947 935 παραχωρή-

365 974 505 1009 σασα
536 956 656 1011 καθ’
699 958 895 1011 ἑαυτὸν
927 958 1207 1026 διάγειν),
1238 958 1343 1011 κᾶν
1371 953 1405 1029 ᾗ
1438 959 1682 1027 γαμικῆς
1727 958 1944 1027 ὁμιλίας

364 1049 492 1115 ἔξω,
541 1044 682 1101 εἶναι
718 1050 870 1120 αὐτῷ
917 1049 1305 1120 κεκυρωμένον
1356 1048 1418 1100 τὸ
1465 1047 1833 1114 αὐτεξούσιον.
1884 1049 1946 1100 Εἰ

363 1142 474 1208 γάρ
498 1139 676 1191 δοῦλοι
704 1140 853 1204 ἅπαξ
881 1140 1164 1207 ἀφειμένοι
1188 1137 1355 1205 ζυγοῦ
1389 1138 1464 1208 μὴ
1500 1138 1728 1207 πονηροὶ
1754 1138 1947 1206 ὀφθέν-

360 1247 453 1293 τες
491 1230 615 1300 οὐχ).
644 1230 807 1284 πάλιν
844 1230 1023 1283 ἕλκειν
1047 1229 1210 1284 αὑτὸν
1248 1230 1669 1297 ἀναγκάζονται,
1703 1228 1819 1289 πῶς
1846 1230 1946 1283 οὐκ

358 1322 589 1385 ἄτοπον,
613 1322 1054 1392 ἀπολελυμένους
1075 1324 1203 1383 τοὺς
1234 1321 1429 1384 παῖδας
1463 1322 1627 1375 πάλιν
1655 1321 1807 1389 ἄγειν
1841 1322 1946 1375 ὑπὸ

361 1416 552 1481 ζυγὸν,
586 1414 682 1468 καὶ
712 1415 787 1485 μὴ
821 1415 1063 1482 μετεῖναι
1090 1413 1274 1474 αὐτοῖς
1301 1412 1472 1465 ἀϊδίου
1504 1408 1943 1484 ἐλευθερίας,ἦς,

360 1506 555 1575 ὥσπερ
582 1503 744 1576 ἔφην,
790 1502 887 1557 καὶ
916 1502 1090 1557 δοῦλοι
1122 1501 1518 1569 άπολαύουσινς

874 1705 1188 1758 ΔιΑΤΑΞιΣ
1223 1706 1438 1773 κακον.

2051 599 2323 661 potestate
2354 592 2522 662 degit,
2545 606 2872 649 concessum
2908 594 3095 660 fuerit,
3129 597 3247 652 sise
3279 598 3464 654 verbis
3497 602 3619 670 qui-

2048 683 2169 735 dem
2224 697 2549 738 concessum
2602 698 2713 738 non
2775 686 2870 749 sit,
2902 687 2996 742 sed
3053 701 3365 745 consensus
3419 694 3624 749 tacitus

2051 778 2161 843 (78)
2198 777 2311 831 ﬁlio
2343 780 2466 832 vitae
2514 781 2759 835 rationes
2790 782 3088 849 separatim
3148 782 3460 839 instituenti
3507 801 3621 841 non

2050 871 2376 926 adversatus
2434 870 2529 934 sit,
2581 887 2769 926 verum
2802 873 2980 943 ipsum
3014 888 3115 928 suo
3163 875 3323 930 modo
3371 892 3621 933 seorsum

2048 960 2232 1015 vivere
2261 960 2593 1031 permiserit)
2613 964 2833 1018 tametsi
2865 963 2977 1035 (79)
3008 980 3039 1019 a
3067 966 3305 1036 conjugii
3348 982 3622 1026 commer-

2046 1052 2137 1106 cio
2176 1053 2315 1107 liber
2356 1054 2446 1117 sit,
2478 1055 2577 1123 jus
2628 1063 2807 1110 tamen
2848 1056 3005 1110 liberi
3063 1058 3279 1113 arbitrii
3314 1068 3495 1114 ratum
3538 1060 3621 1114 illi

2046 1154 2102 1198 et
2133 1145 2518 1200 conﬁrmatum
2568 1146 2658 1201 sit.
2688 1146 2900 1202 Etenim
2953 1151 2997 1204 si
3056 1151 3201 1204 servi
3262 1153 3431 1207 semel
3486 1154 3622 1222 jugo

2046 1235 2259 1301 emissi,
2288 1236 2417 1289 dum
2465 1237 2590 1289 mali
2624 1252 2733 1291 non
2767 1246 3057 1307 apparent,
3091 1240 3289 1294 iterum
3340 1241 3474 1295 illud
3508 1250 3622 1294 tra-

2044 1328 2177 1382 here
2225 1342 2332 1383 non
2376 1336 2667 1397 coguntur,
2725 1332 3001 1399 quomodo
3049 1332 3329 1401 indignum
3378 1344 3619 1394 nonest,

2045 1418 2188 1474 ﬁlios
2218 1418 2394 1487 patria
2420 1428 2690 1488 potestate
2748 1421 3008 1475 liberatos
3063 1421 3244 1477 denuo
3279 1423 3385 1477 sub
3425 1424 3620 1493 jugnnt

2048 1511 2289 1572 mittere,
2317 1511 2577 1580 ipsosque
2602 1521 2866 1581 perpetua
2907 1513 3183 1576 libertate,
3230 1530 3360 1584 qua,
3390 1530 3623 1584 quomo-

2046 1599 2119 1655 do
2166 1600 2304 1665 dixi,
2335 1601 2478 1657 servi
2499 1602 2664 1656 etiam
2697 1602 2981 1667 fruuntur,
3021 1612 3276 1673 expertes
3306 1605 3472 1659 esse?

2477 1711 2946 1768 CONS’I‘ITUTIO
2987 1712 3180 1768 XXVI.

359 1824 502 1893 Περὶ
549 1824 657 1877 τοῦ
700 1820 1095 1877 υίοποιεῒσθαι
1129 1821 1464 1889 εὐνούχους
1494 1821 1597 1874 καὶ
1631 1822 1938 1891 γυναῖκας.

2051 1820 2119 1876 Ut
2167 1822 2280 1893 (80)
2317 1824 2542 1877 eunuchi
2567 1833 2615 1877 et
2676 1826 2923 1879 mulieres
2963 1826 3214 1894 adoptare
3253 1827 3455 1895 possint
3487 1827 3623 1898 (81).

442 1918 502 1969 Ὀ
554 1915 717 1978 αὐτὸς
774 1913 1026 1985 βασιλεὺς
1061 1913 1334 1985 Στυλιανῷ
1382 1912 1461 1983 τῷ
1511 1913 1941 1984 ὑπερφυεστάτῳ

365 2007 653 2079 μαγίστρῳ
684 2005 791 2059 τῶν
823 2005 982 2058 θείων
1015 2006 1307 2073 όφιρικίων.

432 2099 591 2165 Μέγα
626 2098 721 2150 καὶ
768 2097 953 2165 τίμιον
988 2094 1296 2166 ἀνθρώποις
1327 2094 1478 2166 παρὰ
1512 2095 1605 2148 τοῦ
1638 2095 1940 2158 πλάσαντος

358 2189 497 2243 Θεοῦ
519 2187 693 2258 δῶρον
721 2190 749 2240 ό
778 2188 955 2256 γάμος
980 2203 993 2217 ·
1027 2188 1087 2239 οὺ
1118 2186 1227 2257 γὰρ
1260 2186 1422 2257 μόνον
1441 2186 1809 2259 δαπανωμένῃ
1839 2185 1939 2238 θα-

365 2284 529 2350 νάτῳ·
560 2280 746 2350 βοηθεῖ
782 2283 847 2350 τῇ
880 2279 1060 2347 φύσει,
1112 2279 1207 2332 καὶ
1240 2278 1337 2347 τὴν
1370 2278 1631 2349 διαμονὴν
1651 2280 1666 2309 ⁸
1691 2278 1769 2348 τῷ
1795 2279 1941 2346 γένει

370 2375 673 2445 χαρίζεται,
705 2375 806 2427 οὐκ
837 2374 941 2426 ἐῶν
980 2373 1072 2426 ὑπ’
1091 2373 1300 2426 ἐκείνου
1334 2373 1772 2443 κατανεμόμενον
1804 2390 1941 2425 παν-

365 2466 540 2530 τελῶς
586 2466 934 2537 διαρρυῆναι,
974 2465 1109 2518 ἀλλὰ
1147 2465 1241 2518 καὶ
1288 2464 1461 2527 ἄλλως
1507 2466 1597 2518 διὰ
1620 2468 1719 2536 τῆς
1765 2464 1945 2518 παιδο⁶

363 2559 554 2621 ποιίας
602 2559 814 2627 μεγάλα
853 2558 932 2626 τῷ
958 2557 1284 2628 ἀνθρωπίνῳ
1312 2556 1674 2627 χαριζόμενος
1709 2557 1827 2629 βίῳ.
1878 2556 1944 2610 Τί

357 2651 472 2719 γὰρ
498 2648 756 2720 ἡδύτερον
807 2650 887 2711 είς
934 2647 1204 2719 θυμηδίαν
1232 2648 1539 2719 ἀνθρώπων
1577 2649 1675 2718 τῆς
1703 2650 1768 2701 ἐκ
1814 2648 1946 2701 παίο

358 2743 467 2796 δων
500 2740 877 2812 εὐφροσύνης;
924 2739 977 2793 τί
1022 2739 1066 2792 δ’
1100 2740 1528 2811 ὠφελιμώτερον
1563 2741 1621 2792 ἐν
1652 2744 1767 2803 τοῖς
1802 2741 1947 2795 κατὰ

358 2838 454 2889 τὸν
481 2837 595 2906 βίον
649 2836 937 2906 πράγμασι
967 2837 1081 2897 τοῖς
1109 2850 1169 2886 τε
1199 2833 1379 2897 ἄλλοις
1409 2834 1505 2887 καὶ
1531 2832 1567 2886 ἃ.
1601 2833 1735 2902 πρὸς
1764 2833 1945 2903 γῆρας

361 2930 496 2999 ἡμῖν
522 2929 794 2998 συναντᾷ;
825 2929 889 2997 τῇ
922 2926 1031 2998 γὰρ
1059 2926 1169 2979 τῶν
1198 2926 1404 2978 παίδων
1430 2923 1718 2994 ἐπικουρίᾳ
1744 2925 1944 2991 κουφό-

366 3035 525 3088 τερον
552 3018 612 3070 τὸ
642 3016 874 3087 βαρῦνον
896 3015 987 3068 τοῦ
1017 3016 1204 3085 γήρως
1234 3015 1450 3084 ὁρᾶται.
1494 3013 1655 3066 Ἀλλὰ
1678 3013 1786 3084 γὰρ
1816 3012 1947 3066 ταύ-

362 3125 464 3177 της
486 3109 585 3177 τῆς
615 3106 882 3175 ὠφελείας
907 3107 1029 3158 ἐπεὶ
1057 3106 1132 3176 μὴ
1158 3107 1325 3159 πᾶσιν
1350 3105 1467 3157 ἔστι
1499 3104 1825 3175 μεταλαχείν
1854 3106 1940 3159 διὶ

2118 1913 2263 1969 Idem
2297 1915 2593 1984 imperator
2625 1915 2873 1987 Styliano
2915 1919 3380 1975 excellentissimo
3433 1934 3622 1974 sacro-

2050 2026 2171 2063 rtnn
2202 2010 2509 2066 olﬁciorum
2548 2016 2825 2083 magistro.

2122 2100 2372 2170 Magnum
2410 2117 2543 2157 sane
2599 2103 2985 2174 excellensque
3036 2102 3240 2159 donum
3286 2103 3399 2175 (82)
3445 2119 3472 2157 a
3516 2104 3625 2158 Deo

2049 2200 2299 2247 creatore
2347 2193 2412 2247 ad
2487 2194 2747 2249 mortales
2796 2196 3143 2264 promanavit
3181 2196 3615 2250 matrimonium.

2048 2283 2165 2337 Non
2229 2283 2392 2338 modo
2457 2286 2601 2340 enim
2675 2295 2885 2341 naturae
2933 2287 3126 2343 mortis
3203 2289 3456 2359 ingluviei
3523 2290 3626 2345 ob-

2050 2376 2227 2430 noxia:
2259 2391 2417 2446 opem
2479 2375 2601 2435 fert.
2637 2377 2988 2447 humanoque
3024 2380 3209 2449 generi
3283 2380 3625 2451 perpetuita-

2051 2482 2157 2529 tem
2199 2476 2488 2544 elargitur,
2530 2474 2585 2529 id
2612 2476 2739 2528 dum
2773 2474 2843 2528 ab
2870 2475 2961 2529 illa
2996 2476 3331 2545 depascitur,
3373 2492 3481 2530 non
3510 2491 3629 2528 om-

2051 2564 2180 2615 nino
2210 2562 2459 2631 deperire
2490 2562 2725 2617 'sinens:
2756 2577 2940 2615 verum
2976 2563 3141 2616 etiam
3190 2578 3288 2632 per
3331 2562 3627 2617 liberorum

2052 2650 2490 2718 procreationem
2547 2665 2843 2721 permagna
2902 2650 3104 2721 alioqui
3162 2652 3453 2706 hominum
3501 2653 3629 2706 vita}

2051 2748 2300 2810 praestat.
2356 2740 2490 2794 Nam
2538 2741 2672 2811 quid
2702 2757 2767 2795 ea
2817 2756 2938 2809 quae
2984 2758 3049 2796 ex
3085 2743 3274 2797 liberis
3322 2743 3629 2813 percipitur

2052 2832 2331 2901 voluptate
2345 2833 2409 2887 ad
2432 2834 2787 2888 oblectandos
2807 2832 3090 2887 hominum
3126 2834 3340 2888 animos
3371 2834 3627 2888 suavius?

2053 2936 2145 2977 aut
2186 2938 2316 2979 vero
2350 2923 2481 2994 quid
2502 2925 2557 2978 in
2590 2926 2844 2979 humana:
2871 2926 2995 2978 vita:
3041 2925 3301 2994 negotiis,
3331 2939 3457 2980 cum
3483 2924 3624 2991 aliis,

2057 3026 2167 3069 tum
2210 3031 2332 3086 qua:
2366 3020 2419 3069 in
2475 3024 2758 3071 senectute
2806 3017 2965 3071 nobis
2996 3031 3056 3071 se
3099 3015 3357 3083 offerunt,
3396 3017 3628 3070 utilius?

2056 3106 2251 3162 Levari
2280 3117 2432 3163 certe
2460 3110 2764 3163 senectutis
2812 3108 3094 3163 molestias
3129 3108 3427 3163 liberorum
3463 3108 3627 3162 mini-

360 3200 464 3268 τῆς
496 3198 592 3251 τοῦ
632 3199 811 3268 γάμου
854 3196 1093 3266 ὁμιλίας,
1125 3195 1393 3266 ἐϐουλήθη
1430 3195 1614 3266 νόμος,
1642 3195 1736 3247 καὶ
1766 3196 1945 3258 καλῶς

2053 3199 2222 3254 sterio
2268 3198 2542 3253 videmus.
2593 3198 2792 3252 Verum
2836 3198 3101 3268 quoniam
3166 3214 3285 3253 eam
3336 3198 3625 3253 utilitatem

363 3290 661 3360 ἐϐουλήθη,
715 3288 893 3361 οἰκείᾳ
939 3288 1324 3360 φιλανθρωπίᾳ
1370 3290 1496 3351 τοὺς
1543 3289 1620 3359 μὴ
1655 3288 1805 3357 παρὰ
1849 3289 1948 3357 τῆς

369 3384 586 3445 φύσεως
633 3380 897 3443 λαϐόντας
945 3379 1006 3431 τὸ
1037 3380 1209 3449 δῶρον
1254 3378 1638 3449 εὐεργετῆσαι.
1674 3378 1821 3450 Πλὴν
1850 3381 1949 3431 οὐκ

368 3477 451 3537 εἰς
497 3474 705 3534 πάντας
743 3470 975 3539 ἐφύλαξε
1029 3472 1127 3541 τὴν
1167 3471 1487 3541 προαίρεσιν
1535 3469 1801 3539 ἀνελλιπῆ
1851 3472 1949 3538 τὴν

369 3562 693 3634 εὐεργεσίαν
741 3561 1129 3630 πεποιημένος.
1185 3560 1312 3621 Τοῖς
1374 3561 1471 3629 μὲν
1530 3560 1639 3631 γὰρ
1677 3560 1949 3629 παρέσχεν

366 3654 617 3720 ἐξουσίαν
651 3654 745 3705 καὶ
773 3653 896 3722 δίχα
937 3652 1119 3721 γάμου
1160 3649 1433 3703 ποιεῖσθαι
1466 3652 1686 3715 παῖδας,
1718 3654 1846 3713 τοὺς
1892 3650 1948 3703 δὲ

363 3743 708 3814 ἀμετόχους¹
742 3742 842 3811 τῆς
873 3742 1097 3811 χάριτος
1144 3740 1316 3806 εἴασε,
1375 3740 1618 3808 καίτοιγε
1667 3740 1758 3792 τὸν
1803 3741 1950 3804 ἅπαξ

365 3831 448 3893 είς
475 3830 637 3882 τοῦτο
668 3832 1014 3882 καταστάντα
1056 3829 1221 3898 νόμον
1260 3827 1345 3897 ἐφ’
1380 3821 1424 3895 ᾧ
1461 3826 1620 3881 λῦσαι
1649 3827 1748 3899 τὴν
1784 3832 1951 3881 ἀπαι-

362 3921 485 3973 δίαν
503 3923 617 3982 τοῖς
646 3920 1054 3991 στερουμένοις,
1084 3919 1151 3971 δι’
1177 3919 1370 3972 ἐαυτοῦ
1399 3920 1683 3973 δεικνύντα
1706 3919 1949 3987 πατέρας

366 4006 450 4073 οἷς
480 4013 545 4064 ἐκ
572 4011 667 4064 τοῦ
716 4012 894 4081 γάμου
940 4010 1102 4063 τοῦτο
1135 4005 1278 4064 εἶναι
1310 4011 1371 4063 οὐ
1401 4010 1644 4079 γέγονεν,
1692 4010 1772 4072 είς
1805 4011 1948 4063 πάν-

366 4120 469 4164 τας
522 4101 693 4173 ἐχρῆν
740 4102 1055 4155 διαϐιϐάσαι
1104 4101 1204 4171 τὴν
1256 4101 1587 4173 φιλοτιμίαν.
1654 4100 1795 4152 Ἀλλ’
1851 4102 1949 4171 οὐχ

364 4193 510 4247 οὔτω
550 4195 821 4263 βούλεται,
858 4194 1253 4263 ἀποπέμπεται
1278 4194 1335 4246 δὲ
1361 4195 1606 4258 τούτους,
1647 4194 1694 4245 οἳ
1729 4194 1797 4247 τὰ
1825 4210 1948 4247 και-

367 4287 609 4358 ριώτατα
648 4286 984 4356 ἐζημίωνται
1019 4286 1114 4339 καὶ
1158 4285 1253 4349 οὒς
1284 4281 1351 4356 ἦν
1398 4286 1545 4348 εἰκὸς
1589 4286 1950 4356 ἠδικημένους

364 4381 461 4432 καὶ
515 4379 613 4447 τῆς
661 4378 983 4431 παιδοποιοῦ
1010 4379 1402 4452 ἀφῃρημένους
1439 4378 1721 4448 δυνάμεως
1754 4378 1949 4431 οἰκτεί-

366 4486 501 4537 ρειν.
545 4469 655 4522 Καὶ
701 4471 736 4538 ἡ
769 4468 917 4521 αἰτία
950 4469 1048 4537 τῆς
1072 4468 1467 4537 ἀποπέμψεως,
1505 4468 1608 4530 ὃτι,
1635 4468 1819 4537 φησὶν,
1853 4466 1947 4529 οὒς

2052 3306 2147 3359 per
2177 3291 2516 3344 matrimonii
2553 3291 2951 3345 commercium
2998 3290 3263 3360 consequi
3292 3304 3400 3345 non
3435 3305 3628 3347 omnes

2054 3380 2286 3444 valeant,
2315 3379 2490 3433 voluit
2515 3380 2622 3441 lex,
2655 3388 2711 3434 et
2739 3387 2887 3434 recte
2916 3380 3157 3449 quidem,
3214 3381 3268 3433 in
3309 3395 3402 3434 eos
3428 3382 3521 3449 qui
3573 3382 3625 3433 id

2050 3471 2257 3526 donum
2297 3487 2327 3525 a
2358 3482 2551 3526 natura
2586 3486 2695 3525 non
2737 3474 3098 3541 accepissent,
3151 3487 3251 3527 sua
3286 3470 3626 3543 benignitate

2053 3564 2377 3618 beneﬁcium
2410 3563 2684 3619 conferre.
2720 3564 2787 3617 At
2821 3565 2871 3618 id
2904 3567 3244 3635 propositum
3277 3579 3384 3619 non
3436 3565 3507 3618 ita
3533 3580 3623 3619 er-

2053 3668 2120 3724 ga
2152 3669 2345 3709 omnes
2370 3656 2628 3717 servavit,
2657 3663 2717 3709 ut
2763 3656 2911 3709 omni
2945 3654 3163 3710 defectu
3199 3671 3431 3709 vacuum
3461 3653 3626 3709 benc-

2050 3746 2233 3799 ﬁcium
2267 3746 2443 3801 daret.
2480 3746 2619 3801 Aliis
2658 3748 2803 3802 enim
2853 3758 3005 3802 extra
3060 3749 3470 3803 matrimonium
3510 3748 3625 3817 (85)

2049 3838 2371 3907 acquirendi
2429 3838 2634 3893 liberos
2690 3846 3015 3909 potestatem
3052 3840 3203 3905 fecit,
3269 3841 3409 3895 alios
3461 3840 3627 3907 hujus

2048 3929 2424 3983 beneﬁcentia:
2440 3918 2697 3984 exsortes
2717 3930 2960 3999 reliquit.
2984 3930 3308 4000 Quanquam
3326 3933 3445 3999 ejus
3466 3932 3623 3999 legis,

2049 4036 2170 4091 qua:
2203 4021 2259 4075 in
2295 4021 2399 4075 hoc
2425 4023 2592 4077 semel
2613 4023 2755 4076 edita
2788 4030 2932 4078 esset
2970 4032 3027 4076 ut
3057 4023 3354 4076 liberorum
3389 4022 3630 4077 orbitate

2048 4114 2141 4183 qui
2168 4114 2352 4168 nullos
2384 4113 2668 4180 haberent,
2700 4116 2968 4171 liberaret
3018 4131 3082 4171 ac
3132 4131 3229 4172 sua
3261 4130 3365 4186 ope
3413 4125 3624 4184 patres,

2050 4206 2253 4275 quibus
2276 4221 2341 4260 ex
2375 4206 2727 4260 matrimonio
2760 4208 2811 4261 id
2841 4223 2964 4263 esse
3000 4222 3108 4261 non
3159 4207 3508 4276 contigisset,
3544 4204 3626 4261 cf-

2051 4298 2255 4359 ﬁceret,
2278 4298 2552 4366 pertinere
2578 4298 2644 4350 ad
2668 4313 2859 4353 omnes
2882 4299 3296 4354 beneﬁcentiam
3334 4302 3628 4352 convenie-

2058 4387 2175 4441 bat.
2224 4384 2421 4441 Verum
2458 4387 2550 4440 illa
2583 4386 2636 4440 id
2671 4390 2745 4440 ita
2780 4402 2889 4442 non
2928 4388 3077 4453 vult,
3133 4388 3227 4442 sed
3274 4387 3451 4456 rejicit
3502 4387 3628 4440 illos

2051 4478 2146 4547 qui
2182 4478 2404 4532 lethalia
2443 4478 2594 4547 passi
2647 4488 2811 4533 sunt:
2848 4493 3083 4549 quorum
3113 4487 3294 4532 tamen
3346 4478 3491 4548 quod
3543 4478 3629 4532 in-

362 4561 396 4627 ή
434 4558 595 4631 φύσις
627 4559 728 4613 οὐκ
765 4554 875 4612 οἶδε
908 4559 1073 4629 γονῆς
1120 4558 1512 4629 κληρονόμους,
1543 4558 1755 4620 τούτοις
1781 4558 1892 4610 οὐδ’
1919 4562 1945 4610 ό

2050 4566 2198 4635 jnria
2230 4566 2411 4621 atfecti
2444 4606 2459 4631 ,
2491 4569 2907 4638 generandique
2959 4568 3219 4623 facultate
3254 4567 3454 4636 privati
3491 4567 3627 4628 sint,

363 4649 528 4719 νόμος
579 4650 834 4722 τοιαύτης
900 4651 1203 4721 μεταδώσει
1254 4648 1642 4719 κληρονομίας.
1699 4648 1841 4712 Τοὺς
1889 4650 1947 4702 δέ

2056 4658 2312 4712 misereri
2342 4672 2440 4728 par
2474 4668 2614 4714 erat.
2672 4659 2925 4730 Repulsae
2970 4669 3150 4715 autem
3202 4674 3426 4714 causam
3486 4657 3628 4715 hanc

1637 4787 1873 4845 VARUE
1913 4789 2092 4850 LEC'I‘
2098 4796 2211 4850 1οΝ
2218 4795 2319 4852 ES.

473 4931 687 5005 "Ecl.
710 4929 1238 5005 ὁμογνωμονοῡσαν.Δ
1283 4930 1328 4960 ⁹⁷
1366 4928 1438 4981 Ita
1471 4926 1666 5005 Zttich.
1731 4939 1784 4983 et
1823 4930 1937 5005 Ecl.

2050 4934 2216 5005 rimg.
2269 4935 2402 4989 είτε.
2469 4938 2615 4989 "lla
2644 4937 2780 5001 Ecl.,
2812 4936 3007 5004 reliqui
3036 4936 3163 5004 γάρ.
3218 4935 3263 4967 ’³
3306 4934 3476 4988 Estin
3508 4936 3626 4993 Ecl.

365 5002 501 5057 Nov.
533 5002 614 5052 Π.
676 5003 691 5032 ¹
719 4999 810 5055 Sic
841 5005 1081 5055 correxit
1107 5002 1397 5070 Agylaeus;
1434 5000 1593 5053 codd.
1617 4999 1900 5070 διανομήν.

2050 5004 2117 5058 iic
2140 4999 2380 5060 correxit
2416 4999 2773 5077 Stephanus;
2794 4999 2966 5060 Codd.
2995 4999 3278 5074 μετόχους.

1914 5140 2142 5197 NOTAE.

439 5279 554 5348 (78)
593 5277 789 5333 Tacito
819 5292 1100 5332 consensu
1137 5279 1281 5333 ﬁlius
1310 5278 1686 5347 emancipatus
1713 5279 1938 5346 dicitur,

364 5351 415 5405 si
453 5360 609 5419 patre
638 5365 747 5403 non
780 5350 1068 5417 ignorante
1087 5350 1383 5419 separatim
1404 5349 1646 5402 rationes
1679 5350 1940 5416 instituit,

366 5429 468 5473 aut
501 5420 732 5473 scorsitn
760 5423 912 5475 vivnt.
950 5423 1169 5489 tametsi
1213 5419 1502 5489 conjugem
1539 5435 1648 5472 non
1682 5421 1864 5483 habet,
1887 5434 1943 5474 et

364 5492 444 5544 ita
500 5491 800 5557 abrogatur
842 5490 876 5540 I.
915 5490 970 5549 5,
1022 5487 1084 5542 C.
1116 5488 1190 5543 De
1249 5487 1583 5556 emancepat.
1624 5505 1751 5559 qua:
1780 5502 1942 5559 negat

365 5560 538 5613 modo
563 5574 837 5613 consensu
866 5560 1030 5629 (citra
1071 5561 1474 5614 solemnitatem
1523 5558 1842 5629 verborum)
1877 5563 1941 5613 ti-

362 5631 475 5684 lios
496 5630 856 5697 emaneipari.
1508 5653 1513 5661 -

436 5697 550 5766 (79)
578 5701 661 5751 An
695 5698 747 5751 id
772 5696 992 5750 videtur
1016 5699 1189 5762 velle,
1236 5698 1376 5752 ﬁlios
1406 5700 1610 5768 nuptiis
1638 5701 1940 5754 contractis

361 5770 650 5824 voluntate
680 5774 898 5837 patrum
934 5768 1101 5821 tacite
1131 5773 1505 5838 emancipatos
1550 5770 1774 5827 videri?
1823 5769 1941 5823 Non

640 5859 911 5919 PATROL.
946 5860 1063 5919 Gn.
1095 5860 1277 5921 CVII.

2057 5288 2318 5355 arbitror,
2346 5291 2702 5361 quantumvis
2726 5291 2779 5345 id
2829 5292 3021 5345 multis
3052 5290 3189 5344 locis
3238 5290 3397 5342 hodie
3436 5290 3507 5344 sit
3555 5306 3639 5343 rc-

2053 5369 2574 5502 fefiligrkbrogatur
2600 5429 2629 5502 §
2655 5431 2688 5486 9
2738 5430 2913 5485 lnstit.
2945 5430 3019 5486 De
3057 5430 3243 5499 adopt.
3280 5430 3313 5482 I.
3337 5427 3393 5493 9.,
3428 5428 3460 5501 ᾗ
3490 5430 3541 5494 1,
3579 5428 3633 5483 θ’.

2055 5499 2127 5552 De
2157 5505 2318 5569 adop.
2422 5499 2435 5501 “
2608 5499 2622 5502 ’

2125 5566 2239 5636 (81)
2278 5585 2410 5631 xvn,
2437 5571 2642 5625 dicitur
2670 5572 2761 5636 2|,
2796 5569 2983 5626 Harm.
3014 5570 3067 5638 8,
3099 5570 3155 5625 4.

2125 5638 2242 5707 (82)
2279 5639 2414 5691 Nov.
2448 5640 2540 5705 22,
2565 5640 2702 5695 Nov.
2736 5640 2826 5695 59.

2129 5709 2241 5777 (85)
2271 5708 2374 5763 Per
2409 5712 2755 5779 adoptionem
2779 5712 2903 5769 scil.

3115 5861 3183 5922 16
