4048 6444
417 399 526 463 483

1669 393 1942 456 LEONIS
1980 388 2445 453 PHILOSOPHI

3572 390 3678 452 4‘34

416 511 593 583 ponit,
623 512 766 581 quod
794 508 971 564 dicat:
996 506 1145 574 Quos
1180 505 1393 577 (84-85)
1418 513 1610 561 natura
1642 505 1710 560 ad
1734 518 1996 576 generan-

2102 502 2207 571 ἄρα
2246 501 2369 571 οὐχὶ
2417 504 2448 571 ἡ
2480 500 2662 569 φύσις,
2691 500 2830 555 ἀλλὰ
2860 499 3163 572 ἀνθρώπων
3194 500 3378 554 ἀδικία
3408 500 3508 569 τὴν
3547 501 3677 572 κλη-

418 601 551 655 dum
581 615 689 654 non
726 600 955 654 idoneos
1013 597 1251 661 noverit,
1307 597 1408 652 hos
1460 612 1639 667 neque
1677 598 1847 664 legem
1898 597 1999 651 hoc

417 691 682 748 beneficio
706 690 1050 746 aﬂ‘ecturam.
1079 691 1149 744 At
1180 704 1311 744 vero
1345 703 1453 744 non
1490 688 1606 760 (86)
1647 696 1867 755 natura,
1902 687 1999 742 sed

418 784 699 839 hominum
723 784 926 854 injuria
950 785 1039 840 his
1070 781 1372 854 generandi
1407 781 1515 834 vim
1549 781 1775 836 ademit.

487 873 594 939 Qui
622 874 898 940 homines,
965 876 1009 929 si
1044 884 1244 944 praeter
1286 874 1547 943 injuriam
1583 888 1745 942 quam
1779 872 1847 927 ab
1898 872 1998 925 ho-

417 965 658 1020 minibus
686 968 1337 1030 sustinuerunt,alteram
1370 980 1468 1036 per
1522 965 1671 1036 leges
1705 979 1814 1019 non
1866 962 1995 1017 sub-

417 1056 579 1119 irent,
598 1040 823 1128 dignum
849 1058 964 1112 fore
1000 1058 1347 1127 imperatoria
1372 1067 1560 1113 nostra
1589 1056 1848 1127 maiestas
1879 1062 1996 1107 rata

412 1147 629 1212 statuit,
662 1155 721 1201 ut
751 1149 795 1203 si
832 1150 1096 1218 adoptare
1126 1148 1349 1213 vellent,
1395 1149 1622 1204 liberam
1669 1149 1721 1203 id
1755 1146 1994 1202 faciendi

418 1244 743 1305 potestatem
812 1238 1077 1293 haberent
1150 1238 1286 1307 (87).
1359 1236 1628 1294 Existimo
1665 1238 1811 1293 enim
1867 1237 1981 1290 illic

420 1327 751 1382 beneficium
787 1331 966 1398 magis
995 1344 1116 1383 esse
1148 1330 1545 1396 necessarium,
1587 1328 1678 1383 ubi
1729 1327 1850 1397 ejus
1889 1328 1993 1382 im-

412 1416 647 1483 pensius
672 1417 972 1484 requiritur
1021 1416 1251 1470 utilitas.
1308 1414 1590 1470 Eunuchis
1630 1423 1817 1470 autem
1852 1430 1991 1485 prae-

414 1507 578 1575 cipue
632 1507 929 1561 liberorum
960 1506 1276 1575 acquisitio,
1313 1521 1434 1577 quae
1456 1522 1552 1577 per
1583 1508 1754 1576 legem
1799 1509 1876 1570 fit,
1913 1516 1996 1562 est

420 1600 756 1662 necessaria,
794 1613 972 1667 eoque
998 1598 1193 1669 magis,
1224 1597 1372 1668 quod
1404 1612 1512 1651 una
1545 1599 1644 1651 hac
1670 1597 1907 1660 ratione,
1935 1606 1993 1651 ut

422 1698 604 1757 patres
628 1689 760 1753 sint,
796 1700 1209 1758 consequantur
1254 1691 1437 1758 itaque
1473 1689 1769 1743 liberorum
1829 1688 1992 1742 mini-

421 1779 589 1834 sterio
626 1779 763 1848 ipsis
806 1779 913 1833 frui
942 1778 1262 1848 contingat:
1293 1794 1403 1849 quo
1435 1779 1791 1834 inhumanum
1818 1788 1992 1846 esset,

2109 592 2363 661 ρονομίαν
2395 591 2665 661 ἀφείλετο.

2175 858 2284 921 Οὓς
2314 861 2347 929 ἡ
2373 857 2620 928 βασιλεία
2648 858 2805 929 ἡμῶν
2838 859 2901 913 εὖ
2937 860 3081 930 ἔχειν
3113 863 3569 934 ὑπολαμὸάνουσα
3603 867 3677 937 μὴ

2101 950 2235 1020 πρὸς
2270 951 2333 1018 τῇ
2359 948 2535 1019 ζημία
2554 948 2622 1018 ἢν
2650 949 2709 1016 ἐξ
2738 947 3039 1019 ἀνθρώπων
3074 952 3387 1022 ὑπέστησαν
3416 955 3677 1026 δευτέραν

2100 1041 2323 1110 ὑπέχειν
2354 1040 2375 1072 ³
2407 1040 2496 1093 διὰ
2538 1039 2635 1093 τοῦ
2672 1042 2839 1111 νόμου
2878 1041 3099 1112 ζημίαν,
3143 1044 3387 1110 θεσπίζει
3416 1047 3440 1079 δ
3497 1047 3680 1117 βουλο-

2102 1132 2294 1202 μένους
2339 1132 2698 1187 υἱοποιεῖσθαι
2729 1132 3007 1187 ἀκώλυτον
3063 1136 3207 1206 ἔχειν
3248 1138 3347 1208 τὴν
3400 1139 3676 1211 βούλησιν.

2098 1219 2266 1294 Οἶμαι
2298 1224 2407 1295 γὰρ
2433 1226 2550 1278 ἐκεῖ
2583 1225 2784 1295 μᾶλλον
2823 1228 3129 1296 ἀναγκαίαν
3149 1230 3380 1300 ὁρᾶσθαι
3410 1231 3509 1301 τὴν
3536 1235 3558 1265 ⁸
3581 1235 3677 1287 26'-

2097 1316 2374 1387 εργεσίαν,
2423 1310 2486 1370 οὗ
2530 1316 2591 1368 τὸ
2629 1316 2689 1381 ἐξ
2738 1318 2907 1388 αὐτῆς
2949 1318 3226 1391 ὠφέλιμον
3255 1306 3679 1394 χρειωδέᾶτερον

2098 1408 2362 1474 πέφυκεν.
2391 1406 2680 1476 Εὐνούχοις
2707 1407 2766 1460 δὲ
2818 1409 3057 1480 μάλιστα
3085 1412 3118 1480 ή
3150 1412 3213 1463 ἐκ
3241 1412 3335 1465 τοῦ
3362 1414 3529 1483 νόμου
3552 1432 3679 1468 παι·-

2094 1497 2304 1551 δοποιία
2327 1496 2579 1550 τοσοῦτον
2598 1500 3019 1570 χρειωδεστάτη,
3043 1501 3166 1553 ὅσον
3194 1503 3288 1554 καὶ
3318 1504 3479 1571 μόνον
3501 1505 3678 1577 τούτῳ

2096 1589 2432 1658 λαμϐάνουσι
2473 1589 2550 1658 τῷ
2598 1590 2785 1659 τρόπῳ
2832 1590 2892 1643 τὸ
2943 1586 3083 1644 εἶναι
3118 1594 3387 1663 πατέρεςο
3434 1596 3529 1649 καὶ
3575 1598 3678 1666 τῆς

2097 1682 2249 1751 παρά
2270 1681 2401 1734 υίῶν
2432 1681 2731 1752 θεραπείας
2750 1681 2923 1746 οὕτως
2943 1683 3127 1747 αὐτοῖς
3142 1685 3473 1741 ἀπολαύσειν
3501 1688 3677 1759 ὑπάρ-

2097 1772 2178 1838 ξει
2209 1775 2250 1836 ⁸,
2300 1768 2367 1844 ἦς
2397 1774 2496 1826 οὐκ
2547 1772 2662 1825 ἔστι
2708 1773 3092 1843 φιλάνθρωπον
3138 1775 3221 1829 ὅτι
3273 1777 3382 1829 τῶν
3431 1779 3673 1850 γονίμων

420 1870 487 1935 si,
515 1845 664 1941 quod
723 1870 1058 1941 genitalibus
1109 1845 1326 1940 privati
1368 1871 1499 1937 sint,
1558 1872 1785 1941 insuper
1827 1845 1994 1926 etiam

2100 1863 2497 1934 ἀπεστέρηνται
2523 1863 2730 1935 μορίων
2754 1868 3292 1936 συναποπερεῖσθαι.
3326 1845 3467 1922 Ἀλλ’
3487 1845 3677 1942 ὥσπερ

420 1965 791 2034 privarentur.
831 1962 937 2019 Sed
995 1962 1454 2033 quemadmodum
1490 1962 1606 2033 (88)
1632 1965 1720 2017 cui
1761 1963 1873 2034 (89)
1901 1978 1996 2019 vo-

420 2055 497 2109 cis
530 2068 665 2109 usus
698 2055 986 2125 ademptus
1016 2063 1122 2117 est,
1158 2070 1278 2125 qua:
1304 2055 1500 2126 linguae
1534 2055 1721 2110 munia
1746 2063 1877 2111 sunt
1899 2070 1994 2126 per

420 2159 639 2198 manum
666 2144 988 2214 adimplere,
1020 2153 1075 2200 et
1101 2134 1207 2215 qui
1224 2159 1534 2200 sermonem
1563 2144 1734 2200 labris
1768 2146 1995 2203 fundere

420 2235 627 2305 nequit,
653 2250 750 2306 per
783 2235 1113 2306 scripturam
1140 2236 1205 2290 ad
1239 2234 1577 2291 ordinandas
1597 2251 1687 2291 res
1713 2251 1842 2292 suas
1865 2253 1995 2308 pro-

420 2326 610 2381 cedere
646 2338 755 2381 non
783 2326 1106 2397 prohibetur
1139 2325 1282 2396 (90),
1347 2327 1418 2379 ita
1478 2341 1655 2396 neque
1702 2328 1820 2396 qui,
1851 2327 1995 2398 quod

421 2407 746 2483 genitalibus
778 2415 976 2484 privati
1009 2423 1158 2478 sunt,
1192 2414 1394 2469 liberos
1445 2431 1554 2470 non
1615 2416 1837 2483 habent,
1899 2417 1997 2471 ho-

422 2521 540 2559 rum
600 2506 963 2576 indigentiam
1024 2507 1130 2561 alio
1180 2508 1342 2586 modo
1403 2523 1764 2577 compensare
1810 2519 1997 2565 vetan-

423 2594 547 2650 dum
580 2606 683 2652 est.

846 2690 1317 2748 CONSTITUTIO
1350 2691 1563 2748 XXVII.

528 2781 595 2834 Ut
622 2784 826 2850 pariter
851 2784 962 2856 (91)
994 2787 1237 2839 omnibus
1272 2785 1383 2857 (92)
1421 2787 1677 2854 adoptare
1724 2785 1898 2839 liceat.

498 2868 643 2925 Idem
668 2872 963 2942 imperator
1014 2876 1189 2930 eidem
1224 2876 1497 2947 Styliano.

489 2960 626 3015 Cum
668 2978 763 3018 eos
791 2965 883 3034 qui
917 2981 1015 3021 sua
1061 2967 1342 3023 industria
1394 2983 1505 3023 rem
1542 2968 1778 3037 aliquam
1808 2968 2000 3024 huma-

421 3066 504 3105 utc
519 3053 638 3106 vita:
658 3056 842 3108 utilem
868 3046 1189 3113 adiuvenire
1208 3058 1453 3123 student,
1474 3059 1527 3112 in
1548 3060 1997 3114 communeillam

2094 1954 2123 2006 ὁ
2160 1953 2347 2022 φωνῆς
2371 1954 2652 2024 ἀποτετμη
2663 1954 2823 2024 μένος
2851 1954 2913 2007 οὐ
2942 1957 3244 2012 κεκώλυται
3272 1959 3343 2012 τά
3371 1959 3471 2030 τῆς
3502 1961 3677 2029 γλώτ-

2097 2061 2195 2114 της
2232 2043 2582 2115 ἀναπληροῦν
2607 2044 2696 2098 διά
2726 2047 2825 2116 τῆς
2853 2048 3056 2118 χειρὸς,
3088 2049 3198 2103 οὐδ’
3225 2049 3285 2113 ὃς
3312 2052 3332 2081 ⁷
3363 2053 3561 2123 ἀπορεῖ
3587 2054 3677 2107 λό-

2096 2152 2191 2204 γον
2222 2135 2311 2189 διά
2340 2135 2565 2205 χειλέων
2599 2136 2951 2207 ἐρεύξασθαι,
2986 2138 3177 2194 τοῦτον
3211 2141 3299 2195 διὰ
3330 2144 3428 2213 τῆς
3457 2147 3677 2216 γραφῆς

2097 2231 2176 2291 εἰς
2208 2228 2306 2299 τὴν
2333 2230 2461 2298 περὶ
2493 2227 2600 2282 τῶν
2633 2228 2852 2283 οἰκείων
2883 2229 3127 2295 διάταξιν
3161 2235 3422 2305 προάγειν
3444 2237 3678 2307 ἀποτρέ-

2099 2336 2280 2383 πεται,
2307 2318 2451 2372 οὕτω
2484 2317 2729 2389 προσῆκε
2751 2320 2773 2352 ⁸
2803 2320 2898 2373 καὶ
2933 2323 3059 2385 τοὺς
3092 2323 3380 2394 ἀφαιρέσει
3408 2325 3515 2379 τῶν
3549 2346 3678 2381 παι-

2099 2411 2329 2465 δοποιῶν
2385 2410 2563 2481 μελῶν
2592 2428 2651 2463 τε
2700 2411 2794 2464 καὶ
2837 2413 3043 2482 μορίων
3076 2416 3097 2447 ⁹
3130 2416 3294 2486 γονῆς
3336 2418 3679 2489 ἀποροῦντας

2104 2492 2179 2572 μὴ
2208 2501 2434 2554 κωλύειν
2469 2502 2639 2572 ἑτέρῳ
2683 2500 2871 2572 τρόπῳ
2921 2506 3363 2576 παραμυθεῖσθαι
3403 2509 3503 2577 τὴν
3536 2510 3676 2563 ἀπο-

2102 2594 2243 2664 ρίαν.

2568 2690 2883 2746 ΔΙΑΤΔΞΙΣ
2930 2688 3035 2744 ΚΖ⁹
3078 2690 3215 2744 “°“.

2276 2784 2414 2852 Περὶ
2447 2784 2551 2838 τοῦ
2580 2786 2800 2854 ἐπίσης
2829 2785 3059 2850 πάντας
3088 2783 3500 2840 υίοθετεῑσθαι.

2184 2876 2242 2928 Ὀ
2273 2876 2434 2939 αὐτὸς
2466 2876 2721 2945 βασιλεὺς
2756 2876 3029 2946 Στυλιανῷ
3062 2874 3142 2945 τῷ
3176 2875 3344 2943 αὐτῷ.

2172 2967 2283 3021 Καὶ
2325 2967 2505 3030 καλῶς
2531 2970 2574 2999 υ
2604 2968 2811 3037 πρέπον
2865 2968 3099 3038 ὑπάρχει
3154 2966 3252 3037 τὴν
3298 2966 3564 3035 ὠφέλειαν
3622 2966 3680 3019 ἐν

2105 3058 2271 3128 κοινῷ
2298 3057 2686 3111 κατατίθεσθαι
2716 3057 2842 3119 τοὺς
2881 3057 3070 3125 ὄφελός
3102 3074 3155 3109 τι
3195 3056 3437 3127 ἐξευρεῖν
3470 3055 3547 3124 τῷ
3578 3055 3679 3126 βίῳ

422 3157 756 3212 proponere,
812 3161 977 3215 quam
1031 3147 1142 3217 (93)
1181 3150 1348 3202 certis
1388 3150 1702 3204 hominibus
1736 3151 1996 3205 devovere

2106 3151 2362 3213 σπουδαῖς
2409 3149 2637 3212 οἰκείαις
2693 3148 3164 3220 προθυμηθέντας⁹
3214 3148 3337 3218 ἥτὸ
3390 3147 3677 3218 βούλεσθαι

422 3233 671 3302 aliosque
729 3236 850 3304 ejus
895 3248 1148 3306 expertes
1188 3238 1509 3309 relinquere
1562 3239 1850 3296 decentius
1891 3243 1996 3295 sit:

423 3338 536 3381 tum
571 3343 699 3383 vero
728 3329 887 3399 longe
921 3332 1090 3401 magis
1145 3329 1324 3401 legum
1350 3332 1677 3387 beneficium
1709 3348 2002 3388 commune

422 3435 554 3475 esse
589 3423 864 3475 convenit.
916 3421 1048 3476 Nam
1097 3422 1241 3477 sicut
1280 3425 1383 3479 sub
1432 3412 1702 3494 principe,
1761 3425 1999 3492 virtute,

427 3512 508 3565 sic
539 3513 642 3565 sub
676 3513 909 3584 legibus,
941 3523 1213 3585 quotquot
1244 3515 1353 3570 illis
1383 3531 1641 3585 paremus
1680 3524 1843 3586 atque
1868 3516 2003 3571 sub-

424 3603 524 3656 diti
556 3619 773 3669 sumus,
811 3607 1029 3660 illarum
1058 3608 1326 3662 beneficio
1363 3610 1415 3662 in
1448 3624 1740 3664 commune
1770 3608 1875 3665 frui
1908 3611 2003 3665 de-

428 3696 645 3750 bemus.
677 3698 745 3748 At
784 3698 914 3766 quid
944 3698 1048 3753 sibi
1098 3700 1212 3751 vult
1268 3700 1371 3754 hoc
1428 3701 1800 3769 prooemium?
1844 3702 2002 3768 Quod

426 3802 548 3838 cum
576 3786 871 3843 liberorum
904 3790 1141 3845 orbitate
1175 3790 1423 3846 infelices
1483 3792 1718 3848 liberare
1763 3793 1999 3849 infortu-

427 3878 518 3933 nio
544 3878 629 3933 lex
670 3880 852 3946 vellet,
893 3880 1174 3951 adoptare,
1222 3889 1277 3937 et
1318 3881 1460 3951 quod
1514 3897 1542 3935 a
1571 3891 1767 3937 natura
1827 3884 2001 3955 accipi

429 3985 539 4024 non
563 3981 775 4041 posset,
803 3974 1061 4043 Opinione
1086 3989 1430 4045 comparare,
1469 3974 1718 4045 jubendo
1740 3991 1847 4031 non
1871 3991 2001 4047 erga

428 4078 623 4119 omnes
657 4065 910 4121 similiter
947 4066 1182 4120 servarit
1212 4066 1555 4137 propositum
1583 4083 1597 4120 :
1650 4077 1815 4136 atque
1846 4069 1997 4123 viros

428 4151 648 4224 quidem
681 4162 735 4210 et
766 4154 1046 4220 mulieres,
1071 4169 1207 4226 quas
1236 4162 1431 4210 natura
1476 4164 1766 4226 postquam
1794 4165 1996 4214 matres

2102 3243 2291 3313 μέχρις
2322 3240 2479 3293 ἐνίων
2513 3239 2819 3309 προσώπων
2854 3240 3213 3309 περιορίζειν,
3248 3240 3374 3301 τοὺς
3396 3239 3441 3291 δ’
3485 3239 3678 3300 ἄλλους

2101 3331 2401 3403 ἀμετόχους
2434 3330 2639 3399 ταύτης
2679 3330 2800 3399 ὲᾷν,
2836 3329 2971 3383 πολὺ
3010 3330 3067 3382 δὲ
3110 3330 3271 3382 πλέον
3312 3329 3557 3400 προσῆκε
3580 3331 3680 3401 τὴν

2101 3424 2166 3476 ὲκ
2191 3421 2299 3475 τῶν
2338 3422 2518 3491 νόμων
2552 3421 2871 3493 εὐεργεσίαν
2914 3417 3053 3473 εῖναι
3090 3422 3297 3490 κοινήν.
3328 3421 3543 3491 Ὠσπερ
3570 3422 3680 3491 γὰρ

2103 3514 2196 3566 ἐπὶ
2225 3512 2484 3583 ἄρχοντος
2508 3512 2730 3581 ἀρετῆς,
2767 3510 2908 3563 οὕτω
2936 3510 3031 3563 καὶ
3062 3510 3154 3561 ἐπὶ
3183 3510 3361 3579 νόμων
3389 3511 3679 3580 ὀφείλομεν

2104 3606 2258 3674 κοινῇ
2297 3602 2390 3656 τοῦ
2414 3602 2624 3655 ὲκεῖθεν
2655 3600 2950 3655 ἀπολαύειν
2987 3599 3152 3654 καλοῦ
3182 3601 3326 3654 ἆπαν
3355 3602 3414 3654 τὸ
3442 3603 3680 3673 ἀρχόμε-

2105 3697 2194 3750 νόν
2218 3713 2277 3749 τε
2303 3696 2396 3748 καὶ
2417 3694 2795 3763 ὑποκείμενον.
2820 3693 2885 3747 Τί
2908 3692 3065 3746 τοῦτο
3092 3694 3240 3763 λέγει
3270 3693 3330 3746 τὸ
3358 3695 3679 3764 προοίμιον;

2106 3786 2232 3842 ’Ότι
2246 3790 2356 3849 τοῖς
2372 3786 2664 3855 ἀτυχοῦσιν
2688 3785 2946 3839 ἀπαιδίαν
2967 3784 3114 3838 λύειν
3140 3784 3458 3855 βουλόμενος
3480 3784 3538 3835 τὸ
3550 3784 3679 3837 δυσ-

2102 3880 2326 3951 τύχημα
2374 3878 2535 3947 νόμος
2576 3879 2633 3931 ὲν
2675 3876 2758 3947 τῷ·
2790 3878 3148 3931 υίοθετεῖσθαι
3194 3878 3555 3947 προστάσσειν
3583 3877 3679 3929 καὶ

2104 3975 2297 4045 γνώμῃ
2330 3974 2505 4025 ἐκεῖνο
2539 3970 2771 4024 κτᾶσθαι
2798 3970 2826 4023 ὃ
2858 3970 2935 4041 μὴ
2959 3968 3189 4040 εὔπορον
3228 3969 3272 4000 ¹³
3312 3968 3496 4022 λαϐεῖν
3526 3968 3680 4037 παρὰ

2105 4065 2205 4133 τῆς
2249 4063 2486 4131 φύσεως,
2538 4062 2598 4115 ού
2648 4061 2783 4132 πρὸς
2830 4062 3039 4123 πάντας
3088 4059 3289 4129 ὁμοίως
3323 4058 3543 4110 διέσωσε
3578 4058 3680 4123 τὴν

2106 4154 2446 4228 προαίρεσιν,
2480 4152 2593 4208 ἀλλ’
2622 4152 2843 4223 ἀνδράσι
2872 4151 2970 4223 μὲν
3000 4151 3094 4205 καὶ
3117 4148 3380 4220 γυναιξὶν,
3415 4148 3481 4213 ἀς
3510 4147 3680 4216 ἐγνώ-

1704 4334 1938 4391 ὀἈίὶΙᾸΞ
1971 4335 2376 4394 LECTIONES.

454 4510 456 4528 ζ
498 4453 608 4528 ⁸]ηλ
641 4452 838 4528 Ζιιίοιι.
865 4463 921 4528 et
953 4455 1328 4528 Meet-m._cod.
1348 4457 1596 4528 ἐπέχειν.
1671 4458 1693 4489 ³
1713 4456 1852 4513 Hinc
1885 4457 2207 4528 incipitEcl.
2279 4460 2300 4490 ⁵
2331 4456 2444 4512 Ecl.
2471 4455 2623 4510 addit
2645 4454 2846 4528 πςσαν.
2925 4452 2945 4483 ⁸
2969 4449 3084 4528 Ecl.
3115 4448 3399 4528 ὑπάρξειν.
3461 4455 3481 4487 ⁷
3504 4448 3678 4528 Codd.

428 4523 478 4599 ᾇ,
667 4523 879 4599 ούδζᾶν
901 4526 1163 4599 ἀπορῇ.--
1188 4525 1209 4556 ⁸
1238 4524 1325 4599 Ita
1346 4523 1661 4599 Paciftlodd.
1694 4529 1754 4599 τὸ
1786 4523 2085 4599 προσήκειν
2120 4529 2201 4583 vel
2238 4528 2537 4599 προσήκει.

1288 4597 1329 4626 ¹¹
1370 4595 1681 4666 Stephanus
1718 4588 2000 4668 legendum
2034 4608 2188 4667 putat
2223 4588 2426 4661 άλλωςξ
2498 4596 2753 4667 Agylaaus
2798 4594 2901 4663 legi
2933 4590 3049 4645 vult
3099 4588 3319 4659 μᾶλλον.
3378 4589 3423 4620 ¹³

431 4594 545 4626 ³ο·¹¹
567 4595 661 4648 Est
699 4595 753 4648 in
786 4595 901 4649 Ecl.
930 4593 1075 4651 Nov.
1100 4594 1187 4649 18.

430 4663 572 4721 forte
590 4664 902 4736 εὐποροῦσι.

2650 4525 2671 4556 ⁸
2699 4522 2814 4577 Ecl.
2850 4536 2959 4576 non
2995 4520 3154 4574 habet
3180 4535 3252 4589 τε
3299 4519 3395 4571 καὶ
3452 4520 3676 4589 μορίων.

3505 4591 3682 4647 ectius

1933 4781 2167 4838 NOTAE.

503 4897 897 4975 (ει-δῦλῐὶοιίρ
928 4897 1211 4975 d_ub_itandi
1239 4902 1474 4975 sumitur
1504 4919 1569 4958 ex
1596 4904 1623 4975 §
1647 4906 1700 4960 9.
1720 4905 1900 4960 lustit.
1922 4904 1998 4960 De
2028 4914 2073 4969 Β
2177 4903 2290 4973 (88)
2316 4902 2476 4958 Ratio
2534 4898 2820 4975 decidendi
2863 4898 3014 4975 satis
3044 4895 3297 4975 elegans.
3341 4892 3528 4975 Possis
3566 4904 3619 4975 et
3647 4910 3677 4948 a

431 4966 621 5046 adept.
651 4966 777 5046 μῆ.
809 4967 904 5046 §l,
942 4969 996 5025 ιγ.
1025 4969 1102 5025 De
1122 4972 1306 5046 adopt.
1336 4970 1523 5046 Potest
1554 4966 1635 5029 sic
1656 4991 1721 5030 ea
1751 4975 1939 5046 augeri
1969 4993 1982 5026 :

431 5039 714 5117 ljzered-em
746 5039 1030 5117 instituere
1060 5039 1333 5117 eunuchis
1368 5060 1475 5097 non
1514 5045 1687 5117 licuit,
1713 5048 1748 5100 ι.
1784 5039 1853 5117 ϐξ
1876 5044 1903 5114 §
1939 5046 1985 5117 ι,

430 5108 487 5180 ff.
515 5107 589 5180 De
620 5107 801 5180 libera,
828 5111 931 5180 vel
968 5112 1377 5166 matrimonium
1417 5107 1766 5180 contrahere,
1824 5107 1987 5179 1.39,

431 5179 485 5254 in
511 5177 696 5254 fut._lI._
722 5177 794 5254 De
818 5179 942 5254 jure
970 5180 1083 5235 dot.
1109 5196 1124 5245 ;
1150 5196 1274 5234 nam
1294 5184 1448 5254 quod
1480 5184 1701 5254 dicitur,
1724 5177 1823 5254 pro
1844 5177 1991 5254 mor?

434 5249 581 5302 bosis
611 5248 820 5310 haberi.
847 5250 900 5305 id
932 5250 1105 5306 levius
1134 5260 1237 5316 est,
1293 5248 1336 5307 l.'
1370 5253 1423 5319 7,
1458 5253 1514 5308 fl‘.
1546 5254 1621 5310 De
1650 5248 1839 5310 aid'ilit.
1875 5252 1989 5306 llo-

431 5319 516 5372 die
529 5320 1115 5391 _testamentuml‘acere
1134 5331 1388 5388 possunt,
1414 5324 1451 5376 ι.
1471 5325 1523 5389 5,
1549 5325 1612 5379 C.
1634 5325 1737 5391 Qui
1769 5333 1988 5379 testam.

499 5389 609 5463 (86)
648 5390 1029 5463 liunuchiAnon
1096 5390 1230 5444 fiunt
1258 5404 1474 5460 natura,
1506 5402 1565 5448 ut
1597 5389 1722 5449 hic:
1764 5395 1893 5448 licet
1939 5395 1995 5446 in

428 5459 756 5531 quibusdam
791 5460 1130 5531 spadonibus
1158 5471 1349 5517 contra
1406 5459 1601 5531 l.7128,
1631 5466 1684 5519 ti".
1740 5462 1816 5518 De
1843 5464 1993 5516 verb.

430 5530 535 5602 sig.
564 5530 765 5602 quibus
822 5531 1042 5602 adoptio
1073 5535 1342 5600 permissa
1393 5535 1431 5588 l.
1487 5530 1593 5597 40,
1615 5537 1670 5588 in
1704 5534 1800 5589 fin.
1830 5530 1887 5588 ff.
1923 5532 1998 5586 De

431 5598 866 5674 adop.Diﬂ‘erunt
887 5598 1031 5657 enim
1053 5598 1351 5659 acastratis
1375 5606 1442 5659 de
1463 5606 1665 5675 quibus
1683 5606 1772 5660 hic
1788 5606 1995 5674 agitur;

434 5664 543 5717 dixi
574 5666 637 5720 ad
665 5667 726 5719 D.
751 5671 785 5723 l.
830 5672 952 5725 128.

476 5680 543 5717 IXt
574 5680 637 5720 ad
666 5680 726 5719 υ.
751 5680 785 5723 l.
830 5680 952 5725 T218.

509 5733 783 5816 _Olitn
808 5741 1331 5816 castratiadoptare
1371 5760 1480 5800 non
1536 5753 1813 5816 poterant,
1847 5752 1901 5801 et
1926 5744 2000 5800 ita

438 5796 727 5868 abrogatur
758 5805 860 5873 §9,
894 5808 947 5861 d.
986 5827 1003 5859 ι
1048 5812 1098 5864 l.

2103 4966 2351 5028 silnili'id
2382 4975 2547 5027 etiam
2582 4970 2910 5025 confirmare
2952 4984 2964 5020 :
2998 4967 3151 5020 Licet
3196 4966 3469 5019 eunuchis
3503 4973 3679 5019 testu-

2098 5055 2344 5098 mentum
2396 5043 2598 5107 facere,
2650 5042 2689 5093 l.
2727 5039 2816 5103 10,
2865 5037 2929 5092 C.
2973 5036 3076 5103 Qui
3136 5043 3486 5101 testamenta,
3544 5050 3679 5104 ergo

2098 5114 2384 5168 adontare.

2173 5131 2384 5180 optare.

2173 5182 2285 5255 (89)
2316 5183 2379 5255 [λ.
2406 5181 2496 5247 10,
2530 5180 2588 5235 θ’.
2616 5179 2721 5245 Qui
2752 5185 3105 5255 testamenta.

2171 5243 2284 5324 (90)
2314 5251 2379 5324 Et
2407 5243 2657 5324 econtra
2679 5250 2773 5324 qui
2805 5263 3000 5302 manus
3039 5248 3246 5313 amisit,
3268 5243 3451 5303 verbis
3478 5245 3679 5300 testari

2100 5320 2375 5397 potest,_l.
2399 5323 2493 5397 _s_0,
2526 5320 2583 5375 ff.
2614 5320 2720 5397 Qui
2749 5327 3105 5397 _testamenta.

2169 5394 2282 5466 (91,)
2395 5391 2583 5466 Ηδτηὶο
2611 5389 2791 5466 8t§_"
3325 5455 3359 5466 ..

2173 5452 2285 5533 (9'2)
2324 5464 2499 5516 Etiam
2546 5452 2785 5533 feminis
2828 5473 2971 5533 quae
2996 5472 3277 5533 nunquam
3325 5455 3529 5533 liberos
3575 5452 3677 5533 liaf

2102 5524 2360 5596 buerunt,
2392 5541 2446 5587 et
2490 5534 2566 5586 ita
2616 5524 2911 5601 abrogatur
2948 5528 2975 5599 §
3010 5527 3097 5581 lO.
3136 5524 3283 5591 'lnst,
3323 5524 3396 5579 De
3420 5526 3581 5593 adop.
3623 5532 3680 5577 et

2104 5608 2139 5660 ι.
2176 5605 2227 5664 5.
2262 5604 2326 5657 (ἶ.
2360 5603 2433 5656 De
2468 5604 2651 5670 adopt.
3525 5660 3538 5673 .

2183 5675 2293 5745 (95)
2326 5672 2611 5741 Superflue
2638 5671 2737 5745 uni
2760 5677 2855 5745 aut
2890 5666 3080 5745 paucis
3110 5666 3428 5745 scribitur).
3449 5661 3576 5745 tibi“
3592 5666 3679 5745 est

2109 5730 2289 5801 causa,
2329 5730 2679 5797 cunctorum.
2705 5730 2951 5794 Salvian.
3010 5736 3317 5808 ad‘eccles.
3350 5733 3504 5789 Adde
3536 5730 3675 5786 Nov.

2110 5817 2250 5872 Just.
2290 5814 2380 5879 60,
2414 5828 2535 5884 cap.
2568 5812 2623 5879 l,
2665 5814 2721 5867 in
2755 5810 2851 5865 fin.
