4048 6438
365 400 479 466 £85

1469 394 1832 458 NOVELLE
1876 395 2549 460 CONSTITUTIONES.

3531 409 3640 479 488

371 532 491 588 ptas
523 515 625 587 μιν
649 515 684 586 ἡ
722 513 885 585 φύσις
916 512 1182 586 μητέρας,
1224 514 1303 577 είς
1337 505 1592 568 ἀπαιδίαν
1623 513 1682 566 δὲ
1720 513 1942 584 ἀφαιρὲ-

2056 517 2302 572 novisset
2360 517 2476 587 (94)
2541 515 2896 587 ademptione
2946 516 3154 574 sobolis
3205 518 3276 575 ad
3336 518 3639 581 liberorum

370 627 456 664 σει
499 608 604 679 τῆς
643 607 811 676 γονῆς
851 607 1177 678 περιέστησε
1211 605 1277 668 ⁸⁸.
1311 605 1372 658 τδ
1415 605 1714 675 υίοθέτημα
1745 605 1950 675 ἐδωρή-

368 718 521 767 σατο,
549 701 840 770 εὐνούχους
869 699 926 753 δὲ
951 700 1046 754 καὶ
1075 698 1294 766 γύναια,
1319 693 1395 751 ῶν
1420 696 1576 751 οὔπω
1597 697 1706 751 τῶν
1732 698 1950 752 κόλπων

363 795 393 847 ὁ
419 792 516 846 τοῦ
543 791 734 860 γένους
767 792 972 861 ἦνθησε
1021 791 1242 860 στάχυς,
1273 789 1376 842 οὐκ
1407 789 1592 852 ἀξίους
1631 787 1812 859 ἔκρινε
1853 786 1947 841 τοῦ

361 885 830 955 εὐεργετήματος,
863 883 960 952 οὐχ
989 881 1099 952 ὁρῶ
1127 881 1250 935 τίνα
1288 881 1490 950 τρόπον
1517 879 1662 933 οὕτω
1693 879 1944 950 μικρολο-

358 975 650 1046 γούμενος.
697 976 773 1028 Οὐ
803 975 912 1044 γὰρ
966 974 1048 1027 ὅτι
1102 973 1438 1044 ὲζημίωνται
1492 972 1554 1025 τὸ
1601 967 1740 1025 εἶναι
1786 973 1947 1040 φύσει

359 1067 600 1135 πατέρες
645 1064 914 1135 εὐνοῦχοι,
955 1064 1043 1117 διὰ
1072 1063 1230 1117 τοῦτο
1274 1065 1424 1134 νόμῳ
1452 1063 1550 1134 τὴν
1588 1063 1794 1134 ζημίαν
1823 1065 1946 1117 ὲπι-

358 1160 561 1213 τείνειν
590 1157 719 1230 χρὴ,
758 1157 894 1210 ἀλλὰ
925 1156 1240 1209 τούναντίον
1277 1155 1480 1226 μᾶλλον
1521 1154 1584 1207 τὸ
1621 1154 1833 1208 ἐκεῖθεν
1859 1157 1946 1208 ὲν-

359 1252 478 1315 δεὲς
507 1253 682 1322 ἑτέρῳ
710 1251 899 1320 τρόπῳ
931 1248 1007 1320 μὴ
1031 1248 1261 1301 κωλύειν
1305 1247 1644 1322 πορίζεσθαι,
1677 1247 1862 1311 καθὼς
1887 1250 1946 1301 ἐν

355 1347 478 1406 ταῖς
505 1343 694 1405 ἄλλαις
720 1340 1049 1395 κολοὸὡσεσι
1078 1341 1189 1393 τῶν
1212 1341 1457 1408 φυσικῶν
1487 1340 1801 1410 ἐνεργειῶν,
1832 1335 1945 1394 οἷον

359 1437 450 1488 ἐπὶ
486 1434 690 1504 χειρῶν
716 1433 810 1486 καὶ
845 1431 1022 1486 ποδῶν
1053 1432 1149 1485 καὶ
1189 1433 1242 1485 εἴ
1267 1449 1318 1484 τι
1364 1432 1492 1486 ἀλλο
1538 1432 1944 1503 ἀπεστέρηνται

357 1525 658 1595 ἄνθρωποι,
691 1525 753 1577 ού
797 1523 1103 1576 κωλύονται
1133 1525 1227 1576 τὸν
1260 1523 1487 1576 δυνατὸν
1525 1523 1728 1596 τρόπον
1761 1542 1944 1596 παρα-

359 1617 646 1688 μυθεῖσθαι
675 1617 774 1686 τὴν
822 1615 1145 1669 κολόσωσιν.
1195 1616 1306 1668 Καὶ
1352 1615 1459 1686 μὴν
1491 1615 1614 1669 οὐδὲ
1652 1619 1941 1683 γυναῖκας,

353 1709 486 1762 διότι
514 1709 589 1779 μὴ
611 1707 872 1776 ὤφθησαν
901 1707 1158 1779 μητέρες,
1191 1707 1412 1775 εὔλογόν
1441 1708 1590 1760 ἐστιν
1610 1706 1944 1777 ἀποτρέπειν

353 1801 736 1856 υίοθετεϊσθαι.
773 1801 869 1864 Τίς
898 1802 1009 1872 γὰρ
1051 1803 1080 1854 ό
1110 1801 1268 1870 λόγος
1305 1799 1400 1853 τοῦ
1444 1801 1544 1862 τὰς
1576 1799 1696 1870 μὲν,
1720 1800 1804 1853 ὅτι
1833 1802 1941 1870 ἀφ-

2058 608 2356 663 orhitatem
2427 607 2765 678 redegisset,
2827 608 3122 680 adoptandi
3171 611 3299 681 jure
3359 612 3637 675 donarit:

2055 700 2342 755 eunuchos
2393 699 2506 769 (95)
2563 713 2693 753 vero
2746 707 2800 755 et
2849 701 3200 766 mulieres,e
3231 719 3466 773 quarum
3516 707 3644 760 sinu

2056 791 2302 845 nondum
2368 790 2510 844 ullus
2559 790 2702 845 fetus
2763 789 3111 856 cflloruisset,
3169 792 3436 856 beneficio
3495 794 3641 850 indi-

2056 897 2193 951 gnos
2221 882 2520 946 censuerit,
2571 890 2681 936 tam
2734 882 2940 937 utiliter
2995 885 3184 938 nescio
3231 885 3508 954 quomodo
3552 901 3644 939 ra-

2057 973 2335 1028 tiocinata.
2366 973 2488 1028 Non
2520 974 2666 1030 enim
2718 975 2846 1043 quia
2909 975 3010 1030 hoc
3050 976 3419 1040 incommodo,
3455 984 3513 1030 ut
3547 993 3644 1030 na-

2057 1074 2178 1118 tura
2232 1073 2412 1133 patres
2468 1080 2591 1119 esse
2638 1072 2936 1136 nequeant,
2993 1066 3229 1120 eunuchi
3275 1066 3452 1122 affecti
3506 1067 3639 1133 sint,

2054 1156 2319 1211 continuo
2371 1157 2512 1212 idem
2545 1157 2952 1213 incommodum
2981 1159 3094 1228 lege
3133 1160 3317 1230 augeri
3350 1160 3461 1229 (96)
3484 1175 3642 1231 opor-

2054 1255 2176 1302 tet:
2219 1247 2315 1303 sed
2347 1263 2378 1302 e
2404 1247 2622 1304 diverso
2691 1249 2813 1318 ejus
2870 1249 2947 1305 rei
3001 1250 3276 1305 defectum
3310 1252 3417 1306 alio
3475 1251 3639 1309 modo

2053 1338 2402 1403 compensari
2454 1353 2563 1392 non
2620 1340 2935 1408 prohibere,
2971 1341 3134 1408 longe
3168 1343 3344 1412 magis
3377 1357 3476 1412 par
3505 1351 3634 1397 est:

2052 1427 2513 1497 quemadmodqu
2579 1429 2704 1483 aliis
2746 1431 3032 1495 membris,
3092 1447 3212 1500 qua:
3253 1432 3321 1486 ad
3389 1435 3638 1488 actiones

2051 1519 2334 1572 naturales
2379 1519 2733 1588 requiruntur
2778 1521 2860 1591 (ut
2899 1521 3154 1577 inanibus
3197 1521 3338 1592 (97),
3382 1523 3637 1594 pedibus)

2051 1609 2343 1674 mutilatis,
2400 1617 2495 1663 aut
2523 1609 2707 1680 siqua
2735 1611 2842 1665 alia
2895 1621 3051 1681 parte
3100 1612 3638 1682 privatisinthomiv

2049 1715 2172 1764 nes,
2198 1700 2275 1754 illi
2321 1714 2654 1770 quocunque
2705 1708 2941 1770 possunt
2987 1700 3151 1756 modo
3231 1703 3637 1761 mutilationem

2050 1789 2259 1845 sarcire
2294 1804 2402 1843 non
2430 1789 2808 1858 prohibentur.
2847 1787 2968 1844 Jam
3000 1805 3130 1845 vero
3167 1806 3344 1861 neque
3377 1792 3636 1851 mulieres

351 1891 629 1961 ῃρέθησαν
643 1891 754 1943 τῶν
777 1891 1004 1956 παίδων,
1029 1878 1436 1961 φιλοτιμεῖσθαι
1455 1891 1618 1944 πάλιν
1635 1891 1942 1961 κτήσειτῶν

2052 1883 2180 1953 quia
2236 1890 2441 1936 matres
2468 1897 2578 1936 non
2631 1881 2874 1948 fuerint,
2909 1897 2978 1937 ne
3041 1881 3300 1952 adoptcut
3363 1885 3632 1948 coerceri,

351 1982 582 2046 παίδων,
615 1983 714 2045 τάς
737 1982 813 2049 δὲ,
848 1983 930 2036 ὅτι
968 1982 1251 2046 παντελῶς
1279 1981 1476 2053 ἄποροι
1503 1983 1750 2036 τοιούτου
1784 1982 1947 2050 γεγό-

350 2088 475 2124 νασι
504 2073 808 2142 κτήματος,
832 2071 923 2125 διὰ
963 2071 1079 2142 βίου
1109 2071 1285 2144 ταύτῃ
1311 2075 1378 2143 τῇ
1420 2072 1628 2142 ἀπορίᾳ
1659 2072 1945 2142 βούλεσθαι

349 2160 556 2225 ταύτας
612 2161 816 2233 συζῇνς
852 2164 916 2216 Ei
947 2164 1056 2234 γὰρ
1105 2162 1264 2217 τοῦτο
1314 2165 1549 2235 μάλιστα
1576 2163 1637 2217 τὸ
1686 2165 1797 2218 ἀπὸ
1835 2165 1946 2220 τῶν

351 2252 564 2306 παίδων
615 2255 910 2325 χρήσιμον,
959 2255 1105 2323 λέγω
1146 2255 1211 2325 δὴ
1252 2255 1616 2326 γηροτροφία,
1667 2255 1785 2319 πῶς
1825 2257 1946 2328 οὐχὶ

353 2342 457 2394 καὶ
482 2342 706 2407 ταύταις
733 2345 1020 2408 κάκείναις
1053 2344 1112 2410 ἑξ
1140 2345 1259 2399 ἴσου
1302 2348 1558 2416 μετέχειν
1587 2346 1688 2417 τῆς
1717 2349 1943 2420 εὐεργε-

354 2434 481 2498 σίας
511 2434 716 2508 έπρεπε
766 2439 1108 2509 παρασχεῖνς
1137 2438 1301 2494 Οὕτω
1329 2439 1440 2510 γὰρ
1478 2439 1545 2492 ἂν
1581 2440 1676 2494 καὶ
1723 2439 1877 2504 ὅσαις
1913 2440 1942 2491 ό

349 2527 470 2596 βίος
502 2529 668 2597 πένης
701 2530 795 2584 καὶ
821 2531 1049 2600 ἄπορος,
1082 2531 1393 2601 κουφοτέρα
1432 2531 1674 2602 ὑπῆρξεν
1713 2534 1745 2602 ἡ
1781 2533 1943 2585 πενία

345 2621 460 2682 τοῖς
499 2620 660 2673 παισὶ
692 2620 1112 2692 βοηθουμέναις,
1139 2622 1238 2676 καὶ
1269 2623 1394 2675 ὃσαι
1419 2623 1513 2676 τὸν
1545 2622 1659 2693 βίον
1691 2624 1749 2675 ὲν
1771 2623 1942 2693 ἀφθο-

345 2706 437 2778 νίᾳ
470 2711 566 2762 καὶ
581 2709 798 2780 πλούτῳ
828 2711 1130 2782 φερόμενον
1159 2712 1367 2783 ἔχουσι,
1395 2712 1490 2765 καὶ
1518 2711 1741 2775 ταύταις
1769 2713 1945 2766 υίοθε-

348 2799 442 2850 σία
485 2801 879 2871 συμφέρουσαν
912 2805 940 2855 ὁ
971 2803 1080 2873 γὰρ
1125 2805 1206 2865 εἰς
1234 2802 1390 2867 τάξιν
1429 2802 1546 2855 υἱοῦ
1595 2803 1944 2875 προφερόμε-

346 2906 438 2952 νος
467 2891 547 2952 εἰς
573 2891 763 2944 ἐκεῖνα
786 2893 881 2945 καὶ
905 2892 1352 2963 ὑπηρετούμενος
1383 2896 1450 2964 τῇ
1486 2895 1656 2963 μητρὶ
1683 2895 1777 2946 καὶ
1803 2894 1942 2966 ὑπὲρ

345 2979 519 3052 αὐτῆς
567 2982 888 3048 σπουδάζων
940 2983 1087 3054 ἅπερ
1118 2985 1267 3037 ἐστὶν
1305 2982 1452 3048 εἰκὸς
1491 2985 1656 3038 παῖδα
1700 2989 1940 3056 φρονεῖν,

343 3075 448 3143 τήν
477 3092 536 3127 τε
571 3077 895 3146 περιουσίαν
928 3078 1010 3142 είς
1042 3076 1104 3130 τὸ
1123 3076 1555 3148 ἀκαινοτόμητον
1593 3078 1941 3150 οἰκονομήσει

344 3168 442 3220 καὶ
465 3168 527 3221 τδ
563 3169 730 3239 βάρος
759 3169 867 3222 τῶν
897 3171 1196 3242 φροντίδων
1226 3170 1706 3242 συμμεριζόμενος
1733 3173 1800 3243 τῇ
1838 3187 1942 3246 μη-

342 3261 436 3330 τρὶ
456 3260 823 3332 εὐθυμότερον
861 3263 1031 3334 αὐτὴν
1059 3263 1252 3334 βιῶναι
1291 3262 1729 3334 παρασκευάσει.

2048 1974 2250 2028 rationi
2271 1981 2706 2029 consentaneum
2743 1982 2851 2029 est.
2890 1973 3022 2039 Quae
3063 1974 3212 2030 enim
3272 1976 3416 2030 ratio
3441 1984 3549 2040 est,
3575 1989 3635 2030 ut

2047 2067 2177 2131 illis,
2204 2065 2350 2134 quod
2384 2065 2574 2121 liberis
2623 2064 2830 2119 orbatae
2860 2066 2994 2130 sint,
3028 2065 3215 2121 denuo
3266 2068 3635 2137 acquirendo.

2049 2172 2169 2211 rum
2199 2158 2498 2212 liberorum
2524 2156 2618 2226 jus
2643 2156 2880 2226 largiare
2912 2173 2926 2210 :
2958 2158 3056 2212 has
3082 2173 3236 2224 vero,
3261 2159 3410 2228 quod
3443 2159 3634 2216 istius-v

2047 2250 2192 2303 modi
2229 2248 2596 2318 possessionis
2629 2263 2858 2318 prorsus
2887 2248 3080 2319 inopes
3115 2249 3342 2316 fuerint,
3380 2267 3476 2322 per
3515 2267 3635 2307 om-v

2045 2356 2170 2396 nem
2206 2342 2371 2396 vitam
2403 2342 2460 2396 in
2492 2341 2584 2395 illa
2621 2341 2809 2410 inopia
2852 2341 3037 2398 vivere
3087 2343 3264 2398 velis?
3294 2343 3358 2401 Et
3401 2357 3552 2400 certe
3585 2347 3630 2402 si

2047 2435 2163 2488 haec
2195 2433 2469 2504 praecipua
2539 2433 2842 2488 liberorum
2892 2434 3102 2490 utilitas
3130 2444 3235 2500 est,
3270 2443 3329 2492 ut
3379 2439 3635 2505 parentes

2046 2525 2099 2579 in
2129 2527 2282 2581 senio
2331 2533 2641 2581 sustentent
2668 2545 2682 2581 :
2717 2541 2827 2595 quo
2854 2535 3016 2596 pacto
3046 2542 3156 2583 non
3192 2535 3303 2582 tam
3358 2529 3444 2584 his
3467 2545 3632 2599 quant

2048 2618 2158 2672 illis
2175 2633 2241 2672 ex
2268 2632 2428 2687 aequo
2474 2626 2534 2671 ut
2562 2617 2814 2674 beneficii
2871 2617 3171 2689 participes
3217 2628 3404 2674 essent
3433 2634 3636 2676 conce-

2043 2707 2175 2763 dere
2203 2723 2419 2778 aequum
2451 2709 2595 2764 fuit?
2630 2709 2723 2764 Sic
2749 2709 2895 2765 enim
2921 2710 3123 2780 quibus
3141 2720 3335 2768 tenues
3357 2722 3636 2783 arcta:un

2045 2798 2337 2855 facultates
2372 2810 2521 2866 sunt,
2555 2801 2794 2857 filiorum
2820 2819 2922 2872 ope
2950 2813 3006 2857 et
3030 2803 3240 2858 auxilio
3291 2804 3465 2859 levior
3497 2819 3635 2875 pan.

2044 2902 2228 2962 pertas
2286 2903 2435 2948 esset
2466 2912 2478 2947 :
2513 2909 2636 2964 quae
2684 2908 2814 2950 vero
2864 2895 2988 2949 illas
3054 2895 3204 2953 omni
3255 2911 3438 2952 rerum
3471 2897 3632 2968 copia

2043 2987 2328 3043 affluentes
2358 2987 2582 3053 habent,
2615 2993 2669 3042 et
2699 2986 2784 3041 his
2828 2985 3051 3057 adoptio
3096 2984 3458 3044 conduceret.
3486 2985 3626 3044 Nam

2043 3079 2138 3148 qui
2168 3079 2224 3132 in
2258 3077 2353 3132 filii
2386 3077 2569 3132 locum
2620 3087 2938 3147 assumptus
2966 3084 3133 3142 esset,
3163 3077 3210 3132 is
3238 3085 3294 3132 et
3325 3077 3633 3136 inserviens

2045 3171 2230 3238 matri,
2258 3177 2314 3225 et
2337 3185 2436 3240 pro
2461 3170 2556 3224 illa
2591 3185 2714 3240 quae
2744 3185 2838 3240 par
2869 3178 2954 3224 est
3001 3169 3173 3223 filium
3220 3169 3403 3226 facere
3438 3169 3633 3229 scdulo

1967 3251 2013 3314 C
2047 3280 2376 3338 exsequens,
2407 3280 2533 3320 cum
2563 3266 2705 3321 bona
2730 3266 2899 3331 illius,
2931 3265 3006 3318 ita
3042 3267 3172 3320 utin
3200 3281 3303 3321 suo
3336 3274 3484 3321 statu
3517 3283 3634 3320 ma.-

341 3361 562 3420 nerent,
625 3353 1045 3411 administraret
1078 3363 1232 3411 :tum
1263 3371 1390 3411 cum
1461 3365 1636 3411 matre
1660 3368 1922 3412 curarum
1964 3370 2107 3412 onus
2135 3359 2375 3434 partitus
2401 3366 2461 3413 ut
2491 3358 2585 3416 illa
2623 3358 2978 3433 tranquillius
3045 3358 3336 3435 latiusque
3394 3360 3628 3427 vireret,

339 3446 607 3504 efficeret.

417 3539 726 3612 Τοιγαροῦν
766 3540 809 3572 ³⁸
830 3541 864 3611 ἡ
887 3539 1137 3613 ἡμετέρα
1168 3539 1416 3612 βασιλεία
1452 3541 1580 3606 τοὺς
1605 3543 1681 3613 μὴ
1716 3540 1937 3612 ἐπιτρέ-

342 3651 548 3698 ποντας
579 3635 780 3704 νόμους
812 3633 1179 3688 υίοθετεῖσθαι
1225 3633 1371 3704 ἅπερ
1415 3633 1626 3704 ἔφημεν
1665 3634 1938 3705 πρόσωπα

340 3723 798 3796 τῆς’ὲπιτροπῆς
848 3726 1377 3797 ἀποχειροτονοῦσα,
1441 3728 1606 3779 πᾶσιν
1663 3725 1935 3778 ἐκτίθεται

342 3819 511 3888 νόμον
557 3819 672 3880 τοῖς
720 3817 1071 3887 βουλομένοις
1121 3817 1503 3882 υἰοποιείσθαι,
1552 3815 1617 3869 ἄν
1647 3816 1707 3868 τέ
1739 3832 1821 3880 τις
1865 3813 1935 3868 τά

341 3910 596 3982 ἀρῤἐνων
637 3910 940 3981 ἀφῄρηται,
976 3911 1044 3964 ἀν
1073 3911 1133 3964 τέ
1171 3927 1294 3963 τινα
1335 3909 1489 3963 οὔπω
1509 3909 1658 3980 ἥλιος
1690 3903 1796 3961 εἶδε
1830 3925 1936 3979 μη·

341 4004 502 4072 τέρα,
536 4003 724 4057 ἄδειαν
756 4003 1157 4074 παρεχόμενον,
1200 4004 1260 4056 οὐ
1299 4004 1459 4073 μόνον
1490 4001 1556 4055 δι’
1598 4003 1742 4073 ἅπερ
1789 3997 1943 4055 εἷπον

343 4095 490 4149 καλά
512 4096 576 4148 ὲκ
610 4095 711 4165 τῆς
751 4091 1029 4158 υἱοθεσίας
1057 4097 1344 4165 γινόμενα,
1378 4094 1495 4147 ἀλλ’
1531 4095 1615 4148 ὅτι
1644 4095 1737 4146 καὶ
1760 4093 1820 4146 τὸ
1841 4092 1941 4165 τῆς

344 4188 651 4259 παρθενίας
684 4188 881 4259 σεμνὸν
912 4189 1006 4241 καὶ
1035 4191 1099 4241 ἐκ
1129 4189 1322 4240 τούτου
1353 4184 1669 4256 τιμώμενον
1696 4185 1937 4256 καθορῶ.

347 4283 418 4335 Δί
456 4283 561 4350 γὰρ
589 4283 714 4334 ὅσαι
751 4280 954 4352 μᾶλλον
987 4281 1237 4350 γαμικῆς
1269 4279 1486 4350 ὁμιλίας
1526 4279 1731 4349 τιμῶσι
1765 4280 1809 4310 ’⁸
1837 4279 1938 4348 μὲν

342 4373 447 4442 τὴν
479 4373 797 4443 παρθενίαν,
848 4373 1202 4444 προτιμῶσαι
1234 4373 1291 4425 δὲ
1322 4372 1472 4443 ὅμως
1525 4371 1733 4425 παίδων
1766 4370 1930 4442 ἔρωτι

347 4465 650 4529 νύττονται,
683 4464 840 4518 τοῦτο
865 4465 958 4518 καὶ
984 4466 1230 4535 γαμικῆς
1254 4465 1472 4536 ὁμιλίας
1502 4465 1658 4528 ὲκτδς
1697 4481 1932 4535 προσγι-

2115 3538 2312 3594 Nostra
2369 3538 2556 3608 itaque
2622 3537 2980 3609 imperatoria
3016 3539 3300 3611 majestas,
3330 3542 3398 3597 iis
3417 3542 3631 3616 legibus

2044 3646 2167 3700 qua:
2197 3630 2459 3700 adoptare
2505 3629 2590 3684 his
2615 3646 2755 3699 quos
2814 3631 3059 3686 diximus
3108 3646 3218 3686 non
3269 3635 3624 3704 permittunt,

2044 3722 2582 3778 administrationem
2632 3723 2928 3794 abmgans,
2988 3725 3208 3794 evulgat
3260 3726 3457 3796 legem,
3509 3745 3632 3804 qua

2043 3817 2301 3870 omnibus
2336 3817 2429 3886 qui
2482 3815 2745 3886 adoptare
2813 3816 3000 3880 velint,
3056 3819 3174 3872 sive
3218 3819 3494 3888 quispiam
3527 3820 3629 3880 viri

2045 3907 2307 3962 facultate
2369 3907 2599 3963 orbatus
2654 3906 2748 3970 sit,
2803 3907 2919 3961 sive
2981 3907 3221 3978 aliquam
3251 3908 3364 3979 (98)
3392 3910 3627 3969 necdum

2044 4008 2276 4057 matrem
2304 4000 2388 4054 sol
2421 3999 2640 4064 viderit,
2672 3999 2794 4067 ejus
2823 3998 3059 4052 faciendi
3093 4009 3415 4068 potestatem
3456 4000 3627 4056 facit:

2044 4106 2151 4144 non
2175 4092 2354 4146 solum
2377 4101 2558 4146 autem
2580 4092 2648 4146 ob
2662 4092 3078 4146 commoditates
3091 4107 3230 4164 quas
3249 4107 3312 4150 ex
3334 4091 3629 4167 adoptione

2043 4198 2271 4238 manare
2298 4183 2434 4246 dixi,
2464 4183 2556 4238 sed
2585 4185 2750 4239 etiam
2772 4186 2916 4254 quod
2939 4185 3065 4242 inde
3091 4185 3428 4254 virginitatis
3459 4186 3629 4241 decus

2041 4277 2391 4330 cohonestari
2416 4277 2872 4332 animadvertam.
2895 4275 2951 4330 Si
2973 4276 3193 4345 quidem
3215 4291 3336 4346 qua:
3352 4277 3627 4349 conjugali

2039 4369 2430 4429 consuetudini
2491 4368 2858 4439 virginitatem
2895 4377 3260 4441 anteponunt,
3295 4370 3628 4442 interimque

2041 4462 2338 4521 liberorum
2383 4462 2662 4518 desiderio
2682 4474 3028 4533 punguntur,
3058 4479 3181 4518 cum
3217 4463 3268 4518 id
3301 4475 3459 4519 extra
3513 4480 3628 4518 ma-

343 4557 573 4626 νόμενον
602 4558 796 4620 αὐταῖς
832 4557 1040 4628 ὁρῶσαι
1066 4557 1128 4610 τὺ
1171 4557 1370 4629 σεμνὸν
1407 4557 1506 4627 τῆς
1544 4555 1841 4627 παρθενίας
1869 4553 1931 4610 οὐ

2045 4557 2287 4613 trimonii
2311 4556 2770 4615 consuetudinem
2790 4556 3056 4626 consequi
3077 4573 3135 4612 se
3155 4573 3318 4626 posse
3339 4557 3622 4622 videbunt,

343 4651 720 4719 περιόψονται.

2045 4647 2376 4718 virginitatis
2411 4649 2752 4707 honestatem
2786 4648 3064 4718 negligere
3090 4663 3198 4702 non
3247 4648 3621 4704 sustinebunt.

417 4747 492 4799 Οὐ
525 4747 633 4818 γὰρ
659 4748 724 4818 δὴ
760 4747 931 4812 ἄξιον,
985 4746 1122 4800 διότι
1167 4745 1299 4818 θῆλυ
1350 4746 1643 4816 πρόσωπον
1693 4744 1928 4810 ὑπεξουεν

2113 4738 2305 4808 1\eque
2363 4752 2530 4807 porro
2580 4753 2768 4792 verum
2807 4746 2894 4796 est
2928 4747 3006 4804 ut,
3054 4737 3182 4813 quia
3231 4738 3451 4794 mulieri
3485 4738 3625 4793 libe-

344 4839 495 4902 σίους
552 4840 700 4910 ἔχειν
757 4839 956 4903 παῖδας
1014 4840 1116 4892 οὐκ
1175 4839 1422 4909 ἐφεῖται,
1486 4837 1574 4890 διὰ
1628 4837 1787 4892 τοῦτο
1852 4837 1929 4909 μὴ

2045 4845 2132 4886 ros
2158 4831 2212 4885 in
2231 4839 2503 4901 potestate
2531 4830 2732 4888 habere
2767 4830 3097 4899 permissum
3131 4844 3238 4890 non
3277 4831 3625 4896 est,idcirco

344 4932 550 4998 ἐξεῖναι
605 4931 993 4987 υίοθετεῖσθαι.
1047 4930 1272 5002 Πρῶτον
1305 4930 1405 5001 μὲν
1444 4929 1526 4982 ὅτι
1560 4931 1615 4987 εἰ
1647 4947 1732 4993 τις
1773 4929 1931 4982 τοῦτο

2045 4925 2310 4996 adoptare
2358 4923 2436 4979 illi
2493 4938 2603 4978 non
2649 4923 2830 4979 liceat.
2890 4921 3130 4979 Primum
3181 4923 3327 4977 enim
3366 4923 3533 4994 quia,
3575 4926 3622 4981 si

346 5025 719 5096 συγχωρήσαι,
743 5026 804 5080 οὐ
830 5024 990 5096 μόνον
1019 5024 1116 5100 τὰς
1139 5023 1370 5086 ἀτόκους
1391 5020 1503 5074 τῶν
1530 5019 1808 5089 γυναικῶν
1833 5019 1934 5089 τῆς

2045 5017 2170 5089 quis
2205 5016 2310 5073 hoc
2335 5017 2611 5080 admittat,
2649 5031 2757 5075 non
2795 5013 2973 5073 solum
3016 5014 3298 5080 mulieres,
3327 5032 3448 5086 quae
3481 5033 3623 5071 nun-

1625 5155 1856 5215 VARUS
1913 5152 2317 5212 LECTIONES.

413 5260 461 5294 “
485 5259 725 5333 Scrimg.
760 5258 1096 5334 παρέστησε.
1158 5259 1204 5290 ⁸⁵
1231 5256 1433 5329 Incipit
1463 5255 1579 5312 Ecl.
1653 5256 1699 5286 ¹⁶
1721 5252 1836 5310 Ecl.
1868 5251 2202 5325 προτιμῶσι.

1874 5366 2105 5429 NOTA'J.

421 5489 533 5559 (9.5)
566 5490 776 5544 Sensus
805 5495 922 5543 est:
948 5486 1132 5542 Veteri
1157 5488 1283 5559 jure
1303 5485 1523 5559 feminis
1547 5484 1692 5559 (quae
1725 5490 1930 5559 matres
2109 5482 2225 5559 (9Q)
2256 5482 2493 5559 afﬂictio
2525 5480 2732 5559 nullius
2754 5479 3033 5559 augenda,
3063 5477 3280 5559 Novell:
3304 5474 3460 5559 40,7).
3493 5477 3621 5559 cod.

421 5489 533 5559 (9.5)
566 5490 776 5544 Sensus
805 5495 922 5543 est:
948 5486 1132 5542 Veteri
1157 5488 1283 5556 jure
1303 5485 1523 5540 feminis
1547 5484 1692 5553 (quae
1725 5490 1930 5538 matres
2131 5483 2225 5552 96)
2256 5483 2493 5540 Afﬂictio
2525 5483 2727 5536 nullius
2754 5483 3033 5550 augenda,
3065 5483 3278 5532 Novell.
3304 5483 3395 5539 40,
3413 5483 3460 5546 j.
3493 5483 3621 5531 cod.

352 5559 616 5626 fuissent)
650 5568 862 5613 tantum
892 5559 1121 5613 licuisse
1167 5558 1432 5626 adoptare
1489 5554 1546 5608 in
1574 5553 1836 5610 solatium
1867 5553 1934 5608 Ii-
2038 5623 2084 5626 __
2107 5483 2232 5626 ἔθη
2259 5554 2362 5626 Qui
2399 5567 2596 5626 manus
2628 5551 2813 5626 a_misi_t
2843 5551 3027 5611 verbis
3086 5548 3282 5608 testari
3327 5554 3531 5620 potest.
3565 5546 3630 5620 d.)

347 5621 609 5686 berorum
646 5631 1001 5693 amissorum,
1029 5627 1066 5682 l.
1099 5627 1152 5691 5,
1186 5629 1249 5683 (Ζ.
1275 5621 1348 5681 De
1378 5628 1538 5694 adop.
1722 5693 1729 5694 ί
2037 5621 2176 5680 Nov.
2208 5624 2297 5687 26,
2330 5633 2386 5680 et
2417 5624 2453 5676 I.
2507 5623 2599 5688 10,
2631 5621 2688 5676 θ’.
2713 5622 2807 5694 qui
2839 5630 3061 5694 testam.

421 5701 537 5771 (95)
592 5699 850 5753 Eunuchi
910 5684 1000 5754 et,
1041 5684 1309 5771 mulieres
1349 5684 1629 5771 impr-'oles
1667 5693 1934 5771 adoptare
2041 5767 2054 5771 _
2110 5694 2227 5771 (98)
2278 5684 2508 5771 Sensus
2541 5684 2629 5771 est
2666 5710 2680 5746 :
2721 5684 2978 5747 Feminas
3031 5692 3182 5762 (licet
3211 5702 3492 5763 nunquam
3522 5684 3624 5751 Ino

342 5763 473 5900 Rite
515 5763 688 5899 ἔξιθι-ἱ
730 5785 840 5899 nan
900 5777 1223 5841 potuerunt.
1280 5767 1354 5822 De
1394 5763 1665 5822 eunuchis
1704 5764 1821 5820 dixi
1864 5763 1932 5820 ad
2041 5767 2262 5823 budrint
2290 5765 2515 5822 li‘heros‘
2541 5765 2805 5842 adoptare
2829 5779 3019 5844 posse,

395 5857 486 5898 ον.
591 5882 608 5900 .
635 5857 683 5897 s.
715 5855 782 5897 eo
822 5879 838 5900 .

469 5881 486 5898 ο
517 5879 608 5911 σν,
635 5879 683 5897 σο
715 5879 838 5900 νυυρ
