4048 6442
390 415 491 487 48³1

1632 411 1907 473 LEONIS
1945 406 2410 472 PHILOSOPHI
2460 404 2463 405 ⁷

3543 398 3654 462 488

393 551 560 606 quam
584 539 936 606 pepererunt,
964 543 1153 587 verum
1180 528 1345 585 etiam
1374 542 1495 595 qua
1516 535 1719 582 matres
1733 527 1963 581 exstite-

2076 525 2341 587 υἱοθεσίας
2372 522 2629 593 ἀπείργει
2663 519 2732 585 ⁸⁷,
2775 518 2911 573 ἀλλά
2951 518 3051 573 καὶ
3092 518 3193 581 τὰς
3230 513 3491 585 ὀφθείσας
3544 532 3655 585 μη-

394 635 545 693 runt,
564 628 630 679 ah
644 626 937 694 adoptione
954 634 1122 677 arcet.
1146 620 1372 675 Femina
1388 620 1530 674 enim
1553 619 1635 690 (ut
1652 619 1737 673 lex
1759 617 1870 689 (99)
1893 619 1969 671 in-

390 718 536 789 quit)
554 718 739 770 habere
752 717 805 769 in
818 724 1073 784 potestate
1085 714 1273 768 liberos
1290 729 1390 766 non
1405 720 1593 780 potest.
1618 709 1819 767 Deinde
1836 710 1967 780 (1-4)

394 824 516 879 qua
540 809 642 863 hoc
678 811 859 863 sanxit
894 809 999 867 lex.
1040 807 1282 877 loquitur
1305 804 1372 858 de
1402 805 1510 859 illis
1533 805 1624 873 qui
1648 818 1676 857 a
1702 802 1971 857 matribus

398 899 714 955 recedentes
737 913 986 953 seorsum
1020 913 1119 953 suo
1153 897 1419 950 arbitratu
1478 895 1660 949 vivere
1709 894 1921 948 malunt
1955 909 1969 946 :

401 1006 507 1045 non
542 991 672 1045 item
702 1005 829 1044 vero
860 990 927 1044 de
958 990 1024 1043 iis
1054 989 1147 1058 qui
1183 995 1431 1041 materna
1477 986 1707 1056 imperia
1740 984 1974 1039 libenter

396 1083 633 1136 tolerant
662 1081 1016 1151 ipsarumque
1049 1077 1384 1150 prascriptis
1418 1093 1514 1148 per
1542 1091 1759 1131 omnem
1812 1077 1975 1130 vitam

398 1187 589 1243 parere
638 1178 1067 1241 proposuerunt.
1120 1169 1239 1224 Non
1301 1169 1469 1240 igitur
1515 1166 1890 1222 obedientiam
1919 1170 1975 1218 et

390 1264 718 1318 famulatum
775 1260 1167 1325 voluntarium,
1218 1274 1532 1330 quanquam
1574 1258 1622 1312 is
1671 1270 1833 1311 rarus
1883 1255 1978 1320 sit,

397 1356 485 1411 lex
517 1356 767 1425 prohibet
803 1369 818 1408 :
853 1353 951 1407 sed
1013 1354 1127 1407 illic
1167 1352 1368 1407 femina
1399 1358 1671 1421 potestate
1713 1348 1979 1418 privatur,

398 1448 493 1503 ubi
534 1447 835 1501 voluntatis
863 1460 1131 1500 assensus
1182 1444 1250 1498 ad
1282 1443 1646 1498 obedientiam
1699 1457 1806 1495 non
1847 1440 1979 1495 coit.

397 1536 536 1592 Nam
560 1539 604 1592 si
630 1537 735 1590 hoc
762 1536 830 1588 ita
845 1535 937 1601 sit,
959 1533 1234 1604 quomodo
1250 1534 1433 1587 multa
1456 1542 1655 1588 matres
1675 1531 1786 1600 jam
1810 1530 1984 1584 vidua

398 1628 605 1682 liberos
635 1641 821 1681 secum
851 1642 957 1679 una
992 1625 1236 1680 viventes
1255 1632 1310 1679 et
1334 1622 1585 1679 subditos
1600 1621 1664 1675 ad
1680 1629 1983 1675 extremum

402 1732 574 1787 usque
605 1717 747 1771 diem
782 1715 984 1769 habent
1016 1725 1070 1770 et
1097 1716 1335 1769 animam
1379 1715 1433 1768 iu
1466 1714 1687 1767 illorum
1731 1710 1985 1765 manibus

399 1808 743 1877 exspirantes
766 1815 1027 1869 materna
1060 1805 1457 1860 benedictionis
1479 1812 1533 1860 et
1563 1818 1785 1860 suarum
1808 1802 1985 1859 facul-

396 1907 574 1953 tatum
599 1898 720 1952 illos
746 1897 1064 1967 relinquunt
1087 1897 1379 1953 haredes?

475 2077 645 2132 Porro
674 2088 728 2133 et
757 2077 889 2131 lIIlltI
923 2077 1091 2132 etiam
1126 2076 1477 2147 imperatoria
1509 2081 1697 2129 nostra
1722 2074 1983 2144 majestas

402 2169 638 2240 benigne
672 2170 909 2224 subditis
947 2171 1201 2240 largitur,
1240 2177 1297 2222 ut
1334 2185 1435 2222 non
1468 2166 1623 2221 modo
1652 2166 1717 2220 ab
1754 2166 1985 2235 impera-

402 2267 517 2313 tore
570 2260 1056 2329 (quemadmodum
1109 2260 1444 2315 vetustiores
1471 2257 1548 2328 (5)
1588 2258 1734 2326 leges
1783 2269 1979 2325 prace-

402 2352 579 2421 pere),
606 2351 700 2406 sed
718 2351 881 2406 etiam
904 2366 932 2406 a
957 2366 1308 2422 quocunque,
1344 2350 1435 2405 cui
1465 2348 1845 2418 cujuscunque
1880 2347 1985 2402 loci

404 2442 577 2495 rectio
612 2442 855 2511 iniuncta
878 2443 1006 2503 erit,
1037 2441 1133 2511 qui
1161 2441 1422 2510 adoptare
1446 2440 1613 2505 volet,
1649 2438 1701 2493 id
1733 2437 1985 2493 iaciendo

406 2532 724 2587 facultatem
756 2532 1009 2602 accipere
1034 2533 1231 2602 possit.

827 2620 1295 2678 CONSTITUTIO
1317 2620 1561 2678 XXVIII.

409 2714 527 2780 Quo
555 2722 782 2781 tempore
804 2712 881 2784 (6)
915 2723 965 2766 et
996 2730 1029 2766 a
1057 2712 1245 2782 quibus
1271 2726 1450 2784 rerum
1481 2725 1720 2784 suarum
1748 2710 1986 2765 admini-

723 2781 915 2838 stratio
946 2781 1147 2837 adultis
1178 2783 1395 2838 concedi
1454 2781 1666 2837 debeat.

475 2940 626 2997 Idem
654 2940 788 3009 imp.
841 2937 1089 3009 Styliano
1147 2936 1516 2993 excellentiss.
1552 2950 1841 2993 sacrorum
1873 2936 1989 2991 olit-

408 3036 623 3089 ciorum
654 3032 944 3102 magistro.

480 3122 932 3193 Quandoquidem
997 3122 1101 3175 hoc
1133 3121 1299 3174 etiam
1360 3118 1767 3189 legislatoribus
1830 3127 1986 3172 recte

2070 615 2255 685 τέραςο
2290 611 2457 681 Θῆλυ
2473 612 2603 680 γὰρ,
2623 610 2698 672 ὥς
2716 627 2869 680 φησι,
2902 611 3230 677 πρόσωπον
3245 604 3659 671 ὑπεξουσίους

2070 704 2144 757 οὐ
2158 702 2407 756 δύναται
2418 699 2582 768 ἔχειν
2597 698 2835 765 παῖδας.
2851 698 3081 751 Ἔπειτα
3094 697 3152 751 δὲ
3166 697 3195 749 ὁ
3208 694 3367 750 τοῦτο
3382 694 3659 759 θεσπίζων

2073 796 2239 864 νόμος
2262 791 2392 861 περὶ
2416 791 2642 844 ἐκείνων
2668 790 2840 859 λέγει,
2874 792 2989 845 ὅσοι
3020 789 3376 861 προκρίνουσι
3409 787 3522 841 τῶν
3548 805 3661 858 μη-

2073 885 2246 954 τέρων
2288 881 2608 943 διαστάντες
2664 880 2813 942 ίδίως
2866 879 3264 950 ρυθμιζόμενον
3313 877 3462 949 ἔχειν
3508 879 3657 947 βίον,

2074 977 2193 1031 ἀλλ’
2222 975 2284 1029 οὐ
2331 972 2720 1046 περὶτούτων,
2766 973 2884 1026 ὅσοι
2928 972 3031 1043 τὴν
3081 970 3357 1042 μητρικὴν
3406 971 3661 1038 ἐξουσίαν

2075 1067 2250 1138 ἡδέως
2285 1065 2512 1137 φέρουσι
2561 1065 2660 1119 καὶ
2708 1063 2798 1118 διὰ
2849 1063 2966 1134 βίου
3000 1064 3099 1134 τὴν
3138 1062 3423 1131 ὑποταγὴν
3466 1063 3660 1126 αὑταῖς

2081 1157 2274 1223 σώζειν
2297 1157 2626 1225 ἐγνώκασιν.
2656 1155 2867 1210 Οὔκουν
2891 1157 2919 1208 ὁ
2950 1156 3116 1225 νόμος
3144 1154 3247 1227 τὴν
3285 1154 3393 1208 ἀπὸ
3430 1152 3663 1223 γνώμης

2081 1250 2363 1323 ὑποταγὴν
2389 1251 2484 1305 καὶ
2509 1249 2809 1314 οίκείωσιν,
2843 1249 2985 1319 ὅπερ
3018 1248 3114 1302 καὶ
3150 1247 3390 1302 ἐνταῦθα
3422 1246 3662 1316 συμϐαί-
3754 1234 3761 1239 ’

2082 1362 2184 1409 νει,
2216 1344 2318 1398 οὐκ
2359 1341 2715 1412 ἀπαγορεύει,
2756 1341 2875 1395 ἀλλ’
2911 1344 3027 1394 ἐκεῖ
3072 1340 3136 1393 τὸ
3181 1339 3318 1409 θῆλυ
3366 1340 3663 1410 πρόσωπον

2083 1436 2401 1506 ἀφαιρεῖται
2439 1433 2538 1503 τὴν
2588 1432 2861 1499 ἐξουσίαν,
2906 1426 2968 1486 οὗ
2998 1430 3225 1501 γνώμης
3264 1430 3582 1498 ἑκουσιότης
3614 1426 3662 1461 ⁸⁸

2084 1528 2164 1589 είς
2208 1524 2491 1595 ὑποταγὴν
2535 1523 2596 1576 οὑ
2643 1523 2986 1593 συνέρχεται.
3027 1521 3183 1575 Ἐπεὶ
3217 1523 3266 1574 εί
3314 1520 3494 1586 τοῦτο,
3540 1519 3668 1582 πῶς.

2085 1615 2280 1668 πολλαὶ
2301 1614 2410 1667 τῶν
2461 1613 2719 1683 μητέρων
2755 1612 3147 1683 κεχηρωμέναι
3192 1612 3391 1674 παῖδάς
3415 1627 3479 1663 τε
3520 1626 3664 1679 συμ-

2085 1705 2341 1769 ϐιοῦντας
2391 1707 2490 1758 καὶ
2532 1706 3008 1774 ὑποταττομένους
3065 1703 3231 1773 μέχρι
3278 1703 3379 1771 τῆς
3424 1701 3665 1772 ἐσχάτης

2087 1795 2304 1865 ἔχουσιν
2331 1796 2567 1866 ἡμέρας,
2594 1796 2689 1849 καὶ
2728 1796 2787 1847 ἐν
2816 1796 3002 1865 χερσὶν
3042 1795 3225 1849 αὐτῶν
3248 1795 3346 1864 τὴν
3383 1794 3531 1863 ζωὴν
3559 1811 3667 1847 κα-

2013 1874 2060 1934 B
2086 1888 2382 1942 ταλύουσαι
2406 1888 2508 1957 τῆς
2550 1905 2610 1941 τε
2644 1887 2918 1958 μητρικῆς
2948 1888 3201 1957 εὐλογίας
3232 1890 3328 1940 καὶ
3355 1886 3464 1939 τῶν
3489 1901 3665 1958 προσ-

2085 1981 2253 2035 όντων
2283 1980 2756 2048 καταλιμπάνουσι
2783 1980 3157 2050 κληρονόμους
3182 1998 3197 2047 ;

2154 2073 2265 2125 Καὶ
2312 2072 2474 2125 τοῦτο
2502 2072 2560 2125 δὲ
2584 2073 2618 2142 ἡ
2654 2071 2903 2142 βασιλεία
2927 2070 3087 2142 ἡμῶν
3129 2072 3193 2125 τδ
3221 2071 3533 2142 ὑποχείριον
3571 2089 3664 2140 cpt-

2082 2165 2404 2235 λοτιμεῖται,
2418 2162 2575 2217 ὥστε
2584 2162 2671 2232 μὴ
2682 2165 2879 2232 μόνον
2895 2163 3373 2231 παράβασιλέως
3385 2162 3589 2233 (καθὼς
3610 2164 3671 2218 oI'

2085 2257 2323 2328 πρόσθεν
2348 2256 2654 2325 ἐπέτρεπον
2672 2254 2854 2324 νόμοι)
2885 2254 2977 2308 τὸν
3011 2255 3373 2310 υἰοθετεῖσθαι
3404 2253 3666 2326 βουλόμε-

2084 2364 2196 2411 νον,
2231 2347 2369 2401 ἀλλά
2392 2348 2487 2401 καὶ
2512 2346 2666 2417 παρά
2695 2345 2900 2409 παντὸς
2929 2344 3027 2398 τοῦ
3063 2346 3185 2399 καθ’
3209 2346 3447 2418 ἑκάστην
3476 2346 3666 2418 χώραν

2084 2439 2145 2490 τὸ
2174 2439 2366 2508 ἄρχειν
2415 2439 2511 2491 καὶ
2531 2439 2744 2493 διέπειν
2787 2437 3047 2507 λαχόντος
3077 2438 3178 2509 τὴν
3223 2437 3477 2504 ἐξουσίαν
3523 2439 3667 2510 λαμ-

2086 2527 2293 2583 δάνειν.

2628 2615 2942 2672 ΔΙΑΤΔΞΙΣ
2976 2620 3111 2672 κη’.

2087 2711 2228 2791 Περὶ
2256 2710 2362 2791 τοᾷ
2409 2712 2815 2791 νᾳιφρῦηκαφ
2861 2714 2936 2791 by
2977 2713 3256 2791 6823-013;-
3303 2714 3520 2791 παῖδας
3554 2715 3673 2791 τὴν

2158 2781 2277 2904 uti):
2290 2783 2526 2835 οἰκείων
2542 2781 2849 2852 διοίκησιν
2878 2785 3330 2855 ἐγχειρίζειν-θαι,
3368 2785 3468 2841 καί
3502 2781 3671 2854 παρὰ

2162 2870 2194 2906 τ
2260 2869 2349 2917 ος.

2171 2941 2229 2995 '0
2266 2940 2428 3005 αὐτὸς
2468 2942 2722 3013 βασιλεὺς
2775 2944 3053 3018 Στυλιανῷ
3102 2946 3179 3018 τῷ
3235 2948 3674 3020 ὑπερφυεστάτῳ

2092 3032 2387 3104 μαγίστρῳ
2406 3033 2518 3087 τῶν
2547 3034 2707 3089 θείων
2739 3036 3031 3105 ὁφφικίων.

2174 3123 2393 3195 Ἐπειδὴ
2420 3126 2513 3177 καὶ
2543 3123 2704 3178 τοῦτο
2733 3125 2914 3189 καλῶς
2941 3128 3055 3191 τοῖς
3087 3127 3406 3198 νομοθέταις
3441 3127 3588 3195 εδοξε
3613 3130 3675 3183 τὸ

411 3215 639 3288 placuit,
679 3223 737 3268 ut
766 3212 842 3285 (7)
876 3211 1187 3267 minoribus
1238 3218 1518 3265 curatores
1556 3211 1985 3280 pralicerentur,

2097 3216 2281 3269 παισὶν
2330 3215 2772 3287 ὼριρανισμένοις
2821 3220 3155 3292 ἐγκαθιστᾷν
3200 3222 3551 3292 ἐπιτρόπους,
3605 3224 3676 3277 δι’

410 3311 505 3381 qui
532 3315 820 3379 parentum
852 3305 918 3361 de
956 3305 1064 3360 illis
1106 3317 1296 3359 curam
1349 3302 1691 3373 supplentes,
1728 3309 1782 3358 et
1814 3304 1985 3357 atatis

2097 3301 2173 3360 ὧν
2203 3308 2237 3372 ἠ
2287 3307 2393 3359 τῶν
2428 3308 2681 3378 πατέρων
2723 3310 3184 3384 ἀναπληρουμένη
3237 3314 3420 3377 αὐτοῖς
3450 3314 3677 3385 πρόνοια

409 3403 841 3459 imbecillitatem
872 3415 1019 3456 cura
1053 3398 1342 3462 haberent,
1369 3408 1423 3451 et
1458 3397 1603 3451 bona
1633 3394 1985 3450 convenieuti

2097 3395 2165 3450 δι’
2188 3397 2505 3465 ἐπιμελείας
2552 3399 2652 3468 μὲν
2681 3399 2741 3451 τὸ
2779 3402 2878 3470 τῆς
2917 3402 3136 3472 ἡλικίας
3178 3407 3411 3457 ποιεῖται
3444 3404 3675 3469 ἁπαλὸν,

413 3493 787 3550 sollicitudine
820 3493 992 3546 illasa
1019 3498 1448 3555 conservarent,
1495 3490 1643 3555 quod
1668 3487 1985 3558 legislation‘

2097 3489 2167 3542 τὰ
2222 3490 2535 3561 ὑπάρχοντα
2583 3491 2640 3543 δὲ
2685 3494 2805 3556 ταῖς
2846 3493 3092 3557 δεούσαις
3138 3496 3418 3566 φροντίσιν
3464 3497 3677 3566 ἀϐλαϐῆ

413 3598 562 3642 recte
583 3602 643 3641 se
674 3584 895 3640 habenti
942 3583 1117 3647 deest,
1153 3597 1219 3637 ex
1244 3581 1406 3636 nobis
1432 3579 1744 3636 addendum
1778 3582 1999 3651 putavi-

416 3692 557 3731 mus.
590 3676 661 3729 At
698 3676 821 3744 quis
874 3674 963 3729 ille
1016 3673 1263 3728 delectus
1294 3671 1586 3739 estiQuod
1609 3687 1640 3726 a
1678 3670 1797 3727 solo
1829 3671 2002 3741 impe-

415 3777 624 3833 ratore,
678 3766 854 3836 jussis
905 3765 1161 3820 recedere
1201 3763 1579 3830 curatoribus,
1611 3778 1792 3817 rerum
1823 3762 2003 3817 admi-

417 3859 801 3914 nistrationem
864 3854 1003 3910 tradi
1071 3854 1433 3909 minoribus:
1485 3852 1649 3923 idque
1705 3868 1829 3909 cum
1887 3852 1999 3923 jam

415 3951 697 4022 praeﬁnita
726 3949 905 4005 atatis
938 3947 1160 4003 modum
1200 3945 1486 4016 attigerint
1543 3943 1727 4017 (quem
1754 3944 2002 3999 maribus

422 4044 753 4104 vicesimus,
807 4039 1025 4095 feminis
1075 4052 1204 4094 vero
1251 4036 1499 4093 decimus
1554 4044 1782 4091 Octavus
1825 4050 2004 4091 annus

413 4133 653 4203 tribuit),
687 4139 740 4187 et
768 4139 1027 4201 tanquam
1079 4128 1145 4182 ad
1170 4128 1310 4183 banc
1369 4136 1605 4191 atatem,
1642 4142 1747 4196 qua
1801 4141 1996 4197 sapere

415 4231 674 4290 recteque
726 4228 889 4290 atque
924 4220 1133 4274 utiliter
1166 4234 1254 4273 res
1291 4232 1421 4274 suas
1461 4217 1850 4272 administrare
1880 4233 2002 4286 pos-

416 4320 568 4380 sunt,
599 4313 710 4382 jam
740 4312 1126 4381 pervenerint,
1159 4310 1215 4364 in
1251 4311 1464 4378 plenam
1532 4323 1713 4363 rerum
1773 4323 1999 4363 suarum

415 4411 742 4474 potestatem
780 4402 1042 4457 collocari
1089 4400 1239 4455 velit.
1276 4398 1478 4454 Verum
1518 4401 1776 4470 quoniam
1816 4407 1873 4453 ut
1909 4415 1985 4455 sa-

2104 4401 2491 4473 συμφερόντως
2540 4404 2846 4472 οἰκονομεῖν
2904 4404 2997 4456 ἐπὶ
3040 4404 3140 4474 τῆς
3183 4406 3500 4471 δεσποτείας
3546 4408 3682 4461 καθ-

418 4498 591 4567 p‘iant,
633 4494 889 4550 omnibus
947 4508 1055 4548 non
1102 4494 1289 4549 eadem
1333 4500 1493 4547 atate
1546 4492 1851 4561 contingit,
1889 4508 1985 4547 nou

2106 4495 2375 4550 ίστασθαι.
2402 4494 2541 4548 Ἀλλ’
2569 4496 2690 4549 ἐπεὶ
2715 4497 2812 4566 οὐχ
2845 4497 3046 4567 ὁμοίως
3080 4499 3213 4551 πᾶσι
3242 4499 3301 4551 τὸ
3327 4500 3544 4569 φρονεῖν
3574 4516 3680 4552 πα-

421 4591 493 4641 ita
532 4587 856 4654 simpliciter
882 4585 1073 4649 statui,
1141 4598 1316 4652 neque
1348 4598 1415 4637 ex
1451 4583 1568 4637 sola
1606 4590 1767 4637 atate
1806 4582 1875 4636 ad
1912 4598 1985 4638 re-

2101 4587 2399 4658 ραγίνεται,
2455 4587 2563 4640 ἔδει
2587 4588 2634 4619 ¹⁰
2672 4587 2748 4659 μὴ
2778 4587 2967 4652 ἁπλῶς
3013 4589 3158 4643 οὑτω
3192 4589 3491 4657 θεσπίζειν,
3543 4590 3679 4661 μηδὲ

422 4695 541 4733 rum
570 4694 794 4735 suarum
825 4677 1273 4747 gubernationem
1296 4674 1506 4744 pariter
1538 4687 1731 4730 omnes
1762 4674 1985 4743 produci

2101 4679 2310 4740 πάντας
2345 4677 2479 4748 ὁμοῦ
2510 4677 2615 4731 ὑπὸ
2647 4679 2808 4746 μόνου
2840 4678 2934 4731 τοῦ
2979 4678 3173 4748 καιροῦ
3200 4681 3281 4742 είς
3313 4679 3411 4749 τὴν
3452 4678 3563 4731 τῶν
3596 4681 3681 4731 ot-

417 4771 709 4839 oportebat
738 4786 755 4836 ;
786 4769 882 4824 sed
909 4777 1028 4823 erat
1059 4779 1221 4836 quam
1253 4771 1467 4830 atatem
1496 4763 1763 4834 cujusque
1800 4778 1985 4819 eorum

2101 4767 2262 4819 κείων
2289 4765 2539 4831 ἐξουσίαν
2569 4766 2930 4836 προάγεσθαι,
2957 4768 3094 4823 ἀλλὰ
3124 4768 3248 4822 καθ’
3276 4768 3336 4821 ὃν
3365 4769 3679 4822 ἀπαιτεῖται

416 4862 509 4930 qui
565 4875 748 4915 rerum
809 4873 1034 4916 suarum
1097 4856 1628 4912 administrationem
1680 4856 1985 4926 suscepturi

2098 4856 2290 4925 καιρὸν
2335 4856 2444 4910 τῶν
2468 4857 2568 4926 τὴν
2603 4857 2647 4890 ⁸⁸
2676 4857 2997 4911 δεσποτείαν
3032 4858 3532 4930 προχειριζομένων
3574 4874 3677 4910 κα-

415 4960 641 5017 esscut,
696 4960 875 5007 Status
943 4950 1296 5018 requireret,
1358 4946 1783 5016 inspiciendum.
1849 4946 1985 5013 Quid

2096 4950 2376 5010 τάστασις.
2412 4948 2476 5001 Τί
2509 4948 2653 5020 γὰρς
2676 4949 2703 5002 ό
2734 4949 2832 5020 μὲν
2859 4951 2907 5002 εί
2935 4951 2981 4982 ¹¹
3009 4950 3351 5020 ὑπερελάσας
3370 4948 3464 5003 τὸν
3485 4948 3679 5019 χρόνον

414 5041 601 5095 enim?
628 5055 697 5095 an
717 5055 844 5096 cum
872 5041 984 5105 hic,
1023 5048 1312 5110 postquam
1344 5052 1464 5093 eam
1486 5045 1703 5093 atatem
1734 5053 1985 5108 egressus

2095 5038 2249 5095 οὔπω
2285 5041 2366 5102 είς
2397 5040 2459 5094 τὸ
2489 5042 2707 5111 φρονεῐν
2740 5039 2990 5110 ἀφίκετο,
3033 5041 3126 5095 τοῦ
3154 5040 3435 5105 δεσπόζειν
3461 5038 3677 5109 κριθείη

1708 5176 1941 5233 γΑιιῐΑῑ
1995 5178 2402 5237 LECTIONES.

402 5300 403 5303 η
484 5272 527 5306 ³⁷
551 5271 667 5328 Ecl.
696 5271 965 5343 ἁπείρξει.
1034 5272 1076 5303 ¹⁶
1100 5272 1191 5344 Sic
1219 5269 1333 5344 _E_c|.
1361 5267 1607 5344 Codd._et
1621 5268 1753 5344 editi
1781 5268 1981 5344 habent
2012 5288 2028 5344 ι
2056 5271 2193 5341 ὅπερ
2210 5274 2306 5325 καὶ
2322 5272 2466 5344 καθά
2493 5272 3156 5344 ωμσαίνεινάπαγορεὺει,
3184 5270 3433 5344 amth
3537 5265 3675 5337 θῆλυ

416 5344 708 5413 πρόσωπον
755 5332 1063 5412 ἀφαιρεῖται
1088 5342 1188 5421 τὴν
1217 5338 1481 5405 ἐξουσίαν,
1515 5332 1576 5392 οὗ
1609 5339 1802 5409 γνώμῃ
1838 5332 2175 5411 πλησιότης.’
2224 5345 2266 5375 ¹⁹
2301 5332 2673 5412 Supplendum
2704 5343 2818 5397 καί.
2887 5332 3048 5397 "Sic
3070 5332 3303 5397 correxit
3340 5332 3675 5409 Stephanus.

415 5413 585 5468 Codd.
612 5414 759 5467 εῖδει.
855 5414 893 5443 ¹¹
923 5411 1361 5467 Pramutendum
1395 5422 1594 5463 censeo
1620 5409 1731 5463 ἐπί.
1791 5411 1834 5439 ³²
1862 5410 2037 5465 Codd.
2064 5415 2111 5465 εί
2133 5414 2160 5464 ὁ
2191 5412 2307 5468 μὲν.
2342 5414 2649 5468 Stephanus
2665 5415 2712 5467 εἰ
2738 5413 2796 5468 ὃς
2828 5412 2928 5468 μὲν
2949 5413 3044 5467 καὶ
3067 5410 3289 5468 ὑπερελ.
3315 5441 3377 5452 -
3396 5409 3455 5468 ὃς
3488 5408 3565 5463 δέ.

570 5453 585 5467 ο
612 5432 759 5467 ειοει.

2102 3582 2376 3650 συντηρεϊ,
2409 3579 2485 3648 τῷ
2523 3580 2702 3644 καλῶς
2728 3582 3058 3654 διακειμένῳ
3080 3585 3182 3654 τῆς
3203 3586 3523 3656 νομοθεσίας
3555 3604 3683 3641 συνο

2101 3671 2313 3742 είδομεν
2342 3671 2369 3724 ὃ
2403 3671 2578 3724 λείπει
2612 3673 2743 3744 παρ’
2781 3674 2991 3727 ἑαυτῶν
3025 3677 3357 3747 προσθεῖναι.
3396 3677 3460 3731 Τί
3494 3674 3587 3732 οὖν
3619 3678 3683 3731 τὸ

2102 3762 2347 3816 ἐλλεῖπον
2370 3758 2472 3834 ἦν;
2505 3763 2576 3816 Τὸ
2612 3763 2896 3833 βούλεσθαι
2925 3766 3073 3836 παρά
3105 3767 3265 3838 μόνου
3298 3768 3561 3838 βασιλέως
3586 3788 3683 3823 κε-

2102 3852 2352 3918 λεύοντος
2378 3854 2691 3920 ἐξίστασθαι
2718 3856 2847 3918 τοὺς
2869 3856 3224 3929 κουράτωρας
3260 3860 3359 3930 τῆς
3396 3861 3501 3914 τῶν
3532 3879 3679 3932 πρα-

2103 3944 2329 4014 γμάτων
2384 3944 2723 4014 διοικήσεως,
2775 3948 3177 4018 ἐγχειρίζεσθαι
3209 3948 3264 4003 δὲ
3315 3951 3443 4015 τοὺς
3482 3954 3683 4017 παῖδας

2103 4036 2270 4107 αὐτὴν
2318 4037 2693 4101 ἀπολαϐόντας
2738 4038 2837 4108 τῆς
2871 4041 3087 4111 ἡλικίας
3135 4041 3195 4095 τὸ
3243 4043 3461 4115 μέτρον,
3490 4045 3518 4099 ὃ
3566 4048 3682 4109 τοῖς

2108 4128 2206 4198 μὲν
2234 4128 2459 4200 ᾶῤῥεσιν
2484 4131 2512 4182 ὁ
2531 4130 2772 4193 εἰκοστὸς
2794 4131 3059 4203 ἀπονέμει
3082 4134 3273 4205 χρόνος
3291 4173 3308 4200 ,
3340 4139 3459 4199 ταῖς
3498 4136 3554 4189 δὲ
3584 4137 3686 4208 θη-

2102 4217 2275 4282 λείαις
2296 4220 2323 4271 ὁ
2351 4218 2534 4287 ὄγδοος
2563 4221 2658 4273 καὶ
2686 4221 2907 4285 δέκατος
2937 4223 3003 4286 η,
3034 4222 3109 4286 ὼς
3140 4225 3220 4288 είς
3248 4224 3399 4296 ὥραν
3430 4226 3683 4290 ἐλθόντας

2105 4310 2419 4379 φρονήσεως
2463 4310 2673 4364 καὶτοῦ
2716 4312 2785 4364 τά
2826 4312 3003 4365 οίκεῖα
3058 4313 3318 4367 δύνασθαι
3371 4316 3550 4381 καλῶς
3584 4318 3680 4370 καὶ

855 5408 1361 5467 ³¹Ῥιεξηιὶιιειισιιιιι
1395 5422 1594 5463 censeo
1620 5408 1735 5463 tat.
1776 5408 1834 5439 "'
1862 5410 2037 5465 Codd.
2064 5408 2111 5465 et
2133 5414 2160 5464 ὁ
2191 5412 2307 5481 μὲν,
2342 5408 2649 5483 Stephanus
2665 5415 2712 5467 εἰ
2738 5413 2796 5477 ὃς
2827 5412 2928 5483 μὲν
2949 5413 3044 5467 καὶ
3067 5410 3289 5483 ὑπερελ.
3315 5441 3377 5452 -
3396 5408 3455 5473 ὃς
3488 5408 3565 5463 δέ.

1946 5504 2177 5562 ΝΟΤΙΕ.

2103 5609 2291 5682 naut
2336 5601 2699 5682 .XVIII._q1.IOd
2754 5600 2875 5656 addi
2936 5607 3151 5671 oportet
3179 5597 3281 5656 leai
3312 5592 3447 5660 2,6.
3484 5592 3558 5648 De
3590 5592 3679 5653 his

2100 5680 2190 5739 qui
2225 5686 2438 5724 veniam
2473 5680 2671 5725 atatis.

2172 5742 2247 5808 (7i
2272 5741 2404 5796 Inst.
2438 5740 2510 5795 De
2533 5751 2710 5795 curat.

490 5599 747 5667 (9mm.
780 5600 991 5664 1.5,u.
1033 5597 1109 5654 De
1140 5597 1325 5668 adopt.
1367 5597 1397 5668 ξ
1433 5599 1517 5653 ιο.

491 5670 632 5733 (luti
668 5671 803 5723 Inst.
830 5671 903 5723 De
933 5670 1117 5739 adopt.
1152 5666 1353 5737 Ulp'.8,
1374 5666 1407 5738 ς
1428 5670 1483 5724 9.

493 5737 569 5801 (5)
600 5737 655 5788 d.
692 5736 743 5803 §.
774 5736 861 5790 10.
950 5797 955 5802 _

495 5797 572 5868 ('6)
603 5797 773 5857 Etiam
802 5816 928 5859 ante
950 5797 1018 5860 τι
1051 5816 1104 5861 et
1135 5823 1291 5862 xvm.
1324 5806 1427 5871 Qui
1461 5823 1567 5861 non
1597 5821 1810 5876 semper
1832 5823 1979 5863 anno
