4048 6444
1643 353 1920 423 LEONIS
1948 351 2408 416 PHILOSOPHI

862 473 1328 536 CONSTITUTlO
1361 474 1547 530 XXIX.

2619 460 2935 529 ΑιΑτΑΞιΣ
2972 457 3100 515 κε’.

396 574 464 637 Ut
496 580 814 637 ancillarum
845 580 1032 642 partus
1074 571 1213 639 apud
1254 569 1420 622 alium
1466 566 1659 628 editus,
1712 564 1778 618 ad
1804 562 1969 630 ipsius

2089 555 2216 642 Napi
2240 555 2344 642 τοῦ
2371 554 2520 642 δεῖν,
2553 552 3258 642 1'5‘30001ﬂ.c.?8paxqfrzj€
3281 553 3371 621 μὴ
3400 552 3564 642 παρὰ
3584 552 3668 642 τῷ

895 621 1171 697 dominum
1186 621 1474 708 γερουσίαν.
1650 621 1658 628 ’
1822 621 1832 630 ’

2150 621 2352 708 οἰκείέρ
2397 625 2713 708 δεσπότῃ,
2754 624 2940 708 ἀλλὰ.
2974 621 3110 708 παρ’
3163 621 3373 708 ἑτέρῳ,
3427 627 3535 708 τέν
3573 625 3669 708 τό·

2147 713 2260 749 κον
2285 694 2405 763 ἅμα
2429 693 2507 763 τῇ
2541 696 2804 764 τεκούσῃ
2833 693 2984 763 πρὸς
3009 693 3116 747 τὸν
3171 692 3396 748 οἰκεῖον
3451 693 3670 748 δεσπό-

2147 783 2261 832 την
2277 765 2667 834 ἀπέρχεσθαι.

467 864 615 923 Idem
641 867 941 935 imperator
967 859 1144 916 eidem
1169 857 1436 929 Styliano.

2159 859 2218 910 '0
2244 858 2407 920 αὑτὸς
2438 856 2689 928 βασιλεὺς
2715 855 2996 926 Στυλιανῷ
3017 855 3099 927 τῷ
3129 855 3302 926 αὑτῷ.

465 954 934 1025 Quemadmodum
969 951 1117 1008 hunc
1141 960 1473 1011 sermonem,
1508 946 1600 1014 qui
1624 941 1828 996 nullam
1865 955 1977 1010 pra:

2150 951 2366 1019 Ὠσπερ
2393 950 2568 1020 ἀληθῆ
2594 950 2687 1003 καὶ
2717 949 2878 1019 όρθδν
2916 949 3079 1018 λόγον
3106 949 3269 1019 ἷσμεν
3296 947 3389 1001 τὸν
3430 946 3664 1016 ψεύδους

397 1069 454 1106 se
481 1052 584 1105 l‘ert
627 1047 895 1104 mendacii
938 1043 1372 1117 perversitatem,
1418 1052 1606 1092 verum
1647 1050 1772 1090 esse
1815 1041 1977 1102 atque

2089 1041 2407 1112 διαστροφὴν
2441 1041 2542 1093 οὑκ
2575 1040 2935 1110 ἐμφαίνοντα,
2968 1039 3113 1092 οὑτω
3138 1039 3234 1092 καὶ
3259 1039 3438 1109 ἀληθῆ
3472 1038 3662 1108 νόμον,

402 1149 610 1195 rectum
639 1140 868 1202 scimus,
909 1139 986 1190 ita
1040 1136 1205 1191 etiam
1268 1145 1451 1186 veram
1484 1130 1680 1199 legem,
1713 1141 1834 1197 qua:
1868 1125 1974 1178 ini—

2089 1132 2137 1196 ὃς
2168 1131 2244 1203 μὴ
2275 1131 2558 1201 ἐλέγχεται
2589 1131 2669 1200 τῷ
2719 1130 2892 1200 ἀδίκῳ
2936 1130 3430 1201 παρατρεπόμενος
3451 1146 3464 1159 ’
3509 1130 3583 1192 ὼς
3611 1128 3667 1182 εἴ

396 1233 605 1302 quitate
639 1229 878 1300 perverti
900 1243 1010 1282 non
1043 1223 1495 1296 deprehenditur.
1523 1221 1701 1289 Atque
1736 1217 1874 1271 adeo
1929 1216 1977 1270 si

2089 1226 2148 1293 γέ
2177 1241 2262 1288 τις
2296 1224 2457 1277 τοῦτο
2485 1223 2546 1276 οὑ
2576 1221 2854 1288 διασώζει,
2886 1222 2987 1275 οὑκ
3021 1223 3087 1276 ἂν
3118 1223 3202 1289 εἴη
3231 1222 3414 1292 νόμος,
3434 1221 3538 1274 κᾶν
3564 1222 3666 1290 τῆς

395 1341 504 1394 qua
532 1325 583 1378 id
615 1338 723 1378 non
747 1321 1026 1384 observat,
1046 1335 1108 1373 ea
1133 1319 1216 1371 lex
1251 1329 1359 1369 non
1392 1323 1498 1376 est,
1519 1309 1770 1381 quamvis
1797 1323 1859 1361 ea
1880 1321 1977 1375 ap-

2089 1318 2338 1387 τοιαύτης
2373 1316 2750 1388 προσηγορίας
2782 1314 3034 1384 ἠξίωται.
3067 1315 3130 1368 El
3161 1313 3272 1384 γὰρ
3303 1312 3464 1366 τοῦτο
3492 1311 3662 1381 νόμου

399 1413 692 1484 pollutione
712 1411 875 1480 digna
892 1407 1077 1462 habita
1102 1407 1192 1462 sit.
1209 1407 1266 1458 Si
1285 1405 1428 1459 enim
1459 1403 1562 1456 hoc
1577 1400 1711 1470 legis
1727 1409 1808 1453 est
1841 1395 1978 1468 (l5),

2089 1411 2150 1465 rd
2168 1409 2371 1480 νέμειν
2405 1411 2552 1478 ὅπερ
2582 1409 2818 1476 ἑκάστῳ
2833 1408 3141 1476 ἁρμόδιον,
3185 1407 3300 1469 πῶς
3333 1406 3362 1458 ό
3396 1407 3471 1476 μὴ
3506 1405 3666 1457 τοῦτο

397 1518 455 1561 ιιι
506 1506 690 1574 cuique
739 1503 831 1571 jus
888 1517 1040 1556 suum
1100 1498 1322 1574 tribuet,
1375 1494 1649 1565 quomodo
1706 1505 1826 1561 quae
1879 1490 1981 1543 hoc

2089 1504 2254 1556 ποιῶν
2295 1503 2458 1573 νόμος
2503 1502 2687 1567 έσταις
2726 1500 3091 1572 Πεφώρανται
3131 1498 3230 1568 μὲν
3271 1496 3336 1567 δὴ
3367 1497 3460 1549 καὶ
3486 1497 3667 1564 ἕτεροι

399 1611 510 1650 non
547 1572 787 1664 praestat,
841 1591 926 1645 lex
958 1589 1095 1645 erit?
1128 1590 1198 1643 At
1237 1572 1360 1642 cum
1397 1587 1515 1640 alite
1560 1584 1723 1638 etiam
1760 1581 1982 1636 nomine

2089 1592 2417 1661 καλούμενοι
2469 1593 2624 1663 νόμοι
2665 1591 2826 1645 τοῦτο
2874 1590 3172 1655 παθόντες,
3240 1589 3340 1658 οὑχ
3390 1582 3554 1658 ἦττον
3606 1587 3666 1638 δὲ

398 1686 559 1738 tenus
607 1683 752 1750 leges
793 1681 847 1735 id
875 1679 1218 1734 committere
1271 1677 1625 1746 deprehensa:
1681 1683 1830 1736 sunt,
1860 1679 1972 1725 tum

2089 1685 2339 1748 κάκεῖνος
2358 1686 2404 1716 ’⁵
2435 1687 2463 1737 ὁ
2485 1685 2585 1754 τὴν
2615 1684 2778 1754 γονὴν
2807 1683 2908 1752 τῆς
2941 1682 3015 1752 μὴ
3057 1681 3212 1751 παρὰ
3242 1680 3318 1750 τῷ
3359 1680 3546 1748 οἰκείῳ
3578 1679 3667 1730 δε-

400 1780 530 1828 vero
556 1773 646 1827 illa
679 1771 792 1841 (Μ)
845 1769 1102 1833 maxime,
1140 1782 1262 1836 quae
1313 1772 1528 1834 partum
1567 1761 1802 1827 ancillae,
1858 1775 1980 1828 qua:

2089 1776 2283 1850 σπότῃ,
2315 1775 2453 1830 ἀλλὰ
2477 1778 2606 1846 παρ’
2632 1776 2824 1846 ἑτέρῳ,
2854 1775 2887 1845 ἦ
2915 1774 3194 1844 συλήσεως
3216 1773 3403 1842 τρόπῳ
3431 1771 3463 1840 ἢ
3495 1771 3669 1840 ἑτέρῳ

399 1880 506 1918 non
535 1832 1018 1932 apud‘do’miuum,
1045 1832 1139 1912 sed
1159 1832 1326 1909 l‘urto
1345 1853 1526 1908 aliove
1568 1853 1730 1906 modo
1766 1848 1973 1904 subdu-

2089 1871 2188 1923 τινὶ
2348 1832 2568 1932 ὠδῖνας.
2586 1832 3012 1936 ἀπολυσαμένης
3036 1832 3412 1938 θεραπαίνης,
3448 1832 3670 1916 έπειδὰν

390 372 497 445 tsi
1643 353 1920 423 LEONIS
1948 353 2408 416 PHILOSOPHI
3552 353 3663 417 492

399 1959 507 2019 cla,
545 1953 689 2022 apud
716 1952 880 2006 alium
912 1949 1222 2020 quempiam
1250 1947 1483 2016 peperit,
1526 1953 1816 2014 postquam
1849 1941 1979 1996 faci-

400 2052 505 2098 nus
548 2041 807 2104 innotuit,
839 2053 948 2094 non
990 2053 1113 2092 cum
1158 2046 1333 2090 matre
1388 2035 1454 2088 ad
1486 2049 1646 2089 suum
1692 2032 1977 2086 dominum

399 2135 572 2199 abire,
610 2133 704 2187 sed
735 2133 803 2186 ah
833 2133 937 2186 hoc
972 2146 1134 2202 quem
1182 2133 1347 2188 aiieni
1393 2133 1654 2204 mancipii
1695 2131 1978 2186 dominum

403 2230 575 2282 fuisse
605 2234 846 2290 constat,
872 2226 1100 2280 detineri
1123 2225 1302 2296 jubet.

473 2319 592 2372 Hoc
629 2318 819 2386 itaque
845 2316 976 2386 quia
1012 2331 1124 2370 non
1161 2326 1310 2372 recte
1336 2331 1396 2372 se
1437 2317 1638 2371 habere
1663 2316 1837 2372 visum
1868 2322 1978 2378 est,

401 2407 753 2463 convenienti
779 2406 990 2460 medela
1035 2421 1138 2461 nos
1177 2406 1408 2478 dignati,
1464 2409 1542 2461 uti
1581 2422 1718 2462 suus
1746 2417 1979 2461 matrem

403 2508 596 2570 partus
635 2506 918 2567 sequatur,
941 2497 1220 2565 jubemus.
1256 2496 1371 2552 Non
1403 2500 1548 2552 enim
1573 2499 1699 2568 quia
1733 2497 1982 2567 [umqum

406 2593 491 2646 lex
516 2591 741 2645 domino
775 2590 1009 2657 persolvi
1058 2588 1257 2644 debere
1291 2588 1581 2654 decernit,
1617 2590 1849 2651 obtinet.
1899 2591 1982 2645 id-

402 2684 554 2738 circo
588 2684 749 2736 etiam
781 2681 870 2734 ille
905 2681 1114 2735 ancillae
1143 2695 1258 2736 suae
1295 2692 1454 2752 partu
1480 2683 1704 2752 privari,
1744 2697 1983 2752 eumque

403 2775 546 2830 alius
569 2773 770 2827 lucrari
808 2772 990 2827 debet.
1043 2773 1124 2827 Ad
1179 2773 1390 2828 lucrum
1449 2781 1631 2829 autem
1678 2774 1808 2829 huic
1842 2774 1978 2830 satis

405 2867 498 2929 sit,
532 2864 677 2935 quod
703 2860 815 2934 (l5)
847 2864 936 2919 illa
962 2865 1027 2918 ad
1058 2865 1426 2921 ministerium
1455 2881 1555 2937 pro
1577 2866 1813 2921 arbitrio
1846 2881 1981 2922 usus

402 2968 507 3015 est.
549 2960 620 3016 At
650 2957 1072 3028 dixeritaliquis
1117 2978 1129 3013 :
1163 2958 1270 3014 Sed
1311 2959 1358 3015 si
1384 2960 1515 3030 quid
1553 2960 1607 3013 in
1641 2960 1816 3026 illam,
1849 2959 1979 3013 dum

2080 1961 2142 2013 τὸ
2175 1958 2547 2030 κακούργημα
2594 1960 2673 2021 είς
2717 1959 2922 2025 γνῶσιν
2951 1957 3082 2030 ἔλθῃ
3108 1995 3122 2021 ,
3159 1954 3670 2027 παρακελευόμενος

2085 2053 2162 2122 μὴ
2189 2052 2288 2104 σὺν
2309 2053 2376 2121 τῇ
2408 2051 2580 2121 μητρὶ
2611 2050 2750 2120 πρὸς
2781 2049 2873 2102 τὸν
2903 2051 3104 2102 οἰκεῖον
3128 2048 3399 2117 δεσπότην
3428 2046 3669 2116 ἀπέρχε-

2083 2143 2232 2209 σθαι,
2250 2142 2387 2197 ἁλλὰ
2417 2141 2900 2215 παρακατέχεσθαι
2932 2139 3038 2194 ὑπὸ
3061 2139 3279 2206 τούτου,
3297 2138 3356 2202 ὃς
3382 2136 3668 2208 ἀλλοτρίου

2083 2237 2367 2306 κτήματος
2402 2234 2563 2305 ὤφθη
2593 2235 2885 2304 δεσπότης.

2151 2320 2324 2374 Τοῦτο
2351 2321 2443 2375 οὑν
2475 2323 2598 2375 ἐπεὶ
2629 2322 2704 2392 μή
2737 2321 2920 2384 καλῶς
2964 2320 3112 2391 ἔχειν
3161 2321 3331 2386 δοκεῖ,
3363 2321 3462 2390 τῆς
3492 2334 3668 2390 προσ-

2081 2412 2326 2484 ηκούσης
2357 2412 2656 2482 θεραπείας
2687 2411 2968 2477 ἀξιοῦντες
2989 2415 3151 2482 ἡμεῖς
3177 2409 3671 2481 παρακελευόμεθα

2080 2505 2147 2572 τῇ
2174 2502 2409 2574 τεκούσῃ
2439 2504 2533 2555 τὸν
2562 2503 2693 2555 ἴδιον
2720 2502 2880 2555 τόκον
2905 2500 3244 2554 ἀκολουθεῖν.
3274 2501 3348 2552 Οὑ
3383 2498 3490 2569 γὰρ
3525 2499 3607 2551 ὅτι
3635 2499 3667 2550 ό

2082 2596 2325 2666 κλέπτης
2379 2596 2572 2665 ὑπέχει
2621 2594 2658 2650 ἃ.
2710 2594 2938 2663 διορίζει
2986 2594 3015 2645 ὁ
3067 2593 3233 2661 νόμος
3284 2591 3447 2645 αὑτὸν
3491 2606 3669 2644 κατα-

2083 2691 2303 2745 ϐάλλειν
2333 2691 2412 2761 τῷ
2444 2690 2682 2760 δεσπότῃ
2707 2729 2722 2754 ,
2758 2689 2846 2742 διὰ
2890 2689 3052 2740 τοῦτο
3101 2688 3536 2757 ἀποστερήσεται
3569 2685 3671 2755 μὲν

2083 2784 2250 2847 αὑτὸς
2278 2783 2369 2836 τὸν
2395 2782 2555 2834 τόκον
2591 2782 2691 2851 τῆς
2734 2779 2948 2841 οἰκείας
2991 2778 3332 2848 θεραπαίνης
3355 2816 3368 2839 ,
3410 2776 3672 2846 κερδήσει

2081 2871 2139 2925 δὲ
2166 2869 2358 2924 τοῦτον
2392 2870 2582 2932 ἄλλος’
2618 2869 2781 2939 ἀρκεῖ
2804 2869 2910 2938 γὰρ
2934 2868 3111 2937 τούτῳ
3156 2867 3292 2937 πρὸς
3330 2866 3541 2936 κέρδος,
3569 2867 3672 2918 ὅσα

2084 2964 2165 3025 είς
2219 2961 2527 3032 ὑπηρεσίαν
2579 2960 2718 3030 αὑτῇ
2776 2960 3153 3028 ἀπεχρήσατο.
3215 2959 3408 3022 Nat“,
3481 2959 3669 3026 φησὶν,

403 3049 668 3119 possedit,
733 3050 1082 3118 impenderit,
1135 3059 1351 3120 oportet
1386 3059 1440 3105 et
1489 3052 1667 3120 ipsum
1710 3068 1775 3107 ex
1805 3053 1983 3122 pretio

2089 3053 2200 3108 ἀλλ’
2259 3054 2308 3106 εί
2361 3053 2529 3122 τιμὴν
2589 3052 2729 3121 ὑπὲρ
2786 3049 2957 3120 αὐτῆς
3012 3049 3436 3118 κατατιθέμενος
3499 3048 3674 3113 οὑτως

407 3141 642 3195 lucrari:
672 3139 905 3208 ideoque
942 3140 1184 3194 alienum
1218 3156 1328 3197 non
1360 3150 1445 3196 est
1477 3153 1691 3210 partum
1720 3143 1863 3210 apud
1905 3143 1983 3212 ip-

2089 3148 2378 3218 ὲκτήσατο,
2407 3145 2486 3197 δεῖ
2513 3161 2566 3196 τι
2597 3144 2691 3196 καὶ
2713 3141 2904 3196 τοῦτον
2937 3142 3243 3212 κερδαίνειν
3273 3143 3337 3194 ὲκ
3369 3140 3465 3193 τοῦ
3507 3143 3672 3210 τιμή-

406 3248 527 3288 sum
563 3247 906 3302 permanere.
936 3234 1100 3300 Atqui
1139 3232 1183 3288 si
1211 3233 1482 3304 quispiam
1535 3234 1601 3288 ad
1624 3234 1982 3289 detinendum

2089 3256 2298 3309 ματος,
2348 3238 2446 3292 καὶ
2485 3237 2575 3290 διὰ
2617 3235 2778 3288 τοῦτο
2807 3236 2869 3288 τδ
2906 3235 3100 3306 τεχθὲν
3149 3235 3249 3288 οὑκ
3290 3234 3492 3287 ἄτοπον
3539 3233 3672 3303 παρ’

407 3324 581 3379 fetum
616 3323 722 3377 hoc
787 3323 1055 3378 rationem
1104 3325 1347 3394 praebere
1401 3332 1576 3394 putat,
1617 3326 1890 3394 quomodo
1926 3335 1983 3380 ut

2089 3330 2234 3400 αὑτῷ
2258 3329 2553 3400 διαμένειν.
2595 3327 2736 3380 Ἀλλ’
2762 3329 2808 3380 εί
2837 3327 3000 3380 τοῦτό
3043 3342 3129 3388 τις
3157 3325 3380 3393 εὑλογον
3405 3320 3548 3379 εἶναι
3579 3341 3670 3376 νο-

404 3416 494 3469 llle
531 3422 765 3469 matrem
823 3416 977 3485 sequi
1011 3416 1227 3482 debeat,
1283 3432 1311 3469 a
1359 3416 1585 3470 domino
1641 3417 1983 3486 persolutum

2090 3423 2237 3493 μίςει
2275 3423 2355 3484 είς
2398 3420 2732 3489 κατάσχεσιν
2759 3417 2856 3471 τοὺ
2897 3418 3184 3487 κυήματος
3204 3456 3219 3480 ,
3252 3417 3371 3478 πῶς
3392 3416 3493 3468 οὐκ
3523 3415 3676 3468 εὐλο-

408 3504 643 3572 pretium
700 3519 809 3559 non
874 3506 1138 3576 majorem
1181 3507 1491 3577 praebebit?
1527 3508 1670 3572 Quin
1707 3508 1983 3574 quomodo

406 3595 823 3650 convenientius
847 3611 955 3649 non
989 3605 1093 3659 est,
1129 3597 1175 3652 si
1209 3597 1303 3667 qui
1340 3598 1595 3666 perdidit,
1627 3599 1862 3669 indeque
1888 3602 1986 3657 do-

410 3687 556 3739 lores
590 3685 646 3739 in
682 3687 848 3740 corde
900 3688 1150 3756 pertulit,
1203 3703 1270 3742 ex
1318 3690 1635 3743 accessione
1667 3689 1989 3745 delinimeu-

410 3780 528 3826 tum
567 3774 810 3839 sentiat,
838 3789 1001 3843 quam
1028 3777 1073 3829 si
1099 3775 1192 3831 ille
1228 3791 1348 3831 eam
1384 3777 1601 3843 habeat,
1633 3781 1726 3848 qui
1762 3790 1987 3850 praeter-

408 3881 571 3934 quam
601 3865 747 3936 quod
793 3867 933 3920 nihil
978 3868 1163 3921 annisit
1204 3867 1300 3939 (ab
1354 3870 1448 3924 illo
1511 3873 1658 3927 enim
1716 3874 1808 3943 qui
1839 3875 1987 3930 furto

408 3959 736 4014 subductam
771 3961 1031 4015 ancillam
1091 3962 1196 4030 ipsi
1247 3964 1516 4032 vendidit,
1550 3967 1785 4035 pretium
1823 3983 1985 4022 recu-

411 4066 607 4120 perare
633 4051 808 4120 licet),
855 4052 1068 4106 ancilla:
1122 4053 1286 4107 etiam
1321 4054 1694 4111 ministerium
1741 4057 1987 4113 lucratus

408 4145 535 4199 est?
562 4141 888 4214 Neutiquam
924 4161 1046 4215 ergo
1081 4145 1380 4214 (quomodo
1426 4147 1692 4219 diximus)
1748 4148 1988 4203 detinea-

411 4238 498 4288 ίαν
528 4248 736 4304 partus,
777 4235 870 4290 sed
896 4236 1357 4305 quemadmodum
1393 4248 1646 4304 matrem,
1691 4239 1773 4294 sic
1822 4240 1986 4294 etiam

413 4327 584 4380 lilium
619 4327 768 4396 prior
796 4327 1293 4384 dominushabeat.
1327 4329 1453 4385 Sive
1472 4331 1616 4385 enim
1641 4331 1734 4400 qui
1779 4331 1987 4386 furtum

412 4418 708 4484 commisit,
742 4417 894 4472 dives
931 4417 1023 4480 sit,
1059 4428 1286 4490 tumque
1341 4420 1446 4487 ipsi
1479 4421 1625 4489 quod
1659 4422 1800 4475 male
1833 4437 1989 4477 acce-

2085 3515 2326 3585 γώτερον
2358 3513 2438 3575 είς
2466 3513 2527 3564 τὸ
2557 3510 2788 3563 ἕπεσθαι
2820 3513 2853 3581 ή
2887 3509 2983 3562 τοῦ
3033 3507 3228 3581 πρώην
3272 3509 3537 3561 δεσπότου
3576 3506 3673 3560 τοῦ

2084 3603 2395 3670 τιμήματος
2422 3597 2776 3668 προλαϐοῦσα
2817 3597 3096 3667 καταϐολή
3121 3614 3137 3663 ;
3170 3597 3287 3659 πῶς
3316 3596 3361 3649 δ’
3393 3598 3495 3650 οὑκ
3519 3597 3672 3649 ἐστιν

2088 3690 2497 3763 ἁρμοδιώτερον
2521 3689 2614 3743 τὸν
2645 3689 2960 3743 ὑποστάντα
2990 3689 3094 3758 τὴν
3117 3688 3400 3744 ἀπώλειαν
3429 3689 3527 3743 καὶ
3550 3692 3674 3752 ταῖς

2087 3780 2300 3835 ἐκεῖθεν
2328 3780 2587 3850 ἀλγηδόσι
2618 3779 2954 3851 βεϐλημένον
2982 3779 3083 3848 τὴν
3109 3778 3341 3850 καρδίαν
3372 3777 3452 3848 τῷ
3481 3778 3672 3848 κέρδει

2090 3871 2516 3944 θεραπεύεσθαι,
2543 3871 2680 3925 ἀλλὰ
2711 3871 2783 3942 μὴ
2828 3872 3040 3923 ἐκεῖνον
3065 3869 3224 3922 τοῦτο
3250 3869 3417 3940 ἔχειν,
3451 3868 3511 3932 ὃς
3536 3868 3675 3940 πρὸς

2089 3963 2167 4034 τῷ
2216 3963 2384 4035 μηδὲν
2439 3963 2847 4018 ἀπολωλεκέναι
2884 3962 3086 4032 (ἔξεστι
3113 3961 3224 4031 γὰρ
3253 3962 3402 4032 αὑτῴ
3427 3961 3676 4031 ἀναλαμ-

2089 4056 2273 4110 6άνειν
2301 4055 2362 4109 τὸ
2396 4056 2614 4125 τίμημα
2636 4055 2764 4125 παρ’
2785 4049 2844 4108 οὑ
2866 4054 3186 4122 κλαπεῖσαή
3222 4053 3529 4123 θεράπαινα
3575 4055 3676 4107 ἀπ-

2087 4146 2425 4216 ημπόληται)
2442 4146 2536 4197 καὶ
2558 4145 2626 4197 τὰ
2645 4146 2745 4197 ὅσα
2765 4145 3150 4214 ὑπηρετήσατο
3170 4144 3437 4214 κερδήσας
3452 4145 3674 4214 ὁρᾶταις

2094 4235 2377 4307 οὐδαμῶς
2426 4232 2542 4292 οὖν
2587 4235 2658 4288 ἐν
2708 4235 2941 4304 κατοχῇ
2970 4235 3163 4298 ἔσται,
3212 4232 3394 4296 καθὼς
3437 4233 3672 4303 ἔφημεν,

2089 4329 2156 4381 τὸ
2191 4327 2425 4396 τεχθὲν,
2456 4327 2571 4380 ἀλλ’
2598 4327 2786 4396 ὥσπερ
2812 4327 2911 4396 τὴν
2937 4326 3167 4397 μητέρα,
3203 4324 3347 4378 οὓτω
3371 4327 3462 4378 καὶ
3489 4325 3550 4378 τὸ
3583 4325 3671 4376 τέ-

2093 4440 2220 4476 κνον
2261 4425 2290 4475 ό
2337 4421 2602 4493 πρότερος
2634 4419 2745 4485 ἔξει
2775 4421 3064 4490 δεσπότης.
3092 4421 3192 4473 Ἂν
3242 4437 3302 4473 τε
3341 4421 3450 4488 γὰρ
3493 4423 3520 4473 ό
3574 4419 3676 4488 τὴν

414 4512 510 4582 pit,
548 4511 668 4580 ejus
720 4511 961 4581 pretimn
1023 4512 1234 4575 reddat,
1291 4513 1430 4567 nihil
1478 4514 1716 4584 amplius
1777 4517 1983 4586 negotii

2100 4515 2311 4585 κλοπὴν
2356 4514 2736 4587 ἐργασάμενος
2781 4513 2890 4566 τῶν
2932 4512 3183 4582 εὐπόρων
3210 4507 3279 4585 ᾖ,
3331 4510 3678 4574 ἀποδιδόντος

415 4610 615 4658 restet:
650 4603 765 4657 sive
795 4611 1047 4657 mortuus
1078 4615 1173 4657 aut
1209 4604 1366 4660 vivus
1395 4603 1574 4660 adhuc
1613 4607 1796 4676 inopia
1829 4609 1985 4664 labo-

413 4700 516 4756 ret,
545 4700 604 4746 ut
627 4693 851 4763 quaelex
881 4708 911 4746 a
943 4691 1161 4748 furibus
1177 4695 1373 4764 exigit,
1397 4696 1683 4751 exsolvere
1719 4710 1980 4768 nequeat,

413 4793 528 4837 tum
556 4800 687 4840 vero
705 4802 927 4856 quoque
977 4790 1070 4857 qui
1111 4787 1368 4840 ancillam
1420 4787 1626 4852 amisit,
1678 4789 1800 4858 ejus
1835 4792 1985 4846 cala-

414 4878 652 4933 mitatem
686 4878 778 4933 ﬁlii
821 4896 945 4934 cum
974 4886 1149 4935 matre
1174 4878 1486 4947 receptione
1528 4878 1747 4936 deliniri
1776 4885 1991 4952 aequius

415 4965 506 5018 sit.

2094 4605 2320 4660 αὑτοῦ²⁷
2369 4605 2548 4675 ἤνπερ
2613 4604 2797 4667 κακῶς
2848 4602 3009 4656 έλαεε
3057 4602 3258 4673 τιμὴν,
3305 4603 3460 4656 οὐδὲν
3513 4601 3678 4655 πλέον

2094 4697 2574 4766 πολυπραγμονεῖν
2611 4695 2852 4764 ὀφείλει,
2885 4695 2950 4748 ἄν
2973 4710 3033 4748 τε
3074 4694 3272 4758 θανὼν,
3316 4693 3349 4763 ἢ
3389 4691 3500 4756 ζῶν
3554 4692 3677 4761 μὲν,

2094 4789 2319 4858 ἀπορῶν
2366 4789 2424 4842 δὲ
2471 4791 2550 4852 είς
2604 4788 2813 4841 ἔκτισιν
2845 4788 2882 4842 ἃ.
2911 4788 3042 4850 τοὺς
3084 4787 3420 4850 κλέπτοντας
3451 4789 3479 4839 ό
3509 4785 3677 4854 νόμος

2095 4881 2510 4950 εἰσπράττεται,
2569 4881 2666 4933 καὶ
2702 4880 2876 4943 οὑτως
2901 4879 3240 4949 δικαιότερον
3266 4879 3361 4931 τὸν
3393 4876 3678 4931 ἀπολωλε-

2100 4972 2234 5024 κότα
2283 4971 2384 5041 τὴν
2435 4971 2772 5041 θεράπαιναν
2803 4974 2867 5040 τῇ
2896 4969 2992 5023 τοῦ
3037 4969 3226 5032 παιδὸς
3275 4970 3374 5022 σὺν
3402 4970 3468 5038 τῇ
3507 4967 3681 5038 μητρὶ

2102 5061 2372 5133 ἀναλήψει
2403 5062 2912 5134 παραμυθήσασθαι
2936 5062 3035 5130 τὴν
3059 5060 3361 5116 ἀπώλειαν.

1696 5212 1928 5274 νΑῐζΙίΕ
1969 5220 2373 5278 LECTIUNES.

457 5333 502 5366 ”
534 5331 771 5405 Scrimg.
805 5326 851 5386 δ⁴
875 5331 1101 5393 ἐκεῖνος.
1173 5329 1220 5361 ³⁸
1236 5329 1406 5385 Codd.
1445 5330 1559 5384 καί.
1622 5331 1665 5364 ’⁷
1696 5331 1929 5406 Scrimg.
1986 5337 2157 5408 αὐτῷ.

1907 5474 2136 5532 ΝΟΤίΕ.

486 5614 598 5685 (l5)
631 5616 697 5685 _L.
732 5611 896 5680 10,3.
934 5613 1008 5685 De
1032 5615 1247 5685 justitia
1273 5625 1327 5671 et
1363 5619 1510 5685 jure.

485 5683 688 5757 §1£)14.
725 5685 812 5757 l0,
845 5688 900 5738 in
962 5682 1054 5751 lin,
1096 5687 1130 5740 Ι.
1164 5682 1254 5751 55,
1314 5682 1376 5741 II.
1424 5689 1498 5742 De
1537 5698 1767 5757 usucap.
1821 5689 1857 5742 Ι.
1894 5689 1986 5752 48,

413 5740 517 5816 te".
544 5740 598 5801 π’.
627 5752 703 5804 De
734 5740 844 5805 fur.

488 5816 702 5887 (l5)Ex
755 5823 857 5876 hoc
900 5823 1020 5879 loco
1072 5834 1248 5897 potest
1293 5826 1533 5895 defendi,
1591 5836 1826 5884 tutorem
1889 5845 1987 5906 pu-

2088 5622 2232 5692 pilla:
2250 5622 2466 5693 plenam
2493 5615 3233 5693 alimentorumpensionem
3268 5617 3677 5693 imputarenon

2089 5686 2270 5817 posse;
2305 5695 2352 5746 si
2378 5692 2605 5773 pupillae
2629 5688 2950 5746 ministerio
2974 5702 3137 5743 suum
3167 5687 3234 5742 ad
3280 5686 3672 5758 compendium

2090 5779 2222 5819 usus
2273 5771 2438 5819 uerit.

2130 5781 2222 5819 SllS
2247 5779 2438 5820 luel'll.
