4048 6438
389 344 498 410 695

1602 348 1798 414 LEON
1805 350 1877 415 IS
1900 352 2370 417 PHILOSOPHI

3555 348 3667 415 496

388 464 650 528 protervo
686 456 971 527 proposito
1002 455 1223 512 oculum
1252 456 1471 529 (22-25)
1506 473 1534 513 a
1583 463 1832 517 membro
1866 478 1970 519 suo

2083 463 2253 534 ἐχθρὰ
2279 467 2495 535 φρονεῖν
2521 462 2597 532 τῷ
2628 463 2785 532 ἀνδρὶ
2816 459 2919 531 τὴν
2945 462 3181 529 γυναῖκα
3206 503 3218 524 ,
3248 460 3414 514 ὁπότε
3443 462 3671 529 ἀσελγεῖ

390 554 668 614 avertens,
724 548 775 601 in
835 550 1075 603 alienum
1112 552 1392 621 respicere
1452 554 1655 625 gestit:
1694 570 1817 622 qua:
1857 554 1967 610 alia

390 641 548 707 signa
574 646 627 693 et
657 640 976 696 testimonia
998 643 1175 712 ipsam
1206 644 1260 698 in
1331 648 1591 700 maritum
1626 646 1846 701 hostilia
1876 661 1973 703 co-

390 732 565 799 gitare
590 732 917 788 desideres?

816 826 1291 885 CONSTITUTlO
1349 828 1545 885 XXXI.

394 912 462 968 Ut
500 912 614 984 (‘24)
648 930 767 985 qua:
807 917 1000 971 mulier
1035 919 1227 972 mariti
1255 919 1377 972 odio
1415 918 1654 983 abortat,
1703 921 1977 988 repudiari

885 994 950 1040 ab
982 988 1075 1042 illo
1122 991 1289 1056 possit
1344 989 1483 1059 (25).

470 1139 614 1196 Idem
641 1140 943 1210 imperator
995 1144 1175 1198 eidem
1212 1143 1481 1215 Styliano.

461 1232 566 1299 Qui
600 1234 877 1291 hominem
912 1251 942 1290 c
983 1236 1098 1307 (26)
1127 1247 1273 1292 terra
1321 1240 1551 1303 creavit,
1607 1250 1762 1296 costa
1801 1243 1978 1311 ipsius

392 1327 449 1382 in
476 1327 763 1382 mulierem
805 1329 1233 1397 transformata,
1284 1332 1608 1404 adjutricem
1657 1334 1772 1405 (27)
1806 1337 1881 1390 illi
1912 1352 1977 1392 ex

392 1418 569 1487 ipsius
608 1420 874 1474 membris
900 1421 1209 1492 conjunxit,
1238 1440 1351 1494 quo
1385 1426 1640 1482 videlicet
1672 1444 1785 1482 sua:
1807 1445 1964 1485 crea-

394 1508 565 1563 tionis
594 1524 816 1565 causam
837 1512 927 1566 illa
954 1528 1322 1583 cognoscens,
1359 1517 1445 1572 vel
1483 1518 1612 1573 hinc
1636 1519 1838 1586 discat,
1870 1535 1979 1590 qua

394 1603 511 1670 lege
537 1619 667 1674 erga
695 1606 1013 1675 coniugem,
1048 1608 1490 1664 benevolentiam
1523 1619 1689 1681 atque
1728 1628 1975 1668 amorem

394 1693 888 1750 incontaminatum
922 1710 1234 1754 conservet.
1270 1698 1404 1766 Quae
1437 1702 1605 1771 igitur
1631 1703 1705 1757 ita
1736 1704 1977 1758 animata

2082 556 2395 626 φρονήματι
2446 554 2541 607 τοῦ
2581 556 2789 607 οἰκείου
2843 552 3039 624 μέλους
3090 552 3183 605 τὸν
3215 552 3500 621 ὀφθαλμὸν
3530 555 3674 607 dno-

2083 647 2395 716 στρέφουσα
2421 646 2688 717 ἀλλοτρίῳ
2713 644 3045 707 ὲνατενίζειν
3081 643 3260 715 ἔρωτα
3293 643 3487 716 φέρει;

2578 826 2896 880 ΔΙΑΤΑΞΙΣ
2934 825 3042 880 ΔΑ¹
3071 826 3137 881 ⁸⁸.

2080 918 2222 986 Περὶ
2278 919 2390 973 τοῦ
2414 919 2522 972 τὸν
2556 918 2748 985 ἄνδρα
2791 916 3133 986 χωρίζεσθαι
3157 917 3270 988 τῆς
3316 917 3543 972 ἑαυτοῦ
3564 937 3675 988 γυ-

2150 990 2378 1054 ναικὸς,
2428 990 2576 1041 ὅταν
2617 988 2693 1040 δι’
2718 989 3058 1055 ἀπέχθειαν
3108 987 3224 1054 τὴν
3274 988 3425 1057 πρὸς
3480 987 3677 1044 αὑτὸν

2151 1060 2602 1128 ἀμϐλώσκουσα
2634 1057 2879 1128 φωραθῇ
2888 1099 2900 1112 .

2164 1151 2222 1203 '0
2247 1151 2408 1213 αὐτδς
2446 1150 2703 1221 βασιλεὺς
2735 1148 3016 1219 Στυλιανῷ
3044 1148 3122 1220 τῷ
3160 1149 3332 1220 αὐτῷ.

2164 1241 2223 1294 '0
2248 1242 2460 1305 πλάσας
2497 1242 2785 1313 ἄνθρωπον
2822 1241 2932 1294 ἀπὸ
2963 1244 3067 1311 γῆς
3100 1242 3159 1308 ἐξ
3206 1242 3428 1295 οἰκείων
3482 1242 3662 1313 μελῶσ

2083 1332 2278 1403 βοηθὸν
2313 1333 2463 1404 αὐτῷ
2493 1334 2756 1386 συνάπτει
2782 1333 2883 1403 τὴν
2901 1332 3145 1401 πλευρὰν
3177 1336 3258 1396 εἰς
3288 1337 3526 1401 γυναῖκα
3548 1335 3667 1388 δια-

2083 1425 2322 1490 πλάσας,
2358 1425 2445 1478 ἴνα
2491 1426 2590 1496 τὴν
2629 1426 2832 1495 ἑαυτῆς
2885 1425 3231 1495 ἐπισταμένη
3279 1427 3379 1497 τῆς
3421 1428 3677 1492 πλάσεως

2083 1517 2264 1571 αἰτίαν
2304 1519 2402 1572 καὶ
2442 1517 2697 1571 ἐντεῦθεν
2744 1517 3069 1588 παιδεύηται
3121 1512 3232 1571 οἷόν
3275 1536 3384 1571 τινι
3439 1520 3588 1589 νόμῳ
3616 1522 3680 1573 τὸ

2084 1609 2220 1679 πρὸς
2260 1610 2351 1662 τὸν
2380 1609 2650 1679 ὁμόζυγον
2698 1607 2910 1674 εὔνουν,
2954 1610 3045 1661 καὶ
3087 1608 3238 1681 σώζῃ
3270 1608 3419 1679 αὐτῷ
3453 1611 3513 1663 τὸ
3550 1609 3676 1679 φίλ-

2083 1717 2210 1770 τρον
2235 1702 2543 1755 ἀνόθευτον.
2581 1700 2643 1753 'H
2680 1700 2778 1770 μὲν
2799 1696 2894 1754 οὖν
2925 1699 3069 1753 οὕτω
3108 1700 3382 1771 φρονοῦσα
3415 1702 3509 1755 καὶ
3536 1702 3679 1769 γνώο

391 1790 496 1847 est,
539 1783 1087 1855 benevolentiamque
1146 1802 1304 1842 suam
1362 1790 1560 1844 marito
1605 1790 1866 1855 custodit,
1896 1806 1973 1845 re-

2086 1810 2195 1864 μην
2230 1792 2437 1847 οἰκείαν
2460 1791 2539 1863 τῷ
2560 1792 2717 1862 ἀνδρὶ
2748 1792 3015 1862 τηροῦσα,
3050 1792 3244 1863 βοηθός
3270 1794 3330 1846 τέ
3362 1795 3510 1847 ἐστιν
3546 1795 3678 1865 ἀλη-

391 1890 518 1928 vera
548 1876 639 1928 llla
671 1877 987 1933 auxiliatrix
1029 1888 1136 1945 est,
1179 1895 1359 1949 neque
1385 1880 1706 1937 Conditoris
1737 1883 1974 1950 promis-

390 1982 512 2020 sum
556 1967 724 2023 fallit:
750 1986 873 2038 qua:
899 1985 1028 2026 vero
1057 1972 1280 2027 diverso
1321 1972 1508 2027 animo
1546 1983 1653 2038 est,
1690 1989 1801 2027 non
1853 1990 1975 2028 am-

390 2062 533 2131 plius
557 2077 733 2131 neque
755 2063 995 2118 hocesse
1018 2066 1389 2134 cognoscitur,
1427 2080 1625 2135 neque,
1659 2080 1975 2136 quanquam

388 2153 708 2222 conjugium
749 2155 802 2209 in
841 2172 1009 2209 unum
1038 2156 1186 2210 illam
1235 2172 1361 2211 cum
1403 2159 1600 2212 marito
1648 2174 1847 2229 cogere
1873 2174 1975 2213 an-

388 2245 569 2300 nisum
630 2245 813 2311 fuerit,
848 2262 980 2301 caro
1038 2264 1102 2302 ex
1138 2264 1329 2312 carne,
1379 2250 1763 2306 membrumve
1797 2250 1975 2321 ipsius

389 2344 497 2390 est.

459 2425 672 2483 Idcirco
699 2442 825 2483 Cum
875 2431 941 2483 de
997 2430 1244 2495 muliere,
1282 2447 1403 2501 quae
1424 2434 1976 2503 propterinimicitias

389 2534 528 2590 quas
552 2534 676 2574 cum
702 2524 902 2576 marito
933 2522 1116 2588 habet,
1136 2523 1202 2579 de
1229 2525 1500 2582 industria
1516 2526 1818 2581 abortando
1837 2527 1972 2597 (‘28),

389 2629 571 2683 neque
616 2614 672 2668 in
710 2614 837 2668 vita:
887 2615 1065 2670 lucem
1118 2615 1283 2671 fetum
1333 2616 1712 2687 producendo,
1749 2618 1975 2673 seminis

387 2706 566 2775 ipsius
594 2704 836 2761 fructum
862 2708 1153 2777 opprimit,
1188 2708 1312 2763 dua:
1339 2709 1488 2779 leges
1526 2710 1651 2764 lata:
1678 2710 1809 2773 sint,
1838 2725 1975 2779 qua-

386 2810 512 2850 rum
544 2812 651 2851 una
686 2797 800 2866 (29)
833 2798 1128 2868 repudiare
1165 2798 1366 2868 injuria
1409 2799 1667 2854 allectum
1714 2803 1972 2855 maritum

387 2888 596 2956 iubeat,
627 2890 801 2944 altera
836 2890 951 2959 (30)
995 2906 1124 2945 vero
1171 2906 1281 2945 non
1323 2892 1605 2962 permittat
1654 2910 1667 2944 :
1705 2907 1828 2957 nos,
1869 2891 1971 2961 legi

386 2981 685 3034 divortium
720 2980 977 3036 suadenti
1006 2982 1401 3046 assentientes,
1438 2981 1515 3035 illi
1570 2990 1627 3035 ut
1653 2982 1827 3036 multo
1860 2981 1975 3035 uti-

391 3072 511 3125 liori
538 3072 917 3126 auctoritatem
936 3072 1322 3127 attribuimus.
1369 3072 1623 3126 Alienum
1662 3072 1806 3127 enim
1839 3072 1971 3126 mihi

2083 1884 2192 1947 θῶς
2226 1885 2321 1938 καὶ
2348 1885 2448 1953 τὴν
2474 1884 2570 1937 τοῦ
2600 1883 2911 1948 Πλάσαντος
2938 1886 2996 1937 οὐ
3022 1884 3327 1955 ψευδομένη
3362 1885 3677 1955 ὑπόσχεσιν,

2081 1976 2114 2043 ἠ
2152 1975 2196 2027 δ’
2227 1975 2471 2028 ἐναντίον
2502 1975 2761 2046 φρόνημα
2796 1975 3117 2046 κτησαμένη
3149 1975 3334 2028 οὐκέτι
3358 1974 3481 2028 οὕτε
3514 1974 3677 2029 τοῦτο

2082 2066 2432 2137 γνωρίζεται,
2481 2066 2605 2120 οὔτε
2641 2066 2780 2138 σὰρξ
2813 2069 2876 2120 ὲκ
2907 2068 3007 2137 τῆς
3044 2067 3300 2138 σαρκδςῆ
3340 2067 3501 2137 μέλος
3529 2069 3677 2121 ὲκεί-

2080 2174 2171 2211 νου
2222 2157 2573 2226 καθίσταται,
2622 2159 2725 2212 κᾶν
2758 2160 2791 2229 ἡ
2829 2159 3099 2227 συνάφεια
3153 2158 3290 2229 πρὸς
3340 2158 3400 2211 ἓν
3445 2160 3677 2227 ἀγαγεῖν

2080 2253 2335 2308 ἔσπευσε.

2149 2435 2247 2488 Διά
2283 2433 2442 2487 τοῦτο
2480 2435 2612 2504 περ).
2645 2432 2904 2503 γυναικὸς
2941 2433 3035 2486 δύο
3093 2432 3363 2502 κειμένων
3403 2431 3606 2503 νόμων,
3641 2435 3675 2505 ἢ

2077 2518 2143 2571 δι’
2177 2520 2471 2590 ἀπέχθειαν
2503 2520 2605 2591 τὴν
2642 2520 2780 2591 πρὸς
2816 2520 2909 2574 τὸν
2954 2520 3124 2590 ἄνδρα
3176 2521 3255 2591 τῷ
3302 2521 3515 2575 ἐκείνου
3571 2522 3676 2591 τῆς

2078 2612 2291 2681 σπορᾶς
2334 2610 2535 2681 καρπῷ
2569 2610 2899 2682 λυμαίνεται
2944 2610 3353 2680 ἀμϐλώσκουσα
3392 2612 3488 2666 καὶ
3538 2612 3677 2683 πρὸς

2081 2703 2197 2773 βίου
2227 2703 2343 2771 φῶς
2373 2704 2471 2755 οὐκ
2502 2704 2711 2771 ἄγουσα
2743 2702 2841 2773 τὴν
2876 2703 3039 2771 γονὴν
3070 2703 3291 2765 ἑκοῦσα,
3330 2706 3425 2757 καὶ
3450 2703 3545 2756 τοῦ
3576 2704 3676 2775 μὲν

2078 2794 2409 2865 χωρίζεσθαι
2444 2795 2537 2847 τὸν
2575 2794 2933 2866 ἀδικούμενον
2973 2793 3310 2859 κελεύοντος,
3350 2796 3441 2847 τοῦ
3476 2795 3532 2848 δὲ
3574 2795 3677 2847 οὐκ

2078 2886 2490 2957 ἐπιτρέποντος,
2538 2888 2704 2956 ἡμεῖς
2741 2887 2818 2950 ὡς
2870 2886 3307 2956 λυσιτελεστέρῳ
3349 2887 3492 2941 κατά
3535 2886 3676 2942 πολὺ

2079 2978 2498 3051 προστιθέμενοι
2521 2978 2599 3050 τῷ
2629 2979 2920 3051 χωρίζοντι
2953 2978 3147 3048 ἐκείνῳ
3168 2978 3229 3031 τὸ
3254 2977 3423 3049 κῦρος
3446 2979 3670 3048 προσνέο

2084 3087 2277 3142 μομεν.
2333 3072 2573 3125 Ἀτοπον
2622 3072 2732 3143 γάρ
2802 3089 2893 3142 μοι
2944 3071 3196 3141 φαίνεται
3246 3071 3340 3123 καὶ
3396 3069 3678 3134 παντελῶς

388 3179 419 3216 a
455 3164 695 3227 ratione,
727 3178 1075 3234 prorsusque
1099 3165 1352 3234 iniquum
1385 3165 1625 3228 videtur,
1646 3174 1845 3234 utquae
1863 3173 1972 3219 tam

2083 3141 2289 3228 ἄδικον,
2324 3164 2423 3233 τὴν
2490 3164 2633 3217 οὕτω
2688 3141 2985 3234 προφανῶς
3033 3162 3131 3234 τὴν
3182 3162 3318 3233 πρὸς
3369 3163 3459 3216 τὸν
3507 3164 3679 3234 ἄνδρα

389 3260 639 3323 apertum
669 3253 725 3308 in
752 3253 1010 3308 maritum
1042 3255 1229 3309 odium
1271 3256 1540 3325 suscepit,
1578 3265 1636 3309 ut
1684 3255 1860 3324 ipsius
1888 3269 1976 3309 se—

392 3358 514 3397 men
552 3343 835 3413 disperdat
867 3342 1183 3414 (utinterim
1219 3345 1490 3410 omittam,
1522 3347 1668 3416 quod
1696 3345 1974 3400 communi

392 3440 602 3486 natura:
641 3433 900 3488 insidiata
936 3434 1065 3503 sit),
1117 3435 1216 3503 ipsi
1260 3434 1558 3489 cohabitet.
1602 3434 1736 3488 Nam
1777 3437 1824 3490 si
1880 3437 1975 3506 qui

390 3524 552 3577 alicui
615 3523 709 3578 alii
764 3525 915 3594 operi
969 3525 1231 3580 damnum
1265 3525 1533 3591 inferunt,
1567 3543 1663 3582 eos
1711 3535 1974 3597 tanquam

390 3614 646 3670 inimicos
678 3629 1020 3679 aversantur,
1068 3616 1346 3684 quomodo
1369 3632 1487 3671 eam
1520 3634 1642 3687 quae
1677 3634 1975 3688 procrean-

391 3708 589 3758 dorum
626 3706 924 3759 liberorum
971 3707 1145 3776 operi,
1181 3717 1294 3761 tum
1353 3711 1592 3765 maxime
1640 3711 1974 3776 necessario,

393 3803 507 3848 tum
537 3798 992 3866 praestantissimo
1031 3814 1232 3854 noxam
1276 3799 1426 3866 fecit,
1479 3801 1596 3871 ipse
1653 3803 1746 3870 qui
1773 3805 1976 3859 damno

391 3887 617 3955 allectus
648 3898 752 3956 est,
788 3898 847 3944 ut
874 3906 1031 3946 suam
1077 3892 1220 3962 apud
1270 3908 1330 3948 se
1360 3892 1563 3948 habere
1615 3895 1836 3964 poterit,
1871 3911 1976 3951 nec

392 3987 449 4033 ut
481 3980 876 4036 insidiatricem
917 3990 972 4037 et
1029 3984 1245 4039 hostem
1297 3983 1588 4040 dimittet?
1626 3985 1784 4052 Quod
1819 3988 1976 4042 insu-

391 4087 487 4142 per
514 4072 829 4129 evidentius
864 4074 1084 4144 signum
1150 4076 1403 4145 requiras
1431 4087 1491 4132 ut
1534 4079 1820 4134 mulierem
1856 4095 1974 4135 ma-

390 4171 497 4217 nto
549 4163 830 4219 inimicam
863 4181 987 4221 esse
1031 4166 1380 4236 cognoscas?
1413 4166 1705 4233 Quomodo
1758 4168 1810 4223 id
1849 4170 1975 4225 inde

391 4252 751 4307 manifestum
785 4269 893 4308 non
926 4264 1029 4315 est,
1060 4256 1207 4324 quod
1240 4257 1369 4311 dum
1404 4255 1671 4313 adversus
1694 4257 1847 4311 illum
1871 4258 1972 4313 ho-

388 4343 533 4398 stilia
555 4346 778 4415 cogitat,
810 4346 862 4400 in
889 4349 1054 4402 vitam
1083 4364 1375 4418 progressu
1407 4349 1574 4405 fetum
1598 4350 1811 4421 privat?
1828 4349 1973 4417 Qun-

389 4431 551 4485 modo
577 4432 745 4503 igitur
780 4434 990 4488 dictum
1036 4435 1290 4490 estzLex
1344 4453 1467 4507 qua:
1526 4438 1675 4507 ipsos
1729 4446 1969 4507 separat,

385 4521 654 4587 obtineto,
706 4523 1049 4594 meritusque
1091 4525 1383 4581 secedendi
1413 4542 1443 4580 a
1473 4526 1708 4582 muliere
1759 4527 1814 4581 in
1865 4527 1971 4581 hoc

385 4611 635 4668 facinore
698 4614 1041 4685 deprehensa
1105 4616 1431 4673 facultatem
1490 4619 1707 4673 habeto.
1752 4618 1889 4671 Nam
1922 4620 1966 4673 si

382 4720 504 4774 quae
530 4707 709 4763 solum
744 4718 901 4764 extra
934 4710 1047 4780 (51)
1076 4708 1223 4765 {edes
1247 4709 1473 4775 mansit,
1500 4719 1594 4764 aut
1629 4726 1754 4765 cum
1791 4711 1967 4767 homi-

2079 3252 2406 3321 δυσμένειαν
2438 3254 2865 3326 ἐπανῃρημένην
2896 3253 2965 3307 δι’
2998 3248 3074 3307 ὧν
3113 3252 3192 3323 τῷ
3239 3252 3453 3307 ἐκείνου
3498 3253 3678 3307 λωϐᾶ-

2079 3358 2170 3394 ται
2204 3342 2481 3412 σπέρματι
2515 3332 2747 3413 (ἀφίημι
2787 3344 2921 3412 γὰρ,
2950 3343 3031 3396 ὃτι
3078 3343 3173 3397 καὶ
3206 3341 3305 3411 τῆς
3340 3342 3526 3411 κοινῆς
3558 3344 3677 3397 ὲπί-

2080 3432 2271 3497 ϐουλος
2302 3432 2556 3504 φύσεως)
2595 3434 3041 3503 συγκατοικίζειν
3079 3432 3249 3500 αὐτῷ.
3284 3434 3345 3485 Ei
3402 3433 3511 3505 γὰρ
3552 3437 3677 3499 τοὺς

2081 3525 2162 3587 εἷς
2190 3543 2242 3577 τι
2292 3524 2481 3595 ἕτερον
2526 3525 2686 3596 ἔργον
2719 3525 2926 3599 βλάϐην
2956 3526 3313 3597 ποιουμένους
3346 3525 3420 3587 ὼς
3448 3524 3677 3596 ἐχθροὺς

2080 3616 2528 3687 ἀποτρεπόμεθα,
2554 3616 2671 3680 πῶς
2699 3618 2765 3671 ἂν
2799 3619 2901 3689 τὴν
2934 3619 3013 3680 εἰς
3047 3618 3107 3670 τὸ
3130 3616 3351 3669 πάντων
3383 3616 3677 3685 άναγκαιό⁴

2079 3725 2243 3762 τατον
2284 3710 2381 3761 καὶ
2416 3707 2745 3779 τιμιώτατον
2791 3709 2889 3779 τῆς
2932 3707 3283 3770 παιδοποιίας
3342 3706 3502 3780 ἔργον
3542 3708 3676 3760 ἀνυ-

2082 3798 2213 3868 στὴν
2236 3799 2280 3830 ⁸¹
2307 3797 2514 3869 ζημίαν
2556 3800 2833 3874 φέρουσαν
2900 3798 2975 3863 ὼς
3009 3799 3217 3852 οἰκείαν
3243 3798 3355 3864 ἕξει
3391 3800 3419 3851 ὁ
3451 3797 3675 3868 ζημιού-

2083 3908 2245 3961 μενος
2286 3893 2418 3961 παρ*
2458 3891 2658 3962 ἑαυτῷ,
2693 3891 2809 3945 ἀλλ’
2849 3892 2950 3945 οὐκ
2997 3890 3389 3960 ἀποπέμψεται
3440 3889 3516 3953 ὡς
3559 3891 3675 3942 ἐπί-

2078 3982 2269 4036 ϐουλον
2300 3984 2395 4036 καὶ
2440 3983 2743 4052 πολεμίαν;
2777 3983 2843 4036 Τί
2879 3984 2989 4054 γὰρ
3023 3983 3091 4037 ἂν
3132 3983 3530 4055 ἐναργέστερον
3565 4000 3669 4053 ση-

2080 4075 2233 4141 μεῖον
2269 4073 2591 4145 ἐπιζητήσει
2625 4073 2727 4140 ἔτι,
2756 4074 2897 4128 ὥστε
2946 4075 3074 4129 ἰδεῖν
3100 4077 3183 4128 ὅτι
3211 4075 3437 4139 δύσνους
3469 4078 3501 4146 ἡ
3537 4076 3676 4145 γυνὴ

2076 4165 2155 4235 τῷ
2186 4166 2370 4237 ἀνδρί;
2401 4166 2515 4230 πῶς
2549 4166 2592 4218 δ’
2622 4167 2743 4238 οὐχ).
2769 4167 3023 4239 φανερὸν,
3066 4169 3154 4221 ὅτι
3183 4169 3240 4220 ὲν
3272 4168 3351 4239 τῷ
3376 4171 3499 4222 κατ’
3529 4166 3671 4221 ὲκεί-

2078 4275 2169 4310 νου
2207 4261 2425 4328 φρονεῖν
2456 4260 2552 4328 τῆς
2579 4261 2716 4331 πρὸς
2745 4260 2806 4312 τὸ
2830 4260 2931 4330 ζῇν
2972 4261 3211 4331 παρόδου
3251 4261 3550 4331 ἀποστερεῖ
3572 4258 3673 4330 τὴν

2077 4352 2270 4420 γονήν;
2302 4352 2515 4418 ’Ὠσπερ
2538 4347 2631 4405 οὖν
2665 4353 2906 4423 εἴρηται,
2954 4353 3011 4406 Ὀ
3039 4352 3257 4405 διιστῶν
3300 4354 3498 4416 αὐτοὺς
3542 4369 3670 4420 κρα-

2077 4445 2239 4496 τείτω
2268 4444 2454 4512 νόμος,
2480 4445 2574 4495 καὶ
2590 4443 2775 4498 ἄδειαν
2811 4446 2839 4497 ὀ
2865 4445 3114 4516 γαμέτης
3134 4445 3305 4514 ἐχέτω
3335 4443 3673 4515 χωρίζεσθαι

2080 4534 2180 4603 τῆς
2216 4533 2311 4586 ἐπὶ
2345 4533 2573 4603 τοιούτῳ
2596 4533 2909 4605 τολμήματι
2940 4537 3348 4607 πεφωραμένης
3382 4536 3669 4605 γυναικός.

2080 4625 2141 4676 Εἰ
2168 4625 2276 4694 γὰρ
2308 4624 2402 4677 καὶ
2438 4624 2597 4693 μόνον
2630 4622 2736 4688 ἔξω
2789 4623 3053 4691 μείνασαν
3094 4624 3197 4695 τῆς
3226 4626 3426 4690 οἰκίας,
3456 4625 3488 4695 ἢ
3525 4641 3670 4693 συμ-

2077 4715 2267 4769 ποσίου
2322 4713 2701 4786 μετασχοῦσαν
2735 4714 3049 4785 προσώποις
3078 4711 3163 4781 οἷς
3215 4717 3277 4770 οὐ
3329 4717 3667 4787 νενῦμισται,

1688 4872 1925 4929 νΑΒΙᾹΞ
1957 4874 2365 4931 LEC’I‘IONES.

446 4984 489 5064 ξ’
513 4985 791 5064 _Lau_:lat_ur
819 4990 1251 5064 alrllarmenop.
1288 4990 1386 5045 lib.
1417 5006 1490 5053 IV,
1538 4993 1619 5047 tit.
1646 4993 1727 5058 12,
1753 5009 1803 5064 p.
1837 4994 1963 5048 547.

381 5056 534 5127 ἀνδρὶ
568 5058 670 5128 τήν
714 5061 1000 5131 legendum
1031 5056 1388 5117 censuerunt.

2057 4995 2100 5026 ³¹
2122 4994 2293 5050 Codd.
2331 4993 2398 5046 ἂν
2432 4995 2492 5047 οὐ
2524 4994 2643 5062 τήν.
2674 4994 2864 5066 Steph.
2897 4995 3229 5068 ἀκροτάτην,
3263 4994 3654 5067 Spangenberg

1854 5179 2087 5237 NOTAE.

449 5315 659 5391 (ει-εδ)
700 5316 911 5391 Tertul.
959 5316 1179 5391 lib.~De
1222 5318 1469 5391 velandis
1523 5320 1829 5391 virginibus
1888 5322 1967 5377 ait

376 5388 602 5455 nuptias
628 5387 697 5440 de
727 5388 913 5459 animo
938 5396 997 5459 et
1023 5386 1217 5440 alleclu
1252 5389 1387 5449 ﬁeri,
1411 5386 1874 5459 quemadmodum
1907 5404 1961 5448 et

377 5469 653 5525 stuprum.
679 5456 837 5511 Adde
852 5456 1044 5511 Matth.
1079 5475 1132 5518 v,
1166 5474 1307 5512 vers.
1345 5456 1434 5513 '28.

447 5527 560 5599 (ald)
597 5528 794 5599 Exstat
829 5527 971 5599 apud
997 5529 1049 5582 4.
1084 5528 1270 5599 ll_arn:.
1320 5531 1403 5595 19.,
1429 5530 1530 5599 §6.

448 5597 562 5665 (25)
596 5597 667 5651 Ut
699 5596 1072 5671 Nov.‘.lustin.
1108 5597 1199 5658 2'1,
1234 5614 1283 5654 (ι.
1320 5600 1408 5671 lli,
1434 5596 1476 5671 ᾗ
1513 5604 1565 5662 1,
1605 5603 1781 5657 fuerat
1818 5620 1955 5660 cou-

378 5674 634 5781 iintutum
683 5682 695 5716 :
759 5667 1026 5723 omissum
1083 5685 1210 5723 vero
1263 5671 1317 5724 in
1363 5667 1501 5726 Nov.
1540 5675 1661 5741 117,
1715 5692 1764 5731 C.
1802 5676 1855 5740 8,
1904 5678 1957 5731 in

419 5747 470 5781 η.

419 5747 470 5785 η.

444 5799 556 5867 (26)
581 5801 780 5857 Genes.
818 5822 879 5859 ιι.

2147 5322 2261 5393 (27)
2290 5322 2486 5395 Muller
2515 5340 2580 5381 ex
2607 5327 2731 5382 viro
2753 5336 2807 5382 ct
2838 5338 3064 5395 propter
3094 5330 3295 5381 virum.
3357 5323 3571 5395 'l'ertul.
3607 5324 3661 5391 δ,

2073 5392 2339 5450 adversus
2374 5394 2710 5452 Marcionem
2733 5410 2786 5452 et
2811 5392 2905 5453 Iih.
2933 5392 3005 5453 De
3036 5399 3254 5454 veland.
3284 5394 3541 5457 virginib.

2151 5464 2266 5533 (28)
2297 5464 2374 5519 De
2405 5467 2600 5522 abortu
2639 5469 2761 5523 vide
2789 5470 2824 5522 1.
2860 5470 2912 5535 8,
2959 5470 3033 5525 De
3089 5471 3254 5525 sicar.
3298 5467 3337 5520 l.
3371 5464 3441 5519 39
3482 5463 3540 5518 Π.
3581 5462 3659 5519 De

2070 5536 2268 5605 pmnis.

2143 5604 2254 5679 (ξεί)
2281 5602 2417 5679 Nov.
2450 5605 2545 5679 22,
2571 5624 2623 5661 e.
2651 5608 2736 5675 16,
2773 5610 2799 5679 §
2834 5609 2881 5663 l.

2142 5676 2256 5742 (50)
2286 5676 2416 5729 Νον.
2444 5676 2566 5740 H7,
2600 5694 2651 5730 c.
2686 5680 2738 5743 3,
2768 5676 2819 5733 in
2851 5680 2941 5734 lid.

2144 5747 2255 5816 (51)
2293 5745 2352 5798 Ι).
2385 5745 2519 5801 Nov.
2548 5749 2669 5811 H7,
2706 5765 2755 5804 ιι.
2789 5753 2844 5816 8,
2881 5767 3023 5807 vers.
3065 5752 3123 5808 Si
3156 5754 3383 5812 nolente
3421 5755 3542 5812 viro
3577 5753 3660 5811 lt)-

2073 5818 2150 5873 ris
2174 5816 2398 5871 domum
2424 5821 2713 5874 manserit.
