4048 6440
338 369 442 435 D7

1420 372 1785 435 NOVELLAE
1819 373 1965 434 CON
1972 371 2387 434 S'l‘lTUTlON
2392 373 2500 435 ES.

3517 374 3628 440 498

340 484 442 555 τῆς
471 480 723 553 γαμικῆς
756 481 1056 551 συναφείας
1083 482 1113 535 ὁ
1152 482 1317 553 νόμος
1347 481 1519 552 αυτὴν
1564 483 1746 552 διιστᾷ
1772 481 1921 546 (καί-

2039 480 2195 535 nibus
2222 495 2348 536 cum
2373 481 2580 552 quibus
2598 495 2706 537 non
2728 482 2950 538 deceret
2965 483 3256 539 eonvivata
3285 482 3503 554 (52-33)
3524 492 3628 545 est,

338 590 488 644 τοιγε
517 572 759 627 ἐνταῦθα
784 574 885 643 οὐχ
908 572 1054 627 οὕτω
1076 573 1381 645 περιφανὲς
1402 573 1599 641 ὁρᾶται
1634 573 1934 644 μαρτύριον

2054 574 2196 627 hanc
2222 573 2360 628 lexa
2403 589 2547 629 nexu
2568 576 2965 630 matrimoniali
3011 583 3233 646 separat
3257 576 3404 644 (eum
3444 583 3633 630 tamen
3676 592 3679 597 '

334 668 436 737 τῆς
468 667 608 739 πρὸς
642 666 735 719 τὸν
755 664 925 739 ἄνδρα
946 664 1294 736 δυσμενείας,
1318 666 1705 736 συνενεχθῆναι
1721 667 1763 698 ³³
1780 666 1941 718 τοῦτο

337 762 478 827 αὐτῇ
510 756 755 811 τοιοῦτον
799 755 949 817 είκδς
978 755 1074 810 καὶ
1118 756 1344 826 μηδενὸς
1376 754 1714 825 ἀδικήματος
1734 753 1811 824 τῷ
1837 752 1941 821 γά-

341 869 427 921 μῳ
449 848 897 918 συμϐαίνοντος),
918 846 1048 901 τίνα
1071 848 1231 916 λόγον
1264 847 1399 912 ἕξει,
1445 846 1542 918 τὴν
1581 848 1660 909 είς
1687 845 1940 898 τοσοῦτον

342 942 442 1011 μὲν
486 941 761 995 ὲλάσασαν
815 941 1027 1010 μίσους,
1055 937 1197 992 οὓτω
1243 939 1299 991 δὲ
1330 939 1511 993 ἄδικον
1556 938 1654 990 καὶ
1693 937 1819 1005 περὶ
1848 934 1940 987 τὸν

338 1035 505 1105 ἄνδρα
533 1034 781 1102 καὶπερὶ
808 1033 907 1104 τὴν
938 1031 1102 1101 φύσιν
1137 1030 1213 1101 μὴ
1242 1029 1635 1096 διαζευγνύειν,
1678 1029 1728 1079 εί
1780 1025 1939 1080 τοῦτο

332 1128 481 1180 δοκεῖ
507 1125 587 1197 τῷ
610 1126 780 1196 ἀνδρὶ,
805 1125 919 1178 ἀλλ’
943 1124 1260 1195 ἐπιτρέπειν
1296 1123 1541 1177 σύνοικον
1578 1121 1743 1191 ἔχειν,
1769 1121 1803 1191 ἢ
1841 1122 1937 1189 ὲφ-

334 1218 545 1291 εδρεύει
578 1222 645 1290 τῇ
678 1217 887 1273 ἐκείνου
915 1216 1061 1288 Coiﬁ;

902 1332 1218 1387 ΔΙΑΤΑΞΙΣ
1256 1332 1385 1387 ΔΒ’.

332 1451 476 1521 Περὶ
512 1450 621 1506 τοῦ
675 1451 771 1505 ἐπ’
801 1449 1145 1521 αὐτοφώρω
1175 1449 1434 1514 ἁλόντος
1492 1447 1712 1519 μοιχοῦ
1749 1447 1788 1517 ἢ
1805 1463 1935 1516 μοι·

971 1520 1249 1590 χαλίδος.

414 1636 477 1690 ’0
507 1636 673 1701 αὐτὸς
704 1636 961 1708 βασιλεὺς
985 1632 1264 1704 Στυλιανῷ
1290 1634 1370 1704 τῷ
1403 1631 1574 1703 αὐτῷ.

402 1731 478 1785 Τὸ
527 1733 627 1802 τῆς
701 1729 945 1800 μοιχείας
1009 1728 1144 1796 άγος
1197 1728 1357 1798 είπερ
1395 1744 1447 1779 τι
1492 1726 1622 1779 ἀλλο
1676 1724 1785 1777 τῶν
1832 1726 1930 1778 ἀν-

2050 664 2142 718 ltic
2166 667 2220 717 in
2249 664 2508 718 maritum
2544 665 2655 720 odii
2686 665 2896 719 nullum
2934 675 3045 720 tam
3104 667 3332 721 evidens
3384 667 3630 721 testimo-

2049 756 2199 808 nium
2225 754 2319 818 sit,
2349 764 2404 810 et
2430 758 2705 813 accidisse
2738 759 2792 812 id
2820 759 2895 811 illi
2924 758 3065 812 citra
3113 759 3447 813 matrimonii
3484 760 3633 829 inju-
3676 744 3679 748 Α

2049 849 2187 900 riam
2216 847 2387 902 videri
2420 848 2584 902 etiam
2615 851 2842 922 possit),
2868 851 3033 920 cujus
3080 851 3314 907 rationis
3356 854 3481 919 erit,
3505 868 3627 907 eam

2046 954 2169 1007 qua:
2199 946 2413 993 tantum
2459 946 2681 1011 tamque
2706 942 2761 996 in
2798 945 3056 996 maritum
3098 954 3154 998 et
3181 951 3435 998 naturam
3475 944 3628 1013 inju-

2047 1028 2188 1081 rium
2212 1029 2395 1083 odium
2428 1031 2770 1102 conceperit,
2799 1048 2907 1087 non
2941 1033 3285 1105 disjungere,
3315 1037 3360 1091 si
3400 1037 3476 1090 ita
3506 1052 3625 1091 ma-

2047 1120 2151 1174 rito
2178 1120 2449 1185 videatur,
2480 1133 2535 1177 et
2557 1122 2755 1193 jubere
2780 1125 2960 1196 ipsum
2995 1142 3220 1181 uxorem
3251 1126 3475 1193 habere,
3505 1143 3629 1199 quae

2044 1210 2218 1280 ipsius
2241 1212 2365 1266 vitae
2389 1212 2680 1267 insidietur
2710 1215 2734 1268 ?

2396 1328 2862 1385 CONSTITUTIO
2896 1330 3089 1386 χχχιι
3125 1332 3261 1401 (τι).

2147 1445 2226 1501 De
2247 1443 2505 1500 adulteris
2540 1446 2824 1515 ntanifesto
2859 1448 2976 1517 ('55)
3011 1447 3348 1517 deprehensis
3378 1448 3517 1518 (36).

2109 1645 2258 1699 Idem
2294 1607 2600 1717 imperator
2624 1648 2805 1703 eidem
2846 1649 3121 1721 Styliano.

2107 1737 2375 1793 Adulterii
2430 1741 2613 1794 scelus
2668 1740 2713 1794 si
2752 1743 2903 1810 quod
2960 1742 3110 1796 aliud
3140 1756 3361 1812 gravem
3393 1741 3626 1797 horren-

341 1840 605 1893 οσιουργη
615 1822 802 1891 μάτων
833 1821 1058 1892 βαρεῖαν
1080 1822 1175 1874 καὶ
1190 1819 1429 1889 φοὸεράν
1445 1820 1670 1872 ἀπαιτεῖ
1690 1818 1788 1889 τὴν
1806 1834 1927 1869 ποι-

2039 1828 2274 1899 damque
2321 1844 2541 1899 poenam
2604 1831 2813 1901 exigit,
2868 1840 2923 1886 et
2970 1833 3068 1903 (ut
3108 1838 3281 1904 puto)
3337 1833 3619 1888 homicidii

334 1914 431 1984 νὴν
456 1911 573 1977 καὶ,
599 1907 778 1981 οἶμαι,
804 1910 878 1979 μὴ
915 1908 1273 1979 ἀνδροφονίας
1302 1907 1732 1979 ὲλαττουμένην’
1764 1909 1792 1961 ὁ
1824 1906 1923 1977 μὲν

336 2005 444 2074 γάρ
471 2004 572 2073 τῆς
607 2000 921 2073 μιαιφονίας
950 1999 1189 2070 ἐργάτης
1236 1999 1354 2063 ἑνός
1391 2015 1537 2061 τινος
1565 1999 1825 2059 πολλάκις
1854 2001 1921 2068 τῇ

339 2095 616 2165 μιαιφόνῳ
666 2093 811 2164 χειρὶ
842 2093 1141 2162 ἀνατρέπει
1170 2091 1261 2145 τὸν
1292 2090 1428 2160 βίον,
1459 2092 1487 2143 ὁ
1516 2091 1571 2143 δὲ
1599 2089 1795 2161 μιαρὸς
1826 2090 1923 2159 τῆς

343 2185 585 2256 μοιχείας
643 2184 888 2255 ἐργάτης
939 2182 1211 2235 πλείστων
1260 2182 1402 2234 ὅσων
1432 2181 1698 2248 ἀνέτρεψε
1751 2180 1923 2249 βίους,

339 2278 552 2346 ἀνδρὸς,
584 2278 812 2341 παίδων,
843 2273 1124 2343 συγγενῶν
1144 2274 1344 2337 ἄλλων,
1373 2275 1474 2345 μιᾷ
1505 2273 1687 2343 πληγῇ
1717 2273 1927 2336 πάντας

342 2371 411 2439 τῇ
445 2369 555 2420 τῶν
586 2369 782 2438 γάμων
811 2368 1138 2439 ἀνατρέπων
1170 2367 1530 2437 διασπαράξει
1550 2367 1615 2420 ³⁵.
1644 2366 1789 2436 Πλὴν
1813 2365 1927 2419 ἀλλ’

342 2463 468 2515 ἐπεὶ
496 2461 664 2515 πάλαι
684 2461 831 2531 φόνῳ
850 2461 1167 2531 τιμωμένης
1187 2462 1232 2494 ⁸⁸
1254 2460 1350 2531 τῆς
1375 2460 1758 2531 ἀνοσιουργίας
1782 2459 1929 2525 ἔδοξε

341 2555 453 2616 τοῖς
488 2553 627 2622 μετά
662 2552 838 2607 ταῦτα
871 2552 1393 2623 φιλανθρωποτέραν
1425 2554 1681 2623 ἐκφέρειν
1724 2553 1929 2623 ψῆφον,

344 2648 435 2701 ἀεὶ
465 2646 522 2699 δέ
553 2664 671 2708 πως
699 2648 847 2717 ἡμᾶς
879 2648 913 2716 ἡ
950 2646 1444 2717 φιλανθρωποτέρα
1473 2646 1764 2714 ἐφέλκεται
1791 2645 1932 2715 γνώο

347 2752 449 2810 μη.
486 2740 556 2810 ἣν
586 2742 788 2792 ἐκεῖνοι
832 2739 1041 2809 ὥρισαν
1064 2740 1110 2773 ³⁸
1150 2739 1427 2810 τιμωρίαν
1469 2741 1638 2812 (φημὶ
1671 2741 1733 2810 δὴ
1768 2741 1864 2810 τῆς
1888 2741 1932 2773 ιτ

342 2831 492 2902 ῥινὸς
535 2834 744 2902 ἐκτομῇ
800 2832 1144 2903 ἀμφοτέρους
1191 2832 1319 2895 τοὺς
1365 2833 1584 2899 ἐναγεῖς
1630 2830 1935 2885 ὑποϐάλλε-

343 2923 516 2992 σθαι),
553 2922 713 2976 τοῦτο
735 2924 831 2976 καὶ
857 2925 1021 2993 ήμεῐς
1069 2921 1347 2992 ὁρίζομεν.
1394 2923 1557 2977 Ἀλλά
1581 2921 1677 2977 τοῦ
1716 2922 1816 2992 μὲν
1838 2925 1934 2977 ἀν-

338 3017 777 3085 οσιουργήματος
804 3014 945 3069 έστω
972 3015 1130 3069 τοῦτο
1158 3016 1341 3085 ποινή.

431 3107 642 3160 Ἐπεὶ³⁸
663 3107 722 3160 δὲ
757 3108 854 3160 καὶ
901 3094 994 3160 τὸν
1026 3107 1198 3177 ἄνδρα
1232 3107 1340 3177 χρὴ
1378 3107 1500 3161 ἀντὶ
1529 3106 1631 3177 τῆς
1670 3107 1938 3179 τοσαύτης

341 3198 561 3263 ἀδικίας
614 3200 691 3271 μὴ
749 3198 1184 3270 ἀπαραμύθητον
1203 3199 1247 3231 ³⁹
1281 3198 1450 3270 ἔχειν,
1472 3199 1644 3268 ἐχέτω
1666 3199 1928 3270 παραμύ-
1960 3183 2001 3241 C

344 3288 461 3343 θιον
497 3292 562 3344 ὲκ
591 3290 685 3344 τοῦ
710 3290 810 3360 τὴν
837 3293 1043 3361 προῖκα
1073 3290 1372 3360 λαμϐάνειν
1402 3290 1502 3360 τῆς
1523 3290 1785 3361 ὀφθείσης
1812 3292 1930 3345 ἀδί-

347 3399 447 3459 κου
508 3382 639 3452 περὶ
687 3382 757 3434 τά
810 3382 1027 3451 γαμικὰ
1077 3379 1263 3433 δίκαια
1312 3382 1590 3448 γυναικός.
1654 3382 1833 3451 Αὐτὴν
1877 3382 1933 3436 δὲ

348 3474 619 3544 μηδαμῶς
646 3472 904 3543 ἀφίεσθαι
953 3472 1063 3525 τῶν
1110 3472 1305 3541 γάμων
1362 3473 1775 3544 κατορχείσθαι,
1809 3473 1932 3544 μηδ’

347 3565 540 3637 ῶσπερ
571 3560 734 3617 ἆθλον
766 3563 1066 3633 λαμϐάνειν
1084 3563 1127 3593 ⁸⁸
1153 3564 1211 3614 ὲν
1244 3565 1311 3633 τῇ
1357 3563 1467 3615 τῶν
1515 3563 1679 3634 ῥινῶν
1722 3568 1931 3636 ἐκτομῇ

346 3656 521 3719 ἀδεῶς
549 3655 611 3709 τὸ
643 3654 831 3708 λοιπὸν
856 3658 970 3718 τοῖς
998 3654 1322 3716 ἀκολάστοις
1358 3653 1790 3724 συμπλέκεσθαι,
1819 3655 1933 3708 ἀλλ’

348 3748 411 3799 ἐν
456 3746 806 3817 μοναστηρίῳ
857 3742 1271 3816 περιορίζεσθαι
1320 3744 1462 3815 ὑπὲρ
1490 3740 1558 3815 ἧς
1589 3748 1936 3817 παρανομίας

347 3839 711 3908 τετόλμηκεν,
768 3839 827 3890 ὲν
883 3836 1148 3907 συντριϐῇ
1192 3835 1292 3905 τῆς
1320 3834 1497 3906 ψυχῆς
1536 3836 1937 3907 εύμενεστέραν

351 3932 521 4001 ἑαυτῇ
543 3932 641 3999 τὴν
673 3929 886 3984 ἐκεῖθεν
912 3927 1231 3983 καθιστῶσα
1250 3928 1430 3999 δίκην,
1461 3929 1554 3980 καὶ
1587 3930 1725 3999 πρὸς
1759 3930 1938 3999 ἔρωτα

354 4024 456 4094 μὲν
499 4022 594 4077 τοῦ
631 4024 901 4093 μονήρους
936 4020 1054 4092 βίου
1100 4021 1453 4089 καταστάσης
1489 4022 1656 4091 αὐτῆς
1687 4024 1783 4075 κα)⁵
1812 4021 1938 4075 τοῦ·

347 4132 444 4169 τον
492 4114 921 4185 ἑπανελομένης,
967 4116 1067 4183 τὴν
1118 4112 1440 4182 περιουσίαν
1463 4114 1563 4182 ὅση
1604 4111 1939 4183 κεχώρισται

348 4208 452 4276 τῆς
481 4206 705 4276 προικὸς
724 4205 852 4267 τούς
874 4221 933 4257 τε
965 4204 1164 4267 παῖδας
1197 4204 1291 4257 καὶ
1318 4205 1381 4257 τὸ
1411 4205 1776 4291 μοναστηριον
1804 4223 1932 4259 ουν-

351 4297 757 4368 διανείμασθαι,
784 4298 834 4350 εί
856 4296 914 4351 δὲ
941 4295 1016 4366 μὴ
1056 4296 1244 4359 παῖδες
1282 4299 1530 4367 παρεῖεν,
1558 4297 1671 4350 ἀντ’
1704 4298 1931 4353 ἐκείνων

2027 1936 2187 1992 pmna
2252 1935 2360 1976 non
2437 1922 2728 1977 minorem.
2794 1922 3078 1979 Homicida
3154 1927 3301 1981 enim
3374 1939 3621 1995 persaepe

2025 2014 2191 2068 unius
2246 2020 2457 2067 tantmn
2518 2015 2877 2085 sanguinaria
2933 2032 3096 2072 manu
3153 2019 3322 2072 vitam
3366 2019 3615 2073 evertit:

2026 2107 2295 2161 scelestus
2318 2121 2452 2160 vero
2503 2107 2761 2162 adulterii
2818 2119 3165 2179 perpetrator
3222 2124 3387 2181 quam
3443 2110 3619 2180 pluri-

2029 2213 2147 2252 mos
2178 2197 2293 2252 fere
2328 2199 2395 2251 do
2432 2200 2612 2254 medio
2667 2201 2844 2264 tollit,
2903 2204 3195 2269 maritum,
3255 2204 3493 2268 liberos,
3525 2218 3618 2257 co-

2029 2296 2263 2359 gnatos,
2329 2290 2611 2360 aliosque,
2674 2293 2807 2347 dum
2868 2309 2976 2349 uno
3032 2296 3261 2351 vulnere
3315 2296 3619 2350 dilacerato

2032 2381 2383 2436 matrimonio
2409 2398 2602 2440 omnes
2651 2387 2979 2454 prosternit.
3042 2386 3436 2441 Verumtamen
3466 2390 3615 2452 quia,

2031 2489 2156 2528 cum
2176 2474 2306 2528 olim
2334 2475 2387 2528 id
2412 2475 2627 2531 facinus
2654 2487 2830 2533 morte
2858 2478 3068 2548 (ὅτ-59)
3099 2481 3409 2548 puniretur,
3440 2480 3618 2534 visum

2032 2578 2117 2621 est
2149 2569 2547 2637 posterioribus
2588 2571 2860 2626 mitiorem
2894 2573 3144 2643 proferre
3180 2570 3530 2639 sententiam,
3556 2585 3621 2628 ac

2034 2675 2164 2714 vero
2184 2675 2402 2730 semper
2429 2676 2532 2716 nos
2562 2661 2677 2717 fere
2698 2664 2763 2718 ad
2790 2664 3104 2735 benigniora
3145 2667 3433 2729 trahimur,
3457 2680 3622 2736 quam

2034 2750 2113 2803 illi
2172 2751 2582 2804 constituerunt
2645 2768 2885 2821 plenam,
2934 2764 2994 2808 ut
3037 2770 3235 2824 nempe
3264 2771 3434 2811 nasus
3504 2754 3621 2825 (£0)

2038 2841 2377 2896 detestandis
2406 2842 2519 2897 illis
2547 2844 2823 2899 ambobus
2848 2845 3234 2913 abscindatur,
3264 2847 3408 2901 hanc
3430 2855 3484 2903 et
3520 2863 3623 2903 nos

2038 2933 2357 2989 statuimus.
2378 2935 2555 3005 Atque
2588 2934 2706 2990 haec
2729 2936 2949 3006 quidem
2980 2936 3178 2993 nefarii
3205 2938 3369 2994 istius
3399 2940 3625 2995 sceleris

2038 3035 2159 3081 esto
2191 3040 2374 3096 poena.

2112 3118 2192 3173 Ac
2211 3119 2472 3189 quoniam
2504 3121 2762 3176 maritum
2790 3136 2891 3191 pro
2916 3129 3068 3176 tanta
3088 3121 3290 3192 injuria
3323 3124 3461 3178 citra
3491 3136 3626 3177 con-

2036 3211 2361 3267 solationem
2391 3212 2625 3283 relinqui
2664 3227 2773 3267 non
2809 3220 3051 3284 oportet,
3080 3214 3133 3268 in
3165 3215 3502 3269 matrimonii
3533 3213 3626 3282 jus

2036 3299 2254 3369 injuriae
2291 3301 2542 3355 mulieris
2576 3302 2691 3371 (41)
2719 3302 2901 3357 dotem
2962 3303 3322 3373 percipiendo
3344 3318 3405 3358 se
3428 3318 3628 3358 conso-

2036 3390 2202 3449 lator.
2233 3395 2463 3465 lnsuper
2490 3395 2707 3449 mulieri
2733 3396 2798 3448 ad
2820 3395 3023 3449 alteras
3047 3395 3266 3464 nuptias
3291 3396 3621 3463 prosultare,

2038 3500 2235 3554 neque,
2255 3486 2416 3553 quasi
2442 3485 2494 3538 in
2512 3487 2632 3540 nasi
2649 3485 2995 3540 abscissione
3018 3488 3302 3554 praemium
3323 3487 3623 3556 acceperit,

2039 3576 2209 3630 libere
2235 3576 2290 3629 in
2322 3584 2599 3644 posterum
2629 3590 2690 3631 se
2718 3590 2845 3630 cum
2898 3576 3212 3631 libidinosis
3242 3577 3623 3641 commiscere,

2038 3680 2388 3734 nequaquam
2412 3664 2741 3734 permittitur
2768 3682 2783 3719 :
2815 3666 2912 3721 sed
2938 3666 3012 3722 ob
3033 3668 3216 3723 scelus
3236 3667 3624 3732 commissum,

2040 3758 2095 3812 in
2132 3759 2524 3813 monasterium
2550 3759 2666 3827 (ubi
2690 3759 2742 3813 in
2775 3761 3111 3815 contritione
3142 3762 3338 3814 animae
3365 3761 3626 3816 leviorem

2038 3850 2143 3905 sibi
2164 3864 2379 3920 pinnam
2406 3848 2596 3920 faciat)
2631 3851 2777 3906 velut
2806 3850 2861 3905 in
2894 3852 3147 3906 exsilium
3174 3851 3505 3906 detruditor.
3536 3851 3624 3916 Et,

2040 3940 2084 3994 si
2116 3939 2437 3994 monasticae
2463 3940 2587 3994 vitae
2615 3939 2892 3995 desiderio
2939 3949 3219 4009 correpta,
3250 3942 3397 3995 illam
3426 3950 3624 3995 susce-

2040 4031 2203 4101 perit,
2229 4046 2572 4098 quatcunque
2605 4033 2778 4103 ipsius
2809 4033 2948 4087 bona
2974 4049 3003 4088 a
3035 4033 3163 4087 dote
3189 4040 3440 4103 separata
3463 4041 3619 4097 sunt,

2034 4136 2099 4177 ea
2134 4122 2289 4176 liberi
2316 4130 2371 4178 et
2402 4125 2798 4181 monasterium
2853 4127 2993 4180 inter
3018 4141 3078 4180 se
3106 4126 3524 4180 distribuunto:
3571 4127 3624 4180 si

2038 4212 2200 4268 liberi
2248 4214 2385 4269 nulli
2439 4217 2741 4285 supersint,
2780 4232 2880 4289 pro
2918 4219 3032 4272 illis
3062 4227 3337 4289 parentes,
3367 4226 3423 4273 et
3454 4217 3498 4272 si
3529 4232 3625 4271 nec

2037 4319 2145 4374 que
2171 4305 2223 4360 lti
2255 4314 2406 4373 sunt,
2428 4308 2519 4362 alii
2553 4323 2769 4379 cognati
2790 4310 2857 4364 ad
2882 4310 3206 4367 divisionem
3239 4311 3584 4367 addueuntor
3609 4350 3626 4365 .

352 4387 434 4450 είς
463 4386 564 4458 τὴν
592 4385 856 4457 διανομὴν
881 4382 1233 4455 ἐσάγεσθαι)⁵⁸
1267 4386 1395 4448 τοὺς
1429 4384 1647 4453 γονέας,
1681 4386 1731 4438 εί
1757 4386 1815 4439 δὲ
1836 4389 1931 4441 καὶ

2042 4396 2200 4462 Quod
2241 4398 2287 4453 si
2342 4399 2398 4454 in
2446 4401 2682 4472 profano
2716 4402 2902 4458 habitu
2934 4419 2966 4459 e
3006 4404 3119 4458 vita
3162 4404 3391 4460 excedat
3425 4445 3440 4471 ,
3501 4418 3629 4459 cum

1661 4568 1898 4626 VARIIE
1936 4574 2354 4637 LECTIONES.

421 4708 680 4795 25.18%;
875 4723 1053 4795 συχεζζο
1079 4707 1379 4795 γθιβιζνξγ-
1413 4709 1577 4795 ,⁸γάΡά
1605 4710 1757 4795 ῥεχι.
1785 4717 1876 4795 κα)
1902 4737 2080 4795 συνεν.
2111 4791 2151 4795 __
2177 4720 2227 4795 ’i
2248 4720 2360 4795 Ecl.
2384 4722 2698 4795 διαπράξει.
2788 4727 2834 4759 ³⁸
2850 4727 2985 4782 Cod.
3018 4741 3160 4781 unus
3183 4670 3627 4795 τιμωρουμένης.

364 4781 412 4867 1‘
440 4776 979 4867 Illc'lz‘tbpiolav'tg;
1003 4776 1464 4867 ΕξίξΙ.
1604 4776 1836 4867 Seritttg.
1853 4790 2060 4867 mea.
2109 4791 2154 4823 ³⁸
2183 4776 2786 4867 βοιάίπάραρρὄξως.
2838 4776 3203 4867 δῖεξχίξ-ξιιιῐ
3222 4776 3627 4867 λαμόάνουσᾶνξ

364 4846 1001 4935 θεά-ἆθλρνηὶιαιξξᾷξςιν
1022 4848 1083 4899 τὸ
1119 4846 1527 4935 ςυμτξλένκεσθκαι
1558 4863 1704 4911 recte
1746 4846 1954 4914 habet:
2009 4846 2071 4914 τὸ
2109 4846 2255 4918 enim
2284 4881 2394 4920 non
2441 4846 2857 4923 .ad'ioftr'co'v'sed
2897 4846 3237 4921 adviverbum
3263 4846 3469 4934 συμπλ.
3504 4846 3628 4935 ρει-ζ

362 4922 520 4978 tinet.
575 4918 620 4949 “
647 4917 763 4974 Ecl.
795 4916 875 4979 είς
893 4919 992 4984 τὴν
1015 4916 1186 4987 νομὴν
1226 4918 1561 4986 εἰσάγεσθαι.

1891 5067 2125 5128 ΝΟΤιΕ.

433 5200 649 5280 ςὸᾷ-ὅὸ)
685 5199 825 5280 Νονἶ
853 5201 947 5261 22.
967 5201 1259 5280 c.15,_§2,
1282 5201 1419 5280 lflov.
1445 5205 1571 5271 H7,
1596 5221 1648 5280 (τ,
1667 5207 1721 5272 8,
1754 5208 1854 5280 ξι.
1882 5226 1932 5264 c.

366 5272 451 5326 lbi
472 5274 517 5327 si
549 5272 677 5326 cum
724 5272 859 5328 viris
896 5272 1173 5329 extraneis
1220 5274 1443 5330 nolente
1508 5279 1707 5332 marito
1754 5272 1939 5334 convi-

364 5351 547 5397 vatur.

437 5411 550 5478 (34)
583 5410 802 5465 Decima
827 5426 969 5465 nona
997 5411 1197 5466 dicitur
1229 5414 1297 5467 al)
1329 5413 1516 5470 Hann.
1544 5416 1597 5476 6.
1634 5418 1717 5471 tit.
1744 5418 1799 5473 2.

434 5482 549 5548 (35))
579 5481 1015 5553 Ἐπάύτοφὼρῳ
1043 5482 1153 5553 dixi
1190 5484 1257 5537 ad
1288 5485 1323 5538 I.
1382 5486 1471 5546 25,
1499 5487 1554 5539 Π.
1581 5486 1648 5541 de
1682 5490 1853 5544 adult.
1888 5491 1940 5544 in

361 5549 612 5689 l’lagranti
644 5553 847 5607 delicto
892 5549 1270 5622 deprehensis.
1317 5554 1440 5610 Gal.
1488 5567 1699 5613 trouvez
1746 5578 1841 5615 sur
1897 5563 1943 5616 le

389 5632 517 5675 atct.

389 5632 517 5675 αισι.

435 5689 650 5769 ςςὸϐλῐξι
676 5707 879 5769 eorum
937 5708 1078 5769 nova
1111 5707 1275 5762 pmna
1313 5697 1565 5769 :_quippe
1598 5713 1765 5754 nasus
1799 5717 1939 5769 pne.

362 5762 473 5839 cidi
505 5762 768 5839 adulteris
800 5762 1023 5832 jubctur
1044 5763 1148 5819 Im
1173 5762 1586 5833 constitutione,
1619 5772 1763 5839 quod
1789 5762 1937 5827 vetc-

367 5832 524 5887 ribus
551 5834 763 5904 legibus
790 5849 900 5889 non
929 5845 1071 5890 erat.

2120 5214 2340 5287 ενι-59)
2374 5216 2715 5287 Adulterium
2749 5216 2882 5272 olim
2914 5225 3092 5271 morte
3121 5215 3467 5287 puniebatur.
3507 5219 3620 5276 vid.

2052 5287 2087 5343 I.
2119 5285 2212 5347 30,
2244 5287 2296 5339 in
2322 5287 2414 5343 lin.
2440 5287 2494 5342 ιι.
2526 5287 2589 5340 ad
2623 5288 2658 5340 Ι.
2680 5285 2789 5341 Jul.
2826 5287 2897 5342 de
2929 5287 3099 5341 adult.

2121 5354 2245 5425 (ιιι)
2285 5355 2730 5425 llarmenopulus
2766 5356 2824 5411 d.
2858 5359 3001 5412 loco.
3040 5355 3130 5412 Sic
3153 5372 3351 5412 manus
3408 5358 3623 5415 furibus

2088 5424 2419 5498 neciduntur
2439 5426 2492 5479 in
2522 5424 2863 5498 Longobard.
2896 5429 2932 5482 Ι.
2959 5426 3033 5482 De
3062 5428 3319 5482 latronib.
3344 5429 3381 5485 Ι.
3413 5428 3468 5483 Si
3498 5431 3625 5498 quis

2071 5505 2192 5570 atro
2210 5498 2275 5570 de
2290 5496 2453 5570 (urtis
2472 5498 2523 5549 in
2541 5497 2887 5570 Longobard.
2903 5509 2957 5570 et
2976 5499 3028 5551 in
3048 5499 3278 5570 patriam
3295 5496 3623 5570 conspiran-

2051 5567 2199 5638 tibus
2224 5566 2259 5638 l.
2297 5566 2371 5638 De
2402 5566 2897 5638 conspiratoribus,
2928 5568 3002 5621 De
3030 5566 3504 5638 aggressionibﬁin
3535 5570 3623 5638 via

2052 5636 2284 5708 lactisin
2313 5637 2415 5705 leg.
2447 5635 2691 5706 Longob.
2731 5635 2870 5694 Nov.
2923 5635 3192 5708 154.cap.
3236 5638 3325 5704 15,
3374 5656 3519 5694 vers.
3564 5637 3621 5693 Si

2046 5720 2176 5759 vero
2198 5707 2450 5779 criminis
2476 5709 2730 5779 qualitas,
2762 5709 2853 5762 ubi
2872 5708 2939 5763 de
2963 5707 3149 5779 pedis,
3171 5724 3385 5774 manus,
3408 5711 3627 5766 aurium

2043 5783 2101 5831 et
2125 5776 2340 5845 narium
2371 5777 2747 5845 amputatione
2772 5779 2907 5845 dixi,
2931 5776 2985 5834 et
3006 5782 3390 5834 exrmcatione.

2119 5844 2230 5916 (41)
2274 5846 2393 5901 Vid.
2427 5844 2563 5903 Nov.
2598 5849 2722 5914 154,
2754 5865 2804 5904 c.
2847 5850 2945 5921 l0;
2976 5860 3030 5907 et
3061 5849 3194 5908 Nov.
3234 5848 3427 5919 117,ο.
3458 5849 3514 5911 8.
