4048 6444
356 346 471 414 499

1564 343 1842 404 LEONIS
1872 339 2337 404 PHILOSOPHI

3523 343 3630 408 500

362 461 679 521 testamenti
731 460 1027 517 factionem
1048 460 1269 525 habeat,
1300 465 1464 530 prout
1502 459 1596 513 illa
1631 458 1939 512 constitue-

2044 454 2252 507 τούτων
2281 454 2485 525 ἔρημος
2529 453 2637 524 εἴη,
2667 452 2793 516 τοῦς
2831 452 3024 516 ἄλλους
3067 450 3178 509 τῶν
3212 431 3525 520 συγγενῶν
3568 456 3629 511 ἐν

368 552 558 618 tuerit,
583 568 704 623 qua:
733 553 877 609 bona
906 563 1065 609 extra
1085 553 1267 609 dotem
1301 552 1515 618 habuit,
1539 550 1943 621 dispensabuu-

364 648 474 697 tur.

785 820 1254 877 CONSTITUTIO
1288 817 1533 874 XXXIII.

508 907 592 966 Ne
622 910 736 982 (ιε)
777 913 1109 982 captivorum
1159 911 1414 964 uxoribus
1454 907 1578 961 aliis
1616 907 1804 960 nubere

994 981 1150 1034 liceat
1178 982 1316 1050 (45).

433 1069 579 1126 idem
623 1071 925 1143 imperator
958 1073 1133 1127 eidem
1161 1071 1432 1143 Styliano.

432 1161 489 1216 Si
521 1163 614 1233 qui
640 1163 770 1217 olim
796 1164 943 1235 leges
976 1171 1309 1228 tractarunt,
1345 1176 1413 1217 eo
1446 1161 1621 1217 fuisse
1644 1158 1849 1225 animo,
1886 1167 1946 1212 ut

361 1268 592 1323 prorsus
654 1268 780 1319 sua,
840 1269 1156 1325 quanquam
1200 1256 1256 1308 in
1290 1254 1400 1308 illis
1432 1250 1773 1307 correctione
1803 1263 1944 1302 non-

363 1346 509 1400 nulla
544 1346 878 1418 indigerent,
927 1348 1128 1419 corrigi
1161 1355 1345 1401 tamen
1371 1347 1602 1411 nollent,
1630 1344 1942 1413 suspicatus

359 1454 538 1495 essem
566 1480 583 1505 ,
616 1440 853 1496 fortasse
885 1456 1169 1512 nunquam
1193 1441 1300 1495 hoc
1330 1439 1624 1494 consilium
1652 1435 1939 1505 suscepis-

361 1544 499 1594 sem.
534 1532 609 1585 uti
638 1530 803 1601 leges,
836 1548 959 1604 quae
987 1548 1111 1589 sese
1138 1539 1287 1588 recte
1318 1546 1427 1586 non
1455 1530 1742 1593 haberent,
1769 1527 1943 1583 corri-

360 1638 488 1692 gere
533 1631 824 1688 tentarem,
851 1632 906 1679 et
959 1625 1177 1680 tametsi
1218 1632 1371 1678 arcta
1410 1622 1729 1691 reipublica:
1781 1634 1937 1685 cura,

359 1729 471 1784 quo
494 1715 746 1771 videlicet
774 1724 925 1771 recte
954 1718 1047 1771 illa
1083 1717 1586 1781 administraretur,
1621 1712 1940 1769 necessario

2048 545 2224 616 λαῖκῷ
2254 544 2311 597 δὲ
2331 544 2373 575 ⁸⁸
2388 543 2467 614 τῷ
2496 546 2736 615 σχήματι
2757 543 3156 614 ἀφανισθείσης
3188 543 3283 599 τοῦ
3322 543 3463 614 βίου,
3486 546 3629 597 πάν-

2044 654 2153 701 τως
2196 638 2394 708 κυρίας
2442 636 2609 707 οὔσης
2646 637 2981 691 διατίθεσθαι
3002 636 3071 701 ⁸³,
3116 638 3259 701 κατά
3284 638 3328 668 ⁸⁵
3354 635 3453 707 τὴν
3482 638 3630 691 ὲκεί-

2046 746 2143 799 νης
2168 728 2409 795 διάταξιν
2434 728 2505 781 τὰ
2530 729 2800 798 προσόντα
2831 728 3342 797 οἱκονομηθήσεται.

2562 820 2873 872 ΔΙΑΤΑΞΙΣ
2907 819 3009 872 Al"
3029 820 3095 872 δ’.

2044 911 2183 979 Περὶ
2202 911 2307 965 τοῦ
2326 910 2414 980 μὴ
2428 911 2650 974 ἐξεῖναι
2671 911 2778 975 τὰς
2804 910 2923 981 τῶν
2955 910 3349 978 αἰχμαλώτων
3374 928 3489 981 νειμ
3500 913 3632 979 stoc
3708 972 3711 973 ν

2489 981 2713 1049 ἑτέροις
2741 980 3182 1035 συνάπτεσθαι.

2128 1072 2187 1127 Ὀ
2220 1072 2381 1136 αὐτὸς
2414 1072 2669 1143 βασιλεὺς
2701 1071 2979 1141 Στυλιανῷ
3010 1072 3088 1143 τῷ
3122 1072 3292 1142 αὐτῷ.

2116 1167 2179 1219 El
2217 1166 2316 1236 μὲν
2346 1166 2470 1230 τοὺς
2505 1165 2675 1218 πάλαι
2708 1164 2838 1237 περὶ
2865 1164 3046 1235 νόμων
3077 1165 3434 1229 διαλαϐόντας
3470 1169 3631 1219 τοῦτο

2045 1259 2262 1327 φρονεῖν
2295 1254 2699 1327 ὑπελάμϐανον,
2742 1255 3009 1326 μηδαμῶς
3039 1255 3327 1326 βούλεσθαι
3352 1255 3422 1309 τὰ
3451 1258 3631 1309 οἰκεῖα

2044 1348 2502 1417 ἐπανορθοῦσθαι,
2537 1347 2640 1401 κάν
2668 1364 2721 1400 τι
2751 1348 2808 1399 ὲν
2835 1347 3019 1410 αὐτοῖς
3038 1347 3282 1401 τοιοῦτον
3312 1342 3425 1401 οἷον
3459 1365 3631 1418 προσ-

2042 1440 2250 1493 δεῖσθαι
2275 1439 2635 1511 διορθώσεως,
2675 1438 2806 1502 ἴσως
2850 1440 2950 1492 οὐκ
2996 1439 3063 1492 ἂν
3107 1440 3200 1492 ἐπὶ
3233 1439 3438 1509 ταύτην
3466 1436 3631 1509 ἦλθον

2040 1533 2143 1601 τὴν
2175 1531 2421 1602 γνώμην,
2473 1532 2619 1602 φημὶ
2666 1532 2729 1601 δὴ
2776 1529 2869 1584 τοῦ
2917 1532 3213 1601 πειρᾶσθαι
3240 1533 3365 1595 τοὺς
3405 1531 3479 1602 μὴ
3518 1532 3629 1584 τῶν

2043 1623 2224 1693 νόμων
2247 1621 2416 1689 ὑγιῶς
2466 1622 2690 1691 ἔχοντας
2725 1621 3065 1692 ἐπανορθοῦν
3087 1638 3100 1652 ο
3133 1624 3182 1674 εἰ
3209 1622 3318 1692 γὰρ
3339 1624 3433 1675 καὶ
3455 1621 3628 1686 οὕτως

2042 1715 2077 1783 ἡ
2119 1696 2249 1784 περῖ
2294 1713 2354 1766 τὸ
2382 1714 2623 1783 ὑπήκοον
2675 1712 2952 1779 ἀναγκαία
2980 1713 3221 1782 φροντὶς,
3252 1712 3412 1766 τοῦτο
3448 1713 3563 1774 πῶς
3582 1714 3628 1745 ⁸*

357 1806 759 1861 correctionem
796 1808 1131 1877 iujunxisset
1154 1849 1167 1875 ,
1196 1816 1255 1862 ut
1280 1824 1346 1863 ne
1377 1817 1557 1862 tamen
1616 1806 1827 1876 primos
1860 1805 1935 1859 le-

2042 1807 2103 1861 ἃν
2128 1807 2187 1860 εὖ
2219 1806 2584 1868 πολιτεύοιτο,
2634 1806 2956 1872 ἀναγκαίως
3013 1806 3286 1876 ἐπέτρεπε
3340 1806 3437 1875 τὴν
3480 1806 3629 1875 διόρ-

355 1896 646 1965 gislatores
696 1900 1033 1956 contristare
1068 1900 1409 1965 videremur,
1466 1899 1562 1964 qui
1612 1913 1714 1953 nos
1744 1899 1797 1952 in
1834 1898 1936 1951 hoc

355 1984 593 2055 impetus
652 1986 839 2054 ferret,
901 1989 1355 2046 inhibuissemus.
1405 1990 1475 2044 At
1519 1989 1779 2059 quoniam
1827 1986 1937 2041 illis

352 2092 571 2148 quoque
622 2079 778 2150 ipsis,
834 2081 880 2135 si
904 2082 1207 2136 etiamnum
1245 2082 1299 2134 in
1359 2081 1497 2136 vivis
1555 2088 1764 2145 essent,
1828 2095 1935 2133 non

354 2169 518 2223 modo
577 2170 798 2225 illorum
831 2171 1172 2234 institutum,
1206 2173 1299 2242 qui
1324 2165 1610 2241 corrigere
1639 2181 1933 2235 conantur,

352 2276 464 2315 non
491 2261 924 2333 displiciturum,
979 2264 1076 2321 sed
1117 2265 1342 2320 eosdem
1388 2265 1690 2336 etiam-qui
1748 2263 1823 2317 ita
1857 2262 1937 2315 l‘a-

352 2354 609 2409 ciendum
666 2366 983 2424 censerent,
1040 2359 1125 2415 his
1168 2360 1373 2430 gratias
1404 2366 1633 2413 acturos
1675 2356 1934 2421 arbitror,

355 2448 486 2515 (non
518 2448 662 2502 enim
693 2450 882 2519 gloria:
905 2465 1097 2515 causa,
1139 2452 1235 2507 sed
1259 2452 1402 2521 quod
1437 2451 1749 2521 reipublicae
1784 2464 1937 2503 eom-

353 2538 515 2591 moda
576 2554 722 2594 cura:
774 2540 1043 2597 haberent
1067 2542 1215 2611 leges
1241 2542 1508 2609 edidere),
1551 2556 1650 2611 age
1682 2555 1804 2609 qua:
1830 2539 1939 2593 rei-

354 2630 592 2700 publicaa
664 2632 1013 2695 conducant,
1066 2649 1245 2703 neque
1302 2633 1413 2689 illis
1470 2634 1605 2703 ipsis
1659 2631 1937 2688 veteribus

352 2722 759 2792 legislatoribus
778 2723 1129 2794 diSpliceant,
1160 2725 1451 2789 iacientes,
1478 2726 1758 2780 exactiore
1802 2740 1936 2779 con-

351 2814 707 2880 sideratione,
738 2831 838 2871 ceu
861 2818 1266 2873 medicamento
1298 2819 1536 2888 quodam
1555 2816 1934 2888 PaeonioH4),

352 2907 535 2979 legum
555 2908 776 2964 morbos
809 2910 1051 2981 propitio
1079 2909 1190 2965 Deo
1219 2925 1500 2966 curemus.
1534 2908 1712 2980 Supra
1741 2918 1937 2965 caetera

350 3003 517 3055 etiam
550 3003 640 3056 ubi
669 3002 737 3057 de
770 3003 1001 3073 captivis
1026 3012 1349 3069 sanxerunt,
1386 3003 1489 3057 hoc
1520 3011 1702 3073 caput,
1738 3003 1791 3056 in
1828 3017 1938 3072 quo

353 3095 422 3148 de
454 3096 790 3150 matrimonii
844 3097 1211 3152 dissolutione
1256 3105 1595 3163 statuerunt,
1653 3096 1812 3152 valde
1847 3112 1937 3150 ra-

2039 1898 2224 1962 θωσιν,
2256 1898 2370 1952 ἀλλ’
2400 1895 2493 1952 οῦν
2521 1897 2608 1950 ἵνα
2642 1899 2718 1967 μὴ
2746 1897 2991 1967 δόξωμεν
3020 1899 3144 1962 τοὺς
3171 1897 3229 1961 ἐξ
3258 1897 3435 1968 ἀρχῆς
3464 1914 3629 1966 νομο-

2039 1989 2201 2051 θέτας
2238 1989 2451 2053 λυπεῖν,
2480 1989 2575 2041 καὶ
2594 1989 2637 2019 ⁸⁷
2666 1989 2956 2057 ὲπέχωμεν
2981 1988 3081 2056 τὴν
3105 1988 3199 2040 ἐπὶ
3220 1988 3397 2057 τούτῳ
3418 1988 3623 2057 ὁρμήν.

2050 2082 2202 2134 Ἐπεὶ
2230 2081 2287 2133 δὲ
2310 2081 2401 2133 καὶ
2424 2080 2609 2142 αὐτοῖς
2639 2079 2893 2143 ἐκείνοις,
2928 2080 3087 2147 εἴπερ
3113 2078 3195 2131 ἔτι
3226 2079 3285 2132 ἐν
3314 2077 3626 2144 ἀνθρώποις

2038 2170 2382 2240 ἐστρέφοντο,
2410 2170 2510 2222 οὐκ
2545 2169 2612 2222 ἂν
2634 2164 2786 2239 οἶμαι
2813 2168 2913 2237 τὴν
2944 2167 3266 2239 προαίρεσιν
3290 2168 3628 2237 ἀπαρέσκειν

2039 2264 2146 2317 τῶν
2195 2262 2442 2332 διορθοῦν
2494 2262 2941 2333 ἐπιχειρούντων,
2977 2261 3116 2314 ἀλλὰ
3156 2262 3251 2313 καὶ
3295 2262 3456 2332 χάριν
3493 2264 3627 2331 ὁμο-

2037 2355 2266 2424 λογῆσαι
2300 2357 2413 2417 τοῖς
2447 2353 2590 2407 οὕτω
2631 2354 2985 2423 διεγνωκόσιν
3025 2353 3109 2423 (οῦ
3158 2355 3268 2424 γὰρ
3310 2355 3630 2423 φιλοτιμίας

2038 2447 2246 2509 ἕνεκεν,
2279 2446 2340 2499 τὸ
2389 2446 2444 2499 δὲ
2501 2446 2783 2517 συμφέρον
2828 2449 2894 2518 τῇ
2944 2445 3192 2519 πολιτείᾳ
3236 2447 3630 2517 προνοούμενοι

2039 2544 2136 2613 τὴν
2172 2542 2281 2594 τῶν
2307 2542 2491 2610 νόμων
2532 2539 2750 2593 ἔκθεσιν
2779 2541 3155 2610 ἐποιήσαντο),
3186 2541 3318 2611 φέρε
3344 2541 3409 2612 δὴ
3443 2540 3537 2593 καὶ
3558 2543 3625 2610 τῇ

2039 2635 2290 2705 πολιτείᾳ
2313 2634 2667 2704 συμφέροντα
2696 2634 2790 2686 καὶ
2813 2636 2999 2695 αὐτοῖς
3036 2632 3268 2695 ἐκείνοις
3306 2635 3419 2695 τοῖς
3456 2633 3628 2686 πάλαι

2039 2726 2360 2794 νομοθέταις
2389 2726 2491 2778 οὐκ
2526 2725 2634 2778 ἀπὸ
2660 2724 2887 2795 γνώμης
2915 2724 3217 2790 ποιοῦντες,
3244 2725 3499 2795 καθάπερ
3521 2727 3629 2779 τινὶ

2040 2820 2293 2888 Παιωνίῳ
2341 2819 2620 2889 φαρμάκῳ
2669 2821 2734 2887 τῇ
2793 2817 3163 2888 ἀκριϐεστέρα
3209 2816 3498 2886 διασκέψει
3527 2818 3629 2888 τὴν

2039 2913 2147 2965 τῶν
2164 2912 2209 2943 ⁸⁸
2237 2912 2416 2981 νόμων
2459 2910 2773 2981 ἀρρωστίαν
2821 2912 2880 2963 ὲν
2899 2912 2942 2942 ⁸³
2982 2908 3102 2979 Θεῷ
3166 2908 3459 2979 ὲξιώμεθα.
3503 2910 3630 2962 Ἐπὶ

2039 3007 2151 3067 τοῖς
2186 3003 2389 3069 ἄλλοις,
2434 2999 2514 3066 οἷς
2559 3002 2824 3071 περὶτῶν
2868 3002 3234 3072 αἰχμαλώτων
3266 3001 3630 3073 νενομοθετή-

2041 3115 2191 3163 κασι,
2213 3098 2438 3151 κάκεῖνο
2462 3096 2522 3149 τὸ
2549 3096 2739 3168 μέρος,
2767 3097 2825 3148 ὲν
2842 3090 2888 3163 ᾧ
2919 3096 3048 3166 περὶ
3080 3097 3177 3164 τῆς
3203 3094 3402 3164 γάμων
3447 3094 3630 3148 διαλύο

312 3216 323 3225 κ
356 3186 493 3239 tioui
526 3202 652 3242 esse
688 3187 1101 3243 dissentaneum
1168 3189 1407 3244 videtur.
1464 3189 1556 3245 Sic
1588 3197 1770 3244 autem
1799 3199 1855 3244 et
1880 3190 1933 3244 in

2044 3207 2182 3254 σεως
2209 3190 2501 3260 ώρίσαντο,
2529 3164 2670 3243 πάνυ
2695 3190 2843 3243 δοκεῖ
2863 3164 3080 3252 ἀτόπως
3103 3189 3267 3258 ἔχειν.
3292 3189 3430 3241 Φασὶ
3454 3188 3511 3240 δὲ
3539 3187 3631 3240 οῦ-

355 3279 472 3333 Ιιειιο
501 3282 667 3335 verba
700 3282 856 3335 aiunt
896 3281 1031 3351 (46),
1084 3282 1200 3337 sive
1241 3282 1441 3337 marito
1494 3283 1830 3352 captivitatis
1864 3282 1939 3336 in-

354 3370 657 3425 fortunium
693 3373 927 3435 accidat,
961 3382 1219 3428 manente
1237 3390 1409 3429 uxore
1438 3374 1491 3427 in
1517 3374 1762 3439 civitate,
1822 3374 1940 3429 sive

353 3479 479 3517 cum
549 3480 689 3518 uxor
718 3464 773 3519 in
800 3465 892 3535 jus
925 3466 1264 3536 captivitatis
1299 3468 1570 3537 pervenit,
1609 3470 1845 3524 maritus
1882 3469 1938 3524 in

354 3555 581 3610 civitate
633 3566 955 3626 permaneat
987 3597 1004 3624 ,
1043 3559 1321 3629 exquisita
1352 3560 1574 3629 quidem
1629 3568 1685 3615 et
1716 3561 1939 3617 subtilis

355 3648 500 3700 ratio
534 3647 792 3702 distrahit
828 3650 1263 3705 matrimonium.
1296 3648 1473 3706 Semel
1497 3652 1641 3707 enim
1673 3654 1942 3717 servitute

356 3738 515 3793 alteri
551 3740 995 3809 superveniente,
1021 3741 1359 3797 conditionis
1388 3742 1734 3812 inaequalitas
1756 3759 1942 3814 aequa-

356 3832 588 3896 litatem,
658 3848 780 3903 quae
808 3834 861 3887 in
896 3834 1103 3904 nuptiis
1127 3842 1431 3904 spectatur,
1474 3851 1798 3905 permanere
1829 3852 1940 3891 non

354 3925 584 3995 patitur.
607 3923 719 3981 Nos
745 3934 926 3981 tamen
973 3926 1272 3981 humanius
1307 3927 1435 3981 talia
1474 3930 1938 3999 contemplantes,

354 4018 530 4092 donec
568 4030 781 4074 certum
813 4029 898 4075 est
949 4035 1246 4090 superesse
1283 4020 1541 4074 maritum
1566 4021 1650 4077 vel
1687 4036 1939 4086 uxorem,

354 4126 456 4181 pro
484 4126 593 4165 non
622 4112 820 4168 solutis
851 4112 1205 4167 matrimonia
1228 4113 1418 4169 haberi
1440 4114 1675 4170 sinimus
1712 4132 1727 4168 :
1764 4130 1942 4185 neque

355 4203 423 4257 ad
456 4203 592 4259 alias
641 4205 957 4273 migrabunt
988 4206 1211 4275 nuptias
1258 4206 1343 4261 vel
1403 4206 1584 4261 mariti
1622 4208 1707 4261 vel
1741 4222 1942 4262 uxores

358 4294 463 4349 nisi
498 4295 808 4363 petulanter
841 4296 892 4350 id
917 4296 1095 4366 egisse
1126 4297 1299 4353 videri
1338 4298 1532 4360 velint,
1566 4308 1621 4354 et
1656 4300 1709 4352 in
1747 4314 1953 4369 pinnas,

356 4387 620 4451 incidere,
678 4387 771 4443 ille
828 4388 1048 4457 quidem
1105 4390 1414 4446 exactionis
1454 4390 1771 4445 donationis
1816 4398 1943 4444 ante

2041 3300 2150 3346 τως
2174 3283 2456 3345 ὲπάῦτοῖς
2484 3282 2694 3352 ῥήμασι
2720 3282 2766 3313 ⁸ο
2785 3299 2799 3312 ο
2827 3282 2981 3333 «Εἴτε
3008 3281 3163 3350 ἀνδρὶ
3196 3280 3438 3350 συμϐαίη
3454 3280 3514 3331 τὸ
3530 3280 3629 3347 τῆς

2041 3372 2417 3443 αἰχμαλωσίας
2441 3371 2720 3442 ἀτύχημα,
2747 3372 2849 3441 τῆς
2882 3371 3142 3438 γυναικὸς
3193 3373 3251 3423 ὲν
3283 3374 3349 3441 τῇ
3382 3370 3631 3439 πολιτείᾳ

2045 3464 2336 3535 μενούσης,
2352 3462 2462 3516 εἴτε
2476 3459 2631 3526 αὖθις
2656 3463 2792 3532 γυνὴ
2822 3464 2919 3531 μὲν
2949 3465 3030 3525 εἰς
3054 3462 3436 3533 αἰχμαλωσίαν
3453 3462 3629 3528 ἀπίοι,

2045 3558 2195 3629 μένοι
2226 3557 2282 3610 δὲ
2310 3558 2339 3609 ό
2362 3556 2500 3627 ἀνὴρ
2529 3558 2587 3607 ὲν
2633 3558 2699 3625 τῇ
2736 3554 3000 3625 πολιτείᾳ,
3037 3557 3066 3607 ὁ
3102 3555 3201 3625 μὲν
3248 3553 3490 3624 ἀκριϐὴς
3535 3555 3634 3606 καὶ⁸

2042 3649 2239 3712 λεπτὸς
2269 3648 2425 3717 λόγος
2444 3647 2649 3700 διαλύει
2678 3648 2769 3701 τὸν
2808 3648 2985 3717 γάμον
3003 3662 3019 3677 ⁸
3052 3647 3295 3710 δουλείας
3351 3646 3458 3717 γὰρ
3486 3645 3637 3710 ἅπαξ

2042 3741 2433 3813 ἐπιγενομένης
2461 3740 2692 3811 θατέρῳ,
2735 3742 2768 3810 ἡ
2796 3741 2895 3810 τῆς
2948 3739 3118 3811 τύχης
3153 3740 3405 3810 ἀνισότης
3434 3739 3530 3810 τὴν
3570 3740 3635 3792 ἐκ

2043 3834 2151 3887 τῶν
2169 3834 2363 3903 γάμων
2390 3832 2669 3903 ἱσότητα⁸¹
2691 3833 2874 3902 μένειν
2919 3834 2979 3885 οῦ
3008 3835 3299 3903 συγχωρεῖ.
3324 3832 3469 3901 Πλὴν
3495 3831 3634 3885 ἀλλά

2046 3924 2556 3996 φιλανθρωπότερον
2584 3926 2654 3979 τά
2693 3925 2917 3978 τοιαῦτα
2952 3924 3289 3991 θεωροῦντες
3311 3964 3326 3990 ,
3370 3925 3475 3987 ἕως
3531 3924 3635 3990 μέν

2044 4018 2161 4070 ἐστι
2194 4017 2429 4087 φανερὸν
2454 4016 2487 4087 ἢ
2515 4016 2608 4069 τὸν
2654 4016 2827 4086 ἄνδρα
2854 4018 3125 4086 περιεῖναι
3153 4016 3186 4085 ἢ
3236 4016 3333 4086 τὴν
3358 4015 3630 4086 γαμετὴν,

2048 4107 2233 4177 μένειν
2258 4108 2429 4163 ἄλυτα
2475 4107 2544 4161 τὰ
2578 4109 2892 4163 συνοικέσια
2944 4107 3356 4178 συγχωροῦμεν,
3385 4111 3479 4161 καὶ
3529 4110 3634 4161 οὐκ

2044 4200 2357 4256 ἐλεύσονται
2412 4200 2550 4272 πρὸς
2601 4201 2886 4270 δευτέρους
2939 4203 3151 4271 γάμους
3198 4201 3321 4255 οὔτε
3371 4204 3634 4270 γυναῖκες

2045 4291 2167 4345 οὗτε
2205 4293 2419 4363 ἄνδρες,
2456 4295 2504 4345 εί
2561 4295 2634 4363 μὴ
2674 4293 2950 4364 βούλοιντο
3001 4294 3181 4347 δοκεῖν
3237 4294 3377 4347 κατὰ
3422 4293 3634 4362 προπέ-

2046 4400 2199 4437 τειαν
2232 4383 2389 4437 τοῦτο
2424 4385 2662 4455 πρᾶξαι,
2698 4386 2795 4438 καὶ
2844 4386 3141 4439 ὑποπεσεῖν
3171 4387 3292 4448 ταῖς
3336 4388 3571 4448 ποιναῖς,
3603 4389 3634 4439 ὀ

356 4476 600 4545 nuptias,
657 4478 773 4531 haec
824 4491 953 4531 vero
983 4477 1149 4533 dotis.
1178 4497 1197 4529 ι
1234 4477 1301 4532 lli
1343 4494 1475 4550 ergo
1532 4479 1844 4535 istiusmodi
1874 4479 1939 4534 de

2052 4476 2149 4547 μὲν
2179 4477 2279 4545 τῆς
2338 4478 2446 4545 πρὸ
2482 4476 2662 4546 γάμου
2720 4477 2929 4547 δωρεᾶς
2976 4479 3042 4547 τῇ
3076 4477 3370 4548 ὲκτίσει,ή
3430 4478 3487 4530 δὲ
3532 4480 3633 4548 τῆς

356 4568 698 4637 captivorum
733 4569 1087 4625 matrimonio
1124 4573 1557 4640 pronuntiarunt
1586 4573 1939 4627 sententiam.

2048 4568 2299 4639 προικός.
2332 4587 2350 4621 ι
2382 4569 2447 4621 Οί
2484 4568 2581 4639 μὲν
2611 4568 2704 4622 οῦν
2750 4569 3167 4640 προφθάσαντες
3201 4570 3456 4641 τοιαύτην
3501 4571 3634 4639 περὶ

357 4658 528 4714 Nobis
575 4666 756 4713 autem
788 4675 967 4729 neque
1008 4674 1199 4723 causa,
1234 4674 1399 4729 quam
1424 4660 1699 4729 exquisita
1734 4660 1815 4729 (ut
1840 4659 1939 4730 ipsi

2045 4660 2140 4714 τοῦ
2169 4661 2348 4730 γάμου
2372 4660 2482 4712 τῶν
2505 4659 2869 4730 αἰχμαλώτων
2890 4661 3160 4732 ἐξέφηναν
3189 4659 3437 4731 γνώμην.
3468 4660 3633 4729 Ἡμῖν

356 4749 678 4820 loquuntur)
702 4749 1034 4820 subtilisque
1057 4749 1196 4803 ratio
1221 4747 1560 4818 suppeditat,
1591 4748 1790 4802 rationi
1819 4763 1939 4804 esse

2046 4754 2103 4807 δὲ
2130 4751 2245 4806 οὗθ’
2270 4755 2303 4824 ἡ
2338 4753 2490 4807 αἰτία
2506 4752 2749 4820 εὔλογος,
2766 4754 2876 4824 ἦνό
2901 4754 3157 4825 ἀκριϐὴς,
3191 4754 3269 4817 ώς
3294 4754 3449 4807 αὐτοί
3471 4769 3629 4821 φασι,

356 4851 727 4899 consentanea
763 4885 780 4911 ,
818 4858 999 4912 neque
1056 4842 1412 4907 humanitas,
1471 4856 1595 4912 quae
1647 4840 1939 4896 dirimendi

2046 4847 2141 4900 καὶ
2168 4847 2366 4909 λεπτὸς
2397 4846 2555 4913 λόγος
2589 4845 2821 4911 δίδωσιν,
2860 4844 2985 4899 οὕτε
3023 4848 3057 4915 ἠ
3089 4845 3476 4919 φιλανθρωπία
3513 4845 3634 4897 ἐστὶ

358 4938 693 4991 matrimonii
758 4936 1075 4991 facultatem
1130 4936 1360 5006 praebet,
1396 4934 1528 4989 dum
1561 4935 1713 5005 ipsos
1737 4935 1939 4989 damno

2046 4938 2284 5006 καθαρὰ,
2308 4939 2343 5009 ἠ
2376 4938 2558 4991 ἄδειαν
2607 4936 2861 4990 λελύσθαι
2912 4940 3265 5009 παρεχομένη
3299 4940 3392 4991 τὸν
3449 4936 3630 5007 γάμον

355 5024 601 5094 subiicit,
652 5025 869 5081 sincera
926 5026 1162 5083 videtur.
1196 5024 1254 5080 Si
1284 5025 1429 5081 enim
1461 5024 1939 5097 (quemadmodum

2055 5031 2114 5082 ἐν
2142 5028 2222 5100 τῷ
2264 5028 2556 5082 ὑποϐαλεῖν
2604 5028 2802 5091 αὐτοὺς
2848 5030 2915 5100 τῇ
2950 5027 3143 5100 ζημίᾳ.
3186 5028 3249 5084 Ei
3278 5028 3411 5100 γὰρ,
3443 5028 3635 5098 ὥσπερ

1666 5118 1904 5175 VAltUE
1946 5120 2355 5179 LECTIONES.

415 5219 460 5289 ρ
493 5217 981 5289 ΕεΙΑᾶόίιτυχόν.
1044 5216 1161 5273 Non
1198 5218 1359 5274 male.
1411 5216 1498 5289 __"
1528 5215 1643 5271 Ecl.
1702 5218 1903 5289 παντὸς
1944 5235 2069 5289 κυρ.
2120 5218 2237 5272 οῦσ.
2285 5219 2587 5273 διαθέσθαι.
2689 5218 2735 5251 ⁸⁵
2769 5217 2861 5273 Sic
2912 5219 3026 5274 Ecl.
3084 5218 3255 5274 Codd.
3315 5218 3407 5272 καὶ
3467 5220 3631 5274 κατά.

355 5287 401 5361 ξε
421 5287 540 5343 Ecl.
566 5288 803 5361 Νοντγῖο
836 5287 904 5361 et
938 5289 1195 5361 laudatur
1224 5291 1367 5361 apud
1408 5287 1739 5361 HarmenOp.
1772 5288 1871 5361 _l_ib.
1927 5287 2033 5361 tv,__
2059 5290 2149 5361 tit._
2194 5290 2280 5355 ιε,
2333 5306 2387 5358 p.
2418 5290 2542 5361 546.
2610 5289 2679 5361 ,⁸⁸
2707 5288 3015 5361 Stephanus
3064 5289 3158 5343 τοῦ
3208 5291 3419 5361 οπως.»
3456 5289 3635 5361 Oseu—

354 5358 795 5441 [numen-106g,
829 5360 998 5441 ὅπωὲ
1086 5358 1131 5441 ’ς
1162 5356 1352 5441 Ztiicli.
1385 5370 1436 5441 et
1473 5357 1860 5441 Μςεθγιεηκκάν..
1933 5358 1978 5441 ξε
2003 5356 2503 5441 διεμικοττεριτῶν⁸
2521 5359 2621 5431 legi
2654 5356 2818 5414 νιιιι.⁷
2857 5360 3146 5417 “Rectius
3198 5358 3339 5415 forte
3372 5358 3470 5412 σὺν
3492 5359 3633 5431 Θεῷ.

355 5428 402 5462 ⁸⁸
427 5426 726 5487 Iustiniani
750 5429 889 5485 Nov.
923 5428 996 5482 22
1023 5444 1073 5484 c.
1095 5426 1146 5482 7.
1212 5429 1256 5461 ”
1283 5427 1358 5483 lta
1391 5427 1582 5498 Steph.
1602 5427 1778 5482 Codd.
1810 5428 1909 5499 τὴν
1938 5428 2001 5482 ἐκ
2026 5426 2120 5483 τοῦ
2143 5426 2322 5500 γάμου
2354 5426 2665 5502 ἀνισότητα.

1882 5517 2118 5574 NOTAE.

431 5615 545 5685 (i2)
579 5614 792 5670 Exstat.
819 5616 876 5670 4.
902 5614 1231 5685 Harmenop.
1262 5616 1348 5677 12,
1389 5615 1437 5685 ξ.
1462 5615 1513 5669 4.
1685 5686 1693 5687 ί
2124 5616 2236 5687 (44)
2269 5616 2391 5670 Fuit
2466 5615 2627 5672 Paeon
2709 5618 2952 5673 medicus
3011 5618 3260 5673 deorum.
3320 5614 3520 5671 Suidas
3576 5614 3633 5670 in

430 5686 545 5756 (43)
579 5686 751 5756 Etiam
791 5694 913 5756 post
933 5688 1396 5756 quinquennium,
1436 5695 1492 5741 et
1519 5688 1591 5741 ita
1649 5686 1943 5756 abrogatur
2052 5687 2321 5756 Παιῶνος.

361 5747 573 5876 adigi.
609 5754 702 5822 τε,
727 5747 856 5822 c.'7,
884 5747 1027 5816 vers.
1063 5747 1122 5814 Si
1153 5772 1283 5815 vero
1310 5747 1608 5815 incertum.
1639 5747 1939 5822 Navim,
2121 5758 2234 5828 (ιδ)
2270 5747 2404 5815 Nov.
2434 5758 2525 5826 se,
2561 5774 2611 5812 ο.
2648 5758 2697 5823 7,
2725 5759 2779 5812 in
2804 5758 2978 5829 princ.

1224 6413 1867 6423 Hm
