4048 6456
343 379 445 452 501

1453 386 1818 450 NOVELLAE
1848 383 2529 448 CONSTITUTIONES.

3507 386 3612 450 50:2

342 500 577 569 λέγουσι,
609 498 710 569 τῆς
737 496 912 568 τύχης
941 496 978 570 ἡ
1020 496 1276 570 ἀνισότης
1303 499 1365 561 ού
1407 501 1683 571 συγχωρεῖ
1736 498 1916 569 μένειν

2023 495 2198 563 aiunt)
2230 493 2436 548 durare
2481 491 2890 548 matrimonium
2927 494 3163 549 fortuna:
3210 509 3319 550 non
3347 496 3462 568 (46)
3487 515 3612 568 per-

338 591 433 647 τὸν
453 590 658 661 γάμον,
695 590 817 654 πῶς
848 591 898 644 εί
935 591 1074 662 πρὸς
1104 590 1422 661 ἐλευθερίαν
1454 589 1864 659 ἐπανακληθείη
1897 591 1925 642 ὁ

337 680 710 756 αἰχμάλωτος,
731 681 870 751 μετά
914 681 1014 751 τὴν
1048 679 1143 734 τοῦ
1170 680 1350 750 γάμου
1389 680 1634 735 διάλυσιν
1673 680 1811 752 πρὸς
1862 680 1924 733 τὸ

341 773 456 825 ίσον
472 770 879 842 ἐπανελθούσης
908 773 1011 843 τῆς
1055 772 1229 844 τύχης
1277 774 1370 826 καὶ
1399 773 1729 843 ἀμφοτέρων
1767 773 1922 827 ἐλευ-

341 862 542 932 θερίως
565 862 849 932 βιούντων,
880 864 982 917 οὐκ
1003 865 1084 928 εἰς
1113 864 1174 918 τὸ
1206 863 1321 918 ἴσον
1359 867 1388 918 ὁ
1409 866 1586 936 γάμος
1621 867 1787 921 πάλιν
1821 868 1922 920 ἐπ-

338 953 723 1019 ανελεύσεται;
755 953 864 1006 Ποῦ
907 953 965 1006 δὲ
998 953 1062 1007 τδ
1098 953 1481 1025 φιλάνθρωπον
1522 956 1786 1027 καθαρὸν,
1823 957 1922 1026 ζη-

341 1038 503 1110 μιοῦν
559 1041 663 1110 μὲν
711 1043 778 1113 τῇ
814 1041 924 1096 τῶν
979 1043 1333 1098 οἰκειοτάτων
1375 1045 1554 1115 μελῶν
1610 1046 1919 1116 ἀφαιρέσει,

339 1134 635 1206 πειρᾶσθαι
685 1135 743 1188 δὲ
785 1134 885 1206 τὴν
925 1133 1128 1205 ζημίαν
1188 1135 1631 1208 παραμυθεῖσθαι
1705 1138 1922 1190 ἀντεισ-

339 1230 533 1297 αγωγῇ
560 1227 669 1280 τῶν
711 1227 887 1281 ἄλλων
918 1227 1250 1298 κτημάτων;
1281 1229 1405 1292 Πῶς
1433 1228 1490 1283 δὲ
1515 1230 1677 1300 μέχρι
1694 1229 1785 1283 καὶ
1812 1228 1922 1282 τῶν

337 1315 693 1383 φαυλοτάτων
724 1315 895 1386 αὐτῆς
924 1316 1244 1387 περιουσίας
1286 1318 1395 1371 τῶν
1428 1317 1788 1389 αἰχμαλώτων
1829 1316 1921 1371 λο-

339 1410 555 1478 γίζεται
581 1411 627 1441 ⁸²
663 1409 1088 1479 φυλαττομένων
1130 1409 1315 1472 αὐτοῖς
1355 1408 1461 1463 τῶν
1507 1409 1754 1474 δικαίων,
1802 1408 1921 1479 οὐχὶ

337 1501 634 1555 πάνδεινον
661 1501 707 1533 ⁵³
730 1500 811 1571 τῷ
857 1499 1066 1572 μείζονι
1099 1501 1259 1572 μέρει
1285 1500 1451 1570 (φημὶ
1497 1499 1562 1570 δὴ
1605 1503 1671 1571 τῇ
1707 1500 1800 1554 τοῦ
1841 1503 1921 1553 οἱ⁹

336 1591 490 1644 κείου
521 1591 719 1662 μέλους
761 1593 1116 1663 συντηρήσει)
1165 1594 1498 1647 κινδυνεύειν
1535 1592 1733 1656 αὐτοὺς
1776 1592 1850 1662 μὴ
1874 1592 1921 1623 ⁸⁸

336 1685 540 1752 ὁμοίως
562 1684 851 1751 ἀξιοῦσθαι
874 1685 984 1739 τῶν
1011 1686 1259 1753 δικαίων,
1279 1687 1394 1739 ἀλλ’
1411 1684 1548 1740 εἶναι
1564 1687 1919 1757 ἀνεπίσχετον

334 1776 438 1847 τὴν
471 1777 700 1848 ζημίαν,
729 1779 777 1830 εί
801 1777 962 1831 τοῦτο
990 1780 1080 1831 ἐπὶ
1105 1777 1332 1850 γνώμην
1360 1779 1485 1848 ἥκοι
1516 1779 1729 1851 θατέρῳ
1761 1779 1916 1850 μέρει

2027 587 2198 642 mittit
2227 585 2596 656 inaequalitas,
2627 585 2904 656 quomodo
2932 586 2978 640 si
3012 586 3079 639 ad
3114 587 3420 643 libertatem
3453 603 3614 645 revo-

2023 687 2178 734 cetur
2197 677 2468 745 captivus,
2486 692 2612 731 cum
2656 684 2782 745 post
2827 677 3609 736 matrimoniidissolutionem

2023 769 2090 823 ad
2113 768 2536 838 aequabilitatem
2570 767 2790 823 fortuna
2841 770 3047 837 redeat,
3065 772 3335 842 amboque
3365 773 3418 827 in
3445 773 3610 828 liber-

2021 865 2135 914 tate
2198 858 2407 921 vivant,
2475 859 2544 912 ad
2596 860 2960 928 aequalitatem
3034 863 3440 916 matrimonium
3498 880 3610 918 non

2021 949 2264 1004 redibit?
2323 949 2455 1014 Qum
2512 964 2639 1004 vero
2693 950 2784 1004 illa
2841 952 3060 1006 sincera
3119 954 3458 1022 humanitas,
3487 973 3610 1026 qua:

2022 1044 2485 1099 amicissimorum
2519 1044 2889 1100 membrorum
2927 1049 3305 1104 subtractione
3344 1050 3606 1106 damnum

2023 1133 2250 1196 inferre,
2286 1134 2630 1204 aliorumque
2657 1137 3055 1193 substitutione
3083 1139 3136 1193 id
3164 1142 3322 1209 quasi
3395 1145 3606 1197 sarcire

2021 1225 2288 1280 conatur?
2327 1225 2614 1291 Quomodo
2670 1225 2906 1290 item,et
2934 1229 2978 1282 si
3026 1245 3200 1298 usque
3230 1230 3296 1284 ad
3337 1231 3606 1286 vilissima

2020 1333 2250 1389 qumque
2278 1318 2618 1388 captivorum
2669 1319 2978 1374 substantia
3021 1321 3146 1388 jure
3174 1330 3431 1390 statuque
3459 1325 3607 1391 ipso.

2021 1427 2140 1465 rum
2171 1411 2384 1480 integro
2409 1419 2649 1476 laxetur,
2673 1412 2800 1465 illos
2822 1427 2929 1464 non
2953 1412 3026 1465 ita
3049 1416 3428 1482 praestantiore
3455 1424 3609 1483 parte

2021 1502 2126 1569 (sui
2188 1517 2386 1571 nempe
2415 1502 2643 1557 membri
2690 1503 3136 1574 conservatione)
3204 1514 3371 1573 atque
3420 1521 3606 1558 rerum

2021 1608 2244 1649 suarum
2266 1592 2392 1662 jure
2415 1593 2714 1662 periclitari
2748 1594 2908 1657 velle,
2965 1595 3412 1664 immensumque
3460 1595 3609 1648 dam-

2021 1700 2150 1739 num
2188 1683 2322 1750 fore,
2362 1685 2407 1739 si
2441 1685 2610 1738 altera
2640 1700 2767 1754 pars
2806 1686 3113 1740 membrum
3140 1701 3298 1740 suum
3333 1687 3609 1756 negligere

2021 1777 2074 1832 in
2107 1777 2352 1830 animum
2378 1776 2625 1839 inducat.
2654 1792 2760 1830 non
2794 1793 3058 1847 perquam
3086 1787 3172 1833 est
3206 1776 3607 1831 manifestum?

332 1847 602 1939 ἀλογῆσαι
638 1869 736 1923 τοῦ
766 1869 968 1923 οἰκείου
997 1847 1309 1940 μέλουςςνΤί
1326 1847 1418 1925 οὖν
1448 1889 1590 1942 φημι
1632 1847 1743 1940 ἐγώ
1761 1847 1916 1937 ςἜάν

2023 1867 2162 1934 Quid
2197 1869 2362 1937 igitur
2396 1868 2536 1938 ego?
2563 1867 2621 1922 Si
2643 1883 2767 1921 cum
2795 1870 2970 1924 altera
3023 1886 3152 1939 pars
3185 1870 3238 1923 in
3288 1871 3608 1938 captivitate

331 1976 441 2031 περ
473 1959 568 2012 τοῦ
603 1959 722 2025 ἐνὸς
753 1959 957 2030 μέρους
985 1961 1044 2012 ἐν
1081 1960 1430 2032 αἰχμαλωσίᾳ
1457 1961 1634 2025 ὄντος,
1657 1963 1719 2015 τὸ
1753 1961 1915 2016 ἀπεί-

333 2068 501 2121 ρατον
545 2051 954 2123 διαμεμενηκὺς
990 2052 1092 2122 τῆς
1122 2053 1500 2122 αἰχμαλωσίας
1543 2054 1732 2125 ἐτέρου
1779 2055 1917 2125 πρὸς

330 2143 633 2213 συνάφειαν
664 2142 786 2209 ῐδοι,
816 2143 1106 2198 ἐπανέλθοι
1138 2144 1195 2197 δὲ
1223 2145 1321 2213 τῆς
1345 2144 1724 2214 αἰχμαλωσίας
1756 2144 1820 2199 τὸ
1858 2149 1916 2199 ἐν

326 2233 504 2306 ταύτῃ
533 2234 969 2304 κατεσχημένον,
992 2234 1180 2288 ἄδειαν
1197 2229 1337 2287 εἶναι
1367 2234 1516 2306 αὑτῷ
1537 2234 1583 2266 ⁸⁸
1612 2235 1673 2288 τὸ
1693 2235 1914 2302 οἰκεῖον,

330 2328 386 2381 εἰ
422 2327 682 2398 βούλοιτο,
731 2329 1215 2399 ἐπαναλαμϐάνειν
1258 2329 1456 2400 μέλος,
1505 2331 1600 2384 καὶ¹
1649 2330 1916 2401 μηδαμῶς

329 2421 469 2474 διότι
509 2421 680 2493 ἑτέρῳ
714 2421 963 2492 συνῆφθη
991 2423 1119 2484 τοὺς
1159 2421 1221 2486 ἐξ
1266 2423 1441 2493 ἀρχῆς
1470 2423 1916 2492 καινοτομεῖσθαι

325 2512 564 2583 γάμους.
618 2513 682 2565 Εἰ
723 2512 834 2582 γὰρ
884 2514 918 2583 ἡ
969 2512 1240 2583 γενομένη
1275 2512 1414 2584 πρὸς
1447 2513 1635 2584 ἕτερον
1686 2512 1917 2584 ὕστερον

326 2601 596 2670 συνάφεια
627 2602 769 2669 δόξει
799 2603 942 2656 τισὶν
973 2602 1256 2666 ἀδιάλυτος
1282 2601 1347 2657 ἂν
1375 2605 1672 2674 διαμεῖναι,
1705 2605 1824 2668 πῶς
1852 2605 1914 2659 ού

321 2691 666 2762 δικαιότερον
717 2693 751 2762 ἡ
785 2691 1025 2763 ἀρχῆθεν
1074 2692 1185 2746 τῶν
1231 2694 1426 2762 γάμων
1469 2694 1733 2765 συνάφεια
1778 2697 1916 2766 πρὸς

323 2785 426 2854 τὴν
456 2784 670 2838 οἰκείαν
695 2785 1033 2838 κατάστασιν
1064 2785 1521 2852 ὲπανελεύσεται;
1559 2788 1655 2840 καὶ
1685 2789 1755 2854 εἰ,
1779 2789 1914 2841 διότι

321 2873 595 2946 ἀλλοτρίῳ
646 2874 802 2945 μέρει
851 2873 1146 2943 συνῆπται,
1201 2875 1301 2928 οὐκ
1328 2875 1618 2944 ἐπιτρέπει
1670 2893 1758 2938 τις
1793 2875 1913 2928 δια-

325 2968 495 3037 σπᾷν,
531 2965 654 3030 πῶς
685 2967 787 3020 οὐκ
817 2965 1061 3035 εὔλογον,
1087 2966 1222 3020 διότι
1252 2967 1346 3021 τοῦ
1387 2969 1592 3021 οἰκείου
1623 2967 1913 3039 ἀπερῤάγη

326 3059 530 3131 μέρους
557 3059 626 3123 ⁸⁸,
656 3057 816 3112 τοῦτο
846 3058 983 3129 πρὸς
1016 3059 1116 3126 τὴν
1165 3058 1305 3111 ἰδίαν
1351 3058 1663 3129 οἰκειότητα
1711 3075 1915 3129 συναρ-

2020 1959 2113 2021 sit,
2159 1957 2331 2012 altera
2356 1973 2476 2027 qua:
2508 1972 2538 2010 a
2576 1957 2898 2027 captivitate
2919 1959 3090 2014 libera
3119 1962 3343 2024 mansit,
3380 1959 3447 2013 ad
3471 1960 3605 2014 alte-

2017 2051 2137 2106 rius
2188 2049 2504 2119 coniugium
2557 2051 2864 2119 respexerit
2903 2091 2918 2116 ,
2954 2051 3300 2118 postliminio
3351 2066 3482 2106 vero
3518 2068 3599 2105 re-

2017 2151 2264 2199 vertatur
2292 2157 2412 2212 qua:
2436 2143 2488 2195 in
2522 2143 2840 2211 captivitate
2867 2143 3090 2198 detenta
3124 2144 3227 2198 fuit
3250 2164 3263 2198 :
3287 2154 3347 2197 ut
3381 2143 3456 2197 illi
3488 2143 3603 2214 {47)

2017 2236 2061 2290 si
2089 2235 2239 2298 velit,
2286 2249 2446 2289 suum
2488 2233 2796 2287 membrum
2833 2234 3132 2304 recipiendi
3163 2235 3393 2288 facultas
3419 2234 3511 2298 sit,
3541 2248 3605 2288 ac

2017 2343 2363 2400 nequaquam
2433 2328 2580 2398 quod
2639 2330 2796 2383 alteri
2823 2328 3180 2398 conjunctum
3229 2328 3415 2389 fuerit,
3449 2330 3604 2398 prius

2017 2421 2433 2476 matrimonium
2471 2421 2787 2476 innovetur.
2823 2421 2879 2474 Si
2907 2421 3053 2474 enim
3104 2421 3423 2488 conjugium
3480 2436 3604 2472 cum

2017 2514 2192 2567 altero
2235 2511 2589 2582 postmodum
2629 2513 2828 2566 initum
2864 2512 3140 2566 videbitur
3178 2512 3455 2580 aliquibus
3491 2511 3608 2566 dis-

2016 2604 2157 2659 solvi
2183 2617 2293 2658 non
2309 2590 2603 2673 'oportere,
2637 2603 2918 2672 quomodo
2952 2618 3061 2657 non
3090 2603 3302 2673 aequius
3335 2602 3522 2666 fuerit,
3557 2601 3603 2655 si

2017 2699 2229 2764 primus
2263 2696 2598 2751 matrimonii
2633 2711 2808 2751 nexus
2843 2697 2896 2749 in
2931 2710 3094 2750 suum
3157 2704 3362 2751 statum
3419 2709 3606 2749 rever-

2016 2785 2201 2839 tatur?
2234 2784 2297 2839 Et
2324 2786 2368 2840 si
2392 2801 2457 2841 eo
2493 2785 2635 2856 quod
2683 2787 2876 2841 aliena:
2927 2787 3067 2855 parti
3099 2786 3456 2856 conjunctum
3510 2786 3605 2848 sit,

2022 2878 2075 2932 id
2107 2877 2381 2948 quispiam
2450 2878 2608 2933 avelli
2646 2895 2752 2931 non
2787 2879 3108 2946 permittat:
3140 2877 3416 2946 quomodo
3453 2875 3604 2946 quod

2017 2984 2044 3021 a
2070 2984 2166 3024 sua
2200 2977 2355 3036 parte
2415 2970 2709 3040 abruptum
2745 2969 2837 3036 sit,
2871 2969 2923 3023 id
2965 2969 3018 3022 in
3043 2985 3204 3024 suum
3239 2969 3416 3022 locum
3445 2968 3607 3022 resti-

2016 3061 2117 3124 tui,
2165 3061 2367 3114 rationi
2431 3076 2542 3114 non
2593 3061 2760 3115 fuerit
2785 3070 3224 3115 consentaneum
3259 3061 3282 3113 ?
3311 3062 3378 3114 At
3407 3059 3608 3112 dixerit

325 3145 547 3214 μόζεινς
581 3146 694 3199 Καί
741 3145 786 3178 ⁸⁷
838 3163 1024 3217 φησιν,
1063 3146 1227 3200 Ἀλλά
1276 3147 1467 3217 κέρδος
1528 3147 1738 3215 γίνεται
1802 3147 1911 3200 τῶν

2019 3153 2213 3221 aliquis
2250 3169 2264 3205 :
2317 3152 2424 3206 Sed
2468 3152 2523 3206 in
2550 3151 2763 3206 lucrum
2809 3152 3042 3222 captivis
3096 3151 3241 3205 cedit
3304 3149 3448 3220 quod
3481 3164 3606 3218 pro-

238 3239 242 3242 ’
321 3238 694 3309 αἰχμαλώτων
717 3241 781 3293 ἐκ
819 3239 920 3308 τῆς
944 3239 1088 3294 κατὰ
1125 3240 1457 3310 προπέτειαν
1500 3239 1611 3294 τῶν
1640 3239 1911 3310 δευτέρων

319 3333 522 3400 γάμων
555 3330 771 3400 ὁμιλίας
812 3332 844 3400 ὴ
879 3331 1259 3401 ἀντεισαγωγὴ
1306 3332 1405 3402 τῆς
1440 3331 1724 3394 ἐκτίσεως.
1771 3331 1910 3384 Ἀλλ’

318 3417 481 3486 οὗτος
516 3424 545 3476 ὁ
573 3422 731 3490 λόγος
761 3422 988 3492 ἄμεινον
1020 3423 1064 3454 ⁸⁸
1093 3418 1162 3493 ἦν
1195 3421 1271 3492 μὴ
1297 3423 1380 3475 ὅτι.
1425 3439 1488 3490 γε
1520 3421 1743 3491 χειλέων
1772 3438 1908 3492 προ-

319 3515 526 3579 ελθεϊν,
557 3515 695 3569 ἀλλά
725 3515 845 3588 μηδ’
881 3515 974 3568 ἐπὶ
1014 3514 1256 3568 διάνοιαν
1292 3513 1402 3567 τῶν
1434 3515 1611 3568 ταῦτα
1639 3531 1912 3585 πεφρονη-

319 3607 500 3662 κότων
521 3607 945 3678 ἀναϐεϐηκέναι.
969 3607 1094 3670 Πῶς
1115 3607 1224 3678 γάρ
1245 3607 1346 3660 οὐκ
1371 3607 1613 3676 ἐσχάτως
1637 3608 1715 3670 εἰς
1738 3607 1910 3676 φρένα

317 3698 596 3771 δυστυχὴς
632 3699 729 3753 καὶ
771 3699 999 3770 ἄπορος,
1027 3697 1089 3762 ὃς
1117 3698 1212 3751 τοῦ
1241 3699 1446 3752 οἰκείου
1483 3698 1681 3768 μέλους
1713 3699 1911 3754 ἀλλάτ-

317 3808 482 3846 τεται
511 3793 778 3863 χρήματα
797 3808 812 3857 ;

394 3883 740 3956 Θεσπίςομεν
776 3885 823 3918 ⁸⁸
864 3880 981 3951 οὖν,
1021 3884 1288 3956 μηδαμῶς
1317 3883 1396 3940 ἔτι
1437 3883 1578 3955 πρὸς
1610 3885 1909 3953 συνάφειαν

317 3979 518 4051 ἐτέρου
547 3980 640 4034 τὸν
670 3980 966 4052 ἀπείρατον
998 3981 1352 4052 μεμενηκότα
1393 3980 1493 4051 τῆς
1524 3979 1909 4049 αἰχμαλωσίας

319 4072 605 4145 ἔρχεσθαι,
631 4072 746 4126 ἀλλ’
771 4073 918 4138 ὅσοις
940 4073 1008 4128 ἂν
1039 4073 1241 4144 δήποτε
1277 4073 1494 4143 χρόνοις
1528 4075 1587 4125 ἐν
1631 4071 1911 4142 αἰχμαλω-

320 4163 418 4234 σία
533 4164 583 4196 ⁸⁸
623 4164 684 4218 τὸ
739 4166 858 4218 ἐκεῖ
901 4163 1459 4235 ταλαιπωρούμενον,
1499 4163 1816 4234 περιμένειν
1849 4161 1910 4214 τὸ

319 4255 535 4326 ἕτερον,
572 4255 676 4309 κᾶν
710 4258 846 4326 μήτε
893 4256 1175 4328 ἔγγραφος
1205 4255 1438 4326 δήλωσις
1473 4257 1610 4326 μήτε
1663 4255 1910 4324 ἄγραφος

2017 3256 2136 3316 pter
2170 3247 2400 3300 alterum
2451 3245 2761 3300 temeritate
2795 3250 3136 3299 contractum
3173 3242 3603 3306 matrimonium,

2014 3352 2113 3406 per
2161 3335 2667 3406 compensationem
2722 3349 2900 3403 ptume
2959 3332 3184 3385 nomine
3230 3331 3602 3384 introductum

2013 3437 2118 3486 est.
2157 3429 2357 3484 Verum
2409 3427 2559 3481 hunc
2595 3441 2908 3481 sermonem
2961 3442 3072 3480 non
3115 3423 3242 3477 dico
3292 3438 3399 3475 nou
3432 3421 3605 3476 labris

2013 3520 2269 3591 exprimi,
2330 3519 2427 3574 sed
2474 3533 2542 3572 ne
2595 3517 2650 3572 in
2709 3526 2946 3571 mentem
2999 3515 3219 3587 quidem
3281 3513 3605 3570 auctoribus

2012 3613 2134 3683 ejus
2165 3613 2350 3667 venire
2385 3613 2585 3667 melius
2634 3611 2824 3665 fuerit.
2863 3608 2999 3663 Nam
3040 3606 3459 3680 quomodoille,
3507 3607 3603 3675 qui

2012 3706 2319 3760 membrum
2356 3719 2518 3759 suum
2556 3703 2804 3774 pecuniis
2833 3711 3162 3767 commutat,
3195 3715 3304 3754 non
3357 3706 3603 3754 extrema

2010 3795 2212 3851 mentis
2239 3795 2560 3850 infelicitate
2582 3804 2637 3850 et
2675 3794 2904 3865 penuria
2935 3791 3192 3847 laborat?

2084 3887 2377 3944 Sancimus
2401 3887 2606 3957 itaque,
2663 3896 2723 3941 ut
2770 3899 3119 3955 nequaquam
3183 3884 3422 3952 amplius
3479 3895 3603 3952 quae

2011 3996 2140 4051 pars
2185 3979 2507 4035 aservitute
2542 3979 2748 4032 intacta
2797 3975 3020 4040 mansit,
3058 3973 3127 4029 ad
3174 3975 3403 4029 alterius
3470 3989 3602 4027 con-

2007 4073 2218 4144 jugium
2266 4070 2520 4142 procedat
2559 4069 2695 4125 :sed
2730 4076 3087 4139 quotcunque
3128 4066 3289 4120 annis
3339 4065 3514 4119 altera
3541 4064 3597 4117 in

2013 4165 2296 4222 servitutis
2331 4164 2553 4219 miseria
2604 4161 2970 4224 detinebitur,
3031 4158 3248 4213 tametsi
3308 4157 3421 4229 (48)
3469 4158 3599 4212 inde

2012 4256 2217 4311 nullam
2249 4270 2428 4324 neque
2463 4253 2530 4308 de
2556 4254 2790 4323 scripto,
2844 4265 3023 4317 neque
3053 4251 3194 4305 citra
3227 4251 3498 4318 scriptum
3525 4250 3602 4305 si-

318 4347 537 4402 ἐκεῖθεν
565 4348 988 4419 καταλαμϐάνῃ.
1033 4349 1096 4401 Et
1152 4347 1210 4401 δέ
1243 4345 1398 4417 παρά
1438 4346 1586 4400 τόνδε
1614 4347 1705 4399 τὸν
1744 4346 1909 4415 νόμον

2019 4348 2416 4419 gniﬁcationem
2450 4348 2708 4417 accipiat,
2741 4346 2888 4400 illam
2923 4352 3231 4414 exspectet.
3264 4343 3329 4398 Et
3382 4344 3528 4414 quod
3553 4344 3599 4398 si

321 4439 638 4510 βουληθεῖέν
667 4457 811 4505 τινες
850 4443 916 4512 τῇ
954 4440 1092 4510 πρὸς
1132 4439 1422 4511 δευτέρους
1469 4441 1682 4508 γάμους
1716 4438 1906 4509 ὁμιλίᾳ

2019 4447 2212 4510 [ιι-αξιοι·
2246 4439 2390 4493 hanc
2414 4438 2586 4508 legem
2637 4438 2867 4492 alterius
2900 4437 3237 4490 matrimonii
3265 4436 3602 4491 commercio

316 4533 433 4587 τῶν
480 4532 764 4604 προτέρων
812 4533 1249 4604 διαρρήγνυσθαι
1299 4533 1394 4586 καὶ
1441 4531 1563 4601 οὐχὶ
1611 4530 1758 4585 κατά
1808 4530 1906 4600 τὴν

2019 4546 2041 4584 a
2078 4532 2259 4601 priore
2300 4531 2551 4600 abrumpi
2596 4530 2766 4600 aliqui
2823 4529 3017 4595 velint,
3049 4531 3216 4599 idque
3247 4544 3355 4583 non
3398 4543 3604 4585 secun-

318 4627 712 4697 παρατήρησιν
753 4626 853 4695 τὴν
896 4629 953 4678 ἐν
980 4628 1047 4696 τῇ
1095 4624 1196 4696 ριξν
1225 4625 1396 4695 νεαρᾷ¹
1419 4625 1461 4655 ⁶¹
1501 4623 1768 4692 περὶτῶν
1807 4639 1908 4689 γυ-

2019 4625 2139 4679 dum
2168 4624 2612 4680 observationem
2659 4623 2711 4677 in
2761 4621 2982 4678 Novella
3038 4623 3340 4678 centesima
3382 4623 3598 4676 decima

316 4717 530 4771 ναικῶν
562 4716 673 4770 τῶν
714 4719 771 4770 ἐν
805 4717 1109 4782 ἐξπεδίτοις
1139 4717 1309 4770 ὄντων
1353 4717 1637 4786 κειμένην,
1671 4717 1908 4770 ἴστωσαν

2019 4717 2240 4785 septima
2305 4715 2374 4770 de
2418 4716 2688 4770 uxoribus
2745 4731 2960 4779 eorum,
3019 4717 3112 4784 qui
3166 4716 3218 4768 in
3253 4714 3601 4784 expeditione

317 4809 398 4872 ὡς
426 4812 549 4870 ταῖς
599 4810 814 4871 ποιναῖς
854 4809 1235 4862 ὑποκείσονται
1280 4812 1399 4872 ταῖς
1432 4809 1490 4861 ἐν
1528 4811 1592 4880 τῇ
1636 4809 1906 4880 εἰρημένῃ

2019 4815 2138 4859 sum
2168 4807 2362 4871 relata,
2392 4804 2483 4859 liat
2512 4822 2525 4858 :
2556 4806 2774 4860 sciunto
2819 4806 2918 4867 illi,
2953 4805 3098 4874 quod
3135 4804 3331 4872 positis
3372 4805 3424 4856 in
3453 4801 3600 4856 dicta

317 4897 566 4962 διατάξει
602 4897 996 4967 τεταγμέναις,
1053 4897 1298 4967 δηλονότι
1341 4898 1524 4961 ἀδείας
1574 4897 1779 4968 οὔσης,
1829 4899 1905 4961 ώς

2019 4897 2408 4952 constitutione
2456 4898 2637 4968 pteuis
2694 4896 3084 4964 subiacebuut.
3152 4895 3382 4965 Insuper
3431 4895 3598 4950 etiam

320 4989 558 5060 ἔφαμεν,
616 4989 666 5042 εἰ
696 4987 1068 5062 ἀναρῤυσθείη
1108 4988 1210 5059 τῆς
1263 4987 1646 5059 αἰχμαλωσίας
1691 4988 1752 5042 τὸ
1796 4988 1914 5041 ἐκεῖ

2019 4990 2504 5061 (quemadmodum
2528 4988 2794 5056 diximus)
2822 4989 2940 5043 utsi
2969 4987 3059 5058 qui
3088 4988 3371 5044 servitutis
3399 5003 3596 5042 atrum-

1602 5127 1834 5184 VARUE
1876 5127 2283 5186 LECTIONES.

388 5294 436 5327 "
460 5291 641 5348 Locus
658 5297 973 5360 corruptus.
993 5288 1326 5360 Stephanus,
1360 5287 1868 5360 quocumAgylzeus
1918 5287 2046 5360 l'acit
2074 5307 2086 5342 :
2112 5287 2301 5360 πῶςδὲ
2331 5289 2381 5340 εἰ
2400 5289 2561 5360 μέχρι
2587 5290 2677 5342 καὶ
2705 5288 2814 5360 τῶν
2844 5285 3592 5360 φαυλ.μαύτῆςᾲὴ-περιουσία.

320 5361 548 5420 Rectius
579 5362 720 5427 forte
759 5380 772 5416 :
811 5354 929 5423 πῶς
984 5359 1030 5412 δ’
1083 5354 1133 5411 εἰ
1186 5358 1346 5428 μέχρι
1378 5354 1481 5411 καὶ
1537 5357 1655 5429 τῶν
1694 5354 2046 5429 φαυλοτάτων
2093 5358 2274 5429 αὑτῷν
2307 5354 2613 5429 περιουσία,
2647 5359 2765 5412 κτλ.
2830 5354 2876 5390 ⁸³
2909 5358 3060 5428 Agyl.
3097 5354 3596 5429 ndqukoxj._Mintts

319 5443 492 5486 recte.
531 5418 614 5465 V“
650 5422 812 5488 Forte
839 5418 1439 5500 pragmitteudiunixai.
1493 5429 1590 5500 _‘f
1622 5418 1878 5500 S_cri_mg._
1892 5429 2067 5500 αὐτῇ,
2111 5429 2171 5500 _“
2204 5418 2472 5500 Legerim,
2510 5418 2724 5500 μέλους,
2824 5429 2870 5500 ⁵ί⁷
2900 5418 3090 5500 Sic-pb.
3122 5418 3268 5484 ναί.’
3318 5423 3366 5460 ⁸⁸
3396 5425 3590 5496 Steph.

319 5517 470 5557 corr.
499 5503 759 5573 ἀμείνων.
840 5492 887 5534 ⁵⁸
922 5498 1039 5554 Ecl.
1063 5499 1231 5569 incip.
1306 5498 1351 5531 ὐ
1389 5499 1468 5553 Ita
1493 5497 1608 5553 Ecl.
1632 5492 1830 5552 Codd:
1849 5492 1939 5569 ἦν.
2002 5492 2074 5531 ”⁶¹
2105 5492 2400 5553 Iustiniani
2428 5492 2564 5552 Nov.
2596 5499 2719 5564 117,
2752 5514 2802 5554 c.
2832 5499 2921 5554 11.

1905 5635 2140 5694 ΝΟΤᾸΕ.

396 5756 510 5827 (36)
538 5753 601 5810 ιλ.
634 5754 722 5827 15,
748 5754 807 5809 Π.
855 5750 930 5827 De
964 5752 1172 5827 _ritt_t_;_l
1215 5752 1277 5827 1,
1300 5750 1365 5827 _l_i‘.
1410 5750 1482 5805 De
1503 5752 1716 5827 divom;
1746 5760 1780 5808 I.
1822 5753 1906 5816 l9,
2090 5750 2203 5827 (ῥῖ)
2237 5750 2443 5827 Novell.
2469 5751 2595 5827 l_l7,_
2632 5767 2752 5822 cap.
2788 5751 2870 5827 l_l.

328 5830 369 5886 ι.
395 5821 504 5896 ὅθί
524 5828 582 5886 σ.
620 5825 846 5893 Soluto,
879 5825 917 5880 l.
957 5822 1096 5893 ΕΑ
1128 5821 1182 5889 4,
1207 5822 1263 5878 ll.
1296 5821 1370 5880 De
1391 5821 1644 5894 captivis.
2093 5822 2207 5892 (48)
2237 5821 2393 5888 Quod
2423 5821 2743 5895 exigebatur
2779 5823 2903 5878 d.c.
2935 5821 3024 5879 11.
