4048 6446
401 345 511 411 5-03

1625 343 1903 404 LEONlS
1940 340 2409 403 PHILOSOPHI

3583 341 3691 407 504

402 470 505 513 nas
567 456 824 518 sustinet,
870 453 1157 519 liberetur,
1210 460 1379 511 suum
1402 452 1453 509 si
1494 452 1630 508 velit
1687 454 1990 509 membrum

2103 448 2641 522 ταλαιπωρούμενον,
2659 468 2719 507 το
2746 451 2970 518 οἰκεῖον,
2993 450 3045 505 cl
3072 448 3338 522 βούλοιτο,
3373 450 3696 526 ἐπαναλαμ-

402 552 654 622 recipiat,
683 549 894 605 licebit.

818 636 1285 693 CONSTITUTIO
1316 636 1562 692 XXXIV.

573 732 647 787 De
674 740 849 785 tutore
887 731 981 801 qui
1010 730 1274 800 pupillam
1307 745 1464 785 suam
1498 731 1614 797 (49)
1644 732 1820 785 vitiat.

474 894 616 951 Idem
654 898 956 965 imperator
989 895 1167 949 eidem
1211 892 1483 965 Styliano.

474 990 693 1046 Nefaria
719 1007 807 1046 res
838 1000 946 1054 est,
975 990 1022 1044 si
1066 988 1171 1053 illi.
1223 989 1290 1044 de
1326 990 1527 1059 quibus
1556 1005 1618 1044 ea
1652 989 1996 1058 exspectatio

404 1082 585 1137 fuerat
618 1082 775 1152 quasi
811 1083 972 1152 probi
1023 1081 1197 1136 futuri
1239 1089 1445 1143 essent,
1479 1097 1605 1136 cum
1657 1083 1726 1135 ab
1759 1083 1869 1136 illis
1899 1082 1994 1151 qui

399 1172 563 1226 talem
589 1171 656 1226 de
686 1172 821 1241 ipsis
872 1172 1193 1242 opinionem
1231 1183 1626 1241 conceperam,
1657 1172 1773 1243 jam
1804 1173 1995 1242 aliqua

402 1264 507 1319 fide
534 1264 681 1334 digni
718 1264 887 1319 habili
918 1265 1049 1330 sint,
1071 1280 1171 1334 pro
1204 1264 1363 1319 bonis
1398 1273 1563 1334 atque
1595 1264 1989 1320 fidisinimicos

396 1364 455 1408 et
486 1354 683 1409 inﬁdos
715 1370 775 1409 se
799 1354 1111 1409 exhibeant.
1132 1354 1187 1409 in
1222 1356 1330 1410 illis
1370 1366 1551 1408 autem
1578 1356 1780 1423 quibus
1807 1355 1988 1425 pupil-

398 1448 586 1503 lorum
624 1445 854 1500 obvenit
904 1462 1061 1510 cura,
1114 1448 1159 1501 si
1226 1462 1348 1500 cum
1397 1446 1623 1516 pupillis
1674 1447 1995 1503 salutariter

398 1535 717 1606 prospicere
746 1534 1003 1600 debeant,
1049 1536 1290 1603 ipsorum
1344 1550 1633 1589 eversores
1690 1535 1995 1604 exsistant,

406 1633 564 1679 tanto
600 1625 651 1679 id
692 1626 873 1680 scelus
935 1626 1160 1694 gravius
1190 1626 1303 1694 (51)
1352 1635 1458 1691 est,
1507 1633 1718 1694 quanto
1774 1626 1995 1681 illorum

405 1715 542 1769 fides
572 1714 640 1767 ab
660 1714 751 1775 iis.
778 1714 871 1783 qui
901 1713 954 1766 id
983 1714 1117 1783 ipsis
1137 1714 1521 1782 iujunxeruut,
1556 1714 1995 1784 majorjudicala

2100 542 2231 597 ϐἀνε
2239 561 2286 596 ιν
2315 542 2499 613 μέλος.

2608 636 2925 690 ΔῐΑΤΑΞιΣ
2980 636 3082 691 AA'
3114 637 3182 695 ”.

2097 731 2239 799 Περὶ
2278 729 2606 800 ἐπιτρόπου
2628 729 3120 853 φθεὲρὲἔςτὲῖθτὴν
3139 729 3696 800 ἐπιτιθπευομένην

2184 891 2242 944 '0
2272 891 2436 955 αὐτὸς
2470 891 2723 960 βασιλεὺς
2764 891 3041 960 Στυλιανῷ
3065 890 3145 961 τῷ
3170 891 3343 961 αὐτῷ.

2170 984 2353 1037 Δεινὺν
2419 984 2519 1052 μὲν
2575 984 2703 1046 τοὺς
2768 984 2884 1036 ὅσοι
2937 984 3165 1054 χρηστοὶ
3230 983 3698 1053 προσδοκηθέντες

2099 1075 2323 1129 ἔσεσθαι
2374 1076 2481 1129 ὑπὸ
2512 1074 2623 1128 τῶν
2669 1075 3167 1144 προσδοκησάντων
3220 1077 3460 1140 πίστεως
3522 1076 3693 1145 ἠξιω-

2100 1168 2253 1237 μένοι
2281 1167 2447 1232 τινὸς,
2474 1168 2598 1222 ἀντὶ
2627 1166 2721 1221 τοῦ
2750 1166 2991 1236 ἀγαθοὺς
3037 1168 3131 1221 καὶ
3160 1170 3385 1233 πιστοὺς
3436 1168 3697 1239 ὀφθῆναι.

2100 1262 2332 1332 ἐχθροὺς
2384 1263 2770 1333 ἀποφανθῆναι
2828 1260 2925 1315 καὶ
2970 1262 3260 1326 ἀπίστους.
3317 1260 3587 1315 Τοσοῦτον
3638 1261 3697 1313 δὲ

2100 1352 2418 1423 ὑπέρδεινον
2444 1352 2505 1406 τὸ
2555 1353 2725 1407 κακὸν
2773 1352 2865 1405 ἐπὶ
2918 1351 3030 1405 τῶν
3058 1350 3334 1422 λαχόντων
3375 1351 3697 1422 ὀρφανικῶν

2103 1443 2313 1496 παίδων
2359 1444 2688 1515 ἐπιτροπὴν,
2731 1438 2853 1497 εἶτα
2876 1445 2921 1476 ⁸⁵
2965 1445 3087 1497 ἀντὶ
3118 1444 3215 1497 τοῦ
3262 1447 3529 1516 σωτήριον
3563 1446 3699 1517 πρό-

2099 1552 2253 1589 νοιαν
2305 1535 2416 1588 τῶν
2470 1536 2988 1607 ὲπιτροπευομένων
3025 1538 3175 1606 σχεῖν
3221 1538 3421 1600 αὐτοὺς
3460 1539 3696 1607 ὀφθῆναι

2098 1627 2306 1680 τούτων
2332 1627 2726 1696 λυμαντικοὺς,
2760 1628 2873 1698 ὅσῳ
2903 1628 2947 1659 ⁸⁸
2979 1627 3073 1680 καὶ
3100 1626 3347 1698 μείζονος
3375 1630 3694 1699 ἠξιώθησαν

2103 1719 2347 1783 πίστεως
2377 1721 2530 1791 παρά
2552 1721 2662 1774 τῶν
2686 1723 2766 1784 εἰς
2788 1720 2947 1774 τοῦτο
2972 1723 3440 1791 καταστησάντων
3474 1722 3693 1786 αὐτούς.

398 1815 503 1861 est.
530 1804 759 1859 Constat
805 1805 975 1867 enim,
998 1807 1143 1872 quod
1171 1822 1370 1874 parens
1403 1823 1731 1876 persuasum
1766 1807 1990 1879 habens,

2105 1810 2276 1879 Δῆλον
2305 1812 2435 1883 γὰρ,
2464 1812 2539 1875 ὡς
2568 1813 2935 1881 πεπεισμένος
2963 1814 2991 1866 ὁ
3026 1815 3219 1881 γονεὺς
3252 1814 3344 1879 οὒς
3372 1814 3697 1868 καταλείπει

397 1911 536 1965 quos
559 1895 842 1965 pupillaris
859 1897 1038 1951 aetatis
1056 1898 1314 1967 relinquit
1341 1899 1562 1962 liberos,
1584 1901 1652 1955 ab
1676 1917 1741 1956 eo
1755 1903 1841 1956 cui
1857 1918 1991 1960 cura

397 1987 786 2043 committenda
831 1995 935 2051 est,
970 1997 1259 2057 paternum
1299 1991 1668 2059 patrOcinium
1700 2009 1989 2065 sensuros,

397 2096 516 2136 eam
548 2083 634 2136 cui
668 2084 740 2136 ita
770 2083 906 2145 fidit,
934 2082 1247 2138 demandat.
1280 2084 1449 2141 llecte
1473 2087 1641 2155 igitur
1668 2092 1988 2159 superiores

397 2168 596 2233 fecere,
640 2174 734 2243 qui
770 2189 868 2244 pro
908 2183 1061 2241 patre
1109 2186 1603 2245 conservatoreque
1636 2180 1855 2250 pupillae
1899 2183 1993 2238 de-

398 2263 730 2332 prehensum
775 2265 1084 2320 Vitiatorem
1118 2268 1433 2337 puniernnt.
1466 2269 1840 2340 Deportationi
1874 2274 1987 2345 (52)

398 2357 538 2411 enim
568 2356 712 2412 hunc
753 2357 1087 2426 subjiciunt,
1124 2375 1189 2415 ac
1219 2362 1484 2417 bonorum
1512 2363 1817 2432 privatione
1847 2369 1989 2423 mul-

312 2510 321 2517 .
398 2454 535 2502 tant.
586 2446 788 2502 Verum
835 2449 889 2504 in
940 2451 1139 2505 decora
1173 2454 1355 2522 specie
1412 2454 1673 2511 decorum
1714 2474 1820 2513 non
1864 2476 1988 2518 ser-

399 2546 629 2600 varunt.
688 2555 865 2608 neque
934 2542 1097 2594 ullam
1173 2543 1374 2612 injuria
1441 2544 1647 2600 aifectae
1692 2549 1991 2621 graviaque

400 2643 568 2697 passa:
622 2631 856 2699 puellae,
900 2642 958 2685 ut
1009 2634 1156 2688 illius
1220 2634 1523 2691 infortunio
1576 2653 1986 2709 succurrerent,

400 2719 715 2787 suscepisse
746 2734 934 2772 curam
974 2722 1261 2789 videntur,
1325 2723 1454 2778 dum
1525 2726 1794 2785 vitiatoris
1846 2731 1987 2786 bona

400 2821 451 2858 ιιι
518 2806 708 2861 iiscum
766 2817 1012 2863 statuunt
1060 2825 1183 2866 esse
1247 2811 1531 2869 inferenda
1568 2856 1583 2879 ,
1633 2834 1742 2872 non
1808 2820 1988 2874 anim-

400 2898 747 2955 advertentes
786 2899 914 2955 hinc
958 2901 1095 2966 fieri,
1132 2910 1193 2956 ut
1224 2904 1412 2959 ulcisci
1449 2906 1669 2976 quidem
1727 2908 1985 2978 injuriam

402 2990 565 3055 velle,
595 2990 690 3046 sed
722 2992 776 3045 iu
809 2995 1101 3063 proposito
1119 3010 1226 3048 non
1247 2998 1547 3066 persistere
1575 2999 1983 3058 existimentur.

400 3076 503 3133 Ubi
536 3078 680 3132 enim
712 3079 1101 3149 injurizenltio,
1122 3083 1343 3150 quando
1376 3083 1577 3153 injuria
1612 3086 1810 3144 aﬂ‘ecto
1834 3091 1985 3145 dam-

2100 1902 2301 1967 παῖδας
2336 1904 2671 1973 όρφανικοὺς
2702 1904 2980 1974 πατρικῆς
3002 1904 3333 1959 ἀπολαύσειν
3357 1905 3697 1976 προστασίας

2097 1994 2253 2063 παρά
2310 1993 2406 2047 τοῦ
2459 1994 2560 2066 τὴν
2616 1995 2921 2067 ἐπιτροπὴν
2968 1996 3460 2069 ὲγχειριζομένου,
3510 1996 3699 2051 δίδωσι

2093 2084 2301 2156 ταύτην
2354 2086 2524 2157 αὐτῷ.
2585 2086 2783 2151 Καλῶς
2846 2082 2941 2141 οὖν
3003 2088 3053 2141 oi
3117 2088 3226 2160 πρὸ
3300 2088 3457 2158 ἡμῶν
3525 2105 3700 2157 τιμω-

2099 2179 2349 2249 ρούμενοι
2408 2179 2501 2232 τὸν
2551 2178 2672 2232 ἀντὶ
2732 2180 2956 2251 πατρὸς,
3012 2180 3132 2234 ἀντὶ
3195 2182 3439 2253 σωτῆρος
3503 2181 3698 2243 παιδὸς

2093 2266 2400 2339 ὀρφανικῆς
2434 2269 2781 2340 δεδειγμένον
2829 2272 3040 2342 φθορέα
3089 2272 3312 2343 (ὲξορίᾳ
3345 2272 3455 2342 γὰρ
3505 2272 3697 2327 τοῦτον

2097 2358 2496 2426 ὑποϐάλλουσι,
2530 2363 2624 2415 καὶ
2655 2362 2765 2415 τῶν
2797 2364 3111 2431 προσόντων
3146 2362 3401 2435 ζημιοῦσι
3435 2366 3501 2434 τῇ
3532 2365 3698 2439 ἀφαι-

2098 2451 2300 2522 ρέσει),
2337 2452 2438 2504 οὐκ
2468 2452 2747 2521 ἐφύλαξαν
2771 2454 2817 2484 ⁸⁸
2845 2453 2940 2507 ἐπὶ
2969 2454 3138 2507 καλοῦ
3185 2456 3467 2525 σχήματος
3496 2455 3556 2508 τὸ
3582 2471 3687 2509 κα·-

2093 2542 2185 2596 λὸν
2224 2581 2238 2605 ,
2290 2542 2398 2596 οὐδ’
2466 2542 2656 2613 ἥντινα
2693 2545 2824 2612 περὶ
2876 2544 2973 2597 τοῦ
3026 2544 3360 2614 ὑϐρισμένου
3404 2545 3499 2600 καὶ
3545 2545 3696 2599 δεινά

2094 2632 2357 2697 παθόντος
2386 2633 2611 2702 γυναίου
2643 2634 2784 2705 ὑπὲρ
2805 2634 2897 2687 τοῦ
2932 2635 3144 2705 βοηθεῖν
3162 2635 3205 2667 ⁸⁷
3236 2638 3302 2707 τῇ
3321 2637 3527 2705 ταύτης
3564 2636 3695 2689 δυσ-

2090 2728 2254 2799 τυχία
2307 2726 2679 2798 λαμϐάνοντες
2724 2727 2962 2800 ὁρῶνται
2995 2729 3287 2799 πρόνοιαν,
3322 2729 3381 2781 ἐν
3410 2727 3505 2798 τῷ)
3525 2726 3694 2797 διορί-

2092 2818 2283 2883 ζεσθαι
2310 2819 2409 2887 τὴν
2449 2817 2545 2872 τοῦ
2578 2819 2826 2888 φθορέως
2869 2819 3106 2891 ὓπαρξιν
3143 2819 3281 2888 πρὸς
3328 2820 3389 2873 τὸ
3431 2819 3695 2889 δημόσιον

2090 2907 2345 2977 ἄγεσθαι,
2368 2908 2431 2961 οὐ
2463 2908 2769 2972 συνιδόντες
2785 2909 2851 2975 ⁸⁸,
2871 2908 2947 2972 ὡς
2972 2910 3037 2963 ὲκ
3062 2908 3254 2961 τούτου
3281 2907 3488 2976 γίνεται
3511 2908 3697 2970 αὐτοῖς

2095 3000 2340 3072 νομίζειν
2385 3000 2604 3055 ἀδικίαν
2653 3000 2990 3072 ἀμύνασθαι,
3040 3003 3118 3072 μὴ
3172 3000 3353 3071 μέντοι
3394 2999 3587 3062 σώζειν
3633 2998 3698 3051 τὸ

2095 3091 2367 3163 βούλημα.
2404 3091 2514 3145 Ποῦ
2547 3092 2659 3163 γὰρ
2708 3092 2929 3165 ἀδικίας
2974 3092 3180 3163 ἄμυνα,
3233 3092 3309 3161 μὴ
3352 3090 3447 3145 τοῦ
3488 3090 3699 3159 ἀδικη-

401 3183 531 3222 num
562 3168 761 3234 injuria
796 3170 982 3223 datum
1018 3187 1126 3225 non
1179 3175 1505 3241 resarcitur,
1549 3192 1726 3246 neque
1764 3194 1873 3248 qua
1902 3188 1983 3235 te-

2103 3184 2268 3248 lévto;
2284 3183 2768 3255 ἀπολαμϐάνοντος
2784 3184 2844 3237 τὸ
2854 3184 3099 3255 ἀδίκημα
3116 3183 3253 3255 μηδὲ
3264 3182 3361 3255 τὴν
3386 3180 3698 3252 κατασχοῦ-

402 3266 561 3311 uetur
594 3258 961 3312 calamitatem
998 3260 1134 3329 legis
1182 3262 1390 3317 auxilio
1423 3262 1655 3335 eﬂugit?
1682 3266 1855 3332 Quale
1887 3284 1987 3325 au-

402 3356 508 3400 tem
536 3347 871 3404 calamitatis
927 3352 1122 3420 puella:
1173 3358 1257 3407 est
1284 3351 1569 3423 effugium,
1628 3360 1851 3429 quando
1879 3376 1990 3417 non

402 3440 563 3493 modo
592 3440 882 3494 infortunii
919 3444 1439 3512 compensationem
1474 3461 1586 3501 non
1610 3450 1861 3513 invenit,
1895 3452 1991 3507 sed

402 3528 612 3581 lucrum
645 3527 757 3599 (55)
791 3529 959 3582 etiam
993 3546 1292 3601 progressu
1346 3534 1531 3588 aetatis
1570 3550 1637 3590 cx
1668 3552 1770 3593 suo
1822 3538 1990 3597 dede-

402 3635 529 3676 core
561 3628 724 3689 atque
756 3620 979 3675 infamia
1034 3634 1282 3693 paratum
1312 3641 1435 3681 esse
1469 3627 1614 3683 videt
1648 3628 1671 3682 ?

473 3709 545 3766 Ut
573 3712 740 3781 igitur
780 3715 886 3767 hoc
923 3713 1061 3785 lege,
1123 3723 1384 3785 tanquam
1421 3719 1533 3789 (54)
1568 3722 1832 3791 probrum
1884 3726 1993 3781 ali-

403 3805 547 3874 quod
582 3806 1009 3876 reprehensione
1062 3806 1370 3865 aﬂ‘ricatum
1436 3828 1770 3885 purgemus,
1814 3828 1874 3872 ut
1907 3821 1991 3874 vi-

405 3896 621 3951 tiatoris
670 3896 814 3951 bona
855 3898 910 3951 in
981 3898 1170 3954 iiscum
1214 3901 1559 3968 deferantur,
1611 3905 1991 3977 abrogamus:

404 3991 657 4059 iubemus
693 4000 901 4054 autem,
935 3999 994 4046 ut
1026 4009 1091 4046 eo
1127 3996 1461 4059 concedant,
1490 4013 1599 4067 quo
1630 3998 1873 4067 ipsorum
1897 4003 1997 4058 do-

405 4083 587 4137 minus
618 4082 876 4153 injuriam
911 4092 964 4138 et
998 4084 1364 4140 infortunium
1390 4090 1709 4160 projecerit.

827 4259 1296 4318 CONSTITUTIO
1340 4263 1564 4321 XXXV.

516 4348 595 4404 De
629 4352 867 4420 raptoris
904 4354 1148 4429 uirginis,
1184 4357 1595 4429 eorumquequi
1621 4359 1673 4412 in
1699 4370 1857 4429 raptu

858 4422 1171 4490 adfuerunt,
1208 4441 1361 4492 paena
1384 4422 1537 4498 (55).

384 4525 393 4571 =.
483 4510 633 4566 Idem
668 4512 971 4580 imperator
1001 4512 1179 4568 eidem
1223 4513 1496 4587 Styliano‘.

480 4602 671 4676 Neque
704 4604 849 4676 quod
867 4605 1261 4663 ecclesiasticae
1287 4610 1388 4680 legi
1438 4612 1787 4684 rebellemus,
1814 4634 1994 4690 neque

2096 3292 2197 3329 σαν
2220 3276 2384 3330 αὐτὸν
2402 3278 2686 3347 συμφορὰν
2700 3276 2789 3329 διὰ
2801 3278 2899 3343 τῆς
2917 3275 3011 3330 τοῦ
3031 3277 3199 3346 νόμου
3214 3276 3541 3346 ἐπικουρίας
3559 3276 3696 3329 ἀπο-

2095 3371 2389 3438 φυγόντος
2419 3369 2558 3424 Ποία
2591 3369 2638 3422 δ’
2664 3368 2925 3439 ἀποφυγὴ
2948 3369 3026 3439 τῷ
3056 3368 3372 3440 γυναίῳτῆς
3385 3369 3696 3439 συμφορᾶς,

2093 3463 2184 3517 ὅτε
2205 3462 2265 3515 ού
2286 3462 2449 3531 μόνον
2461 3462 2522 3515 ού
2545 3462 2588 3493 ⁸⁸
2618 3460 2969 3533 παραμύθιον
2986 3461 3230 3531 εὑρίσκει
3259 3462 3357 3533 τῆς
3382 3459 3698 3530 δυστυχίας,

2095 3553 2230 3607 ἀλλὰ
2264 3554 2360 3608 καὶ
2392 3554 2752 3625 ποριζόμενον
2798 3554 2976 3625 ἑτέρῳ
3004 3554 3051 3586 ⁷⁰
3095 3553 3290 3625 κέρδος
3344 3553 3449 3625 δρᾷ
3489 3554 3555 3605 ὲκ
3599 3550 3700 3623 τῆς

2099 3645 2236 3710 ἰδίας
2263 3644 2477 3716 ὕϐρεως
2506 3645 2604 3698 κα)⁵
2627 3646 2669 3677 ⁷⁸
2701 3645 2969 3717 αἰσχύνης
2996 3662 3013 3712 ἶ

2170 3738 2287 3791 ’Ὶνα
2328 3732 2421 3791 οὖν
2452 3736 2643 3807 ὥσπερ
2678 3736 2872 3805 κηλῖδα
2920 3735 3113 3807 μῶμόν
3146 3736 3190 3767 ⁷¹
3242 3751 3366 3789 τινα
3427 3733 3507 3804 τῷ
3544 3735 3697 3806 νόμῳ

2097 3826 2574 3899 προστριϐομένην
2625 3826 2982 3896 καθάρωμεν,
3046 3826 3109 3879 τὸ
3160 3825 3570 3895 προσφέρεσθαι
3616 3824 3697 3896 τῷ

2097 3916 2347 3988 δημοσίῳ
2391 3917 2494 3988 τὴν
2526 3914 2763 3987 ὓπαρξιν
2806 3916 2903 3969 τοῦ
2940 3916 3190 3988 φθορέως
3225 3915 3695 3986 ἀποθεσπίζομεν,

2101 4008 2403 4079 κελεύομεν
2433 4009 2491 4062 δὲ
2533 4010 2652 4062 ἐκεῖ
2698 4006 2907 4080 ταύτην
2939 4009 3185 4075 ἀπιέναι,
3223 3998 3285 4059 οὗ
3335 4006 3433 4077 τὴν
3476 4006 3697 4060 ἀδικίαν

2100 4101 2281 4156 καὶτὸ
2312 4100 2639 4172 δυστύχημα
2683 4101 2711 4154 ό
2739 4102 2840 4173 τῆς
2886 4099 3178 4173 ὑπάρξεως
3218 4097 3410 4171 κύριος
3454 4096 3696 4152 κατεϐά-

2099 4193 2241 4248 λετο.

2612 4285 2925 4340 ΔΙΑΤΛΞΙΣ
2973 4283 3077 4338 ΛΕ¹
3111 4284 3179 4337 ⁷³.

2330 4378 2471 4446 Περὶ
2506 4377 2786 4449 ἁρπαγῆς
2823 4377 2922 4431 καί
2955 4376 3105 4442 ,Βίας
3141 4374 3453 4441 γυναικός.

2187 4535 2245 4587 '0
2272 4536 2432 4599 αὐτὸς
2461 4534 2715 4606 βασιλεὺς
2749 4532 3027 4604 Στυλιανῷ
3055 4533 3136 4606 τῷ
3160 4533 3331 4603 αὐτῷ.

2174 4626 2314 4681 Οὔτε
2353 4629 2492 4699 πρὸς
2523 4627 2617 4682 τὸν
2664 4625 3124 4697 ἐκκλησιαστικὸν
3159 4623 3697 4696 ἁπαυθαδιαζόμενοι

1292 4816 1295 4818 ,
1713 4758 1955 4819 VARUS
1988 4764 2287 4825 LECTION
2296 4769 2401 4826 ES.

466 4886 513 4917 “
547 4884 664 4939 Ecl.
695 4883 936 4947 Nov.2|.
1002 4896 1048 4927 “
1080 4890 1193 4949 Ecl.

1267 4890 1566 4982 θείρανιιςὶοιξζ
1614 4894 1937 4982 Scrimg.
1967 4904 2349 4982 οιιιῐιιίιεῐταλ
2376 4906 2437 4982 "_
2458 4907 2572 4982 Ecl.
2604 4907 2748 4982 ᾆσον.
2820 4908 3113 4982 “__Scrimg.
3135 4912 3293 4982 ἐφύλ.
3319 4912 3396 4967 δέ.
3447 4912 3491 4944 ⁸⁷
3521 4904 3695 4982 Codd.

468 4908 513 4917 "
551 4908 664 4939 ιω·
695 4908 936 4947 “HV-2|.
1002 4908 1048 4927 "
1081 4908 1193 4949 [ιρι.
1267 4908 1566 4965 υειραντος.
1628 4908 1674 4927 "'
1698 4908 1937 4978 perimg.
1967 4908 2324 4959 οιιιῑιιίιεῐτα.
2376 4908 2421 4939 ⁸⁸
2458 4908 2572 4963 Ecl.
2604 4908 2748 4963 ὅσον.
2820 4908 3160 4982 ⁶⁶8οτῖιῐιε.ὲ
3210 4912 3293 4968 ύλ.
3319 4912 3396 4967 δέ.
3447 4912 3491 4944 ⁸⁷
3521 4908 3695 4967 Codd.

416 4908 1369 5053 ἔξῧηέοἷλέῗῖἶομ⁶⁸ίδεὲοξὐνῗέδξξῗξ·
1412 4966 1747 5053 -⁶⁹¹ἶ⁴.θξέ⁵ί¹2
1775 4973 2247 5053 εξυῐὶωεθῐιδδρτθιο
2306 4978 2355 5053 "’_
2394 4977 2571 5053 Eodd-
2607 4978 2837 5053 ὕστερον
2867 4932 3216 5053 hsce-Eoi-
3248 4984 3455 5053 ἕτερον.
3523 4978 3695 5029 ἰκαὶ

411 5029 566 5121 deest
583 5028 1133 5121 Ιςούόιηλιιιιιειιιιιξ
1155 5035 1206 5089 ἱιι
1238 5034 1455 5105 Ecloga.
1533 5028 1683 5121 ”
1706 5039 1823 5094 Ecl.
1844 5028 2017 5121 Codd.
2039 5028 2889 5121 Mittipctvdj
2906 5028 2983 5083 *ἦ
2998 5028 3457 5110 Εὲιῗῦὸνῖῗιῖἑί
3490 5028 3699 5109 οἰιαιῗυι·

414 5098 555 5167 apud
582 5097 730 5156 Bals.
768 5102 837 5157 ad
871 5103 1052 5161 Photii
1090 5097 1557 5174 Nomocanonem,
1589 5109 1675 5163 tit.
1716 5124 1793 5177 ιιι,
1831 5128 1882 5165 c.
1907 5112 1998 5167 29.

1936 5246 2173 5303 ΝΟΤιΕ.

484 5377 596 5464 (ὁρ)
620 5378 690 5464 1-ρῄ
711 5391 814 5464 est,
851 5381 1012 5449 cujus
1062 5384 1284 5464 tutelam
1331 5386 1413 5464 vel
1446 5400 1652 5464 curant
1702 5386 1864 5459 gerit,
1906 5387 1993 5444 vel

409 5449 604 5525 gessit.
632 5448 695 5525 Et
719 5451 790 5505 ita
821 5448 1191 5525 communiter
1230 5456 1459 5525 intelligi
1501 5458 1686 5513 tradit.

418 5520 602 5655 Maia).
632 5519 832 5577 Clarus
862 5522 918 5589 5,
950 5534 1095 5579 sent.
1130 5524 1157 5595 §
1188 5519 1521 5596 Fornicaiio,
1554 5545 1699 5585 vers.
1726 5528 1861 5585 Cum
1893 5544 1991 5601 pu-

436 5602 602 5644 illius,

492 5658 605 5743 (51)
631 5658 872 5743 l‘ijusque
892 5664 1056 5743 bonis
1089 5666 1305 5737 pupilla:
1327 5668 1629 5743 vim_passa3
1646 5670 1988 5731 addicendis.

424 5733 532 5809 non
572 5727 738 5809 fisco,
756 5727 825 5809 ut
855 5733 984 5785 olim
1032 5727 1136 5809 leg.
1164 5727 1379 5809 lauat}.
1421 5727 1477 5809 Si
1507 5740 1632 5808 quis
1683 5756 1801 5795 eam
1833 5727 1993 5809 cujus

429 5799 575 5847 tutor
607 5795 1141 5871 fuerit,«:orruperivt.
1176 5805 1307 5862 Duci
1338 5795 1606 5877 proditori
1642 5795 1995 5881 comparaiur

2103 5388 2591 5515 νίρξὲριὸριῖρξηω
2635 5396 2805 5445 tutor.
2835 5389 3212 5457 Quintilianus
3244 5389 3535 5447 declamat.
3566 5390 3691 5447 εει.

2369 5500 2382 5514 .
2441 5499 2455 5513 .
2502 5476 2580 5514 ιιι.

2310 5462 2674 5603 θοριιθζόιμιενον
2696 5531 2885 5602 ἕτερον
2899 5530 3078 5603 ἔτεσιν
3101 5531 3292 5603 κέρδος
3313 5533 3417 5603 ὁρᾷ
3459 5529 3677 5603 Scritng

2094 5600 2461 5673 ποριζόμενον
2487 5601 2675 5671 ἕτερον
2704 5600 2916 5673 κέρδος.
2938 5601 3129 5673 (ὶυῇιιο.
3161 5600 3250 5663 i7,
3283 5600 3508 5673 observ.
3542 5600 3635 5655 52.

2175 5671 2535 5743 (murac-nea
2555 5673 2749 5743 κηλίδα
2776 5671 2972 5743 μώμῳ.
3000 5672 3301 5743 Scrimger.
3357 5672 3549 5742 ὥσπερ
3590 5685 3701 5739 κη·-

2101 5742 2222 5796 λίδα
2252 5740 2463 5810 μῶμον,
2495 5740 2690 5811 anac.
2716 5740 2851 5802 d.1l.

2177 5809 2290 5883 (55)
2322 5811 2566 5869 Mutatur
2583 5809 2684 5870 lex
2711 5812 2870 5869 unica
2904 5813 2968 5869 C.
3002 5812 3078 5869 De
3110 5822 3272 5886 raptu
3303 5815 3507 5887 virgin.
3552 5809 3693 5869 adde
