4048 6448
395 377 501 447 50⁸1

813 488 1281 547 CONSTITUTIO
1310 487 1555 545 XXXVI.

622 581 688 638 Ut
734 584 929 650 captivi
960 584 1106 653 ﬁlius
1149 582 1264 655 (63)
1298 583 1466 638 haeres
1511 584 1580 638 sit
1618 584 1757 655 (ϐό).

478 676 618 731 Idem
651 677 950 745 imperator
987 677 1162 731 eidem
1198 676 1474 747 Styliano.

473 769 532 823 Si
569 769 800 838 reipubl.
830 770 1269 825 sustentaculum
1300 769 1413 841 (65)
1448 779 1614 840 atque
1650 770 1982 826 fundamen-

402 867 516 912 tum
542 867 670 914 sunt
703 860 869 930 leges,
906 869 1056 915 certe
1090 870 1147 915 ut
1178 861 1272 915 illa
1305 862 1362 915 in
1394 869 1516 916 tuto
1561 862 1656 926 sit,
1684 863 1980 917 sanitatem

403 950 550 1020 leges
574 959 906 1006 conservent
941 959 1179 1022 oportet.
1225 951 1386 1023 Legis
1447 962 1627 1008 autem
1689 955 1982 1008 sanitatem

401 1043 532 1112 quid
561 1043 709 1097 aliud
739 1059 902 1114 quam
920 1046 1234 1115 aequitatem
1263 1046 1387 1114 quis
1425 1045 1618 1099 dicat?
1648 1045 1810 1100 Circa
1843 1046 1984 1099 hanc

404 1135 612 1204 itaque,
644 1152 753 1206 quo
784 1138 955 1205 leges,
992 1153 1115 1206 quae
1168 1137 1570 1207 rempublicam
1608 1149 1854 1193 nostram
1886 1154 1985 1208 gu-

401 1229 657 1293 bernant,
682 1230 1030 1299 aequabiliter
1054 1245 1178 1285 sese
1204 1230 1474 1295 habeant,
1511 1231 1874 1300 cogitationes
1895 1246 1988 1284 n0-

404 1331 550 1375 stras
581 1322 932 1376 obvertentes
966 1322 1134 1391 legem
1154 1321 1268 1392 (66)
1296 1323 1468 1388 illam,
1493 1337 1613 1391 quae
1639 1337 1761 1377 eum
1789 1323 1883 1391 qui
1917 1337 1984 1376 ex

403 1411 623 1466 duobus
691 1411 926 1480 captivis
983 1421 1148 1468 natus
1223 1423 1308 1467 est
1375 1412 1647 1468 ha:redem
1714 1413 1985 1467 bonorum

403 1503 524 1571 ejus
551 1505 796 1572 parentis
843 1505 947 1574 qui
1012 1505 1153 1575 apud
1202 1508 1389 1560 hostes
1440 1505 1666 1566 mansit,
1721 1504 1837 1557 ﬁeri
1876 1519 1985 1557 non

403 1591 562 1644 vult:
596 1591 757 1655 hanc,
810 1591 1055 1661 inquam,
1113 1593 1327 1662 legem,
1387 1608 1454 1646 ne
1509 1592 1684 1663 legqu
1748 1593 1987 1648 sanitate

406 1683 551 1751 (qua:
579 1682 814 1750 aequitas
845 1682 949 1750 est)
978 1683 1248 1752 privetur,
1308 1683 1608 1753 periclitari
1634 1682 1988 1738 animadver-

405 1779 604 1836 teutes,
632 1772 779 1826 illam
808 1771 876 1826 ad
912 1774 1203 1827 sanitatem
1247 1775 1641 1830 transformare
1684 1775 1982 1833 voluimus.

402 1861 538 1917 Nam
573 1864 716 1931 quod
775 1864 976 1932 injuste
1008 1864 1158 1919 istud
1206 1874 1433 1931 statuat,
1468 1881 1578 1919 non
1619 1866 1844 1922 diﬁicile
1899 1884 1992 1922 co-
2024 1849 2067 1908 Β

403 1953 558 2024 gnitu
593 1966 698 2008 est.
728 1953 902 2020 Quam
941 1956 1087 2009 enim
1149 1956 1257 2009 vim
1290 1956 1539 2011 locorum
1571 1967 1768 2011 natura
1801 1957 1868 2012 ad
1893 1959 1992 2012 ad-

404 2047 756 2101 scribendam
791 2047 906 2102 ﬁlio
943 2048 1323 2103 haereditateut
1382 2049 1589 2104 habet?
1623 2050 1810 2121 Neque
1862 2065 1992 2107 vero

403 2139 512 2194 hoc
563 2139 851 2209 quisquam
891 2140 1141 2208 objiciat,
1170 2142 1318 2210 quod
1379 2156 1504 2197 cum
1541 2159 1743 2213 parens
1795 2160 1992 2200 servus

406 2231 498 2292 sit,
525 2242 747 2300 propter
779 2232 1034 2286 servilem
1097 2235 1474 2289 conditionem
1537 2235 1681 2291 ﬁlius
1745 2237 1994 2292 exhaeres

403 2322 534 2378 erit.
568 2322 856 2388 Quomodo
888 2325 1033 2378 enim
1069 2327 1250 2381 civilis
1306 2328 1416 2392 lex,
1464 2344 1606 2396 quae,
1639 2329 1684 2383 si
1715 2329 1992 2399 captivum

403 2413 626 2470 liberari
656 2417 1003 2487 contigiSSet,
1025 2418 1176 2472 illum
1203 2420 1436 2474 liberum
1459 2429 1809 2490 agnosceret,
1835 2437 1902 2475 ex
1926 2437 1992 2476 eo

405 2518 594 2562 natum
615 2510 845 2564 liberum
871 2510 1140 2564 hzeredem
1167 2527 1290 2566 esse
1305 2529 1411 2568 non
1447 2514 1745 2582 permittet,
1775 2515 1870 2569 sed
1901 2515 1994 2584 qui

405 2601 548 2668 apud
573 2601 762 2657 hostes
783 2611 888 2664 est,
905 2618 1064 2656 servo
1082 2603 1349 2657 bonorum
1364 2605 1893 2660 administrationem
1908 2606 2000 2659 da-

405 2693 502 2746 bit.
525 2691 660 2746 Tum
685 2694 850 2748 etiam
874 2694 940 2747 ad
963 2710 1122 2763 quem
1151 2696 1354 2764 captivi
1379 2697 1520 2751 bona
1548 2696 1748 2768 aliquis
1766 2698 2000 2766 pertine-

405 2799 466 2839 re
496 2786 746 2856 putabit?
767 2785 848 2840 Ad
872 2789 1242 2856 cognatosne?
1259 2790 1614 2858 Atquomodo
1641 2792 1876 2846 servitus
1901 2791 1999 2845 ob-

404 2877 611 2933 sistens
637 2880 723 2935 his
739 2880 805 2933 ad
824 2879 1198 2937 haereditatem
1221 2882 1507 2937 introitum
1530 2899 1638 2938 non
1670 2886 1994 2954 praecludit?

402 2972 509 3026 Aut
541 2975 841 3043 quomodo,
898 2974 1100 3043 quibus
1122 2978 1458 3044 permissum
1499 2986 1605 3046 est,
1665 2995 1774 3034 non
1831 2981 1992 3050 longe

405 3065 562 3134 prius
589 3066 836 3122 lueredes
886 3082 1011 3123 esse
1041 3068 1273 3123 licebit?
1303 3072 1386 3124 An
1445 3087 1576 3125 vero
1637 3072 1770 3127 ﬁsco
1810 3075 1992 3130 danda

402 3156 610 3210 erunt?
647 3157 846 3211 Verum
881 3161 1159 3228 quomodo
1191 3162 1483 3217 manifesta
1513 3163 1606 3217 illa
1643 3165 1844 3234 injuria
1871 3183 1981 3221 non
2017 3189 2064 3249 α

404 3247 530 3301 est?
553 3247 611 3302 Si
635 3249 836 3302 etenim
863 3252 1062 3305 rationi
1087 3267 1391 3307 consonum
1420 3263 1524 3320 est,
1559 3263 1617 3308 ut
1645 3258 1991 3326 captivorum

405 3339 566 3394 liberi
595 3356 626 3395 e
656 3342 875 3410 publico
921 3344 1226 3398 subsidium
1279 3346 1518 3400 sentiant
1551 3363 1563 3398 :
1592 3348 1868 3417 quomodo
1897 3365 1993 3404 ca-

407 3431 544 3501 ptivi
569 3431 741 3487 ﬁlium
768 3433 928 3490 bonis
960 3436 1186 3504 privari,
1215 3435 1417 3506 illaque
1448 3437 1583 3492 ﬁsco
1605 3438 1857 3506 attribui,
1882 3454 1993 3494 non

405 3537 669 3592 perquam
701 3526 926 3580 evidens
957 3526 1162 3595 injuria
1193 3529 1304 3582 est?
1333 3528 1542 3594 Quodsi
1582 3544 1994 3600 saepenumero,

407 3629 536 3668 eum
567 3617 815 3672 nonnulli
854 3626 1114 3688 parentes
1147 3620 1389 3689 graviter
1427 3621 1771 3676 conscientia
1808 3621 1992 3688 abusi,

407 3708 717 3778 atqueideo
739 3710 912 3779 pcenis
974 3711 1231 3779 subjecti,
1260 3714 1566 3784 acerbeque
1609 3729 1641 3769 e
1669 3715 1810 3770 vivis
1862 3716 1995 3770 sub-

403 3799 501 3852 lati
551 3808 681 3855 sunt
701 3841 716 3862 ,
742 3801 902 3857 liberi
931 3818 1122 3857 eorum
1154 3804 1480 3860 substantia:
1498 3805 1710 3861 domini
1730 3821 1855 3862 esse
1877 3808 1995 3880 lege

405 3907 516 3946 non
548 3892 750 3964 (67-68)
771 3895 1135 3964 prohibentur
1158 3913 1170 3951 :
1192 3912 1315 3968 qua:
1336 3898 1479 3953 ratio
1503 3909 1608 3965 est,
1636 3901 1996 3969 quamobrem

405 3984 626 4053 quando
659 3985 807 4054 pium
840 3988 1184 4058 propositum
1220 4000 1476 4058 parentes
1507 3991 1734 4046 decorat
1765 3991 1844 4053 (et
1865 3991 1993 4062 qui-

404 4076 532 4130 dem
577 4077 632 4130 in
673 4076 799 4132 ﬁdei
837 4079 1219 4134 testimonium
1273 4081 1480 4136 elfusus
1511 4082 1758 4151 sanguis,
1791 4090 1852 4138 ut
1881 4083 1999 4137 exi-

405 4167 550 4221 mius
609 4169 855 4236 ipsorum
911 4172 1129 4227 animus
1187 4187 1529 4244 magnusque
1588 4176 1818 4245 spiritus
1862 4176 2001 4246 ipsis

406 4258 571 4310 etiam
600 4260 781 4328 impiis
814 4261 1083 4316 miraculo
1115 4273 1282 4330 esset,
1318 4281 1563 4336 persaepe
1596 4265 1800 4338 effecit)
1839 4267 1999 4324 liberi

408 4345 727 4401 lacultatum
767 4349 1011 4418 ipsorum
1046 4351 1252 4406 domini
1288 4370 1412 4410 esse
1435 4372 1543 4410 non
1573 4359 2001 4427 permittantur?

405 4437 761 4509 Nequaquam
817 4442 1002 4512 itaque
1061 4448 1384 4503 constitutio
1417 4448 1532 4519 (69)
1586 4450 1677 4505 illa
1716 4465 1850 4506 sana
1875 4466 2002 4509 esse

407 4538 612 4587 nostra
648 4533 922 4604 majestati
955 4536 1191 4593 videtur.

478 4708 665 4781 anue
706 4721 929 4782 propter
955 4717 1258 4778 sancimus.
1303 4721 1376 4774 uti
1407 4719 1692 4792 deinceps,
1724 4725 1841 4781 sive
1872 4741 1995 4780 cum

405 4804 742 4872 captivitatis
777 4807 1013 4877 caligine
1040 4807 1362 4868 circumfusi
1394 4826 1650 4883 parentes
1685 4827 1894 4882 essent,
1940 4820 1995 4874 in

407 4893 584 4950 lucem
626 4898 826 4967 prodiit
856 4901 1024 4968 ﬁlius,
1052 4903 1170 4958 sive
1197 4905 1361 4961 etiam
1392 4907 1447 4962 in
1485 4907 1757 4966 libertatis
1812 4913 1996 4982 splen-

1604 381 1878 445 l.EONIS
1907 381 2368 445 PHILOSOPHI

2001 490 2052 549 Δ

3559 375 3672 443 508

2576 486 2892 544 mnam:
2920 488 3037 554 Acr
3099 485 3166 539 ιο.

2090 588 2228 654 Περί
2251 585 2360 639 τοῦ
2385 583 2784 654 κληρονομεῖν
2797 584 2905 636 τὸν
2928 579 3034 635 τοῦ
3057 577 3441 648 αἰχμαλώτῳ
3467 578 3673 635 παῖδα.

2178 678 2236 732 Ὀ
2262 677 2424 739 αὑτὸς
2459 676 2711 745 βασιλεὺς
2739 669 3014 742 Στυλιανῷ
3051 669 3133 741 τῷ
3160 669 3335 741 αὐτῷ.

2164 769 2231 823 Εἰ
2268 768 2370 837 τῆς
2401 765 2684 827 πολιτείας
2718 764 3026 835 ἐρείσματα
3068 762 3164 816 καὶ
3203 760 3468 832 κρηπῖδες
3502 763 3552 816 οἰ
3580 760 3676 815 v6-

2097 878 2209 932 μοι,
2238 859 2294 913 εῐ
2315 876 2378 926 γε
2406 856 2590 928 μέλλοι
2622 855 2760 926 αὑτὴ
2790 855 2835 888 ⁸⁸
2886 857 2945 908 ἐν
2978 853 3058 924 τῲ
3092 852 3329 924 ἀσφαλεῖ
3355 847 3517 914 εῖναι,
3552 852 3680 914 τοὺς

2093 952 2292 1020 νόμους
2313 949 2421 1019 χρὴ
2449 947 2511 1000 τὸ
2549 946 2704 1014 ὑγιὲς
2745 943 3054 1008 διασώζειν.
3087 946 3273 1015 Νόμου
3307 944 3364 997 δέ
3410 944 3600 1011 ὑγείαν
3623 941 3679 994 τι

2094 1044 2160 1098 ἄν
2186 1059 2269 1105 τις
2291 1040 2418 1094 ἄλλο
2449 1039 2483 1106 ἢ
2515 1038 2576 1091 τὸ
2617 1037 2828 1090 δίκαιον
2862 1037 3034 1107 φαίης
3068 1038 3206 1107 Περί
3252 1036 3445 1090 τούτου
3477 1036 3525 1067 θ’
3558 1031 3677 1100 οὖν,

2095 1137 2238 1190 ὥστε
2299 1134 2528 1196 δικαίως
2586 1131 2894 1186 διακεῖσθαι
2947 1132 3079 1193 τοὺς
3128 1131 3178 1183 οἳ
3242 1129 3342 1200 τὴν
3400 1129 3679 1200 ἡμετέραν

2094 1228 2288 1295 ἄγουσι
2325 1224 2602 1278 πολιτείαν
2642 1225 2862 1294 νόμους,
2894 1223 2983 1276 ἀεὶ
3028 1221 3355 1293 στρέφοντες
3405 1219 3505 1290 τὴν
3556 1217 3679 1273 διά-

2094 1337 2264 1384 νοιαν,
2291 1319 2386 1370 καὶ
2417 1317 2507 1370 τὸν
2534 1316 2699 1385 νόμον
2723 1318 2949 1379 ἐκεῖνον,
2978 1313 3037 1376 ὃς
3072 1313 3319 1382 βούλεται
3349 1311 3440 1363 τὸν
3474 1311 3540 1363 ἐκ
3583 1309 3680 1362 δύο

2095 1407 2458 1479 αἰχμαλώτων
2484 1407 2534 1439 ⁸³·
2555 1407 2693 1478 μηδὲ
2745 1406 3110 1476 κληρονομεῖν
3150 1403 3262 1458 τῶν
3310 1400 3681 1472 διαφερόντων

2093 1503 2188 1557 τοῦ
2220 1505 2277 1556 ἐν
2303 1506 2416 1565 τοῖς
2447 1501 2727 1571 πολεμίοις
2755 1499 3150 1571 μεμενηκότος,
3175 1497 3364 1550 τοῦτον
3393 1494 3485 1549 οὖν
3514 1511 3683 1548 κατα-

2095 1597 2386 1665 νοήσαντες
2449 1593 2829 1648 κινδυνεύοντα
2880 1593 2978 1660 τῆς
3045 1590 3153 1643 τῶν
3233 1591 3417 1660 νόμων
3491 1584 3682 1654 ὑγείας

2097 1691 2264 1761 (ἥπερ
2291 1688 2336 1719 ⁸⁸
2368 1687 2486 1740 ἐστί
2514 1687 2575 1740 τὸ
2599 1687 2832 1754 δίκαιον)
2863 1681 3286 1754 ἀποστερεῖσθαι
3344 1678 3684 1751 μετασκευά-

2098 1781 2212 1846 ζειν
2239 1780 2404 1835 αὑτὸν
2430 1780 2567 1851 πρὸς
2602 1779 2663 1832 τὸ
2693 1777 2845 1847 ὑγιὲς
2874 1776 3360 1848 προεθυμήθημεν.
3404 1775 3529 1826 Ὅτι
3571 1773 3684 1844 γὰρ

2095 1875 2197 1927 οὑκ
2255 1873 2482 1933 ἐνδίκως
2534 1869 2710 1925 ταῦτα
2757 1869 2954 1941 ὁρίζει,
3019 1868 3082 1920 οὑ
3135 1867 3373 1937 χαλεπὸν
3428 1865 3681 1919 συνιδεῖν.

2094 1967 2230 2019 Τίνα
2261 1966 2371 2035 γὰρ
2408 1964 2562 2034 ἰσχὺν
2587 1964 2621 2033 ἡ
2651 1961 2762 2015 τῶν
2792 1961 2974 2014 τόπων
3014 1961 3212 2029 ἰδιότης
3243 1959 3356 2029 ἔχει
3385 1957 3588 2029 ὁρίζειν
3604 1953 3683 2026 τῷ

2097 2057 2249 2110 παιδὶ
2273 2057 2373 2128 τὴν
2404 2053 2817 2126 κληρονομίαν;
2856 2053 2917 2105 οὑ
2952 2052 3062 2122 γάρ
3100 2053 3164 2123 δὴ
3195 2051 3371 2105 ἐκεῖνό
3416 2067 3498 2114 τις
3551 2049 3686 2103 ἀνθ-

2095 2149 2383 2220 υποφέρει,
2410 2148 2484 2212 ὡς
2511 2146 2701 2200 δούλου
2727 2145 3160 2218 χρηματίζοντος
3190 2145 3285 2197 τοῦ
3305 2145 3508 2213 γονέως
3524 2143 3612 2196 διὰ
3626 2142 3686 2194 τὸ

2095 2245 2348 2300 δουλικὸν
2381 2244 2568 2313 σχῆμα
2600 2245 2627 2296 ὀ
2657 2245 2787 2305 παῖς
2813 2241 3127 2310 ἀπόκληρος
3164 2240 3344 2295 ἔσται.
3377 2239 3502 2302 Πῶς
3528 2238 3636 2307 γάρ
3658 2241 3687 2292 ό

2098 2339 2262 2405 νόμος
2315 2335 2416 2406 τῆς
2463 2335 2761 2397 πολιτείας,
2794 2334 2854 2397 ὃς
2901 2336 2949 2386 εἰ
3003 2332 3079 2402 τῷ
3140 2332 3474 2402 αἰχμαλώτῳ
3533 2330 3687 2394 λύσις

2097 2427 2341 2494 ἐγεγόνει
2383 2426 2482 2495 τῆς
2513 2423 2913 2494 αἰχμαλωσίας,
2951 2421 3236 2491 ἐλεύθερον
3283 2421 3474 2473 τοῦτον
3502 2420 3688 2488 ἐγνώ-

2101 2519 2271 2590 ριζεν,
2300 2517 2362 2569 οὑ
2394 2517 2740 2585 συγχωρήσει
2770 2514 2848 2583 τῷ
2869 2512 2927 2578 ἐξ
2960 2514 3172 2566 ἐκείνου
3205 2512 3363 2581 φύντι
3413 2513 3689 2582 ἐλευθέρῳ

2098 2610 2481 2680 κληρονομεῖν,
2515 2607 2650 2660 ἀλλά
2677 2609 2745 2677 τῇ
2791 2609 2849 2659 ἐν
2895 2608 3008 2669 τοῖς
3071 2605 3331 2674 πολέμοις
3384 2605 3430 2636 ⁸⁸
3471 2604 3689 2676 δουλεία

2096 2700 2196 2770 τὴν
2229 2699 2357 2770 περὶ
2393 2698 2585 2752 τούτου
2632 2697 2936 2768 ἐπιτροπὴν
2983 2697 3146 2750 δώσει
3170 2715 3184 2762 ;
3208 2697 3325 2750 Τίνι
3356 2696 3411 2750 δὲ
3439 2697 3534 2750 καὶ
3567 2695 3687 2748 δια-

2099 2794 2290 2864 φέρειν
2328 2791 2572 2863 οἰήσεταί
2614 2808 2700 2855 τις
2730 2791 2800 2843 τά
2827 2790 2921 2844 τοῦ
2974 2789 3364 2860 αἰχμαλώτους
3395 2791 3520 2853 Τοῖς
3553 2807 3688 2858 συγ-

2099 2888 2284 2956 γενέσι
2318 2903 2333 2952 ;
2372 2884 2484 2939 Καὶ
2515 2883 2634 2947 πῶς
2679 2884 2778 2936 οὑκ
2808 2884 3114 2938 ἀπαντῶσα
3152 2885 3185 2953 ή
3219 2882 3431 2936 δουλεία
3475 2881 3688 2946 τούτοις

2099 2984 2178 3045 εἰς
2213 2979 2312 3050 τὴν
2342 2976 2711 3049 κληρονομίαν
2759 2977 2858 3045 τὴν
2902 2976 3108 3029 εἴσοδον
3153 2974 3440 3028 ἀποκλείει
3469 2991 3482 3038 ;
3511 2974 3545 3044 ἢ
3573 2973 3688 3036 πῶς

2098 3075 2160 3127 οὑ
2201 3073 2336 3125 πολὺ
2386 3071 2653 3142 πρότερον
2678 3069 2893 3136 ἐξέσται
2935 3068 3300 3140 κληρονομεῖν
3329 3067 3689 3136 συγκεχώρηο

2097 3182 2189 3217 ται
2206 3164 2271 3216 ⁸⁸.
2310 3162 2464 3217 Ἀλλά
2492 3161 2571 3231 τῷ
2594 3161 2841 3233 δῃμοσίῳ
2870 3159 3156 3230 δοθήσεται
3180 3177 3195 3224 ;
3228 3159 3339 3213 Καὶ
3362 3159 3479 3220 πῶς
3502 3159 3565 3211 οὑ
3589 3175 3689 3210 πε-

2099 3255 2324 3326 ριφανὲς
2356 3255 2416 3309 τὸ
2455 3255 2701 3323 ἀδίκημα
2733 3270 2748 3317 ;
2785 3252 2849 3305 Εἰ
2896 3251 3006 3324 γὰρ
3040 3254 3106 3304 ἐκ
3154 3250 3250 3304 τοῦ
3299 3251 3560 3320 δημοσίου
3602 3249 3690 3303 εὑ-

2094 3350 2252 3418 λογόν
2285 3349 2404 3401 ἐστι
2427 3347 2554 3409 τοὺς
2583 3345 2946 3416 αἰχμαλώτων
2974 3344 3248 3413 ἐκφύντας
3282 3343 3532 3414 βοηθείας
3557 3359 3690 3410 τυγ-

2095 3437 2304 3506 χάνειν,
2331 3435 2451 3498 πῶς
2496 3434 2620 3504 οὑχί
2661 3434 2972 3506 περιφανὴς
3004 3434 3210 3498 ἀδικία,
3244 3434 3337 3487 τδν
3373 3433 3470 3488 τοῦ
3525 3435 3690 3505 αἰχμ-

2096 3525 2305 3580 αλώτου
2337 3526 2436 3596 μὲν
2470 3525 2637 3579 παῖδα
2665 3527 2766 3595 τῆς
2795 3524 3112 3593 περιουσίας
3141 3525 3488 3595 ἀποστερεῖν,
3524 3541 3692 3595 προσ-

2098 3619 2282 3688 νέμειν
2311 3618 2369 3671 δὲ
2405 3617 2612 3688 ταύτην
2645 3617 2723 3686 τῷ
2769 3615 3053 3687 δημοσίῳ;
3089 3616 3152 3668 Εἰ
3176 3615 3232 3668 δὲ
3275 3616 3372 3668 καὶ
3428 3615 3692 3679 πολλάκις

2098 3712 2258 3764 ἐνίων
2283 3711 2491 3779 γονέων
2521 3709 2746 3780 πονηρῷ
2771 3709 2815 3742 ⁸⁷
2876 3709 3352 3778 ἀποχρησαμένων
3405 3707 3692 3771 συνειδότι,

2098 3805 2194 3857 καὶ
2231 3803 2321 3857 διά
2350 3802 2510 3856 τοῦτο
2539 3800 2836 3874 τιμωρίαις
2861 3800 3325 3871 ὑποϐεϐλημένων
3349 3803 3446 3855 καὶ⁸
3478 3800 3692 3870 πικρῶς

2100 3896 2159 3961 ἐξ
2191 3892 2494 3966 ἀνθρώπων
2519 3893 2936 3964 ἠφανισμένων,
2959 3894 3009 3946 οἱ
3065 3892 3255 3956 παῖδες
3285 3893 3346 3946 οὑ
3393 3893 3693 3947 κωλύονται

2100 3989 2252 4059 νόμῳ
2283 3988 2460 4059 κύριοι
2496 3987 2596 4058 τῆς
2647 3987 2970 4057 περιουσίας
3015 3987 3404 4051 καθίστασθαι,
3430 3986 3554 4039 τίνα
3603 3986 3694 4039 λό-

2101 4097 2198 4148 γον
2252 4079 2386 4149 έχει,
2416 4079 2551 4132 διότι
2600 4079 2925 4149 προαίρεσις
2973 4078 3206 4150 εὐσεϐὴς
3261 4077 3515 4148 σεμνύνει
3565 4077 3694 4142 τοὺς

2101 4169 2297 4239 γονέας
2334 4169 2618 4238 (πολλάκις
2649 4168 2706 4221 δὲ
2731 4169 2827 4221 καὶ
2853 4168 3161 4238 μαρτυρίου
3193 4161 3332 4235 αἷμα
3357 4167 3416 4219 τὸ
3443 4166 3694 4236 λαμπρὸν

2101 4261 2197 4315 τοῦ
2223 4262 2573 4331 φρονήματος
2608 4259 2789 4313 αὑτῶν
2818 4261 2914 4312 καί.
2970 4259 3027 4310 ἐν
3081 4259 3267 4321 αὑτοῖς
3298 4257 3694 4328 θαυμαστωθῆ-

2103 4369 2190 4406 ναι
2226 4354 2341 4414 τοῖς
2374 4351 2599 4404 ἀσεϐέσι
2647 4350 3062 4421 πεποίηκε),μὴ
3111 4352 3418 4421 συγχωρεῖν
3468 4352 3581 4413 τοῖς
3635 4349 3695 4416 ἐξ

2102 4444 2330 4498 ἐκείνων
2381 4445 2564 4513 φυεῖσι
2598 4443 2824 4512 κυρίους
2863 4442 2911 4475 ⁸⁸
2940 4437 3081 4495 εἶναι
3119 4440 3229 4494 τῶν
3293 4441 3694 4512 ὑπαρχόντωνς

2025 4541 2071 4596 D
2099 4536 2366 4608 Οὐδαμῶς
2420 4535 2513 4590 οὑν
2562 4534 2642 4606 τῷ
2674 4535 2930 4607 ἡμετέρῳ
2961 4533 3155 4603 κράτει
3201 4533 3370 4602 ὑγιῶς
3409 4534 3607 4605 ἔχουσα
3657 4535 3694 4606 ἡ

2104 4630 2356 4696 διάταξις
2390 4631 2666 4700 φαίνεται.

2179 4723 2277 4776 Διά
2297 4723 2343 4754 ⁸⁸
2370 4720 2532 4776 τοῦτο
2561 4719 2894 4788 θεσπίζομεν
2937 4716 3048 4772 ἀπὸ
3090 4717 3186 4770 τοῦ
3220 4717 3338 4781 νῦν,
3370 4717 3438 4772 ἀν
3485 4735 3547 4770 τε
3597 4716 3696 4771 τοῦ

2107 4816 2205 4883 τῆς
2229 4812 2609 4883 αἰχμαλωσίας
2632 4809 2796 4878 ζόφου
2861 4809 3296 4880 περικεχυμένου
3346 4812 3448 4873 ,τοῖς
3475 4809 3696 4877 γονεῦσι

2107 4907 2246 4979 πρὸς
2297 4905 2470 4975 αὐγὰς
2505 4904 2661 4975 ἡλίου
2702 4899 2867 4976 ἦλθεν
2913 4904 2941 4956 ό
2970 4904 3121 4966 παῖς,
3165 4902 3230 4956 ἄν
3279 4919 3340 4955 τε
3393 4902 3499 4957 ὑπὸ
3555 4903 3698 4972 φωτὶ

1723 5065 1958 5122 VARUE
1997 5061 2385 5121 LECTIONES

498 5169 544 5250 ξ’
729 5167 868 5250 Rev.
897 5169 987 5226 2'5.
1068 5172 1123 5250 ξι
1157 5170 1435 5250 Zuieh._et
1466 5176 1883 5250 Meermrat'mj.

1977 5181 2023 5211 ⁸⁸
2054 5177 2245 5246 Steph.
2278 5185 2332 5230 et
2355 5175 2511 5246 Agyl.
2543 5189 2689 5228 corr.
2745 5170 2924 5226 τοῦτο.
3025 5172 3262 5246 "Codd.
3290 5174 3345 5227 αἰ

3388 5176 3696 5241 μαλωσίαν.

499 5194 543 5201 ’⁷
579 5194 696 5223 Ml.
730 5194 868 5223 Πυν.
897 5194 987 5226 Ζῦ.
1079 5194 1123 5204 ‘”
1157 5194 1350 5230 ιυιεη.
1381 5194 1435 5231 BI.
1467 5194 1688 5232 mcerm.
1722 5194 1883 5250 αυτη.
1977 5194 2023 5211 ’³
2054 5194 2245 5246 διθριι.
2278 5194 2332 5230 ει
2355 5194 2511 5246 Asylo
2543 5194 2689 5228 εοιτ.
2745 5194 2924 5226 τουτο.
3025 5194 3262 5229 "I100".
3290 5194 3696 5299 αιχμαλωσιαν.

409 5239 458 5272 ⁸*
484 5239 689 5316 Zuich;
713 5248 771 5294 et
789 5240 1013 5316 μίξει-ιιι.
1037 5242 1218 5316 εῖπερ.
1272 5247 1318 5278 ⁸⁵
1356 5247 1592 5316 Scrimg.
1622 5249 1845 5305 τούτων.
1884 5249 1990 5303 Sed
2016 5248 2083 5303 de
2115 5249 2281 5301 tutela
2319 5245 2617 5316 liberorum
2644 5259 2988 5316 nequaquam
3012 5244 3215 5316 agitur:
3291 5246 3335 5278 '°
3411 5262 3546 5302 ocus
3574 5267 3700 5304 cor-

408 5308 851 5388 ξᾜβίυδζδιθρὴζ
873 5321 932 5388 9}
960 5315 1112 5388 Asyl,
1139 5308 1222 5378 οἷς
1254 5308 1672 5388 συγκεχώρηται
1733 5320 2019 5388 legendum
2053 5318 2357 5388 conjiciuu_t
2416 5334 2430 5369 :

409 5379 652 5452 ἐξωτικῷ
686 5395 786 5450 pro
835 5379 1056 5446 ἐξέσταί
1097 5379 1407 5456 legendum.
1429 5379 1460 5388 ”’
1493 5379 1537 5421 ⁸²¹
1568 5379 1812 5460 Βατίειιεῖ
1857 5388 2132 5460 πονηρῶς.

2500 5315 2638 5370 Beck
2671 5311 2753 5378 οἷς
2803 5315 2940 5367 πολὺ
2985 5311 3145 5383 πρότ.
3177 5313 3403 5373 Rectius
3459 5317 3701 5377 fortasse

2229 5389 2276 5420 ⁸⁸
2313 5385 2478 5441 Forte
2515 5385 2752 5452 κυρίοις.
2836 5385 2883 5415 δ’
2915 5384 3028 5442 Inc.
3061 5385 3178 5440 Ecl.

1939 5505 2174 5563 NOTAE.

735 5607 803 5681 id
826 5615 932 5673 est,
973 5612 1193 5681 captivo
1217 5623 1401 5669 natus.

492 5675 966 5760 $99-9”WW8F
979 5675 1092 5760 "9'".
1113 5695 1230 5760 erat
1256 5685 1361 5740 nisi
1393 5688 1553 5760 ambo
1578 5697 1838 5760 parentes
1860 5697 2005 5760 post-

421 5741 634 5860 lriéqzqio
656 5746 974 5812 rediissem,
998 5758 1054 5804 et
1081 5753 1155 5806 ita
1181 5755 1480 5826 abrogatur
1507 5741 1544 5813 I.
1566 5741 1619 5826 ί,
1641 5741 1802 5816 υἷῡέ
1816 5741 1996 5833 VpBStl.

2324 5616 2548 5705 Adde:
2578 5615 2634 5682 2,
2668 5616 2724 5671 π.
2757 5616 2831 5672 De
2854 5615 3018 5686 legib.
3058 5614 3269 5670 Novell.
3310 5613 3453 5672 Just.
3500 5615 3624 5677 165.

2177 5687 2562 5891 lii/iii.
2583 5757 2622 5814 ι.
2673 5757 2726 5825 6,
2762 5756 2814 5813 π.
2851 5757 2926 5814 Dc
2956 5758 3085 5814 bon.
3118 5757 3364 5816 damnat.
