4048 6434
308 405 418 470 509

1417 395 1788 458 NOVELLIE
1822 391 2507 454 CONSTITUTIONES.

3485 391 3594 456 510

308 513 631 585 ἐλευθερίας
675 508 777 574 τὰς
806 508 1005 574 ὠδῖνας
1042 508 1283 563 ἀπέλυσε
1335 508 1497 571 ⁸⁸,τὰ
1545 504 1653 559 τῶν
1700 508 1903 573 γονέων

2030 503 2144 558 lore
2195 503 2375 573 ipsum
2441 512 2619 558 mater
2674 500 2905 572 peperit,
2933 508 3225 571 parentum
3267 500 3593 557 substantia:

309 602 745 676 κληρονομείτω,
777 601 883 658 κᾶν
902 618 962 654 τε
998 600 1332 672 ἀμφοτέροις
1360 602 1472 661 τοῖς
1513 597 1746 667 γονεῦσι
1791 595 1903 649 τῶν

307 698 411 767 τῆς
446 694 832 766 αἰχμαλωσίας
872 692 1088 761 δεσμῶν
1116 692 1150 762 ἠ
1190 692 1343 754 λύσις
1389 690 1680 761 περιέσται
1728 688 1761 759 ἢ
1803 689 1901 759 μὴ,

310 786 414 841 κάν
441 803 502 840 τε
528 786 650 849 ἑνὸς
717 784 1077 856 τετυχηκότος
1094 783 1139 814 ⁸⁸
1181 784 1280 854 τῆς
1309 780 1518 845 λύσεως
1577 780 1803 848 θάτερος
1847 780 1906 831 ἐν

310 883 427 944 τοῖς
489 880 710 948 δεσμοῖς
757 879 857 946 τῆς
900 878 1192 947 συμφορᾶς
1243 874 1610 946 καταστρέψει
1646 873 1738 927 τὸν
1768 872 1904 942 βίον,

313 972 417 1027 κάν
445 986 506 1022 τε
541 970 847 1041 ἀμφότεροι
884 971 934 1022 οἰ
967 971 1144 1038 γονεῖς
1173 971 1231 1023 ἐν
1250 970 1316 1040 τῇ
1340 966 1693 1039 αἰχμαλωσίᾳ
1717 966 1908 1020 τελευ-

312 1065 597 1132 τήσωσιν*
632 1060 683 1113 εἰ
729 1058 807 1130 μὴ
862 1058 975 1130 ἄρα
1022 1074 1086 1128 γε
1136 1058 1235 1130 τὴν
1288 1056 1550 1128 τελευτὴν
1614 1055 1908 1127 προφθάσῃ

313 1152 640 1222 διαθέμενος
668 1166 683 1181 ⁶
721 1151 845 1204 τότε
870 1152 981 1223 γὰρ
1006 1152 1192 1204 ἐκεῖνα
1222 1145 1653 1222 κληρονομήσει,
1682 1148 1719 1203 ἃ
1749 1152 1808 1204 ἐν
1839 1152 1907 1221 τῇ

325 1245 491 1315 βουλῇ
515 1242 611 1297 τοῦ
646 1242 971 1313 διαθεμένου
998 1243 1201 1311 γονέως
1240 1245 1443 1307 κεῖται,
1499 1241 1909 1311 φυλαττομένης

316 1337 397 1408 τῷ
444 1335 598 1389 παιδὶ
621 1335 720 1404 τῆς
752 1338 817 1388 ἐκ
841 1335 937 1388 τοῦ
970 1336 1140 1405 νόμου
1173 1335 1573 1407 τετραουγκίου
1628 1334 1906 1405 βοηθείας.

869 1425 1183 1481 ΔΙΑΤΑΞΙΣ
1229 1426 1352 1482 ΛΖ’.

320 1520 463 1589 Περί
498 1520 606 1574 τοῦ
646 1520 749 1589 τὸν
806 1520 1283 1588 ἐλευθερωθέντα
1332 1519 1563 1575 δοῦλον
1590 1520 1662 1572 οὐ
1717 1518 1912 1589 μόνον

393 1588 543 1644 κατὰ
574 1598 646 1643 τά
699 1588 858 1644 ἄλλα
910 1591 1139 1657 διάγειν
1190 1589 1557 1657 ἐλευθέρως,
1607 1590 1767 1643 ἀλλὰ
1811 1588 1909 1641 καί

394 1659 668 1729 περὶτῶν
688 1662 923 1714 οἰκείων
951 1661 1047 1714 ἐπ’
1074 1661 1281 1727 ἀδείας
1309 1662 1476 1729 ἐχειν
1515 1660 1908 1714 διατίθεσθαι.

406 1754 466 1807 ’0
497 1754 660 1815 αὐτὸς
688 1752 944 1822 βασιλεὺς
980 1752 1255 1823 Στυλιανῷ
1277 1752 1353 1823 τῷ
1384 1753 1557 1824 αὐτῷ.

2009 598 2182 651 haeres
2204 598 2277 651 sit
2315 614 2327 650 :
2357 596 2524 664 idque
2546 595 2664 652 sive
2687 595 2959 650 ambobus
2993 593 3318 663 parentibus
3352 606 3383 647 e
3416 595 3594 662 capti-

2006 690 2193 744 vitatis
2231 691 2467 745 vinculis
2494 689 2713 745 liberari
2732 690 3036 758 continget,
3055 693 3152 739 aut
3174 700 3280 739 non
3301 702 3316 739 :
3335 686 3452 741 sive
3478 686 3593 755 (70)

2007 797 2132 837 cum
2202 798 2347 839 unus
2400 797 2593 838 eorum
2651 782 2963 837 libertatem
3012 787 3210 834 nactus
3244 778 3338 838 sit.
3366 778 3509 833 alter
3538 779 3595 831 in

2008 873 2344 929 calamitatis
2402 874 2641 929 vinculis
2685 873 2857 928 vitam
2915 870 3121 925 ﬁniet:
3184 869 3301 926 sive
3356 869 3599 939 denique

2010 970 2239 1037 uterque
2261 981 2464 1037 parens
2490 968 2547 1021 in
2578 965 2895 1036 captivitate
2928 964 3219 1028 morietur,
3252 969 3409 1017 extra
3430 976 3598 1033 quam

2011 1060 2057 1114 si
2091 1068 2323 1116 mortem
2376 1067 2711 1116 testamento
2734 1058 3023 1115 condendo
3056 1054 3413 1128 preveniant.
3441 1054 3600 1109 Tunc

2010 1154 2155 1208 enim
2186 1154 2263 1209 illi
2299 1170 2439 1225 quos
2494 1161 2727 1209 testator
2778 1152 3039 1215 voluerit,
3094 1148 3338 1205 haeredes
3388 1156 3597 1202 erunt:

2012 1256 2195 1301 tamen
2220 1254 2280 1301 ut
2310 1248 2527 1303 trientis
2579 1246 2886 1318 legitimum
2923 1242 3236 1300 subsidium
3272 1240 3386 1295 ﬁlio
3408 1254 3601 1296 serve-

2012 1347 2122 1392 tur.

2401 1428 2869 1486 CONSTITUTIO
2940 1426 3212 1483 XXXVII.

2017 1526 2083 1584 Ut
2111 1528 2315 1583 domini
2380 1534 2692 1580 testamento
2739 1522 3126 1583 manumissus,
3170 1521 3219 1573 si
3279 1520 3439 1574 illum
3508 1520 3603 1572 de-

2082 1600 2301 1652 cessisse
2353 1598 2660 1664 aditamque
2706 1594 2801 1663 jus
2836 1592 3201 1646 hwreditatem
3243 1606 3357 1646 esse
3379 1593 3605 1662 ignoret,

2086 1671 2272 1723 testari
2300 1668 2469 1736 possit
2501 1668 2637 1735 (7i).

2084 1761 2233 1815 Idem
2271 1759 2574 1830 imperator
2608 1757 2786 1813 eidem
2822 1755 3093 1828 Styliano.

395 1847 504 1901 Καὶ
530 1846 608 1917 τῷ
626 1846 855 1918 παρόντι
876 1848 1027 1918 νόμῳ
1044 1847 1344 1900 ἐλλείποντι
1364 1846 1503 1917 πρὸς
1530 1845 1739 1900 τελείαν
1756 1845 1919 1899 κατά-

2094 1852 2361 1908 Praesenti
2381 1850 2549 1905 etiam
2592 1849 2698 1920 legi
2741 1851 2900 1920 plena
2929 1851 3277 1906 absolutione
3310 1848 3605 1913 deﬁcienti,

328 1956 519 1993 στασιν
531 1940 667 2009 ὅπερ
682 1939 823 1993 ἐνδεῖ
845 1938 1038 1993 τούτου
1054 1942 1119 2009 τῇ
1149 1938 1437 2010 προσθήκῃ
1460 1938 1521 1991 τὸ
1539 1938 1751 2007 πρέπον
1768 1935 1917 2007 αύτῷ

326 2031 578 2087 ἁποδιδόα
586 2048 686 2102 μεν
716 2032 920 2102 σχῆμα.
931 2031 1069 2102 Φησὶ
1080 2030 1257 2084 τοίνυν
1273 2031 1400 2101 περὶ
1414 2030 1625 2083 οἰκέτου
1639 2030 1697 2085 ἐν
1726 2029 1921 2083 δεσπο-

328 2127 453 2194 τικῇ
478 2123 643 2177 αὑτοῦ
656 2121 985 2177 διατυπώσει
1016 2123 1326 2194 ὁρισθέντος
1351 2122 1663 2193 ἐλευθερίας
1691 2121 1921 2193 ἀξιωθῆ-

327 2215 767 2283 ναι,ὰγνοοῦντος
794 2215 851 2268 δέ
869 2215 928 2268 τὸ
948 2216 1225 2286 διάταγμα
1250 2215 1445 2269 xamen:
1466 2215 1625 2269 τοῦτο
1635 2215 1921 2285 λογισμοῖς

328 2308 649 2379 ἀμφιϐόλοις
666 2307 978 2379 ἐλευθερίας
994 2309 1377 2378 ἀντεχομένου,
1390 2307 1526 2371 τέως
1542 2307 1640 2378 μὲν
1656 2307 1921 2379 μηδαμῶς

332 2402 499 2455 αὐτὸν
526 2401 609 2453 διὰ
632 2400 732 2472 τὴν
761 2400 985 2469 ἄγνοιαν
1015 2401 1113 2472 τῆς
1138 2400 1452 2471 ἐλευθερίας
1476 2400 1919 2471 ἀποστερεῖσθαι,

329 2492 468 2546 ἀλλὰ
495 2492 699 2559 διάγειν
715 2493 876 2546 αὑτὸν
899 2492 1569 2564 ἐλευθέρως,διατίθεσθαι
1587 2494 1644 2546 δέ
1661 2492 1823 2547 αὑτὸν
1846 2491 1923 2555 ὡς

331 2584 619 2655 ἐλεύθερον
635 2584 721 2636 ἐπ’
738 2583 920 2646 ἀδείας
937 2583 1013 2655 μὴ
1029 2583 1173 2654 ἔχειν
1186 2599 1201 2615 ’
1222 2578 1333 2639 οἷον
1348 2584 1646 2653 μεταγνοὺς
1666 2583 1827 2654 μέχρι
1842 2583 1924 2636 τέ-

331 2678 458 2740 λους
481 2679 548 2748 ἢν
564 2676 778 2729 δίδωσιν
794 2676 1108 2749 ἐλευθερίαν
1123 2676 1276 2747 αύτῷ
1298 2680 1573 2749 παρεῖναι.
1591 2678 1683 2747 Μὴ
1714 2678 1822 2747 γὰρ
1833 2674 1923 2730 οὗ·

333 2786 435 2840 σης
454 2770 703 2836 ἐξουσίας
736 2768 813 2834 ὼς
837 2769 1106 2841 ἐλευθέρῳ
1126 2769 1457 2823 διατίθεσθαι
1482 2770 1550 2822 τὰ
1583 2771 1778 2834 οἰκεῖα,
1808 2769 1927 2833 πῶς

330 2861 456 2932 οὐχὶ
504 2862 667 2916 πάλιν
716 2862 851 2932 πρὸς
900 2861 998 2933 τὴν
1049 2862 1322 2934 προτέραν
1361 2861 1624 2931 ἐπανήξει
1652 2860 1925 2926 δουλείαν;

420 2954 612 3023 Ἡμεῖς
639 2949 732 3007 οὖν
763 2971 966 3026 φαμεν,
1000 2955 1297 3027 ἐπειδήπερ
1328 2955 1481 3021 τάξιν
1511 2956 1605 3009 καὶ
1652 2955 1928 3027 διαγωγὴν

337 3045 633 3116 ἐλευθέραν
651 3045 926 3117 παρέσχεν
957 3047 985 3097 ὁ
1015 3047 1201 3117 νόμος,
1229 3047 1324 3099 καὶ
1352 3048 1422 3101 τὰ
1452 3045 1587 3100 ἄλλα
1616 3046 1875 3118 παρέξειν
1893 3046 1931 3102 ὃ.

337 3143 408 3211 τῇ
443 3138 728 3211 ἐλευθερίᾳ
771 3138 1088 3193 συνέπεται.
1124 3139 1186 3192 Εἰ
1213 3140 1323 3209 γὰρ
1352 3140 1586 3195 κωλύειν
1626 3140 1790 3194 αὑτὸν
1823 3141 1930 3194 ἔδει

338 3235 410 3285 τα
460 3232 570 3286 τῶν
626 3232 933 3304 ἐλευθέρων
968 3232 1254 3305 πράττειν,
1288 3234 1341 3287 τί
1397 3233 1496 3305 τὴν
1541 3232 1857 3305 ἐλευθερίαν
1883 3234 1929 3265 ’⁸
1958 3212 2002 3271 C

338 3323 442 3376 οὐκ
508 3324 822 3389 ἐκώλυσεν;
884 3324 1044 3379 Ἀλλὰ
1114 3324 1321 3378 τούτων
1362 3325 1513 3391 ἄξιον
1576 3324 1779 3396 κρίνων
1832 3324 1878 3357 ’³
1914 3362 1931 3389 ,

343 3417 464 3479 πῶς
520 3417 643 3486 οὐχὶ
696 3416 969 3471 κάκείνων
1024 3416 1249 3484 ἀξιώσει
1308 3417 1418 3471 τῶν
1477 3418 1846 3489 πραγμάτων,
1897 3416 1935 3470 ἃ.

343 3507 520 3559 ποιεῖν
534 3504 741 3576 κυρίως
754 3504 800 3537 ⁸⁸
819 3503 1004 3575 ἔχειτὸ
1026 3504 1127 3575 τῆς
1143 3505 1456 3577 ἐλευθερίας
1477 3506 1701 3575 ἀξίωμα
1716 3522 1730 3570 ;
1749 3504 1936 3558 Ἔστω

342 3601 641 3672 τοιγαροῦν
678 3604 706 3654 ὁ
762 3602 1207 3673 ἠλευθερωμένος
1245 3602 1461 3673 ἀληθῶς
1508 3602 1812 3673 ἐλεύθερος,
1840 3602 1936 3654 καὶ

344 3695 673 3749 διατιθέσθω
694 3697 823 3767 περ).
853 3694 960 3749 τῶν
989 3695 1237 3762 οἰκείων,
1266 3696 1368 3747 ὅσα
1396 3693 1696 3765 δεσποτικὴ
1738 3692 1936 3761 γνώμη

347 3789 553 3843 ἔδωκεν
608 3789 758 3842 αὐτῶ
820 3789 1169 3859 ἁναφαίρετα
1199 3828 1214 3852 ,
1274 3788 1349 3852 ὡς
1406 3788 1473 3841 ἂν
1530 3787 1775 3858 βούλοιτο
1824 3786 1939 3838 δια-

346 3880 619 3936 τίθεσθαι.
676 3882 752 3935 υύ
819 3881 929 3953 γὰρ
989 3882 1200 3954 πρέπον
1241 3883 1300 3935 ἐν
1340 3881 1419 3950 τῷ
1487 3878 1708 3951 φανερῷ
1770 3878 1939 3949 τιμὴν

347 3975 451 4045 τῆς
500 3974 817 4045 ἐλευθερίας
843 3974 1079 4028 λαϐόντα
1109 3974 1177 4027 δι’
1204 3972 1474 4043 ὑπόληψιν
1510 3972 1705 4043 ἄδηλον
1736 3972 1938 4043 ἀτιμά-

351 4066 545 4134 ζεσθαι
578 4068 673 4121 καὶ
696 4067 792 4121 τοῦ
820 4066 1124 4121 διατιθέναι
1152 4065 1544 4140 ἀπείργεσθαι.

915 4247 1228 4302 ΔΙΑΤΑΞΙΣ
1260 4245 1393 4303 AH'.

2002 1945 2143 2019 ,ejus
2170 1944 2317 2016 quod
2349 1944 2505 2000 deest
2538 1942 2824 1999 additione
2867 1943 3126 1998 decoram
3160 1943 3392 1997 formam
3426 1942 3607 2012 impo-

2020 2040 2225 2094 nimus.
2284 2038 2378 2092 Ait
2439 2045 2621 2092 autem
2652 2035 2790 2107 (72),
2851 2051 3070 2091 servum
3103 2037 3198 2108 qui
3246 2051 3371 2091 cum
3400 2033 3609 2091 domini

2021 2132 2108 2187 sui
2161 2138 2493 2186 testamento
2559 2128 2697 2183 liber
2747 2143 2874 2184 esse
2916 2129 3109 2198 jussus
3155 2129 3251 2190 sit.
3278 2127 3333 2183 id
3367 2128 3610 2198 ignorat,

2023 2222 2257 2292 ideoque
2315 2220 2545 2277 incertis
2614 2220 2925 2276 rationibus
3011 2221 3321 2276 libertatem
3374 2218 3611 2279 obtinet.

2024 2314 2234 2369 interea
2289 2299 2641 2383 nequaquam
2675 2321 2898 2383 propter
2938 2312 3305 2383 ignorantiam
3361 2311 3614 2367 libertate

2025 2403 2258 2475 privari,
2290 2403 2389 2459 sed
2416 2403 2473 2457 in
2505 2403 2762 2458 libertate
2790 2402 2975 2457 vivere
3010 2421 3024 2456 ε
3060 2411 3119 2455 ut
3146 2411 3331 2457 autem
3353 2412 3615 2470 tanquam

2026 2494 2163 2550 liber
2206 2502 2458 2559 testetur,
2496 2495 2674 2564 ipsum
2704 2501 3029 2564 potestatem
3056 2509 3165 2549 non
3191 2493 3429 2548 habere:
3458 2492 3617 2562 quasi

2026 2587 2285 2644 videlicet
2336 2586 2485 2641 illam
2542 2588 2830 2657 poeniteat,
2890 2601 3057 2656 quam
3101 2582 3414 2641 libertatem
3443 2584 3617 2647 dedit,

2028 2678 2171 2732 hanc
2210 2679 2313 2749 ipsi
2345 2687 2615 2749 perpetuo
2698 2688 3035 2749 competere.
3092 2676 3231 2732 Cum
3263 2679 3409 2731 enim
3441 2675 3517 2729 illi
3559 2682 3621 2729 ut

2028 2772 2206 2828 libcro
2239 2772 2308 2827 dc
2340 2774 2504 2827 rebus
2541 2773 2659 2829 suis
2686 2772 2930 2829 testandi
2958 2770 3191 2827 facultas
3217 2786 3326 2825 non
3363 2769 3458 2836 sit,
3478 2782 3621 2840 quo-

2032 2862 2199 2919 modo
2224 2878 2332 2918 non
2363 2863 2430 2918 ad
2452 2865 2743 2935 pristinam
2778 2864 3094 2918 servitutem
3128 2862 3301 2917 redit?

2099 2953 2213 3011 Nos
2236 2955 2426 3025 itaque
2465 2954 2729 3019 dicimus,
2781 2961 3141 3024 posteaquam
3209 2951 3442 3023 gradum
3503 2959 3621 3007 sta-

2032 3059 2260 3119 tumque
2289 3048 2411 3102 vitaa
2452 3048 2692 3102 liberum
2725 3048 2964 3117 praebuit
2992 3048 3100 3113 lex,
3138 3046 3287 3099 illam
3313 3046 3479 3100 etiam
3509 3044 3623 3114 (75)

2035 3141 2140 3195 alia
2170 3156 2293 3211 qua:
2336 3140 2647 3195 libertatem
2676 3140 3034 3203 comitantur,
3069 3138 3451 3208 praebituram.
3486 3134 3623 3189 Nam

2036 3234 2081 3288 si
2108 3234 2287 3302 ipsum
2331 3233 2512 3287 facere
2579 3246 2702 3301 quae
2737 3231 3057 3285 hominibus
3118 3229 3311 3284 liberis
3358 3228 3627 3281 duntaxat

2037 3326 2227 3392 licent,
2275 3326 2573 3395 prohibere
2603 3324 2919 3394 oportebat,
2952 3323 3074 3391 ipsa
3110 3335 3244 3376 vero
3278 3319 3329 3373 id
3361 3335 3469 3374 non
3496 3334 3627 3389 pro-

2038 3416 2237 3479 hibuit.
2263 3415 2356 3471 sed
2376 3414 2601 3485 dignum
2624 3414 2776 3467 illum
2797 3412 2890 3482 qui
2910 3411 3104 3467 isthaac
3136 3410 3585 3480 faciatjudicavit
3610 3428 3623 3463 :

2037 3524 2212 3577 quare
2241 3507 2374 3563 item
2413 3506 2537 3561 istis
2570 3503 2890 3559 actionibus
2929 3518 3051 3573 qua:
3082 3502 3303 3572 proprie
3357 3501 3628 3555 libertatis

2038 3596 2293 3667 dignitati
2328 3603 2676 3665 competunt,
2712 3594 2865 3648 illum
2916 3610 3027 3648 non
3084 3592 3438 3665 dignabitur?
3496 3590 3629 3646 Esto

2038 3686 2209 3758 igitur
2243 3685 2496 3740 libertate
2551 3685 2815 3748 donatus,
2850 3698 3039 3738 revera
3088 3682 3250 3746 liber,
3290 3682 3631 3751 statuitoque

2040 3781 2109 3836 de
2144 3780 2308 3835 rebus
2342 3792 2483 3850 quas
2515 3778 2591 3831 illi
2621 3778 2884 3832 dominus
2930 3777 3163 3832 eximias
3195 3776 3367 3840 dedit,
3400 3789 3631 3846 quomo-

2042 3873 2339 3941 (locunque
2398 3871 2578 3925 visum
2627 3870 2721 3926 sit.
2768 3867 2888 3923 Non
2928 3870 3087 3924 decet
3127 3868 3304 3935 enim,
3342 3876 3400 3921 ut
3433 3868 3527 3938 qui
3559 3866 3630 3920 li-

2045 3964 2275 4020 bertatis
2333 3963 2655 4035 dignitatem
2694 3961 2989 4016 manifeste
3034 3959 3269 4030 acoepit,
3300 3959 3371 4013 ob
3404 3957 3516 4030 (74)
3546 3956 3633 4010 ἰη-

2043 4065 2251 4111 certam
2302 4055 2679 4125 suspicionem
2729 4053 3030 4126 ignominia
3063 4051 3352 4117 adiciatur,
3409 4060 3632 4120 atquea

2044 4146 2300 4204 testando
2332 4155 2608 4201 arceatur.

2438 4236 2914 4294 CONSTITUTIO
2938 4236 3237 4293 XXXVIII.

355 4341 499 4411 Περί
531 4339 639 4411 τοῦ
663 4341 804 4405 τοὺς
830 4341 1140 4407 βασιλέως
1154 4337 1389 4411 οἰκέτας
1408 4338 1542 4408 περὶ
1565 4338 1682 4393 τῶν
1710 4339 1925 4411 οἰκείων

2053 4333 2122 4389 Ut
2166 4334 2503 4403 imperatoris
2532 4334 2650 4411 ⁸(75)
2709 4334 2844 4388 servi
2892 4333 2955 4388 de
3003 4335 3155 4411 rebus
3206 4333 3317 4386 suis
3372 4331 3635 4402 quomodo

427 4410 508 4477 ὡς
532 4410 610 4466 ἂν
633 4412 984 4476 ,ϐούλωνται
1018 4410 1252 4481 ὁρίζειν,

422 4483 571 4545 ,ϐίον
596 4484 1035 4548 καταλύοντας.

443 4577 505 4628 ὐ
532 4576 693 4638 αὐτὸς
730 4576 990 4647 βασιλεὺς
1044 4576 1319 4649 Στυλιανῷ
1346 4576 1425 4647 τῷ
1455 4574 1625 4646 αύτῷ.

446 4668 601 4738 Ἐμοὶ
625 4669 775 4723 δοκεῖ
800 4673 894 4723 καὶ
918 4668 1079 4722 τοῦτο
1103 4670 1390 4735 πλεονεξία
1410 4686 1494 4732 τις
1520 4663 1680 4732 εἶναι,
1714 4667 1761 4719 εἰ
1780 4664 1875 4718 κα).
1887 4667 1949 4717 τὸ

1298 4407 1520 4476 ζῶντάς
1568 4427 1633 4464 τε
1682 4409 1782 4464 καί
1836 4411 1947 4464 τὸν

2465 4404 2653 4471 velint,
2681 4414 2916 4458 statuere
2965 4406 3192 4476 possint.

1978 4550 2025 4607 Ῐ)
2121 4564 2269 4619 Idem
2309 4563 2611 4634 imperator
2647 4563 2826 4619 eidem
2850 4560 3123 4632 Styliano.

2123 4659 2240 4713 Hoc
2268 4671 2507 4727 quoque,
2547 4670 2860 4726 quanquam
2897 4654 3242 4724 plausibilem
3270 4665 3380 4722 pra?
3414 4666 3473 4706 se
3510 4666 3639 4721 spe-

358 4764 600 4833 πρᾶγμα
633 4765 822 4833 σχῆμα
873 4764 1238 4834 εὐπρόσωπον
1266 4761 1560 4815 ὑποδύεται
1603 4759 1704 4830 τὴν
1740 4760 1805 4811 ἐκ
1852 4755 1925 4809 τοὶ

2052 4752 2193 4808 ciem
2225 4751 2477 4822 (legalem
2531 4764 2730 4818 nempe
2773 4746 3201 4814 ordinationem)
3239 4742 3399 4807 lerat,
3466 4741 3639 4812 equi-

360 4856 533 4925 νόμου
568 4856 838 4922 διάταξιν,
870 4857 1016 4926 λέγω
1044 4856 1108 4926 δὴ
1142 4857 1203 4911 τὸ
1249 4854 1324 4927 μὴ
1354 4856 1469 4918 τοῖς
1506 4852 1750 4915 οἰκέταις
1771 4867 1950 4921 παρα-

361 4950 568 5020 χωρεῖν
598 4948 729 5021 περὶ
782 4948 891 5003 τῶν
925 4948 1143 5002 οἰκείων
1202 4946 1546 5018 πραγμάτων
1587 4941 1950 5005 διατίθεσθαι,

2051 4855 2223 4901 tatem
2262 4843 2395 4899 mihi
2431 4850 2614 4897 tamen
2667 4840 2938 4897 excedere
2995 4837 3245 4901 videtur;
3287 4835 3412 4889 dico
3432 4844 3638 4898 autem,

2053 4939 2200 5010 quod
2227 4938 2405 4995 servis
2433 4936 2501 4992 de
2531 4936 2697 4991 rebus
2721 4934 2840 4989 suis
2865 4939 3111 4989 statuere
3136 4944 3245 4985 non
3269 4927 3639 5000 permittitur;

1656 5074 1894 5140 VARUS
1930 5073 2227 5129 LECTION
2236 5072 2343 5129 ES.

362 5261 519 5309 runt.

416 5182 463 5213 ⁹⁶
494 5179 685 5282 Steph.
728 5187 783 5234 et
807 5177 987 5249 Agyl.,
1023 5175 1300 5247 supplent,
1327 5174 1363 5238 ὴ
1396 5173 1601 5245 μήτηρ.
1649 5170 1693 5202 ἰ
1722 5167 1839 5223 Ecl.
1875 5165 2254 5236 ἐντυχηκότος.
2309 5164 2357 5196 ⁹²
2389 5161 2635 5245 Vprbazt
2661 5160 2758 5230 τὴν
2791 5158 2972 5239 ἐλευθ.
3000 5156 3143 5228 apud
3175 5156 3405 5239 Scrimg.
3427 5156 3645 5213 excide-

416 5261 493 5282 ...ρ
619 5249 641 5282 s
668 5249 819 5282 l‘ndA
867 5250 1073 5282 ....z......
1124 5245 1258 5282 Rnnlr
1282 5264 1294 5275 ι
1321 5243 1545 5282 ,Μίνωι
1572 5238 1865 5282 “tantum
1893 5238 1977 5282 vel
2002 5238 2208 5282 ἐκοινε-
2258 5234 2305 5268 οι
2340 5232 2530 5282 Zuich.
2564 5242 2618 5282 et
2649 5230 2872 5282 Meerm.
2893 5245 3083 5282 xuoo:.
3111 5227 3265 5282 Haud
3299 5236 3500 5282 tneote.

619 5227 1300 5319 {codi'ich—ivsivrﬁecitf
1321 5227 1671 5315 κρίνὼνΪΑΙίἰ
1690 5238 1865 5310 κρίνει
1893 5238 1979 5291 vel
2002 5227 2224 5304 ἔκρινε.
2258 5234 2305 5268 ⁸⁸
2340 5232 2530 5289 Zuich.
2564 5242 2618 5289 et
2649 5227 2872 5287 Méerm.
2893 5227 3083 5300 κῦρος.
3111 5227 3265 5283 Haud
3299 5227 3500 5300 inepte.

1903 5345 2132 5405 NOTIE.

443 5457 555 5529 (70)
588 5454 655 5511 Et
677 5457 782 5512 hoc
811 5452 1073 5523 adjicitur
1103 5450 1159 5506 d.
1190 5449 1230 5505 ι.
1262 5449 1314 5512 l,
1363 5446 1501 5503 Cod.
1567 5445 1642 5502 De
1708 5446 1957 5517 postlim.

367 5544 558 5672 re???)
591 5600 657 5653 Et
687 5589 763 5653 ita
791 5597 1093 5668 abrogatur
1121 5592 1161 5648 ι.
1190 5590 1279 5656 ιι,
1312 5586 1369 5643 θ’.
1397 5586 1505 5655 Qui
1532 5595 1663 5643 test.

748 5671 1033 5812 ilibertate,
1067 5745 1189 5812 qua:
1227 5729 1550 5812 necessario
1603 5743 1663 5783 co

468 5729 559 5811 75')
592 5743 728 5794 Data
761 5740 1033 5811 libertate,
1067 5745 1189 5811 qua:
1227 5729 1550 5811 necessario
1603 5741 1962 5811 consequuti:

373 5794 466 5867 tut“
498 5794 832 5876 libertatem,
886 5794 1219 5864 data'eiiam
1276 5802 1560 5866 videntur,
1590 5814 1704 5870 arg.
1738 5794 1875 5864 152,
1908 5794 1962 5849 li‘.

376 5883 453 5939 De
479 5881 760 5953 jurisdict.

2136 5435 2247 5505 (74)
2276 5434 2351 5490 Ea
2386 5434 2492 5489 fuit
2545 5433 2690 5489 ratio
2740 5430 3387 5505 decidendiAveteribus,
3441 5429 3646 5505 dequa

2059 5500 2177 5562 vid.
2216 5500 2251 5562 1⁷.
2293 5508 2349 5572 4,
2384 5509 2437 5560 in
2499 5505 2592 5566 (in.
2653 5507 2691 5560 l.
2740 5504 2828 5567 15,
2871 5504 2925 5560 Π.
2964 5502 3065 5569 Qui
3113 5512 3435 5558 testamenta
3469 5519 3482 5554 :
3516 5500 3553 5554 Ι.
3593 5502 3646 5568 l,

2064 5578 2121 5632 II.
2156 5578 2420 5647 Delegat.
2454 5577 2520 5640 5;
2560 5573 2780 5645 Ulpian.
2816 5575 2908 5647 20,
2941 5572 3091 5647 57H.

2143 5646 2257 5719 (75)
2280 5642 2361 5701 Δί]
2390 5642 2647 5703 eumdem
2694 5645 2924 5719 modum
2946 5642 3095 5719 olim
3119 5642 3294 5699 servis
3316 5643 3504 5719 populi
3543 5642 3651 5697 Ro-

2069 5712 2443 5777 ma‘nitestari
2477 5719 2655 5771 licuit.
2689 5717 2816 5787 Ulp.
2852 5715 2945 5780 20,
2981 5712 3388 5787 iuliusservis‘
3409 5715 3653 5787 privatu-

2075 5805 2192 5847 rum
2215 5799 2311 5841 aut
2344 5788 2592 5845 civitatis
2622 5804 2733 5844 non
2765 5782 2945 5856 licuit,
2976 5787 3014 5842 ι.
3040 5784 3129 5854 16,
3165 5784 3202 5840 Ι.
3230 5784 3320 5858 I7,
3344 5782 3421 5840 ll'.’
3447 5782 3550 5852 Qui
3581 5794 3655 5840 te-

2073 5865 2366 5921 stamenta.
