4048 6452
376 375 479 445 511

1556 363 1837 429 LEOle
1870 359 2331 425 PHILOSOPHI

3549 353 3657 418 512

379 486 477 543 sed
494 498 616 555 qua:
641 481 921 539 laboribus
948 479 1066 534 suis
1090 474 1388 546 arduisque
1411 476 1494 543 (ut
1514 475 1791 545 conjicere
1817 471 1966 541 licet)

2090 470 2209 525 ιλλὰ
2238 471 2346 523 τῶν
2402 470 2664 539 καμάτων
2693 467 2875 522 αὐτῶν
2900 465 2994 523 καὶ
3022 465 3155 529 τῶν,
3186 466 3262 530 ὡς
3290 466 3462 534 εἰκὸς,
3491 482 3658 523 πολύ-

381 576 654 632 molestiis
709 573 1050 643 quaesierint,
1079 588 1142 629 ea
1195 570 1469 640 cujusque
1519 567 1731 622 domini
1771 579 1968 619 manus

380 665 665 739 colligunt.
697 667 775 720 Ac
800 679 935 719 sane
973 663 1160 717 mirari
1191 663 1361 728 subit,
1396 658 1677 730 quomodo
1711 658 1782 712 ab
1806 656 1968 711 initio

380 760 489 813 lata
518 761 598 813 lex
638 757 776 813 nihil
825 755 1224 812 moderationis
1287 768 1465 823 neque
1522 750 1801 821 mquitatis
1839 748 1969 804 huic

380 851 459 905 rei
491 850 823 904 attribuerit.
883 847 1273 901 Verumtamen
1312 844 1348 898 ii
1374 858 1405 898 e
1428 843 1634 913 quibus
1700 851 1827 895 nata
1864 841 1969 893 ista

380 946 463 999 lex
528 954 634 1010 est,
670 953 834 1015 atque
864 944 1001 999 adeo
1033 943 1118 996 lex
1169 942 1290 1012 ipsa
1326 941 1396 997 ab
1430 941 1576 1005 aliis,
1612 950 1673 995 ut
1698 939 1970 1007 cujusque

379 1040 635 1087 voluntas
684 1032 810 1096 l'ert,
848 1032 1238 1102 approbantor.
1275 1029 1385 1101 Ego
1400 1040 1587 1085 autem
1619 1042 1967 1100 nequaquam

381 1123 508 1177 illos
551 1122 744 1193 probo,
799 1138 979 1192 neque
1038 1122 1169 1177 illud
1238 1123 1501 1193 placitum
1540 1122 1593 1176 in
1656 1120 1830 1177 servis
1856 1118 1968 1189 (76)

381 1213 519 1268 meis
573 1213 824 1267 obtinere
876 1216 1101 1267 sinam:
1138 1212 1235 1269 sed
1292 1222 1511 1278 contra,
1580 1213 1798 1282 plenam
1833 1210 1971 1280 ipsis

381 1303 944 1358 adutinistrandarum
1000 1318 1185 1357 rerum
1248 1318 1475 1358 suarum
1518 1311 1851 1372 potestatem
1886 1301 1968 1354 l'a-

381 1402 489 1450 cio.

458 1486 533 1540 Ex
568 1488 674 1540 hoc
698 1488 882 1557 itaque
922 1496 1168 1557 tempore
1204 1488 1258 1541 in
1309 1504 1529 1544 omnem
1589 1486 1969 1558 posteritatem

385 1578 731 1647 imperatoris
793 1579 939 1634 servi
998 1594 1181 1634 rerum
1236 1596 1462 1636 suarum
1517 1595 1710 1634 revera
1762 1578 1970 1633 domini

385 1680 550 1725 sunto
588 1688 601 1724 :
636 1670 708 1724 ita
739 1685 895 1735 sane,
941 1679 1000 1724 ut
1042 1672 1160 1725 sive
1219 1674 1344 1726 sani
1412 1675 1545 1738 sint,
1611 1672 1727 1725 sive
1780 1670 1971 1739 aegroti

384 1770 614 1817 mortem
648 1762 939 1817 imminere
961 1770 1175 1831 putent,
1218 1764 1285 1817 de
1313 1763 1479 1818 rebus
1508 1762 1629 1817 suis
1656 1776 1758 1831 pro
1819 1761 1970 1814 arbi-

2076 567 2253 619 πόνων
2285 562 2501 634 μόχθων
2529 561 2629 631 τὴν
2676 562 2871 630 κτῆσιν
2902 559 3004 629 τὴν
3063 559 3299 613 ἑκάστου
3326 559 3660 633 δεσποτικὴν

2074 660 2235 729 χεῖρα
2254 656 2534 723 συλλέγειν
2570 668 2584 683 ·
2611 654 2709 706 κα¹ι
2730 651 2997 721 θαυμάζω
3017 651 3109 704 τὸν
3139 650 3199 718 ἐξ
3229 652 3405 722 ἀρχῆς
3433 636 3663 723 θέμενον

2073 753 2166 807 τὸν
2192 751 2377 820 νόμον,
2408 749 2524 812 πῶς
2550 747 2704 802 οὐδέν
2733 764 2786 798 τι
2824 746 3044 818 μέτριον
3062 745 3158 797 καὶ
3205 745 3447 809 ἐπιεικὲς
3483 748 3661 817 τούτῳ

2077 845 2427 916 προσένειμε.
2470 840 2616 910 Πλὴν
2660 839 2778 894 ἀλλ’
2820 840 2875 892 οἵ
2905 856 2964 893 τε
2993 838 3232 908 πατέρες
3280 839 3375 891 τοῦ
3416 839 3661 894 τοιούτου

2075 936 2243 1005 νόμον
2274 935 2368 987 καὶ
2407 933 2436 984 ὁ
2474 931 2636 997 νόμος
2692 931 2970 1000 ἐχέτωσαν
3031 929 3184 999 παρὰ
3227 932 3337 994 τοῖς
3374 929 3553 992 ἄλλοις
3602 931 3664 984 τὸ

2078 1026 2400 1090 ἀποδεκτὸν,
2428 1024 2504 1087 ὡς
2535 1026 2569 1095 ἡ
2599 1023 2834 1077 ἑκάστου
2864 1022 3021 1090 φέρει
3055 1022 3272 1092 γνώμη,
3298 1022 3409 1089 ἐγὼ
3440 1022 3498 1075 δὲ
3534 1022 3663 1075 τούο

2075 1137 2190 1183 τοις
2238 1118 2491 1188 οὐδαμῶς
2530 1116 2791 1185 ἀπονέμω
2838 1115 3024 1185 χώραν
3069 1114 3369 1185 ἀποδοχῆς,
3400 1114 3508 1168 οὐδ’
3569 1116 3664 1168 ἐπὶ

2075 1214 2188 1276 τοῖς
2220 1212 2373 1282 ἐμοῖς
2422 1209 2665 1272 οἰκέταις
2713 1208 3058 1278 συγχωρήσω
3114 1206 3330 1261 κεῖσθαι
3373 1208 3435 1259 τὸ
3460 1209 3660 1277 δόγμα,

2078 1304 2260 1357 πᾶσαν
2297 1302 2482 1356 ἄδειαν
2521 1301 2651 1370 περὶ
2679 1300 2780 1367 τῆς
2811 1299 2920 1353 τῶν
2952 1299 3297 1370 πραγμάτων
3338 1298 3663 1370 διοικήσεως

2077 1394 2289 1455 τούτοις
2318 1392 2693 1462 παρεχόμενος
2722 1391 2794 1443 ³⁸.

2145 1485 2453 1556 Τοιγαροῦν
2507 1484 2616 1537 ἀπὸ
2657 1482 2751 1535 τοῦ
2783 1482 2879 1535 νῦν
2927 1482 3023 1536 καὶ
3074 1481 3209 1552 πρὸς
3239 1482 3331 1536 τὸν
3369 1484 3665 1551 μετέπειτα

2081 1579 2194 1650 βίον
2211 1579 2454 1631 ἔστωσαν
2481 1576 2530 1628 οἱ
2549 1574 2812 1645 βασιλέως
2846 1574 3057 1627 οἰκέται
3082 1573 3343 1627 τὰοίκεῖα
3363 1577 3666 1646 πράγματα

2078 1671 2293 1741 ἀληθῶς
2357 1670 2535 1722 οἰκεῖα
2578 1665 2932 1736 κεκτημένοι,
2991 1666 3049 1717 ὲν
3092 1663 3170 1734 τῷ
3226 1663 3301 1735 μὴ
3357 1665 3453 1735 τὴν
3516 1665 3665 1733 ἐξου-

2081 1768 2203 1822 σίαν
2256 1763 2611 1836 ἀφαιρεῖσθαι
2662 1762 2737 1824 ὠς
2793 1760 2860 1814 ἂν
2925 1758 3220 1829 βούλωνται
3286 1760 3416 1828 περὶ
3486 1761 3667 1812 αὐτῶν

383 1853 494 1906 trio
550 1852 828 1907 statuendi
906 1861 1177 1922 potestate
1223 1869 1333 1907 non
1394 1858 1683 1923 priventur
1723 1892 1738 1917 ,
1786 1867 1968 1921 neque

2090 1858 2318 1931 Βρίζειν,
2372 1857 2436 1909 ἄν
2484 1872 2545 1908 τε
2606 1853 2742 1922 πρὸς
2799 1851 2951 1921 ἡλίου
3015 1851 3191 1918 αὐγὰς
3258 1851 3667 1921 περιστρέφων-

386 1946 666 2001 servitutis
713 1946 933 1999 nomine
958 1960 1024 1999 ex
1060 1959 1244 1999 rerum
1312 1960 1453 2014 quas
1488 1941 1846 2014 possederint
1875 1941 1977 1995 do-

386 2036 559 2090 minio
610 2035 977 2106 expellantur.
1018 2034 1094 2090 De
1144 2036 1497 2106 imperatoris
1564 2034 1737 2105 igitur
1802 2033 1981 2088 servis

388 2136 505 2190 haec
563 2136 778 2190 noviter
836 2136 947 2189 lata
993 2136 1081 2189 lex
1136 2143 1280 2197 esto,
1332 2135 1689 2205 vigoremque
1749 2130 1979 2185 habeto.

388 2227 805 2300 Magistratibus
858 2237 1040 2283 autem
1075 2229 1411 2297 reliquaeque
1446 2226 1781 2297 promiscuae
1812 2223 1979 2293 plebi,

390 2320 437 2376 si
470 2320 599 2375 huic
630 2328 820 2375 nostro
847 2319 1053 2389 placito
1101 2320 1461 2388 acquiescere
1490 2317 1689 2381 nolint,
1725 2314 1793 2369 ad
1826 2322 1982 2369 vetor

392 2425 511 2467 rem
550 2410 620 2465 de
643 2411 944 2465 servilibus
1000 2410 1162 2465 bonis
1200 2410 1372 2479 legem
1411 2407 1692 2478 respicere
1724 2404 1808 2461 l‘as
1841 2413 1983 2462 esto.

806 2713 1285 2773 CONSTITUTIO
1333 2711 1574 2768 XXXIX.

400 2836 466 2894 Ut
497 2833 749 2907 prodigus
774 2848 893 2903 qua
945 2847 1009 2887 εκ
1043 2847 1098 2884 re
1129 2830 1296 2952 ipsi)!“
1354 2829 1458 2883 sint
1491 2826 1605 2897 (77)
1671 2825 1844 2895 facere
1870 2822 1983 2890 (78)

1098 2917 1238 2952 voss:
1272 2938 1285 2952 .

1096 2917 1285 2970 possit.

465 2995 609 3051 Idem
646 2996 947 3066 imperator
975 2992 1152 3048 eidem
1191 2989 1462 3060 Styliano.

468 3083 780 3140 Mortalium
817 3098 980 3138 nemo
1013 3082 1079 3135 ad
1115 3096 1237 3135 eam
1265 3078 1670 3134 absolutionem
1712 3079 1986 3148 pervenit,

2083 1965 2192 2011 ται,
2251 1948 2317 2001 ἄν
2352 1962 2411 1998 τε
2440 1944 2531 1997 τὸν
2577 1942 2691 2013 βίον
2737 1935 2838 1995 ὦσι
2896 1940 3281 2005 καταλύοντες,
3318 1941 3441 2011 μηδ’
3500 1941 3668 1993 ἕνεκα

2083 2039 2182 2110 τῆς
2232 2036 2478 2100 δουλείας
2535 2028 2610 2088 ὦν
2682 2034 2926 2104 ὑπῆρχον
2960 2033 3139 2103 κύριοι
3198 2034 3539 2103 πραγμάτων
3586 2032 3670 2098 ἐξ·

2085 2130 2392 2200 ωθούμενοι
2447 2128 2547 2197 τῆς
2580 2126 2923 2197 κυριότητος.
2954 2125 3089 2195 Περὶ
3122 2124 3221 2194 μὲν
3253 2123 3345 2177 οὖν
3406 2124 3669 2195 βασιλέως

2085 2224 2314 2279 οἰκετῶν
2349 2215 2505 2283 οὗτος
2544 2217 2876 2272 κεκαινίσθω
2898 2219 2994 2270 καὶ
3033 2218 3305 2289 κρατείτω
3337 2217 3520 2287 νόμος,
3552 2222 3667 2281 τοῖς

2085 2319 2132 2372 δ’
2152 2318 2381 2387 ἄρχουσι
2412 2314 2511 2367 καὶ
2532 2312 2612 2383 τῷ
2634 2311 2779 2381 ἄλλῳ
2807 2310 2907 2380 τῆς
2938 2309 3220 2373 πολιτείας
3243 2293 3595 2381 πληρώματι,
3618 2311 3674 2362 εἰ

2086 2427 2150 2477 γε
2185 2407 2260 2478 μὴ
2292 2405 2567 2476 βούλοιντο
2594 2402 2728 2474 πρὸς
2760 2402 2860 2472 τὴν
2889 2402 3169 2473 ἡμετέραν
3189 2403 3414 2471 γνώμην
3435 2404 3670 2474 άφορᾷν,

2086 2500 2304 2565 ἐξέσται
2346 2498 2484 2571 πρὸς
2516 2496 2607 2548 τὸν
2639 2494 2869 2567 ἀρχαῐον
2913 2492 3047 2564 περὶ
3090 2491 3199 2545 τῶν
3227 2490 3489 2546 δουλικῶν
3532 2511 3675 2565 πρα-

2088 2590 2319 2662 γμάτων
2349 2590 2513 2660 νόμον
2537 2589 2693 2660 ὀρᾷν.

2604 2701 2919 2755 ΔΙΑΤΑΞΙΣ
2969 2700 3073 2754 AB’
3107 2699 3174 2754 ’⁸.

2090 2821 2231 2891 Περὶ
2259 2819 2367 2874 τοῦ
2406 2818 2516 2873 τὸν
2558 2817 2797 2872 ἄσωτον
2832 2814 2907 2868 τὰ
2960 2814 3348 2883 συμφέροντα
3403 2812 3673 2869 διοικεῖν.

2179 2979 2236 3033 Ὀ
2266 2976 2425 3039 αὐτὸς
2454 2974 2707 3044 βασιλεὺς
2738 2972 3011 3043 Στυλιανῷ
3041 2971 3116 3043 τῷ
3151 2970 3319 3041 αὐτῷ.

2168 3070 2359 3133 Οὐδεὶς
2387 3071 2445 3122 ἐν
2486 3066 2795 3137 ἀνθρώποις
2826 3066 3000 3129 οὕτως
3034 3068 3113 3128 εἰς
3164 3065 3333 3133 ἄκρον
3367 3063 3677 3134 κατήντησε

396 3188 599 3233 utnon
632 3176 869 3232 obnoxie
919 3171 1212 3243 aliquando
1275 3187 1365 3226 res
1422 3186 1550 3225 suas
1598 3179 1780 3241 gerat;
1817 3188 1983 3240 neque

2094 3163 2455 3233 τελειότητος,
2482 3159 2559 3223 ὡς
2603 3159 2873 3229 μηδέποτε
2900 3158 3221 3228 ἀσύμφορόν
3251 3173 3303 3207 τι
3325 3153 3503 3224 ἑαυτῷ
3532 3170 3677 3222 πρα-

397 3270 693 3339 quisquam
736 3267 813 3337 (ni
845 3264 1029 3331 l'all0r)
1070 3264 1143 3316 ita
1206 3262 1436 3333 desipit,
1469 3262 1601 3332 quin
1658 3262 1854 3317 crebro
1885 3264 1990 3318 sibi

401 3362 555 3417 utilis
589 3364 717 3416 esse
749 3358 947 3429 possit.
972 3356 1162 3427 Neque
1192 3356 1337 3409 enim
1363 3356 1455 3424 qui
1485 3355 1538 3408 in
1571 3354 1828 3411 omnibus
1860 3370 1992 3423 pru-

397 3456 602 3510 dentim
649 3469 763 3509 sua:
820 3452 960 3517 ﬁdit,
997 3451 1147 3504 hunc
1182 3450 1366 3504 omnia
1427 3448 1994 3518 irreprehensibiliter

401 3549 584 3604 facere
617 3547 749 3603 sinit
777 3546 923 3600 Deus
960 3562 973 3597 :
1008 3560 1186 3613 neque
1218 3542 1383 3603 idem,
1414 3557 1538 3595 cum
1582 3553 1799 3595 creator
1844 3556 1994 3594 crea-

401 3653 649 3711 tumque
679 3655 792 3695 suae
815 3645 1038 3693 curator
1064 3637 1154 3701 sit,
1191 3635 1392 3689 mentis
1421 3634 1638 3705 inopem
1678 3648 1773 3703 per
1806 3634 1991 3686 omnia

410 3751 474 3787 ex
500 3730 873 3803 imprudentia
909 3729 1169 3784 frustrari
1224 3725 1514 3796 permittit.
1581 3722 1852 3778 Prarfatus
1892 3725 1994 3777 hoc

402 3842 525 3881 smn
582 3832 806 3893 prOptcr
872 3821 1018 3875 illam
1055 3821 1226 3890 legem
1258 3816 1396 3887 (79),
1455 3832 1577 3885 quae
1611 3819 1898 3885 prodigum
1927 3816 1996 3870 de

405 3918 571 3973 rebus
600 3916 719 3970 suis
742 3914 1042 3985 quidquam
1076 3921 1170 3965 aut
1190 3911 1327 3966 velle
1350 3915 1443 3963 aut
1467 3918 1710 3963 statuere
1739 3909 1997 3963 omnibus

406 4010 586 4065 modis
617 4007 895 4078 prohibet.
926 4003 1103 4071 Quam
1146 4003 1367 4074 quidem
1404 4001 1600 4072 legem,
1637 3999 1907 4069 conjectis
1940 4001 1995 4054 in

403 4118 493 4158 res
524 4112 709 4172 gestas
748 4098 949 4161 oculis,
993 4111 1091 4165 pro
1133 4095 1354 4148 illarum
1388 4094 1623 4152 ratione,
1660 4107 1768 4144 non
1809 4099 1992 4143 autem

405 4197 482 4249 ita
518 4192 847 4262 simpliciter
917 4190 1139 4245 sancire
1177 4227 1192 4253 ,
1224 4197 1279 4242 et
1319 4188 1365 4242 si
1413 4184 1547 4256 quid
1605 4184 1871 4237 inutiliter
1903 4198 1998 4252 ge-

405 4296 554 4344 stum
593 4292 763 4347 esset,
829 4297 938 4335 non
995 4279 1329 4341 admittere,
1360 4279 1412 4331 in
1456 4291 1566 4346 quo
1630 4290 1759 4329 vero
1811 4276 1995 4345 aliqua

406 4378 616 4433 utilitas
668 4382 997 4438 verteretur,
1023 4371 1076 4427 id
1132 4371 1421 4441 suscipere
1477 4369 1786 4438 oportebat.
1841 4367 1998 4421 Nunc

406 4486 542 4527 vero
579 4470 713 4523 nihil
756 4465 1068 4522 istiusmodi
1102 4463 1435 4534 praescribit,
1464 4462 1559 4516 sed
1592 4461 1646 4514 in
1678 4460 1994 4515 universum

2094 3250 2466 3324 γματεύεσθαι
2500 3290 2515 3315 ,
2583 3251 2675 3301 καὶ
2730 3248 2908 3312 οὐδεὶς
2963 3246 3136 3309 οὕτως
3207 3240 3361 3315 οἶμαι
3412 3241 3678 3313 δυστυχὴς

2095 3346 2278 3417 ἄκρως
2306 3345 2384 3405 είς
2420 3342 2646 3414 φρένας,
2667 3342 2741 3404 ὣς
2777 3340 2851 3411 μὴ
2881 3339 3144 3399 πολλάκις
3181 3336 3361 3407 ἑαυτῴ
3398 3336 3675 3406 χρήσιμος

2094 3436 2370 3505 γενέσθαι.
2398 3433 2536 3486 Ούτε
2579 3434 2688 3502 γὰρ
2732 3433 2823 3485 τὸν
2881 3432 3055 3500 πάντη
3092 3431 3158 3499 τῇ
3210 3426 3406 3481 ἑαυτοῦ
3463 3425 3680 3479 συνέσει

2096 3524 2404 3595 θαρροῦντα
2436 3522 2616 3576 πάντα
2646 3521 2907 3593 πράττειν
2930 3518 3285 3589 ἀνεμεσήτως
3325 3518 3390 3588 ὲᾷ
3418 3516 3478 3570 τὸ
3502 3516 3678 3579 Θείον,

2096 3615 2220 3669 οὔτε
2264 3616 2355 3669 τὸν
2390 3615 2549 3668 ἐνδεᾶ
2578 3613 2846 3675 συνέσεως
2887 3612 3133 3681 πλάστης
3177 3608 3253 3663 ὢν
3280 3610 3375 3661 καὶ
3420 3606 3515 3660 τοῦ
3549 3607 3680 3659 ἰδίου

2098 3709 2416 3777 πλάσματος
2447 3706 2703 3777 κηδεμὼν
2731 3704 2824 3758 διὰ
2852 3704 3050 3766 παντὸς
3085 3703 3282 3773 ἀφίησι
3322 3704 3390 3771 τῇ
3419 3701 3682 3771 ἀσυνεσῐᾳ

2100 3799 2450 3867 σφάλλεσθαι.
2489 3797 2663 3850 Τοῦτο
2702 3796 3185 3868 ὲπροοιμιασάμην
3235 3793 3304 3847 δι’
3338 3794 3545 3846 ἐκεῖνον
3590 3792 3683 3844 τὸν

2098 3894 2286 3963 νόμον,
2315 3893 2374 3956 ὃς
2430 3892 2782 3945 παντάπασιν
2830 3888 3142 3943 ἀποκωλύει
3188 3886 3280 3939 τὸν
3316 3886 3522 3939 ἄσωτον
3555 3886 3685 3954 περὶ

2098 3986 2207 4037 τῶν
2246 3982 2515 4052 οἰκείωνῆ
2560 3981 2852 4053 βούλεσθαί
2880 3999 2934 4034 τι
2966 3980 3000 4052 ἡ
3031 3978 3388 4033 διατίθεσθαι.
3418 3974 3684 4044 Καίτοιγε

2100 4078 2266 4147 ἐχρῆν
2288 4075 2560 4147 ἐνορῶντα
2593 4075 2671 4138 είς
2699 4074 2770 4127 τὰ
2789 4072 3074 4143 οἱκονομού
3085 4088 3223 4142 μενα
3260 4071 3394 4140 πρὸς
3417 4069 3518 4138 τὴν
3538 4066 3684 4121 ὲκεί-

2099 4188 2206 4223 νων
2259 4169 2537 4232 θεσπίζειν
2572 4168 2927 4232 κατάστασιν,
2957 4166 3095 4220 ἀλλὰ
3143 4165 3218 4235 μὴ
3269 4163 3441 4225 οὕτως
3470 4160 3682 4226 ἁπλῶς,

2100 4267 2196 4318 καὶ
2243 4263 2292 4315 εἰ
2339 4262 2440 4332 μὲν
2469 4262 2513 4293 ³⁷
2564 4260 2885 4331 ἀσύμφορόν
2914 4276 2966 4312 τι
2997 4257 3394 4328 διῳκονόμητο,
3428 4255 3503 4326 μὴ
3532 4254 3686 4323 δέχε-

2103 4358 2253 4422 σθαι,
2288 4356 2416 4409 εἰδὲ
2477 4354 2777 4417 λυσιτελὲς,
2812 4349 3244 4421 καταδέχεσθαιο
3277 4348 3373 4402 νῦν
3428 4347 3484 4401 δὲ
3534 4346 3687 4399 οὐδὲν

2100 4451 2344 4505 τοιοῦτον
2364 4446 2611 4517 διορίζει,
2633 4445 2769 4498 ἀλλὰ
2785 4442 3045 4509 καθάπαξ
3074 4439 3355 4497 ἀποκλείει
3383 4438 3462 4509 τῷ
3488 4436 3689 4506 ἀσώτῳ

406 4564 635 4636 prodigo
668 4562 736 4616 de
768 4559 936 4616 rebus
972 4557 1091 4612 suis
1123 4553 1471 4612 consultandi
1529 4558 1853 4622 potestatem
1884 4552 1983 4606 adi

2100 4544 2201 4613 τὴν
2249 4542 2378 4613 περὶ
2429 4539 2539 4593 τῶν
2599 4538 2817 4592 οἰκείων
2861 4535 3077 4606 βουλήν.

407 4659 528 4713 mit.

480 4749 539 4804 Id
566 4761 667 4801 nos
691 4751 845 4799 recto
874 4741 1082 4812 judicio
1108 4753 1218 4793 non
1260 4737 1563 4805 convenire
1580 4736 1890 4807 suspicati,
1917 4736 1998 4790 le-

407 4858 530 4913 gem
566 4840 714 4894 illaut
751 4836 1088 4893 relaxantes,
1127 4829 1449 4893 statuimus,
1482 4836 1539 4881 ut
1581 4843 1703 4897 quae
1726 4828 1996 4897 judicium

411 4944 706 4988 erroneum
725 4924 984 4997 quodque
1007 4920 1296 4992 prodigum
1320 4919 1589 4988 designet,
1611 4919 1801 4982 dictet,
1821 4933 1998 4986 neque

412 5022 829 5095 approbatione,
855 5031 1033 5086 neque
1049 5014 1190 5069 conli
1202 5012 1471 5065 rtnatione
1487 5010 1651 5081 digna
1674 5010 1942 5064 haheantu
1954 5024 1996 5072 r,

2174 4718 2345 4773 Τοῦτο
2373 4719 2532 4789 ἡμεῖς
2555 4715 2690 4787 ὀρθῇ
2716 4715 2883 4783 ψήφῳ
2914 4713 2989 4783 μὴ
3034 4710 3333 4781 προσήκειν
3378 4705 3690 4777 ὑπολαμδά-

2104 4824 2289 4871 νοντες
2323 4804 2759 4873 διαστειλάμενοι
2803 4800 3137 4870 θεσπίζομεν
3189 4798 3256 4860 9⁸,
3319 4796 3355 4851 ἃ
3414 4797 3514 4867 μὲν
3569 4797 3691 4865 κρί-

2108 4916 2192 4963 σις
2217 4898 2535 4968 ὲσφαλμένη
2559 4896 2764 4950 καὶτὸν
2787 4895 2995 4949 ἄσωτον
3016 4892 3498 4963 χαρακτηρίζουσα
3517 4889 3688 4957 λέγει,

2113 4994 2251 5064 μήτε
2309 4990 2579 5060 ἀποδοχῆς
2635 4990 2773 5059 μήτε
2843 4986 3136 5056 κυρώσεως
3202 4983 3610 5046 ἀξιούσθωσαν,
3654 4980 3695 5033 ἂ

1732 5163 1970 5218 VARIA'}
2009 5158 2420 5217 LECTIONES.

460 5270 507 5301 "
540 5266 711 5323 Codd.
732 5265 914 5319 ἄδειαν
951 5260 1322 5331 παρεχόμενον
1338 5258 1476 5331 περὶ⁵
1500 5257 1599 5328 τῆς
1622 5286 1694 5298 -
1717 5256 1929 5318 τούτοις
1972 5252 2306 5323 παρέχομαι.
2397 5248 2445 5281 ³⁸
2476 5244 2591 5300 Ecl.
2627 5241 2764 5297 Nov.
2795 5240 2887 5294 24.

413 5339 589 5395 Codd.
619 5338 722 5391 κᾶν
758 5337 856 5406 μή.
932 5332 978 5364 ⁵³⁸
1006 5329 1201 5399 Incipit
1256 5329 1368 5383 Ecl.

2996 5238 3042 5270 ⁸⁷
3064 5236 3139 5291 lta
3162 5251 3307 5291 corr.
3339 5234 3693 5305 Stephanus;

1949 5433 2184 5491 ΝΟΤᾹ).

495 5551 608 5623 (76)
647 5550 752 5606 Lex
776 5560 859 5606 est
881 5546 1161 5623 specialis,
1182 5560 1305 5615 qua:
1335 5541 1404 5623 ad
1435 5555 1629 5620 omnes
1663 5548 1852 5623 servos
1889 5547 1994 5614 non

420 5606 759 5693 porrigitur:
793 5606 1068 5693 interdum
1119 5606 1302 5693 tamen
1372 5611 1726 5693 humaniores
1780 5606 1994 5685 domini

422 5677 603 5747 servi;
640 5692 831 5746 testari
870 5690 1290 5754 permittebant;
1338 5682 1437 5739 sed
1483 5682 1627 5736 inter
1656 5677 1996 5732 domesticos

424 5766 662 5816 tantum.
688 5761 812 5817 Vid.
841 5759 980 5812 Plin.
1010 5757 1062 5821 8,
1089 5772 1141 5811 c.
1171 5755 1258 5809 16.

499 5828 609 5897 (77)
643 5813 1145 5897 τάγῗσνυμιρὲροντα,
1196 5834 1251 5879 ct
1304 5825 1380 5879 ita
1422 5822 1716 5891 abrogatur
1739 5814 1766 5887 ᾗ
1791 5815 1826 5869 2
1864 5813 1997 5869 Inst.

2104 5532 2273 5597 Quib.
2297 5546 2402 5583 non
2433 5536 2516 5583 est
2538 5527 2793 5597 permiss.
2824 5522 2953 5579 facit
2986 5524 3022 5577 l.
3052 5522 3101 5586 l,
3123 5520 3178 5573 ll‘.
3215 5520 3289 5574 De
3310 5515 3697 5583 curatoribus;

2106 5543 2273 5597 uult).
2297 5546 2402 5583 non
2433 5543 2516 5583 ρει
2573 5543 2793 5582 ermtss.
2824 5543 2873 5578 Ia

2106 5603 2194 5655 vid
2243 5603 2280 5653 I.
2317 5601 2403 5663 18,
2438 5599 2494 5652 Π.
2524 5543 2627 5663 ὃιιὶ
2657 5607 2875 5651 testam.

2184 5672 2293 5741 (78)
2328 5654 2463 5741 Tum
2500 5654 2641 5741 initer
2677 5668 2985 5741 yiv‘os,_ln_m
3005 5662 3215 5741 mortis
3241 5673 3409 5716 causa
3426 5656 3471 5727 j.
3497 5654 3623 5711 eod.

2187 5732 2389 5811 (ΗΠ).
2431 5739 2457 5809 §
2502 5734 2962 5806 Ξ;ύ.1.1;ἀ.1.
2997 5732 3083 5787 18.
