4048 6438
378 355 488 419 513

1494 358 1859 419 NOVELL/E
1894 358 2573 422 CONSTlTUTIONES.

3541 362 3645 428 5M

377 466 437 520 δὲ
488 466 625 534 πρὸς
675 465 739 518 τὸ
786 466 1062 531 λυσιτελὲς
1108 471 1233 542 ὁρᾷ,
1293 470 1557 540 μηδαμῶς
1616 470 1960 524 ἀναπόδεκτα

2069 485 2185 540 quae
2206 486 2334 526 vero
2356 473 2422 527 ad
2449 472 2742 527 utilitatem
2767 480 3036 542 spectant,
3065 471 3462 542 suscipiantur,
3483 484 3649 544 atque

378 552 675 623 τυγχάνειν
712 555 834 623 μηδ’
865 556 1178 613 ἀθετεῖσθαι
1207 560 1277 613 ’⁸.
1323 559 1391 612 Τί
1420 559 1548 628 γὰρ,
1582 562 1633 613 εἰ
1684 562 1714 613 ὁ
1754 560 1963 622 ἄσωτος

386 647 592 716 κλῆρον
640 650 753 711 τοῖς
808 650 1033 715 οἰκείοις
1075 651 1341 724 ἐϐουλήθη
1386 654 1728 719 καταλιπεῖν,
1774 654 1809 724 ἢ
1863 654 1963 707 πέ-

384 755 508 808 νησι
564 738 633 791 τὰ
684 739 883 793 ἑαυτθῦ
941 740 1238 813 διανεῖμαι,
1291 745 1325 815 ἢ
1379 746 1605 798 οίκετῶν
1649 745 1740 797 τὸν
1776 743 1964 815 ’βαρὺν

379 830 478 899 τῆς
526 828 773 892 δουλείας
822 829 1189 900 άπαυχενίσαι
1231 833 1431 897 κλοιὸν,
1461 830 1549 903 ἆρ’
1598 834 1681 887 ὅτι
1731 834 1961 896 ἄσωτος,

380 914 470 968 διὰ
494 915 655 968 τοῦτο
684 916 760 986 μὴ
789 917 991 980 ἐξεῖναι
1026 918 1043 947 ¹
1083 918 1234 988 αὑτῷ
1280 919 1506 973 τοιαῦτα
1561 918 1846 988 βούλεσθαι
1896 920 1917 950 ⁸
1945 935 1961 984 ξ

381 1006 446 1058 Τί
503 1007 594 1071 δὲ,
650 1009 699 1060 εί
750 1008 952 1079 χωρίον
1002 1008 1142 1080 ἔχων
1199 1010 1375 1081 ἑαυτῷ
1426 1010 1755 1082 ἐπιζήμιον,
1805 1008 1965 1070 ἄλλος

381 1098 439 1149 δέ
502 1116 585 1161 τις
650 1100 759 1152 τῶν
822 1100 1137 1172 δυναμένων
1205 1101 1544 1170 θεραπεῦσαι
1604 1101 1706 1171 τὴν
1734 1099 1961 1169 ζημίαν,

384 1189 667 1260 βουληθεὶς
700 1189 867 1243 αὑτοῦ
920 1194 977 1244 ἐν
1024 1193 1217 1263 κτήσει
1260 1192 1538 1261 γενέσθαι,
1573 1191 1736 1244 πλέον
1775 1191 1809 1261 ἢ
1837 1192 1963 1244 ὅσου

383 1281 531 1346 ἄξιον
596 1282 658 1333 τὸ
720 1283 922 1355 χωρίον
996 1284 1295 1348 ἀντιδιδοὺς
1356 1284 1551 1352 ἐκείνῳ
1611 1284 1712 1354 τὴν
1761 1282 1965 1353 ζημίαν

384 1370 656 1437 κουφίζει,
689 1366 779 1442 ἆρ’
812 1372 846 1441 ἠ
896 1373 1136 1425 άσωτεία
1174 1374 1273 1443 τὴν
1332 1374 1525 1441 ἐκείνῳ
1581 1372 1965 1443 συμφέρουσαν

385 1461 479 1513 καὶ
532 1459 727 1532 βουλὴν
794 1461 888 1514 καὶ
952 1462 1339 1533 πραγματείαν
1394 1462 1635 1530 nonnisi;
1691 1461 1807 1515 ἀλλ’
1866 1462 1966 1533 οὐχ

382 1552 494 1622 ὁρῶ
550 1552 643 1605 τὸν
717 1554 936 1622 τρόπον.
1010 1554 1188 1625 Ὅπερ
1247 1550 1341 1607 οὖν
1393 1555 1551 1623 ἔφην,
1607 1554 1718 1607 τῶν
1788 1570 1967 1624 πραγ-

389 1644 576 1712 μάτων
603 1642 1051 1714 τηρείσθωσαναί
1068 1646 1435 1709 καταστάσεις
1458 1663 1472 1677 ·
1506 1645 1608 1699 κᾶν
1634 1645 1734 1716 μὲν
1760 1647 1966 1699 ἐκεῖναι

383 1735 538 1787 οὐδέν
592 1752 646 1787 τι
694 1734 791 1788 τοῦ
848 1736 1059 1790 ἀσώτου
1110 1736 1311 1807 τρόπον
1370 1737 1672 1807 ὀφθείησαν
1720 1734 1962 1807 ἔχουσαι,

2066 576 2411 632 nequaquam
2430 562 2812 633 reprobeutur.
2830 562 2975 629 Quid
2993 563 3163 629 enim,
3187 564 3233 620 si
3254 564 3366 634 (80)
3387 566 3651 635 prodigus

2064 660 2159 706 aut
2181 653 2550 709 luereditatem
2571 655 2902 709 necessariis
2921 652 3039 709 suis
3057 655 3387 724 relinquere,
3403 664 3499 709 aut
3516 670 3654 725 pau-

2064 744 2289 813 peribus
2317 757 2418 798 sua
2444 744 2800 811 distribuere,
2837 754 2931 800 aut
2956 745 3196 814 denique
3228 759 3451 815 gravem
3473 747 3654 801 servi-

2065 835 2197 889 tutis
2242 842 2494 905 torquem
2539 851 2822 891 servorum
2855 837 3167 892 cervicibus
3197 837 3442 894 adimere
3482 836 3654 891 velit?

2064 926 2144 980 Au
2178 926 2301 980 ideo
2339 926 2483 996 quod
2520 928 2785 997 prodigus
2834 934 2939 993 est,
2970 927 3021 981 id
3052 928 3129 981 illi
3165 942 3273 982 non
3307 927 3472 984 licere
3508 929 3653 983 velle

2065 1017 2403 1072 dicendum?
2451 1016 2595 1084 Quid
2632 1020 2701 1084 si,
2732 1034 2857 1073 cum
2889 1018 3155 1088 praedium
3186 1019 3516 1074 damnosum
3550 1019 3651 1071 bu—

2066 1107 2215 1172 beat,
2272 1111 2411 1163 alter
2471 1110 2773 1180 quispiam,
2836 1111 2930 1180 qui
2993 1111 3129 1165 vitio
3193 1112 3398 1165 mederi
3452 1111 3650 1180 possit,

2064 1202 2274 1272 majore
2296 1202 2472 1272 pretio
2498 1218 2665 1273 quam
2702 1204 2894 1272 quanti
2926 1204 3187 1272 praedium
3241 1203 3334 1265 sit,
3360 1202 3412 1256 id
3444 1217 3650 1266 emere,

2065 1294 2356 1363 ipsumque
2380 1296 2582 1349 damno
2614 1295 2796 1350 levare
2823 1295 2989 1349 velit?
3017 1295 3097 1349 An
3123 1296 3505 1365 prodigalitas,
3539 1310 3652 1366 quo

2066 1386 2249 1441 minus
2283 1387 2375 1441 ille
2401 1388 2507 1442 sibi
2541 1387 2823 1452 consulat,
2863 1388 3076 1442 utiliter
3108 1389 3441 1457 negotietur,
3475 1389 3654 1457 impe-

2065 1475 2310 1532 dietiAt
2352 1478 2622 1533 rationem
2666 1492 2775 1531 nou
2828 1477 3010 1532 video.
3060 1477 3215 1543 Quod
3274 1480 3460 1546 itaque
3514 1479 3651 1543 dixi,

2066 1580 2250 1620 rerum
2297 1576 2576 1636 gestarum
2636 1568 2889 1624 conditio
2919 1569 3246 1623 observator
3283 1586 3297 1622 :
3335 1577 3388 1624 et
3412 1569 3457 1623 si
3496 1570 3548 1623 in
3586 1586 3652 1624 ea

2067 1656 2276 1726 prodigi
2309 1657 2428 1727 (81)
2462 1674 2643 1714 mores
2669 1675 2783 1715 non
2802 1662 3249 1731 conspiciantur,
3289 1663 3434 1731 quod
3469 1671 3652 1717 actum

2066 1756 2152 1802 est
2175 1756 2356 1802 ratum
2390 1758 2513 1805 esto
2547 1768 2559 1804 :
2589 1750 2635 1806 si
2672 1766 2851 1806 veroa
2884 1751 3139 1821 prudenti
3180 1766 3364 1806 rerum
3403 1754 3654 1822 gestione

386 1821 524 1878 εἶναι
556 1825 811 1895 βεὸαίους
840 1826 941 1889 τὰς
988 1827 1288 1896 διατάξεις,
1352 1830 1401 1880 εί
1452 1828 1499 1882 δ’
1549 1829 1963 1899 ἁμαρτάνουσαι

2069 1840 2380 1895 aberratum
2435 1858 2560 1897 esse
2612 1807 2899 1912 appareat:
2938 1842 2990 1899 id
3020 1859 3200 1913 neque
3252 1807 3654 1916 apprebatione

383 1915 478 1968 τοῦ
531 1916 809 1986 σώφρονος
855 1916 1118 1987 λογισμοῦ
1164 1918 1460 1986 φαίνοιντο,
1519 1918 1646 1989 μήτ’
1697 1919 1966 1989 ἀποδοχῆς

388 2006 526 2077 μήτε
549 2004 895 2076 βεϐαιώσεως
916 2006 1315 2074 ἀξιούσθωσαν.

929 2097 1240 2152 ΔΙΔΤΑΞΙΣ
1267 2099 1336 2151 Μ’
1369 2099 1411 2152 ³.

387 2185 524 2253 Περὶ
566 2185 671 2239 τοῦ
700 2186 859 2257 τοὺς
905 2187 973 2241 ἐν
1019 2190 1399 2257 αἰχμαλωσίᾳ
1443 2189 1808 2243 διατίθεσθαι
1864 2192 1963 2244 καί

456 2257 586 2322 περὶ
620 2255 728 2308 τοῦ
763 2256 849 2325 μὴ
893 2255 1331 2324 εἰσκομίζεσθαι
1371 2255 1520 2325 τοὺς
1558 2259 1793 2325 οίκέτας
1850 2259 1966 2313 τῶν

459 2324 784 2379 ἀδωθέτων
805 2327 901 2379 καὶ
932 2327 1439 2397 ἀκληρονομήτων
1465 2324 1884 2384 τελευτώντων
1920 2330 1961 2382 δ.

467 2413 524 2466 ὐ
554 2415 717 2477 αὐτὸς
745 2414 998 2483 βασιλεὺς
1029 2415 1306 2488 Στυλιανῷ
1330 2417 1408 2488 τῷ
1437 2419 1605 2491 αὐτῷ.

454 2507 515 2558 Οἱ
550 2505 717 2559 πάλαι
742 2506 842 2576 τῆς
871 2503 980 2560 τῶν
1034 2506 1215 2578 νόμων
1277 2508 1548 2574 ἐκθέσεως
1599 2513 1963 2583 πεποιημένοι

381 2597 479 2668 τὴν
512 2599 770 2669 πρόνοιαν
798 2599 970 2653 πολλὰ
998 2599 1107 2653 τῶν
1137 2601 1233 2654 τοῦ
1273 2601 1391 2672 βίου
1430 2604 1566 2675 πρὸς
1623 2606 1964 2660 κατάστασιν

384 2689 706 2756 ἀγαγόντες,
743 2691 838 2743 καὶ
876 2690 1176 2762 μαρτύριον
1208 2693 1391 2747 ίκανδν
1427 2694 1527 2765 τῆς
1564 2696 1742 2749 αὐτῶν
1772 2697 1964 2767 φιλαν-

384 2779 603 2849 θρώπου
655 2780 882 2851 γνώμης
921 2784 1049 2844 τοὺς
1079 2782 1278 2851 νόμους
1313 2783 1433 2837 καθ’
1482 2783 1576 2847 οὓς
1625 2787 1659 2857 ἡ
1720 2787 1964 2841 πολιτεία

380 2874 737 2927 διευθετεῖται
771 2873 1249 2940 καταλελοιπότες,
1293 2878 1395 2931 οὐκ
1432 2872 1547 2931 οἴδα
1572 2879 1720 2943 ὅπως
1744 2880 1805 2933 τὸ
1836 2883 1963 2950 περὶ

379 2963 489 3015 τῶν
537 2962 901 3033 αἰχμαλώτων
956 2965 1143 3036 μέρος,
1184 2960 1265 3029 οἷς
1300 2968 1362 3020 οὐ
1413 2968 1616 3021 διδόασι
1664 2971 1962 3042 κυριότητα

381 3058 509 3125 περὶ
536 3055 645 3108 τῶν
677 3056 821 3110 ἰδίων
848 3058 1191 3127 πραγμάτων
1230 3058 1586 3124 διατίθεσθαι,
1621 3061 1720 3130 οὐχ
1754 3062 1961 3131 ὁμοίως

2068 1946 2249 2002 neque
2288 1932 2712 1988 conﬁrmatione
2751 1933 2980 2000 dignum
3018 1935 3268 1990 liabetor.

2559 2106 3024 2163 CONSTITUTIO
3044 2106 3155 2161 XL.

2073 2195 2139 2253 Ut
2166 2197 2379 2269 (81-82)
2409 2199 2601 2266 captivi
2620 2201 2918 2254 testamenti
2948 2199 3229 2268 factionem
3254 2200 3481 2256 habeant
3514 2201 3650 2272 (8'5).

2138 2419 2284 2476 Idem
2306 2421 2608 2492 imperator
2641 2420 2815 2477 eidem
2853 2420 3128 2493 Styliano.

2134 2510 2245 2577 Qui
2276 2511 2408 2565 oliui
2435 2510 2666 2566 edendis
2706 2511 2919 2581 legibus
2948 2526 3171 2580 operam
3194 2525 3486 2577 navavere,
3526 2526 3652 2567 cum

2067 2603 2239 2656 multa
2271 2602 2336 2656 ad
2368 2617 2458 2657 res
2524 2602 2795 2657 humanas
2850 2612 2999 2657 recte
3043 2601 3413 2658 moderandas
3445 2603 3501 2658 in
3539 2619 3654 2660 me—

2066 2694 2219 2748 dium
2274 2694 2657 2764 protulerint,
2713 2694 3069 2765 locuplesque
3119 2694 3479 2765 benignitatis
3540 2711 3657 2752 suae

2067 2787 2441 2842 testimonium
2476 2786 2645 2856 (leges
2676 2801 2891 2856 nempe,
2944 2786 3247 2840 secundum
3288 2801 3426 2856 quas
3458 2804 3655 2858 respu-

2064 2879 2208 2931 blica
2252 2875 2531 2930 concinne
2576 2876 2631 2928 in
2665 2884 2814 2932 statu
2845 2877 3233 2945 conservatur)
3274 2877 3599 2945 reliquerint
3636 2895 3651 2931 :

2066 2980 2178 3024 tum
2226 2968 2371 3022 baud
2409 2967 2525 3023 scio
2552 2981 2660 3037 qua
2683 2968 2896 3021 ratione
2922 2966 3177 3032 fecerint,
3209 2975 3269 3020 ut
3315 2966 3383 3021 de
3415 2967 3655 3034 captivis

2065 3066 2352 3123 tractatus,
2384 3058 2587 3128 quibus
2619 3058 2687 3113 de
2748 3059 2913 3113 rebus
2952 3058 3068 3113 suis
3103 3059 3379 3114 statuendi
3414 3067 3656 3126 potesta-

382 3151 446 3217 τῇ
480 3147 620 3221 ἄλλῃ
654 3149 862 3202 τούτων
890 3149 1173 3218 ὁμολογεῖν
1199 3151 1534 3221 πεποιήκασι
1560 3150 1959 3221 φιλανθρωπίᾳ.

2072 3162 2176 3207 tem
2206 3167 2316 3205 non
2374 3151 2609 3217 faciunt,
2647 3151 2874 3221 reliqua:
2909 3152 3154 3221 ipsorum
3182 3150 3517 3221 benignitati
3543 3166 3652 3206 non

392 3242 460 3292 'A
497 3240 596 3309 μὲν
617 3239 727 3309 γὰρ
767 3240 899 3311 περὶ
918 3240 1195 3309 διαθηκῶν
1218 3242 1401 3304 αὐτοῖς
1425 3242 1459 3311 ή
1488 3241 1782 3311 νομοθεσία
1803 3260 1962 3313 περι-

381 3332 514 3401 έχει,
532 3332 653 3384 λίαν
676 3331 1071 3401 φιλανθρώπως
1094 3332 1536 3401 νενομοθέτηται.
1552 3333 1624 3386 Τὸ
1644 3334 1752 3404 γὰρ
1773 3335 1963 3387 ἐνίοτε

374 3424 691 3491 μαρτύρων
730 3423 1314 3492 καταλαμϐανούσης
1354 3424 1607 3491 ἀπορίας
1635 3427 1834 3492 ὁρίσαι
1864 3424 1964 3479 καί

290 3540 305 3554 ι
380 3513 605 3583 ἀριθμῷ
644 3514 919 3567 ἐλάττονι
964 3515 1283 3583 μαρτύρων
1328 3514 1858 3585 ἐπισφραγίζεσθαι
1893 3515 1967 3569 τὰ

380 3604 881 3673 διατετυπωμένα,
903 3606 975 3657 οὐ
998 3603 1121 3672 μὴν
1137 3604 1297 3658 ἀλλὰ
1319 3605 1418 3658 καί
1439 3606 1815 3676 ἀμαρτύρους
1832 3607 1971 3658 πολ-

381 3696 555 3761 λάκις
577 3696 769 3761 οὔσας
798 3694 1128 3763 κυροῦσθαι
1155 3695 1262 3759 τὰς
1289 3694 1589 3761 διατάξεις
1622 3694 1845 3766 (ὥσπερ
1875 3695 1970 3749 ἐπὶ

382 3787 490 3842 τῶν
536 3788 595 3840 ὲν
652 3789 957 3857 παρατάξει
1014 3787 1325 3839 πιπτόντων
1408 3787 1708 3857 ὡρίσατο),
1754 3786 1963 3857 μεγάλη

383 3879 478 3949 τῆς
504 3879 917 3949 φιλανθρωπίας
942 3877 1218 3943 ἀπόδειξις
1250 3895 1264 3909 ο
1297 3880 1331 3948 ἡ
1365 3877 1423 3931 δὲ
1467 3879 1593 3950 περὶ
1637 3880 1746 3932 τῶν
1796 3881 1961 3949 αἰχμ-

385 3968 611 4023 αλώτων
659 3968 949 4038 νομοθεσία
981 3970 1164 4022 οὐκέτι
1198 3968 1401 4040 ἀδελφὴ
1436 3965 1570 4021 οὖσα
1603 3969 1711 4022 τῶν
1744 3970 1963 4041 είρημέ-

384 4081 489 4115 νων
535 4063 748 4130 ὁρᾶται,
775 4062 898 4115 οὐδε
934 4061 1035 4131 τῆς
1057 4060 1229 4130 αὐτῆς
1252 4061 1632 4129 ἁποκυηοεῖσα
1654 4062 1844 4130 φιλανθ
1853 4079 1964 4133 ρω-

384 4154 540 4217 πίας.
603 4149 698 4215 Οἷς
759 4153 780 4184 ⁸
834 4153 945 4222 γὰρ
1007 4152 1068 4205 οὐ
1129 4153 1555 4224 παραχωροῦσιν
1609 4154 1791 4215 αὐτοῖς
1838 4152 1969 4223 περ).

384 4246 493 4299 τῶν
515 4245 735 4298 οἰκείων
763 4244 1169 4310 διατάττεσθαι,
1199 4246 1261 4297 οὐ
1296 4246 1455 4314 μόνον
1506 4246 1628 4315 οὐχὶ
1661 4244 1971 4315 φιλάνθρω-

384 4339 488 4392 πόν
538 4356 591 4391 τι
648 4338 776 4409 περὶ
826 4338 1007 4392 αὐτῶν
1061 4338 1370 4406 ἐγνώκασιν
1444 4338 1580 4394 ἀλλὰ
1622 4341 1717 4393 καὶ
1763 4338 1965 4409 τρόπον

2070 3245 2456 3314 responderet.
2514 3246 2647 3311 Quae
2704 3244 2850 3298 enim
2906 3244 2974 3299 de
3009 3245 3356 3299 testamentis
3412 3244 3657 3313 ipsorum

2072 3334 2343 3405 legislatio
2393 3334 2800 3400 complectitur,
2852 3332 3009 3386 valde
3062 3333 3291 3386 comiter
3322 3346 3386 3386 ac
3426 3331 3660 3399 benigne

2073 3426 2382 3479 constituta
2410 3414 2569 3479 sunt.
2602 3422 2739 3476 Nam
2771 3423 2917 3491 quod
2943 3431 3281 3486 statuerunt,
3308 3432 3365 3475 ut
3395 3422 3660 3475 interdum

2070 3516 2281 3587 quando
2309 3515 2421 3582 (84)
2480 3515 2660 3582 inopia
2719 3515 2929 3567 testium
2984 3512 3410 3575 laboraretur,a
3460 3512 3662 3566 minore

2069 3610 2234 3660 etiam
2279 3607 2492 3659 testium
2540 3621 2758 3658 numero
2812 3612 3181 3657 testamentum
3241 3604 3610 3673 obsignaretur
3638 3618 3660 3657 :

2065 3695 2191 3763 quin
2219 3705 2269 3747 et
2301 3694 2464 3747 nullis
2491 3694 2603 3763 (85)
2635 3693 2886 3746 adhibitis
2925 3695 3160 3755 testibus,
3211 3709 3443 3761 perswpe
3482 3704 3661 3746 tamen

2065 3796 2439 3840 testamentum
2457 3796 2634 3839 ratum
2659 3785 2961 3850 haberetur,
2981 3783 3443 3854 quemadmodum
3460 3785 3525 3838 de
3543 3782 3657 3855 (86)

2061 3877 2130 3932 iis
2158 3876 2255 3947 qui
2286 3877 2339 3931 in
2359 3878 2477 3931 acie
2509 3876 2849 3929 occumbunt
2870 3877 3232 3929 constitutum
3265 3881 3352 3927 est
3390 3890 3404 3927 :
3438 3888 3660 3935 perma-

2067 3984 2236 4036 gnum
2287 3982 2420 4023 saue
2479 3964 2840 4035 benignitatis
2908 3971 2994 4018 est
3054 3972 3462 4033 argumentum.
3496 3962 3567 4016 At
3590 3962 3659 4017 de

2068 4059 2302 4129 captivis
2357 4058 2618 4126 placitum
2647 4056 2756 4126 jam
2785 4055 3057 4109 dictorum
3124 4068 3232 4106 nou
3279 4068 3405 4107 esse
3439 4052 3647 4116 simile,

2073 4142 2252 4220 neque
2278 4166 2345 4206 ex
2381 4150 2570 4205 eadem
2636 4147 2974 4218 benignitate
3023 4155 3352 4216 prognatum
3413 4144 3659 4198 videtur.

2076 4243 2234 4311 Quod
2281 4257 2517 4313 namque
2546 4242 2613 4295 de
2646 4240 2810 4296 rebus
2866 4239 2984 4295 suis
3015 4238 3354 4292 constituere
3394 4235 3506 4290 illis
3550 4250 3661 4289 non

2075 4336 2425 4406 permittunt,
2481 4348 2589 4387 non
2640 4333 2816 4387 solum
2853 4344 2962 4385 non
3025 4329 3323 4398 benignum
3368 4324 3665 4398 aliquidde

1690 4452 1927 4509 VARIIE
1968 4450 2379 4508 LECTIONES.

455 4565 501 4596 ”
525 4564 638 4637 Ecl.
695 4564 1061 4637 ἀπαιτεῖσθαι.
1147 4566 1387 4637 ‘__Steph.
1444 4567 1597 4636 ἐξῆν,
1638 4567 1836 4637 Spang.
1862 4550 2238 4637 ’ἐξέσταιηνιιιι
2276 4568 2399 4636 legi,
2440 4566 2597 4635 Agyl.
2650 4564 2869 4637 λεκτέον
2897 4561 3133 4637 supplet.
3178 4559 3380 4637 _’AEel.
3407 4558 3666 4637 βουλεύε-

388 4635 534 4706 σθαι.
566 4635 682 4706 Non
700 4637 869 4706 male.
951 4636 973 4666 ³
1004 4635 1120 4689 Ecl.
1156 4634 1311 4689 Nov.“
1342 4637 1448 4700 25,
1478 4634 1571 4701 Q6,
1627 4634 1827 4691 citatui-
1880 4638 2021 4706 apud
2074 4634 2347 4706 Heruteu;
2381 4638 2472 4688 lib.
2498 4634 2580 4706 77v.
2616 4638 2699 4689 tit.
2757 4636 2807 4699 1,
2861 4650 2913 4701 p.
2941 4634 3068 4687 555.

1666 4712 1685 4742 ⁵
1719 4701 1972 4764 Fortasse
1994 4708 2042 4759 εί
2073 4708 2156 4761 vel
2184 4708 2240 4758 ὲν
2274 4701 2354 4768 οἷς
2373 4705 2681 4776 legendum.

386 4703 595 4771 Paris”
622 4704 762 4758 1355
783 4707 834 4758 in
863 4706 1106 4775 margine
1128 4718 1313 4761 notat:
1351 4708 1590 4771 ἅδεκτος.

3175 4630 3196 4662 ⁸
3217 4628 3415 4684 Codex
3457 4628 3666 4699 Ecloga:

1906 4820 2137 4878 NOTIE.

477 4943 569 5013 80)
610 4942 877 5011 Prodigus
904 4961 1013 5000 non
1051 4941 1484 4999 eenseturbonis
1517 4936 1791 5013 male__uti,
1815 4952 1962 5013 _quo-
1996 4940 2040 4994 D
2073 4936 2327 5013 permiss.
2354 4935 2405 5013 |._
2433 4935 2486 4997 8,
2526 4933 2575 4986 ιτ.

383 5015 490 5071 ties
517 5007 886 5086 haereditatem
928 5015 1260 5086 necessariis
1296 5013 1547 5083 personis
1592 5007 1878 5086 relinquit,
1912 5018 1962 5061 et

389 5085 718 5157 pauperibus
758 5085 924 5157 _boua
985 5077 1313 5157 distribuit;
1363 5092 1456 5157 aut
1492 5094 1681 5157 servos
1701 5077 1964 5157 libertate

385 5149 573 5208 ilouat.
636 5156 729 5209 Sic
758 5153 1028 5207 Tuditarii
1072 5163 1215 5207 uotae
1238 5151 1469 5207 insania:
1507 5149 1747 5225 hominis
1775 5153 1831 5225 et
1864 5162 1961 5213 po-

385 5228 517 5294 pulo
569 5238 823 5280 nummos
884 5226 1216 5294 spargentis,
1245 5231 1496 5291 ettogam
1522 5220 1669 5294 velut
1696 5220 1961 5294 tragicam

384 5285 589 5349 vestem
634 5294 691 5365 iu
719 5285 1141 5365 forotr'abe'utis
1196 5285 1585 5365 testamentum
1632 5289 1763 5356 (quo
1791 5285 1960 5365 tiliam

385 5364 627 5435 instituit
658 5364 977 5435 Abzeredem)
1029 5363 1357 5435 centumviri
1410 5353 1735 5429 probarunt.
1787 5353 1960 5435 Magis

382 5432 528 5487 enim
579 5433 705 5499 quid
766 5438 1030 5503 scriptum
1057 5434 1110 5486 iu
1137 5434 1340 5503 tabulis
1398 5439 1568 5503 esset,
1627 5441 1792 5503 quam
1835 5432 1961 5493 quis

382 5517 478 5571 eas
536 5498 897 5571 scripsisset,
955 5502 1416 5559 considerandum
1480 5498 1963 5571 existimaverunt.

382 5570 598 5625 Tullius
638 5562 929 5640 Philippic.
949 5572 1003 5635 5,
1032 5582 1088 5628 et
1134 5572 1490 5628 Academicar
1519 5577 1574 5624 et
1599 5567 1667 5631 7;
1701 5562 1884 5619 Valer.
1909 5564 1963 5629 8,

380 5643 431 5696 el
452 5642 523 5701 ‘2,
554 5640 699 5695 Lact.
734 5644 823 5697 25.

458 5711 671 5781 (81-82)
704 5713 896 5766 Exstat
918 5712 1155 5781 epitome
1174 5712 1229 5773 5,
1271 5708 1533 5781 "arinen.
1562 5709 1614 5781 1,
1645 5706 1670 5776 §
1699 5706 1789 5760 30.

456 5779 568 5851 (85)
589 5780 652 5833 Et
677 5782 748 5835 ita
780 5779 1123 5851 abrogatur§
1171 5782 1270 5835 ult.
1303 5783 1435 5835 inst.
1480 5779 1691 5846 Quibus
1734 5791 1843 5830 non
1883 5782 1968 5830 est

745 5874 1016 5935 Purser.
1061 5875 1178 5933 (in.
1224 5872 1406 5932 CVII.

2609 4935 2709 4998 Qui
2738 4942 2979 4996 testam.;
3009 4931 3047 4983 l.
3072 4930 3159 4995 10,
3184 4930 3238 4983 t'f.
3282 4928 3356 4984 De
3393 4934 3520 4984 test.
3564 4927 3665 4981 mi-

2072 5000 2157 5060 lit.
2188 5004 2342 5059 Paul.
2375 5006 2441 5069 3;
2467 5010 2709 5058 senteut.
2734 5003 2791 5065 ι,
2826 5000 2931 5070 §8.

2144 5074 2257 5143 (84)
2282 5073 2343 5127 L.
2387 5067 2489 5129 uit.
2524 5088 2670 5143 vers.
2706 5072 2759 5123 in
2792 5067 2899 5124 iliis
2941 5083 3068 5143 vero
3094 5068 3230 5143 locis
3270 5067 3438 5143 C._De
3465 5074 3593 5143 test.

2144 5136 2257 5212 (85)
2317 5144 2430 5197 lmo
2494 5142 2696 5212 milites
2744 5138 3065 5212 conuocatis
3104 5139 3319 5212 adultoe
3350 5136 3667 5212 hominibus

2071 5204 2265 5285 testari
2291 5214 2513 5277 debent,
2542 5209 2568 5279 §
2607 5212 2653 5273 l,
2686 5225 2832 5285 vers.
2865 5208 2934 5285 Si
2953 5223 3083 5285 ergo
3117 5210 3276 5263 miles
3308 5204 3544 5285 inst_..70e
3573 5206 3668 5285 rui-

2072 5283 2218 5337 litari
2280 5275 2644 5347 testamento;
2689 5280 2726 5333 ι.
2759 5280 2829 5332 24
2850 5322 2863 5344 ,
2891 5278 2944 5331 ii".
2973 5275 3048 5332 De
3082 5286 3299 5333 testam.
3335 5277 3500 5330 Iuilit.
3547 5275 3665 5330 vid.

2070 5352 2210 5407 Nov.
2242 5354 2333 5407 4|.

2144 5421 2255 5490 (86)
2316 5420 2459 5473 Puto
2524 5420 2751 5490 intelligi
2809 5420 2847 5474 1.
2887 5418 2992 5490 713,
3025 5417 3079 5470 in
3114 5416 3205 5490 lin.
3237 5417 3299 5468 C.
3330 5415 3405 5467 De
3432 5421 3660 5490 testam.

2071 5482 2255 5564 militi;
2271 5492 2393 5564 vult
2414 5489 2572 5564 enim
2590 5482 2777 5564 valere
2806 5489 3072 5564 militibus
3097 5487 3453 5564 voluntatem,
3469 5482 3667 5564 siquid

2071 5563 2126 5615 in
2161 5555 2358 5630 vagina
2399 5568 2494 5611 aut
2525 5560 2715 5629 clypeo
2748 5559 2944 5614 litteris
2966 5559 3259 5630 sanguine
3285 5555 3666 5630 suo_rutilan-

2073 5632 2221 5685 tibus
2235 5621 2631 5689 Vaduotaverii;
2650 5638 2744 5681 aut
2769 5630 2823 5681 in
2849 5621 3440 5699 pulvere—inscripserit
3463 5621 3666 5699 gladio,

2075 5702 2179 5756 sub
2212 5701 2333 5771 ipso
2354 5709 2600 5768 tempore
2644 5714 2747 5767 quo
2798 5693 2864 5755 in
2899 5698 3086 5768 praelia
3113 5701 3236 5752 vitze
3268 5693 3474 5749 Sortem
3508 5693 3667 5747 dere-

2039 5789 2045 5797 ·
2076 5773 2298 5840 linquit.

3235 5855 3303 5918 l7
