4048 6456
341 384 450 455 515
520 464 523 465 ί
1380 440 1386 446 .
1499 364 1774 442 1.120le
1807 378 2267 441 PHILOSOPHI
3479 378 3583 441 διδ

332 499 474 570 ipsis
494 495 879 558 decreverunt,
913 502 1103 547 verum
1135 489 1297 544 etiam
1328 488 1441 558 (87)
1465 488 1638 558 ipsam
1675 486 1906 557 captivi-

2010 488 2195 557 ἕτερον
2227 486 2326 555 τὴν
2360 484 2739 556 αἰχμαλωσίαν
2769 483 3116 537 ἐπιτείνουσι.
3154 484 3278 549 Πῶς
3317 485 3425 555 γάρ
3462 487 3585 555 οὐχὶ

327 599 495 646 tatem
527 587 633 642 alio
663 583 822 640 modo
845 582 1164 638 intendunt.
1189 580 1473 647 Quomodo
1504 580 1648 633 enim
1679 593 1900 633 rursum

2009 576 2235 639 τούτους
2269 577 2431 630 πάλιν
2480 576 2973 647 αἰχμαλωτίζουσιν
3002 592 3016 640 ;
3072 574 3104 644 ἢ
3151 576 3268 638 πῶς
3299 576 3400 629 οὐκ
3434 575 3587 641 αὒξε-

326 681 448 737 illos
477 679 529 733 in
588 676 956 746 captivitatem
1012 687 1121 727 non
1176 671 1422 726 ducunt?
1486 678 1581 724 aut
1629 667 1904 737 quomodo

2009 685 2100 723 ται
2150 670 2211 721 τὸ
2260 667 2433 721 δεινὸν
2492 669 2585 719 καὶ
2633 666 2796 735 ἄλγος
2842 665 3295 735 ἀπαραμύθητον,
3345 667 3441 720 καὶ
3491 666 3584 720 τοῦ

325 773 531 827 malum
570 768 1055 836 irrecreabilisque
1088 765 1313 821 tristitia
1344 779 1451 817 non
1486 763 1809 830 adaugetur,
1850 768 1905 812 et

2013 760 2244 815 θανάτου
2298 760 2523 829 κέντρον
2577 758 2980 827 ἐπωδυνότερον
3036 757 3177 810 κ).τά
3216 758 3314 826 τῆς
3360 758 3587 829 καρδίας

326 869 503 915 morte
567 858 905 913 acerbiorem
973 856 1028 909 in
1100 854 1266 907 corde
1339 853 1586 921 captivus
1660 864 1904 904 crrcum-

2011 849 2356 918 αἰχμάλωτος
2402 847 2585 918 φέρων
2633 847 2819 900 ἄπεισι
2867 848 2976 900 τῶν
3026 847 3405 919 ἀνθρωπίνων,
3460 849 3588 902 ὅταν

329 950 511 1005 terens
536 947 813 1008 aculeum,
839 944 1005 999 rebus
1028 943 1239 997 excedit
1263 942 1536 1006 humanis,
1557 940 1777 1010 quando
1796 952 1906 992 non

2011 941 2070 992 οὐ
2136 940 2295 1009 μόνον
2353 939 2411 991 ἐν
2485 939 2831 1009 αἰχμαλωσίᾳ
2887 940 3238 1008 καταστρέψῃ
3295 939 3387 991 τὸν
3413 937 3585 1007 βίον,

327 1040 505 1094 solum
539 1039 593 1093 in
628 1036 946 1107 captivitate
961 1035 1127 1089 vitam
1150 1032 1287 1095 (init,
1319 1047 1504 1086 verum
1530 1033 1694 1086 etiam
1722 1029 1769 1085 si
1796 1044 1904 1099 qua

2013 1030 2149 1083 ἀλλά
2176 1033 2271 1083 καί
2324 1029 2379 1083 εἴ
2423 1048 2547 1085 τινα
2598 1032 2657 1083 ἐν
2708 1032 2819 1092 τοῖς
2873 1029 3163 1099 ὁμοφύλοις
3220 1025 3360 1082 οἶδεν
3407 1029 3588 1098 ἐαυτῷ

327 1129 470 1198 apud
488 1127 828 1183 contribules
848 1126 991 1180 bona
1015 1124 1199 1185 habet,
1221 1123 1288 1177 de
1317 1122 1402 1177 his
1420 1120 1498 1175 illi
1531 1120 1906 1177 constituendi

2016 1120 2323 1191 προσοῦσαν
2359 1121 2614 1191 ὓπαρξιν,
2661 1122 2790 1188 περὶ
2827 1121 3029 1191 ταύτης
3058 1121 3158 1173 οὐκ
3191 1121 3305 1173 ἐστι
3337 1120 3589 1191 βουλεύε-

328 1228 574 1291 potestas
591 1233 698 1272 non
729 1223 833 1282 est,
851 1217 945 1270 sed
967 1215 1085 1271 suis
1107 1215 1274 1269 rebus
1300 1222 1560 1283 tanquam
1591 1213 1789 1268 alienis
1812 1228 1908 1266 ex-

2016 1211 2139 1264 σθαι
2188 1213 2398 1281 κύριος,
2442 1214 2557 1266 ἀλλ’
2608 1211 2892 1276 ἐξωθεῖται
2938 1212 3046 1265 τῶν
3086 1213 3300 1264 οἰκείων
3333 1212 3409 1274 ὼς
3440 1212 3590 1265 ἀλλο·

326 1311 554 1381 pellitur
590 1324 605 1362 :
638 1316 693 1364 et
746 1322 869 1377 quae
907 1306 1026 1363 suis
1068 1305 1372 1369 ,laboribus
1424 1304 1725 1374 quaesierit,
1779 1319 1907 1373 pro-

2075 1302 2199 1367 ιίων,
2230 1303 2325 1355 καί
2376 1302 2487 1355 τῶν
2531 1303 2715 1365 πόνοις
2763 1302 2985 1365 οἰκείοις
3034 1301 3342 1372 κτηθέντων
3386 1305 3484 1373 τῆς
3512 1303 3592 1355 οἰ·
3662 1358 3673 1369 ,

326 1415 433 1469 que
459 1398 660 1468 quibus
698 1405 956 1465 suscepto
986 1396 1232 1465 periculo
1259 1395 1315 1449 in
1367 1396 1698 1464 captivorum
1737 1394 1908 1448 intor-

2016 1393 2275 1463 κονομίας
2339 1393 2700 1458 ἐκϐάλλεται,
2762 1387 2838 1446 ὧν
2898 1395 3104 1456 ἐκεῖνος
3157 1391 3592 1462 προκινδυνεύων

326 1490 543 1543 tunium
583 1488 796 1548 incidit,
828 1486 898 1540 ab
932 1486 1126 1539 horum
1186 1484 1597 1554 dispensatione
1655 1485 1909 1554 ejicitur?

2014 1486 2094 1547 εἰς
2151 1485 2220 1537 τὰ
2262 1485 2373 1537 τῶν
2427 1485 2776 1556 δορυλήπτων
2833 1485 3072 1554 κατέστη
3111 1483 3301 1549 δεινά;
3359 1482 3483 1547 Πῶς
3509 1485 3589 1547 δὲ,

327 1577 616 1644 Quomodo
640 1577 788 1640 item,
814 1578 857 1629 si
880 1590 1020 1644 quos
1036 1576 1372 1630 necessarios
1400 1575 1646 1645 captivus
1665 1574 1825 1629 habet
1851 1584 1911 1629 ut

2015 1574 2068 1626 εί
2091 1574 2232 1635 τινες
2258 1576 2361 1627 εἰσι
2381 1574 2459 1643 τῷ
2495 1573 2825 1644 αἰχμαλώτῳ
2856 1574 2997 1627 κατά
3019 1574 3175 1641 γένος
3214 1572 3589 1643 διαφέροντες,

328 1668 556 1730 liberos,
580 1680 826 1730 uxorem,
846 1664 1167 1724 fratres,aut
1186 1667 1342 1732 alios,
1361 1682 1500 1737 quos
1512 1667 1579 1721 ad
1597 1667 1768 1736 ipsius
1797 1667 1909 1720 bte-

2016 1662 2048 1731 ἢ
2079 1663 2242 1716 τέκνα
2283 1665 2315 1734 ἢ
2361 1664 2502 1735 γυνὴ
2529 1664 2563 1734 ἢ
2599 1664 2802 1734 ἀδελφὴ
2830 1663 2863 1733 ἢ
2895 1664 3074 1735 ἕτεροι
3117 1661 3209 1726 οὓς
3262 1663 3595 1733 ἐπικλήρους

330 1759 620 1813 reditatem
656 1757 739 1811 lex
768 1763 947 1822 vocat,
976 1756 1013 1810 ii
1042 1772 1153 1812 non
1178 1758 1428 1812 similiter
1458 1772 1646 1811 omnes
1664 1757 1910 1812 obversis

2017 1751 2158 1809 οἶδεν
2206 1756 2236 1807 ὁ
2286 1756 2471 1825 νόμος,
2526 1755 2649 1824 οὐχὶ
2699 1754 2899 1816 πάντες
2947 1753 3146 1823 ὁμοίως
3201 1752 3337 1820 πρὸς
3386 1752 3484 1823 τὴν
3536 1752 3595 1818 ἐξ

328 1847 386 1901 in
402 1846 771 1902 haereditatem
791 1845 856 1900 ab
887 1846 1150 1901 intestato
1194 1847 1260 1901 ad
1284 1862 1344 1901 se
1365 1846 1752 1902 devolvendam
1783 1860 1916 1900 ocu-

2019 1846 2298 1900 ἀδιαθέτου
2354 1846 2658 1916 ἐρχομένην
2712 1845 2896 1906 αὐτοῖς
2947 1843 3312 1914 κληρονομίαν
3363 1843 3595 1897 ἀποϐλέ-

330 1934 424 2000 lis,
457 1950 644 1990 curam
672 1935 939 1991 liberandi
972 1935 1193 2005 captivi,
1217 1935 1365 1991 illius
1398 1936 1796 2004 consequentiae
1822 1950 1918 2004 spe

2019 1938 2218 2007 ψαντες
2272 1941 2337 2008 τῇ
2387 1937 2593 2007 ταύτης
2636 1936 2810 1990 ἐλπίδι
2858 1935 2957 2005 τὴν
2988 1936 3116 2005 περὶ
3154 1934 3248 1988 τοῦ
3303 1933 3598 2002 συγγενοῦς

334 2043 435 2085 sua
464 2027 758 2084 omittent?
788 2026 1048 2083 Novimus
1077 2027 1346 2097 siquidem
1408 2043 1496 2084 res
1543 2028 1832 2091 humanas,
1859 2034 1917 2082 ut

2020 2029 2367 2100 αἰχμαλώτου
2396 2032 2496 2101 τῆς
2525 2027 2839 2099 ἐλευθερίας
2864 2026 3208 2096 παρῆσουσιν
3230 2024 3552 2094 ἐπιμέλειαν
3579 2039 3595 2088 ;

341 2116 504 2189 pauci
539 2117 829 2171 admodum
857 2132 1043 2174 verum
1080 2131 1319 2172 amorem
1360 2127 1711 2185 conservent,
1764 2120 1914 2188 ejus-

2025 2120 2212 2188 Ἴσμεν
2242 2119 2350 2189 γὰρ
2391 2118 2451 2171 τὸ
2505 2117 2869 2188 ἀνθρώπινον,
2932 2116 3008 2179 ὡς
3060 2113 3421 2184 εὐαρίθμητοι
3474 2112 3598 2165 λίαν

330 2221 442 2278 que
466 2207 633 2262 unius
660 2207 836 2276 gratia
865 2207 931 2262 ad
965 2207 1344 2277 opitulandum
1394 2209 1703 2263 calamitate
1732 2210 1915 2279 impli-

2018 2201 2241 2282 φίλτρον
2306 2208 2558 2279 ἀληθινὸν
2626 2207 2975 2271 διασώζουσι,
3023 2206 3117 2258 καὶ
3176 2203 3367 2257 τούτου
3438 2202 3599 2274 μόνον

334 2297 461 2354 citis
479 2312 775 2368 paucorum
803 2299 1019 2353 animus
1045 2299 1334 2355 excitetur.
1367 2302 1432 2353 At
1458 2301 1551 2367 qui
1585 2315 1680 2370 spe
1717 2299 1914 2354 nanci-

2019 2302 2181 2355 ἐνεκα
2232 2302 2366 2373 πρὸς
2419 2300 2672 2371 βοήθειαν
2717 2298 2825 2352 τῶν
2883 2298 3154 2361 ἀλγεινοῖς
3197 2293 3598 2368 περιστοιχιζο-

339 2387 557 2443 scenda
588 2387 873 2458 cujusdam
909 2389 1369 2445 remunerationis
1409 2391 1475 2445 ad
1504 2389 1791 2444 ferendum
1825 2391 1909 2445 in-

2021 2394 2196 2464 μένων
2237 2395 2271 2464 ἠ
2330 2392 2526 2462 γνώμη
2581 2391 2766 2453 αὐτοῖς
2818 2391 3186 2458 ἐπεγείρεται,
3245 2389 3296 2439 οἰ
3354 2386 3595 2439 πλεῖστοι

332 2477 645 2546 digentibus
696 2477 959 2531 auxilium
988 2478 1304 2547 procedant,
1339 2480 1535 2533 horum
1565 2495 1697 2537 sane
1761 2482 1917 2551 longe

2017 2484 2075 2539 δέ
2106 2484 2399 2556 προσδοκίᾳ
2431 2482 2525 2536 τοῦ
2559 2485 2744 2552 τυχεῖν
2776 2497 2923 2544 τινος
2969 2480 3193 2550 χάριτος
3217 2478 3310 2531 ἐπὶ
3342 2477 3594 2547 βοήθειαν

290 2636 295 2641 ι
340 2570 617 2626 maximus
645 2581 729 2627 est
749 2587 1031 2627 numerus.
1086 2572 1202 2637 Qua
1242 2588 1301 2627 re
1338 2574 1519 2643 itaque
1553 2575 1683 2628 moti
1714 2588 1885 2644 cogna

2018 2574 2254 2646 χωροῦσι
2300 2574 2408 2628 τῶν
2454 2572 2770 2645 χρῃζόντων
2821 2572 2919 2642 τῆς
2967 2571 3238 2640 βοηθείας.
3283 2568 3452 2623 Πόθεν
3505 2564 3598 2621 οὖν

335 2660 428 2714 ιὐε
445 2661 693 2729 aliusque
715 2660 984 2729 quispiam
1018 2661 1358 2729 captivorum
1381 2660 1685 2730 suscipiant
1703 2661 1918 2716 curam?

2019 2668 2159 2738 ὑπὲρ
2203 2667 2311 2719 τῶν
2354 2665 2715 2736 αἰχμαλώτων
2746 2665 2780 2735 ἢ
2812 2664 2919 2717 τῶν
2951 2661 3229 2732 συγγενῶν
3274 2678 3360 2725 τις
3406 2659 3441 2731 ἢ
3484 2658 3598 2712 ἐτε-

351 2745 408 2803 Si
441 2748 657 2827 quidem
688 2750 963 2806 statuendi
1022 2749 1256 2805 facultas
1310 2751 1377 2806 de
1426 2752 1589 2806 rebus
1619 2751 1732 2806 suis
1782 2751 1914 2821 ipsis

2019 2776 2111 2830 ρος
2157 2760 2178 2790 ⁸
2237 2758 2495 2813 ἀναλάϐοι
2566 2757 2869 2826 φροντίδα;
2928 2756 2991 2827 Εἰ
3048 2756 3147 2824 μὲν
3196 2752 3306 2824 γὰρ
3374 2748 3440 2825 ἦν
3507 2749 3597 2804 ἐπ’

337 2848 511 2905 esset,
542 2842 792 2896 nonnulli
828 2840 1070 2895 laborem
1134 2842 1459 2897 damnosum
1489 2842 1591 2897 sibi
1622 2856 1728 2895 non
1764 2841 1932 2911 futug

2017 2846 2201 2908 ἀδείας
2233 2847 2416 2909 αὐτοῖς
2450 2847 2578 2917 περὶ
2610 2847 2718 2898 τῶν
2744 2845 2960 2898 οἰκείων
2991 2842 3406 2913 βουλεύσασθαι,
3433 2839 3598 2912 ἐμελ-

342 2943 464 2982 rum
499 2935 840 2998 reputantes,
884 2942 991 2982 non
1030 2929 1272 2999 segniter
1298 2928 1450 2982 illum
1478 2930 1787 2999 suscepturi
1826 2944 1914 2984 es-

2016 2938 2107 2990 λόν
2153 2955 2298 3001 τινες
2351 2936 2797 3007 ἀναλογιζόμενοι
2854 2935 2930 2998 ὡς
2994 2937 3093 2989 οὐκ
3141 2934 3376 3005 ἀκερδὴς
3414 2934 3596 2996 αὐτοῖς

347 3023 495 3069 sent.
528 3014 846 3085 Cogilarent
879 3019 1081 3071 etenim
1146 3022 1230 3086 (ut
1261 3018 1562 3073 verisimile
1591 3017 1697 3087 est)
1741 3018 1786 3074 si
1819 3027 1911 3072 aut

2015 3030 2168 3084 ἔσται
2224 3032 2252 3084 ὁ
2302 3030 2485 3094 πόνος,
2554 3028 2630 3099 μὴ
2685 3026 2946 3098 ῥᾳθύμως
2994 3026 3157 3080 αὐτὸν
3200 3025 3592 3095 ἀναδέχεσθαι·

343 3111 580 3161 conatus
606 3106 849 3176 ipsorum
886 3106 954 3161 ad
995 3107 1155 3163 linem
1181 3109 1567 3175 deduceretur,
1603 3110 1912 3177 captivique

2018 3122 2260 3175 ἐνενόουν
2291 3121 2418 3193 γὰρ,
2452 3122 2527 3183 ὡς
2569 3120 2736 3185 εἰκὸς,
2783 3119 2922 3190 ώςῆ
2984 3119 3081 3187 τῆς
3133 3117 3370 3185 σπουδῆς
3420 3116 3597 3169 αὐτῶν

335 3197 647 3252 libertatem
677 3208 1175 3267 consequerentur,
1207 3215 1265 3254 se
1303 3215 1506 3254 munus
1542 3202 1765 3271 aliquod
1791 3217 1914 3258 esse

2023 3214 2102 3275 εἰς
2152 3168 2326 3282 πέρας
2370 3168 2745 3278 δίεξελθούσης
2795 3168 3419 3277 καὶιτῶνιαίχμαλώτων
3452 3206 3605 3256 ἐλευ.

339 3300 445 3355 pro
480 3300 646 3357 opera
679 3301 778 3343 sua
799 3296 853 3342 et
905 3288 1089 3342 labore
1144 3300 1491 3360 accepturos,
1553 3300 1646 3344 aut
1676 3294 1838 3347 etiam
1873 3295 1918 3348 si

2024 3302 2210 3374 θερίας
2265 3302 2539 3372 τυχόντων
2589 3303 2607 3333 ⁷
2666 3299 2849 3367 ἕξουσί
2898 3318 3019 3352 τινα
3053 3300 3213 3369 χάριν
3254 3298 3391 3365 ὑπὲρ
3418 3290 3492 3350 ὧν
3520 3298 3602 3349 δι-

336 3387 567 3434 conatus
590 3377 749 3434 ﬁnem
785 3393 935 3434 mors
959 3381 1318 3450 praeveniens,
1353 3384 1627 3453 captivum
1656 3383 1723 3439 de
1744 3385 1921 3440 medio

2024 3391 2388 3456 εσπούδασαν,
2421 3393 2455 3464 ἢ
2506 3390 2609 3443 κᾶν
2652 3390 2750 3459 τὴν
2785 3388 3008 3443 ἐκείνων
3053 3388 3288 3458 σπουδὴν
3320 3389 3347 3441 ὁ
3373 3386 3604 3448 θάνατος

337 3469 581 3531 tolleret,
618 3470 774 3523 illum
840 3470 895 3524 in
935 3478 1265 3526 testamento
1319 3489 1419 3526 suo
1466 3489 1590 3528 cum
1626 3476 1714 3543 qui
1749 3477 1921 3545 ipsius

2025 3486 2345 3556 προφθάσας
2402 3485 2459 3537 ἐν
2510 3485 2730 3553 δεσμοῖς
2779 3483 2908 3537 ὄντα
2954 3483 3109 3536 λάϐοι
3168 3483 3262 3535 τὸν
3294 3480 3602 3550 ἄνθρωπον,

335 3575 525 3616 curam
594 3562 909 3625 habuisset,
945 3563 1153 3632 majore
1190 3565 1441 3633 portione
1476 3581 1638 3634 quam
1682 3568 1803 3621 illos
1827 3568 1920 3637 qui

2025 3580 2083 3631 ἐν
2116 3578 2182 3648 τῇ
2215 3575 2346 3648 περὶ
2377 3577 2484 3630 τῶν
2529 3576 2749 3630 οἰκείων
2778 3573 3017 3638 διατάξει
3048 3573 3200 3627 ἔσται
3242 3573 3386 3635 τινὸς
3423 3570 3606 3623 πλείο-

336 3651 519 3721 ipsum
552 3651 938 3721 neglexissent
963 3652 1338 3722 dignaturnm.
1366 3653 1484 3708 Non
1544 3657 1689 3711 enim
1728 3658 1922 3711 imme-

2026 3687 2115 3733 νος
2170 3668 2339 3735 ἀξιῶν
2394 3668 2610 3740 μερίδος
2657 3667 2749 3721 τὸν
2801 3667 2940 3737 ὑπὲρ
2992 3665 3158 3719 αὑτοῦ
3207 3663 3606 3735 πεφροντικότα

337 3756 544 3796 morem
576 3740 691 3796 fore
755 3744 957 3811 ipsum,
993 3758 1170 3814 neque
1200 3745 1416 3800 labores
1466 3747 1622 3801 nihili
1648 3746 1919 3803 facturum

2026 3760 2136 3814 τῶν
2187 3760 2367 3825 άλλως
2409 3760 2433 3793 ⁸
2482 3758 2838 3829 ἠμεληκότων
2866 3776 2878 3788 ·
2921 3758 2983 3813 ού
3038 3758 3148 3828 γὰρ
3195 3755 3607 3827 ἀμνημονήσειν

341 3830 775 3887 arbitrarentur.
828 3831 941 3886 Hac
975 3832 1142 3902 igitur
1200 3834 1413 3889 ratione
1445 3835 1923 3906 (quemadmodum

2116 3852 2192 3906 τὸν
2244 3855 2337 3906 καὶ
2393 3852 2546 3923 παρά
2594 3851 2797 3920 φαῦλον
2849 3851 2978 3912 τοὺς
3036 3850 3229 3911 πόνους
3284 3845 3608 3917 ποιήσεσθαι
3709 3858 3714 3865 ·

339 3919 470 3987 dixi)
514 3918 756 3973 futurum
792 3926 963 3986 esset,
1006 3921 1084 4002 uti
1121 3923 1290 3992 aliqui
1351 3939 1456 3979 n0n
1486 3925 1836 3997 indiligenter
1857 3929 1924 3983 ad

2030 3943 2433 4013 ὑπελάμϐανον.
2488 3943 2711 4006 Τούτοις
2764 3938 2879 4008 οὖν,
2922 3941 3107 4010 ὥσπερ
3156 3939 3329 4010 ἔφην,
3373 3934 3486 4000 τοῖς
3523 3935 3610 3988 λο-

338 4029 745 4083 liberandorum
808 4031 1149 4102 captivorum
1215 4048 1401 4086 curam
1465 4048 1585 4091 sese
1628 4039 1920 4105 erigerent.

2029 4038 2248 4107 γισμοῖς
2306 4034 2533 4105 ἔμελλόν
2569 4051 2714 4101 τινες
2762 4035 2824 4087 οὺ
2883 4033 3143 4103 ῥᾳθύμως
3198 4032 3278 4093 εἰς
3328 4031 3427 4098 τὴν
3471 4029 3612 4098 ὑπὲρ

335 4116 495 4172 Nunc
521 4134 648 4173 vero
677 4135 800 4173 cum
832 4120 886 4172 bi
944 4121 1134 4176 testari
1176 4123 1594 4191 prohibeantur,
1632 4128 1711 4181 illi
1743 4138 1924 4183 autem

2030 4125 2346 4196 ἐλευθερίας
2372 4125 2482 4178 τῶν
2529 4123 2893 4195 αἰχμαλώτων
2923 4121 3159 4192 σπουδὴν
3189 4118 3564 4174 διανίστασθαι
3595 4135 3608 4150 ·

342 4209 412 4263 ab
448 4210 713 4264 intestato
790 4210 1047 4267 bmredcs
1085 4213 1138 4266 in
1197 4214 1337 4268 bona
1388 4216 1724 4284 concedant,
1780 4219 1925 4274 haud

2031 4218 2125 4271 νῦν
2185 4217 2263 4284 δὲ,
2321 4217 2431 4271 τῶν
2488 4217 2586 4285 μὲν
2636 4215 2999 4284 κωλυομένων
3046 4212 3451 4272 διατάττεσθαι,
3504 4209 3613 4263 τῶν

341 4302 480 4367 scio,
514 4301 583 4365 si,
622 4301 716 4371 qui
752 4316 850 4370 pro
871 4302 1192 4358 liberatione
1221 4306 1434 4362 labores
1460 4308 1742 4377 suscipiat,
1774 4310 1929 4379 quis-

2030 4308 2086 4362 δὲ
2130 4308 2191 4373 ἐξ
2227 4307 2508 4361 ἀδιαθέτου
2560 4307 2916 4377 κληρονόμων
2956 4306 3037 4369 εἰς
3085 4305 3183 4374 τὴν
3246 4301 3480 4373 ὓπαρξιν
3516 4302 3614 4370 ἐμ-

343 4408 508 4461 quam
560 4393 811 4467 inveniri
845 4395 1041 4462 possit.
1084 4393 1476 4453 Suecessionis
1506 4401 1651 4454 enim
1688 4402 1755 4455 ab
1785 4384 1927 4455 inte-

2033 4400 2349 4460 ϐαινόντων,
2407 4400 2508 4452 ούκ
2565 4395 2681 4451 οἶδα
2740 4398 2793 4450 εἴ
2840 4414 2921 4470 τε
2986 4396 3235 4464 εὑρεθείη
3295 4395 3422 4456 τοὺς
3473 4392 3613 4462 ὑπὲρ

341 4491 486 4536 stato
520 4498 647 4551 spes
684 4493 971 4553 metusque
1032 4500 1100 4538 ne
1162 4486 1214 4539 in
1272 4503 1468 4542 vanum
1527 4491 1846 4557 laboretur,
1882 4493 1926 4546 si

2035 4488 2136 4558 τῆς
2179 4487 2531 4560 ἀναῤῥύσεως
2574 4489 2769 4550 πόνους
2811 4484 3224 4554 ἀναδεξόμενος.
3279 4485 3352 4536 ’Ἦ
3401 4499 3459 4534 τε
3504 4483 3614 4552 γὰρ

351 4574 493 4628 forte
535 4573 915 4628 liberationem
973 4592 1123 4631 mors
1173 4589 1481 4647 praevertat,
1540 4585 1926 4654 captivumque

2036 4580 2191 4642 ἐλπὶς
2226 4579 2325 4648 τῆς
2365 4578 2426 4643 ἐξ
2474 4577 2757 4632 ἀδιαθέτου
2805 4577 3192 4648 κληρονομίας,
3243 4576 3338 4629 καὶ
3387 4577 3421 4646 ὴ
3465 4574 3616 4627 ἐνθύ-

341 4665 508 4719 rebus
545 4664 797 4720 humanis
846 4665 1072 4729 eximat,
1125 4666 1375 4721 homines
1428 4669 1697 4726 tardiores
1751 4670 1929 4742 (utne

2039 4688 2205 4744 μησις
2245 4671 2340 4724 τοῦ
2390 4672 2462 4739 μή
2520 4686 2651 4724 ποτε
2702 4668 2788 4722 διὰ
2822 4669 2987 4737 κενῆς
3024 4668 3213 4738 κάμοι,
3245 4667 3340 4728 τὰς
3368 4665 3560 4719 ἑαυτοῦ
3592 4666 3614 4696 ⁸

344 4773 573 4828 prorsus
629 4759 815 4812 animo
855 4759 1067 4813 alienos
1116 4759 1321 4833 dicam)
1373 4760 1440 4815 ad
1499 4764 1924 4832 aggrediendum

2036 4760 2273 4824 σπουδὰς
2333 4760 2428 4812 τοῦ
2460 4760 2693 4814 θανάτου
2758 4759 3124 4830 προλαϐόντος
3177 4758 3399 4812 καὶτὸν
3454 4757 3619 4826 αἰχμ-

340 4846 494 4903 facit.
557 4847 715 4913 Quod
767 4864 901 4904 sane
960 4864 1069 4903 non
1118 4848 1308 4903 itidem
1370 4853 1732 4923 contingeret,
1761 4856 1806 4909 si
1841 4856 1922 4909 lex

2035 4853 2241 4907 άλωτον
2298 4852 2368 4921 ,ἐξ
2420 4851 2722 4924 ἀνθρώπων
2779 4852 3188 4919 ἀφανίσαντος,
3261 4849 3620 4919 ὀκνηρότερον

341 4937 560 4991 illorum
588 4946 917 4994 testamenta
937 4940 1095 4994 irrita
1128 4955 1236 4994 non
1293 4942 1521 4997 faceret.
1549 4943 1668 4997 Jam
1717 4961 1848 4999 vero
1876 4949 1922 5000 si

2038 4947 2153 5016 (ἵνα
2205 4944 2281 5014 μὴ
2336 4945 2480 5013 λέγω
2540 4944 2819 5008 παντελῶς
2877 4944 3219 5015 ἀπρόθυμον)
3277 4942 3421 4994 ποιεῖ
3485 4939 3623 5010 πρὸς

342 5028 637 5105 liberandae
697 5031 893 5084 anim-8
926 5033 1162 5102 pretium
1221 5033 1457 5102 propriae
1520 5035 1791 5104 cujusque
1850 5038 1930 5090 fa-

2032 5038 2131 5109 τὴν
2179 5036 2555 5105 ἐπιχείρησιν,
2610 5035 2748 5105 ὅπερ
2798 5034 2979 5088 οὐκέτι
3025 5033 3226 5103 ὁμοίως
3283 5031 3618 5090 συνέϐαινεν,

341 5121 577 5176 cultates
611 5129 760 5186 sunt,
788 5123 1067 5191 quomodo
1096 5126 1284 5180 nonin
1323 5125 1428 5180 hoc
1504 5130 1669 5181 etiam
1726 5131 1927 5200 captivi

2036 5128 2086 5179 εἰ
2148 5128 2223 5198 μὴ
2273 5128 2477 5197 ἄκυρον
2534 5127 2718 5189 αὐτοῖς
2770 5127 2804 5197 ή
2846 5126 3138 5196 νομοθεσία
3192 5123 3481 5197 εἰργάζετο
3524 5121 3622 5190 τὴν

343 5212 599 5282 injuriam
636 5215 798 5284 longe
833 5216 1125 5270 maximam
1157 5216 1454 5281 sustinent,
1490 5217 1637 5287 quod
1659 5219 1788 5273 dum
1816 5237 1923 5273 non

2033 5217 2299 5281 διάταξιν.
2337 5218 2484 5270 Εἰδέ
2523 5217 2631 5286 γὰρ
2684 5216 2879 5286 λύτρον
2923 5216 3106 5286 ψυχῆς
3162 5218 3193 5283 ή
3253 5215 3359 5267 ἰδία
3406 5212 3620 5279 κτῆσις,

344 5302 598 5358 sinuntur
647 5319 678 5357 ιι
714 5305 833 5374 lege
871 5302 938 5357 de
996 5303 1173 5358 rebus
1222 5303 1340 5360 suis
1394 5313 1660 5370 statuere,
1710 5308 1927 5364 etiamsi

2036 5310 2153 5373 πῶς
2198 5309 2318 5379 οὐχὶ
2367 5310 2462 5363 καὶ
2493 5309 2636 5364 κατὰ
2668 5307 2829 5362 τοῦτο
2860 5309 3073 5366 ἀδικίαν
3127 5308 3434 5376 ἀκροτάτην
3493 5303 3624 5354 ὑπο-

1640 5438 1874 5493 νΑΙιιίΕ
1911 5441 2318 5497 LECTIONES.

397 5528 420 5560 ⁶
452 5526 641 5601 Steph.
673 5527 789 5601 vult
822 5526 1056 5601 ἑταῖρος.
1076 5594 1104 5601 _
1165 5524 1417 5601 :'_Znicb.
1456 5537 1510 5581 et
1529 5525 1751 5601 gleertn.
1775 5531 1867 5583 τοῦ
1890 5531 2237 5601 αἰχμαλώτου
2274 5531 2352 5584 ὲλ.
2383 5532 2654 5601 τυχόντος.
2756 5529 2778 5562 ⁸
2814 5530 3005 5586 Melius
3034 5525 3227 5581 ἄλλων.
3310 5525 3333 5557 ⁵¹
3361 5521 3452 5579 Sic
3481 5534 3627 5579 corr.

347 5594 658 5667 Stephanus
689 5606 743 5649 et
763 5594 1032 5666 Agylaeus.
1067 5594 1236 5651 Codd.
1260 5598 1338 5659 εἰς
1361 5597 1574 5649 ἑαυτοῦ.
2156 5638 2161 5645 .
2191 5612 2194 5617 ’
2360 5604 2365 5609 '

1862 5686 2091 5746 ΝΟΤᾸΞ.

1862 5689 2091 5746 NOTAE.

422 5778 533 5842 (87)
562 5780 758 5833 Alliieti
777 5780 1097 5836 sublevandi
1146 5788 1295 5847 sunt,
1324 5794 1429 5834 non
1481 5780 1747 5834 onerandi
1791 5779 1932 5836 Nov.
1970 5782 2059 5848 9.6,
2093 5781 2232 5835 infra
2265 5780 2388 5835 cod.
