4048 6432
394 334 503 403 517

1485 348 1846 410 ΝΟνΕιΙΑΕ
1883 347 2557 416 CONSTITUTIONES.

3542 362 3651 427 518

402 448 658 521 μένουσιν
708 454 759 507 oi
822 455 1181 526 αἰχμάλωτοι,
1242 460 1343 513 οὐκ
1398 460 1629 532 ἐώμενοι
1679 447 1829 535 παρὰ
1878 461 1973 514 τοῦ

2079 462 2247 517 velint
2280 479 2378 534 pro
2403 467 2693 523 animabus
2726 469 2843 525 suis
2865 470 3001 525 nihil
3060 484 3243 526 rerum
3269 485 3494 527 suarum
3524 489 3652 529 ero-

396 544 564 612 νόμου
598 546 726 612 περὶ
774 546 883 598 τῶν
932 550 1245 619 προσόντων
1288 551 1511 623 ὁρίζειν,
1563 554 1630 607 ἂν
1662 555 1818 608 τοῦτο
1851 555 1976 623 βού-

393 630 615 696 λωνται,
644 632 785 703 ὑπὲρ
816 633 992 705 ψυχῆς
1020 637 1198 690 αὐτῶν
1236 656 1357 692 τινα
1397 640 1811 713 διανενεμῆσθαι
1863 642 1971 695 τῶν

395 721 774 789 πραγμάτων;
820 724 944 777 Ἔτι
970 744 1031 793 γε
1068 726 1175 799 μὴν
1225 731 1319 783 καὶ
1362 733 1430 785 τὰ
1483 733 1614 803 περὶ
1659 734 1971 803 ἐλευθερίας

394 809 616 872 ἀτόπως
646 812 711 864 ἐκ
740 812 929 867 τούτου
964 814 1305 887 διακείμενα,
1348 820 1445 874 καὶ
1487 823 1547 875 τὸ
1601 822 1799 893 μᾶλλον
1848 825 1973 877 ἀτο-

395 894 674 961 πώτατον,
741 900 822 952 ὅτι
896 902 971 973 μὴ
1029 903 1313 976 διδομένης
1384 909 1568 972 ἁδείας
1631 913 1741 974 τοῖς
1810 912 1973 981 αἰχμ-

394 985 624 1051 αλώτοις
667 989 947 1044 διαθέσθαι
979 995 1350 1051 ἀνακύπτουσι
1370 1000 1626 1067 πολλάκις
1659 1005 1758 1072 τῆς
1790 1006 1968 1075 ὑπάρ-

396 1076 531 1141 ξεως
591 1082 874 1153 κτήτορες,
917 1084 1011 1147 οὓς
1067 1089 1101 1158 ἡ
1160 1088 1266 1144 τῶν
1322 1093 1585 1162 ἐχθίστων
1636 1093 1748 1166 εἷχε
1808 1100 1972 1167 μοῖρα

395 1169 488 1256 καὶ
538 1170 647 1223 οὐδ’
694 1174 885 1244 ἐνορᾷν
921 1177 1120 1240 αὐτοὺς
1148 1179 1206 1231 ἐν
1243 1178 1411 1244 ζῶσιν
1461 1184 1614 1248 ὄντες
1674 1185 1970 1256 ἠνείχοντο,

393 1252 453 1311 οὗ
502 1261 555 1313 τί
598 1262 663 1314 ἄν
702 1262 785 1333 εἴη
844 1264 1217 1336 φαυλότερον;
1269 1271 1439 1324 Τοῦτο
1485 1267 1577 1326 οὖν
1627 1274 1800 1339 οὕτως
1851 1276 1973 1345 ἔχον

395 1352 492 1403 οὐκ
522 1352 665 1416 ἔδοξε
698 1357 764 1425 τῇ
812 1355 1055 1427 βασιλείᾳ
1104 1360 1259 1429 ἡμῶν
1294 1361 1500 1416 δίκαιον
1549 1368 1816 1435 παριδεῖν,
1857 1366 1969 1421 ἀλλ’

395 1442 583 1530 ὥσπερ
647 1447 705 1497 ἐν
767 1450 881 1510 τοῖς
942 1449 1121 1514 ἄλλοις
1179 1454 1321 1507 κατὰ
1384 1455 1613 1527 δύναμιν
1667 1460 1764 1524 τὴν
1821 1461 1973 1530 παρὰ

394 1528 489 1580 τοῦ
523 1531 834 1600 κρείττονος
870 1534 1153 1606 διδομένην
1201 1538 1343 1592 ὥστε
1398 1543 1497 1612 τὴν
1546 1547 1821 1616 ἡμετέραν
1873 1528 1972 1600 πο-

393 1620 602 1675 λιτείαν
673 1623 732 1676 εὖ
801 1627 1256 1699 διοικονομεῖσθαι
1315 1637 1775 1706 πεφροντίκαμεν,
1830 1638 1972 1693 οὕτω

395 1712 529 1781 πρὸς
558 1713 619 1766 τὸ
658 1716 880 1782 ἄμεινον
939 1721 1032 1772 καὶ
1075 1721 1146 1774 τὰ
1185 1724 1316 1793 περὶ
1345 1725 1454 1795 τῶν
1480 1729 1843 1797 αἰχμαλώτων
1867 1732 1969 1784 ἐπ-

389 1803 651 1872 ανορθοῦν
684 1807 1078 1880 διεγνώκαμεν.

463 1893 806 1966 Θεσπίζομεν
831 1900 870 1931 ν
905 1901 1107 1969 τοίνυν,
1145 1905 1252 1958 ἀπὸ
1279 1906 1373 1960 τοῦ
1404 1909 1673 1979 παρόντος
1705 1914 1969 1984 μηδαμῶς

389 1987 516 2048 τοὺς
560 1989 617 2039 ἐν
670 1990 1021 2065 αἰχμαλωσίᾳ
1075 1995 1153 2066 τῷ
1194 1997 1516 2068 ἀπείργοντι
1570 2004 1766 2068 αὐτοὺς
1797 2006 1969 2059 διατί-

389 2073 577 2126 θεσθαι
630 2076 780 2147 νόμῳ
833 2077 1022 2153 ῶσπερ
1060 2085 1153 2136 καὶ
1200 2084 1259 2137 τὸ
1313 2087 1579 2160 πρότερον
1628 2091 1968 2159 ὑποκεῖσθαι,

391 2161 505 2215 ἀλλ’
578 2166 780 2228 ἐξεῖναι
838 2169 1084 2238 τούτοις,
1144 2176 1192 2227 εἱ
1257 2178 1356 2245 μὲν
1412 2174 1524 2233 οἷόν
1587 2200 1647 2237 τε
1698 2186 1972 2256 παρουσίᾳ

390 2257 552 2309 πέντε
626 2260 942 2333 μαρτύρων,
1003 2268 1051 2318 εί
1122 2267 1178 2320 δὲ
1248 2270 1321 2341 μὴ
1378 2272 1567 2341 τριῶν,
1627 2276 1735 2328 εἴτε
1784 2281 1969 2349 γραφῇ

390 2349 728 2421 παραδοῦναι
795 2354 894 2424 τὴν
957 2354 1214 2426 βούλησιν
1274 2362 1385 2415 εἴτε
1447 2365 1682 2438 ἀγράφῳ
1730 2368 1973 2434 διατάξει

390 2442 727 2504 ἐκτίθεσθαι.
780 2446 1025 2516 δηλονότι
1087 2451 1235 2522 ὅρκῳ
1285 2453 1650 2524 βεϐαιούντων
1718 2461 1831 2515 τῶν
1893 2464 1975 2525 εἰς

389 2534 489 2601 τὴν
547 2537 857 2607 μαρτυρίαν
912 2542 1388 2612 παραληφθέντων
1441 2546 1502 2601 τὺ
1556 2551 1974 2623 άπαραποίητον

390 2626 455 2694 τῇ
490 2624 583 2677 τοῦ
620 2627 1044 2697 τελευτήσαντος
1072 2635 1427 2700 διατυπώσει,
1458 2637 1524 2693 ἄν
1563 2655 1623 2692 τε
1652 2642 1856 2695 παίδων
1888 2644 1976 2696 ὀνο

394 2730 498 2767 των
526 2718 766 2781 ἐκείνους
796 2721 1233 2776 καταλείποιτο¹⁰
1267 2726 1368 2794 τῆς
1391 2736 1708 2796 περιουσίας
1733 2732 1972 2803 κυρίους,

394 2803 459 2857 ἄν
487 2821 547 2857 τε
574 2808 647 2875 μὴ
676 2808 872 2871 παῖδας
895 2808 1032 2879 ἔχων
1058 2812 1276 2883 ἐτέρους
1308 2817 1387 2877 είς
1417 2816 1507 2869 τὸν
1533 2817 1733 2888 κλῆρον
1759 2823 1975 2894 είσάγῃ.

390 2898 466 2951 Οὐ
502 2899 608 2971 γὰρ
644 2899 852 2954 δίκαιον
875 2901 1175 2973 ἡγούμεθα,
1200 2906 1326 2969 τοὺς
1358 2907 1613 2979 ἐπίσης¹¹
1648 2912 1977 2982 μετέχοντας

392 2988 485 3040 τοῦ
520 2990 703 3043 κοινοῦ
748 2992 847 3061 τῆς
899 2992 1173 3057 πολιτείας
1217 2995 1485 3066 ὀνόματος
1542 3002 1617 3070 μὴ
1670 3002 1759 3073 ῐσῃ
1815 3004 1979 3076 μοίρᾳ

392 3080 501 3133 τῶν
556 3082 651 3135 τοῦ
707 3083 875 3154 νόμου
948 3085 1175 3139 δικαίων
1231 3089 1529 3159 τιμᾶσθαι,
1590 3093 1713 3146 καθ’
1769 3093 1863 3159 οὓς
1918 3097 1978 3149 τὸ

393 3174 663 3243 ὁμόφυλον
717 3151 1085 3243 πολιτεύεται,
1143 3151 1304 3234 ἀλλὰ.
1332 3183 1459 3245 τοὺς
1503 3151 1605 3254 μὲν
1645 3151 2046 3259 ἀπειράτουςΟ

393 3267 775 3337 αἰχμαλωσίας
821 3268 966 3341 ἔχειν
1014 3273 1264 3338 ἐξουσίαν
1301 3276 1378 3340 ὡς
1432 3277 1620 3343 αὐτοῖς
1652 3280 1800 3334 δοκεί
1849 3283 1979 3354 περὶ

396 3360 503 3412 τῶν
537 3360 684 3413 ίδίων
712 3359 1093 3430 βουλεύεσθαι,
1125 3366 1254 3430 τοὺς
1286 3366 1343 3419 δὲ
1377 3367 1475 3438 μὴ,
1497 3367 1689 3441 ὥσπερ
1726 3369 1979 3443 ἔγκλημα

398 3446 617 3517 ἔχοντας
644 3450 1217 3521 ὅτιπροπολεμοῦντες
1233 3454 1340 3507 τῶν
1370 3456 1657 3527 ὁμοφύλων
1678 3458 1758 3521 εἰς
1784 3462 1979 3529 πεῖραν

395 3539 647 3604 ἁλώσεως
671 3537 853 3612 ἦλθον.
900 3544 961 3596 El
1006 3544 1257 3615 μέντοιγέ
1310 3565 1392 3611 τις
1442 3547 1549 3601 τῶν
1569 3549 1975 3622 δορυαλώτωνῆ

396 3630 676 3702 ἐθελοντὴς
711 3634 744 3703 ἢ
780 3634 870 3703 ὑφ’
901 3631 975 3690 ὧν
1000 3637 1284 3708 κατέχεται
1313 3639 1356 3671 ¹¹
1410 3639 1530 3710 βίαν
1566 3642 1979 3713 ὑπομένωνέπὶ

396 3722 605 3793 ταύτην
642 3724 788 3779 ἔλθοι
816 3728 914 3792 τὴν
941 3728 1190 3805 γνώμην,
1223 3729 1361 3784 ὥστε
1389 3733 1455 3785 τὰ
1486 3734 1652 3786 αὐτοῦ
1679 3735 1977 3805 πράγματα

395 3813 477 3875 είς
507 3814 633 3876 τοὺς
664 3815 958 3886 πολεμίους
1010 3821 1208 3888 χωρεῖν
1258 3820 1617 3884 διατυπῶσαι,
1653 3824 1774 3876 τότε
1822 3826 1977 3879 ούδα-

400 3902 518 3974 μῶς
546 3905 617 3959 τὰ
649 3905 942 3977 δεδογμένα
982 3909 1178 3979 βέϐαια
1214 3909 1368 3964 ἔσται
1394 3911 1458 3973 η,
1486 3912 1602 3965 ἀλλ’
1636 3913 1710 3976 ὡς
1737 3915 1812 3985 μὴ
1836 3917 1977 3969 κατὰ

393 3993 456 4047 τὸ
485 3995 694 4065 πρέπον
718 3996 797 4067 τῷ
827 3999 1168 4069 Χριστιανῶν
1190 4000 1232 4031 ¹⁸
1255 4001 1609 4071 πολιτεύματι
1634 4006 1977 4076 γεγενημένη

395 4086 712 4142 ἐκπεσεῖται
734 4092 767 4156 ἡ
796 4091 1113 4155 διάταξιςίδ.

470 4178 657 4232 Ταῦτα
710 4180 811 4251 μὲν
853 4183 1125 4252 διωρίσθω
1176 4186 1308 4256 περὶ
1354 4187 1462 4239 τῶν
1502 4189 1734 4260 διαθήκῃ
1783 4191 1845 4243 τὸ
1876 4192 1977 4259 τῆς

395 4267 543 4338 ζωῆς
573 4270 724 4333 τέλος
752 4274 1114 4343 προφθάσαι¹⁶
1157 4276 1569 4346 διανοηθέντων.
1634 4280 1694 4332 ΕΞ
1717 4281 1760 4334 δ’
1792 4283 1825 4351 ἡ
1883 4283 1974 4335 τέ-

308 4392 311 4393 ν
393 4352 537 4425 λὲιος
581 4364 854 4420 ἐπιστᾶσα
902 4367 997 4421 τοῦ
1031 4367 1148 4437 βίου
1176 4370 1360 4439 ἡμέρα
1388 4370 1447 4436 ἐξ
1480 4371 1785 4442 ἀνθρώπων
1819 4374 1977 4428 ἀδιά-

2001 1820 2049 1871 A

2075 571 2206 624 gare
2223 561 2587 625 possent?Ad
2622 562 2736 617 hanc
2777 578 2940 633 porro
2974 579 3099 619 cum
3128 565 3474 621 liberationis
3508 566 3652 620 ratio

2078 649 2205 703 hinc
2227 650 2621 708 absurditatem
2651 657 2966 721 contrahat,
3003 665 3118 711 tum
3154 671 3285 712 vero
3346 658 3523 711 multo
3553 658 3653 712 ab-

2077 740 2460 797 surdissimum
2512 754 2622 812 est,
2656 748 2801 816 quod
2831 750 2958 802 dum
2983 748 3216 803 testandi
3279 748 3511 803 facultas
3555 762 3653 802 ca~

2077 830 2241 899 ptivis
2272 846 2383 886 non
2414 833 2599 899 datur,
2631 834 2948 905 frequenter
2976 838 3054 891 illi
3122 840 3219 907 qui
3280 837 3654 894 inimicissimi

2079 920 2189 991 (88)
2226 920 2482 987 fuissent,
2512 942 2762 997 quosque
2784 929 2911 997 ipsi,
2941 929 2987 983 si
3008 930 3285 994 viverent,
3314 945 3382 983 ne
3403 931 3654 999 aspicere

2075 1013 2295 1082 quidem
2319 1018 2675 1084 sustinerent,
2715 1020 2934 1074 illorum
2978 1020 3292 1075 facultatem
3318 1022 3527 1076 domini
3553 1037 3651 1076 ex-

2075 1106 2298 1161 sistant.
2338 1107 2477 1175 Qua,
2505 1126 2711 1181 quaeso,
2769 1124 2819 1167 te
2848 1113 2980 1183 quid
3013 1114 3190 1182 possit
3240 1129 3364 1170 esse
3400 1112 3655 1182 turpius!

2076 1197 2190 1253 Hoc
2216 1200 2380 1270 igitur
2410 1217 2532 1256 cum
2575 1203 2723 1258 hunc
2759 1204 2824 1259 ad
2856 1204 3079 1259 modum
3113 1219 3236 1261 sese
3274 1205 3496 1269 habeat,
3540 1219 3655 1259 nou

2076 1289 2277 1359 negligi
2302 1290 2500 1345 debere
2555 1292 2825 1361 majestati
2892 1302 3095 1348 nostra:
3140 1294 3319 1349 visum
3381 1304 3516 1348 est:
3557 1294 3655 1348 sed

2074 1377 2535 1444 quemadmodum
2578 1381 2632 1434 in
2659 1382 2781 1435 aliis
2812 1398 2911 1451 pro
2957 1383 3166 1437 viribus
3201 1383 3466 1438 divinitus
3492 1384 3655 1440 nobis

2075 1468 2243 1530 datis,
2280 1476 2339 1521 ut
2373 1477 2522 1523 recte
2558 1471 2869 1539 respublica
2903 1480 3091 1527 nostra
3126 1471 3462 1542 gubernetur
3498 1473 3656 1528 solli-

2074 1556 2181 1610 cite
2210 1557 2458 1627 egimus;
2484 1560 2565 1612 sic
2592 1567 2646 1613 et
2678 1560 2746 1615 de
2805 1562 3036 1630 captivis
3090 1566 3389 1617 tractatum
3447 1563 3503 1616 iu
3540 1577 3657 1617 me-

2070 1644 2179 1701 lius
2212 1649 2488 1717 corrigere
2510 1648 2877 1705 decrevimus.

2144 1909 2436 1968 Sancimus
2460 1921 2641 1971 autem
2666 1925 2724 1969 ut
2757 1916 2945 1971 dehinc
2987 1919 3201 1987 captivi,
3256 1935 3378 1990 quae
3424 1920 3576 1990 ipsos
3620 1935 3655 1976 ι

2075 2004 2328 2059 testando
2363 2016 2535 2073 arcet,
2580 2007 2684 2079 legi
2732 2010 3053 2080 neutiquam
3108 2012 3333 2067 obnoxii
3375 2012 3523 2067 sint:
3553 2014 3653 2068 sed

2072 2104 2133 2150 ut
2182 2096 2318 2165 ipsis
2357 2096 2424 2167 (si
2460 2098 2721 2167 possibile
2741 2099 2834 2169 sit)
2864 2102 3133 2171 quinque,
3171 2101 3256 2157 sin
3308 2101 3516 2164 minus,
3552 2102 3656 2155 tri-

2073 2189 2175 2244 bus
2199 2188 2434 2244 testibus
2466 2192 2833 2259 praesentibus
2881 2193 3025 2264 (89),
3059 2205 3363 2249 extremam
3404 2194 3657 2248 volunta-

2073 2286 2205 2343 tem,
2247 2279 2363 2334 sive
2391 2279 2589 2335 litteris
2621 2282 3035 2347 commendare,
3072 2282 3188 2337 sive
3217 2281 3332 2352 (90)
3365 2281 3486 2337 sine
3520 2282 3657 2336 scri-

2086 2378 2181 2439 pto
2218 2370 2583 2440 pronuntiare
2623 2372 2822 2427 liceat:
2858 2384 3039 2429 tamen
3072 2385 3129 2428 ut
3155 2375 3248 2445 qui
3282 2374 3351 2428 ad
3402 2375 3658 2430 testimo-

2075 2461 2229 2515 nium
2257 2463 2531 2533 assumpti
2569 2472 2719 2525 sunt,
2765 2478 2958 2519 revera
2996 2464 3143 2518 illam
3175 2464 3417 2519 defuncti
3460 2463 3658 2519 volun-

2075 2559 2243 2607 tatem
2279 2568 2401 2608 esse
2429 2552 2794 2623 jurejurando
2820 2555 3124 2610 atilrment:
3173 2556 3337 2626 idque
3384 2556 3501 2611 sive
3528 2569 3655 2610 cum

2074 2643 2232 2698 liberi
2271 2644 2514 2711 subsint,
2544 2646 2669 2701 illos
2710 2646 2982 2701 bonorum
3014 2662 3241 2702 suorum
3304 2647 3549 2701 beeredes
3572 2661 3658 2701 re-

2078 2739 2356 2807 linquant,
2386 2737 2503 2794 sive
2534 2751 2657 2793 cum
2696 2740 2899 2796 liberos
2935 2756 3044 2794 non
3102 2741 3366 2806 habeant,
3424 2740 3565 2794 alios
3597 2738 3654 2793 in

2080 2831 2451 2886 baereditatem
2487 2833 3129 2903 introducantJEquum
3177 2833 3322 2887 enim
3359 2846 3469 2886 non
3502 2841 3660 2901 puta-

2081 2938 2204 2978 mus
2235 2923 2404 2993 utqui
2430 2924 2744 2978 communis
2772 2924 3090 2993 reipublicae
3135 2922 3379 2979 nominis
3422 2921 3651 2992 atquali~

2079 3020 2164 3067 ter
2213 3014 2510 3084 participes
2571 3022 2721 3075 sunt.
2764 3015 3125 3085 ejusdemque
3168 3029 3288 3069 esse
3318 3015 3500 3085 gentis
3528 3028 3661 3068 cen-

2082 3114 2316 3162 sentur:
2348 3122 2459 3161 non
2491 3108 2745 3176 aequabili
2773 3123 2838 3163 ex
2871 3110 2987 3180 lege
3021 3108 3145 3178 jure
3183 3110 3555 3162 honoreutur:
3599 3114 3661 3161 ut

2081 3199 2338 3254 videlicet
2380 3200 2475 3269 qui
2514 3200 2674 3255 liberi
2710 3215 2741 3254 a
2783 3202 3051 3257 servitute
3085 3210 3238 3267 sunt,
3284 3199 3564 3256 statuendi
3589 3199 3659 3254 de

2081 3292 2247 3345 rebus
2286 3292 2424 3357 suis,
2448 3299 2506 3345 ut
2538 3292 2715 3347 visum
2735 3300 2841 3355 est,
2862 3300 3183 3362 potestatem
3213 3290 3451 3345 habeant
3481 3307 3494 3343 :
3528 3289 3661 3359 qui-

2080 3380 2185 3437 bus
2219 3396 2349 3435 vero
2378 3382 2467 3435 illa
2501 3395 2695 3436 manus
2731 3381 2915 3435 intulit
2968 3381 3125 3450 quasi
3174 3380 3392 3449 culpam
3428 3381 3659 3434 commi-

2080 3473 2432 3543 serint,quod
2465 3488 2563 3541 pro
2594 3473 2889 3528 tribulibus
2920 3472 3390 3542 propugnandoin
3423 3470 3660 3540 captivi-

2081 3567 2211 3621 tatis
2229 3567 2610 3621 necessitatem
2629 3566 3089 3631 dcvenerint,uon
3111 3564 3658 3634 item(91).therum

2080 3659 2126 3714 si
2156 3658 2498 3726 captivorum
2522 3658 2797 3727 quispiam
2848 3666 2943 3712 aut
2979 3673 3075 3712 sua
3109 3665 3307 3727 sponte
3342 3664 3436 3710 aut
3464 3670 3659 3710 eorum

2078 3764 2314 3820 quorum
2346 3750 2398 3803 in
2426 3758 2696 3819 potestate
2722 3759 2827 3814 est,
2854 3750 2902 3803 vi
2931 3749 3179 3814 adactus,
3198 3748 3301 3803 hoc
3327 3749 3378 3801 iu
3413 3748 3662 3801 animum

2078 3841 2422 3905 inducat,uti
2453 3856 2539 3895 res
2565 3855 2697 3895 suas
2729 3843 2795 3893 ad
2824 3841 3012 3895 hostes
3031 3839 3339 3896 concedere
3358 3847 3661 3894 testamen-

2081 3930 2334 4001 tojubeat
2356 3947 2369 3981 :
2393 3945 2737 4000 nequaquam
2759 3939 2888 3985 tunc
2909 3929 3351 4001 placitumipsius
3363 3938 3545 3982 ratum
3566 3928 3657 3983 sit:

2077 4022 2348 4092 quasique
2370 4038 2478 4076 non
2511 4038 2609 4091 pro
2645 4022 2759 4092 (92)
2786 4025 2987 4077 decoro
3030 4022 3345 4090 reipublicae
3382 4020 3652 4075 Christia-

2080 4129 2164 4169 σιω
2196 4122 2579 4169 testamentum
2616 4112 2820 4167 factum
2854 4113 2957 4177 siti,
3012 4113 3066 4166 in
3103 4112 3319 4165 irritum
3381 4110 3657 4165 concidat.

2150 4208 2328 4274 Atque
2358 4205 2473 4258 hmc
2527 4204 2749 4275 quidem
2800 4204 2867 4260 de
2896 4205 2962 4259 iis
2996 4204 3087 4273 qui
3127 4205 3252 4257 vita:
3303 4204 3462 4258 linem
3488 4212 3660 4257 testa-

2083 4303 2268 4347 mento
2301 4301 2717 4349 anteverterunt
2769 4294 2982 4347 sancita
3019 4302 3205 4349 sunto.
3232 4291 3292 4347 Si
3347 4309 3468 4347 vero
3528 4295 3663 4346 ulti-

2081 4396 2196 4433 mus
2257 4382 2384 4434 vita!
2431 4380 2549 4434 dies
2613 4380 2799 4434 subito
2872 4380 2950 4434 illi
3017 4381 3424 4450 supervenerit,
3495 4389 3664 4449 atque

395 4452 550 4540 θετον
575 4455 831 4525 άφανίσοι
863 4459 956 4511 τὸν
1001 4458 1308 4530 ἄνθρωπον,
1343 4462 1627 4532 παρόντων
1686 4466 1784 4533 μέν
1812 4483 1975 4518 τινων

2084 4469 2376 4525 intestatus
2414 4471 2526 4539 (93)
2560 4471 2628 4524 de
2649 4472 2831 4526 medio
2858 4471 3111 4527 sublatus
3144 4473 3218 4526 sit
3247 4490 3260 4525 :
3296 4481 3410 4525 tum
3452 4472 3499 4526 si
3538 4472 3656 4540 qui,

394 4539 529 4607 οἷςό
570 4548 773 4618 κλῆρος
796 4549 1043 4621 διαφέρει
1092 4553 1351 4607 ἀνιόντων
1399 4554 1431 4623 ἢ
1481 4555 1800 4621 κατιόντων,
1844 4561 1983 4627 πρὸς

395 4636 591 4702 αὐτοὺς
636 4641 669 4710 ὴ
728 4644 1015 4712 περιουσία
1036 4644 1381 4713 πορεύσεται,
1409 4647 1483 4716 μὴ
1510 4647 1699 4713 ὅντων,
1730 4650 1785 4701 δέ
1820 4668 1984 4704 τινων

2086 4564 2151 4619 ad
2192 4580 2331 4632 quos
2375 4563 2667 4618 hrercditas
2701 4564 2959 4633 pertinet,
2998 4564 3116 4618 sive
3161 4562 3543 4625 ascendentes,
3589 4563 3666 4616 si-

2085 4673 2151 4712 ve
2187 4649 2587 4711 descendentes
2614 4658 2921 4724 supersint,
2952 4656 3018 4708 ad
3051 4655 3149 4709 bos
3171 4654 3262 4707 illa
3302 4668 3361 4708 se
3396 4646 3687 4717 conferet,

1689 4814 1775 4868 VA
1787 4817 1927 4871 [HAS
1962 4818 2375 4875 LECTIONES.

473 4921 517 4991 ξ’
548 4919 742 4991 Incipit
774 4922 887 4977 Ecl.
944 4923 1081 4977 Nov.
1112 4924 1202 4979 95.
1316 4926 1359 4957 ¹⁰
1402 4927 1515 4981 ECI-
1566 4930 1877 4987 καταλίποιο

1968 4938 2009 4967 ¹¹
2049 4916 2241 4992 Zuicb.
2292 4947 2347 4991 et
2404 4935 2625 4989 Meerm.
2672 4936 2878 4995 ἐπίσως
2954 4933 2995 4963 ¹¹
3045 4931 3157 4985 Ecl.
3188 4932 3330 4985 addit
3369 4930 3661 4999 πολεμίων.

397 4990 444 5023 ⁸³
476 4989 709 5078 S‘cri‘mg;
741 4992 909 5078 ἐστίν.
950 4995 993 5024 ³⁸
1022 4992 1114 5047 Sic
1149 4994 1496 5078 ΕοΙ.Αῼοι1ιι.ε
1536 5001 1679 5078 κατὰ,
1704 5002 1794 5078 τὸν
1822 4989 2453 5078 πρέπονταδχρ-ιστιανῷ.
2486 5007 2528 5078 ξδ
2554 4989 3064 5078 δυτὶιηειδιδιθεσις-
3101 5003 3143 5033 ³⁸
3166 5000 3244 5055 lla
3266 5000 3381 5056 Εει-
3407 4989 3663 5071 Scrims-t

396 5062 526 5131 περὶ
552 5060 649 5132 τὴν
671 5062 938 5132 διαθήκην
990 5092 1063 5103 -—
1110 5066 1444 5134 προφθάσει,
1476 5084 1598 5138 qua:
1636 5060 1959 5142 carrigelida
1992 5092 2116 5131 esse
2137 5060 2322 5132 Iuliam
2351 5060 2544 5143 St'eph.
2583 5083 2638 5129 et
2666 5060 2821 5143 Agj'l.
2853 5060 3135 5125 notarunt.

1908 5187 1949 5242 N
1960 5187 2141 5245 ΟΤΔΞ.

468 5294 580 5365 (88)
614 5295 1341 5371 Durum_videtur‘capti\'is
1387 5300 1549 5355 adimi
1595 5302 1833 5356 testandi
1887 5319 1981 5371 po-

396 5373 671 5430 testatem,
702 5381 771 5420 ne
800 5367 1044 5436 alioquin
1102 5367 1186 5421 ad'
1216 5384 1408 5423 eorum
1470 5371 1729 5425 inimicos
1785 5367 1975 5427 eorum

398 5436 541 5489 bona
569 5438 914 5491 deferantur.

445 5506 562 5573 (89)
587 5506 807 5575 Captivi
848 5515 1244 5571 testamentum
1273 5509 1456 5565 facere
1493 5509 1694 5566 debent
1745 5514 1982 5569 testibus

398 5579 783 5643 pricsentibus.

475 5645 588 5723 _(90)
610 5646 825 5723 _C_aptivi
862 5649 1463 5723 testamentum_l'acere
1504 5660 1737 5722 possunt
1770 5653 1981 5723 scripto

399 5715 486 5769 vel
509 5715 900 5776 verbis’coram
930 5722 1177 5793 quinque
1200 5721 1283 5776 vel
1333 5715 1521 5777 tribus
1549 5723 1807 5787 testibus.
1870 5715 1979 5780 nisi

2081 5308 2238 5363 inviti
2274 5323 2370 5362 sua
2394 5308 2535 5361 bona
2578 5305 2644 5358 ad
2682 5305 2871 5360 hostes
2903 5305 3052 5373 ipsos
3117 5304 3413 5357 transmitti
3476 5302 3666 5356 volue-

2082 5382 2214 5438 rint,
2242 5380 2296 5440 5,
2330 5377 2666 5445 llarmenop.
2700 5376 2748 5428 l.

2153 5448 2264 5517 (9t)
2288 5447 2503 5516 Captivi
2529 5443 2720 5501 testari
2754 5452 3009 5514 possunt,
3044 5445 3162 5499 sive
3218 5444 3425 5497 liberos
3469 5443 3672 5497 habue-

2082 5519 2216 5579 rint,
2246 5518 2363 5571 sive
2390 5531 2499 5571 non
2538 5517 2851 5571 habuerint.

2154 5576 2269 5656 (θαι)
2299 5588 2456 5639 Κατὰ
2497 5587 2588 5638 τὸν
2632 5586 2897 5653 πρέποντ,
2935 5583 3385 5655 ΞΩΓῘιιιεθΓ.κατὰ
3431 5582 3491 5637 τὸ
3536 5576 3671 5655 πρέ-

2090 5672 2212 5713 πον.
2242 5656 2505 5727 Cujaszius
2544 5657 2598 5721 7,
2630 5658 2752 5711 obs.
2788 5657 2880 5710 5!.
