4048 6444
380 357 491 427 519

1659 356 1936 420 LEONIS
1965 360 2431 425 PHILOSOPHI

3562 373 3665 437 520

378 477 428 533 si
463 488 592 530 vero
619 470 755 527 nulli
807 471 919 528 sint
956 470 1022 525 ad
1081 458 1225 539 quos
1270 471 1538 525 honorum
1568 471 1813 528 defuncti
1868 487 1961 528 ca-

2072 479 2376 550 προσώπων
2390 478 2526 551 πρὸς
2537 478 2629 545 οὒς
2640 482 2673 550 ἡ
2693 480 3027 552 κληρονομία
3038 484 3139 553 ὁρᾷ
3150 480 3365 536 τῶν.τοῦ
3380 482 3438 548 ἐξ
3456 485 3665 557 ἀνθρώ-

378 568 520 638 ptivi
572 564 859 620 successio
920 571 1129 634 spectet
1182 564 1329 634 (dico
1362 580 1501 634 quos
1548 581 1726 635 neque
1761 582 1960 623 ascen-

380 660 575 714 dentes
618 671 794 726 neque
831 655 1231 711 descendentes
1279 655 1525 711 defuncti
1565 658 1773 712 familia
1797 673 1963 728 agno-

379 750 530 820 scit),
588 750 824 819 primum
898 748 1241 803 considerari
1281 764 1350 803 an
1414 749 1692 819 aliquibus
1740 750 1959 813 debeat,

377 840 690 909 deindeque
724 840 962 894 deducto
995 854 1103 894 aare
1141 841 1320 895 alieno
1350 841 1559 911 reliqua
1616 841 1869 897 bifariam
1906 842 1960 895 in

377 936 630 988 trientem
652 938 707 985 et
731 931 949 985 bessem
999 930 1281 994 dividi,ac
1335 933 1591 987 trientem
1644 934 1861 987 demum
1904 933 1957 985 in

374 1025 753 1095 erogationem
786 1037 887 1091 pro
918 1022 1097 1075 anima
1134 1020 1441 1078 faciendam
1492 1023 1764 1094 separari,
1822 1023 1959 1078 alte-

376 1130 494 1168 ram
528 1123 712 1169 autem
751 1123 961 1185 partem
1022 1114 1077 1167 in
1114 1113 1306 1168 fiscum
1355 1116 1524 1185 recipi
1581 1116 1841 1187 iubemus
1878 1124 1959 1169 ta-

374 1222 500 1263 men
529 1216 589 1261 ut
629 1207 773 1263 servi
827 1207 915 1262 his
957 1220 1064 1260 non
1122 1205 1564 1263 immisceamur.
1626 1206 1739 1263 llos
1783 1208 1955 1270 enim,

374 1299 479 1353 nisi
503 1314 577 1353 as
609 1300 848 1352 alienum
876 1295 1087 1351 exsolvi
1114 1310 1221 1349 non
1249 1299 1446 1367 possit,
1471 1313 1666 1353 omnes
1698 1297 1953 1353 libertate

374 1390 638 1447 honorari
662 1391 943 1446 volumus.

2070 586 2191 623 πων
2224 568 2617 637 ἀφανισθέντος
2652 570 3004 639 αἰχμαλώτου
3036 571 3380 641 πραγμάτων
3410 574 3583 644 (φημὶ
3599 573 3667 642 δὴ

2072 664 2207 733 μήτε
2226 663 2319 725 οὓς
2334 663 2583 725 ἀνιόντας
2598 663 2735 733 μήτε
2749 663 2842 727 οὓς
2866 664 3153 727 κατιόντας
3166 663 3459 718 οἰκειοῦται
3478 665 3540 716 τὸ
3566 663 3664 718 τοῦ

2065 753 2595 824 τεθνηκότοςγένος),
2618 754 2883 825 πρότερον
2908 756 3178 808 σκοπεῖν¹⁷
3212 759 3309 825 μὲν
3343 754 3664 825 κελεύομεν,

2067 846 2122 898 εῐ
2143 861 2284 898 τισιν
2314 844 2600 916 ὑπόχρεως
2646 838 2737 915 ἦν,
2771 846 2866 898 καὶ⁵
2905 845 3017 898 τῶν
3045 845 3225 916 χρεῶν
3259 844 3665 916 ὑπεξαιρουμέ-

2069 954 2175 988 νων
2211 937 2279 991 τὰ
2311 937 2745 1008 περιλειπόμενα
2773 937 3081 1008 πράγματα
3131 938 3251 1008 διχῆ
3304 937 3660 1006 διαιρεῖσθαι,

2065 1029 2146 1091 εῐς
2175 1045 2233 1080 τε
2260 1029 2449 1099 τρίτον
2474 1030 2570 1082 καὶ
2616 1029 2886 1099 δίμοιρον,
2936 1030 3029 1082 καὶ
3086 1028 3147 1081 τὸ
3200 1028 3300 1097 μὲν
3350 1028 3534 1095 τρίτον
3580 1028 3661 1091 είς

2060 1117 2159 1189 τὴν
2189 1118 2331 1190 ὑπὲρ
2350 1119 2528 1190 ψυχῆς
2558 1120 2820 1191 διανομὴν
2864 1120 3144 1189 ἀφορίζειν
3166 1120 3231 1183 η,
3255 1118 3351 1172 τοῦ
3384 1119 3438 1172 δὲ
3466 1119 3659 1190 ἐτέρου

2066 1209 2272 1281 μέρους
2326 1214 2384 1265 ὲν
2433 1215 2547 1276 τοῖς
2606 1212 2903 1281 βασιλείοις
2942 1211 3190 1281 ταμείοις
3248 1212 3499 1281 γίνεσθαι
3566 1213 3663 1282 τὴν

2060 1302 2351 1373 ἀνάληψιν,
2388 1304 2518 1358 ἄνευ
2578 1304 2836 1373 μέντοιγε
2870 1303 2982 1357 τῶν
3028 1302 3279 1359 οἰκετῶν.
3310 1302 3496 1357 Ταῦτα
3528 1303 3660 1373 γὰρ,

2061 1395 2117 1446 εί·
2162 1394 2237 1465 μὴ
2285 1396 2398 1448 τῶν
2450 1395 2627 1464 χρεῶν
2686 1398 2719 1466 ἡ
2768 1396 3121 1464 ὲκπλήρωσις
3172 1392 3419 1448 ἐκποδὼν
3472 1396 3657 1464 σταίη,

374 1484 556 1537 πάντα
586 1483 870 1560 ἐλευθερίᾳ
892 1485 1218 1555 τετιμῆσθαι
1260 1481 1585 1555 βουλόμεθα.
1614 1481 1769 1534 Τὸν¹⁰
1797 1481 1966 1535 αὐτὸν
1990 1483 2047 1536 δὲ
2066 1484 2237 1538 τύπον
2263 1486 2549 1558 τηρεῖσθαι
2580 1486 2678 1555 τῆς
2704 1487 2813 1539 τῶν
2839 1486 3183 1557 πραγμάτιον
3208 1485 3528 1557 διοικήσεως
3566 1486 3662 1540 καὶ

375 1574 461 1643 ἐφ’
491 1568 568 1629 ὧν
596 1576 657 1629 οὐ
680 1576 901 1646 πάρεισι
930 1577 1087 1647 χρέα,
1114 1578 1265 1640 ὅταν,
1296 1574 1372 1638 ὡς
1414 1574 1652 1643 εἴρηται,
1705 1571 2057 1642 κληρονόμων
2077 1574 2282 1646 ἄπορος
2306 1576 2457 1630 ἀπίοι
2477 1578 2570 1630 τοῦ
2595 1575 2711 1647 βίου
2739 1577 2767 1630 ό
2788 1579 2852 1648 τῇ
2882 1577 3231 1649 αἰχμαλωσίᾳ
3263 1578 3515 1648 κάτοχος.

442 1667 577 1733 Quae
595 1667 784 1722 eadem
810 1683 994 1722 rerum
1018 1667 1488 1737 disponendarum
1546 1664 1722 1718 forma
1757 1674 1949 1719 custo—
1985 1672 2033 1730 Β

2152 1670 2216 1721 Ἢ
2260 1671 2358 1739 μὲν
2390 1667 2484 1725 οὗν
2529 1673 2609 1734 είς
2655 1672 2899 1726 ἐπίνοιαν
2938 1672 3095 1742 ἡμῶν
3125 1674 3337 1743 ἥκουσα
3381 1671 3510 1741 περὶ
3557 1670 3659 1741 τῆς

374 1759 575 1815 dienda
596 1759 723 1823 erit,
764 1758 986 1828 quando
1014 1759 1151 1813 nihil
1179 1758 1309 1813 seris
1357 1756 1521 1810 alieni
1570 1754 1755 1819 fuerit,
1784 1754 1961 1809 servi-

2072 1760 2385 1832 νομοθεσίας
2418 1764 2452 1833 ἢ
2472 1764 2598 1826 τοὺς
2628 1764 3007 1833 αἰχμαλώτους
3058 1764 3245 1818 ἐλύπει
3273 1766 3318 1797 ²⁰
3343 1764 3654 1838 διόρθωσις,

372 1852 588 1921 tutique
612 1851 884 1906 obnoxius
911 1850 1396 1921 (quemadmodum
1448 1848 1655 1903 dictum
1699 1848 1805 1918 est)
1836 1848 1956 1905 sine

2072 1853 2148 1907 διὰ
2194 1852 2348 1906 τοῦδε
2388 1852 2484 1906 τοῦ
2515 1853 2661 1908 θείου
2708 1854 2868 1924 ἡμῶν
2924 1856 3089 1924 νόμου
3125 1855 3468 1919 ὲκτέθειται,
3513 1855 3548 1925 ἡ
3596 1854 3655 1907 δὲ

374 1942 689 1997 haeredibus
755 1942 1078 1997 decesserit.
1110 1941 1244 2008 Qua:
1298 1942 1483 2010 itaque
1536 1940 1693 1994 nobis
1714 1939 1837 2010 ejus
1876 1941 1956 1997 le-

2072 1940 2133 2009 σὴ
2193 1941 2643 2012 μεγαλοπρέπεια
2688 1942 2749 1995 τὸ
2782 1942 3060 2014 θέσπισμα
3100 1945 3145 1976 ¹¹
3195 1946 3309 2009 τοῖς
3341 1944 3447 1997 ὑπὸ
3495 1946 3658 2015 χεῖρα

371 2032 703 2103 gislationis,
736 2047 858 2103 quae
904 2034 1152 2103 captivos
1208 2030 1597 2095 contristabat,
1624 2030 1679 2085 in
1714 2038 1952 2086 mentem

370 2125 648 2180 correctio
677 2126 847 2191 venit,
886 2141 982 2195 per
1009 2140 1222 2179 sacram
1263 2124 1405 2178 hanc
1451 2121 1703 2193 exposita
1733 2133 1818 2179 est
1871 2123 1953 2178 le-

369 2232 513 2289 gem.
548 2217 665 2272 Tua
686 2225 865 2271 autem
899 2216 1304 2287 magnificentia
1337 2215 1685 2269 sanctionem
1712 2213 1952 2269 subditis

2062 2032 2406 2099 ἐγνωσμένον
2444 2035 2887 2103 καταστησάτω,
2932 2036 3007 2100 ὠς
3055 2035 3121 2090 ἂν
3163 2036 3324 2106 δήλου
3369 2038 3506 2089 πᾶσι
3556 2053 3654 2105 γε-

2061 2122 2310 2188 γονότος,
2344 2122 2584 2187 ἅπαντες
2609 2125 2737 2195 περὶ
2766 2125 2873 2178 τῶν
2905 2126 3140 2193 οἰκείων,
3176 2129 3268 2181 καὶ
3296 2127 3391 2192 οὓς
3425 2129 3458 2199 ή
3486 2130 3653 2200 αἰχμ-

2061 2213 2268 2267 αλωσία
2295 2212 2431 2284 ἔχει,
2462 2215 2539 2277 ὡς
2567 2214 2634 2269 ἂν
2666 2215 2892 2269 ἐθέλωσι
2921 2216 3288 2287 διορίζωνται.

368 2318 557 2365 notam
588 2309 790 2365 facito:
820 2325 930 2381 quo
959 2326 1084 2365 cum
1111 2309 1435 2371 innotuerit,
1473 2320 1666 2362 omnes
1688 2305 1944 2375 de;rebus
1974 2310 2109 2372 suis,
2176 2308 2341 2363 etiam
2424 2323 2566 2378 quos
2642 2312 2937 2379 captivitas
2991 2311 3225 2379 detinet,
3314 2328 3651 2385 quocunque

369 2404 534 2459 modo
564 2404 755 2470 velint,
797 2411 1065 2458 statuant.

838 2514 1308 2573 CONSTITUTIO
1351 2516 1489 2571 XLI.

377 2631 445 2705 L’t
474 2632 531 2685 in
566 2628 868 2685 civitatibus
887 2627 1126 2751 guinque
1150 2626 1386 2697 (95-94),
1436 2628 1493 2681 in
1516 2626 1799 2681 itineribus
1832 2641 1951 2679 vero

441 2716 491 2751 et
521 2702 664 2751 aari's
698 2711 801 2751 tres
827 2699 882 2751 f9
924 2699 940 2751 l
991 2705 1145 2750 testes
1192 2696 1261 2749 ad
1324 2706 1760 2751 testamentorum
1795 2696 1951 2751 ﬁdem

374 2700 381 2706 ’
441 2716 491 2757 et
521 2702 664 2766 agris
698 2711 801 2753 tres
827 2696 940 2766 (95)
991 2705 1145 2750 testes
1192 2696 1261 2749 ad
1324 2706 1760 2751 testamentorum
1793 2696 1952 2765 ﬁdem

441 2716 491 2757 et
521 2702 664 2770 agris
698 2711 801 2753 tres
827 2699 882 2766 (9

446 2771 733 2841 suﬁiciant.

2613 2513 2926 2567 ΔΙΑΤΑΞΙΣ
2977 2516 3114 2570 MA'.

2060 2630 2202 2698 Περὶ
2222 2629 2327 2711 tofi
2348 2629 2417 2711 e3-
2433 2630 2552 2698 μὲν
2572 2628 2727 2711 ταῖς
2754 2631 2975 2711 πόδεσι
3002 2630 3100 2711 διᾲ
3127 2629 3306 2711 use-ts
3328 2633 3650 2711 papa}qu

2125 2701 2458 2779 xqui'w'ﬂgt
2514 2698 3000 2779 facub‘taﬂijxag,
3052 2701 3123 2753 ἐν
3170 2698 3538 2779 ρδᾳιεὲᾳρίαιξ
3574 2704 3650 2779 ῥὲ

2126 2770 2225 2843 καὶ
2248 2769 2451 2837 ἀγζροῖς
2468 2769 2880 2824 εὐαπόδεκτον
2906 2770 3061 2823 εἶναι
3086 2771 3184 2824 καὶ
3207 2772 3324 2841 τὴν
3352 2769 3448 2829 διὰ
3465 2774 3648 2843 τριῶν

2130 2841 2421 2907 κύρωσιν.

441 2930 588 2986 Idem
619 2929 918 2999 imperator
944 2927 1119 2983 eidem
1157 2926 1432 2997 Styliano.

2142 2928 2202 2981 Ὀ
2232 2927 2392 2991 αὐτὸς
2428 2926 2679 2997 βασιλεὺς
2708 2926 2983 2999 Στυλιανῷ
3011 2927 3089 2999 τῷ
3117 2928 3288 3001 αὐτῷ.

440 3024 581 3081 Cum
618 3024 881 3079 omnibus
920 3022 1171 3076 humana:
1208 3022 1333 3076 vita:
1397 3020 1654 3089 negotiis,
1697 3036 1819 3092 quae
1869 3030 1946 3077 te-

2137 3020 2224 3073 ‘Ev
2262 3020 2396 3074 πᾶσι
2433 3020 2533 3089 μὲν
2565 3021 2676 3081 τοῖς
2709 3020 2850 3074 κατὰ
2890 3020 2983 3074 τὸν
3015 3020 3129 3091 βίον
3158 3026 3504 3093 πράγμασιν,
3539 3026 3641 3082 ὅσα

371 3116 540 3172 stium
570 3113 729 3169 fidem
763 3114 1077 3184 requirunt,
1105 3113 1233 3167 inde
1261 3113 1431 3167 robur
1445 3111 1640 3169 adesse
1654 3120 1943 3183 oporteat:

2072 3116 2149 3184 τὴν
2174 3111 2262 3166 διὰ
2310 3111 2607 3182 μαρτύρων
2634 3112 2856 3164 ἀπαιτεῖ
2885 3112 3090 3177 πίστιν,
3123 3114 3475 3186 ὀφειλόμενόν
3523 3118 3640 3171 ἐστι

372 3216 505 3261 tunc
537 3218 671 3261 vero
705 3204 945 3259 maxime
989 3218 1113 3273 quae
1173 3203 1351 3257 ultimi
1408 3203 1536 3257 vitae
1587 3212 1790 3258 nostrae
1842 3201 1952 3257 diei

2072 3204 2334 3274 ιροσεῖναι
2367 3200 2465 3272 τὴν
2503 3200 2593 3254 διὰ
2619 3200 2825 3254 τούτων
2855 3203 2904 3233 ³⁸
2944 3202 3261 3273 βεϐαίωσιν,
3301 3207 3541 3276 μάλιστα
3578 3208 3639 3261 δὲ

368 3297 839 3368 contemplatione
918 3294 1313 3365 dispositiones
1394 3294 1551 3361 fiunt,
1630 3295 1946 3351 istiusmodi

2072 3292 2319 3364 (ρῄζουσι
2348 3291 2621 3356 διατάξεις
2649 3292 2715 3356 ⁸³,
2751 3291 2806 3344 αἳ
2852 3292 3093 3359 γίνονται
3130 3296 3265 3367 πρὸς
3294 3298 3393 3367 τὴν
3422 3298 3639 3352 τελείαν

368 3389 821 3446 corroboratione
844 3388 1113 3458 indigent.
1142 3385 1336 3443 Nullus
1362 3388 1507 3442 enim
1540 3387 1786 3457 reliquus
1815 3402 1935 3441 mo-

2072 3385 2211 3454 ἱμῶν
2236 3383 2337 3453 τῆς
2361 3382 2508 3452 ζωῆς
2534 3381 2753 3452 ἡμέραν
2775 3381 3212 3452 ἀποϐλεπόντων,
3245 3384 3347 3455 τῆς
3378 3387 3639 3458 τοιαύτης

1634 3497 1866 3554 νΑιιιλΕ
1910 3494 2321 3553 LECTIONES.

439 3591 491 3663 ‘1
518 3590 634 3645 Ecl.
663 3591 880 3663 πρῶτον
915 3594 1013 3663 μὲν
1047 3596 1289 3649 σκοπεῖν,
1368 3596 1411 3627 ¹⁸
1442 3593 1554 3649 Ecl.
1606 3588 2012 3663 ἀφορίζεσθαιᾌ
2051 3589 2097 3663 ξ’
2141 3589 2283 3663 inc._
2306 3585 2597 3663 Eel_._Nov.
2640 3586 2765 3663 26._
2806 3588 2852 3663 ξ’
2894 3586 2985 3663 Sic
3019 3586 3114 3643 Ec.
3145 3589 3316 3645 Codd.
3352 3610 3366 3647 :
3426 3594 3632 3649 ἑλύσει.

364 3660 410 3735 ξι
451 3658 652 3735 Eeloga
699 3656 807 3715 non
842 3656 1002 3719 habet
1027 3665 1321 3735 θέσπισμα.
1379 3665 1424 3697 ’³
1455 3656 1890 3734 δειδίιηέ.τοῦτο.
1970 3660 2015 3692 ’³
2042 3658 2215 3717 Codd.
2262 3658 2576 3725 διατάξεων,
2624 3657 2766 3728 quod
2798 3656 2953 3729 Agyl.
3012 3674 3158 3715 corr.
3185 3662 3239 3717 in
3270 3664 3474 3718 ἐκεῖναι
3524 3667 3634 3721 τῶν

363 3730 679 3797 διατάξεων.

1854 3798 2089 3855 NOTAE.

430 3887 643 3958 (αδ-94)
672 3888 925 3959 Quinque
947 3889 1004 3944 in
1025 3889 1270 3954 urbano;
1294 3889 1502 3955 tres,in
1525 3887 1734 3959 rustico
1759 3896 1934 3942 testa-
2039 3887 2138 3959 ult.
2174 3886 2239 3943 ϐ.
2266 3885 2342 3941 De
2369 3886 2641 3959 codicillis
2673 3887 2710 3941 Ι.
2737 3885 2828 3951 28,
2871 3886 2925 3959 in
2955 3886 3050 3941 fin.
3081 3884 3144 3940 C.
3176 3885 3277 3959 De
3315 3892 3545 3959 testam.
3576 3882 3635 3941 In

360 3956 547 4012 mento
573 3956 745 4014 testes
776 3956 1050 4015 sufﬁciunt
1073 3976 1140 4015 ex
1179 3960 1283 4014 hac
1342 3959 1584 4014 Novella.
1635 3958 1936 4024 Quinarius
2037 3957 2173 4012 urbe
2202 3966 2409 4025 septem
2452 3958 2832 4025 requiruntur,
2880 3956 2926 4011 si
2966 3956 3215 4012 extranei
3265 3957 3632 4014 instituantur

359 4042 625 4097 numerus
647 4029 764 4097 lege
787 4028 885 4085 XII
933 4030 1251 4085 tabularum
1307 4030 1528 4085 videtur
1582 4028 1933 4082 introductus
2038 4027 2345 4097 haeredesl.
2370 4026 2462 4088 21,
2494 4025 2522 4097 §
2555 4027 2610 4097 2.
2632 4027 2697 4082 C.
2722 4026 2795 4080 De
2825 4034 3070 4092 testam;
3104 4027 3190 4081 sin
3219 4027 3336 4093 filii,
3370 4027 3481 4082 duo
3511 4029 3629 4082 suf-

360 4096 459 4166 ει.
485 4096 776 4168 lnstitLDe
805 4107 1022 4155 testam.
1051 4100 1342 4155 ordinand.
1384 4102 1477 4155 20.
1520 4097 1647 4168 Ulp.
1674 4098 1732 4162 2,
1762 4106 1818 4150 et
1847 4113 1934 4151 re-
2035 4097 2253 4168 ficium,
2279 4096 2333 4151 d.
2367 4097 2404 4150 l.
2435 4096 2526 4163 21,
2553 4096 2581 4165 §
2618 4098 2667 4152 1.
2689 4097 2745 4150 Si
2780 4097 2968 4168 liberis
2995 4098 3149 4150 mixti
3186 4098 3456 4168 extranei,
3480 4098 3628 4164 quod

358 4171 623 4237 ductusa
664 4167 867 4223 Basilio
908 4168 1203 4224 Macedone
1239 4168 1440 4226 Leonis
1485 4167 1649 4237 hujus
1701 4176 1933 4237 parente
2036 4167 2104 4220 ad
2128 4176 2424 4237 extraneos
2457 4179 2666 4237 septem
2701 4167 3101 4237 requiruntur;
3140 4170 3283 4236 quod
3318 4167 3383 4220 ad
3419 4168 3623 4221 liberos

356 4250 510 4290 vers.
540 4236 676 4308 Cum
734 4238 878 4292 enim
910 4238 962 4294 J.
995 4238 1124 4308 eod.
1161 4239 1380 4308 Septem
1431 4235 1622 4308 postea
1694 4236 1931 4308 adhibiti
2035 4238 2141 4291 duo
2164 4235 2443 4292 sufﬁciunt
2470 4236 2529 4290 d.
2564 4235 2591 4306 §
2628 4236 2678 4289 1.
2710 4235 2825 4290 Hoc
2872 4235 3186 4308 addendum
3233 4246 3340 4300 est,
3396 4237 3620 4308 unicum

355 4319 425 4358 ex
452 4307 958 4378 constitutionibus,
1017 4307 1131 4378 §5.
1188 4305 1364 4363 ln'stit.
1412 4305 1487 4363 De
1549 4315 1673 4362 test.
1737 4306 1923 4359 ordin.
2037 4314 2234 4378 testem
2259 4308 2529 4370 sufﬁcere,
2557 4305 2601 4361 si
2623 4315 3013 4361 testamentum
3041 4305 3329 4378 fiateoram
3350 4306 3621 4378 principe,

354 4376 680 4463 specialius
714 4375 1200 4463 dicendiim'_est._
1218 4379 1295 4463 ln‘
1333 4378 1556 4463 militari
1596 4384 1926 4463 testamento
1961 4408 2005 4463 υ
2037 4375 2142 4430 hoc
2167 4381 2470 4463 est-,‘i‘psm‘n
2501 4378 2807 4463 principem
2841 4390 2939 4463 pro
2957 4375 3105 4429 omni
3152 4377 3259 4463 alio
3304 4383 3446 4463 testje
3477 4377 3620 4463 suili-

352 4445 716 4516 expeditionis
756 4458 1023 4516 tempore,
1058 4449 1095 4501 1.
1138 4448 1226 4509 17,
1257 4448 1319 4502 (3.
1341 4448 1415 4503 De
1446 4455 1572 4503 test.
1602 4446 1765 4500 milit.
1801 4446 1928 4515 (Mi-
1961 4444 2003 4463 ¹¹
2034 4461 2159 4501 cere
2184 4448 2217 4499 l.
2245 4444 2330 4508 l9,
2352 4447 2405 4500 in
2428 4444 2521 4499 fin.
2546 4444 2774 4501 Cod.De
2797 4444 3043 4509 testam.;
3064 4447 3332 4513 quodnon
3361 4444 3619 4516 admitto,

352 4513 434 4568 les
457 4516 599 4568 enim
633 4516 769 4569 citra
812 4513 1027 4587 tempus
1070 4519 1436 4587 expeditionis
1471 4517 1641 4587 domi,
1696 4513 1929 4570 testatus
2031 4525 2087 4571 et
2118 4517 2225 4570 alia
2259 4517 2475 4587 videtur
2496 4516 2619 4585 ejus
2655 4516 2790 4585 legis
2845 4516 2929 4580 19,
2974 4515 3245 4587 sentmitia
3299 4523 3355 4568 ut
3411 4515 3615 4587 ibidem

352 4591 561 4653 septem
596 4593 764 4641 testes
788 4580 1014 4641 adhibet
1040 4580 1158 4656 argi
1189 4587 1265 4641 De
1292 4590 1327 4642 Ι,
1367 4588 1482 4656 17.)
1514 4580 1708 4657 Testes
1739 4588 1927 4655 requi-
2032 4588 2252 4657 scripsi.
2284 4586 2391 4642 Sed
2416 4595 2472 4641 et
2517 4580 2649 4641 illud
2672 4580 2996 4657 tenendum
3032 4603 3044 4636 :
3079 4586 3202 4652 jure
3232 4586 3500 4639 canonico
3522 4601 3618 4639 va-

350 4661 552 4725 runtur
573 4657 643 4725 ad
672 4657 958 4711 minimum
993 4654 1176 4711 duo—l.
1209 4657 1303 4725 24,
1335 4659 1371 4713 l.
1401 4654 1569 4723 40,3.
1608 4655 1681 4708 De
1703 4654 1923 4725 testam.
2030 4654 2161 4711 lere'
2197 4666 2592 4712 testamentum
2664 4654 2869 4725 factum
2930 4669 3115 4708 coram
3175 4658 3498 4724 presbytero
3558 4664 3615 4710 et

348 4723 511 4794 milit.
574 4724 601 4794 §
658 4726 712 4781 1.
770 4726 949 4781 Instit.
1000 4726 1074 4780 De
1113 4723 1294 4780 milit.
1337 4735 1466 4783 test.
1499 4728 1584 4781 vel
1622 4734 1677 4778 ut
1702 4724 1838 4779 ibid.
1869 4726 1925 4779 in
2029 4729 2245 4781 duobus
2278 4727 2536 4789 testibus,
2562 4743 2610 4781 c.
2646 4724 2786 4777 Cum
2812 4741 2987 4785 esses,
3014 4726 3097 4787 10,
3135 4724 3205 4779 De
3228 4723 3615 4791 testam.QuEn

348 4792 598 4865 pri_nc.i,
632 4796 716 4848 tit.
767 4797 962 4850 scrihit
1000 4794 1362 4865 Theophilus,
1400 4814 1540 4852 unus
1589 4796 1787 4852 squicit
1815 4812 1829 4860 ;
1862 4804 1916 4850 et
2026 4797 2363 4865 eodemjure
2389 4797 2636 4850 ultimam
2668 4798 3003 4865 voluntatem
3029 4798 3094 4845 ad
3140 4796 3256 4863 pias
3290 4810 3488 4865 causas
3522 4812 3616 4849 va-

346 4865 393 4915 si
422 4861 590 4937 Leoni
624 4865 904 4937 credimus
929 4861 1602 4937 Novell.i'quadragesima
1649 4867 1702 4918 in
1739 4868 1916 4937 princ.
2028 4867 2141 4937 fere
2165 4861 2352 4921 coram
2377 4868 2594 4921 duobus
2630 4866 2865 4919 testibus
2894 4880 2944 4917 e.
2980 4861 3230 4916 Relatum
3269 4865 3354 4927 11,
3387 4864 3459 4937 De
3489 4875 3613 4937 test.

344 4936 579 5005 s.Aeod.,
617 4936 783 4990 nullis
820 4937 1051 4991 testibus
1085 4934 1349 4992 adhibitis
1399 4934 1567 4991 iuiles
1604 4935 1796 4990 testari
1828 4950 1923 5003 ρο·
2026 4936 2096 4991 ad
2125 4939 2238 4991 haec
2262 4940 2390 5005 jure
2420 4938 2571 4989 civili
2604 4937 2790 5002 plures
2830 4949 2994 5004 quam
3052 4942 3261 5003 septem
3332 4934 3613 4991 adhibitos

346 5002 471 5062 tuit,
502 5008 754 5070 quamvis
803 5006 1131 5060 Plutarchus
1177 5010 1229 5060 in
1269 5007 1567 5061 Coriolano
1627 5002 1840 5061 scribat
1864 5010 1920 5059 iu
2024 5022 2135 5060 non
2168 5002 2387 5063 nocere.
2431 5005 2720 5075 Superflua
2759 5002 2995 5074 namque
3021 5002 3277 5074 prosunt,
3326 5020 3611 5074 nunquam

344 5081 677 5147 teatamento
702 5076 991 5145 procineto
1016 5085 1128 5131 tres
1152 5086 1501 5147 autquatuor
1519 5076 1836 5139 adhibitos;
1862 5086 1920 5129 et
2025 5085 2246 5132 nocent.
2274 5076 2429 5133 Paul.
2467 5077 2521 5139 5,
2577 5084 2716 5129 sent.
2772 5076 2825 5139 4,
2879 5075 3020 5147 ςιθ.
3061 5076 3205 5141 Quin
3256 5076 3511 5147 suillcere
3544 5075 3614 5129 ad

2024 5148 2296 5201 bonorum
2330 5148 2713 5217 possessiones
2768 5144 3029 5217 omnibus
3058 5150 3192 5217 locis
3231 5144 3521 5217 petendas,
3554 5156 3614 5198 ut

2024 5219 2290 5271 solemnis
2330 5214 2569 5271 testium
2625 5232 2889 5271 numerus
2940 5215 3219 5269 adhibitus
3276 5214 3468 5281 fuerit,
3500 5231 3613 5283 quo

2023 5286 2146 5341 loco
2177 5296 2565 5340 testamentum
2590 5284 2796 5339 factum
2825 5300 2951 5341 esse
2989 5286 3208 5340 dicetur
3255 5284 3293 5337 l.
3342 5285 3441 5340 ult.
3469 5285 3609 5342 cod.

2023 5357 2099 5411 De
2124 5369 2341 5411 testam.
2369 5355 2534 5425 quue
2562 5358 2930 5411 communiter
2960 5354 3242 5409 observari
3279 5358 3445 5409 refert
3479 5353 3611 5408 Fer-

2022 5429 2312 5481 rariensis.
2347 5427 2406 5479 In
2438 5428 2677 5479 formula
2722 5428 2891 5479 libelli
2922 5442 3032 5495 quo
3057 5429 3264 5495 petitur
3309 5426 3605 5480 haereditate

2018 5512 2085 5550 ex
2118 5506 2444 5551 testamento
2466 5497 2556 5561 48,
2588 5499 2645 5551 in
2674 5500 2845 5553 verbo
2883 5494 3162 5553 vallarqu
3212 5495 3269 5560 6,
3304 5510 3361 5550 ιι.
3384 5495 3420 5551 4
3447 5502 3505 5551 et
3546 5494 3613 5565 5,

2020 5565 2209 5619 Harm.
2240 5568 2290 5629 1,
2328 5566 2356 5636 §
2386 5566 2446 5620 11
2470 5567 2627 5622 et1'2.

2093 5636 2205 5707 (95)
2237 5636 2376 5692 Nov.
2409 5638 2500 5693 43.

344 5140 460 5195 haec
486 5143 555 5196 de
580 5140 804 5217 militari
843 5154 1192 5201 testamento.
1229 5140 1295 5201 ln'
1338 5149 1532 5217 pagani
1576 5161 1706 5201 veto
1752 5152 1921 5217 testa-

342 5221 531 5265 mento
561 5215 808 5268 variatur
824 5231 1107 5269 numerus.
1152 5218 1211 5268 In
1244 5214 1576 5271 testatiiestto
1603 5217 1748 5270 inter
1781 5214 1917 5269 libe-

340 5295 434 5334 ros
461 5281 570 5337 duo
600 5286 684 5338 vel
718 5296 828 5339 tres
855 5288 890 5340 f.
930 5287 1010 5350 fl,
1047 5286 1074 5356 §
1110 5286 1299 5341 LCod.
1331 5288 1405 5339 De
1434 5293 1750 5341 testament.
1786 5285 1919 5338 caeci

342 5358 676 5408 testamento
704 5357 786 5409 vel
814 5364 939 5409 octo
970 5357 1361 5425 requiruntur;
1394 5358 1479 5410 vel
1505 5368 1713 5425 septem
1746 5364 1917 5410 testes

340 5434 396 5473 et
423 5438 565 5477 unus
591 5425 897 5479 tabularius
922 5426 957 5478 ι.
1000 5423 1061 5480 8.
1096 5426 1237 5481 Cod.
1272 5427 1375 5492 Qui
1420 5423 1639 5480 testam.
1683 5423 1741 5478 In
1792 5424 1919 5477 reli-

341 5493 489 5565 quis,
521 5505 765 5562 septem;
821 5497 865 5549 si
902 5505 1289 5551 testamentum
1327 5500 1380 5549 iu
1414 5497 1638 5565 scriptis
1682 5497 1774 5548 fiat
1799 5492 1827 5564 §
1856 5493 1912 5565 5.

340 5558 476 5615 lust.
519 5558 600 5616 De
629 5558 944 5625 testament.
999 5568 1256 5620 ordinan.
1309 5567 1451 5631 Quid
1496 5558 1544 5621 si
1588 5558 1917 5633 nuncupati-

346 5636 467 5705 vitm
490 5634 601 5705 ‘fiat
622 5636 1043 5705 testamentum?
1077 5638 1207 5690 liuri
1251 5638 1527 5690 sufficiunt
1555 5637 1916 5705 quinquete-

344 5701 457 5748 stes
488 5700 524 5750 l.
553 5701 652 5753 uult.
682 5703 817 5757 Cod.
854 5705 928 5757 De
958 5714 1179 5761 testam.
1208 5718 1263 5760 ut
1292 5719 1346 5759 ct
1396 5711 1448 5759 in
1508 5700 1775 5760 codicillis
1808 5704 1909 5772 leg.
