4048 6466
446 390 549 453 521

1539 391 1901 453 NOVELLE
1929 392 2601 459 CONSTITUTIONES.

3610 407 3716 470 522

453 498 822 570 βεϐαιιῖισιώς.
875 500 950 555 Οὐ
998 500 1106 571 γάρ
1141 499 1257 553 ἔστι
1304 499 1753 569 περιλειπόμενος
1799 499 2028 571 τρόπος,

2145 503 2249 560 dus
2266 514 2366 568 est,
2386 505 2482 575 qui
2504 514 2651 561 recte
2671 505 2802 575 ipsis
2819 505 2907 577 ius
2924 506 3117 573 dictet,
3134 508 3240 565 nisi
3268 509 3400 580 ipsis
3432 526 3461 565 a
3480 514 3716 569 testibus

449 592 510 654 ὃς
545 591 724 661 ὀρθῶς
755 591 948 655 αὐταῖς
975 591 1245 663 διαιτήσει
1270 630 1285 653 ,
1310 592 1358 643 εί
1393 590 1468 660 μὴ
1496 590 1558 644 τὸ
1586 592 1649 643 ὲκ
1682 591 1790 645 τῶν
1822 592 2033 662 μαρτύ-

451 699 562 753 ρων
590 683 886 752 πρόσεστιν
931 682 1193 751 ἀσφαλές.
1252 682 1399 734 Ἔδει
1429 676 1543 745 οὖν,
1578 680 1703 734 ὅσον
1740 681 2035 749 ἀναγκαῖον

450 773 728 843 τυγχάνει,
787 774 1016 844 βεϐαίας
1047 771 1184 827 εἶναι
1212 772 1311 836 τὰς
1346 773 1451 825 ὑπὸ
1490 772 1537 805 ⁸⁸
1577 773 1686 826 τῶν
1720 774 1785 826 ὲκ
1809 772 1905 826 τοῦ
1934 774 2035 844 ζῇν

447 866 719 920 ἀπιόντων
752 866 1057 938 ἀνθρώπων
1100 866 1641 937 πραγματευομένας
1681 867 1726 899 ¹⁸
1760 866 2034 920 διατυπώ-

447 975 581 1024 σεις,
618 958 872 1013 τοσοῦτον
907 959 1078 1021 αὑτάς
1112 958 1523 1027 ἀσφαλίσασθαι
1552 958 1642 1011 διὰ
1678 958 1777 1029 τῆς
1828 975 2034 1029 μαρτυ-

448 1051 590 1123 ρίας.
636 1052 778 1104 Ἀλλ’
806 1053 928 1105 ἐπεὶ
969 1052 1187 1122 ὁρῶμεν
1218 1050 1479 1114 πολλάκις
1514 1049 1619 1103 ὑπὸ
1653 1050 1753 1120 τῆς
1799 1049 2033 1121 ἀπορίας

444 1144 543 1214 τῆς
585 1145 652 1215 ἢν
697 1142 951 1213 ἐπιζητεῖ
984 1144 1275 1215 ἀκριϐείας
1316 1144 1388 1196 τὰ
1428 1144 1730 1214 πράγματα
1760 1143 1897 1215 πρὸς
1933 1142 2033 1212 τὴν

443 1234 803 1305 ἐνδεχομένην
836 1235 1173 1289 κατάστασιν
1216 1234 1292 1304 μὴ
1343 1233 1724 1301 καθιστάμενα
1771 1230 1873 1302 (μὴ
1923 1230 2032 1300 γὰρ

446 1327 715 1397 παρόντος
755 1326 995 1399 χρῆσθαι
1028 1330 1094 1398 τῇ
1132 1325 1393 1397 ἀκριϐείᾳ
1414 1365 1430 1391 ,
1478 1325 1693 1395 ἀνάγκη
1720 1324 1766 1355 ⁸⁵
1794 1323 2031 1394 χρῆσθαι

442 1416 627 1481 καθὼς
652 1419 718 1472 ἀν
749 1435 834 1483 τις
866 1416 1098 1485 εὔπορος
1202 1422 1253 1486 ),
1303 1418 1405 1471 οὐκ
1457 1416 1564 1481 ἐξω
1608 1415 1867 1486 προνοίας
1899 1416 2031 1484 ἡμῖν

442 1514 615 1583 ἐφάνη
639 1514 735 1567 καὶ
761 1516 888 1585 περὶ
912 1513 1003 1566 τοῦ
1030 1511 1267 1585 ἀριθμοῦ
1293 1511 1403 1564 τῶν
1426 1513 1545 1575 ταῖς
1567 1511 1856 1581 διαθήκαις
1883 1509 2032 1579 ὀφει-

443 1601 645 1656 λόντιιιν
679 1603 975 1673 μαρτύρων
1008 1605 1264 1673 παρεῖναι
1315 1601 1677 1672 διορίσασθαι.
1726 1600 1897 1655 Τοῦτο
1930 1600 2030 1670 μὲν

441 1688 536 1747 οὖν
570 1694 650 1757 είς
694 1692 822 1746 νοῦν
866 1689 998 1763 ἦλθε
1046 1691 1248 1762 καὶτῷ
1293 1693 1610 1762 ἀειμνήστῳ
1652 1689 1811 1761 ἡμῶν
1859 1690 2028 1760 πατρὶ

441 1783 736 1854 διαιτῆσαι,
772 1784 910 1854 πλὴν
937 1784 1114 1838 ἔοικεν
1148 1785 1209 1837 οὐ
1244 1786 1385 1837 πάνυ
1420 1802 1473 1836 τι
1521 1782 1765 1854 ἀκριϐῶς
1798 1783 1941 1851 ἔχειν
1966 1782 2028 1834 τὸ

439 1875 731 1947 διορισθέν.
781 1877 904 1931 Τῶν
942 1877 1052 1946 γὰρ
1101 1877 1207 1946 πρὸ
1257 1875 1423 1929 αὐτοῦ
1474 1875 1783 1945 νομοθετῶν
1816 1869 1877 1928 οὗ
1932 1875 2029 1945 μὲν

441 1969 583 2023 ἐπτά
615 1967 1141 2041 παραλαμϐάνεσθαι
1177 1970 1481 2039 μάρτυρας,
1512 1960 1574 2021 οὗ
1594 1967 1651 2020 δὲ
1691 1967 1850 2021 πέντε
1884 1967 2026 2035 γνὼ-

445 2077 555 2130 μην
600 2060 996 2131 ἑξενηνοχότων
1035 2059 1201 2131 (ἐπτά
1255 2059 1353 2128 μὲν
1396 2061 1453 2111 ὲν
1509 2058 1727 2112 πόλεσιν
1773 2056 1839 2121 ἀς
1883 2058 2029 2121 είκὸς

441 2150 955 2222 πολυανδρουμένας
1029 2150 1105 2220 μὴ
1154 2148 1391 2220 ἀπορίαν
1442 2149 1587 2218 ἔχειν
1631 2148 1701 2213 ’⁷,
1755 2148 1916 2201 πέντε
1970 2147 2027 2200 δὲ

440 2245 500 2296 ὲν
554 2246 664 2305 τοῖς
715 2245 906 2312 ἀγροῖς
952 2243 1047 2297 καὶ
1094 2242 1425 2312 ὁδοιπορίαις
1470 2240 1559 2293 διά
1619 2239 1716 2311 τὴν
1769 2238 2029 2303 πολλάκις

441 2334 753 2404 φθάνουσαν
799 2334 908 2388 τῶν
952 2336 1032 2397 είς
1081 2333 1263 2388 πίστιν
1299 2331 1466 2396 ἀξίων
1505 2332 2014 2401 περιτυγχανόντων

438 2424 800 2497 ὀλιγότητα),
845 2424 1053 2479 τούτων
1108 2423 1283 2487 οὕτως
1330 2424 1417 2476 ἐπ’
1453 2423 1498 2455 ³³
1550 2423 1777 2475 ἐκείνων
1810 2422 2025 2491 διακρι-

441 2516 677 2581 θέντων,
725 2517 823 2571 καὶ
891 2517 921 2570 ό
974 2515 1242 2587 ἡμέτερος
1303 2513 1485 2583 πατὴρ
1539 2514 1631 2567 τὸν
1693 2512 2026 2581 ὑπερέχοντα

437 2606 674 2680 ἀριθμὸν
714 2606 958 2679 παριδὼν
1001 2605 1060 2659 ἐν
1103 2623 1164 2660 τε
1216 2606 1435 2659 πόλεσιν
1465 2605 1665 2674 ὁμοίως
1710 2605 1806 2657 καὶ
1836 2604 2026 2673 ἀγροῖς

436 2699 533 2753 καὶ⁵
585 2697 919 2769 ὁδοιπορίαις
973 2697 1238 2768 ἀπένειμε
1286 2696 1387 2769 τὴν
1452 2696 1543 2749 διὰ
1593 2696 1758 2748 πέντε
1819 2694 2028 2765 μαρτύ-

439 2805 551 2859 ρων
598 2792 718 2853 ταῖς
753 2789 1038 2860 διαθήκαις
1095 2788 1412 2859 βεϐαίωσιν,
1465 2786 1601 2856 πρδς
1646 2785 1743 2855 τὴν
1795 2784 1892 2837 νῦν
1924 2801 2026 2838 κα-

435 2880 744 2952 τασχοῦσαν
786 2882 878 2936 τὸν
913 2882 1026 2952 βίον
1053 2881 1260 2935 ἔνδειαν
1294 2880 1393 2949 τῆς
1427 2880 1650 2950 ἀρετῆς,
1694 2877 1770 2940 ὡς
1799 2875 1922 2947 ἔμοι
1962 2892 2026 2944 γε

435 2976 605 3041 δοκεῖ,
632 2976 863 3032 ἀπιδών.
915 2978 1106 3048 Ὅμως
1131 3016 1147 3043 ,
1198 2978 1336 3048 ὅπερ
1366 2975 1618 3046 εἴρηται,
1661 2972 1724 3026 οὐ
1762 2973 1903 3026 πάνυ
1942 2987 2026 3034 τις

436 3067 697 3139 ἀκρίϐεια
729 3067 809 3139 τῷ
845 3068 1078 3139 δόγματι
1118 3068 1402 3139 πρόσεστι.
1436 3064 1591 3134 Τάχα
1621 3063 1731 3133 γάρ
1758 3078 1840 3124 τις
1873 3063 2023 3131 ἐρεῖ,

437 3158 515 3223 ὡς
542 3161 643 3214 οὐκ
676 3160 791 3214 ἴσον
821 3161 987 3232 ἐχρῆν
1028 3160 1325 3229 ἀπονεῖμαι
1364 3156 1457 3210 τὴν
1490 3152 1745 3226 ἀριθμὸν,
1795 3151 1912 3205 ἀλλ’
1942 3151 2024 3214 είς

2139 597 2460 665 praesidium
2486 598 2650 655 adsit.
2684 599 2985 669 Oportebat
3040 600 3229 671 itaque
3258 617 3370 672 quo
3395 604 3569 673 magis
3615 620 3715 659 ne-

2136 700 2295 743 cesse
2323 695 2428 753 est,
2469 695 2675 743 statuta
2739 690 3023 745 hominum
3078 706 3109 747 e
3153 693 3268 747 vita
3328 692 3714 750 decedentium

2136 778 2295 833 lirma
2318 794 2463 845 esse,
2490 794 2557 835 eo
2576 796 2797 851 quoque
2823 784 3000 852 magis
3021 782 3209 837 eadem
3242 798 3337 854 per
3394 787 3712 843 testimonia

2134 870 2392 926 stabiliri.
2439 871 2636 926 Verum
2673 873 2937 942 quoniam
2981 874 3300 944 frequenter
3337 891 3427 933 res
3485 886 3714 948 propter

2133 975 2325 1015 eorum
2385 976 2504 1031 qua:
2558 963 2808 1019 strictius
2861 964 3221 1035 requiruntur
3273 967 3584 1036 penuriam,
3640 968 3710 1021 ad

2135 1051 2457 1120 possibilem
2507 1052 2729 1107 modum
2757 1052 2955 1109 deduci
2992 1053 3240 1111 videmus
3266 1057 3419 1127 (cum
3475 1072 3713 1128 namque

2134 1143 2330 1199 stricto
2356 1144 2483 1214 jure
2505 1145 2582 1199 uti
2602 1160 2713 1199 non
2745 1145 2930 1208 datur,
2958 1162 3232 1219 quemque
3260 1164 3372 1218 quo
3418 1150 3585 1204 modo
3617 1166 3714 1219 po-

2135 1240 2240 1287 test
2265 1235 2343 1287 uti
2371 1234 2672 1290 necessitas
2710 1234 2837 1305 est),
2861 1235 2929 1290 de
2961 1237 3183 1292 testium
3222 1253 3473 1306 numero,
3497 1254 3607 1310 quo
3641 1249 3714 1296 te-

2134 1325 2423 1382 stamentis
2457 1326 2654 1383 adesse
2683 1327 2941 1392 debeant,
2966 1336 3209 1384 statuere
3251 1345 3363 1385 non
3418 1331 3657 1387 alienum
3679 1346 3709 1384 a

2132 1417 2473 1487 providentia
2492 1419 2649 1475 nobis
2678 1420 2857 1475 visum
2891 1430 2976 1476 est
2992 1419 3125 1491 (96).
3167 1420 3344 1491 Atque
3370 1422 3471 1477 hoc
3488 1423 3711 1493 quidem

2131 1509 2295 1564 etiam
2320 1510 2671 1579 sempiternae
2725 1511 3004 1566 memoriae
3059 1511 3199 1581 patri
3244 1521 3437 1566 nostro
3465 1512 3520 1566 in
3555 1528 3711 1568 men-

2132 1604 2239 1653 tem
2271 1599 2457 1654 venit:
2494 1614 2683 1656 verum
2713 1601 2859 1671 quod
2893 1601 3085 1656 statuit
3116 1617 3226 1656 non
3263 1600 3421 1657 valde
3450 1602 3501 1657 id
3525 1613 3715 1658 exacte

2076 1684 2079 1687 ’
2131 1697 2398 1744 statutum
2419 1705 2540 1745 esse
2558 1691 2864 1762 judicatum
2892 1702 2998 1748 est.
3028 1693 3165 1749 Cum
3186 1695 3334 1750 enim
3364 1696 3711 1764 superiorum

2132 1779 2505 1851 lcgislatornm
2571 1783 2713 1838 alius
2778 1784 2889 1856 (97)
2922 1795 3153 1855 septem,
3218 1787 3361 1842 alius
3390 1786 3512 1857 (98)
3577 1800 3711 1841 vero

2062 1864 2103 1919 Β
2133 1869 2377 1940 quinque
2398 1872 2759 1928 assumendos
2794 1888 2917 1929 esse
2940 1883 3107 1929 testes
3142 1877 3446 1931 censuisset
3479 1875 3711 1948 (septem

2134 1961 2355 2031 quidem
2389 1962 2445 2016 in
2477 1963 2816 2028 civitatibus,
2868 1966 3073 2037 quippe
3136 1968 3229 2022 ubi
3280 1976 3503 2039 propter
3530 1967 3711 2023 homi-

2131 2067 2261 2105 num
2315 2052 2745 2119 multitudinem,
2800 2063 2860 2109 ut
2914 2067 3345 2114 consentaneum
3396 2066 3501 2125 est,
3540 2066 3709 2115 testes

2130 2140 2372 2195 defuturi
2403 2158 2511 2199 non
2537 2154 2696 2200 sunt:
2732 2146 2785 2200 in
2811 2148 2959 2218 agris
2983 2163 3113 2204 vero
3139 2160 3187 2204 et
3215 2148 3526 2216 itineribus,
3550 2151 3711 2220 quin-

2129 2248 2258 2303 que,
2293 2236 2441 2304 quod
2482 2252 2677 2308 magna
2724 2238 2835 2293 illic
2879 2239 3203 2311 plerumque
3256 2242 3541 2295 hominum
3602 2242 3708 2296 fide

2129 2326 2421 2396 dignorum
2460 2330 2794 2399 raritas(99)
2829 2332 2944 2401 sit),
2980 2346 3105 2385 cum
3162 2333 3290 2398 hoc,
3344 2335 3585 2404 inquam,
3633 2334 3708 2389 ita

2129 2418 2198 2473 de
2230 2420 2341 2475 illis
2373 2421 2734 2474 constitutum
2765 2430 2932 2485 esset,
2976 2432 3132 2490 pater
3167 2435 3357 2479 noster
3380 2424 3517 2496 (99‘)
3543 2440 3708 2480 exsu-

2128 2517 2412 2578 perantem
2437 2526 2725 2566 numerum
2763 2512 3095 2581 despiciens,
3145 2514 3310 2569 simul
3371 2515 3426 2569 in
3462 2516 3697 2570 civitati-

2128 2598 2253 2665 bus,
2288 2599 2452 2653 simul
2482 2600 2536 2654 in
2556 2602 2705 2670 agris
2730 2609 2786 2655 et
2821 2602 3112 2659 itineribus
3136 2619 3234 2673 per
3260 2604 3505 2674 quinque
3538 2612 3712 2663 testes

2128 2691 2475 2746 testamentis
2504 2691 2748 2761 vigorem
2809 2693 3099 2761 attribuit;
3152 2695 3317 2765 idque
3371 2695 3497 2751 ideo
3561 2696 3708 2766 (mea

2127 2781 2348 2851 quidem
2367 2784 2660 2855 sententia)
2677 2784 2819 2852 quod
2846 2791 3055 2854 quanta
3104 2801 3250 2842 nunc
3269 2788 3489 2844 virtutis
3519 2788 3707 2858 inopia

2129 2875 2424 2927 humanam
2457 2875 2621 2929 vitam
2660 2887 2912 2946 occupet,
2948 2879 3336 2934 considerarit.
3359 2882 3612 2936 Attamen
3627 2882 3706 2948 (id

2126 2963 2333 3018 dictum
2363 2976 2445 3020 est
2472 2980 2582 3020 non
2619 2967 2912 3021 admodum
2974 2978 3168 3024 exacta
3197 2971 3412 3027 ratione
3442 2971 3706 3041 placitum

2128 3054 2260 3108 illttd
2289 3055 2503 3110 nititur.
2544 3055 2696 3111 Dicat
2722 3058 2867 3112 enim
2902 3057 3139 3115 fortasse
3178 3060 3401 3131 aliquis,
3444 3062 3707 3131 aequalem

2127 3160 2416 3201 numerum
2444 3147 2666 3201 attribui
2732 3162 2840 3202 non
2901 3150 3237 3219 oportuisse,
3270 3160 3434 3223 atque
3459 3154 3708 3207 testimo-

435 3216 1181 3322 tbvﬂpaxdtspocuabcrsﬁat
1220 3216 1320 3319 τὴν
1362 3250 1420 3301 ἐν
1458 3216 1648 3316 ἀγροῖς
1691 3216 1785 3297 καὶ
1812 3242 2020 3295 ὁδοιπο-

2129 3239 2279 3293 nium
2308 3239 2455 3309 quod
2482 3240 2536 3294 in
2571 3241 2718 3312 agris
2747 3249 2802 3296 et
2833 3216 3122 3300 itineribus
3152 3216 3464 3312 adhibe-tur,
3505 3247 3712 3301 arctius

441 3342 587 3414 ρίαις
618 3342 911 3415 γινομένην
945 3341 1271 3415 μαρτυρίαν.

514 3436 582 3490 Ὃ
609 3433 702 3489 οὖν
745 3436 953 3497 ἐκεῖνος
989 3433 1271 3504 παρεῖδεν,
1293 3430 1457 3485 τοῦτο
1482 3431 1646 3500 ἡμεῖς
1672 3429 1732 3481 οὐ
1770 3426 2024 3498 παριδόν-

436 3544 529 3592 τες
549 3568 565 3593 ,
594 3526 949 3599 θεσπίςομεν,
976 3527 1037 3579 ὲν
1082 3525 1180 3596 μὲν
1223 3526 1344 3587 ταῖς
1369 3522 1557 3577 πόλεσι
1602 3519 1703 3590 τὴν
1732 3520 1823 3575 διὰ
1861 3515 2047 3572 πέντε

443 3621 738 3693 μαρτύρων
763 3617 1179 3691 χορηγουμένην
1201 3616 1322 3675 ταῖς
1340 3613 1616 3678 διατάξεσι
1637 3609 1879 3681 κύρωσιν
1900 3626 2026 3677 τυγ-

438 3713 625 3783 χάνειν
668 3710 978 3781 ἀποδοχῆς,
1020 3712 1079 3764 ὲν
1108 3708 1443 3780 ὁδοιπορίαις
1478 3705 1537 3760 δὲ
1571 3704 1666 3759 καὶ
1703 3703 1897 3771 ἀγροῖς
1931 3701 2026 3755 καὶ¹

439 3804 563 3866 ταῖς
583 3801 773 3864 ἄλλαις
799 3800 1246 3870 όλιγανδρούσαις
1266 3795 1473 3869 χώραις
1498 3792 1857 3848 εὑαπόδεκτον
1886 3784 2025 3844 εἶναι

439 3896 535 3949 καὶ
558 3894 659 3967 τὴν
686 3893 775 3949 διά
798 3893 989 3966 τριῶν.

992 4010 1305 4065 ΔΙΑΤΑΞΙΣ
1351 4007 1485 4063 MB’.

438 4120 579 4192 Περὶ
617 4120 891 4193 ἀγράφου
929 4121 1356 4260 διατυσὲιῖἧσὲεξιές
1395 4119 1433 4189 ἣ
1466 4116 1575 4188 τῆς
1620 4116 1737 4187 ἤδη
1782 4115 2025 4184 γραφεί-

522 4350 582 4407 Ὀ
610 4351 775 4417 αὐτὸς
810 4350 1065 4423 βασιλεὺς
1091 4347 1367 4418 Στυλιανῷ
1392 4346 1483 4430 τῷ.
1500 4344 1669 4416 αὐτῷ.

513 4444 732 4500 Ἔοικεν
769 4446 803 4514 ἡ
861 4444 1123 4507 πολλάκις
1167 4444 1226 4495 ὲν
1269 4443 1385 4503 τοῖς
1429 4439 1607 4507 λόγοις
1644 4434 2026 4506 ἐπικαθημένη

439 4534 679 4604 ἀσάφεια
730 4536 874 4608 δεινή
931 4553 1017 4599 τις
1064 4529 1206 4587 εἶναι
1269 4530 1524 4599 σφάλλειν
1569 4529 1639 4582 τά
1690 4528 2022 4597 πράγματα,

2125 3330 2564 3385 contrahendum
2597 3330 2789 3386 fuisse.

2196 3415 2310 3473 Nos
2357 3417 2523 3490 igitur
2583 3420 2730 3489 quod
2762 3420 2855 3476 ille
2886 3422 3148 3492 neglexit,
3186 3438 3298 3478 non
3322 3424 3711 3495 negligendum

2126 3516 2408 3577 putantes,
2444 3510 2746 3575 sancimus,
2776 3520 2833 3564 ut
2866 3512 2919 3565 in
2947 3511 3250 3565 civitatibus
3285 3512 3531 3582 quinque
3556 3514 3711 3566 testi-

2127 3598 2231 3653 bus
2259 3599 2563 3653 stabilitum
2600 3608 2991 3656 testamentum
3024 3603 3361 3673 approbetur
3395 3621 3408 3657 :
3443 3603 3497 3658 in
3544 3604 3711 3658 itinc-

2127 3689 2284 3747 ribus
2321 3706 2453 3747 vero
2471 3699 2525 3748 et
2544 3693 2713 3764 agris,
2750 3694 2985 3765 aliisque
3015 3695 3339 3754 inltabitatis
3370 3699 3507 3755 locis
3542 3698 3709 3755 trium

2126 3785 2351 3841 testium
2385 3785 2735 3841 conﬁrmatio
2762 3788 3119 3858 suscipiatur.

2586 3990 3056 4048 CONSTITUTIO
3080 3991 3241 4050 XLll.

2132 4104 2199 4160 Ut
2227 4107 2303 4176 (l)
2323 4106 2580 4177 sufﬁciens
2610 4122 2857 4161 numerus
2892 4110 3103 4162 testium
3130 4117 3503 4164 testamentum
3529 4121 3718 4165 ratum

2197 4178 2366 4246 faciat
2390 4179 2624 4250 tametsi
2645 4178 2722 4250 (2)
2762 4178 2818 4230 id
2852 4194 3015 4247 neque
3048 4179 3266 4233 illorum
3295 4181 3708 4250 subscriptiones

2197 4264 2359 4317 neque
2386 4247 2659 4318 signacula
2674 4248 2884 4301 habeat.

2200 4338 2342 4393 Idem
2378 4337 2676 4408 imperator
2708 4336 2885 4392 eidem
2921 4336 3186 4409 Styliano.

2198 4430 2330 4496 Qua:
2368 4428 2422 4483 in
2459 4428 2643 4484 verbis
2674 4428 2881 4484 residet
2912 4431 3243 4499 obscuritas,
3292 4441 3525 4487 mutum
3559 4434 3708 4504 quod

2127 4530 2399 4578 tractatur
2435 4521 2718 4577 involvere
2772 4520 2989 4577 videtur
3023 4540 3035 4576 :
3066 4524 3269 4595 quippe
3295 4540 3416 4596 quae
3448 4534 3708 4593 tanquam

440 4626 634 4699 ὥσπερ
666 4644 753 4693 τις
796 4604 966 4700 ἀχλὺς
1008 4624 1380 4697 ἑφηπλωμένη
1418 4620 1514 4676 κοιλ⁴
1558 4620 1618 4674 τὸ
1652 4619 1836 4691 νοερὸν
1882 4634 2021 4688 συμ-

2128 4628 2368 4686 eXpansa
2400 4612 2649 4683 quaedam
2668 4612 2863 4677 nubes,
2893 4621 3007 4668 tum
3032 4613 3370 4683 intelligendi
3398 4614 3506 4668 vim
3521 4614 3709 4669 animo

1719 4755 1882 4810 VARI
1895 4754 1957 4810 ιδΕ
1996 4750 2404 4809 LECTIONES.

510 4876 561 4949 ’β
595 4878 831 4949 Scrimg.
865 4876 997 4949 ἀπό.
1058 4878 1103 4908 ’⁵
1126 4871 1903 4949 Οοὸιιᾏπραγματευομένων,
1934 4867 2090 4949 quod
2119 4864 2365 4945 defendit
2391 4865 2632 4949 βρέμῃ,
2658 4863 2841 4949 ρεγιι-
2869 4861 3170 4949 delendum
3206 4862 3485 4949 censuit."
3526 4858 3708 4949 ᾖσμε-

436 4948 586 5017 natio
631 4947 935 5017 supplenda
988 4955 1126 5000 erat.

1222 4946 1267 4977 ’⁷
1299 4930 1833 5012 Οοὶ1ι1ξ’ἀποχωρεῖν
1857 4930 1898 5012 ;_'
1934 4930 2827 5012 Spang._conjecit'ﬁnopeiv__vel
2870 4932 3313 5012 ἀπορήσειν.ω⁸⁸
3366 4931 3558 5012 Melius
3590 4930 3706 4987 ὑπ’.

438 5002 502 5052 δῖ
523 5002 687 5075 Forte
703 5002 1014 5087 ’ἀσφαλείας
1040 5019 1143 5085 (sc.
1170 5014 1258 5068 διὰ
1284 5011 1599 5085 μαρτύρων)
1627 5002 2003 5066 scribendum.
2082 5008 2129 5039 ³ο
2152 5005 2266 5062 Ecl.
2294 5002 2433 5061 Nov.
2462 5004 2531 5058 ‘27
2564 5002 2871 5070 {laudatur
2903 5003 3164 5057 Harmon.
3190 5002 3288 5057 lib.
3311 5017 3363 5067 v,
3391 5005 3476 5059 tit.
3509 5005 3561 5057 l.

1929 5141 2166 5199 NOTAE.

513 5244 627 5316 (96)
656 5246 835 5320 Atque
884 5245 965 5320 ita
1012 5252 1280 5320 mutatur
1304 5239 1817 5320 titt_mertts_testittm
1846 5236 2020 5320 Justif

440 5309 643 5373 niane'o
674 5309 795 5385 iure
816 5317 1116 5385 requisitos
1153 5314 1330 5369 lnstit.
1373 5310 1450 5365 De
1474 5317 1604 5366 test.
1636 5309 1932 5364 ordinand.
1966 5316 2020 5361 et

441 5389 503 5442 Ω.
534 5388 605 5441 De
632 5393 758 5441 test.
796 5387 980 5439 ordin.

489 5426 503 5442 .
534 5401 605 5441 ue
632 5401 758 5441 ιεει.
796 5401 980 5439 οιθαιη.

514 5452 1282 5531 (9:1)J_ustinianus_s.l._‘ult.
1305 5451 1430 5531 cod.
1465 5453 1539 5506 De
1581 5458 1802 5531 testam.

517 5515 628 5594 {98)
662 5525 763 5580 Jus
801 5533 955 5580 vetus
1011 5524 1300 5594 intelligit,
1335 5524 1401 5576 de
1460 5535 1569 5591 quo
1601 5518 1728 5590 vid.‘
1758 5517 1786 5589 ς
1822 5519 1869 5582 l,
1917 5515 2021 5585 ᾗῇ,

447 5596 475 5669 §
510 5595 730 5669 51‘ln_st.
768 5595 841 5669 De
874 5604 1088 5669 testam.

515 5666 627 5733 (99)
652 5664 712 5717 L.
741 5668 843 5718 ttlt.
875 5664 937 5719 C.
974 5665 1046 5720 De
1071 5673 1289 5718 testam.

516 5736 661 5805 (99"),
687 5734 923 5790 Basilius
954 5734 1195 5789 Macedo.

542 5807 593 5877 ι)
629 5803 873 5877 Ερὶιοιιιο
901 5813 1080 5861 exstat
1111 5803 1254 5874 apud
1286 5802 1337 5868 5,
1374 5800 1560 5855 llarm.
1591 5802 1643 5869 l,
1682 5800 1709 5872 §
1745 5800 1828 5855 ll.

2200 5235 2277 5305 (2)
2314 5234 2428 5289 Hoc
2473 5233 2592 5287 vult
2636 5252 2649 5287 :
2703 5231 2928 5305 firmum
2972 5243 3269 5302 ratumque
3321 5238 3708 5305 testamentum

2124 5300 2269 5370 esse,
2298 5307 2343 5360 si
2369 5313 2539 5359 testes
2572 5317 2679 5355 una
2708 5317 2843 5356 voce
2899 5300 3705 5371 duntaxat'pronuntiaverint,

2126 5376 2179 5430 id
2215 5381 2607 5429 testamentum
2676 5388 2834 5426 esse:
2870 5387 2971 5426 nec
2999 5373 3236 5440 amplius
3259 5371 3556 5440 quidquam
3594 5373 3713 5426 exi-

2124 5448 2173 5515 gi
2210 5463 2224 5498 :
2255 5445 2436 5515 valere
2466 5442 2703 5515 denique
2731 5442 2857 5515 licet
2902 5442 3186 5515 signacula
3220 5457 3328 5495 non
3351 5441 3400 5495 ei
3433 5442 3710 5515 apposita,

2126 5512 2252 5570 licet
2296 5513 2462 5567 etiam
2528 5514 2745 5567 teStium
2776 5512 3214 5581 subscriptiones
3244 5525 3369 5581 cum
3404 5512 3710 5580 signaculis

2123 5584 2547 5655 desiderentur:
2589 5590 2645 5637 et
2669 5582 2911 5655 breviter
2941 5580 3013 5634 in’
3054 5580 3399 5655 testamentis
3464 5582 3731 5655 subseri-,

2126 5656 2340 5724 ptioncs
2356 5661 2410 5724 et
2432 5652 2713 5720 signacula
2734 5653 2952 5707 testium
3002 5668 3109 5724 non
3138 5652 3380 5724 requiri:
3407 5650 3553 5720 quod
3580 5654 3708 5724 olim

2131 5721 2534 5793 requirebatur,
2574 5730 2631 5777 et
2681 5724 2755 5793 ita
2784 5723 2897 5775 haec
2937 5722 3261 5777 constitutio
3320 5722 3547 5793 abrogat
3585 5721 3613 5792 ᾗ
3657 5723 3710 5785 ’5,

2136 5795 2276 5850 inst.
2311 5792 2386 5850 De
2421 5800 2638 5849 testam.
2662 5792 2958 5850 ordinanti.
2995 5803 3049 5849 et
3089 5794 3318 5848 similes.
