4048 6446
391 378 498 441 5'23

1648 364 1925 425 LEONIS
1966 364 2427 426 PIIILOSOPHI

3556 359 3663 422 524

394 486 629 547 auterat,
662 487 776 535 tum
810 494 839 532 a
864 483 1013 531 recta
1066 488 1250 528 rerum
1305 472 1786 527 administratione
1817 485 1974 525 aver-

2079 477 2318 545 φέρουσα
2358 475 2461 543 τῆς
2509 472 2692 543 ψυχῆς
2741 472 2831 525 καὶ
2876 471 2975 541 τῆς
3022 471 3188 542 ὀρθῆς
3236 471 3346 525 τῶν
3398 476 3662 543 πραγμά-

394 587 491 630 tat.
546 573 700 629 Hanc
756 572 925 641 igitur
971 565 1331 622 obscuritatis
1388 566 1679 635 caliginem
1716 564 1829 619 ubi.
1862 564 1973 618 illis

393 663 882 722 constitutionibus
923 676 1045 730 quae
1085 659 1151 714 tle
1185 658 1525 713 testamentis
1579 664 1768 725 agunt,
1798 671 1975 723 neque

397 758 725 813 mediocrem
778 768 976 809 noxam
1042 753 1207 807 rebus
1268 749 1523 813 afferunt,
1579 748 1974 803 circumfusam

396 867 519 906 esse
582 850 937 921 cognovimus
974 862 988 900 ι
1045 847 1335 916 pulchrum
1392 844 1510 897 fore
1541 844 1647 897 rati
1680 859 1894 905 sumus,
1930 845 1974 897 si

397 944 519 997 illas
564 958 1012 1013 repurgaremus,
1064 944 1451 1011 quomodoque
1477 945 1805 993 testamenta
1843 953 1971 991 con-

396 1034 624 1100 firmari,
662 1043 757 1087 aut
779 1050 888 1087 non
924 1041 1193 1103 oporteat,
1213 1032 1333 1102 lege
1366 1047 1472 1086 non
1504 1031 1980 1101 ambigua,neque

395 1140 517 1194 qud:
579 1124 732 1179 varie
784 1123 1118 1193 apprehendi
1174 1123 1384 1193 possit,
1438 1122 1817 1178 definiremus.
1873 1119 1977 1185 Qui

396 1224 525 1269 ante
555 1231 653 1270 nos
692 1216 759 1270 de
798 1216 1147 1272 testamentis
1200 1222 1536 1279 tractarunt,
1590 1214 1849 1269 bifariam
1887 1214 1979 1267 illa

396 1306 727 1372 diviserunt,
776 1317 829 1361 et
884 1306 990 1359 alia
1044 1305 1264 1375 quidem
1298 1307 1545 1375 scriptis,
1582 1307 1685 1358 alia
1710 1321 1838 1359 vero
1863 1304 1981 1358 sine

399 1395 622 1466 scriptis
682 1397 878 1451 conﬁci
952 1396 1315 1450 tradiderunt.
1353 1394 1496 1461 Quin
1533 1405 1587 1451 et
1613 1396 1833 1450 modum
1874 1410 1983 1465 quo

399 1495 696 1557 utrumque
729 1487 1116 1543 testamentum
1154 1489 1229 1557 (et
1261 1488 1526 1557 scriptum
1554 1494 1841 1556 nempe,ct
1874 1502 1981 1539 non

401 1579 691 1648 scriptum)
722 1587 901 1633 ratum
934 1580 1046 1643 fiat,
1083 1580 1438 1649 subiecerunt
1474 1590 1570 1634 :ut
1612 1582 1815 1648 scripta
1851 1594 1983 1632 con-

401 1667 642 1721 ﬁrmatio
670 1668 725 1722 in
757 1683 822 1723 co
868 1669 1160 1732 consistat,
1211 1669 1357 1737 quod
1411 1669 1627 1723 vivente
1680 1669 1980 1723 etiamnum

401 1764 665 1813 testatore
720 1762 941 1814 testium
1006 1760 1416 1829 subscriptione
1486 1761 1981 1830 obsignationeque

2074 585 2183 620 των
2236 567 2701 636 παραστρέφουσα
2759 563 3097 635 διοικήσεως.
3154 563 3373 634 Ταύτην
3419 564 3515 618 οὖν
3564 565 3663 637 τὴν

2076 660 2176 729 τῆς
2231 659 2498 726 ἀσαφείας
2546 657 2715 727 ἀχλὺν
2753 656 2878 709 ἐπεὶ⁵
2919 657 3373 727 κατακεχυμένην
3414 657 3663 725 ἐγνώκα-

2082 768 2184 821 μεν
2236 750 2346 803 τῶν
2395 748 2691 814 διατάξεων
2731 748 2974 812 ἐκείνων,
3019 748 3075 801 αἶ
3113 748 3179 801 τὰ
3211 749 3337 818 περὶ
3386 748 3665 820 διαθηκῶν

2077 844 2343 913 ὁρίζουσι,
2372 843 2464 895 καὶ
2493 841 2700 913 βλάϐην
2729 842 2789 894 οὑ
2810 843 2911 911 τὴν
2930 839 3203 910 τυχοῦσαν
3222 843 3335 904 τοῖς
3363 841 3667 912 πράγμασι

2081 935 2308 1006 φέρουσι
2337 933 2402 998 ³¹,
2442 934 2621 996 καλῶς
2656 933 2801 1002 ἐχειν
2826 932 3172 1002 ὑπελάϐομεν
3198 931 3357 985 τοῦτο
3382 933 3665 987 ἀνακαθᾶ-

2084 1048 2205 1101 ραι,
2237 1030 2330 1083 καὶ
2361 1031 2511 1092 ὅπως
2535 1029 2615 1081 δεῖ
2650 1029 2946 1099 κυροῦσθαι
2974 1028 3237 1097 διαθήκας
3270 1027 3303 1098 ἥ
3340 1029 3413 1097 μὴ
3437 1067 3451 1089 ,
3487 1029 3667 1096 ἀναμ-

2084 1124 2403 1193 φισϐητήτῳ
2442 1122 2676 1191 διορίσαι
2710 1122 2859 1191 νόμῳ
2893 1122 2987 1174 καὶ
3030 1121 3104 1191 μὴ
3141 1120 3437 1201 ἀντιλαϐὰς
3468 1120 3666 1173 ἐκατέ-

2085 1215 2256 1287 ρωθεν
2282 1215 2479 1283 ἔχοντι.
2515 1213 2653 1283 Ἤδη
2706 1213 2815 1283 γὰρ
2865 1214 2914 1265 οἱ
2960 1212 3066 1281 πρὸ
3110 1213 3272 1281 ἡμῶν
3304 1214 3432 1280 περὶ
3474 1210 3667 1280 διαθη-

2084 1309 2195 1361 κῶν
2222 1307 2265 1339 ³⁸
2304 1306 2650 1369 διαλαϐόντες
2682 1306 2803 1374 διχῆ
2831 1303 2901 1357 τά
2935 1305 3061 1373 περὶ
3087 1302 3293 1355 τούτων
3320 1301 3540 1364 διεῖλον,
3571 1301 3669 1353 καὶ

2082 1401 2148 1463 ἃς
2184 1400 2284 1470 μέν
2316 1399 2609 1469 ἐγγράφως
2635 1397 2879 1466 γίνεσθαι
2904 1395 2969 1459 ἃς
2994 1395 3051 1447 δὲ
3073 1395 3339 1465 ἀγράφως
3361 1393 3631 1464 ὡρίσαντο
3650 1431 3666 1456 ,

2084 1493 2176 1544 καὶ
2211 1491 2412 1562 τρόπον
2444 1488 2771 1556 ὑποθέμενοι
2793 1527 2807 1553 ,
2838 1487 2908 1540 δι’
2947 1477 3009 1539 οὑ
3041 1484 3107 1538 ἂν
3140 1484 3348 1553 ἑκάστη
3391 1481 3667 1553 κυρωθείη

2082 1582 2191 1635 τῶν
2212 1581 2506 1649 διαθηκῶν,
2532 1581 2566 1649 ἦ
2597 1596 2656 1631 τε
2677 1578 2974 1649 ἔγγραφος,
3006 1576 3171 1647 φημὶ,
3202 1576 3294 1628 καὶ
3321 1576 3354 1645 ἡ
3381 1574 3627 1644 ἄγραφος
3649 1588 3665 1603 ⁸

2085 1673 2176 1727 καὶ
2205 1674 2238 1741 ή
2281 1671 2378 1742 μὲν
2417 1671 2517 1738 τῆς
2544 1670 2823 1740 ἐγγράφου
2866 1670 3110 1736 κύρωσις
3140 1668 3198 1720 ἐν
3234 1665 3313 1735 τῷ
3340 1665 3439 1735 τὴν
3479 1664 3667 1717 διατύ-

2088 1780 2262 1815 πωσιν
2288 1761 2689 1831 ἀπαρτισθῆναι
2720 1763 2815 1814 καὶ
2846 1762 2969 1822 ταῖς
2993 1758 3288 1830 μαρτύρων
3320 1757 3669 1826 ὑπογραφαῖς

398 1852 656 1907 omnibus
683 1855 926 1908 numeris
954 1854 1263 1909 absolutum
1298 1854 1370 1909 sit
1400 1894 1416 1919 ,
1444 1858 1801 1924 nuncupativi
1826 1872 1975 1919 vero,

2088 1854 2182 1907 καὶ
2214 1855 2327 1915 τοῖς
2370 1852 2781 1922 σφραγίσμασιν
2828 1850 2907 1903 ἔτι
2950 1845 3215 1920 παρόντος
3256 1849 3315 1902 ἐν
3359 1844 3671 1916 ἀνθρώποις

400 1941 515 1995 sive
540 1958 649 1997 non
677 1945 893 2012 scripti,
927 1945 1073 2014 quod
1105 1956 1311 2015 septem
1346 1962 1454 1999 non
1512 1947 1719 2016 indigni
1757 1947 1862 2001 fide
1898 1958 1978 2002 te-

406 2040 520 2087 stes
552 2049 611 2089 se
640 2036 941 2100 audivisse,
972 2053 1095 2090 cum
1139 2038 1213 2094 ita
1273 2045 1504 2091 testator
1559 2039 1743 2106 lingua
1783 2055 1880 2093 sua
1914 2040 1981 2095 de

399 2126 565 2180 rebus
629 2128 744 2181 suis
801 2130 1207 2198 pronuntiaret,
1266 2131 1656 2184 confiteantur.
1689 2131 1865 2200 Atque
1896 2132 1979 2186 his

398 2215 544 2273 hunc
573 2218 639 2272 ad
677 2219 896 2274 modum
950 2219 1295 2283 constitutis,
1365 2232 1670 2276 annectunt
1711 2224 1977 2291 scriptum

398 2319 809 2377 testamentum,
834 2311 936 2365 nisi
972 2311 1048 2381 (5)
1097 2311 1165 2365 ad
1203 2312 1509 2381 scripturae,
1557 2329 1663 2383 qua
1702 2314 1979 2369 testatoris

394 2404 656 2457 voluntas
708 2400 1078 2470 significatur,
1148 2401 1540 2470 perfectionem
1594 2404 1754 2457 simul
1797 2406 1978 2458 omnia

398 2486 752 2557 conveniant,
781 2500 836 2545 et
863 2492 1087 2546 testium
1149 2492 1604 2561 subscriptiones,
1637 2510 1830 2564 nempe
1860 2512 1981 2564 quas

396 2581 509 2636 illis
537 2581 604 2636 de
632 2582 953 2636 sinceritate
1000 2581 1315 2634 testimonio
1369 2583 1501 2645 sint,
1561 2594 1613 2636 et
1672 2585 1975 2654 signacula,

395 2688 519 2744 quae
563 2672 1067 2741 subscriptionibus
1126 2670 1283 2724 fidem
1332 2674 1611 2739 praebeant
1651 2674 1803 2728 :nisi
1864 2674 1979 2728 hazc

395 2764 561 2820 simul
580 2765 765 2817 omnia
796 2763 1065 2833 (inquam)
1100 2762 1416 2831 priusquam
1450 2764 1497 2817 is
1522 2764 1680 2833 cujus
1718 2764 1771 2819 id
1810 2774 1981 2820 testa-

394 2865 639 2910 mentum
696 2864 799 2921 est,
826 2870 855 2910 e
882 2855 993 2909 vita
1063 2854 1310 2917 excedat,
1346 2866 1701 2920 concurrant,
1752 2858 1977 2912 omnino

394 2948 449 3001 id
478 2948 698 3001 irritum
733 2963 877 3013 esse,
912 2957 969 2999 ut
995 2961 1169 3015 neque
1194 2956 1451 3015 tanquam
1476 2948 1764 3017 scriptum,
1801 2964 1977 3019 neque

394 3046 658 3107 tanquam
688 3039 1115 3106 nuncupntivum
1142 3037 1343 3090 'valeat.
1363 3037 1441 3091 Ex
1470 3051 1581 3107 quo
1613 3054 1746 3093 sane
1774 3054 1977 3107 praeoc-

2082 1948 2177 2001 τοῦ
2217 1948 2570 2019 διαθεμένου,
2604 1949 2636 2016 ἡ
2675 1947 2732 2000 δέ
2774 1949 2873 2016 τῆς
2916 1945 3169 2015 ἀγράφου
3214 1946 3272 1996 ἐν
3304 1941 3383 2012 τῷ
3428 1942 3590 1995 πέντε
3622 1941 3669 1972 ³³

2086 2042 2369 2110 μάρτυρας
2414 2041 2494 2103 εἰς
2524 2038 2866 2103 ἀξιοπιστίαν
2913 2038 3015 2090 οὑκ
3050 2036 3389 2106 ἀμφιϐόλους
3433 2051 3668 2104 συνομο-

2082 2130 2309 2199 λογῆσαι
2339 2131 2524 2183 λαϐεῖν
2552 2130 2745 2191 ἀκοαῖς
2766 2130 2836 2181 τὰ
2862 2127 3265 2196 διατεταγμένα
3294 2126 3434 2180 αὑτά
3459 2127 3669 2178 ἐκείνου

2081 2225 2146 2293 τῇ
2180 2222 2272 2275 τοῦ
2308 2221 2683 2290 διατιθεμένου
2710 2219 2957 2290 γλώσσῃ.
2989 2218 3208 2271 Τούτων
3232 2218 3286 2269 δέ
3317 2217 3490 2278 οὕτως
3519 2215 3668 2285 ἐχόν⁴

2081 2333 2188 2368 των
2236 2316 2634 2386 προστάττουσι
2660 2315 2761 2384 τὴν
2809 2312 3089 2381 ἔγγραφον
3140 2310 3433 2380 διαθήκην,
3486 2310 3534 2360 εί
3585 2307 3660 2377 μὴ

2084 2406 2258 2459 πάντα
2298 2405 2435 2475 ὁμοῦ
2471 2404 2715 2457 συνέλθοι
2745 2406 2827 2467 είς
2868 2402 3149 2455 τελείωσιν
3178 2403 3223 2433 ⁵⁸
3260 2401 3362 2470 τῆς
3390 2400 3607 2471 γραφῆς
3635 2399 3668 2468 ἢ

2085 2496 2278 2566 μηνύει
2314 2497 2414 2565 τὴν
2446 2495 2699 2565 βούλησιν
2728 2493 2824 2547 τοῦ
2848 2492 3172 2563 διαθεμένου
3194 2536 3208 2560 ,
3245 2492 3342 2546 καὶ
3374 2490 3668 2561 μαρτύρων

2083 2588 2399 2659 ὑπογραφαὶ
2426 2587 2598 2657 ταύτῃ
2634 2585 3012 2657 μαρτυροῦσαι
3037 2586 3098 2638 τὸ
3123 2586 3349 2656 γνήσιον
3378 2583 3473 2635 καὶ
3496 2598 3670 2653 σφρα-

2082 2680 2226 2749 γῖδες
2261 2678 2602 2743 ἀξιοπιστίαν
2638 2678 3014 2747 παρεχόμεναι
3048 2678 3169 2740 ταῖς
3200 2676 3573 2746 ὑπογραφαῖς,
3608 2672 3659 2725 εί

2084 2765 2159 2837 μὴ
2190 2765 2361 2819 ταῦτα
2388 2767 2565 2817 πάντα
2601 2764 2735 2833 ὁμοῦ
2789 2764 3072 2835 συνδράμῃ
3106 2765 3237 2835 πρὶν
3280 2764 3311 2834 ἧ
3346 2763 3405 2829 ἐξ
3451 2760 3667 2832 ἀνθρὼ-

2081 2876 2199 2912 πων
2221 2858 2587 2926 άφανισθῆναι
2616 2858 2708 2909 τδν
2743 2852 2804 2910 οὑ
2831 2858 2863 2927 ἠ
2892 2856 3150 2927 διαθήκη,
3183 2856 3519 2927 ἀκυροῦσθαι
3562 2855 3665 2907 αὑ-

2079 2948 2177 3020 τὴν
2204 2951 2297 3002 καὶ
2340 2949 2634 3019 ἐγγράφως
2662 2949 2756 3003 καὶ
2785 2949 3069 3019 ἀγράφως.
3116 2948 3211 3002 Ἐκ
3241 2949 3434 3003 τούτου
3465 2950 3530 3023 δὴ
3569 2970 3667 3007 του

2081 3040 2508 3111 προσδιορισμοῦ
2531 3040 2575 3072 ⁸⁸
2618 3041 2762 3094 πάνυ
2791 3041 2979 3104 ἁπλῶς
3022 3041 3133 3111 (ἴνα
3159 3041 3234 3111 μὴ
3264 3041 3408 3110 λέγω
3439 3043 3624 3106 κακῶς
3648 3046 3666 3113 )

394 3129 651 3198 eupativo
672 3129 895 3197 placito,
932 3144 1055 3183 cum
1086 3144 1195 3183 non
1222 3129 1512 3183 admodum
1530 3138 1689 3184 caute
1712 3131 1802 3194 (ne
1834 3130 1971 3187 inte-

2084 3132 2298 3202 ἔχοντος
2326 3132 2586 3202 σύγχυσις
2614 3132 2727 3201 ἔχει
2772 3132 2866 3185 καὶ
2894 3133 3096 3203 ἀπορία
3135 3133 3201 3185 τὰ
3231 3138 3361 3204 περὶ
3393 3133 3668 3206 διαθηκῶν

394 3220 499 3274 rim
555 3220 732 3273 dicam
799 3221 959 3288 male)
1016 3228 1345 3290 conceptum
1390 3221 1485 3286 sit,
1527 3222 1780 3277 confusio
1811 3230 1975 3293 atque

392 3311 718 3382 ambiguitas
751 3327 863 3365 rem
896 3313 1364 3366 testamentariam
1404 3312 1632 3367 invadit.
1672 3313 1806 3369 Aliis
1828 3315 1973 3369 enim

390 3402 611 3456 videtur
633 3411 1015 3458 testamentum
1048 3404 1198 3458 velut
1225 3404 1536 3458 adulterina
1569 3406 1797 3467 semina.
1823 3422 1975 3476 pror-
2006 3472 2013 3475 ν

392 3507 489 3547 sus
514 3493 884 3562 abjiciendum
918 3512 929 3547 :
969 3503 1029 3548 ut
1073 3494 1197 3548 aliis
1232 3495 1452 3565 quidem
1484 3512 1550 3549 ex
1586 3496 1744 3551 bonis
1766 3498 1973 3551 utilita-

390 3597 498 3639 tem
521 3600 718 3656 capere
742 3587 1111 3656 permittatur,
1129 3586 1404 3643 defunctis
1432 3604 1561 3643 vero
1590 3603 1657 3643 ne
1682 3588 1971 3644 minimum

390 3677 610 3746 quidem
676 3680 929 3733 utilitatis
963 3695 1025 3733 ex
1056 3681 1218 3735 rebus
1268 3682 1383 3736 suis
1408 3684 1629 3736 accedat
1666 3702 1677 3735 :
1713 3683 1759 3737 si
1788 3692 1971 3736 tamen

388 3770 633 3824 defuncti
668 3772 963 3825 utilitatem
1019 3774 1256 3840 aliquam
1282 3774 1547 3828 sentiunt.
1586 3776 1843 3828 Sentiunt
1870 3790 1971 3828 au~

390 3871 497 3915 tem
532 3877 653 3915 cum
684 3877 751 3917 ex
786 3862 1030 3933 ipsorum
1069 3873 1245 3919 morte
1286 3879 1380 3933 per
1417 3864 1665 3918 beneficii
1698 3865 1968 3934 erogatio-

386 3968 511 4006 nem
541 3954 788 4008 nonnulli
847 3955 1205 4008 reviviscunt.
1254 3956 1431 4025 Atque
1466 3956 1519 4008 lii
1565 3955 1782 4025 quidem
1806 3948 1990 4027 (quo?

386 4046 551 4100 modo
608 4047 747 4116 dixi)
806 4049 949 4101 hunc
1010 4049 1065 4103 in
1130 4049 1351 4103 modum
1409 4065 1436 4100 a
1498 4065 1679 4103 rerum
1744 4066 1967 4105 suarum

387 4136 624 4191 utilitate
688 4138 963 4192 hominem
1027 4154 1254 4207 prorsus
1288 4154 1477 4194 arcere
1508 4141 1715 4194 volunt.
1759 4141 1970 4205 Quibus

385 4241 517 4280 vero
545 4227 833 4297 benignior
884 4231 1154 4283 sententia
1224 4231 1407 4283 animo
1446 4232 1668 4297 residet,
1708 4232 1762 4286 lii
1798 4242 1966 4287 testa-

385 4324 593 4380 mento,
658 4318 803 4386 quod
838 4319 1142 4389 sigillorum
1172 4320 1536 4389 impressione
1576 4322 1965 4391 perfectionem

2080 3224 2405 3293 πράγματα.
2453 3218 2549 3287 Οἷς
2583 3224 2681 3291 μὲν
2715 3224 2824 3293 γὰρ
2867 3224 3014 3277 δοκεῖ
3048 3224 3327 3287 παντελῶς
3362 3224 3553 3296 ῶσπερ
3596 3227 3668 3280 τὰ

2082 3313 2211 3365 νόθα
2255 3313 2363 3366 τῶν
2400 3313 2736 3382 σπερμάτων
2776 3312 3060 3381 ἐκρίπτειν
3100 3314 3198 3384 τὴν
3244 3315 3535 3387 διαθήκην,
3573 3317 3669 3370 καὶ

2077 3404 2257 3467 ἄλλοις
2282 3404 2380 3475 μὲν
2401 3405 2464 3457 ἐκ
2490 3404 2589 3473 τῆς
2617 3406 2937 3475 περιουσίας
2960 3407 3283 3477 ἐπιτρέπειν
3313 3408 3665 3477 ὡφελεῖσθαι,

2075 3496 2154 3564 τῷ
2178 3496 2392 3549 θανόντι
2428 3495 2483 3547 δέ
2512 3496 2631 3548 οὑδὲ
2662 3497 2724 3548 τὸ
2768 3496 3110 3567 βραχύτατον
3153 3499 3423 3568 ὠφελείας
3464 3503 3529 3555 ἐκ
3556 3501 3665 3555 τῶν

2078 3585 2298 3639 οἰκείων
2326 3590 2569 3654 μετεῖναι
2598 3589 2777 3658 (εἴπερ
2802 3604 2886 3651 τις
2908 3588 3163 3642 θανοῦσιν
3179 3590 3409 3659 ὠφέλεια
3433 3593 3665 3660 γίνεταιο

2080 3675 2291 3741 γίνεται
2311 3674 2368 3729 δὲ
2406 3675 2733 3739 ἀναζώντων
2755 3678 2913 3731 ἐνίων
2951 3679 3271 3750 εὐεργεσίας
3298 3680 3433 3751 ἐλέῳ
3458 3683 3523 3735 ἐκ
3567 3683 3668 3751 τῆς

2079 3768 2289 3821 ἐκείνου
2328 3768 2735 3839 ἀποϐιώσεως).
2776 3771 2937 3824 Ἀλλά
2967 3773 3077 3844 γὰρ
3103 3815 3118 3839 ,
3168 3774 3360 3846 ῶσπερ
3404 3771 3666 3840 εἷπον,¹οῑ

2084 3861 2183 3931 μὲν
2224 3860 2397 3924 οὑτως
2437 3858 2648 3925 ἀξιοῦσι
2680 3864 2959 3928 παντελῶς
3008 3865 3217 3935 εῐργειν
3260 3868 3351 3921 τὸν
3376 3868 3668 3939 ἄνθρωπον

2076 3952 2173 4021 τῆς
2218 3951 2329 4003 τῶν
2368 3952 2587 4005 οἰκείων
2632 3952 2935 4022 ὠφελείας,
2978 3957 3029 4007 οἱ
3062 3956 3118 4009 δὲ
3152 3956 3665 4028 φιλανθρωπότερον

2073 4044 2409 4113 διακείμενοι
2440 4044 2665 4115 νέμουσι
2710 4048 2776 4116 τῇ
2814 4047 2889 4117 μὴ
2919 4046 3160 4118 λαϐούσῃ
3206 4049 3443 4123 διαθήκῃ
3470 4050 3529 4102 τὸ
3574 4052 3665 4103 τέ-

2074 4128 2213 4190 λέιον
2242 4136 2329 4189 διά
2366 4139 2475 4189 τῶν
2509 4138 2842 4207 σφραγίδων,
2872 4143 2921 4193 εί
2958 4140 3048 4193 καὶ
3093 4142 3167 4212 μὴ
3201 4143 3501 4213 ἔγγραφον,
3545 4144 3665 4198 ἀλλ’

2073 4230 2263 4282 ὁποίαν
2302 4229 2368 4283 ἂν
2404 4230 2437 4299 ή
2478 4232 2743 4301 ἀγράφως
2778 4233 3092 4304 κυρουμένη
3124 4235 3360 4307 διαθήκη
3397 4236 3664 4307 λαμϐάνοι

2078 4321 2390 4391 βεϐαίωσιν.

385 4419 495 4457 non
548 4407 780 4475 accepit,
814 4409 859 4460 si
894 4424 999 4460 non
1035 4416 1091 4460 ιιι
1119 4408 1380 4477 scriptum
1436 4420 1754 4479 censeatur,
1808 4424 1957 4470 certe
1982 4425 2163 4472 tamen
2195 4415 2411 4485 qualem
2438 4429 2544 4469 non
2591 4415 2857 4485 scriptum
2910 4426 2963 4473 et
3022 4418 3449 4488 nuncupativum
3514 4422 3664 4473 acci—

386 4499 483 4563 pit.
519 4496 680 4551 talem
719 4499 957 4563 vigorem
996 4499 1260 4554 tribuunt.

448 4591 561 4647 Nos
583 4593 769 4663 itaque
798 4597 1211 4664 perplexitatem
1242 4597 1383 4651 hanc
1416 4598 1553 4653 adeo
1583 4601 1747 4656 rebus
1774 4602 1967 4657 Imma-

2148 4602 2334 4663 Οὑτως
2361 4598 2454 4653 οὖν
2483 4600 2582 4671 τὴν
2610 4600 3023 4671 ἀμφισϐήτησιν
3049 4602 3256 4673 ταύτην
3287 4604 3423 4674 πρὸς
3455 4603 3661 4674 βλάϐην

383 4682 469 4737 nis
502 4698 625 4737 esse
656 4694 990 4739 nocumento
1042 4686 1312 4748 videntes,
1348 4688 1399 4740 in
1446 4688 1832 4761 benigniorum
1868 4694 1959 4761 ju-

379 4775 562 4827 dicum
628 4776 960 4829 sententiam
1022 4777 1253 4847 pedibus
1288 4779 1451 4843 imus,
1487 4782 1795 4852 veterisque
1827 4783 1962 4853 legis

380 4865 670 4934 caliginem
727 4876 778 4921 et
822 4868 1236 4940 ambiguitatem
1302 4871 1353 4923 in
1424 4872 1728 4941 simplicem
1798 4884 1961 4943 atque

378 4965 621 5025 apertam
670 4959 1042 5025 cognitionem
1096 4962 1494 5025 convertimus,
1542 4978 1606 5016 ac
1655 4964 1959 5028 sancimus,

382 5060 436 5102 ut
470 5049 545 5119 (4)
567 5049 704 5118 quod
720 5057 1111 5118 testamentum,
1146 5064 1398 5123 respectu
1426 5070 1617 5109 eorum
1644 5072 1765 5125 qua:
1816 5059 1961 5112 scri-

2072 4688 2238 4745 οῦσαν
2266 4692 2501 4761 ὁρῶντες
2524 4695 2635 4755 τοῖς
2672 4693 2987 4763 πράγμασι,
3019 4694 3119 4763 τῆς
3143 4696 3661 4768 φιλανθρωποτέρας

2071 4783 2180 4835 τῶν
2208 4782 2477 4835 δικαστῶν
2504 4784 2720 4853 μερίδος
2752 4785 3039 4854 γινόμεθα,
3070 4787 3165 4839 καὶ
3190 4787 3284 4840 τοῦ
3313 4787 3544 4841 παλαιοῦ
3563 4788 3662 4840 ’νό-

2075 4892 2176 4945 μου
2204 4874 2264 4927 “ab
2299 4874 2571 4943 ἀχλυῶδες
2612 4877 2705 4929 καὶ
2746 4877 3038 4947 ἀμφίδοξον
3086 4880 3166 4942 εἰς
3198 4878 3379 4947 ἁπλῆν
3408 4880 3503 4932 καὶ
3530 4897 3662 4951 τρα-

2075 4966 2171 5035 νὴν
2202 4966 2609 5036 μεταϐάλλομεν
2637 4968 2862 5037 εἴδησιν.
2902 4970 3204 5041 Τοιγαροῦν
3229 4972 3273 5002 ³²
3306 4971 3657 5041 θεσπίζομεν,

2074 5058 2174 5127 τὴν
2221 5057 2362 5110 κατὰ
2409 5058 2475 5111 τὰ
2519 5060 2804 5127 ὀφείλοντα
2851 5063 2969 5124 ταῖς
3019 5064 3323 5132 ἐγγράφοις
3371 5062 3659 5133 διαθήκαις

1645 5192 1882 5249 VARUS
1917 5192 2322 5250 LECTIONES.

448 5277 490 5308 "
524 5276 934 5353 Spangzmallet
965 5281 1257 5351 φέρουσαν.
1330 5282 1372 5311 ³¹
1406 5281 1639 5353 Serimg.
1674 5286 2015 5338 διαθετικῶν.

373 5346 605 5418 fortasse
632 5346 737 5418 ("ﬁ

2112 5287 2157 5318 ³³
2196 5288 2355 5361 Agyl.
2396 5289 2678 5361 legendum
2710 5301 2896 5347 censet
2927 5293 3087 5357 ἑπτά,
3125 5292 3304 5348 Locus
3327 5302 3655 5361 corruptus:

768 5350 945 5432 e'.‘Cf.
977 5346 1257 5432 co'nstihtut.
1296 5346 1714 5421 praecedentem.
1790 5356 1834 5386 “
1871 5355 2061 5432 Zqicb.
2097 5366 2151 5432 et
2194 5346 2417 5432 Meerni.
2446 5346 2541 5413 ’ξεί
2578 5360 2651 5432 μὴ
2681 5346 2863 5415 πάντα
2898 5364 3033 5432 ὁμοῦ
3071 5346 3350 5427 συνέλθοι,
3370 5346 3660 5424 τελείωσις

370 5413 473 5504 ἶῆς
517 5413 737 5504 ηρακφῇέ
760 5419 1098 5504 κτξιιηηίψφιί
1137 5413 1338 5504 ﬁgant}.
1384 5432 1642 5492 prrcstare
1673 5433 1844 5493 putat.
1931 5426 1974 5457 ³⁸
2005 5425 2238 5496 Scrimg.
2276 5413 2775 5500 προδιωρισμένουζ
2802 5413 3659 5504 beinité’sbéhgivtin‘iegi“mi

371 5487 508 5540 πάνυ
536 5488 743 5551 ἁπλῶς.
826 5489 870 5518 ³⁸
903 5487 1016 5543 Ecl.
1047 5487 1251 5558 int-ipil.

1899 5607 2128 5665 ΝΟΤίΕ.

468 5690 521 5743 5i
553 5688 613 5740 ι).
652 5691 705 5743 8.
744 5692 796 5742 5.

468 5690 502 5738 5
553 5690 613 5740 ι).
690 5696 705 5743 ,⁷
744 5692 796 5742 5.

443 5690 748 5820 ἕσιίὸυιιὲυε
793 5770 872 5815 est
916 5778 942 5813 a
984 5762 1163 5820 Leone
1196 5769 1330 5823 nihil
1381 5772 1468 5825 ltic
1518 5786 1709 5828 eorum
1755 5773 1945 5828 immu-

2070 5705 2195 5765 tari,
2253 5722 2373 5773 qua:
2404 5707 2486 5761 vel
2522 5707 2588 5760 de
2614 5711 2840 5781 scripto,
2910 5712 2990 5767 vel
3046 5712 3418 5784 nuncupativo
3474 5718 3647 5771 testa-

2058 5786 2240 5830 mento
2278 5786 2435 5829 cauta
2475 5788 2630 5835 sunt.
