4048 6440
437 362 541 420 525

1526 357 1889 417 NOVELL/E
1915 357 2059 415 CON
2064 356 2152 415 ST
2161 355 2591 415 lTUTIONES.

3583 354 3687 416 526

435 466 860 540 παρακολουθεῖν
906 466 1069 536 ἀτελῆ
1123 468 1406 537 διαθήκην,
1458 470 1504 521 εί
1550 470 1637 523 διά
1697 469 2005 540 μαρτυρίας

2125 477 2203 522 ato
2238 475 2566 522 testamento
2628 467 2821 522 adesse
2870 465 3089 529 debent,
3148 464 3524 534 imperfectum
3554 471 3637 519 est
3672 482 3685 517 :

433 558 682 626 ἀγράφου
728 556 963 617 πίστεως
1004 558 1103 609 οὐκ
1143 557 1374 626 ἀπορεῖ,
1427 558 1651 627 βεϐαίαν
1694 556 1838 613 εἶναι
1876 558 2015 611 κατά

431 650 530 719 τὴν
548 650 656 701 τῶν
678 648 943 717 ἀγράφων
965 647 1238 718 διαθηκῶν
1262 649 1520 718 κύρωσιν·
1556 652 1603 702 εί
1633 652 1676 703 δ’
1704 652 1901 720 ἀπορεῖ
1919 653 2013 720 τῆς

431 742 519 795 διὰ
556 741 849 811 μαρτύρων
884 740 1119 802 πίστεως
1142 781 1155 803 ,
1183 740 1303 792 τότε
1333 741 1411 803 ὡς
1440 742 1604 811 μηδὲν
1635 742 1864 813 ἔχουσαν
1887 743 2017 812 ἀλη-

435 833 586 895 θείας
634 834 893 902 ἐχέγγυον
938 832 1295 903 ἀκυροῦσθαι.
1356 832 1454 894 Τίς
1516 834 1624 902 γὰρ
1684 834 2011 897 ἀκολουθία,

438 923 639 993 μᾶλλον
662 922 719 974 δὲ
760 922 877 984 πῶς
906 922 967 974 ού
1005 923 1354 975 παντάπασιν
1385 922 1580 989 ἄλογον
1630 923 1721 974 καὶ
1754 923 1979 989 ἀνόητον
1999 961 2012 984 ,

435 1014 529 1068 νῦν
552 1014 650 1082 μὲν
676 1015 802 1076 τοὺς
830 1014 1113 1082 μάρτυρας
1136 1014 1387 1083 τοιαύτης
1413 1014 1692 1076 ἀξιοῦσθαι
1722 1014 2012 1083 ἀποδοχῆς.

435 1105 511 1166 ὡς
550 1105 640 1157 καὶ
674 1104 743 1158 τά
772 1107 891 1175 μηδ’
930 1106 1067 1167 ὅλως
1096 1108 1280 1175 γραφῇ
1328 1106 1548 1158 δοθέντα
1578 1106 1798 1174 κυροῦν,
1842 1106 1936 1157 νῦν
1969 1107 2013 1158 δ’

437 1194 633 1256 αὐτοὺς
664 1195 816 1263 παρὰ
854 1194 1055 1263 φαῦλον
1088 1194 1369 1260 τίθεσθαι,
1412 1197 1487 1258 ὡς
1523 1197 1596 1266 μὴ
1640 1196 1799 1258 ὄντας
1829 1196 2015 1261 ἀξίους

434 1283 504 1336 τά
532 1284 621 1337 διά
650 1286 864 1353 γραφῆς
890 1284 1196 1354 δηλούμενα
1223 1284 1472 1353 βεϐαιοῦν
1495 1304 1508 1350 ;
1539 1286 1715 1338 καίτοι
1746 1285 1789 1318 ³⁸
1815 1286 2015 1355 τρόπον

435 1374 560 1426 τινὰ
602 1374 833 1427 ἐνταῦθα
864 1375 1187 1446 ἰσχυροτέρα
1230 1374 1434 1442 γίνεται
1474 1378 1506 1446 ἡ
1552 1376 1757 1438 πίστις.
1806 1376 1928 1439 Πῶς
1960 1376 2014 1428 δὲ

436 1468 555 1535 οὐχὶ
587 1466 729 1536 μετά
770 1466 863 1519 τοῦ
896 1467 1206 1536 παραλόγου
1232 1468 1274 1499 ³⁵
1308 1468 1402 1519 καὶ
1436 1468 1628 1537 ἀναιδῆ
1680 1468 1772 1520 τοῦ
1806 1468 2012 1521 δικαίου

435 1558 727 1627 πῳδοσὶαν
754 1557 905 1627 ἔχει;
940 1558 992 1611 τί
1014 1559 1141 1628 γάρ,
1174 1559 1221 1611 εί
1251 1558 1349 1626 τῆς
1377 1558 1673 1622 διατάξεως
1710 1559 1887 1629 ἀρχὴν
1917 1561 2015 1628 μὲν

437 1646 711 1716 λαϐούσης
734 1650 920 1717 γραφῇ
945 1648 1181 1701 δίδοσθαι
1205 1650 1299 1701 καὶ
1321 1648 1384 1701 τά
1408 1650 1806 1719 διατεταγμένα
1828 1652 2016 1713 ἀκοαῖς

437 1736 779 1805 ὲνηχήθησαν
808 1737 855 1787 οἱ
887 1736 1093 1799 τούτοις
1132 1739 1230 1806 τὴν
1270 1737 1617 1802 ἀξιοπιστίαν
1664 1739 2016 1806 χαριζόμενοι

440 1826 753 1898 μάρτυρες,
785 1822 905 1882 εἶτα
943 1828 975 1897 ἢ
1007 1830 1099 1881 τὸν
1126 1828 1342 1898 γραφέα
1376 1829 1530 1891 νόσος
1564 1829 1885 1898 κατέσχενῆ
1924 1832 2017 1883 καὶ
2050 1809 2091 1861 Β

438 1917 669 1979 θάνατος
692 1918 854 1970 αὐτὸν
881 1920 1299 1988 προανήρπασε,
1334 1920 1451 1987 μετ’
1477 1919 1539 1971 οὐ
1569 1920 1702 1972 πολὺ
1726 1920 1780 1971 δὲ
1810 1923 1903 1973 καὶ
1927 1921 2015 1973 τὸν

437 2006 757 2076 διαθέμενον
806 2002 929 2075 (οἶα
973 2007 1146 2059 πολλά
1188 2007 1300 2070 τοῖς
1349 2007 1657 2077 ἀνθρώποις
1702 2009 2017 2078 ἀπροόρατα

440 2094 827 2165 συμπτώματα
856 2096 1151 2167 ἔρχεται),
1194 2097 1282 2149 διὰ
1328 2097 1487 2149 τοῦτο
1538 2097 1697 2149 ἄδικα
1738 2099 2016 2151 πείσονται

440 2187 793 2255 στερούμενοι
820 2189 918 2255 τῆς
947 2190 1004 2241 ἐν
1036 2191 1100 2257 τῇ
1143 2187 1305 2258 βουλῇ
1339 2187 1433 2239 τοῦ
1470 2187 1722 2249 θανόντος
1759 2190 2018 2259 κειμένης

439 2278 757 2347 εὐεργεσίας
786 2280 835 2331 οῖ
880 2282 1083 2348 ταύτης
1124 2279 1419 2332 ἀπολαύειν
1466 2279 1595 2348 παρ’
1644 2279 1808 2333 αὐτοῦ
1850 2281 2016 2348 ἠξιω-

444 2368 594 2437 μένοι
616 2367 684 2433 “;
718 2370 812 2421 καὶ
842 2370 901 2422 τὺ
928 2368 1337 2438 σχετλιώτατον,
1375 2369 1435 2419 οὺ
1472 2370 1632 2437 μέχρι
1657 2368 1765 2420 τῶν
1798 2369 2018 2433 ζώντων

440 2457 639 2527 ἕστηκε
668 2458 729 2510 τὸ
760 2459 950 2523 κακὸν,
995 2459 1130 2511 ἀλλά
1164 2461 1258 2512 καὶ
1292 2459 1383 2511 τὸν
1415 2458 1647 2510 θανόντα
1677 2458 1887 2519 διώκει,
1926 2462 2016 2512 καὶ

441 2549 734 2616 ἀποστερεῖ
763 2550 950 2604 τοῦτον
985 2554 1128 2620 (ὅσον
1168 2547 1303 2623 ἦκεν
1346 2552 1424 2614 εἰς
1472 2548 1698 2618 γνώμην
1748 2550 1853 2601 τῶν
1882 2553 2017 2604 ἀκυ-

444 2640 683 2710 ρούντων
727 2641 825 2712 τὴν
870 2642 1170 2712 διαθήκην)
1214 2645 1311 2711 τῆς
1354 2642 1503 2711 παρὰ
1544 2638 1635 2691 τοῦ
1678 2642 2021 2710 οἰκτίρμονος

443 2732 578 2785 Θεοῦ
611 2732 954 2802 συμπαθείας
979 2776 993 2799 ,
1040 2730 1106 2805 ἦς
1133 2733 1382 2804 μεθέξειν
1421 2736 1582 2788 αὑτὸν
1620 2734 1776 2796 ἐλπὶς
1813 2736 1877 2787 ὲκ
1926 2733 2019 2786 τοῦ

443 2817 504 2875 εὖ
538 2825 745 2894 ἑτέροις
768 2826 1019 2892 γενέσθαι
1064 2826 1273 2880 ἐκείνου
1298 2827 1407 2879 τῶν
1433 2828 1789 2897 ἀνθρωπίνων
1816 2829 2021 2893 ἀπογε-

442 2915 692 2985 νομένου,
741 2918 840 2969 Διά
869 2918 1029 2971 τοῦτο
1064 2920 1237 2971 ταῦτα
1284 2919 1621 2986 συνεγνωκὸς
1657 2920 1714 2973 τὸ
1755 2920 2022 2989 ἡμέτερον

444 3006 645 3075 κράτος
675 3009 821 3078 σαφῆ
852 3010 946 3061 καὶ
994 3010 1362 3079 ἀναμφίϐολον
1388 3010 1647 3065 ’ἐθέσπισε
1685 3012 1875 3070 τύπον,
1909 3011 1983 3072 ὡς
2006 3049 2019 3071 ,

447 3096 602 3163 εἴπερ
637 3098 795 3166 μόνον
824 3100 872 3151 οἱ
910 3100 1314 3171 μαρτυροῦντες
1342 3104 1499 3169 φαῖεν
1542 3103 1750 3154 οἰκείαν
1791 3102 1885 3153 τοῦ
1932 3101 2023 3153 ἁν-

447 3184 667 3253 θρώπου
694 3186 790 3255 τὴν
812 3187 1099 3258 διαθήκην,
1131 3190 1204 3259 μὴ
1231 3189 1541 3242 ἀθετεῖσθαι
1562 3190 1754 3259 αὐτὴν,
1782 3190 1914 3243 άλλά
1935 3191 2024 3260 βε-

447 3277 611 3329 ϐαίαν
641 3274 799 3342 εἶναι,
837 3280 940 3332 κᾶν
969 3281 1043 3349 μὴ
1074 3282 1235 3350 μόνον
1260 3283 1304 3313 ⁸⁸
1334 3284 1387 3334 αἱ
1418 3282 1708 3353 σφραγῖδες
1740 3283 2025 3351 ὲνεδέησαν

448 3368 794 3432 ἐπικεῖσθαι,
844 3370 979 3423 ἀλλά
1006 3372 1100 3423 καὶ
1130 3373 1185 3424 αῖ
1226 3371 1335 3425 τῶν
1382 3373 1675 3443 μαρτύρων
1712 3374 2026 3442 ὑπογραφαὶ

453 3458 592 3527 μετά
620 3462 1051 3530 σφραγισμάτων
1073 3462 1115 3493 ’⁵³
1143 3463 1499 3517 ἐλλείπουσιν.

961 3555 1275 3606 ΔΙΑΤΑΞΙΣ
1326 3553 1435 3607 Ml"
1462 3556 1527 3608 ⁸³.

450 3640 594 3709 Περὶ
624 3642 730 3695 τοῦ
763 3645 1088 3710 χειροῦσθαι
1128 3645 1225 3699 διὰ
1274 3647 1621 3714 ίσοῃπάφων
1672 3650 1777 3711 τὰς
1826 3646 2033 3714 διαθή-

522 3729 655 3777 κας,
690 3715 942 3782 καὶπερὶ
971 3715 1080 3769 τοῦ
1112 3719 1161 3769 εἰ
1192 3717 1289 3769 καὶ
1323 3717 1477 3783 τρεῖς
1499 3716 1856 3785 τυγχάνοιεν
1879 3717 2030 3785 μάρ-

520 3798 717 3849 rupae.

539 3871 594 3924 '0
616 3871 777 3935 αὐτὸς
809 3873 1059 3942 βασιλεὺς
1089 3874 1362 3944 Στυλιανῷ
1389 3874 1463 3944 τῷ
1488 3876 1655 3945 αὐτῷ.

530 3964 641 4032 Οὐχ
669 3965 807 4036 ὑπὲρ
843 3964 918 4018 ὧν
949 3968 997 4018 οί
1032 3968 1393 4036 προλαϐόντες
1421 3970 1565 4037 ἡμᾶς
1606 3968 1703 4037 τὴν
1736 3969 2034 4038 ἀσφάλειαν

457 4057 570 4115 τοῖς
616 4058 933 4127 πράγμασιν
994 4060 1383 4129 εἰσηνέγκαντο
1444 4060 1759 4129 μέμφεσθαι
1814 4062 2036 4124 τούτους

459 4146 673 4217 ἔχοντες
694 4150 857 4218 νόμον
879 4151 1193 4219 εἰσάγομεν,
1229 4151 1365 4205 ἀλλά
1398 4154 1685 4215 κάκείνους
1709 4155 1764 4205 ἐν
1799 4154 2033 4224 ἀποδοχῇ

461 4240 765 4308 ποιούμεθα
798 4243 893 4311 τῆς
930 4244 1237 4312 ἀκριϐείας,
1273 4244 1365 4296 καὶ
1390 4244 1456 4296 τά
1487 4246 1809 4313 πράγματα,
1843 4245 1922 4297 ὅτι
1962 4246 2035 4314 μὴ

460 4324 573 4381 οἷόν
590 4346 648 4381 τε
669 4332 803 4399 πρὸς
828 4332 885 4383 τὸ
906 4332 1001 4401 τῆς
1024 4332 1249 4402 γνώμης
1274 4333 1453 4385 αὐτῶν
1477 4335 1703 4401 ἀκριϐὲς
1720 4333 1949 4386 ἕπεσθαι
1970 4333 2035 4399 ⁴¹,

464 4422 549 4489 ἐφ’
603 4424 725 4475 ὅσον
776 4424 1012 4495 ἐγχωρεῖ
1058 4426 1131 4494 μὴ
1187 4426 1474 4478 ἐκπίπτειν
1527 4427 1625 4492 τῆς
1683 4425 2039 4495 ὀφειλομένης

465 4514 716 4583 ὁρίζομεν
736 4516 1139 4578 καταστάσεως,
1170 4512 1339 4584 Τίοῦν
1361 4518 1527 4579 ἐστιν,
1549 4518 1576 4570 ὅ
1607 4534 1776 4587 φημι;
1816 4518 2035 4587 Ἑκρίθη

466 4608 574 4668 τοῖς
606 4608 770 4660 πάλαι
803 4610 931 4677 περὶ
961 4609 1232 4677 διαθηκῶν
1272 4610 1731 4679 ἐπισκεψαμένοις
1773 4608 1861 4676 ὑφ’
1900 4610 2039 4661 ἑπτὰ

470 4698 731 4765 μάρτυσι,
779 4699 939 4752 πέντε
984 4701 1038 4752 δὲ
1090 4702 1151 4752 τὸ
1206 4700 1447 4761 ἔλαττον,
1484 4703 1602 4763 ταῖς
1642 4699 2037 4768 ἀποϐιωσίμοις

467 4791 743 4856 διατάξεσι
774 4795 1055 4863 προσεῖναι
1078 4794 1136 4845 τὸ
1163 4794 1349 4862 κῦρος,
1386 4794 1478 4845 καὶ
1503 4792 1623 4845 οὐδὲ
1646 4791 1806 4844 τοῦτο
1832 4792 2036 4855 ἁπλῶς,

468 4880 582 4932 ἀλλ’
615 4882 883 4953 ὑπάρχειν
922 4883 1016 4935 καὶ
1042 4882 1387 4953 γραμμάτων
1418 4882 1492 4951 μὴ
1522 4882 1754 4951 ἀμαθεῖς
1787 4882 1913 4944 τοὺς
1944 4882 2041 4950 τὴν

2118 558 2164 610 si
2213 566 2392 610 tamen
2462 556 2814 624 nuncupativi
2872 552 3181 609 testamenti
3234 551 3551 606 testimonio
3581 565 3689 604 non

2118 649 2374 716 indigeat,
2397 646 2585 716 vigore
2619 646 2978 716 nuncupativi
3000 644 3314 699 testamenti
3341 643 3555 697 ﬁrmum
3580 642 3687 697 sit:

2117 740 2200 792 sin
2234 740 2453 793 testium
2508 738 2614 792 lide
2652 737 2913 807 indigeat,
2940 744 3000 790 ut
3033 737 3177 806 quod
3213 735 3348 789 nihil
3380 735 3446 788 ad
3478 733 3689 789 facien-

2118 834 2238 886 dam
2268 833 2426 886 ﬁdem
2488 832 2743 886 idoneum
2809 831 3023 893 habeat,
3058 830 3114 883 in
3147 830 3362 883 irritum
3412 826 3687 882 concidat.

2116 928 2247 992 Quae
2277 927 2421 980 enim
2473 928 2613 979 ratio
2666 932 2768 989 est,
2797 924 2908 977 imo
2967 922 3243 990 quomodo
3298 936 3409 975 non
3463 920 3691 974 omnino

2116 1018 2413 1070 absurdum
2435 1017 2709 1085 nimisque
2742 1029 2989 1069 crassum
3020 1022 3123 1073 est,
3150 1013 3282 1067 alias
3311 1020 3476 1066 testes
3504 1012 3691 1065 istius-

2117 1106 2258 1161 modi
2295 1107 2686 1175 approbatioue
2714 1106 2950 1176 dignari,
2985 1111 3044 1158 ut
3074 1119 3195 1172 quae
3221 1103 3367 1156 nulla
3400 1101 3483 1156 sui
3536 1107 3693 1170 parte

2116 1200 2322 1266 scripto
2348 1199 2601 1251 mandata
2634 1206 2781 1259 sunt,
2807 1196 3173 1250 conﬁrment?
3203 1194 3338 1248 alias
3369 1207 3498 1247 vero
3531 1192 3691 1261 quasi

2116 1290 2207 1358 qui
2242 1304 2334 1357 per
2380 1290 2702 1357 scripturam
2768 1288 3041 1342 declarata
3076 1287 3427 1348 conﬁrment,
3478 1283 3691 1353 indigni

2118 1382 2247 1446 sint,
2280 1381 2349 1433 ita
2384 1380 2504 1435 illos
2536 1380 2887 1448 vilipendere,
2922 1379 3223 1448 praesertim
3254 1391 3403 1442 vero,
3448 1390 3571 1430 cum
3604 1373 3692 1427 hic

2068 1500 2073 1504 ο
2119 1475 2302 1542 aliquo
2351 1473 2514 1527 etiam
2579 1472 2742 1525 modo
2806 1471 2940 1525 ﬁdes
2973 1470 3387 1524 corroboretur.
3408 1464 3694 1533 Quomodo

2120 1564 2343 1632 insuper
2374 1563 2426 1615 in
2462 1560 2843 1615 detestandam
2874 1558 3416 1625 inverecundamque
3468 1555 3695 1623 aequita-

2120 1654 2189 1707 tis
2231 1653 2594 1721 proditionem
2654 1666 2759 1704 non
2815 1649 3101 1703 continet?
3138 1646 3275 1712 Quid
3304 1648 3347 1701 si
3401 1653 3695 1700 testamen-

2122 1753 2233 1796 tum
2265 1742 2471 1809 scripto
2523 1741 2659 1793 tradi
2713 1739 2963 1807 coeperit,
3023 1736 3280 1805 quodque
3329 1734 3693 1788 constitutum

2119 1844 2223 1897 est,
2280 1833 2569 1901 dignorum
2627 1829 2730 1883 ﬁde
2799 1829 3021 1884 testium
3079 1828 3304 1880 auribus
3360 1824 3692 1884 insonuerit,

2119 1926 2316 1980 deinde
2346 1938 2477 1977 vero
2501 1932 2594 1975 aut
2640 1922 2875 1975 scribam
2947 1920 3172 1972 morbus
3210 1916 3562 1984 corripuerit,
3600 1921 3694 1966 aut

2120 2033 2270 2071 mors
2308 2017 2469 2071 etiam
2508 2015 2683 2084 ipsum
2719 2012 3023 2071 sustulerit,
3057 2017 3109 2062 et
3143 2023 3263 2060 mox
3296 2014 3523 2060 testator
3557 2018 3694 2072 quo-

2118 2125 2224 2178 que
2254 2116 2478 2162 enectus
2524 2108 2596 2160 sit
2625 2108 2705 2173 (ut
2757 2104 2924 2157 multa
2965 2100 3275 2155 hominibus
3306 2114 3369 2151 ex
3399 2095 3697 2164 improviso

2119 2200 2467 2268 contingunt)
2492 2215 2505 2251 :
2534 2212 2659 2250 num
2686 2202 2974 2265 propterea
3004 2205 3140 2261 quos
3162 2191 3207 2244 is
3230 2191 3469 2242 moriens
3498 2184 3699 2240 beneﬁ-

2119 2296 2205 2349 cio
2221 2292 2412 2362 dignos
2464 2291 2697 2352 censuit,
2739 2288 2813 2341 illi
2842 2302 2907 2342 eo
2944 2284 3143 2355 privari
3170 2282 3424 2349 iniuriam
3459 2279 3697 2332 sustine-

2120 2386 2292 2440 bunt?
2324 2383 2386 2435 Et
2422 2397 2570 2445 vero,
2604 2379 2746 2447 quod
2781 2375 3219 2445 indignissimum
3262 2378 3371 2431 est,
3401 2384 3504 2419 non
3534 2365 3698 2417 modo

2121 2492 2227 2528 nou
2297 2490 2419 2527 cum
2459 2472 2567 2524 vita
2614 2469 2663 2521 id
2716 2468 2839 2519 ntali
2896 2473 3215 2519 testatorent
3261 2458 3483 2518 deserit,
3511 2468 3698 2508 verum

2121 2566 2281 2619 etiam
2349 2570 2622 2615 mortuum
2687 2561 3011 2620 insectatur,
3084 2554 3369 2623 privatque
3414 2550 3699 2617 (quantum

2123 2654 2340 2727 quidem
2371 2654 2436 2707 ad
2463 2665 2653 2705 eorum
2690 2649 2782 2717 qui
2810 2654 3194 2701 testamentum
3229 2642 3442 2696 irritum
3495 2638 3702 2690 faciunt

2122 2745 2448 2800 sententiam
2496 2740 2712 2807 attinet)
2764 2736 3133 2791 misericordis
3193 2733 3286 2788 Dei
3345 2730 3703 2785 commisera-

2124 2839 2292 2901 tione,
2326 2834 2483 2903 cujus
2510 2832 2829 2902 participem
2869 2831 3019 2884 illum
3046 2828 3181 2888 fore,
3224 2840 3288 2879 ex
3322 2838 3386 2878 eo
3411 2819 3555 2891 quod
3582 2819 3704 2888 ipso

2124 2926 2384 2983 defuncto
2439 2926 2529 2978 alii
2590 2922 2872 2978 beneﬁciis
2930 2920 3306 2981 subleventur,
3338 2929 3463 2983 spes
3486 2922 3590 2967 est.
3616 2909 3703 2963 ld-

2125 3018 2272 3072 circo
2305 3015 2635 3082 simulatque
2669 3019 2855 3067 nostra
2881 3019 3122 3079 potestas
3150 3007 3265 3059 haec
3293 3000 3702 3059 animadvertit,

2128 3106 2435 3161 evidentem
2466 3114 2629 3173 atque
2665 3103 3028 3157 indubitatam
3054 3099 3283 3151 fortnam
3318 3092 3604 3151 sanciit,ut
3628 3088 3703 3159 (5)

2130 3200 2175 3252 si
2209 3206 2360 3252 testes
2386 3206 2590 3249 tantum
2641 3194 2825 3249 dicant
2857 3192 3004 3246 illius
3067 3188 3303 3243 hominis
3338 3184 3617 3257 proprium
3656 3182 3706 3233 id

2129 3303 2251 3342 esse
2278 3292 2683 3348 testamentum,
2715 3284 2766 3337 id
2812 3297 2919 3336 non
2962 3281 3319 3349 improbetur,
3357 3275 3451 3329 sed
3492 3273 3707 3326 ﬁrmum

2132 3387 2294 3447 atque
2321 3386 2498 3431 ratum
2524 3376 2593 3428 sit
2620 3393 2630 3427 :
2668 3362 2889 3428 tametsi
2920 3386 3030 3425 non
3068 3371 3245 3457 solun}
3280 3364 3583 3436 signacula,
3615 3360 3708 3414 sed

2131 3468 2294 3523 etiam
2330 3481 2451 3521 cum
2484 3465 2591 3518 illis
2617 3463 2841 3518 testium
2873 3454 3310 3527 subscriptiones
3334 3454 3534 3510 desint.

2580 3549 3046 3607 (IONSTITUTIO
3063 3548 3248 3602 XLIII.

2140 3651 2205 3703 Ut
2232 3666 2321 3717 per
2350 3646 2615 3702 scribendi
2647 3646 2862 3780 ἱρηιιῗοε
2895 3641 2970 3708 (6)
3003 3648 3317 3694 testamenta
3362 3639 3521 3692 etiam
3587 3652 3713 3689 con-

2790 3722 3069 3766 trmenlur.

2790 3722 3069 3766 trmenlur.

2208 3874 2350 3927 idem
2379 3872 2675 3940 imperator
2714 3867 2889 3921 eidem
2931 3864 3200 3936 Styliano.

2208 3964 2324 4019 Non
2352 3963 2495 4037 quod
2521 3960 2855 4029 superiores.
2887 3958 2981 4027 qui
3029 3956 3341 4010 communis
3372 3956 3493 4007 vita:
3544 3968 3713 4022 nego-

2140 4058 2230 4111 tiis
2257 4056 2572 4124 diligentem
2603 4050 2913 4105 cautionem
2952 4047 3276 4111 attulerunt,
3315 4044 3718 4114 reprehendere

2140 4154 2393 4213 velimus,
2428 4151 2597 4219 legem
2659 4144 2993 4217 proferimus
3034 4162 3045 4196 :
3079 4142 3173 4197 sed
3234 4139 3416 4211 potius
3446 4146 3503 4193 ut
3528 4146 3718 4192 exacta

2143 4248 2383 4316 ipsorum
2419 4241 2557 4295 ratio
2581 4241 2634 4294 in
2669 4254 2823 4292 usum
2886 4236 3199 4304 recipiatur,
3231 4248 3453 4303 operam
3503 4232 3719 4291 damus,

2144 4335 2487 4405 resqucipsa‘.
2512 4330 2674 4400 (quod
2714 4330 2836 4382 illas
2868 4335 3062 4381 exacto
3092 4327 3335 4396 ipsorum
3404 4322 3723 4394 przescripto

2148 4422 2476 4494 respondere
2536 4418 2877 4487 impossibile
2933 4417 3025 4485 sit)
3073 4431 3159 4478 ne,
3217 4414 3395 4484 quoad
3446 4414 3567 4481 ejus
3609 4411 3722 4464 ﬁeri

2150 4524 2347 4585 potest,
2397 4513 2580 4567 debito
2637 4526 2737 4565 suo
2770 4516 2912 4563 statu
2950 4507 3227 4569 eXc-idant,
3258 4506 3542 4561 sanctione
3574 4518 3725 4555 cave-

2148 4623 2289 4661 mus.
2331 4606 2398 4657 At
2423 4603 2552 4672 quid
2608 4611 2691 4657 est
2716 4600 2857 4670 quod
2884 4598 3051 4653 dico?
3081 4598 3366 4652 Decretum
3403 4604 3488 4649 est
3519 4610 3547 4645 a
3580 4604 3712 4647 vetc-

2147 4698 2296 4751 ribus
2313 4697 2379 4750 de
2402 4693 2743 4749 testamentis
2762 4690 3145 4753 tractantibus,
3174 4689 3341 4757 utlper
3360 4687 3498 4755 (7-8)
3521 4694 3725 4751 septem

2148 4799 2338 4849 testes,
2374 4787 2654 4842 minimum
2687 4794 2868 4837 autem
2904 4798 3001 4851 per
3058 4783 3299 4848 quinque
3340 4778 3726 4832 defunctorum

2150 4880 2369 4934 statutis
2406 4878 2706 4931 auctoritas
2761 4873 3004 4927 accedat.
3053 4871 3235 4939 Neque
3276 4886 3405 4923 vero
3441 4869 3494 4923 id
3524 4868 3726 4935 simpli-

1743 5015 1978 5070 VAIIUE
2023 5012 2431 5070 LECTIONES.

542 5131 584 5163 ⁵⁷
618 5130 1058 5200 Praepositionem
1091 5133 1351 5185 omittunt
1388 5130 1579 5184 Zuiclt.
1644 5138 1698 5183 et
1740 5127 1961 5200 Meerm.
2015 5128 2248 5200 Scrimg.
2283 5123 2601 5200 rrapdz,__Ecl.
2650 5121 2778 5200 διὲι..Δ
2821 5120 2872 5200 1"
2904 5118 3023 5200 _Ecl.
3066 5117 3332 5200 καίτριγε.
3406 5114 3572 5200 ’f'Sie
3616 5114 3729 5167 Erl.

471 5200 665 5270 Zuich.
694 5196 751 5253 et
782 5200 1003 5259 Meerm.
1030 5204 1168 5269 μετὰ
1198 5202 1370 5254 ταῦτα
1396 5200 1728 5270 παραλόγου.
1768 5199 2002 5270 Scrimg.
2028 5216 2085 5268 μ.
2116 5198 2295 5270 ταῦτα
2324 5196 2651 5270 παράλογον.

930 5252 1088 5340 μένον
1212 5252 1581 5324 ΠηνΝοιιηῖιΗί
1614 5252 1825 5340 Ιξςίοῧάὶ
1854 5252 2041 5340 (ξοιῖῖΙ.’
2062 5270 2199 5340 μετά
2230 5268 2337 5340 τῶν
2372 5252 2846 5337 ἐσφραγισμένων.
2918 5258 2964 5291 ⁸³
2984 5257 3081 5314 Est
3108 5256 3222 5310 Ecl.
3259 5254 3389 5308 Nov.
3418 5252 3488 5307 9.6
3522 5264 3577 5307 et
3612 5255 3731 5307 lau—

470 5272 508 5301 ⁴⁸¹
546 5269 662 5322 Ecl.
695 5271 790 5323 καὶ
825 5271 899 5339 μὴ

2736 5191 2778 5222 ⁸ο
2821 5188 3011 5244 Zuich.
3074 5195 3129 5241 et
3164 5186 3382 5240 Mearm.
3415 5184 3732 5252 άξιώμενοι.

469 5341 631 5393 datur
662 5340 805 5410 apud
826 5336 1017 5396 llarm.
1050 5342 1143 5396 lib.
1173 5358 1224 5409 ν,
1246 5343 1331 5396 tit.
1371 5342 1421 5408 l,
1455 5356 1573 5410 pag.
1604 5339 1729 5394 555.
1753 5336 1767 5338 “
1793 5338 1837 5369 ⁸⁸
1865 5336 2097 5408 Scriiitg.
2123 5338 2364 5392 ἔσεσθαι.

1983 5453 2219 5509 NOTAE.

548 5545 624 5615 (5)
642 5547 708 5601 Et
744 5549 817 5602 ita
839 5547 929 5615 jus
950 5554 1109 5603 vetus
1146 5549 1460 5616 abrogatur,
1482 5561 1593 5615 quo
1617 5544 2046 5614 subscriptiones

477 5620 699 5687 testium
730 5633 1033 5687 eommquc
1065 5619 1353 5685 signacula
1384 5618 1827 5685 requirebautur.

547 5686 768 5755 ((3)01im
803 5685 1189 5749 constitutum,
1224 5697 1282 5739 ut
1306 5688 1529 5741 litterati
1578 5695 1745 5740 testes
1775 5701 1875 5753 pro
1915 5685 2046 5737 illit-

478 5756 672 5812 tcratis
710 5758 1171 5827 subscriptionem
1222 5758 1657 5823 interponerent,
1699 5757 1735 5811 l.
1771 5756 1867 5811 ult.
1902 5770 2043 5809 vers.

2154 5547 2210 5599 Si
2245 5556 2375 5597 vero
2396 5558 2561 5605 unus,
2594 5551 2687 5595 aut
2722 5542 2830 5597 duo
2864 5544 2945 5596 vel
2987 5542 3168 5610 plures
3222 5537 3467 5600 litterati,
3495 5534 3628 5590 Cod.
3661 5531 3732 5587 Dt’

2154 5623 2369 5669 testam.
2401 5614 2545 5679 quod
2570 5612 2671 5664 hac
2699 5611 2833 5664 Nov.
2869 5614 3187 5665 remittitur.

2224 5684 2363 5753 (7-8)
2396 5685 2421 5752 ς
2450 5682 2503 5735 ‘2.
2538 5679 2672 5735 Inst.
2702 5680 2774 5736 De
2799 5690 3021 5735 testam.
3052 5682 3231 5737 ordiu.
