4048 6484
370 356 473 420 527

1630 358 1906 417 LEONLS
1934 358 2398 421 PHILOSOPHI
3518 356 3625 419 528

374 470 531 535 citer,
563 467 656 524 sed
684 483 749 522 ne
772 467 848 538 (9)
880 466 1053 537 ignari
1115 466 1420 521 litterarum
1453 472 1623 523 testes
1654 477 1862 533 essent,
1893 470 1941 525 si

2061 470 2359 540 μαρτυρίαν
2400 467 2877 537 κατατιθεμένους.
2918 466 2968 519 εί
3005 466 3050 499 ⁸⁸
3080 466 3139 519 ἐν
3171 466 3391 521 πόλεσιν
3437 466 3628 537 εἴησαν

375 560 599 631 quidem
623 560 675 613 in
710 558 1047 622 civitatibus,
1085 559 1180 613 ubi
1236 574 1341 612 non
1376 558 1486 614 fere
1523 560 1821 628 peritorum
1858 576 1944 629 pe-

373 651 533 705 nuria
589 658 694 715 est,
751 656 1081 703 testamenta
1134 649 1278 703 facta
1304 651 1415 705 sint
1461 669 1473 704 :
1537 653 1630 704 sed
1668 654 1713 705 si
1749 651 1944 707 aliisin

373 739 509 792 locis
534 738 587 791 in
619 737 819 807 quibus
851 737 1160 791 litterarum
1190 739 1370 792 studia
1403 738 1814 809 disciplinaque
1836 757 1944 795 non

371 827 663 881 admodum
695 827 909 882 usitatae
965 837 1116 891 sunt,
1187 829 1300 882 illic
1331 830 1549 882 testium
1602 847 1709 884 non
1757 841 1948 887 exacte

374 920 667 973 haberetur
697 921 838 973 ratio
867 938 880 974 :
916 935 1092 989 neque
1142 919 1217 975 illi
1264 922 1366 974 soli
1422 921 1514 988 qui
1543 922 1609 975 ad
1641 924 1946 977 litterarum

375 1008 616 1063 studium
652 1010 867 1064 educati
898 1020 1049 1075 sunt,
1080 1020 1480 1080 quaererentur,
1511 1013 1606 1068 sed
1640 1016 1705 1066 ad
1739 1022 1947 1069 testan-

371 1102 500 1155 dum
535 1110 592 1154 et
628 1101 936 1156 litterarum
988 1103 1221 1157 rudibus
1250 1104 1437 1160 aditus
1458 1113 1627 1159 esset.
1656 1104 1811 1172 Quod
1844 1108 1948 1161 ita-

370 1208 477 1261 que
517 1193 625 1249 illis
655 1192 711 1246 in
739 1194 903 1256 locis,
954 1194 1009 1247 in
1065 1195 1270 1263 quibus
1324 1194 1605 1250 hominum
1671 1197 1948 1253 scribendi

370 1284 668 1353 peritorum
697 1284 1031 1339 abundantia
1064 1300 1169 1339 non
1198 1294 1302 1350 est,
1344 1286 1428 1340 lex
1472 1288 1587 1342 ﬁeri
1638 1290 1854 1353 statuit,
1898 1289 1971 1343 id-

373 1377 715 1433 consuetudo
773 1376 1031 1431 omnibus
1087 1377 1293 1445 ubique
1350 1378 1489 1432 locis
1523 1386 1577 1433 et
1603 1379 1942 1443 civitatibus,

376 1484 690 1539 quanquam
720 1483 915 1539 magna
947 1468 1231 1523 doctorum
1279 1469 1562 1523 hominum
1595 1473 1750 1541 copia
1784 1482 1949 1537 esset,

379 1559 453 1613 ita
479 1559 655 1616 facere
678 1561 983 1617 volentibus
1004 1561 1303 1615 concessit.
1347 1561 1505 1627 Quod
1542 1578 1674 1617 sane
1697 1572 1751 1617 et
1777 1566 1955 1633 impe-

381 1652 601 1707 ratoria:
626 1662 829 1706 nostra:
854 1651 1128 1721 maiestati
1150 1654 1328 1722 legum
1358 1654 1687 1709 auctoritate
1718 1652 1951 1725 dignam-

380 1742 509 1797 dum
528 1758 649 1798 esse
671 1743 896 1812 placuit.

453 1831 746 1888 Sancimus
775 1833 944 1905 igitur
973 1843 1030 1887 ut
1049 1851 1359 1905 quocunque
1394 1838 1448 1892 in
1485 1837 1606 1891 loco
1632 1846 1689 1892 et
1713 1838 1954 1904 civitate,

378 1924 543 1978 etiam
566 1924 679 1994 (10)
720 1925 789 1979 ab
847 1925 1120 1996 imperitis
1178 1936 1506 1983 testamenta
1540 1930 1956 1997 conﬁrmentur,

382 2014 680 2068 dummodo
718 2029 900 2071 mores
942 2016 1163 2071 testium
1220 2016 1377 2072 [idem
1426 2029 1763 2074 mereantur.
1815 2022 1957 2089 Quin

381 2110 742 2158 etnumernm
787 2119 893 2159 non
958 2106 1135 2160 solum
1168 2107 1234 2161 ad
1264 2108 1509 2179 quinque
1556 2114 1958 2176 contrahimus,

381 2192 477 2247 sed
509 2193 578 2247 iis
604 2194 656 2247 in
684 2194 817 2247 locis
845 2195 899 2249 in
934 2196 1135 2264 quibus
1166 2211 1323 2253 raros
1351 2199 1457 2253 title
1489 2200 1683 2271 dignos
1736 2204 1958 2273 prodire

383 2292 618 2349 constat,
650 2296 761 2342 tres
802 2286 913 2355 (11)
953 2303 1173 2357 quoque
1214 2288 1448 2356 admitti,
1480 2308 1543 2348 ac
1581 2294 1957 2351 testimonium

384 2375 603 2431 illorum
625 2392 732 2431 non
772 2379 1053 2447 reprohari
1085 2382 1356 2437 volumus.

740 2553 1209 2613 CONSTITUTIO
1259 2560 1374 2631 (ιε)
1412 2561 1594 2616 xuv.

490 2644 738 2713 Aquibm
794 2647 906 2718 (l3)
943 2649 1217 2719 obsignari
1246 2661 1565 2709 testamenta
1583 2670 1847 2725 oporteat.

455 2733 602 2791 Idem
636 2738 931 2807 imperator
956 2742 1130 2796 eidem
1169 2742 1436 2813 Styliano.

451 2826 586 2881 Cum
608 2843 797 2884 omnes
832 2830 923 2885 alii
966 2832 1249 2889 hominum
1292 2846 1449 2893 artus
1489 2855 1553 2894 ac
1597 2845 1808 2911 negotia
1839 2862 1959 2917 qua:

386 2920 442 2973 in
477 2918 683 2974 litteras
728 2919 1067 2987 referuntur,
1126 2929 1433 2983 necessario
1495 2934 1837 3003 exquisitum
1873 2947 1955 2994 te-

386 3011 627 3065 stimonii
691 3011 997 3069 subsidium
1052 3018 1335 3086 requirant
1391 3039 1402 3075 :
1457 3031 1569 3078 tum
1608 3030 1842 3086 maxime
1903 3032 1955 3086 id

387 3098 621 3165 faciunt,
668 3115 788 3170 quae
828 3104 1082 3163 homines
1127 3083 1324 3167 natura
1368 3129 1465 3168 sua
1528 3118 1593 3172 ad
1664 3119 1951 3178 interitum
1985 3083 2029 3143 ϐ

392 3196 673 3257 vergente,
701 3191 1065 3265 discessuque
1098 3214 1128 3251 e
1156 3214 1324 3257 carne
1368 3204 1689 3264 imminente
1756 3212 1959 3271 litteris

387 3288 696 3347 exponunt,
727 3283 810 3337 his
845 3286 897 3338 in
938 3287 1059 3356 ipso
1086 3305 1119 3343 e
1153 3291 1261 3345 vita
1286 3309 1517 3351 excessu
1548 3303 1786 3359 rationes
1816 3320 1946 3363 suas

387 3377 441 3423 et
470 3372 1263 3454 voluntatemcommittentes.
1287 3385 1417 3450 Quae
1448 3390 1594 3443 enim
1628 3392 1773 3449 inter
1805 3397 1960 3454 vivos

386 3462 698 3551 conscripta
725 3448 874 3532 sum,
904 3485 1219 3541 quanquam
1269 3477 1556 3550 obsignata
1595 3486 1728 3551 sint,
1760 3489 1961 3544 nihilo-

386 3549 570 3604 minus
619 3560 802 3608 tamen
845 3556 1066 3613 illorum
1104 3562 1231 3617 vitia
1260 3579 1323 3619 ex
1373 3549 1668 3626 verborum
1697 3549 1817 3645 ejus
1864 3581 1957 3647 qui

387 3642 628 3710 scripsit,
666 3660 967 3717 eorumque
1001 3652 1069 3707 de
1103 3655 1303 3723 quibus
1338 3661 1602 3731 scriptum
1638 3642 1957 3725 confectum

386 3739 491 3793 est,
539 3736 946 3793 examinatione
1010 3742 1515 3813 deprehenduntur.
1569 3754 1700 3821 Qua:
1741 3775 1874 3814 vero
1929 3778 1957 3815 a

386 3821 750 3881 morientibus
796 3832 1003 3900 scripto
1056 3837 1489 3903 constituuntur.
1523 3860 1591 3898 ea
1652 3863 1711 3902 se
1772 3852 1956 3908 minus

386 3920 534 3969 recte
562 3916 783 3985 habere,
813 3922 858 3976 si
899 3926 1112 3980 nullum
1147 3940 1358 3984 certum
1393 3936 1614 3991 testium
1644 3941 1958 4014 snﬂ'ragium

384 4006 549 4070 adsit,
576 4010 916 4082 impossibile
966 4020 1149 4076 dicere
1207 4034 1309 4080 est.
1344 4012 1545 4085 verum
1592 4006 1870 4092 enimvero
1909 4049 1963 4094 et

385 4096 477 4152 hic
502 4108 737 4198 tralatos
783 4107 942 4179 longe
971 4113 1174 4181 optime
1199 4130 1230 4169 a
1269 4118 1581 4189 legislature
1612 4129 1961 4198 conscriptus

384 4198 491 4288 est,
516 4190 645 4246 dum
674 4210 817 4266 sa’pe
852 4208 1307 4262 testamentorum
1338 4218 1503 4268 testes
1543 4215 1609 4268 ad
1669 4190 1960 4288 jusjuran-

384 4278 512 4333 dum
541 4284 683 4376 adigi
718 4289 934 4352 nolens,
971 4292 1077 4349 illis
1108 4310 1307 4354 census
1340 4301 1456 4371 (14)
1516 4278 1777 4376 magistri.
1815 4328 1961 4369 nunc

2054 560 2112 610 at
2142 558 2410 623 διατάξεις
2443 558 2840 628 πεποιημέναι,
2872 558 2927 609 ὲν
2970 550 3058 619 αἷς
3104 556 3203 609 οὐκ
3232 556 3380 610 ἐστιν
3426 558 3631 628 ἀπορία

2054 650 2400 719 γραμμάτων
2423 665 2438 680 ο
2474 651 2531 702 ἐν
2557 652 2676 711 ταῖς
2707 649 2894 709 ἄλλαις
2923 647 2979 701 δὲ
3005 646 3235 718 χώραις,
3277 643 3337 702 οῦ
3370 651 3446 720 μὴ
3486 652 3630 703 πάνυ

2053 743 2123 793 τά
2149 744 2249 811 τῆς
2295 739 2542 804 παιδείας
2572 740 2668 793 καὶ
2693 739 2981 809 μαθήσεως
3014 740 3390 811 ἐπιχωριάζει,
3419 743 3536 794 ἐκεῖ
3562 744 3631 795 τὰ

2054 831 2163 885 τῶν
2197 828 2490 901 μαρτύρων
2556 827 2630 897 μὴ
2686 827 3179 897 ἀκριϐολογεῖσθαι,
3244 829 3380 899 μηδὲ
3437 831 3633 899 μόνους

2056 923 2298 984 ἐκείνους
2346 921 2644 990 ἐπιζητεῖν,
2695 920 2745 971 οἳ
2788 919 2876 973 διὰ
2928 920 3175 983 παιδείας
3207 921 3473 992 ήχθησαν,
3517 923 3633 975 ἀλλ’

2057 1012 2198 1069 εἶναι
2231 1012 2368 1082 πρὸς
2416 1011 2479 1064 τὸ
2512 1012 2809 1081 μαρτυρεῖν
2878 1010 3081 1064 εἴσοδον
3139 1013 3234 1065 καὶ
3287 1013 3636 1082 γραμμάτων

2055 1103 2508 1176 ἀμνημονεύτοις.
2540 1102 2710 1155 Τοῦτο
2729 1102 2828 1172 μὲν
2858 1102 2974 1166 οὖν,
3001 1104 3138 1172 ὅπερ
3162 1104 3190 1156 ό
3220 1103 3388 1172 νόμος
3411 1103 3632 1172 διώριζε

2060 1198 2248 1265 μόναις
2276 1195 2323 1226 ⁸⁸
2351 1192 2597 1261 γίνεσθαι
2626 1194 2855 1263 χώραις,
2884 1193 2943 1246 ὲν
2984 1187 3074 1256 αἷς
3099 1196 3199 1248 οὐκ
3228 1194 3376 1248 ἔστιν
3411 1195 3637 1265 εὐθηνία

2057 1291 2421 1362 γραμμάτων,
2463 1289 2498 1359 ὴ
2529 1288 2789 1357 συνήθεια
2835 1289 3108 1359 πανταχοῦ
3137 1288 3393 1342 λαϐοῦσιν
3434 1288 3640 1342 ἔδωκεν

2058 1383 2394 1455 πράττεσθαι
2424 1383 2518 1435 καὶ
2544 1381 2731 1443 τόποις
2778 1380 2874 1433 καὶ
2917 1381 3158 1447 πόλεσιν,
3199 1381 3301 1435 κᾶν
3330 1381 3418 1435 διὰ
3461 1382 3638 1451 μαθή-

2061 1490 2199 1534 σεως
2244 1470 2691 1539 πεπαιδευμένων
2731 1468 2941 1537 ἀνδρῶν
2968 1463 3103 1522 ὦσιν
3143 1468 3389 1539 εὔποροι.
3438 1470 3504 1521 Ὃ
3542 1470 3637 1521 καὶ

2058 1565 2123 1632 τῇ
2150 1562 2399 1632 βασιλεία
2420 1560 2578 1629 ήμῶν
2598 1559 2833 1630 ἀρέσκον
2855 1559 3011 1630 ῶφθη
3032 1562 3125 1613 καὶ
3150 1561 3330 1631 νόμων
3356 1559 3637 1625 ἀξιοῦσθαι

2059 1654 2156 1723 τῆς
2187 1650 2552 1721 βεὸαιώσεως.

2128 1829 2467 1900 Θεσπίζομεν
2497 1828 2542 1861 ⁸⁷
2571 1828 2771 1890 τοίνυν,
2800 1829 2858 1882 ὲν
2882 1828 3030 1901 πάσῃ
3049 1828 3202 1901 χώρα
3239 1829 3332 1883 καὶ
3364 1829 3518 1882 πόλει
3546 1830 3639 1883 καὶ
3734 1844 3743 1854 ·

2059 1922 2152 1976 ὑπ’
2200 1922 2428 1990 ἀμαθῶν
2462 1920 2763 1991 κυροῦσθαι
2820 1920 2920 1983 τὰς
2953 1921 3240 1990 διαθήκας,
3283 1923 3332 1976 εί
3384 1922 3543 1992 μόνον
3574 1924 3640 1976 ὲκ

2057 2014 2152 2068 τοῦ
2169 2015 2374 2084 τρόπου
2413 2014 2476 2065 τὸ
2503 2012 2819 2078 ἀξιόπιστον
2849 2013 2899 2064 oi
2941 2014 3216 2084 μάρτυρες
3246 2013 3636 2083 ἀποφέρονται.

2060 2107 2171 2159 Καὶ
2211 2105 2304 2159 τὸν
2352 2104 2585 2174 ἀριθμὸν
2622 2104 2680 2156 δὲ
2712 2105 2772 2155 ού
2808 2104 2968 2174 μόνον
3010 2104 3140 2173 ἄχρι
3182 2105 3293 2157 τῶν
3332 2105 3491 2157 πέντε
3539 2122 3639 2157 πε-

2063 2194 2390 2265 ριορίζομεν,
2418 2193 2533 2246 ἀλλ’
2561 2194 2619 2245 έν
2646 2192 2851 2256 τόποις,
2882 2188 2940 2245 ἐν
2965 2188 3067 2257 οἷς,
3101 2192 3174 2256 ὡς
3211 2192 3378 2255 εἰκὸς,
3400 2191 3639 2260 συμϐαί-

2060 2304 2139 2340 νει
2170 2287 2216 2319 ⁸⁸
2247 2286 2443 2339 σπάνιν
2472 2284 2683 2355 ἀνδρῶν
2714 2286 2793 2347 εἰς
2837 2283 3148 2353 μαρτυρίαν
3179 2283 3349 2347 ἀξίων
3391 2282 3639 2345 εἰσιέναι,

2061 2378 2156 2431 καὶ
2194 2378 2357 2447 μέχρι
2382 2375 2551 2447 τριῶν
2586 2376 2859 2444 φθάνοντα
2883 2376 2942 2429 τὸ
2965 2375 3327 2429 εὐαπόδεκτον
3352 2373 3518 2444 ἔχειν,
3546 2376 3639 2430 καὶ

2061 2467 2199 2526 εἶναι
2231 2471 2540 2541 ἀθετήσεως
2573 2474 2809 2541 κρείττω
2836 2471 2936 2541 τὴν
2962 2471 3298 2540 μαρτυρίαν.

2582 2567 2890 2619 ΔΙΑΤΑΞΙΣ
2949 2567 3057 2619 MA'
3088 2565 3154 2619 θ’.

2065 2659 2231 2727 Παρὰ
2256 2661 2439 2713 τινων
2463 2656 2993 2727 ἐπεσφραγίζεσθαι
3021 2655 3117 2709 δεῖ
3161 2656 3269 2721 τὰς
3331 2653 3637 2721 διαθήκας.

2143 2752 2203 2806 Ὀ
2235 2751 2396 2813 αὐτὸς
2425 2750 2677 2821 βασιλεὺς
2714 2749 2993 2818 Στυλιανῷ
3021 2749 3099 2817 τῷ
3126 2748 3295 2817 αὐτῷ.

2134 2845 2249 2897 Καὶ
2287 2844 2467 2898 πάντα
2499 2843 2599 2912 μὲν
2627 2842 2761 2897 ἄλλα
2792 2843 2894 2895 ὅσα
2930 2844 3116 2912 γραφῇ
3159 2838 3640 2910 πραγματεύονται

2062 2938 2378 3008 ἄνθρωποι,
2430 2935 2748 3002 ἀναγκαίως
2810 2932 3059 3003 ἐπιζητεῖ
3126 2932 3225 3003 τὴν
3289 2931 3492 3001 ἀκριϐῆ
3541 2930 3640 2998 τῆς

2065 3027 2373 3098 μαρτυρίας
2401 3026 2772 3096 παράστασιν,
2812 3023 3049 3093 μάλιστα
3086 3022 3144 3075 δὲ
3176 3025 3380 3088 ἐκεῖνα,
3416 3023 3515 3075 ὅσα
3539 3020 3641 3089 τῆς

2062 3116 2413 3188 ἀνθρωπίνης
2444 3116 2696 3179 πλάσεως
2748 3116 2828 3176 είς
2861 3113 3108 3167 διάλυσιν
3154 3113 3368 3183 ὁρώσης
3411 3114 3505 3165 καὶ
3540 3112 3640 3180 τῆς

2062 3212 2125 3263 ὲκ
2162 3206 2254 3260 τοῦ
2291 3206 2516 3277 σαρκίου
2545 3204 2963 3276 παρισταμένης
3004 3203 3269 3272 ἐκδημίας
3312 3202 3642 3273 γράμμασιν

2062 3297 2394 3363 ἐκτιθέντες,
2423 3296 2637 3359 τούτοις
2674 3296 2802 3358 τοὺς
2840 3294 3051 3349 ἑαυτῶν
3094 3293 3385 3364 λογισμοὺς
3430 3295 3645 3362 ἀναχω-

2065 3390 2288 3461 ροῦντες
2318 3388 2427 3442 τῶν
2474 3387 2835 3457 ἀνθρωπίνων
2879 3385 3393 3441 καταπιστεύουσιν.
3434 3386 3502 3437 "A
3542 3385 3641 3454 μὲν

2062 3484 2170 3554 γὰρ
2201 3483 2283 3536 ἔτι
2318 3482 2618 3550 περιόντων
2648 3483 2706 3533 ὲν
2733 3480 2834 3550 βίῳ
2876 3480 3116 3550 ἐγράφη,
3146 3474 3308 3549 κᾶνῇ
3357 3478 3404 3509 ⁸ο
3434 3479 3643 3547 ἐσφρα-

2062 3577 2323 3647 γισμένα,
2352 3574 2563 3628 τούτων
2591 3574 2844 3643 φωρᾶται
2876 3571 2946 3624 τὰ
2983 3570 3279 3641 σφάλματα
3309 3573 3373 3623 ὲκ
3408 3568 3509 3639 τῆς
3532 3568 3642 3621 τῶν

2061 3668 2239 3735 λόγων
2288 3666 2689 3731 συνεξετάσεως
2739 3661 2904 3716 αὐτοῦ
2944 3679 3003 3715 τε
3050 3661 3145 3714 τοῦ
3190 3658 3497 3731 γράψαντος
3545 3659 3641 3712 καὶ

2061 3756 2194 3818 τῶν,
2221 3756 2347 3826 περὶ
2389 3749 2465 3808 ὧν
2512 3754 2612 3822 τὴν
2662 3754 2883 3823 γραφὴν
2913 3752 3211 3821 ἐποιήσατο
3262 3751 3305 3787 ⁵⁸
3331 3766 3345 3779 ·
3390 3749 3425 3804 ἀ
3458 3749 3512 3802 δὲ
3543 3749 3642 3818 τῆς

2062 3847 2411 3918 ἀνθρωπίνης
2443 3844 2589 3914 ζωῆς
2632 3845 2906 3898 ἀπιόντων
2933 3842 3309 3909 διατυποῦται,
3336 3841 3512 3896 ταῦτα
3540 3842 3642 3893 οὐκ

2064 3942 2131 3993 ἃν
2233 3938 2451 4008 φαύλως
2493 3939 2689 4007 ἔχοντα
2721 3933 3086 4004 καταμαθεῖν,
3126 3937 3172 3987 εἰ
3206 3934 3280 4005 μὴ
3314 3936 3465 4004 παρῇ
3516 3933 3642 4004 ήὲκ

2062 4031 2171 4085 τῶν
2195 4030 2489 4102 μαρτύρων
2519 4026 2766 4097 ἀσφαλὴς
2790 4026 2990 4097 ψῆφος.
3030 4026 3190 4078 Ἀλλά
3208 4027 3317 4094 γὰρ
3347 4024 3568 4094 ἄριστον
3593 4023 3641 4055 ⁵⁵

2067 4122 2161 4177 καὶ
2190 4121 2350 4175 τοῦτο
2372 4120 2432 4173 τδ
2461 4119 2625 4190 μέρος
2650 4119 2727 4190 τῷ
2768 4117 3033 4187 νομοθέτῃ
3076 4117 3444 4179 διατέτακται,
3476 4118 3533 4168 ὲν
3558 4109 3642 4177 οἷς
3754 4144 3763 4147 -

2066 4213 2388 4284 βουλόμενος
2418 4211 2493 4282 μὴ
2523 4211 2602 4271 είς
2631 4210 2875 4277 ἀνάγκην
2906 4210 3085 4279 ὅρκων
3126 4207 3173 4239 ³³
3216 4205 3475 4268 πολλάκις
3509 4204 3643 4258 καθ-

2071 4304 2320 4357 ίστασθαι
2364 4302 2493 4364 τοὺς
2547 4300 2965 4371 μαρτυροῦντας
3013 4300 3130 4361 ταῖς
3196 4297 3526 4365 διαθήκαις,
3578 4296 3641 4347 τὸ

385 4375 655 4467 generalis
686 4377 798 4467 (l5)
830 4384 1156 4455 appellatur,
1215 4391 1395 4461 sigillo
1432 4375 1954 4463 parariilirmitatem

2068 4395 2285 4467 βέϐαιον
2317 4393 2487 4455 αὑτὰς
2532 4390 2744 4445 κελεύει
2777 4389 3035 4461 σφραγῖδι
3069 4388 3390 4459 πορίζεσθαι
3418 4386 3511 4441 τοῦ
3539 4389 3638 4440 λα-

384 4458 561 4559 jubet.
605 4462 816 4559 Etenim
856 4471 1002 4536 quod
1036 4458 1291 4543 tanquam
1318 4458 1487 4536 levem
1532 4496 1956 4559 promptumque

2061 4487 2240 4557 χόντος
2268 4485 2369 4554 τὴν
2398 4482 2506 4535 τῶν
2537 4483 2752 4550 κήνσων
2794 4480 3139 4542 ἐπιστασίαν,
3186 4479 3243 4541 ὃς
3269 4479 3363 4530 νῦν
3406 4480 3505 4547 τὴν
3543 4478 3637 4530 τοῦ

383 4554 451 4602 ad
478 4550 776 4650 iii-trandum
803 4559 1011 4615 aditum
1046 4580 1154 4620 non
1176 4571 1397 4637 praebet.
1432 4550 1743 4648 insigniqu'e
1774 4550 1957 4650 sigillo

384 4641 655 4712 ambiguis
696 4653 1036 4705 testamentis
1072 4655 1312 4726 vigorem
1347 4641 1669 4730 tribuendo,
1710 4678 1770 4722 ut
1802 4641 1957 4739 jura-

2056 4575 2276 4646 γενικοῦ
2304 4572 2682 4646 προσηγορίαν
2706 4570 3066 4642 ἀποφέρεται.
3102 4571 3211 4624 Καὶ
3241 4570 3349 4640 γάρ
3381 4570 3441 4622 τὸ
3489 4568 3535 4602 ⁸⁸
3561 4570 3637 4639 μὴ

2056 4671 2242 4741 ὥσπερ
2270 4667 2478 4738 ὁμαλὴν
2506 4666 2601 4720 καὶ
2632 4665 2852 4735 ἕτοιμον
2900 4666 2958 4717 ὲν
3010 4666 3123 4725 τοῖς
3151 4665 3336 4733 ὅρκοις
3374 4664 3640 4734 παρέχειν

383 4743 567 4789 menta
612 4741 1064 4811 reprimerentur,
1107 4746 1266 4803 fecit:
1310 4767 1370 4805 ea
1409 4769 1541 4809 sane
1575 4773 1662 4813 res
1719 4770 1773 4814 et
1824 4776 1955 4830 pru—

2061 4762 2154 4831 τὴν
2186 4760 2409 4822 εἴσοδον,
2433 4756 2548 4812 ἀλλ’
2570 4756 2828 4827 ἐπισήμῳ
2854 4756 3114 4826 σφραγῖδι
3137 4759 3256 4819 ταῖς
3282 4757 3327 4789 ⁸⁸
3350 4756 3639 4827 διαθήκαις

1333 4845 1336 4849 ’
1655 4849 1891 4908 VARle
1939 4851 2336 4908 LECTIONES.

456 4922 500 5014 τι
536 4922 609 4975 Ita
629 4922 817 5014 leid}.
854 4939 909 5014 et
927 4930 1147 5014 licerm.
1185 4936 1417 5014 §c_r_img.
1459 4944 1571 5014 καὶ.
1641 4944 1686 4975 ιθ
1723 4943 1911 5013 Steph.
1934 4948 2048 4999 vult
2081 4948 2140 4997 ὲν
2178 4945 2388 5014 μόναις.
2414 5012 2423 5014 _
2446 4942 2489 4972 ‘7
2516 4940 2631 5014 ln_c.
2670 4938 2891 5014 Eclgga.

383 4993 609 5086 ξριᾼίν-ε-ιν.
672 4995 1040 5086 :iiLandatur
1070 5008 1209 5086 apud
1248 4993 1433 5086 Hal-iit.
1455 4993 1649 5086 μυί-ν,
1676 4993 2626 5086 ιίὶ’ἱ“ξ”ριέέ’.’’δὲὲιῖήεοιιξέιῇψκᾷν

386 5063 991 5156 ἓεὲιὶιὲἱιξπριήσαγτο
1054 5063 1293 5143 prtefert.
1376 5080 1421 5111 ⁸³
1452 5063 1649 5152 Steph:
1797 5063 2231 5156 ’ἀῇέᾶἑομ

385 5133 431 5165 ⁸⁸
468 5131 703 5203 Scrimg.
732 5131 956 5202 διτταῖς.

2986 4939 3032 5022 ⁸2
3066 4940 3181 4995 Ecl.
3218 4950 3269 4993 et
3293 4940 3463 5022 Blast.
3498 4959 3638 5022 συμτ

2343 5012 2484 5064 lulitn
2521 5010 2626 5061 κᾶν
2661 5010 2734 5078 μὴ
2765 5010 2820 5081 ᾗ.
2920 5010 2963 5040 ⁵¹
3001 5012 3205 5080 Spang.
3234 5027 3297 5063 ex
3358 5010 3549 5064 Zuich.
3585 5019 3638 5064 et

2343 5082 2386 5113 ⁵³
2412 5078 2606 5134 Zuich.
2632 5086 2685 5131 et
2722 5078 2945 5136 Meerm.
2978 5080 3166 5150 ὅρκου.
3237 5081 3283 5113 ⁸⁵
3310 5080 3486 5134 Codd.
3515 5080 3635 5151 τὴν.

2458 5094 2606 5133 utcn.
2632 5094 2685 5131 et
2722 5094 2945 5136 tueerm.
2978 5097 3042 5150 ορ

1906 5218 2138 5273 ΝυΤλΕ.

452 5274 528 5409 (9)
550 5273 611 5331 D.
654 5291 800 5333 vers.
825 5279 881 5332 Si
917 5294 1062 5335 vero.

480 5344 565 5409 10)
592 5346 903 5409 Ahrogatnr
926 5348 980 5402 d.
1013 5367 1062 5403 ν(

480 5344 565 5415 10)
592 5346 903 5415 Abrogatur
926 5348 980 5402 d.
1013 5366 1155 5405 vers.
1190 5351 1245 5405 Si
1272 5369 1414 5408 vero.

592 5414 802 5495 Iri-ove”.
835 5419 922 5481 41,
957 5434 1000 5495 _s.
1034 5420 1085 5495 5.
1122 5420 1375 5475 Harmon.
1412 5423 1513 5495 l,§
1546 5427 1631 5479 11.

455 5484 565 5559 (12)
600 5484 775 5559 linjus
797 5490 1209 5559 constitutionis
1231 5484 1693 5548 meminitvﬂarm.
1720 5497 1771 5557 5,
1795 5498 1874 5551 tit.
1898 5498 1947 5559 1,

383 5552 538 5621 $12;
598 5552 865 5612 ait'cnim
928 5557 1149 5613 Novella
1224 5559 1423 5617 Leonis
1473 5552 1834 5620 constitutum
1893 5552 1951 5620 ut

389 5630 711 5695 testamenta
746 5642 773 5677 ιι
818 5630 1135 5695 magistratu
1192 5647 1298 5685 non
1336 5634 1546 5695 signata
1584 5636 1820 5689 valeant.
1846 5638 1950 5691 etsi

388 5693 1114 5771 testium“suhsfriptionem
1139 5770 1146 5771 ί
1168 5716 1274 5756 non
1308 5693 1559 5757 habeant.
1589 5706 1726 5758 Puto
1770 5714 1951 5759 tamen

394 5756 570 5812 locum
592 5761 742 5817 illum
763 5756 1150 5828 llarmenenuli
1177 5774 1447 5836 pertinere
1466 5756 1537 5828 ad,
1553 5756 1950 5837 Not-elidite,

2055 5305 2102 5343 s.
2141 5288 2264 5343 eod.

2108 5359 2240 5427 _(l5)
2294 5355 2492 5411 Olima
2531 5358 2796 5425 magistro
2845 5373 3067 5421 census,
3122 5360 3156 5412 Ι.
3221 5359 3310 5415 ‘25.
3360 5356 3494 5412 Cud.
3563 5356 3636 5411 Dc

2061 5439 2189 5482 test.
2216 5428 2374 5482 hodie
2406 5444 2435 5479 a
2467 5436 2742 5498 quaestore
2778 5429 2958 5483 :etita
2986 5446 3133 5498 pars.
3174 5429 3230 5483 d.
3268 5430 3303 5481 Ι.
3333 5430 3423 5493 25,
3467 5429 3630 5482 οῦτοι

2064 5507 2241 5565 gatnr.

2136 5569 2249 5640 (14)
2280 5565 2415 5640 Nov.
2453 5568 2550 5640 ιι,
2576 5582 2625 5622 c.
2661 5570 2711 5631 1,
2744 5567 2772 5640 §
2803 5569 2855 5633 4,
2898 5584 2935 5637 ις
2968 5566 3054 5630 17,
3083 5565 3109 5637 §
3137 5567 3192 5630 Ξ,
3216 5566 3348 5620 Cod.
3382 5568 3454 5621 De
3486 5580 3627 5621 sacr.

2030 5640 2200 5691 _eccl.
2240 5638 2273 5689 I.
2303 5639 2394 5699 25,
2438 5638 2496 5690 (ἶ.
2533 5638 2606 5692 De
2638 5638 2761 5695 test.

2135 5708 2248 5777 (15)
2304 5710 2390 5770 ’ος
2436 5708 2531 5762 νῦν
2594 5710 2689 5764 τοῦ
2744 5707 2963 5777 γενικοῦ
3008 5707 3379 5776 προσηγορίαν
3425 5702 3631 5775 ἀποφέ-

2063 5794 2235 5847 ρεται.
