4048 6462
342 382 445 446 529

1406 386 1767 450 ΝονΕιιΑι
1793 388 2442 453 CONSTITUTIONES

3483 400 3587 463 530

345 498 507 551 δόντα
543 496 609 549 τὸ
634 495 858 566 βέΰαιον
887 495 987 566 τὴν
1016 494 1124 548 τῶν
1156 496 1336 565 ὅρκων
1375 494 1656 564 ὲπίσχεσιν
1689 511 1911 564 προνοη-

2021 495 2327 551 dentissimi
2358 498 2598 564 consilii,
2650 506 2703 553 et
2751 502 3201 570 praestantissima
3241 514 3351 560 est.
3407 507 3588 576 Atque

341 587 501 657 θῆναι
568 583 921 657 ποιήσασθαι,
963 583 1351 638 εὐϐουλότατόν
1399 601 1461 637 τε
1516 584 1612 638 καὶ
1674 584 1915 654 ἄριστον.

340 679 526 733 Ταῦτα
583 675 685 747 μὲν
722 678 816 729 ἐπὶ
859 675 967 729 τῶν
996 675 1266 746 πρόσθεν·
1306 676 1338 745 ἠ
1382 674 1440 728 δὲ
1487 674 1742 744 συνήθεια
1778 677 1916 745 μετά

335 769 515 823 ταῦτα
555 769 647 821 ἐπὶ
692 771 805 830 τοῖς
836 766 1072 837 μάρτυσι
1116 767 1218 837 τὴν
1262 765 1532 836 σφραγῖδα
1562 768 1643 835 τῇ
1685 764 1920 836 διαθήκῃ

337 864 791 934 προσμαρτυρεῖν
824 861 1132 931 μετήγαγεν
1158 860 1388 923 ἐκείνου,
1412 859 1472 922 ὃς
1491 858 1554 929 δὴ
1575 858 1712 928 πρὸς
1743 857 1803 910 τὸ
1821 858 1915 910 τοῦ

338 953 701 1023 κοιαίστωρος
739 950 1094 1021 ἀναὸεὸηκὼς
1138 953 1330 1021 ὁρᾶται
1364 950 1601 1019 ἀξίωμα.
1627 950 1784 1003 Οὕτω
1817 949 1916 1019 μὲν

336 1045 431 1097 καὶ
455 1042 681 1113 τοιαύτη
711 1044 825 1102 τοῖς
861 1042 966 1109 πρὸ
996 1041 1153 1112 ήμῶν
1177 1040 1375 1111 ἀρίστῃ
1409 1040 1678 1109 ἀσφάλεια
1714 1039 1912 1106 ἔδοξεν.

406 1131 503 1199 οἷς
533 1136 794 1204 ἑπόμενοι
826 1133 922 1186 καὶ
958 1134 1140 1203 ἡμεῖς,
1191 1132 1277 1185 ίνα
1324 1131 1525 1201 μᾶλλον
1568 1130 1812 1200 ἀμείνων
1852 1127 1911 1203 ᾖ,

341 1226 637 1296 κελεύομεν
662 1227 728 1295 τῇ
767 1224 866 1294 μὲν
890 1225 1145 1295 σφραγῖδι
1179 1223 1274 1277 τοῦ
1307 1222 1525 1276 ἐπὶτῶν
1548 1223 1764 1291 κήνσων
1785 1220 1916 1273 καθ-

340 1316 631 1385 εστηκότος
660 1314 870 1383 ἀνδρὸς,
908 1314 992 1368 ὅτι
1038 1314 1175 1383 μηδὲ
1230 1315 1482 1383 μέτεστιν
1505 1312 1653 1381 αὐτῷ
1686 1312 1782 1365 νῦν
1817 1313 1917 1380 τῆς

340 1409 450 1461 τῶν
477 1408 660 1478 νόμων
683 1406 1007 1476 ἐπιμελείας
1032 1404 1129 1458 καὶ
1149 1404 1492 1475 διοικήσεως,
1521 1402 1687 1472 μηδέν
1708 1418 1761 1454 τι
1781 1400 1915 1470 πρὸς

336 1500 439 1569 τὴν
478 1498 850 1568 ὲπισήμανσιν
896 1496 1005 1549 τῶν
1086 1494 1357 1566 διαθηκῶν
1408 1498 1649 1563 μετεῖναι
1705 1492 1915 1561 (ὥσπερ

338 1588 460 1642 οὐδὲ
506 1587 960 1657 ἑπισημαίνονταί
1004 1603 1069 1655 γε
1116 1585 1312 1656 ταύτῃ)
1339 1585 1406 1648 ⁸⁸,
1438 1583 1538 1655 τὴν
1569 1582 1627 1636 δὲ
1665 1580 1762 1635 νῦν
1800 1581 1915 1634 ἀντ’

338 1677 557 1747 ἐκείνης
611 1676 1120 1747 ἔπισημαινομένην
1163 1676 1302 1744 αὐτῇ
1334 1674 1379 1705 ⁸⁷
1424 1672 1517 1727 τοῦ
1561 1671 1915 1740 κοιαίστωρος

349 1769 619 1839 σφραγῖδα
659 1768 793 1840 μηδὲ
834 1767 1039 1837 ταύτην
1075 1767 1233 1837 μόνον
1270 1762 1683 1835 ὲπισφραγίζειν
1706 1762 1774 1815 τὰ
1802 1762 1915 1815 δια-

2020 581 2126 636 hoc
2181 583 2405 652 quidem
2448 585 2688 640 obtlnuit
2751 587 2906 643 olim.
2982 589 3335 645 Postmodum
3401 602 3584 648 autem

2018 674 2361 729 consuetudo
2391 675 2441 729 id
2502 678 2757 743 mutavit,
2810 687 2873 733 ut
2928 695 3092 749 supra
3135 683 3315 751 ltestes
3345 684 3465 754 eius
3493 686 3587 752 qui

2019 766 2086 819 ad
2107 768 2397 836 quaestoris
2424 769 2744 838 dignitatem
2801 772 3139 840 pervenisset
3173 814 3188 838 ,
3223 775 3463 843 sigillum
3498 785 3584 831 te-

2020 867 2291 915 stamento
2322 861 2694 917 testimonium
2729 864 2917 919 ferret.
2952 864 3017 918 Et
3045 867 3263 935 quidem
3298 868 3389 922 illa
3419 870 3585 924 etiam

2020 952 2367 1007 conﬁrmatio
2394 953 2695 1023 majoribus
2726 956 2928 1011 nostris
2962 958 3169 1025 optima
3222 959 3336 1014 visa
3373 967 3476 1014 est.

2090 1124 2237 1189 Quos
2253 1132 2307 1180 et
2329 1140 2428 1182 nos
2448 1139 2762 1197 sequentes,
2791 1144 2899 1199 quo
2926 1129 3017 1183 illa
3046 1129 3276 1184 validior
3300 1131 3390 1192 sit,
3415 1130 3579 1199 jube-

2019 1228 2164 1279 mus,
2193 1226 2249 1268 ιιι
2279 1216 2395 1287 (16)
2422 1218 2607 1288 sigillo
2640 1219 2891 1289 magistri
2926 1221 3300 1289 census(quod
3337 1236 3485 1275 nunc
3518 1224 3586 1275 ad

2018 1304 2167 1359 illum
2196 1322 2373 1377 neque
2407 1308 2587 1377 legum
2614 1324 2770 1371 cura,
2802 1326 2978 1379 neque
3032 1311 3437 1366 administratio
3460 1326 3585 1380 per-

2016 1396 2210 1465 tineat)
2239 1395 2373 1450 nihil
2411 1412 2640 1463 prorsus
2708 1401 2764 1453 in
2805 1400 3187 1469 obsignatione
3233 1409 3586 1455 testamento-

2015 1487 2294 1555 rumjuris
2325 1502 2425 1541 nec
2460 1491 2774 1543 commercii
2807 1491 2877 1543 sit
2898 1490 3382 1560 (quemadmodum
3410 1508 3587 1561 neque

2015 1594 2165 1633 nunc
2192 1579 2247 1632 id
2278 1580 2371 1633 illa
2404 1579 2702 1651 obsignat),
2736 1581 2830 1636 sed
2862 1597 2961 1651 pro
2994 1584 3104 1653 (18)
3178 1583 3271 1637 illo
3297 1584 3586 1653 quastoris

2015 1671 2257 1738 sigillum
2281 1671 2552 1741 obsignet.
2610 1672 2797 1742 Neque
2849 1688 2980 1727 vero
3034 1674 3137 1729 hoc
3193 1676 3370 1730 solmn
3422 1686 3589 1731 testa-

2015 1770 2199 1817 menta
2264 1763 2517 1831 obsignct
2556 1780 2572 1816 :
2608 1764 2998 1818 .verumetiam
3052 1766 3585 1834 magniﬁcentissimi

337 1834 734 1928 τελιύπιυμέν-α,⁷
768 1856 905 1911 ἀλλά
950 1834 1048 1911 καὶ
1078 1834 1220 1918 ’τοὺς
1292 1834 1911 1925 μεγαλοπρεπεστάτους

2014 1853 2191 1907 nostri
2231 1853 2477 1922 magistri
2537 1860 2593 1908 et
2630 1854 2867 1922 patricii.
2909 1855 3153 1925 prtel'ecti
3198 1856 3351 1911 urbis
3390 1858 3582 1920 etiam,

336 1950 494 2017 ἡμῶν
516 1950 853 2020 μαγίστρους
885 1948 981 2001 καὶ
1009 1945 1334 2018 πατρικίους
1350 1945 1444 1999 καὶ
1471 1944 1562 1997 τὸν
1582 1942 1681 2013 τῆς
1707 1942 1911 2003 πόλεως

2019 1944 2221 2013 aliique
2246 1944 2339 2011 qui
2367 1943 2591 2012 iudiciis
2611 1952 2877 2013 praesunt,
2915 1946 3113 2015 sigillis
3159 1948 3277 2001 suis
3310 1948 3401 2001 illa
3457 1948 3581 2004 ﬁdei

334 2041 572 2112 ἔπαρχον
602 2044 695 2095 καὶ
738 2043 865 2105 τοὺς
906 2040 1119 2105 ἄλλους,
1164 2040 1214 2092 οῖ
1247 2037 1470 2091 ἐπὶτῶν
1506 2036 1742 2107 κρίσεων
1777 2034 1911 2087 καθ-

2018 2034 2427 2088 commendent.
2466 2033 2659 2088 Verum
2728 2035 2782 2089 bi
2842 2036 2896 2089 in
2927 2036 3100 2092 urbe:
3140 2038 3193 2091 in
3226 2039 3350 2093 aliis
3399 2048 3584 2093 autem

334 2136 627 2203 εστήκασι,
651 2136 763 2198 τοῖς
792 2132 1001 2186 ἑαυτῶν
1027 2131 1407 2204 σφραγίσμασι
1428 2129 1528 2191 τάς
1550 2125 1911 2187 διατυπώσεις

2016 2123 2152 2179 locis
2190 2130 2245 2177 et
2267 2124 2589 2180 civitatibus
2620 2126 2882 2194 praefecti,
2915 2137 2967 2180 et
3003 2128 3063 2191 in,
3085 2142 3301 2198 quaque
3356 2129 3588 2198 provin-

330 2226 402 2295 τῇ
429 2223 743 2293 ἀξιοπιστίᾳ
782 2221 1091 2293 σεμνύνειν.
1138 2218 1277 2273 Ἀλλ’
1303 2220 1363 2271 ὲν
1392 2218 1490 2287 μὲν
1522 2219 1590 2286 τῇ
1624 2214 1909 2286 προκαθη-

2013 2216 2099 2269 cia
2127 2216 2385 2284 praesides
2414 2218 2515 2271 hoc
2537 2218 2758 2273 sciunto
2784 2224 2839 2272 et
2864 2217 3127 2273 faciunto.

336 2313 474 2387 μένῃ
503 2313 615 2367 τῶν
652 2313 859 2366 πόλεων
887 2307 1052 2374 οὗτοι,
1101 2312 1159 2363 ὲν
1194 2310 1251 2363 δὲ
1287 2312 1409 2372 ταῖς
1445 2308 1633 2370 ἄλλαις
1684 2305 1890 2376 χώραις
1921 2307 2015 2358 καὶ
2049 2308 2268 2363 πόλεσιν
2310 2309 2364 2362 οῖ
2403 2326 2463 2362 τε
2530 2310 2826 2381 στρατηγοὶ
2869 2310 2964 2362 καὶ
3037 2309 3087 2361 οί
3147 2310 3271 2363 καθ’
3349 2308 3585 2381 ἑκάστην

331 2406 600 2478 ἐπαρχίαν
626 2406 810 2477 κριταὶ
839 2405 997 2457 τοῦτο
1019 2404 1256 2457 ἴστωσαν
1290 2402 1385 2455 καὶ
1413 2401 1763 2454 ποιείτωσαν.

826 2500 1139 2555 ΔΙΑΤΛΞΙΣ
1195 2500 1305 2553 ME'
1344 2500 1411 2550 ⁵⁸.

324 2593 468 2660 Περὶ
531 2590 645 2660 toi?
693 2588 897 2660 mina,
943 2588 1244 2660 δικαστὴν
1290 2588 1591 2660 ἔγγραφον
1610 2586 1906 2638 ἀπολύειν

398 2655 907 2797 ἱὴἲνῖνῆφονάαί
950 2658 1024 2726 τῇ
1072 2660 1262 2725 οἰκείᾳ
1328 2655 1480 2725 χειρὶ
1533 2655 1903 2724 διασεσημα-

398 2748 509 2797 σμ.
636 2768 654 2783 .

396 2748 654 2800 σμενην.

409 2822 469 2875 '0
501 2821 664 2883 αὐτὸς
690 2819 945 2890 βασιλεὺς
970 2818 1243 2888 Στυλιανῷ
1256 2817 1335 2884 τῷ
1361 2817 1533 2888 αύτῷ.

400 2913 515 2982 Τῆς
560 2911 861 2982 ἀσφαλείας
912 2910 1020 2964 τῶν
1072 2911 1175 2981 ἤδη
1230 2908 1555 2978 φθασάντων
1618 2906 1905 2977 κεκρίσθαι

333 3003 688 3074 πραγμάτων
710 3012 804 3055 και
826 3001 967 3054 ὥστε
993 3002 1067 3071 μή
1091 3016 1218 3054 τινα
1245 2998 1482 3068 ὑποψίαν
1510 2998 1605 3051 καὶ
1629 2996 1907 3068 ἀμφισϐή-

324 3112 489 3165 τησιν
526 3096 649 3157 ταῖς
698 3093 914 3162 κρίσεσι
960 3091 1391 3161 παρακολουθεῖν
1434 3088 1908 3160 προμηθουμὲνοις

322 3188 481 3258 ἡμῖν,
508 3185 605 3239 καὶ
628 3183 789 3238 τοῦτο
822 3183 1142 3254 παρέστηκε
1166 3179 1533 3251 διορίσασθαι,
1558 3178 1620 3231 τὸ
1648 3178 1902 3243 ἕκαστον,

2468 2489 2940 2547 CONSTITUTIO
2969 2488 3129 2545 XLV.

2019 2581 2084 2636 Ut
2107 2582 2419 2636 sententiam
2448 2581 2659 2650 jttdices
2711 2582 2764 2633 in
2818 2582 3031 2633 litteras
3068 2580 3328 2648 referant,
3388 2598 3587 2651 suaque

2465 2652 2579 2719 (18)
2611 2667 2775 2704 manu
2824 2651 3118 2720 obsignent.

2070 2818 2217 2874 Idem
2252 2820 2552 2890 imperator
2572 2821 2747 2875 eidem
2781 2819 3051 2892 Styliano.

2076 2913 2213 2965 Dum
2245 2919 2303 2965 ut
2328 2928 2414 2966 res
2440 2912 2699 2981 iudicata:
2730 2914 2901 2967 [inme
2944 2924 3223 2983 maneant,
3280 2924 3336 2971 et
3374 2932 3443 2971 ne
3476 2932 3578 2985 qua

2003 3003 2251 3073 suspicio
2285 3011 2450 3074 atque
2483 3005 2860 3059 controversia
2892 3008 3197 3063 sententias
3223 3008 3572 3077 insequatur.

2002 3112 2190 3152 curam
2227 3098 2490 3168 gerimus,
2551 3098 2656 3152 hoc
2682 3113 2741 3153 se
2797 3100 2955 3155 nobis
3008 3102 3455 3157 constituendum
3492 3103 3585 3157 oh-

2005 3187 2149 3252 tulit,
2184 3194 2243 3240 ut
2266 3186 2688 3257 quibuscunque
2715 3186 3024 3256 dijudicare
3045 3204 3110 3243 ac
3164 3190 3425 3245 dirimere
3457 3191 3581 3245 lites

320 3280 373 3333 οἳ
410 3278 620 3348 κρίνειν
669 3276 765 3329 καὶ
791 3275 1033 3329 διαλύειν
1071 3273 1227 3337 δίκας
1267 3272 1482 3343 ἔλαχον,
1530 3272 1660 3339 περὶ
1702 3264 1777 3323 ὧν
1835 3268 1901 3323 ἂν

2010 3278 2319 3347 obtigisset,
2377 3277 2444 3332 de
2492 3278 2692 3347 quibus
2729 3281 2893 3334 rebus
2937 3280 3201 3350 judicium
3259 3282 3584 3352 pronuntia-

320 3366 602 3435 ἐξενέγκοι
658 3365 862 3435 κρίσιν,
918 3362 1197 3432 ἔγγραφον
1260 3360 1519 3415 ἀπολύειν
1568 3359 1667 3429 τὴν
1721 3358 1902 3427 ψῆφον

320 3455 504 3525 οἰκείᾳ
534 3452 701 3507 αὐτοῦ
730 3451 1196 3522 διασημανθεῖσαν
1228 3449 1396 3520 χειρὶ,
1432 3448 1573 3501 ὥστε
1598 3449 1737 3518 μήτε
1762 3449 1905 3501 ἐκεῖ·

320 3565 415 3602 νον
450 3546 676 3616 ἔξαρνόν
709 3563 841 3599 ποτε
879 3544 1139 3614 τοιαύτης
1182 3540 1707 3612 καταλαμϐανούσης
1748 3557 1903 3609 περι-

326 3638 550 3701 πετείας
573 3636 833 3691 δύνασθαι
863 3635 1172 3705 γεγονέναι,
1206 3633 1334 3704 μήθ’
1360 3633 1532 3705 ἑτέρῳ
1559 3630 1669 3684 τινὶ
1703 3630 1903 3694 ἐξεῖναι

324 3729 728 3798 ὑποϐολιμαίαν
788 3728 884 3781 καὶ
949 3725 1105 3779 νόθον
1168 3723 1611 3792 διαπλασάμενον
1667 3720 1903 3789 κρίσεως

324 3820 545 3890 ’,ραιρὴν
568 3818 651 3882 είς
673 3836 795 3873 τινα
812 3817 921 3871 τῶν
943 3816 1240 3887 κρινόντων
1274 3815 1570 3885 ἀναφέρειν
1600 3811 1666 3866 αὑ
1676 3812 1793 3881 τήν.

393 3996 515 4059 Πᾶς
534 3995 713 4049 τοίνυν
730 3992 1031 4063 δικαστικῷ
1048 3991 1415 4063 τετιμημένος
1431 3988 1705 4060 ἀξιώματι
1726 3988 1902 4053 οὕτως

321 4088 388 4141 ἐκ
425 4084 520 4139 τοῦ
551 4086 816 4155 παρόντος
849 4084 1077 4139 ποιείτω
1116 4081 1334 4153 καιροῦ,
1384 4081 1639 4151 ἐγγραφα
1684 4080 1729 4113 ⁸⁹
1762 4080 1899 4132 ἀπο-

320 4176 468 4231 λύων
496 4176 533 4231 ἃ
564 4176 784 4231 ἐδίκασε
803 4176 897 4229 καὶ¹
921 4172 1405 4245 διασεσημασμένα
1432 4172 1538 4226 ὑπὸ
1564 4172 1664 4243 τῆς
1692 4171 1901 4234 οἰκείας

320 4267 528 4340 χειρός.

862 4358 1172 4413 ΔιΑΤΑΞιΣ
1218 4360 1366 4425 Μσν.

318 4448 590 4520 nepita?)
619 4448 1021 4520 ἐκϐάλλεσθαι
1056 4451 1282 4518 νόμους
1310 4451 1496 4517 τινὰς,
1513 4448 1638 4515 τοῖς
1655 4449 1771 4516 μὲν
1786 4448 1898 4512 ,βα-

380 4518 557 4588 ρείας
596 4518 1041 4591 Δῥι“ειτ,ι)έ;ιεοντας
1098 4522 1490 4591 λειτουργίας,
1562 4520 1900 4591 ,βουλευτῃ-

381 4585 560 4675 βίοις.
586 4586 653 4640 δέ
699 4590 1041 4675 ima???
1061 4585 1308 4675 ,ἀρκῷνί
1346 4585 1536 4669 ’τινων
1555 4661 1569 4675 ,
1587 4585 1891 4675 miseris
1916 4615 1971 4675 n

388 4655 495 4781 Ξιαί
524 4655 875 4725 διοικήσεως
908 4655 1307 4722 αὐτεξουᾶίου
1341 4658 1459 4714 τῶν
1487 4661 1726 4714 πόλεων
1741 4672 1888 4724 παρ-

430 4742 667 4781 νοντας.

426 4742 667 4795 κοντας.

403 4819 464 4872 '0
489 4816 653 4880 αὐτὸς
681 4816 936 4886 βασιλεὺς
966 4818 1242 4892 Στυλιανῷ
1277 4820 1356 4892 τῷ
1388 4819 1558 4891 αὐτῷ.

2006 3368 2113 3421 turi
2143 3376 2351 3434 essent,
2405 3368 2470 3423 de
2509 3369 2576 3423 iis
2601 3372 2931 3424 sententiam
2964 3370 3033 3425 de
3083 3372 3291 3441 scripto
3344 3371 3576 3435 ferrent,

2003 3472 2236 3527 eamque
2274 3458 2527 3512 manibus
2561 3458 2677 3513 suis
2732 3458 2846 3529 (19)
2885 3459 3274 3529 obsignarent:
3333 3472 3388 3515 ut
3425 3478 3493 3516 ne
3530 3463 3579 3518 si

2005 3556 2207 3602 temere
2225 3547 2532 3617 judicatum
2560 3564 2683 3603 esse
2705 3551 3053 3618 postmodum
3110 3550 3576 3621 deprehendatur,

2003 3651 2203 3705 negare
2254 3638 2331 3691 illi
2387 3652 2542 3692 suam
2600 3640 2929 3694 sententiam
2964 3640 3219 3709 possint:
3253 3657 3432 3711 neque
3472 3644 3564 3697 alii

2003 3727 2284 3797 quidpiam
2360 3727 2712 3797 supposititia
2799 3728 3219 3803 adulterinaque
3290 3735 3579 3790 sententia:

2002 3818 2275 3887 scriptura
2301 3816 2499 3883 edicta,
2536 3818 2685 3872 illam
2716 3820 3032 3891 injudicum
3077 3823 3314 3893 aliquem
3372 3825 3581 3882 referre

2003 3906 2184 3961 liceat.

2072 3993 2401 4064 Quicunque
2453 3994 2883 4065 igiturjudirum
2945 3996 3209 4067 dignitate
3252 3998 3575 4067 honoratus,

2001 4082 2197 4139 dehinc
2230 4084 2301 4138 ita
2331 4084 2497 4139 facito
2550 4103 2564 4139 :
2609 4100 2673 4141 ac
2701 4087 2904 4156 quibus
2945 4087 3012 4141 de
3070 4088 3239 4142 rebus
3285 4090 3573 4157 judicavit,

2001 4172 2284 4228 decretum
2337 4176 2644 4246 scriptum,
2699 4193 2911 4248 suaque
2986 4192 3153 4232 manu
3218 4181 3571 4252 obsignatum

1998 4263 2169 4321 edito.

2440 4373 2904 4431 CONSTITUTIO
2946 4376 3135 4433 XLVI.

1998 4464 2288 4535 Abrogatt’o
2324 4467 2435 4537 (20)
2475 4468 2829 4536 quarumdam
2877 4469 2940 4522 de
2970 4472 3133 4525 curiis
3164 4481 3213 4526 et
3266 4472 3575 4528 decurioni-

2424 4540 2520 4591 bus
2551 4538 2665 4608 (21)
2690 4541 2924 4591 latarum
2949 4539 3143 4608 legum.

2075 4817 2218 4873 Idem
2249 4820 2544 4887 imperator
2571 4823 2745 4878 eidem
2775 4822 3042 4893 Styliano.

1699 4908 1941 4965 VARIE
1972 4908 2381 4967 LECTIONES.

388 5005 441 5038 "
468 5002 703 5067 Scrimg.
727 5000 949 5071 ταύτην.
984 5002 1056 5071 *⁸⁷
1084 5000 1317 5071 Scrimg,
1343 5001 1848 5071 ὲπισημὰινομένης
1873 4999 2312 5071 ara-cegerunt);
2340 5002 2556 5070 quidem
2592 5002 2754 5057 etiam
2778 4999 2973 5071 Zuich.
2997 5005 3050 5071 e_t
3082 4996 3301 5054 Meerm.
3337 5002 3563 5058 habent.

319 5066 710 5138 Osenbruggen
736 5071 817 5125 vel
847 5066 1125 5141 abtoG_vel
1156 5066 1324 5133 αύτᾶς
1354 5066 1635 5141 legendum
1667 5066 1901 5141 censuit.
1945 5070 2006 5141 ξ’
2040 5068 2165 5124 Haec
2179 5066 2399 5125 Novella
2432 5073 2638 5141 integra
2669 5071 2899 5141 habetur
2920 5069 2972 5120 in
3012 5066 3186 5141 Paris.

3226 5086 3306 5137 gr.
3336 5073 3473 5127 1385
3497 5076 3559 5127 Λ.

321 5146 458 5199 Cum
497 5137 752 5211 rubrica:
801 5139 1045 5211 περιτοῦ
1082 5141 1313 5211 ἕκαστον
1358 5137 1599 5202 δικάζειν
1628 5138 1867 5211 λαχόντα
1903 5137 2011 5190 τῶν
2038 5142 2167 5211 παρ’
2194 5137 2797 5211 αὑτοῦηκεκρὶμμένων
2837 5138 3425 5211 ἕγγραξρονῆάπολεύειν
3468 5144 3568 5210 τὴν

320 5214 502 5283 ψῆφον
524 5208 701 5278 οἰκείᾳ
747 5204 893 5279 χειρὶ
918 5209 1379 5283 ὑπομαινομένην.
1454 5211 1500 5243 ⁸⁸
1530 5204 1964 5276 (ἐούάίᾶγραφα
1999 5223 2014 5260 :
2055 5204 2246 5265 Zuich.
2276 5220 2332 5265 et
2358 5204 2589 5266 Meerm.
2622 5204 2826 5263 'notaut
2868 5204 2885 5261 :
2939 5204 3034 5258 καὶ
3071 5204 3209 5276 αὕτη
3256 5212 3448 5278 κρατεῖ
3472 5204 3567 5262 καὶ

1826 5343 2064 5402 NOTAE.

324 5282 644 5353 πράττεται.

402 5442 727 5519 (1(ξ)11ιιιίη.
758 5442 815 5498 d.
846 5442 911 5519 l._
956 5517 963 5519 Α
1398 5507 1409 5519 .
1484 5507 1496 5519 .
1649 5505 1660 5517 ,

407 5513 522 5581 (17)
563 5514 721 5584 Apud
774 5512 1109 5584 magistrum
1151 5523 1354 5584 census
1398 5512 1663 5561 insinuari
1724 5514 1895 5584 testa-

333 5576 517 5636 menta
545 5576 715 5637 moris
742 5576 937 5637 erat'd.
974 5580 1011 5633 1.
1043 5580 1133 5642 23,
1161 5577 1323 5633 hodie
1352 5592 1383 5632 a
1409 5586 1680 5647 quaestore
1701 5582 1755 5630 et
1774 5576 1896 5633 aliis

336 5652 752 5718 magistratibus
777 5650 866 5705 hic
887 5648 1244 5705 enumeratis.

1993 5452 2024 5491 a
2052 5436 2255 5491 Leone.

2064 5506 2177 5575 (19)
2203 5504 2366 5576 Etgila
2399 5506 2613 5576 supplet
2634 5507 2689 5561 d.
2721 5508 2758 5563 l.
2797 5508 2897 5562 ult.

2068 5576 2182 5645 (20)
2237 5574 2349 5646 Hac
2394 5574 2533 5629 Nov.
2581 5578 2849 5631 tolluntur
2904 5577 3127 5633 ordines
3174 5576 3562 5646 decurionum,

1975 5644 2349 5716 ~id_eoque_hi_c
2376 5646 2570 5716 titulus
2594 5662 2702 5701 non
2731 5657 2815 5701 est
2839 5648 2892 5703 in
2917 5648 3186 5703 Basilicis.
3224 5644 3341 5705 Vid.
3366 5644 3564 5716 Cujac.

408 5712 517 5789 (18)
555 5721 812 5775 Poterant
838 5720 970 5789 olim
1029 5733 1194 5789 manu
1238 5715 1531 5789 galiena,_l.‘
1576 5714 1670 5768 ult.
1723 5714 1796 5789 β...
1821 5713 1896 5770 De
1993 5714 2172 5789 adiit.
2300 5712 2371 5789 ρο
2389 5714 2586 5789 occur.

338 5784 609 5845 sententia
636 5805 704 5847 ex
734 5788 977 5858 periculo
1004 5785 1342 5842 recitandis:
1378 5786 1467 5840 cui
1518 5784 1623 5841 hoc
1672 5784 1895 5839 additur

2066 5784 2177 5855 (Ἡ)
2200 5782 2262 5837 1.».
2300 5781 2361 5837 D.
2385 5783 2441 5848 2,
2474 5783 2558 5850 10,
2583 5784 2720 5840 Cod.
2754 5787 2843 5853 51,
2870 5785 3004 5843 Nov.
3049 5786 3138 5841 38.
