4048 6448
430 361 534 428 531

431 568 616 622 munis
639 569 760 621 vita:
783 581 941 621 usum
975 576 1350 631 assumantur,
1409 567 1652 636 ipsarum
1685 566 1990 620 commodi-

419 666 522 725 ,tas
547 658 696 718 facit.
737 665 790 712 et
821 671 943 726 qua:
975 657 1266 710 utilitatem
1307 657 1544 724 aliquam
1597 655 1829 710 aﬂerunt
1883 669 1998 708 ma-

433 745 792 816 gnifaeimus:
825 761 947 814 qua:
978 762 1108 800 vero
1129 745 1196 799 ad
1231 746 1721 810 niliilconducunt,
1755 755 1999 798 contem-

432 839 648 889 nimus:
693 835 773 889 sie
803 835 1026 888 omnino
1055 844 1109 888 et
1140 834 1204 888 ad
1245 835 1501 902 legalium
1555 834 1797 900 capitum
1845 845 2000 884 com-

431 925 756 993 positionem
778 938 876 978 nos
904 923 1314 976 accommodari
1350 923 1644 992 Oportebit,
1676 930 1731 973 ut
1763 933 1998 988 quarum

434 1030 567 1068 usus
599 1015 795 1083 aliquis
840 1015 932 1078 sit,
970 1014 1067 1084 qui
1129 1014 1274 1066 bono
1308 1014 1561 1082 quopiam
1606 1011 1998 1079 rempublicam

432 1105 576 1169 beet,
606 1103 687 1157 liae
715 1107 1028 1158 necessario
1082 1112 1139 1158 et
1201 1104 1453 1156 ferantur
1509 1113 1564 1155 et
1623 1102 1998 1154 honorentur:

432 1209 664 1263 quarum
694 1208 824 1248 vero
853 1195 1140 1262 usurpatio
1173 1202 1266 1244 aut
1327 1193 1532 1245 nullius
1597 1190 1880 1252 momenti,
1911 1196 2005 1240 aut

433 1285 576 1337 mala
605 1284 694 1348 sit,
716 1284 908 1336 harum
937 1299 1044 1336 non
1079 1284 1239 1336 modo
1272 1296 1377 1334 non
1413 1283 1552 1333 ratio
1587 1280 1873 1343 habeatur,
1907 1277 2004 1331 sed

432 1377 601 1430 etiam
635 1391 664 1428 e
691 1376 867 1444 legum
901 1389 1136 1443 corpore
1190 1385 1454 1440 exemptae
1489 1371 1825 1439 rejieiantur.

508 1464 637 1519 llaec
668 1467 874 1519 ideirco
907 1466 1165 1525 dicimus,
1195 1463 1339 1532 quod
1373 1463 1518 1514 inter
1570 1469 1785 1514 veteres
1819 1458 1886 1512 de
1916 1458 2008 1511 de-

437 1555 759 1610 curionibus
782 1564 836 1609 et
874 1556 1046 1609 curiis
1079 1556 1217 1607 latas
1256 1555 1398 1623 leges
1425 1552 1658 1620 quadam
1705 1550 1893 1618 gravia
1925 1550 2010 1602 in-

442 1647 854 1715 tolerabiliaque
908 1645 1296 1699 decurionibus
1343 1644 1610 1712 qua-piam
1657 1654 1882 1694 munera
1914 1640 2008 1693 ad-

434 1737 754 1805 junxeriut:
787 1737 957 1789 curiis
991 1745 1172 1788 autem
1203 1734 1572 1802 privilegium,
1625 1743 1680 1784 ut
1737 1731 2008 1800 quosdam

1689 364 1964 424 LEONIS
1998 365 2096 422 ΡΠ
2107 361 2460 422 [LOSOPH‘I

503 476 976 545 Quemadmodum
1013 483 1434 546 utquaecunque
1469 474 1587 528 alia:
1617 489 1706 529 res
1759 476 1811 527 in
1849 490 2002 528 eom-
2032 480 2076 534 Α

3572 362 3678 424 532

2177 475 2386 543 Ὥσπερ
2416 472 2523 525 τῶν
2553 472 2595 503 ⁸⁸
2633 469 2806 522 ἄλλοιν
2844 469 3098 524 ἁπάντων
3131 470 3238 522 τῶν
3269 471 3408 525 κατὰ
3449 473 3539 526 τὸν
3563 475 3680 544 βίον

2102 565 2442 634 πραγμάτων
2473 563 2703 616 ἑκάστου
2741 561 2838 631 τὴν
2873 561 3247 631 μεταχείρισιν
3282 567 3314 633 ή
3340 567 3496 635 χρεία
3535 586 3681 640 παρ-

2103 657 2308 723 έχεται,
2360 654 2454 705 καὶ
2488 652 2522 705 ἃ.
2559 652 2655 720 μὲν
2682 650 2839 719 φέρει
2889 652 3011 704 τινὰ
3034 653 3385 721 εὐχρηστίαν,
3417 655 3592 709 ταῦτα
3621 659 3681 710 ὲν

2101 745 2245 812 λόγῳ
2278 743 2604 807 ποιούμεθα,
2635 741 2670 794 ἃ
2698 743 2756 794 δὲ
2788 743 2956 812 μηδὲν
2984 744 3248 808 συντελεῖ,
3282 748 3340 798 ὲν
3374 746 3450 816 τῷ
3485 749 3678 818 μηδενὶ

2101 834 2382 904 τιθέμεθα,
2416 833 2558 886 οὕτω
2608 834 2823 891 πάντως
2853 834 2948 885 καὶ
2989 833 3123 901 πρδς
3155 835 3251 904 τὴν
3286 836 3536 900 σύνταξιν
3573 839 3684 890 τῶν

2103 927 2350 995 νομίμων
2398 925 2710 992 κεφαλαίων
2745 925 2926 994 δεήσει
2964 925 3334 993 ἁρμόζεσθαι·
3363 920 3436 979 ὧν
3469 928 3567 994 μὲν
3593 924 3686 980 οὖν

2107 1018 2221 1070 ἐστι
2253 1034 2334 1078 τις
2367 1017 2562 1086 χρῆσις
2593 1015 2766 1080 δεξιόν
2794 1032 2847 1066 τι
2887 1016 3126 1084 φέρουσα
3170 1018 3235 1085 τῇ
3272 1015 3537 1088 πολιτείᾳ,
3571 1021 3690 1070 τοιΣ-

2110 1125 2219 1160 των
2254 1107 2566 1181 ἀναγκαίως
2596 1108 2691 1158 καὶ
2724 1106 2994 1175 κειμένων
3026 1109 3118 1158 καὶ
3156 1109 3504 1175 τιμωμένων,
3534 1103 3608 1162 ὧν
3630 1110 3688 1160 δὲ

2106 1197 2138 1266 ἢ
2171 1196 2424 1266 οὐδαμῶς
2454 1195 2686 1265 ἢφαύλη
2724 1197 2756 1264 ή
2785 1199 3177 1264 μεταχείρισις,
3204 1196 3410 1248 τοΰτων
3440 1199 3500 1250 οὑ
3526 1201 3690 1267 μόνον

2107 1289 2446 1356 ἀξιουμένων
2487 1287 2646 1354 λόγου
2689 1287 2854 1348 τινος,
2904 1286 3041 1338 ἀλλὰ
3082 1290 3177 1338 καὶ
3223 1288 3322 1355 τῆς
3353 1289 3461 1342 τῶν
3507 1291 3692 1360 νόμων

2110 1380 2312 1440 θέσεως
2335 1377 2767 1447 διακρινομένων
2791 1394 2849 1428 τε
2876 1377 2967 1428 καὶ
3005 1379 3329 1448 άποΰλήτων
3361 1382 3688 1450 γινομένων.

2178 1469 2366 1522 Ταῦτά
2400 1487 2600 1538 φαμεν,
2631 1469 2754 1520 ἐπεὶ
2783 1472 2894 1530 τοῖς
2928 1470 3098 1522 πάλαι
3129 1471 3315 1540 νόμοις
3345 1473 3488 1534 τινὲς
3527 1475 3688 1525 έκτε-

2110 1562 2410 1632 θειμένοιθί
2431 1561 2558 1632 περί
2593 1577 2648 1612 τε
2685 1559 2984 1628 βουλευτῶν
3015 1561 3108 1613 καὶ
3145 1560 3541 1632 βουλευτηρίων
3574 1567 3690 1626 τοῖς

2113 1652 2210 1722 μὲν
2245 1653 2468 1721 βαρείας
2497 1651 2648 1711 τινὰς
2681 1649 2773 1701 καὶ
2798 1649 3187 1712 δυσυποίστους
3219 1652 3519 1720 ἐπέτρεπον
3553 1652 3692 1705 λειτ-

2099 1743 2356 1812 ουργίας,
2417 1743 2712 1811 προνόμιον
2773 1742 2830 1794 δὲ
2891 1744 3002 1802 τοῖς
3044 1739 3446 1809 βουλευτηρίοις
3497 1744 3694 1810 παρεῖ-

441 1829 796 1896 magistratus
830 1825 1257 1888 ;eonstituerint,
1288 1839 1499 1892 suaque
1548 1824 1880 1875 auctoritate
1934 1821 2011 1872 ei-

2122 1851 2210 1903 χον
2238 1833 2420 1903 ἀρχῶν
2458 1851 2620 1885 τινων
2658 1832 2932 1904 προϐολῆς
2969 1833 3060 1884 καὶ
3087 1831 3408 1901 διοικήσεως
3437 1833 3695 1896 αὐτεξουο

440 1919 635 1971 vitales
695 1917 1088 1984 gubernarent,
1129 1915 1482 1984 praebuerint.
1541 1913 1673 1977 Quae
1723 1926 1892 1973 nunc,
1943 1925 2009 1963 eo

439 2010 588 2080 quod
623 2024 712 2063 res
744 2009 934 2062 civiles
961 2008 1014 2061 in
1042 2009 1281 2060 alienum
1349 2015 1553 2058 statum
1606 2004 2012 2057 transformat-.2

441 2104 575 2166 sint,
599 2102 896 2168 omniaque
917 2100 984 2153 ab
1018 2114 1124 2152 uua
1167 2097 1534 2167 imperatoria:
1561 2094 1867 2163 majestatis
1899 2093 2012 2145 sol-

442 2193 725 2246 licitudine
778 2200 943 2260 atque
987 2189 1466 2244 administratione
1537 2186 1833 2255 pendeant,
1893 2193 2015 2236 lan-

440 2299 605 2353 quam
637 2285 914 2337 incassum
937 2284 1086 2336 circa
1120 2282 1290 2351 legale
1316 2281 1492 2334 solum
1523 2280 1801 2340 aberrent,
1824 2282 2015 2329 nostro

441 2377 665 2430 decreto
698 2375 850 2428 illiue
881 2375 1297 2428 sulnnoventur.

865 2502 1334 2558 CONSTITUTIO
1382 2500 1593 2554 XLVII.

442 2619 739 2688 Abrogalio
768 2617 881 2686 (2'2)
922 2617 1047 2688 legis
1086 2632 1204 2683 qua:
1233 2617 1439 2688 senatui
1487 2623 1740 2688 primores
1773 2611 2017 2688 decurio-

559 2683 711 2742 nibus
743 2683 870 2740 vero
895 2686 1175 2754 prwfectos
1200 2687 1519 2737 constituere
1541 2683 1877 2736 ευηιιεαείιαι.

515 2821 661 2876 Idem
688 2821 988 2890 imperator
1017 2818 1192 2871 eidem
1235 2817 1512 2887 Styliauo.

515 2930 669 2995 Quod
703 2930 845 2983 alius
866 2929 994 2980 olim
1031 2926 1346 2995 reipublic-:13
1372 2935 1548 2979 status
1603 2936 1772 2990 esset,
1836 2939 2017 2980 rerum

445 3024 583 3077 ordo
609 3023 864 3075 similiter
893 3021 1032 3072 alius
1059 3027 1196 3072 erat.
1217 3019 1352 3070 Cum
1377 3020 1518 3069 enim
1551 3028 1747 3070 cuncta
1782 3017 1834 3068 iu
1868 3017 2021 3085 prin-

446 3114 588 3182 cipis
616 3113 1065 3166 deliberationem
1132 3125 1237 3162 non
1270 3109 1564 3174 caderent,
1607 3110 1699 3163 sed
1760 3109 2022 3160 nonnulla

447 3213 657 3270 essent,
699 3205 766 3257 de
798 3204 998 3271 quibus
1030 3203 1319 3270 dispicere,
1347 3210 1400 3254 et
1452 3201 1645 3270 jubere
1673 3208 1902 3254 senatus
1934 3199 2020 3253 of-

453 3298 635 3349 ﬁcium
668 3305 835 3358 esset,
868 3311 929 3348 ea
962 3295 1030 3347 ab
1058 3296 1150 3348 illo
1185 3295 1349 3348 etiam
1384 3293 1820 3362 proferebantur.
1885 3291 2026 3344 Prte-

449 3397 599 3440 tores
634 3388 816 3455 itaque
841 3395 950 3440 tres
983 3384 1096 3454 (23)
1135 3402 1365 3438 numero
1391 3387 1442 3437 in
1480 3391 1614 3438 urbe
1643 3385 1808 3438 rebus
1853 3385 2028 3437 admi-

451 3479 754 3533 nisti-audis
777 3478 845 3531 ab
876 3493 941 3531 eo
994 3477 1454 3547 praalieiebantur,
1510 3477 1664 3546 isque
1715 3488 1870 3531 actus
1899 3492 2028 3530 san-

453 3572 636 3623 ctione
691 3571 826 3638 legis
861 3569 1209 3638 procedebat.
1273 3569 1462 3638 Neque
1519 3584 1651 3621 vero
1706 3570 1756 3621 id
1801 3571 1853 3621 in
1893 3568 2029 3621 urbe

455 3665 656 3726 solum,
693 3663 784 3716 sed
823 3663 876 3714 in
922 3663 1045 3717 aliis
1081 3664 1243 3714 etiam
1281 3663 1600 3716 civitatibus
1650 3677 1678 3713 a
1714 3661 2030 3714 decurioni-

455 3754 557 3808 bus
584 3753 696 3822 (at)
729 3760 787 3806 ut
825 3753 1188 3817 vocabantur,
1223 3756 1464 3822 prmfeeti
1499 3754 1719 3823 quidam
1782 3755 1912 3823 (non
1950 3764 2031 3804 tae

457 3861 582 3898 men
611 3845 803 3913 quales
826 3843 987 3898 hodie
1028 3845 1284 3900 militaris
1334 3845 1663 3916 praefectura
1700 3848 1874 3911 novit,
1935 3845 2030 3899 sed

457 3933 876 3986 exeellentiores
899 3932 1143 4001 quidam,
1167 3934 1371 4002 quique
1403 3934 1564 3987 aliam
1588 3949 1776 3988 curam
1801 3932 2032 3987 deman-

457 4023 638 4076 datam
667 4023 949 4092 haberent)
987 4024 1444 4093 praeﬁciebantur.

492 4232 629 4286 Cum
654 4231 821 4300 igitur
855 4233 1011 4286 aliter
1034 4249 1156 4287 sese
1188 4241 1319 4286 tunc
1342 4249 1429 4286 res
1457 4233 1749 4298 haberent,
1779 4246 2032 4286 commu-

460 4325 548 4375 nis
575 4338 710 4376 usus
741 4324 887 4376 illam
927 4324 1099 4392 legem
1136 4325 1481 4393 requirebat.
1517 4324 1673 4377 Nunc
1703 4333 1881 4378 autem
1909 4339 2033 4377 cum

465 4414 650 4466 omnia
685 4429 711 4464 a
741 4415 1033 4484 principali
1076 4431 1210 4469 cura
1262 4416 1550 4484 pendeant,
1602 4415 1818 4484 Deoque
1856 4417 2036 4484 opitu-

463 4503 609 4557 lante
641 4506 814 4573 ipsius
848 4508 1186 4574 providentia
1239 4509 1606 4562 discutiantur
1638 4521 1690 4563 et
1724 4509 2034 4576 dijudiccn-

465 4604 588 4647 tur:
620 4612 679 4650 ae
713 4613 839 4650 vero
865 4598 954 4651 illa
982 4601 1064 4652 lex
1120 4600 1328 4652 nullum
1364 4602 1430 4653 de
1465 4616 1524 4654 se
1558 4616 1714 4655 usum
1773 4603 2028 4668 praibeat,

460 4704 586 4742 cum
657 4690 781 4745 aliis
843 4707 965 4760 quae
1015 4692 1084 4746 de
1145 4693 1428 4762 republica
1477 4692 1665 4762 ejecta:
1698 4703 1848 4754 sunt.
1894 4695 2036 4746 hanc

461 4777 624 4829 etiam
667 4778 992 4845 ejiciendum
1021 4795 1146 4835 esse
1191 4781 1518 4834 statuimus.
1568 4781 2042 4847 Quemadmodum

463 4867 609 4922 cnim
643 4870 852 4940 legibus
881 4874 1126 4928 nondum
1175 4875 1355 4928 enatis
1395 4874 1654 4928 nascendi
1688 4887 1913 4927 causam
1963 4888 2049 4926 re-

2115 1927 2230 1979 σίου
2252 1927 2358 1978 τῶν
2392 1927 2617 1979 πόλεων.
2649 1926 2712 1978 Οἳ
2754 1926 2868 1990 νῦν,
2905 1926 2986 1977 ὅτι
3017 1925 3154 1993 πρὸς
3189 1925 3385 1993 ἑτέραν
3420 1926 3698 1978 κατάστα-

2116 2034 2199 2068 σιν
2224 2018 2292 2069 τὰ
2331 2017 2577 2069 πολιτικά
2611 2016 3046 2084 μεταπεποίηται
3080 2015 3384 2084 πράγματα
3418 2016 3509 2065 καὶ
3535 2017 3679 2085 πρπις

2118 2109 2285 2176 μόνην
2324 2107 2421 2176 τὴν
2457 2106 2727 2174 βασίλειον
2755 2105 3012 2175 πρόνοιάν
3034 2121 3093 2156 τε
3125 2105 3216 2156 καὶ
3239 2104 3502 2174 διοίκησιν
3532 2107 3700 2174 ἀνήρ-

2116 2219 2276 2269 τηται
2312 2202 2510 2265 πάντα,
2547 2201 2620 2262 ὡς
2658 2201 2834 2269 μάτην
2862 2200 3339 2270 περιπλανώμενοι
3371 2200 3448 2269 τῷ
3477 2201 3695 2269 νομίμῳ

2114 2292 2302 2358 ἐδάφει
2331 2290 2539 2343 ἐκεῖθεν
2576 2291 2654 2360 τῷ
2681 2291 2933 2360 ἡμετέρῳ
2973 2290 3336 2358 ὑπεξάγονται
3383 2291 3696 2360 δόγματι⁶³.

2693 2503 3003 2556 ΔΙΑΤΑΞΙΣ
3037 2501 3169 2559 ΜΖ’.

2123 2618 2263 2685 Περὶ
2291 2617 2400 2684 τῆς
2431 2614 2691 2683 ἐκλογῆς
2733 2616 2838 2685 τοῦ
2864 2615 3136 2680 διδόντος
3183 2615 3517 2685 νόμουγτοῖς
3544 2615 3703 2685 ,ϐον-

2193 2683 2434 2752 λευταῐς
2451 2684 2798 2754 στρατηγῶν
2842 2686 2939 2738 καὶ
3003 2685 3208 2739 ἀλλων
3256 2683 3444 2738 τινῶν
3499 2683 3707 2754 ἀρχῶν

2195 2756 2528 2824 προϐολήν.

2211 2871 2267 2923 Ὀ
2297 2870 2455 2932 αὐτὸς
2489 2869 2742 2939 βασιλεὺς
2782 2867 3057 2937 Στυλιανῷ
3113 2866 3188 2936 τῷ
3218 2865 3390 2936 αὐτῷ.

2200 2963 2374 3016 Πάλαι
2433 2963 2530 3030 μὲν
2569 2962 2735 3031 ἄλλην
2774 2960 3004 3029 ἐχούσης
3065 2957 3165 3024 τῆς
3213 2958 3488 3018 πολιτείας
3522 2959 3696 3010 κατά·

2131 3071 2321 3105 στασιν
2353 3052 2526 3114 ἄλλως
2547 3053 2641 3102 καὶ
2674 3051 2779 3103 τῶν
2805 3050 3146 3120 πραγμάτων
3176 3047 3381 3118 ήτάξις
3414 3049 3696 3100 ἐτάττετο.

2053 3149 2096 3208 C
2131 3145 2222 3216 Μὴ
2250 3146 2360 3215 γὰρ
2387 3145 2606 3198 πάντων
2637 3142 2741 3195 ὑπὸ
2765 3143 2864 3210 τῆς
2901 3141 3184 3209 βασιλικῆς
3218 3140 3706 3208 διασκοπουμένων

2135 3239 2413 3308 προνοίας,
2437 3236 2550 3288 ἀλλ’
2586 3234 2754 3286 όντων
2779 3231 2959 3293 τινῶν,
2987 3231 3022 3283 ἃ
3054 3231 3150 3298 τῆς
3188 3230 3498 3298 συγκλήτου
3544 3229 3708 3298 ἔργον

2131 3326 2198 3400 ἦν
2231 3326 2625 3395 διασκέψασθαι
2652 3326 2747 3376 καὶ
2771 3321 3216 3393 χειροτονεῖσθαι,
3259 3323 3351 3374 ὑπ’
3378 3321 3589 3390 ἐκείνης
3612 3323 3710 3374 καὶ

2135 3421 2234 3489 τὴν
2270 3417 2542 3488 προϐολὴν
2598 3415 2977 3485 ἐλάμϐανονυ.
3015 3415 3335 3483 Πραίτωρες
3365 3411 3496 3478 γοῦν
3533 3415 3589 3462 ὲν
3638 3414 3706 3480 τῇ

2135 3511 2529 3581 προκαθημένῃ
2563 3509 2670 3560 τῶν
2695 3507 2908 3559 πόλεων
2941 3511 3089 3574 τρεῖς
3123 3507 3228 3558 ὑπὸ
3262 3505 3467 3574 ταύτης
3502 3505 3580 3565 είς
3609 3504 3709 3572 τὴν

2133 3597 2241 3648 τῶν
2265 3595 2606 3666 πραγμάτων
2659 3594 2934 3663 διοίκησιν
2987 3593 3336 3653 καθίσταντο,
3378 3594 3472 3646 καὶ
3495 3596 3528 3661 ἡ
3558 3592 3710 3657 τάξις

2134 3688 2273 3756 αὕτη
2305 3689 2469 3757 νόμου
2501 3687 2694 3757 προῄει
2725 3685 3080 3754 θεσπίσματι.
3123 3685 3284 3737 ’Δλλὰ
3315 3685 3426 3753 γὰρ
3481 3685 3543 3736 οὐ
3613 3685 3711 3753 μό-

2135 3797 2225 3832 νον
2255 3782 2314 3831 ὲν
2343 3782 2407 3849 τῇ
2441 3779 2685 3852 φερούσῃ
2709 3778 2860 3831 πόλει
2884 3778 2946 3830 τὸ
2980 3777 3201 3847 κράτος,
3233 3777 3368 3829 ἀλλὰ
3388 3777 3479 3828 καὶ
3511 3776 3568 3827 ἐν
3589 3779 3712 3838 ταῖς

2137 3872 2326 3935 ἄλλαις
2362 3873 2468 3925 ὑπὸ
2493 3873 2599 3925 τῶν
2627 3872 2768 3924 οὕτω
2804 3871 3154 3938 καλουμένων
3191 3868 3492 3937 βουλευτῶν
3516 3885 3713 3935 στρατ-

2138 3962 2262 4030 ηγοί
2292 3980 2432 4024 τινες
2461 3963 2582 4032 (οὑχ
2616 3964 2760 4024 οἴους
2796 3963 2828 4030 ή
2865 3961 2958 4012 νῦν
2985 3955 3093 4012 οἶδε
3134 3961 3476 4029 στρατηγική
3514 3959 3703 4028 ἁρχὴ),

2137 4056 2235 4106 καὶ
2264 4052 2578 4123 τιμιώτεροι
2625 4053 2683 4105 δέ
2712 4069 2856 4115 τινες
2884 4054 2978 4104 καὶ
3017 4051 3184 4118 ἄλλην
3231 4052 3708 4120 ἐγκεχειρισμένα

2139 4145 2398 4214 φροντίδα
2417 4145 2460 4176 ⁸⁵
2495 4145 2890 4214 προϐέϐληντο.

2211 4235 2343 4285 Τότε
2376 4234 2474 4302 μὲν
2503 4229 2595 4286 οὖν
2634 4233 2808 4296 ἄλλως
2841 4235 2950 4287 τῶν
2981 4237 3323 4306 πραγμάτων
3351 4232 3714 4302 διακειμένων

2139 4327 2171 4395 ἡ
2241 4325 2395 4394 χρεία
2453 4325 2541 4375 τὸν
2578 4324 2741 4393 νόμον
2773 4325 2955 4395 ἐζήτει
2981 4343 2993 4356 ’
3049 4326 3143 4378 νῦν
3182 4327 3238 4377 δὲ
3297 4326 3396 4394 τῆς
3429 4324 3715 4394 βασιλικῆς

2141 4415 2418 4482 φροντίδος
2453 4415 2667 4467 πάντων
2698 4417 3085 4485 ἐξηρτημένων
3107 4418 3199 4469 καὶ
3232 4419 3326 4469 σὺν
3351 4415 3469 4484 Θεῷ
3497 4418 3557 4484 τῇ
3587 4413 3720 4466 ταύ-

2144 4525 2241 4574 της
2276 4507 2500 4576 προνοίᾳ
2537 4509 2630 4559 καὶ
2659 4509 3046 4577 σκοπουμένων
3079 4511 3171 4561 καὶ
3194 4509 3587 4577 διαιτωμένων,
3621 4509 3718 4560 καὶ

2145 4600 2336 4668 χρείαν
2356 4599 2612 4666 οὐδεμίαν
2628 4601 2834 4652 ἐκείνου
2861 4602 2953 4652 τοῦ
2978 4602 3142 4664 νόμου
3167 4602 3561 4670 παρεχομένου,
3583 4601 3724 4667 μετὰ

2147 4695 2255 4743 τῶν
2281 4693 2475 4756 ἄλλων,
2511 4694 2558 4745 οἳ
2583 4693 2678 4760 τῆς
2711 4693 2986 4755 πολιτείας
3011 4693 3390 4763 ἐκϐέϐληνται,
3413 4694 3507 4744 καὶ
3533 4692 3725 4744 τοῦτον

2154 4780 2617 4849 συνεκὸεϐλῆσθαι
2673 4781 2946 4850 ὁρίζομεν.
3025 4782 3239 4850 ’Ὠσπερ
3290 4783 3398 4850 γὰρ
3456 4781 3555 4832 οὐκ
3604 4779 3725 4833 οὖσι

2159 4873 2269 4932 τοῖς
2304 4871 2487 4940 νόμοις
2516 4873 2548 4940 ὴ
2578 4871 2684 4924 τῶν
2717 4870 3058 4940 πραγμάτων
3088 4871 3245 4939 χρεία
3280 4872 3510 4940 παρέχει
3537 4868 3728 4939 προελ-

1757 5056 1990 5109 νΑιιιλΕ
2045 5054 2452 5110 LEC'I'IONES.

534 5178 577 5209 °°
606 5175 663 5229 lu
693 5174 956 5228 Zuiib.et
987 5173 1205 5228 Meerm.
1240 5179 1486 5226 notatum
1519 5181 1602 5225 est
1635 5190 1648 5224 :
1686 5170 1826 5239 αὕτη
1857 5171 2125 5239 ἀνῄρηται
2172 5170 2232 5220 τὸ
2269 5174 2317 5234 γ’
2335 5168 2441 5235 διγ.
2473 5167 2584 5239 τοῦᾃ
2600 5167 2642 5236 β’
2691 5169 2750 5239 τὸ
2804 5188 2878 5232 κς
2911 5171 2984 5239 τί.
3018 5171 3098 5226 οε.
3131 5169 3223 5222 τοῦ
3250 5168 3325 5235 νβ’
3352 5167 3597 5239 τῶν-διγἒ
3628 5168 3727 5239 καὶ

465 5250 603 5303 διάτ.
635 5248 698 5310 ς’,
732 5246 814 5314 ιβ’,
856 5241 934 5314 ιδ’,
975 5244 1061 5314 ιθέ,
1102 5249 1186 5310 κγ’
1221 5243 1372 5314 (κη’),
1415 5239 1518 5314 κθ,
1559 5234 1825 5314 {gamma
1847 5234 2050 5314 λβίτί..
2075 5239 2168 5314 καὶ
2189 5234 2479 5314 διάη-αλ
2503 5234 2699 5314 reb—ve
2730 5239 2802 5314 Is:
2834 5238 3056 5314 7:0'_9a'.
3110 5241 3228 5314 quae
3256 5234 3599 5314 ἐδέχοηβαν]
3643 5236 3732 5290 διὰ

465 5305 928 5386 τούτῶνίτοῦτοῖ]
961 5305 1066 5386 οὐδ’
1097 5305 1642 5386 ἐν’τοῖςβασιλικοίς,
1680 5305 1909 5386 Scrinig.
1947 5306 2123 5386 otttili_t
2147 5307 2270 5386 τῷν.
2335 5307 2401 5386 ’⁸⁸⁸
2442 5305 3069 5386 ΟυιΙιΙ;“ὲκτεοειμένοις.
3123 5310 3165 5340 ⁸³
3191 5305 3375 5386 εἰοιιιιέ
3403 5305 3731 5384 ὑπεξάγοντι

466 5389 732 5456 δόγματα.

465 5447 693 5527 οὒξτῆς
724 5453 915 5521 συγκλ.
943 5447 1062 5504 κτλ.
1159 5450 1202 5482 ⁸⁸
1228 5449 1417 5503 Zuicb.
1446 5459 1500 5504 et
1514 5448 1735 5503 Meerm.
1771 5447 2016 5516 φορτίδα,

807 5385 853 5415 ⁸³
883 5374 1072 5450 Steph.
1107 5374 1391 5450 excedisse
1425 5379 1630 5450 aliquid
1662 5374 1998 5450 suspicatur,
2029 5376 2192 5430 veluti
2223 5377 2391 5446 ἀρχαί
2421 5394 2566 5440 τινες
2595 5374 2922 5446 ἐλάμϐανον.
2959 5379 3152 5433 Melius
3190 5377 3331 5432 forte
3352 5376 3520 5429 ὄντων
3541 5374 3727 5440 τινῶν,

1971 5561 2204 5619 NOTAE.

546 5681 658 5747 (2-2)
701 5681 1009 5748 Abrogatur
1039 5681 1074 5735 l.
1111 5680 1168 5748 2,
1188 5679 1250 5734 C.
1288 5678 1360 5735 De
1383 5678 1471 5734 00".
1497 5689 1714 5747 praeter.

544 5751 655 5815 (εδ)
688 5750 746 5803 υ.
785 5753 818 5804 I.
850 5753 903 5804 ε.

2221 5679 2330 5742 (24)
2395 5676 2526 5730 Nam
2589 5677 2732 5747 quod
2796 5675 3489 5747 Constantinopoliatque
3533 5672 3720 5730 notua:

2143 5759 2451 5813 senatores,
2485 5749 2585 5803 boe
2608 5745 2940 5803 decuriones
2965 5746 3018 5798 in
3052 5745 3366 5813 municipiis
3397 5746 3571 5798 fuere.
