4048 6474
352 394 455 456 533

1437 399 1798 462 NOVELL/E
1833 401 2510 471 CONSTITUTIONES.

3520 417 3624 480 534

349 506 463 558 θεῖν
521 502 624 575 τὴν
669 503 866 575 ἀρχὴν,
923 504 1097 570 οὕτως
1149 506 1211 559 ού
1265 507 1488 576 πρὸς-τὸ
1514 512 1786 581 χρήσιμον
1828 516 1910 566 τοί

2045 531 2164 570 rtun
2205 533 2339 572 usus
2375 524 2598 583 prmstat
2635 535 2648 571 :
2684 532 2766 574 ste
2798 521 3019 589 quando
3050 521 3132 577 lex
3182 538 3365 579 rerum
3399 526 3620 584 utilitati

351 595 642 666 πράγμασι
663 594 939 666 δόγματος
967 599 1246 669 κειμένου,
1295 599 1589 654 ἀκόλουθον
1621 602 1936 674 ἐξαλείφειν

349 688 508 743 αὐτό.

901 781 1216 835 ΔΙΔΤΑΞῘΣ
1245 785 1390 838 ΜΗ’.

343 867 492 937 Περὶ
519 868 630 924 τοῦ
668 868 749 938 μὴ
772 870 1054 954 ἔρχεο-θαι
1085 873 1376 954 γυναῖκας
1413 874 1514 928 ἐπὶ
1540 874 1612 928 τὰ
1632 874 1752 929 τῶν
1782 893 1934 947 συμ-

869 945 1085 1008 φώνων
1105 945 1420 1012 μαρτύρια.

449 1031 493 1085 Ο
521 1031 686 1094 αὐτὸς
717 1030 968 1101 βασιλεὺς
1001 1033 1272 1105 Στυλιανῷ
1295 1036 1372 1106 τῷ
1406 1039 1575 1108 αύτῷ.

422 1126 537 1177 Οὺκ
557 1121 655 1177 οἷδ’
677 1126 827 1188 ὅπως
847 1124 922 1195 μὴ
944 1126 1278 1197 σκεψάμενοι
1290 1131 1515 1201 γνώμην
1528 1133 1733 1204 ἀκριϐῆ
1752 1134 1798 1167 ⁸⁵
1810 1135 1933 1199 ταῖς

350 1215 598 1282 γυναιξὶν
630 1215 818 1268 ἔδοσαν
869 1217 1052 1269 ἄδειαν
1096 1220 1175 1280 εἰς
1226 1221 1287 1272 τὸ
1320 1226 1622 1293 μαρτυρεῖν
1681 1227 1929 1295 προϊέναι

349 1307 397 1358 οἱ
424 1305 668 1362 παλαιοὶ.
693 1304 814 1357 οὐδὲ
840 1304 900 1358 τὸ
926 1306 1217 1378 πρόχειρον
1238 1310 1319 1373 είς
1356 1312 1658 1382 ἐνθύμησιν
1687 1317 1926 1388 ἐνθυμη-

352 1395 560 1462 θέντες,
576 1397 657 1449 ὅτι
686 1397 904 1465 γυναικὶ
925 1399 1196 1468 ἀκοσμίαν
1210 1401 1363 1472 φέρει
1382 1405 1414 1473 ὴ
1435 1405 1661 1476 ἀφειδὴς
1680 1407 1812 1477 πρὸς
1827 1409 1928 1472 τὰς

346 1487 597 1558 ἀρρένων
617 1487 770 1558 ὄψεις
794 1489 1119 1560 ἀπάντησις,
1156 1490 1440 1563 σώφρονας
1463 1495 1519 1547 δέ
1552 1498 1643 1549 καὶ
1667 1499 1923 1569 κοσμίους

345 1580 380 1649 ἡ
420 1579 631 1632 ἐκεῖθεν
657 1579 981 1649 καθίστησιν
1015 1581 1296 1654 ἀποφυγή.
1338 1585 1463 1649 Πῶς
1495 1582 1588 1640 οὖν
1618 1589 1926 1660 ἐπέτρεψαν

345 1671 427 1733 εἰς
460 1671 776 1742 μαρτυρίαν
803 1672 1354 1743 παραλαμϐάνεσθαι,
1394 1677 1454 1742 ἐξ
1505 1672 1573 1749 ἦς
1631 1682 1923 1751 συμϐαίνει

347 1761 613 1824 πολλάκις
641 1764 698 1815 ἐν
727 1761 923 1833 δήμοις
949 1763 1399 1836 πολυανθρώποις
1455 1770 1625 1833 αύτάς
1655 1772 1922 1844 ἀναστρέ-

2044 624 2151 664 ιιοη
2183 610 2479 676 subservit,
2503 625 2622 664 eam
2653 611 2977 668 abolendam
3013 629 3137 670 esse
3167 618 3440 686 sequitur.

2468 786 2939 846 CONSTITUTIO
2963 791 3205 848 XLVlll.

2150 876 2234 931 Ne
2265 879 2510 934 mulieres
2538 882 2592 933 in
2624 883 2984 1004 contrabctibus
3016 884 3130 956 (26)
3165 887 3522 943 testimonium

2681 969 2791 1004 Dl'lB
2827 964 2972 1004 eant.

2679 964 2972 1020 praebeant.

2106 1039 2253 1095 Idem
2281 1041 2579 1112 imperator
2608 1043 2780 1097 eidem
2813 1044 3079 1115 Styliano.

2117 1129 2269 1185 Haud
2291 1133 2407 1187 scio
2436 1133 2732 1203 quomodo,
2762 1150 2822 1188 re
2850 1150 2957 1189 non
2989 1139 3265 1194 exactiore
3289 1139 3501 1208 judicio
3530 1140 3618 1195 di-

2036 1223 2267 1291 squisita
2307 1225 2631 1278 mulieribus
2656 1224 2724 1278 ad
2762 1227 3054 1282 dicendum
3084 1230 3459 1284 testimonium
3484 1248 3614 1301 pro-

2036 1312 2265 1366 cedendi
2298 1312 2612 1368 facultatem
2638 1314 2890 1369 dederint
2922 1327 3132 1373 veteres
3161 1321 3296 1389 (‘27).
3325 1320 3460 1376 illud
3499 1323 3610 1388 sal-

2035 1409 2143 1454 tem
2175 1402 2332 1471 vulgo
2357 1413 2569 1467 nottun,
2605 1403 2959 1458 volutandum
2997 1407 3182 1460 animo
3226 1408 3423 1472 fuerat,
3479 1425 3603 1465 cre-

2035 1492 2190 1546 brum
2225 1509 2422 1563 nempe
2456 1494 2507 1547 in
2541 1496 2782 1548 virorum
2821 1497 3013 1551 oculos
3056 1513 3350 1553 occursum
3385 1502 3600 1555 mulieri

2034 1583 2524 1638 dehonestamento
2551 1601 2711 1639 esse:
2746 1587 3002 1654 pudicam
3033 1603 3166 1640 vero
3216 1598 3270 1642 et
3322 1589 3609 1646 honestam

2032 1673 2276 1742 ejus-lem
2315 1673 2392 1727 rei
2428 1674 2608 1745 fugam
2637 1675 2872 1730 ellicere.
2897 1675 3014 1742 Qua
3053 1679 3265 1732 ratione
3299 1681 3466 1749 igitur
3491 1681 3611 1734 illas

2033 1765 2097 1818 ad
2121 1765 2492 1819 testimonium
2522 1766 2724 1820 assumi
2780 1769 3128 1835 permiserint
3175 1769 3340 1838 (mule
3379 1770 3437 1825 ﬁt
3482 1755 3609 1840 per-

287 1929 292 1934 .
344 1853 544 1922 φεσθαι
604 1854 700 1906 καὶ
750 1855 988 1924 χρῆσθαι
1014 1859 1082 1926 τῇ
1136 1856 1360 1929 γλώσσῃ
1395 1861 1911 1934 ἀνευλαὸέστερονὶ

2031 1871 2193 1922 saepe,
2245 1866 2304 1910 ut
2339 1859 2392 1911 in
2445 1858 2666 1927 magnis,
2701 1859 2985 1912 hominum
3047 1861 3226 1915 turbis
3277 1875 3610 1917 conversen-

346 1943 488 1999 κατά
543 1945 806 2013 γυναικὸς
855 1946 1067 2013 λαλιὰν,
1101 1948 1261 2002 τοῦτο
1291 1950 1480 2023 ὥσπερ
1509 1948 1664 2006 εἷπον
1718 1956 1921 2024 ἐπῆλθέ

345 2053 436 2106 μοι
463 2037 711 2106 ἀπορεῖν.
745 2039 811 2090 Τί
841 2039 949 2110 γὰρ
979 2042 1010 2110 ἡ
1045 2043 1323 2108 γυναικῶν
1376 2046 1658 2116 μαρτυρία
1708 2047 1922 2110 τούτοις

343 2128 609 2200 ἐνομίσθη
637 2130 887 2200 προϊέναι
924 2133 1006 2195 είς
1040 2133 1365 2204 πράγματα,
1403 2131 1491 2199 αἷς
1506 2136 1552 2168 ⁸⁸
1580 2139 1781 2208 ὁμοίως
1807 2143 1921 2204 τοῖς

342 2219 568 2290 ἀνδράσι
619 2223 921 2291 μαρτυρεῖν
975 2225 1456 2296 συγκεχωρήκασι,
1511 2229 1762 2300 καθάπερ
1821 2230 1921 2295 τὰς

340 2310 619 2374 Σκυθικὰς
649 2314 914 2379 γυναῖκας
965 2314 1240 2384 ἀκούομεν
1290 2316 1425 2386 ὁμοῦ
1459 2321 1597 2382 ’τοῖς
1649 2320 1920 2390 γαμέταις

341 2399 823 2468 συνεξοπλίζεσθαι
846 2445 862 2468 ,
922 2405 1018 2458 καὶ
1050 2404 1208 2457 τοῦτο
1237 2406 1302 2475 δὴ
1334 2404 1469 2471 πῶς
1510 2409 1632 2479 οὐχὶ
1655 2410 1794 2478 μετά
1823 2410 1918 2465 τοῦ

340 2494 533 2560 ἀδόξου
574 2493 668 2546 καὶ
722 2495 925 2566 πολλὴν
975 2495 1244 2567 σύγχυσιν
1302 2500 1398 2552 καὶ
1434 2501 1752 2573 ἀνατροπὴν
1804 2502 1918 2573 ἔχει

337 2584 447 2638 τῶν
474 2583 698 2656 ὁρίωνθτ
726 2585 825 2654 τῆς
852 2586 1089 2654 φύσεως,
1140 2583 1222 2652 οἷς
1252 2590 1314 2642 τὸ
1361 2591 1470 2644 τῶν
1529 2591 1763 2660 θηλειῶν
1823 2595 1918 2648 καὶ

336 2676 586 2749 ἀρρένων
620 2679 773 2746 γένος
805 2678 1172 2747 διεστείλατο;
1197 2682 1316 2746 πῶς
1340 2683 1386 2736 δ’
1419 2684 1478 2737 οὐ
1501 2686 1792 2755 προδίδωσι
1814 2687 1915 2759 τὴν

335 2767 585 2836 γυναιξὶν
602 2767 961 2840 ὀφειλομένην
985 2769 1117 2823 αίδώ
1142 2789 1201 2824 τε
1221 2774 1314 2826 καὶ
1333 2775 1699 2843 κοσμιότητα;
1726 2770 1800 2830 ὧν
1825 2779 1916 2831 καὶ

333 2857 436 2928 τὴν
475 2859 614 2912 οἶκοι
650 2859 902 2929 ἐντυχίαν
955 2859 1037 2912 δεῖ
1073 2863 1452 2935 τετηρημένην
1484 2859 1644 2926 εἶναι,
1691 2866 1787 2919 καὶ
1838 2868 1913 2938 μὴ

336 2948 620 3012 παντελῶς
652 2949 960 3020 ἀφειμένην
1008 2950 1101 3004 καὶ
1137 2951 1345 3006 ἄνετον.
1398 2952 1464 3006 Ἦ
1509 2953 1618 3024 γὰρ
1671 2957 1750 3017 είς
1805 2956 1910 3024 τὴν

336 3040 648 3110 μαρτυρίαν
692 3039 898 3101 εἴσοδος
939 3041 1232 3107 ἀνοίγουσα
1256 3041 1441 3111 χώραν
1477 3044 1542 3112 τῇ
1573 3043 1649 3114 μὴ
1667 3043 1710 3075 ⁸⁸
1738 3061 1911 3114 προσ-

331 3131 546 3204 ηκούσῃ
572 3132 788 3200 γυναιξὶ
816 3131 1119 3203 παρρησία,
1154 3131 1222 3185 δι’
1255 3127 1332 3186 ὧν
1364 3134 1421 3186 ἐν
1467 3134 1913 3206 πολυανθρώποις

2026 1955 2134 2010 tur,
2163 1948 2665 2018 irreverentiusque
2695 1964 2859 2018 quam
2892 1950 3183 2004 mulierum
3219 1966 3402 2006 sermo
3443 1951 3605 2017 ferat,

2023 2037 2206 2106 lingua
2250 2038 2520 2108 utantur),
2589 2037 2724 2102 hoc,
2761 2037 3222 2103 quemadmodum
3275 2037 3425 2104 dixi,
3471 2038 3608 2094 mihi

2021 2127 2276 2183 dubitare
2302 2127 2492 2182 subiit.
2528 2129 2800 2194 Quorsum
2834 2129 2980 2181 enim
3015 2128 3167 2183 hisce
3193 2129 3372 2183 visum
3405 2139 3511 2193 est,
3546 2139 3608 2185 ut

2023 2221 2076 2276 in
2174 2221 2388 2291 negotia
2463 2221 2676 2289 publica
2729 2219 3019 2274 mulierqu
3083 2219 3324 2289 prodiret
3358 2222 3604 2276 testimo-

2020 2312 2194 2375 nium,
2217 2311 2592 2382 quibusjuxta
2623 2319 2789 2379 atque
2818 2312 2950 2366 viris
2991 2311 3181 2366 testari
3215 2313 3604 2381 permiserunt,

2020 2405 2478 2475 quemadmodum
2529 2404 2814 2475 Scythicas
2886 2405 3142 2460 mulieres
3199 2420 3322 2459 cum
3389 2406 3605 2460 maritis

2019 2498 2086 2552 ad
2121 2497 2258 2552 bella
2287 2498 2556 2550 coarmari
2590 2498 2842 2550 audimus
2868 2498 2890 2550 ?
2915 2497 2980 2551 Et
3013 2512 3148 2550 sane
3169 2497 3442 2567 quomodo
3467 2512 3605 2568 prte-

2022 2599 2102 2646 ter
2145 2590 2543 2644 absurditatem
2593 2591 2892 2658 ingentem,
2942 2589 3047 2642 hoc
3083 2601 3293 2643 natura:
3333 2591 3498 2643 etiam
3536 2590 3604 2646 ﬁ-

2019 2682 2193 2743 nium,
2211 2681 2414 2750 quibus
2427 2680 2607 2736 virilis
2629 2681 3028 2750 muliebrisque
3052 2696 3215 2735 sexus
3235 2679 3603 2736 disterminati

2018 2780 2165 2832 sunt,
2202 2780 2315 2824 tum
2348 2769 2750 2833 confusionem,
2791 2779 2904 2823 tum
2932 2772 3273 2826 eversionem
3307 2785 3417 2825 non
3465 2786 3602 2826 con-

2019 2862 2195 2918 tinet?
2233 2861 2519 2927 Quomodo
2561 2861 2686 2915 item
2722 2846 3044 2914 mulieribus
3080 2875 3219 2928 quas
3257 2861 3420 2913 etiam
3453 2859 3601 2913 domi

2015 2954 2394 3016 observantes,
2428 2965 2772 3019 nequaquam
2811 2957 2992 3003 autem
3025 2950 3294 3005 dissolute
3324 2964 3387 3003 ac
3418 2949 3602 3004 indul-

2015 3055 2224 3116 genter,
2257 3043 2538 3098 conveniri
2589 3049 2828 3112 oportet,
2857 3041 3092 3096 debitam
3126 3057 3234 3096 non
3273 3042 3513 3110 produnt
3547 3050 3601 3096 et

2016 3137 2400 3192 verecundiam
2423 3143 2476 3191 et
2515 3134 2901 3190 honestatem?
2942 3135 3001 3189 Si
3035 3134 3256 3204 quidem
3315 3134 3381 3188 ad
3416 3134 3599 3188 feren-

330 3221 526 3292 δήμοις
603 3224 1104 3292 ἐγκαταμιγνύνται
1179 3224 1274 3276 καὶ
1343 3226 1454 3289 τοῖς
1534 3225 1642 3279 τῶν
1697 3227 1908 3298 ἀνδρῶν

2017 3229 2140 3282 dum
2178 3226 2552 3282 testimonium
2578 3223 2909 3295 progressio,
2943 3239 3064 3278 cum
3094 3239 3159 3277 eo
3186 3223 3356 3294 (quod
3392 3224 3596 3277 multo-

331 3314 718 3384 ἐνστρέφονται
758 3316 1072 3385 πράγμασι,
1123 3313 1220 3384 τὴν
1271 3315 1536 3386 κειμένην
1589 3318 1646 3368 ἐν
1693 3320 1759 3388 τῇ
1811 3335 1909 3385 γυ-

330 3405 547 3476 ναικείᾳ
598 3405 759 3474 φύσει
809 3405 1112 3474 ὑποστολὴν
1146 3422 1206 3457 τε
1259 3406 1352 3458 καὶ
1399 3405 1534 3459 αίδὼ
1565 3407 1905 3475 ὑφαιρεῖται,

329 3497 426 3549 καὶ
453 3497 785 3562 προκόπτειν
819 3497 988 3560 αὐτὰς
1019 3498 1255 3550 ἐπασκεῖ
1307 3498 1445 3567 πρὸς
1495 3498 1795 3554 ἀναίδειαν.
1831 3501 1908 3553 Ού

333 3587 442 3657 μὴν
472 3587 610 3641 ἀλλά
639 3589 731 3640 καὶ
766 3587 925 3658 ὓϐριν
951 3589 1155 3659 τρόπον
1199 3587 1322 3641 τινὰ
1351 3590 1464 3650 τοῖς
1497 3589 1726 3660 ἀνδράσι
1753 3591 1910 3660 φέρει

332 3680 396 3732 τὸ
413 3675 707 3751 ’γινόμενον
732 3698 746 3712 υ
779 3681 831 3734 τί
857 3681 967 3752 γὰρ
995 3681 1062 3733 ἂν
1099 3681 1288 3751 ἕτερον
1310 3680 1468 3734 τοῦτο
1501 3679 1534 3750 ἢ
1581 3680 1738 3752 ὕϐρις
1791 3681 1910 3751 (καὶ

332 3769 494 3843 ὕϐρις
544 3775 576 3842 ἡ
612 3773 914 3844 βαρυτάτη)
947 3772 1124 3838 ἐσται,
1171 3773 1251 3835 είς
1284 3773 1468 3825 ἐκεῖνα
1497 3771 1568 3825 τά
1605 3773 1911 3843 πράγματα

329 3855 406 3917 ὧν
437 3866 754 3938 κυριωτάτη
788 3867 1045 3938 ἀνδράσιν
1073 3868 1108 3937 ἡ
1133 3865 1510 3936 μεταχείριας
1538 3867 1598 3920 τὸ
1642 3868 1906 3936 παριέναι

328 3956 391 4010 τὸ
417 3955 556 4028 θῆλυ
594 3960 752 4026 γένος
773 3975 790 4025 ;

401 4222 493 4275 Διὸ
523 4224 724 4290 μᾶλλον
749 4228 814 4297 τῇ
849 4226 1129 4298 συνηθείᾳ,
1169 4229 1204 4300 ἢ
1225 4229 1271 4262 ⁶⁰
1297 4229 1359 4283 τὸ
1394 4232 1640 4301 πταῖσμα
1671 4234 1764 4288 τοῦ
1797 4199 1894 4288 νό-

332 4327 437 4382 μου
459 4312 815 4387 διορθουμένη
843 4315 1164 4371 ἀπέκλεισεν
1193 4317 1384 4403 αὑταῖς
1411 4320 1510 4390 τὴν
1541 4321 1634 4375 ἐπὶ
1671 4323 1732 4375 τὸ
1756 4340 1900 4395 μαρ-

2016 3333 2135 3372 rum
2210 3317 2314 3371 illae
2376 3316 2654 3371 hominum
2730 3315 3162 3370 commiscentur
3211 3316 3597 3378 conventibus,

2014 3409 2354 3479 negotiisque
2407 3409 2764 3478 implicantur
2800 3406 3074 3472 virilibus)
3118 3407 3182 3459 ad
3228 3405 3456 3460 liberius
3515 3406 3599 3458 lo-

2012 3500 2289 3569 quendum
2323 3513 2484 3566 quam
2517 3496 2843 3550 mulieribus
2875 3497 3137 3550 decorum
3173 3496 3268 3558 sit,
3297 3494 3594 3564 fenestram

2011 3591 2219 3660 aperiat
2248 3604 2262 3643 :
2294 3588 2582 3643 muliebris
2641 3602 2806 3642 sexus
2849 3587 3160 3641 submissos
3187 3601 3394 3640 morem
3424 3584 3596 3653 pudo-

2010 3696 2236 3750 remque
2298 3679 2491 3734 adimit
2554 3689 2717 3749 atque
2781 3681 2928 3748 ipsas
2959 3678 3024 3732 ad
3060 3676 3506 3732 inverecundiam
3540 3683 3597 3731 et

2010 3772 2399 3843 procacitatem
2431 3781 2668 3826 exercet.
2691 3770 2810 3826 Jam
2845 3787 2974 3826 vero
3009 3786 3096 3827 res
3119 3771 3266 3825 illam
3303 3780 3595 3825 contume-

2011 3866 2136 3919 liam
2171 3865 2355 3934 aliquo
2384 3869 2545 3918 modo
2574 3864 2740 3916 etiam
2771 3864 2902 3920 viris
2927 3862 3106 3918 aﬂcrt.
3140 3863 3279 3929 Quid
3311 3863 3456 3917 enim
3492 3863 3598 3914 hoc

2011 3956 2158 4010 aliud
2192 3955 2294 4008 nisi
2315 3954 2670 4016 contumelia,
2701 3961 2755 4008 et
2771 3969 2831 4007 ea
2863 3953 3083 4022 quidem
3117 3953 3438 4022 gravissima
3467 3950 3591 4012 erit,

2019 4055 2064 4111 si
2090 4067 2322 4123 quarum
2349 4066 2530 4105 rerum
2565 4050 2819 4104 tractatio
2847 4051 3090 4103 virorum
3120 4049 3354 4102 maxime
3373 4047 3594 4117 propria

2015 4158 2122 4213 cet,
2155 4146 2221 4200 ad
2253 4146 2376 4200 illas
2407 4161 2571 4200 sexus
2597 4144 2758 4199 etiam
2793 4145 3061 4198 femineus
3089 4142 3406 4212 procederet
3427 4142 3452 4192 ?

2077 4239 2422 4307 Quapmpter
2451 4251 2558 4289 non
2580 4233 2756 4287 minus
2781 4233 3254 4294 consuetudinem,
3274 4246 3434 4300 quam
3457 4228 3592 4296 legis

2010 4337 2248 4381 erratum
2275 4325 2532 4395 majestas
2560 4331 2749 4378 nostra
2776 4322 3094 4393 corrigens,
3127 4322 3237 4374 illis
3275 4319 3342 4372 ad
3379 4326 3590 4373 testan-

1629 4531 1863 4588 VARUE
1896 4534 2187 4592 LECTION
2199 4537 2302 4590 IsS.

416 4692 460 4766 es
490 4692 781 4766 zuichuet
808 4692 1030 4766 Meerm.
1062 4696 1256 4766 γνώμῃ
1279 4697 1518 4766 ἀκριυεί.

1619 4698 1666 4731 ⁸⁸
1694 4698 1854 4754 Forte
1891 4696 1994 4766 οἷς,
2029 4713 2090 4756 ut
2119 4701 2182 4754 ad
2214 4714 2519 4767 πράγματα
2566 4702 2858 4767 reteratur.

2962 4693 3005 4724 ⁸⁷
3035 4690 3233 4745 Zuich.
3269 4695 3322 4742 et
3361 4683 3584 4739 Meerm.

329 4761 523 4834 ὀρέων.
597 4765 643 4796 ⁸⁸
673 4763 845 4820 Codd.
880 4761 1540 4836 Negatimtem'pmitluut,
1577 4766 1769 4839 Steph.
1797 4786 1911 4840 sup}

2017 4775 2092 4826 'it.
2169 4773 2212 4803 ⁶⁹
2235 4761 2414 4824 Cliti-ﬂ].
2448 4767 2546 4838 τὴν
2578 4765 2864 4837 συνήθειαν
2896 4763 2949 4833 ἦ.

1836 4950 2072 5007 NOTAE.

402 5106 611 5178 (25726)
638 5104 896 5178 Testisin
917 5115 1202 5178 contractu
1224 5109 1423 5166 mulier
1439 5123 1559 5165 esse
1574 5110 1894 5178 prohibetur
1931 5117 1972 5173 D
1998 5111 2340 5166 advocamur
2395 5109 2481 5164 vel
2518 5104 3148 5178 adhibenturmasculi.
3205 5104 3353 5158 ldem
3411 5119 3476 5172 pa
3492 5107 3584 5160 ulo

329 5174 434 5234 hac
460 5174 602 5248 Nov.
630 5176 770 5248 Gell.
806 5175 873 5248 6,_
897 5192 1018 5248 cap.
1050 5177 1102 5240 7,
1139 5180 1352 5244 scribit,
1379 5179 1513 5233 nulli
1557 5174 1774 5235 femina:
1803 5183 1888 5235 di-

2017 5192 2122 5236 )ost
2156 5189 2318 5248 negat
2356 5178 2637 5232 mulierem
2675 5175 2886 5248 admitti
2907 5174 2978 5248 ,ἐν
3033 5177 3161 5248 ταῖςΔ
3214 5180 3575 5248 συστατικαγῖς

327 5247 486 5304 (σθηύί
517 5247 815 5302 testimonii
853 5245 944 5315 jus
973 5247 1164 5312 fuisse,
1189 5257 1243 5304 et
1270 5249 1666 5305 Constantinus
1694 5251 1797 5314 l.l,
1821 5252 1881 5306 Ο.

327 5318 537 5388 Theod.
583 5317 656 5370 De
688 5324 827 5384 rapt.
854 5317 995 5388 virg.
1030 5319 1289 5388 mulieres
1341 5329 1588 5374 removet
1639 5335 1667 5371 a
1703 5331 1890 5388 postu-

324 5387 628 5459 lationibus
657 5393 711 5439 et
743 5385 1093 5459 testimoniis,
1147 5389 1514 5459 omnibusque
1544 5385 1714 5446 rebus
1733 5390 1887 5459 judi-

323 5456 547 5528 giariis:
596 5463 655 5509 ut
694 5466 761 5528 iet
799 5457 1118 5528 antiquitus
1173 5461 1390 5528 penitus
1426 5456 1886 5516 'removebantur.

325 5525 662 5595 llarmenop.
686 5527 736 5588 Ι,
770 5527 856 5580 tit.
889 5525 1144 5588 6.'relert
1169 5525 1429 5583 mulieres
1464 5529 1676 5584 admitti
1726 5529 1780 5582 in
1805 5536 1888 5584 te-

325 5597 668 5661 stimonium,
702 5595 830 5650 ἐνθα
858 5596 890 5666 ἦ
935 5596 1048 5668 τῷν
1081 5597 1293 5668 ἀνδρῶν
1322 5598 1412 5668 βία
1459 5599 1803 5668 ἀπείργεται,
1838 5606 1893 5653 et

324 5677 450 5734 post
471 5667 652 5736 capite
669 5684 734 5719 πε
746 5669 798 5733 ρὶ
822 5665 1241 5736 κεκωλυμένων,
1272 5665 1529 5724 mulieres
1552 5665 1699 5724 aitin
1731 5677 1895 5724 testa-

325 5734 528 5808 mentis
547 5734 668 5808 non
693 5737 926 5808 admitti,
948 5746 1006 5808 ut
1028 5734 1084 5790 et
1103 5735 1157 5789 in
1183 5736 1303 5808 aliis
1337 5738 1606 5808 negotiis:
1634 5741 1700 5793 iis
1732 5753 1892 5802 exce-

325 5806 461 5874 ptis,
491 5806 550 5860 ἐν
577 5801 657 5870 οἷς
687 5806 878 5876 ἄνδρες
909 5806 969 5860 ού
996 5801 1451 5875 προσκα).οὖνταῖ,
1483 5808 1536 5862 in
1558 5809 1758 5878 quibus
1785 5822 1891 5861 nou

2002 5242 2351 5321 μαρτυρίαις,
2394 5247 2605 5300 admitti
2639 5245 2875 5328 vero‘ait
2903 5245 2960 5328 ἐχ
2992 5246 3113 5328 aut;
3140 5242 3579 5328 ἀποδεικτικριῖς,

1999 5312 2237 5391 appellat
2264 5312 2443 5373 autem
2501 5315 2851 5379 συστατικὰς,
2916 5312 3207 5383 διαθήκην,
3244 5312 3577 5381 κοδίκελλον,

1999 5390 2208 5440 δωρεὰν
2238 5387 2385 5440 αἰτία
2416 5385 2647 5438 θανάτου
2698 5383 3088 5440 ἀποδοικτικάξ
3133 5382 3189 5434 δὲ
3234 5382 3333 5440 τὰς
3360 5382 3577 5440 λοιπὰς,

1998 5391 2208 5459 δωρεὰν
2238 5391 2385 5457 αἰτίᾳ
2416 5391 2647 5438 θανάτου
2698 5391 3088 5444 ἀποδοικτικάς
3133 5391 3189 5434 δέ
3234 5391 3333 5443 τας
3362 5391 3577 5449 λοιπὰς,

1999 5461 2052 5514 id
2081 5466 2188 5517 est,
2209 5454 2519 5526 jttdicialia,
2688 5454 2726 5507 1.
2746 5455 2842 5526 i8,
2868 5453 2920 5506 ΙῘ.
2953 5454 3027 5506 De
3077 5451 3458 5526 testam.__lcge

2003 5528 2107 5603 56,
2127 5527 2180 5583 Π.
2204 5519 2550 5603 Quitestam.
2579 5522 2670 5578 His
2695 5523 2830 5578 adde
2857 5537 2978 5603 quae
3004 5521 3195 5603 scripsi
3221 5521 3274 5574 2.
3301 5519 3468 5603 Ifeud.
3489 5523 3579 5590 3t,

2000 5594 2057 5653 in
2081 5600 2202 5660 tln.,
2235 5597 2322 5650 ubi
2373 5594 2586 5649 feminae
2619 5602 2970 5648 removentur
2993 5608 3022 5647 a
3060 5594 3375 5646 testimonio
3421 5594 3577 5644 inve.

2001 5669 2241 5734 stituraz,
2272 5665 2525 5737 quamvis
2557 5663 2780 5719 feudum
2842 5662 3078 5719 habeant
3111 5661 3182 5719 ab
3237 5661 3430 5718 eodem
3479 5661 3570 5716 do-

2003 5738 2172 5792 mino.

2072 5807 2182 5875 (ετ)
2223 5805 2280 5858 n.
2313 5807 2346 5860 ι.
2382 5803 2546 5868 18,(1.
2583 5804 2609 5874 §
2642 5803 2694 5858 6.
