4048 6444
453 331 563 397 5Ἰ9

1718 333 1997 394 LEONIS
2032 333 2161 393 PH]
2171 333 2494 394 LOSOPHI

3624 334 3726 396 5ιο

452 461 615 502 coeno
644 456 806 515 atque
849 446 962 499 luto
991 460 1182 501 omnes
1219 461 1520 518 emergere,
1559 448 1869 520 divinisque
1896 467 2026 520 prae-

2140 449 2503 520 κατέστημεν.
2548 447 2689 501 Ἀλλ’
2755 447 2880 499 ἐπεὶ
2936 445 3031 500 τοῦ
3084 443 3254 516 πηλοῦ
3293 445 3387 500 καὶ
3444 445 3544 515 τῆς
3579 447 3723 523 ίλύος

454 539 631 606 ceptis
660 538 713 590 in
741 537 940 590 caelum
1005 537 1329 595 tollentibus
1385 540 1585 594 elevari
1650 539 1870 597 dilIicile
1896 551 1981 598 est
2016 562 2029 597 :

456 628 695 681 humano
753 628 938 696 generi
998 630 1229 684 salutem
1283 632 1445 684 etiam
1476 632 1716 686 humana
1745 636 2036 703 prudentia

454 735 551 789 per
582 721 727 789 leges
752 734 881 773 suas
928 720 1229 776 adinvenit.
1286 721 1632 791 Quapropter
1683 726 1849 779 etiam
1888 742 2037 783 nunc

452 826 599 875 cum,
627 826 940 880 quanquam
971 812 1234 869 Dominus
1265 822 1318 867 et
1361 815 1619 870 Servator
1654 826 1841 873 noster
1870 819 2036 874 mise-

451 903 698 957 ricordes
727 918 849 957 esse
879 918 1183 974 eorumque
1212 906 1303 974 qui
1330 907 1513 974 inopia
1548 918 1876 977 premuntur
1908 911 2035 966 illos

450 994 543 1063 qui
595 994 766 1062 ipsius
813 994 972 1050 donis
1001 995 1247 1051 fruentes
1280 999 1333 1051 in
1364 998 1609 1053 allluenti
1666 1015 1851 1056 rerum
1875 1004 2034 1072 copia

450 1089 663 1151 vivunt,
697 1090 965 1158 angustiis
997 1104 1324 1144 succurrere
1361 1090 1612 1158 jusserit,
1673 1094 1919 1146 nonnulli
1950 1102 2032 1147 ta-

450 1195 572 1232 men
600 1179 674 1231 ita
706 1180 759 1232 in
816 1178 1104 1232 Dominum
1150 1180 1373 1249 ingrati,
1425 1197 1658 1251 ergaque
1688 1197 2033 1238 communem

452 1267 730 1320 hominum
773 1269 1153 1336 cognationem
1210 1271 1714 1325 commiserationis
1778 1281 2033 1342 expertes

450 1366 601 1421 sunt,
635 1368 693 1409 ut
722 1374 826 1411 non
860 1358 1023 1411 modo
1054 1375 1160 1411 non
1186 1360 1475 1429 benignam
1507 1377 1723 1415 manum
1746 1365 2034 1433 egentibus

453 1450 751 1516 prmbeant,
824 1466 1010 1502 verum
1076 1447 1264 1515 etiam,
1314 1461 1575 1520 tauquam
1628 1454 1761 1509 solis
1815 1471 2035 1524 qunque

450 1540 622 1594 radiis
664 1541 891 1595 tetricos
948 1543 1243 1596 thesauros
1268 1559 1399 1597 suos
1448 1546 1695 1614 aspicere
1732 1546 2030 1612 invideant,

453 1634 506 1685 in
539 1644 734 1686 terram
769 1633 890 1687 'rllos
918 1634 1201 1688 delodiant
1227 1654 1237 1687 :
1268 1637 1649 1690 deinhumano
1674 1638 1777 1690 hoc
1811 1638 2033 1694 invento

452 1724 768 1776 inmedium
841 1727 1013 1793 legem
1076 1728 1297 1794 prodire
1330 1729 1595 1795 Oportuit.
1629 1730 1761 1794 Quae
1810 1731 2030 1800 quidem

2140 536 2375 605 χαλεπὸν
2436 536 2690 605 ὑπεράνω
2741 534 2953 596 πάντας
2991 532 3247 600 γενέσθαι
3276 532 3373 586 καὶ
3424 536 3539 597 τοῖς
3588 539 3727 601 πρὸς

2136 628 2363 699 οὐρανὸν
2416 628 2704 697 ἐπαίρουσι
2775 626 2941 689 θείοις
3008 625 3339 695 ἐντάλμασιν
3390 626 3723 696 ἐπαρθῆναι,

2136 720 2333 791 ἐφεῦρε
2359 721 2452 773 καὶ⁸
2481 724 2512 788 ὴ
2551 718 2867 788 ἀνθρωπίνη
2904 717 3133 788 πρόνοια
3176 717 3266 770 διὰ
3324 717 3614 787 δογμάτων
3640 720 3723 773 oi.

2137 812 2299 864 κείων
2351 813 2627 883 σωτηρίαν
2659 812 2737 881 τῷ
2765 810 3093 881 ἀνθρωπίνῳ
3124 809 3245 880 βίῳ.
3287 811 3387 863 Διά
3435 809 3594 862 τοῦτο
3627 810 3727 863 καὶ

2136 905 2230 956 νῦν
2256 944 2270 969 ,
2300 905 2392 956 τοῦ
2439 905 2708 957 Δεσπότου
2743 904 2837 956 καὶ
2871 902 3125 972 Σωτῆρος
3154 902 3315 971 ἡμῶν
3368 900 3723 970 οίκτίρμονας

2136 990 2271 1047 εἶναι
2298 997 2761 1065 παρεγγυωμένου
2784 1033 2800 1056 .
2832 996 2926 1047 καὶ
2963 994 3073 1047 τῶν
3129 992 3335 1063 ἀπορία
3378 991 3723 1061 πιεζομένων

2135 1088 2282 1151 τοὺς,
2308 1089 2423 1139 ὅσοι
2450 1086 2560 1138 τῶν
2589 1086 2801 1139 ἐκείνου
2832 1086 3052 1155 δωρεῶν
3082 1084 3449 1146 ἀπολαύοντες
3476 1086 3532 1137 ἐν
3559 1083 3726 1137 εὑποο

2141 1181 2231 1251 ρίᾳ
2262 1180 2556 1243 διαὸιοῦσι,
2585 1179 3033 1249 παραμυθεῖσθαι
3061 1178 3162 1247 τὴν
3179 1174 3729 1243 στενοχωρίαν,ἐπεί·

2136 1288 2241 1341 περ
2272 1272 2415 1334 τινὲς
2449 1270 2736 1340 ἀχάριστοι
2775 1270 2875 1337 μὲν
2918 1269 3047 1340 περὶ
3092 1268 3185 1320 τὸν
3214 1267 3483 1336 δεσπότην
3538 1264 3719 1327 ὄντες,

2136 1362 2481 1430 ἀσυμπαθεῖς
2510 1362 2567 1413 δὲ
2598 1362 2729 1431 περὶ
2757 1360 2816 1412 τὸ
2845 1359 3125 1426 συγγενὲς,
3174 1358 3236 1410 οὐ
3266 1357 3423 1424 μόνον
3451 1356 3550 1407 οὑκ
3596 1354 3723 1424 όρέ-

2136 1469 2291 1513 γουσι
2320 1455 2478 1522 χεῖρα
2510 1451 2660 1503 ἐλέου
2700 1452 2811 1511 τοῖς
2838 1450 3154 1521 χρῄζουσιν,
3204 1446 3317 1499 ἀλλ’
3347 1445 3536 1515 ὥσπερ
3594 1443 3728 1513 φθο-

2135 1542 2353 1605 νοῦντες
2380 1542 2476 1596 καὶ⁵
2503 1541 2702 1609 αὐγαῖς
2749 1541 2904 1609 ἡλίου
2932 1541 3060 1603 τοὺς
3116 1537 3325 1591 ἑαυτῶν
3360 1537 3724 1607 σκυθρωποὺς

2135 1634 2266 1705 ὁρᾷν
2320 1635 2649 1705 θησαυροὺς,
2696 1637 2766 1704 γῇ
2800 1634 3023 1697 τούτους
3053 1630 3500 1700 κατορύττουσιν,
3533 1630 3726 1697 ἐδέησε

2136 1727 2232 1779 καὶ
2262 1727 2390 1796 περὶ
2420 1726 2625 1796 ταύτης
2682 1729 2783 1796 τῆς
2824 1722 3197 1795 ἀπανθρώπου
3253 1723 3499 1785 ἐπινοίας
3556 1722 3726 1790 νόμον

447 1814 533 1867 lea:
561 1829 683 1868 cum
735 1815 864 1869 olim
903 1817 1009 1869 lata
1058 1819 1237 1877 luerit,
1284 1818 1423 1871 victa
1466 1827 1645 1874 autem
1682 1822 2026 1890 postmodum

2138 1819 2216 1880 είς
2248 1788 2361 1887 βίον
2384 1788 2922 1880 ἐλθεῖνίῗὋςπάλαι
2958 1788 3056 1886 μέν
3105 1815 3508 1885 ἐκτεθειμένος,
3531 1788 3728 1867 πλεον-

446 1919 477 1957 a
512 1906 826 1975 cupiditate,
889 1924 1013 1977 quae
1072 1910 1273 1964 multas
1306 1911 1556 1980 egregias
1586 1927 1674 1967 res
1712 1913 2028 1979 labefactat,

447 2000 517 2052 ab
540 2001 839 2071 eademque
871 2017 970 2057 suo
1002 2004 1185 2074 vigore
1214 2005 1428 2073 privata
1468 2007 1541 2062 sit
1584 2024 1598 2062 :
1631 2023 1777 2062 nunc
1815 2010 1883 2063 ab
1929 2010 2033 2063 im-

446 2088 717 2153 peratoria
746 2100 934 2144 nostra
964 2091 1253 2160 majestate
1285 2096 1338 2148 in
1372 2094 1650 2165 integrum
1704 2098 2030 2153 restituitur.

443 2171 680 2229 Juhebat
712 2186 894 2231 autem
958 2181 1049 2233 illa
1105 2182 1242 2250 (41),
1280 2194 1338 2236 ut
1373 2184 1467 2252 qui
1503 2184 1558 2237 in
1582 2183 1867 2239 defossum
1910 2188 2034 2241 the-

446 2280 670 2319 Saurutn
741 2266 1058 2332 incidisset,
1092 2272 1134 2323 si
1172 2272 1436 2338 praedium
1497 2273 1550 2326 in
1603 2289 1714 2343 quo
1777 2276 2033 2330 inventus

446 2363 615 2418 esset,
648 2355 714 2408 ad
745 2358 1049 2426 principem
1090 2360 1201 2429 (49.)
1257 2362 1577 2431 pertineret,
1631 2365 1903 2434 alioquive
1932 2384 2033 2436 pu-

448 2445 650 2499 blicum
681 2456 849 2512 esset,
910 2451 1061 2503 illum
1095 2467 1159 2505 ex
1192 2468 1350 2522 aequo
1384 2469 1507 2508 cum
1542 2455 1675 2510 ﬁsco
1707 2459 2030 2526 partiretur,

447 2537 493 2591 si
519 2554 647 2592 vero
676 2540 831 2595 locus
887 2544 1031 2597 unde
1085 2546 1377 2601 thesaurus
1413 2549 1465 2601 in
1501 2549 1679 2603 lucem
1710 2552 2030 2619 prodiisset,

446 2642 624 2696 neque
658 2630 726 2683 ad
780 2632 1084 2701 principem
1139 2636 1468 2704 pertineret,
1523 2654 1701 2706 neque
1746 2642 2029 2710 publicus,

443 2718 541 2773 sed
569 2720 793 2777 alterius
819 2723 1126 2794 cujuspiam
1157 2736 1321 2791 esset,
1356 2729 1403 2783 is
1438 2730 1742 2798 :equalibus
1781 2733 2031 2801 partibus

442 2811 586 2868 inter
617 2813 957 2870 inventorem
998 2818 1294 2888 prrediique
1315 2822 1599 2875 dominum
1629 2822 1971 2878 divideretur
2010 2844 2023 2879 :

442 2902 678 2974 denique
706 2907 1080 2965 siinventoris
1117 2912 1379 2980 praadium
1435 2921 1604 2979 esset,
1664 2916 1764 2985 ipsi
1824 2931 1911 2970 res
1949 2917 2032 2971 in-

441 3004 606 3049 venta
636 3000 890 3053 universa
923 3003 1164 3057 cederet.
1218 3004 1392 3073 Atque
1415 3005 1529 3060 haec
1563 3009 1787 3076 quidem
1821 3009 1905 3064 lex
1936 3010 2026 3063 illa

2135 1909 2386 1979 εκτηθεὶς
2418 1910 2474 1963 δὲ
2524 1912 2657 1979 παρ’
2689 1904 2767 1982 ἧς
2814 1909 2985 1961 πολλὰ
3040 1908 3147 1961 τῶν
3177 1907 3358 1960 καλῶν
3383 1906 3731 1975 διαλυμαίνε-

2134 2016 2225 2052 ται
2297 1999 2615 2064 πλεονεξίας
2679 2001 2776 2054 καὶ
2817 2001 2919 2053 ὑπ’
2974 2000 3145 2065 αὐτῆς
3174 1999 3235 2053 τὸ
3271 2001 3471 2052 οἰκεῖον
3520 1997 3728 2067 κράτος

2133 2090 2533 2162 ἀφῃρημένος,
2581 2089 2680 2143 νῦν
2766 2091 2917 2159 παρά
2961 2090 3059 2159 τῆς
3099 2088 3380 2159 ἡμετέρας
3446 2086 3727 2157 βασιλείας

2133 2183 2290 2236 τοῦτο
2348 2184 2511 2238 πάλιν
2560 2184 2975 2253 ἀνακομίζεται.
3031 2183 3285 2236 Ἐκέλευε
3344 2183 3451 2251 γάρ
3484 2183 3512 2234 6
3559 2180 3729 2248 νόμος

2134 2274 2222 2326 τὸν
2252 2274 2330 2344 τῷ
2367 2274 2849 2345 κατορωρυγμένῳ
2877 2275 3241 2345 περιτυχόντα
3280 2272 3543 2343 θησαυρῷ
3567 2273 3636 2332 δι,
3674 2272 3726 2322 εί

2137 2365 2236 2432 μὲν
2270 2364 2551 2433 βασιλικὸν
2587 2367 2671 2433 εἴη
2704 2367 2763 2417 τὸ
2793 2368 2997 2437 χωρίον
3026 2366 3058 2434 ἢ
3084 2365 3342 2435 δημόσιον
3376 2365 3572 2427 ἄλλως,
3606 2364 3727 2416 δια-

2134 2455 2469 2525 κληροῦσθαι
2514 2456 2604 2509 τὸν
2666 2458 2897 2527 εὑρόντα
2949 2458 3149 2511 καὶτὸ
3202 2457 3461 2527 δημόσιον
3524 2457 3728 2521 ἐπίσης

2133 2546 2194 2599 τὸ
2228 2546 2447 2617 εῦρημα
2471 2564 2483 2577 ·
2518 2549 2566 2599 εί
2595 2548 2640 2600 δ’
2665 2550 2693 2599 6
2724 2552 2912 2611 τόπος,
2945 2548 3002 2611 ὃς
3030 2548 3121 2600 τὸν
3163 2547 3437 2617 θησαυρὸν
3470 2548 3549 2610 είς
3603 2548 3725 2617 φῶς

2134 2632 2386 2702 ἤνεγκεν,
2417 2634 2541 2688 οὔτε
2573 2635 2841 2705 βασίλειος
2868 2636 2993 2689 οῦτε
3044 2638 3306 2706 δημόσιος
3363 2637 3478 2691 ἀλλ’
3532 2638 3722 2706 ἐτέρου

2131 2723 2276 2785 τινὸς
2304 2726 2620 2795 προσώπου,
2667 2728 3001 2798 ἀμφοτέροις
3036 2728 3237 2799 ὁμοίως
3268 2729 3350 2799 τῷ
3397 2746 3456 2781 τε
3492 2746 3721 2799 περιτυ-

2133 2814 2280 2883 χόντι
2306 2817 2399 2868 καὶ
2436 2815 2514 2887 τῷ
2552 2817 2647 2869 τοῦ
2697 2818 2899 2887 χωρίου
2952 2819 3190 2892 δεσπότῃ
3239 2820 3395 2873 τοῦτο
3422 2820 3467 2851 ⁸⁸
3519 2820 3721 2890 ἐπίσης

2129 2904 2517 2976 διανέμεσθαι·
2552 2909 2599 2961 εί
2634 2908 2690 2961 δὲ
2731 2911 2827 2962 τοῦ
2872 2910 3124 2979 εὑρόντος
3172 2910 3231 2962 τὸ
3275 2912 3499 2982 χωρίον.
3550 2910 3717 2964 αὑτοῦ

2130 2998 2225 3051 καὶ
2256 2998 2316 3052 τὸ
2347 3000 2454 3052 πᾶν
2493 2998 2717 3070 εὕρημα
2750 2998 2911 3057 εἶναι.
2944 3002 3160 3055 Ταῦθ’ί)
3191 3003 3359 3072 νόμος
3405 3004 3718 3057 ἐθέσπισεν.

443 3085 645 3140 sanxit.
680 3087 877 3142 Verum
940 3091 1052 3160 (45)
1096 3109 1350 3161 perversa
1411 3098 1683 3165 cupiditas
1730 3100 1874 3154 haud
1911 3101 2026 3156 scio

2131 3087 2272 3141 Ἀλλ’
2309 3091 2341 3161 ἡ
2377 3091 2556 3161 φαύλη
2588 3092 2873 3157 πλεονεξία
2898 3093 2998 3147 οὐκ
3031 3090 3127 3146 οἷδ’
3160 3093 3308 3158 ὅπως
3355 3094 3549 3147 τοῦτον
3601 3111 3713 3148 πα·

442 3180 720 3245 quomodo
754 3181 841 3233 illa
891 3183 1329 3253 circumscripta,
1364 3187 1660 3257 iniquoque
1710 3191 1865 3244 lucro
1887 3192 2023 3247 lisco

443 3268 664 3335 donato,
693 3272 765 3325 illi
798 3272 851 3326 in
880 3274 1025 3328 hunc
1049 3291 1223 3345 usque
1244 3277 1385 3332 diem
1407 3278 1686 3334 inventum
1702 3281 2021 3338 thesaurum

441 3360 719 3425 attribuit,
752 3362 1037 3432 legemque
1067 3367 1297 3421 otiosam
1329 3368 1589 3423 reddidit.
1620 3371 1688 3425 At
1716 3371 1846 3441 quid
1894 3372 2024 3427 hinc

441 3452 750 3522 contingit?
776 3455 877 3521 Qui
912 3456 1112 3512 alicubi
1153 3460 1470 3517 reconditos
1524 3462 1697 3517 latere
1732 3462 2026 3523 thesauros

441 3544 786 3609 sciunt,dum
812 3548 949 3601 alios
975 3549 1257 3606 laboribus
1277 3551 1393 3606 suis
1423 3553 1613 3623 gavisu
1625 3569 1736 3619 ros,
1759 3570 1818 3610 se
1844 3566 2022 3612 autem

442 3634 649 3688 frustra
678 3636 800 3691 illos
834 3637 1177 3705 subdituros,
1207 3642 1339 3711 quin
1377 3653 1431 3698 et
1488 3644 1767 3700 interdum
1795 3649 2018 3704 acerbis

439 3726 938 3784 examinationibus
980 3724 1382 3799 ‘subjiciendos
1438 3737 1819 3801 considerant,
1889 3740 2017 3795 illos

440 3817 772 3887 investigare
801 3821 1116 3890 negligant:
1152 3823 1343 3893 itaque
1384 3825 1436 3879 in
1467 3836 1792 3896 perpetuum
1830 3844 2026 3885 recon-

437 3908 551 3963 dita
588 3920 811 3966 manent
837 3921 891 3967 et
919 3922 1173 3983 pereunt,
1221 3932 1343 3986 quae
1390 3918 1444 3972 in
1513 3908 1713 3974 lucem
1756 3922 2023 3991 producta

439 4017 693 4071 magnam
726 4004 1039 4063 hominibus
1070 4017 1229 4062 erant
1263 4010 1548 4065 utilitatem
1588 4012 1845 4067 allatura.

507 4174 770 4233 Jubemus
793 4196 945 4250 ergo,
972 4184 1051 4235 uti
1086 4184 1199 4253 (M)
1242 4184 1491 4254 deinceps
1538 4190 1839 4243 secundum
1870 4202 2021 4247 vete-

437 4267 516 4322 ris
542 4269 677 4337 legis
706 4273 1013 4339 aequitatem
1042 4274 1325 4341 iudicetur
1348 4296 1364 4344 ;
1390 4288 1443 4333 et
1469 4281 1692 4349 quando
1725 4282 2021 4341 thesaurus

438 4359 640 4427 aliquis
665 4361 919 4418 inventus
954 4365 1141 4430 luerit,
1193 4369 1237 4422 si
1278 4370 1430 4424 locus
1475 4372 1565 4425 ubi
1623 4372 1878 4429 inventus
1909 4385 2013 4439 est,

2132 3180 2558 3252 ραλογισαμένη,
2596 3184 2788 3255 κέρδος
2837 3184 3022 3237 ἄδικον
3074 3184 3150 3254 τῷ
3180 3185 3429 3255 δημοσίῳ
3492 3186 3719 3256 χαριςοο

2129 3268 2265 3341 μένη
2297 3272 2491 3341 ἐκείνῳ
2526 3272 2689 3343 μέχρι
2718 3272 2812 3325 τοῦ
2844 3274 2939 3328 νῦν
2966 3275 3057 3329 τὸν
3092 3276 3485 3347 εὑρισκόμενον
3532 3277 3719 3331 δίδωσι

2126 3359 2397 3430 θησαυρὸν
2424 3366 2504 3427 είς
2556 3364 2830 3433 ἀπραξίαν
2864 3366 2956 3419 τὸν
3013 3367 3177 3436 νόμον
3220 3369 3619 3439 περιστήσασα.
3652 3370 3719 3423 Τί

2123 3449 2219 3506 οὖν
2252 3454 2315 3506 ἐκ
2346 3454 2535 3508 τούτου
2573 3457 2860 3526 συμϐαίνει
2887 3475 2901 3522 ;
2942 3458 3143 3526 γνῶσιν
3174 3459 3391 3529 ἔχοντες
3417 3460 3718 3531 θησαυρῶν

2124 3548 2653 3617 κατορωρυγμένων,
2680 3548 3009 3613 ἐννοοῦντες,
3049 3553 3131 3605 ὅτι
3154 3556 3266 3616 τοῖς
3299 3553 3479 3606 αὑτῶν
3532 3552 3718 3617 πόνοις,

2126 3637 2456 3709 ἡσθήσονται
2495 3638 2706 3707 ἕτεροι,
2767 3641 2925 3694 αὐτοὶ
2970 3642 3027 3695 δὲ
3084 3644 3265 3713 μάτην
3319 3644 3717 3714 ὑποστήσονται

2123 3728 2215 3781 τὸν
2247 3730 2513 3799 κάματον,
2549 3731 2609 3784 οὑ
2643 3730 2804 3800 μόνον
2865 3732 2921 3785 δὲ
2954 3733 3069 3786 ἀλλ’
3131 3736 3306 3789 ἐνίοτε
3341 3736 3434 3789 καὶ
3490 3737 3717 3804 πικραῖς

2123 3818 2435 3883 ἐξετάσεσιν
2476 3820 2985 3891 ὑποδεδλήσονται,
3024 3822 3176 3893 παρά
3232 3822 3437 3893 φαῦλον
3494 3822 3713 3876 ποιοῦν-

2123 3924 2213 3963 ται
2244 3909 2345 3979 τὴν
2390 3909 2615 3980 ἔρευναν
2641 3910 2735 3963 καὶ
2784 3910 3055 3978 λαμϐάνει
3086 3912 3258 3977 οὓτως
3310 3912 3526 3977 αἰώνιος
3580 3914 3714 3967 61:6-

2124 4000 2323 4069 κρυψις
2355 4002 2448 4053 καὶ
2471 4001 2738 4069 ἀπώλεια,
2768 3999 2898 4075 ὧνὴ
2931 4006 3246 4076 φανέρωσις
3298 4006 3569 4075 ὠφέλειαν
3619 4006 3715 4060 ἀν·-
3776 4026 3781 4031 λ

2126 4088 2367 4160 θρώποις
2402 4092 2595 4163 ἔμελλε
2630 4096 3147 4166 πραγματεύεσθαι.
3502 4174 3504 4178 λ

2196 4206 2513 4275 Κελεύομεν
2542 4208 2743 4273 τοίνυν,
2778 4210 2921 4263 κατὰ
2949 4210 3047 4279 τὴν
3108 4210 3459 4281 δικαιοσύνην
3484 4210 3579 4264 τοῦ
3608 4212 3713 4282 ἀρ·

2122 4299 2278 4367 χαίου
2332 4298 2499 4368 νόμου
2583 4301 2678 4354 καὶ
2749 4302 2857 4354 ἀπὸ
2931 4302 3027 4356 τοῦ
3082 4304 3350 4373 παρόντος
3412 4304 3713 4372 γίνεσθαι,

2122 4389 2218 4442 καὶ
2250 4390 2528 4461 θησαυροῦ
2581 4393 2921 4464 εὑρεθέντος,
2959 4395 3008 4446 εί
3039 4394 3137 4464 μὲν
3167 4397 3195 4447 ὁ
3252 4395 3443 4449 τοῦτον
3505 4396 3710 4464 ἐξαγα-

444 4450 499 4504 in
534 4451 770 4521 publicis
830 4455 1267 4525 imperatoriisve
1307 4461 1493 4518 fundis
1542 4464 1633 4528 sit,
1670 4464 1923 4522 inventor
1948 4470 2016 4523 il-

2130 4481 2234 4549 γὼν
2253 4450 2552 4547 τόποςΙτῶν
2602 4450 2942 4557 δημοσίωνἿῆ
2983 4450 3092 4539 τών
3136 4486 3427 4556 βασιλείων
3476 4450 3562 4557 εἴη
3593 4450 3711 4558 χω-

436 4541 548 4593 lutn
579 4556 703 4595 cum
743 4544 877 4599 lisco
942 4549 1241 4615 partiatur:
1299 4553 1344 4606 si
1395 4569 1526 4608 vero
1576 4556 1805 4612 alterius
1832 4559 2021 4628 cujus-

2123 4572 2277 4642 ρίων,
2313 4575 2454 4643 μετά
2531 4576 2626 4629 τοῦ
2674 4577 2940 4646 δημοσίου
2978 4578 3069 4630 τὸν
3117 4579 3441 4648 εὑρίσκοντα
3489 4578 3711 4648 μερίζε-

436 4632 579 4699 piam
608 4631 699 4694 sit,
734 4636 905 4689 simili
938 4638 1099 4692 modo
1133 4640 1312 4708 ipsum
1338 4650 1393 4696 et
1442 4645 1718 4711 inventor,
1746 4658 1799 4703 et
1828 4649 1931 4703 loci
1964 4652 2018 4705 in

438 4737 538 4743 -__-
574 4724 713 4743 ,ιω
910 4729 921 4739 .
1079 4738 1090 4743 -
1329 4734 1341 4743 .
1447 4736 1457 4743 .
1616 4737 1627 4743 -

2130 4631 2274 4729 σθαι,
2307 4631 2355 4719 ἐξ
2413 4667 2459 4719 δ’
2506 4668 2695 4739 ἐτέρου
2727 4631 2900 4731 ,τινος
2962 4631 3281 4739 προσώπου,
3338 4631 3710 4743 παραπλησίῳ

433 4737 543 4790 quo
574 4724 867 4782 thesaurus
909 4729 1166 4785 inventus
1194 4744 1277 4787 est
1311 4734 1569 4792 dominus
1614 4737 1758 4795 inter
1790 4756 1848 4795 se
1874 4743 2017 4797 divi-

438 4808 559 4831 .ὶ--..
616 4814 651 4831 IV
712 4825 723 4831 -
968 4819 978 4829 ι
1020 4821 1029 4830 .
1201 4822 1211 4831 .

2130 4724 2307 4827 τρόπῳ
2354 4759 2515 4811 αὑτόν
2569 4724 2628 4813 τὲ
2678 4760 2770 4813 τὸν
2833 4724 3155 4831 εὑρίσκοντα
3200 4724 3373 4815 "erat
3399 4724 3490 4815 τὸν
3512 4724 3708 4830 κύριον

432 4808 587 4865 dant.
614 4814 886 4870 Caeterum
936 4819 982 4873 si
1019 4821 1299 4890 improbus
1327 4840 1467 4889 esse,
1495 4842 1674 4896 neque
1732 4831 2006 4902 quidquid

434 4906 699 4968 repererit
722 4908 975 4963 conﬁteri
1016 4912 1269 4967 inventor
1326 4931 1489 4971 omne
1536 4919 1684 4983 velit,
1733 4923 1827 4977 sed
1886 4924 2013 4979 dolo

434 4994 843 5067 mendaciisque
863 5016 927 5055 ex
966 5017 1024 5057 re
1046 5013 1264 5075 reperta
1317 5010 1582 5065 nonnulla
1617 5012 1897 5081 detineat;
1947 5018 1999 5071 in

2116 4848 2211 4900 τοῦ
2239 4850 2329 4901 τὸν
2366 4850 2640 4920 θησαυρὸν
2686 4853 2973 4917 ἀναδόντος
3029 4856 3233 4926 χωρίου
3285 4858 3384 4926 τὴν
3443 4857 3711 4926 διανομὴν

2121 4940 2414 4994 ποιεῖσθαι.
2439 4942 2499 4993 Ei
2535 4944 2786 5011 μέντοιγε
2817 4946 2951 5013 πρὸς
2987 4947 3378 5017 ἀγνωμοσύνην
3406 4947 3503 5000 ίδοι
3524 4949 3552 4999 ὁ
3577 4946 3709 4998 τοῦ-

2108 5039 2200 5075 τον
2246 5026 2426 5093 εὑρὼν
2491 5029 2585 5081 καὶ
2635 5027 2711 5100 μὴ
2742 5032 2848 5085 πᾶν
2896 5033 2959 5083 τὸ
3016 5033 3247 5104 εὑρηθέν
3305 5032 3708 5104 ἀνομολογῆσαι

1726 5168 1960 5225 VARUE
2003 5174 2414 5238 LECTIONES.

430 5244 1456 5391 ΜὲἐΐῗιοτέιὲἕῆΞὲζακατορωρυγμένον
1482 5290 1551 5302 -
1584 5261 1879 5335 θησαυρόν.
1919 5266 2111 5324 Zuich.
2149 5284 2203 5328 et
2229 5275 2455 5334 Meerm.
2487 5280 2566 5350 τῷ
2606 5282 2724 5335 κτλ,
2784 5282 2829 5314 ο,
2850 5281 3042 5339 Melius
3068 5283 3282 5347 τοῦτον.
3347 5284 3392 5314 ηδ
3422 5281 3616 5339 Zuich.
3650 5292 3702 5336 ρ,

1960 5450 2191 5509 ΝΟιᾹΞ.

503 5524 791 5621 μίληὲει
823 5530 876 5593 δ’
913 5530 940 5600 §
974 5533 1062 5597 1ον
1104 5534 1159 5590 η’·
1188 5535 1262 5592 De
1293 5537 1402 5607 iur.
1434 5539 1548 5595 ﬁsci
1583 5541 1609 5611 §
1648 5541 1899 5609 59,1nst.
1934 5543 2011 5598 De
2120 5563 2275 5621 num,
2309 5550 2476 5621 certis
2509 5553 2853 5621 temporibus
2885 5569 2995 5607 non
3025 5551 3192 5609 fuisse
3226 5553 3277 5605 in
3313 5566 3436 5607 usu.

436 5597 765 5693 "5123“.13-.
812 5668 878 5693 ,η
919 5597 979 5693 ν..
1023 5681 1040 5693 ,
1099 5673 1121 5693 ο
1161 5676 1192 5693 η
1293 5597 1311 5607 ⁷
1584 5597 1609 5611 υ
1725 5597 1736 5609 ’
1993 5597 2006 5598 7
3002 5597 3229 5693 §u9:vin
3273 5639 3433 5677 usum
3472 5635 3691 5679 revoca.

507 5665 624 5799 “ei
652 5666 711 5717 ὓ.
742 5666 769 5735 §
802 5668 899 5747 ,ίθν
930 5672 1062 5753 (lict:
1098 5673 1125 5743 §
1161 5676 1213 5729 9.
2119 5665 2622 5746 ιιιιῖ”ει”ι,ἶεῖ›ἰὶὲῖ””“
2656 5665 2709 5678 ω
2741 5665 2767 5691 δ
2809 5665 2823 5701 ἡ

510 5730 602 5797 (λ⁵5
664 5733 777 5791 Hoc
803 5750 978 5794 tuttur!
1003 5743 1209 5799 dictum
1230 5747 1255 5799 Β
1278 5747 1572 5799 decimum.
1598 5763 1652 5799 cl
1686 5753 1819 5799 dict-
1860 5752 1887 5799 8
1916 5768 2008 5799 nn.

510 5688 602 5725 vi:
652 5688 711 5717 υ.
742 5688 769 5735 3
802 5688 899 5747 _w,
930 5688 1062 5753 uter.
1098 5688 1125 5743 9
1161 5688 1213 5729 υ.
1383 5749 1394 5761 θ
2119 5693 2209 5741 tur
2237 5704 2266 5741 a
2309 5688 2510 5746 Leone.

510 5688 624 5799 (ὣς
664 5733 777 5791 lloc
803 5750 978 5794 tnnurt
1003 5743 1209 5799 dictum
1230 5747 1255 5816 §
1278 5747 1573 5816 dccunum,
1598 5763 1652 5807 et
1686 5753 1820 5809 dict.
1860 5752 1887 5818 ἣ
1915 5768 2008 5809 no-
