4048 6446
473 340 582 407 543

1742 339 1937 402 LEON
1943 340 2020 404 IS
2044 341 2510 405 PHILOSOPHI

3643 348 3749 415 5M

463 450 570 505 dus
615 444 837 517 habeat)
895 445 1010 501 sive
1041 443 1360 502 vetustioris
1400 443 1710 516 cujuspiam
1751 447 2036 517 principis,

2155 451 2374 520 ττέρων,
2423 451 2489 505 ἄν
2541 468 2599 504 τε
2638 451 2748 505 τῶν
2795 452 3082 522 ὀψιγόνων,
3113 454 3183 508 δι’
3217 454 3332 508 τσου
3356 456 3455 511 καὶ
3481 457 3751 527 τιμᾶσθαι

462 541 580 596 sive
611 535 928 592 recentioris
952 536 1046 599 sit,
1092 537 1377 604 mqualiter
1424 543 1479 590 et
1526 536 1848 602 aestimetur,
1896 546 1950 591 et
1982 538 2037 590 in

463 628 734 698 republica
769 634 1054 681 tractetur.
1090 627 1259 682 Poena
1292 641 1420 680 vero
1453 640 1645 680 eorum
1714 627 1806 696 qni
1848 627 2038 682 rebelli

464 724 650 774 animo
675 719 957 773 decretum
984 720 1089 773 hoc
1121 727 1496 782 contemnent,
1527 718 1714 783 fuerit,
1752 727 1813 774 ut
1853 720 2041 788 ﬂagris

464 812 764 874 czedantur,
788 816 842 862 et
874 816 1000 862 cute
1025 808 1138 879 (52)
1173 819 1331 864 tenus
1359 811 1714 875 tondeantur,
1784 811 2042 880 insuper-

461 913 569 967 que
601 897 767 952 libras
792 897 912 952 auri
946 905 1057 952 tres
1091 898 1426 966 dependant.

924 988 1392 1046 CONSTITUTIO
1438 990 1572 1046 LIII.

464 1076 534 1133 Ut
553 1078 742 1148 cuique
765 1091 875 1134 tam
905 1081 1051 1134 intra
1085 1081 1324 1152 civitates
1360 1099 1522 1152 quam
1575 1091 1753 1148 extra,
1800 1095 2040 1140 mortuos

956 1151 1176 1220 sepelire
1207 1151 1381 1207 liceat,
1415 1153 1552 1224 (55).

529 1413 678 1468 Idem
715 1413 1016 1484 imperator
1050 1416 1229 1472 eidem
1272 1416 1550 1490 Styliano.

534 1503 652 1560 Itea
694 1508 916 1576 quidem
967 1510 1262 1576 sententia,
1290 1511 1436 1583 leges
1472 1512 1660 1568 civiles
1694 1529 1804 1569 non
1833 1528 1894 1569 ea
1929 1528 2049 1569 mo-

461 1594 534 1651 do
563 1612 684 1666 qua:
710 1600 990 1677 communi
1022 1601 1369 1656 subditorum
1400 1603 1523 1658 vita:
1550 1605 1763 1673 prosint
1793 1606 2046 1674 praescri-

461 1686 625 1742 bere:
659 1703 846 1742 verum
875 1690 943 1745 de
975 1691 1042 1746 iis
1069 1693 1231 1746 etiam
1264 1693 1357 1764 qui
1389 1693 1506 1764 jam
1557 1695 1724 1750 vitam
1761 1696 2043 1761 finierunt,

2151 545 2262 598 καὶ
2295 543 2695 601 πολιτεύεσθαι.
2726 547 2861 616 Δίκη
2893 546 2950 598 δὲ
2981 549 3094 610 τοῖς
3118 549 3489 619 καταφρονεῖν
3516 549 3750 619 ἀπονοη-

2151 635 2291 688 θεῖσι
2329 635 2421 688 τοῦ
2448 637 2747 706 ὁρίσματος
2779 638 2835 688 αί
2868 637 2948 699 εἰς
2990 637 3053 689 τὸ
3100 635 3263 706 σῶμα
3307 637 3398 692 διὰ
3465 639 3754 707 μαστίγων

2150 725 2358 795 πληγαὶ
2383 727 2478 780 καὶ
2497 726 2699 797 τριχῶν
2731 729 2956 798 κουρεία
2989 729 3046 781 ὲν
3084 727 3226 799 χρῷ,
3251 728 3348 781 καὶ
3373 729 3603 800 προσέτι
3618 745 3756 800 χρυ-

2152 819 2269 874 σίου
2289 818 2456 890 τριῶν
2482 818 2680 891 λιτρῶν
2702 820 2736 892 ἡ
2761 820 3037 883 ἀπότισις.

2751 997 3064 1052 ΔΙΛΤᾹΞΙΣ
3092 996 3217 1052 NI".

2159 1086 2296 1156 "cpi
2317 1086 2420 1140 τοῦ
2449 1087 2790 1142 ἀθετεῖσθαι
2815 1089 2925 1142 τὸν
2947 1091 3276 1143 κελεύοντα
3308 1087 3500 1157 νόμον
3520 1086 3751 1151 ἔξωθεν·

2226 1157 2330 1225 τῆς
2364 1158 2597 1225 πόλεως
2620 1159 3051 1226 ποιεῖσθαιτήν
3080 1158 3304 1228 ταφὴν,
3365 1157 3465 1212 καὶ
3520 1157 3752 1222 ἐξεῖναι

2225 1229 2678 1345 ξῷβουλομένῳ
2699 1231 2818 1282 alte
2847 1230 2966 1295 ἔξω
3005 1229 3128 1283 τῶν
3150 1229 3390 1299 τειχῶν,
3427 1228 3549 1282 εἶτε
3571 1228 3751 1292 ἐντὸς

2227 1300 2496 1353 (ἅπτειν.

2239 1393 2296 1445 Ὀ
2336 1393 2499 1456 αὐτὸς
2531 1392 2784 1462 βασιλεὺς
2815 1392 3092 1464 Στυλιανῷ
3119 1393 3198 1461 τῷ
3229 1391 3403 1463 αὐτῷ.

2241 1486 2398 1557 Ἐμοὶ
2429 1485 2682 1555 φαίνεται
2715 1487 2790 1558 μὴ
2843 1485 3005 1554 μόνον
3056 1487 3158 1540 ὅσα
3209 1486 3290 1558 τῷ
3319 1484 3422 1556 βίῳ
3475 1484 3750 1556 συμφέρει

2158 1577 2267 1632 τῶν
2309 1575 2744 1647 πολιτευομένων
2789 1575 2962 1629 ταῦτα
2995 1578 3207 1647 πρέπον
3257 1574 3464 1646 ὁρίζειν
3500 1577 3630 1637 τοὺς
3653 1573 3749 1626 νό-

2165 1686 2299 1740 μους
2325 1669 2422 1738 τῆς
2451 1668 2748 1734 πολιτείας,
2779 1666 2916 1721 ἀλλὰ
2955 1668 3050 1721 καὶ
3094 1669 3226 1739 περὶ
3274 1667 3384 1719 τῶν
3421 1665 3525 1735 ἤδη
3575 1681 3752 1719 κατα-

461 1776 715 1833 Ιιιιιιιοηαι
768 1783 1238 1838 commiserationi
1294 1784 1678 1840 convenientia
1744 1786 2041 1843 decernere

2162 1761 2440 1814 λυσάντων
2466 1762 2559 1814 τὸν
2589 1759 2703 1829 βίον
2741 1759 2810 1813 τὰ
2842 1759 3124 1858 πρέποντα
3148 1757 3470 1831 ἀνθρωπίνῃ
3508 1757 3746 1858 σκέπτε-

461 1869 636 1928 decet.
670 1871 802 1938 Qum
837 1882 1018 1928 autem
1043 1873 1434 1931 defunctorum
1467 1893 1700 1948 corpora
1729 1879 2043 1948 ignominiae

461 1964 914 2032 conttnneliaeque
965 1977 1265 2036 exponant,
1331 1984 1396 2023 ac
1432 1985 1528 2038 per
1588 1985 1711 2040 qua?
1763 1972 2043 2027 communi

460 2055 744 2112 hominum
779 2069 989 2115 natura:
1009 2061 1247 2118 dedecus
1304 2073 1467 2135 atque
1519 2065 1804 2135 turpitudo
1849 2067 2039 2120 conci-

459 2149 643 2214 lietur,
703 2167 1050 2224 nequaquam
1109 2157 1162 2210 in
1199 2157 1345 2229 leges
1413 2169 1545 2215 sunt
1596 2161 2043 2218 includenda.At

457 2243 602 2310 quod
635 2243 718 2298 lex
751 2244 864 2314 (54)
895 2257 1142 2303 mortuos
1173 2250 1394 2304 nonnisi
1467 2259 1624 2306 extra
1674 2253 1924 2309 civitates
1943 2253 2045 2308 hu-

466 2337 605 2389 mari
642 2337 780 2400 vult,
811 2340 1089 2408 quomodo
1140 2341 1193 2394 id
1245 2353 1541 2398 humanam
1597 2353 1848 2400 naturam
1879 2347 2046 2402 dede-

460 2441 590 2482 core
621 2427 834 2484 allicere
863 2445 972 2485 non
998 2431 1123 2486 est?
1151 2431 1217 2487 Et
1245 2435 1468 2503 quidem
1487 2436 1532 2490 si
1560 2437 1665 2492 hoc
1698 2438 2044 2508 praecipiens,

459 2517 529 2572 de
557 2520 624 2572 iis
653 2522 949 2578 humandis
973 2533 1180 2593 ageret,
1222 2526 1424 2594 quibus
1474 2526 1691 2583 facilem
1745 2530 2043 2585 elationem

463 2607 776 2677 facultates,
805 2628 943 2681 quas
971 2613 1077 2668 vivi
1115 2614 1440 2683 habuerant,
1462 2618 1898 2686 suppeditarent,
1933 2619 2047 2674 for-

462 2707 611 2755 tasse
644 2700 726 2756 lex
750 2703 988 2773 aliquam
1013 2707 1080 2759 ad
1107 2705 1161 2760 id
1189 2706 1496 2776 jnbendum
1524 2709 1793 2764 rationem
1823 2711 2050 2767 habuis-

459 2796 564 2842 set.
599 2788 924 2861 Quanquam
956 2803 1086 2848 tunc
1105 2797 1269 2848 etiam
1298 2796 1364 2849 ad
1402 2796 1730 2865 amicorum,
1779 2808 2047 2870 cognato-

457 2893 603 2942 rum,
637 2884 1191 2955 necessariorumque
1220 2887 1463 2943 defuncti
1495 2891 2042 2947 commiserationem

461 2971 736 3041 respicere
755 2976 1064 3042 Oportebat.
1108 2977 1352 3043 Quorum
1379 2979 1555 3035 dolori
1596 2990 1761 3051 atque
1817 2985 2047 3040 orbitati

459 3078 721 3133 magnum
758 3082 892 3122 sane
918 3068 1172 3123 solatium
1197 3080 1302 3133 est,
1329 3073 1374 3125 si
1411 3073 1571 3128 amici
1607 3074 1693 3128 sui
1733 3077 2045 3146 sepulcrum

2152 1851 2277 1903 σθαι
2307 1846 2646 1919 συμπαθείᾳ,
2672 1847 2766 1901 καὶ
2801 1846 2876 1918 μὴ
2902 1847 2972 1900 δι’
2999 1839 3074 1900 ὧν
3105 1845 3305 1916 ἀτιμίᾳ
3325 1845 3426 1915 μὲν
3470 1844 3568 1898 καὶ
3588 1842 3744 1913 ὕϐρει

2146 1941 2256 1994 τῶν
2290 1941 2706 2011 μεθισταμένων
2739 1941 2808 1993 τὰ
2835 1939 3066 2008 σώματα
3098 1938 3482 2010 παραδίδοται,
3505 1934 3748 2006 αἰσχύνη

2146 2034 2203 2087 δὲ
2235 2037 2302 2106 τῇ
2335 2035 2490 2105 κοινῇ
2546 2033 2656 2086 τῶν
2699 2031 3004 2103 ἀνθρώπων
3051 2031 3214 2100 φύσει
3275 2029 3621 2102 περιγίνεται
3674 2028 3747 2093 ⁸⁸,

2145 2127 2321 2182 ταῦτα
2347 2126 2677 2196 νομοθετεῖν.
2729 2125 2857 2191 Πῶς
2885 2124 2994 2195 γὰρ
3022 2124 3123 2177 οὐκ
3146 2122 3268 2176 ἔστι
3331 2123 3431 2193 τὴν
3460 2121 3747 2194 ἀνθρωπί-

2147 2236 2245 2287 νην
2275 2217 2436 2288 φύσιν
2463 2215 2744 2286 αἰσχύνειν
2780 2253 2795 2279 ,
2829 2216 2959 2268 ὅταν
2991 2214 3067 2284 μὴ
3115 2214 3379 2284 βούληται
3410 2214 3440 2266 ὁ
3475 2213 3638 2282 νόμος
3668 2214 3742 2284 γῇ

2148 2310 2512 2383 κρύπτεσθαι,
2546 2310 2596 2362 εί
2634 2307 2710 2380 μὴ
2763 2307 2870 2375 ἔξω
2923 2308 3136 2361 πόλεων
3180 2308 3403 2379 φέροιτο
3431 2305 3493 2359 τὸ
3545 2305 3746 2376 βληθὲν

2151 2403 2254 2456 ὑπὸ
2280 2401 2374 2455 τοῦ
2404 2401 2631 2454 θανάτου
2667 2399 2827 2470 σῶμα
2863 2415 2877 2465 ;
2921 2397 2985 2450 Et
3019 2398 3117 2469 μὲν
3140 2397 3250 2468 γὰρ
3287 2395 3449 2450 τοῦτο
3483 2394 3737 2467 διορίζων

2149 2496 2281 2567 περὶ
2311 2495 2539 2547 ἐκείνων
2567 2493 2722 2559 ἔλεγε
2755 2495 2853 2563 τῆς
2880 2490 3085 2560 ταφῆς,
3129 2485 3211 2553 οἷς
3239 2487 3299 2542 εὖ
3313 2506 3478 2559 πορον
3498 2487 3596 2558 τὴν
3645 2489 3746 2540 ὲκο

2149 2588 2323 2659 φορὰν
2353 2586 2586 2656 ὲποίει¹ή
2618 2585 2699 2638 ἔτι
2739 2586 2797 2637 ὲν
2821 2583 2922 2653 βίῳ
2949 2583 3252 2654 περιόντων
3287 2581 3468 2634 αὐτῶν
3488 2580 3743 2649 εὐπορία,

2151 2681 2282 2742 ἴσως
2315 2679 2382 2732 ἂν
2405 2675 2520 2749 εἶχέ
2552 2694 2675 2730 τινα
2699 2676 2974 2747 πρόφασιν
3020 2673 3559 2745 παρακελευόμενος,
3616 2673 3746 2725 καί-

2148 2789 2298 2839 τοιγε
2331 2771 2428 2825 καὶ
2453 2771 2578 2823 τότε
2617 2768 2789 2839 ἐχρῆν
2820 2768 2956 2836 πρὸς
2980 2767 3334 2836 συμπάθειαν
3373 2767 3510 2837 ὁρᾷν
3546 2764 3745 2834 φίλων,

2151 2864 2434 2934 συγγενῶν
2464 2902 2480 2928 ,
2521 2861 2740 2916 οἰκείων
2799 2859 2896 2915 τοῦ
2932 2860 3260 2929 τεθνηκότος
3286 2898 3300 2922 ,
3337 2853 3421 2922 οἷς
3453 2856 3602 2928 μέγα
3660 2858 3746 2919 είς

2150 2955 2501 3027 παραμύθιον
2527 2952 2623 3007 τοῦ
2652 2952 2851 3022 ἄλγους
2903 2951 3000 3005 καὶ
3028 2953 3129 3022 τῆς
3183 2950 3610 3021 ἀποστερήσεως
3646 2946 3747 3000 τοῦ

2149 3047 2488 3117 ποθουμένου
2519 3047 2695 3114 τάφου
2747 3042 3107 3114 περιπτύξεις
3155 3043 3254 3096 καὶ
3312 3039 3578 3110 ὲπ⁹αὐτῷ
3626 3039 3750 3109 χεό-

459 3155 781 3222 amplexari,
817 3171 883 3211 ac
917 3158 969 3210 in
1005 3158 1056 3212 id
1115 3160 1386 3230 lacrymas
1432 3161 1765 3232 profundere
1804 3167 2038 3234 possint.

2155 3156 2286 3212 μενα
2319 3139 2530 3208 δάκρυα
2559 3136 2664 3202 ἔξω
2695 3137 2956 3206 κειμένου
2983 3136 3027 3167 ³⁷
3055 3135 3154 3204 τῆς
3200 3133 3413 3197 πόλεως
3455 3133 3557 3186 οὐκ
3587 3133 3748 3203 εὐχε-

459 3245 593 3311 Qure
618 3247 793 3303 ollicla
821 3260 976 3305 extra
1003 3251 1282 3306 civitatem
1316 3255 1529 3324 sepulto
1566 3271 1674 3310 non
1744 3258 1908 3314 facile
1945 3268 2031 3314 est

457 3339 707 3409 exsequi.
736 3341 989 3396 Attamen
1024 3343 1071 3397 si
1112 3343 1238 3399 illos
1288 3346 1464 3400 solum
1528 3357 1685 3402 extra
1742 3351 2022 3405 civitatem

458 3429 677 3499 sepeliri
702 3432 884 3495 vellet,
916 3433 1118 3502 quibus
1151 3435 1203 3489 id
1229 3435 1349 3505 ipso
1379 3437 1574 3492 mortis
1599 3438 1688 3493 die
1729 3455 1826 3509 per
1864 3438 2042 3496 facul-

459 3527 599 3574 tates
626 3519 784 3576 facile
841 3534 1008 3591 esset,
1039 3525 1106 3580 ad
1161 3541 1281 3581 eam
1333 3527 1744 3584 inclementiam
1802 3531 2041 3601 aliquam

459 3614 548 3668 lex
581 3617 925 3674 occasionem
970 3621 1216 3676 haberet.
1273 3621 1475 3678 Verum
1509 3642 1677 3690 nunc,
1710 3641 1836 3681 cum
1872 3627 2044 3681 incle-

461 3708 665 3761 mentia
693 3709 782 3763 illa
808 3712 972 3765 simul
997 3713 1063 3767 ad
1092 3727 1284 3770 omnes
1317 3730 1375 3770 se
1439 3717 1721 3780 extendat,
1765 3719 2043 3788 quomodo

461 3813 572 3852 non
600 3800 887 3856 manifesta
935 3813 1024 3858 est
1070 3805 1431 3860 absurditas?
1465 3808 1744 3877 quomodo
1779 3809 1951 3880 legem
1987 3810 2042 3865 in

460 3900 673 3945 natura:
727 3895 1088 3962 opprobrium
1143 3896 1273 3952 ferri
1332 3915 1440 3954 non
1495 3913 1583 3955 est
1630 3900 2036 3969 evidens?Qui

457 3985 631 4047 enim,
665 3985 795 4040 dum
822 3988 1002 4044 adhuc
1037 3989 1306 4056 viverent,
1340 3990 1531 4063 inopes
1562 4003 1616 4048 ct
1634 3995 1834 4049 deserti
1862 4004 2042 4061 erant,

453 4077 733 4143 quomodo
797 4081 999 4134 mortui
1044 4081 1162 4150 ipso
1221 4085 1418 4140 mortis
1479 4085 1566 4140 die
1626 4085 2045 4141 humabantur?

458 4163 749 4228 Quomodo
781 4167 932 4233 item,
967 4185 1092 4223 cum
1147 4182 1372 4242 propter
1433 4186 1808 4244 paupertatem
1858 4178 2046 4247 sepul-

459 4261 583 4306 tura
618 4269 725 4306 non
754 4257 1177 4323 accelerabitur,
1218 4262 1407 4316 multis
1431 4263 1625 4318 diebus
1653 4266 1910 4336 insepulti
1934 4283 2043 4324 non

460 4346 775 4401 miserabile
807 4349 971 4403 simul
996 4359 1050 4404 et
1094 4352 1426 4409 horrendum
1487 4358 1863 4425 spectaculum
1891 4357 2042 4428 jace-

459 4437 619 4503 bunt,
653 4443 1137 4514 tabescentemque
1177 4447 1458 4501 hominum
1519 4457 1772 4504 naturam
1803 4450 2042 4505 dedeco-

2153 3233 2260 3304 ρῶς
2291 3229 2657 3285 ἐπιτελεῖσθαι
2687 3229 2953 3297 πέφυκεν.
2992 3227 3131 3280 Ἀλλ’
3167 3227 3317 3296 ὅμως
3365 3227 3416 3278 εί
3441 3226 3674 3289 ἐκείνοις
3697 3225 3747 3256 ⁸⁸

2148 3323 2248 3394 τὴν
2277 3324 2453 3392 ταφὴν
2482 3320 2716 3391 ἔκδημον
2755 3319 2928 3372 ἐποίει
2962 3318 3064 3387 τῆς
3105 3317 3334 3380 πόλεως,
3364 3311 3448 3379 οἷς
3482 3316 3586 3370 οὐκ
3610 3317 3748 3370 ἄπο-

2152 3436 2246 3490 ρον
2271 3416 2588 3488 αὐθημερὸν
2613 3414 2884 3484 γίνεσθαι,
2907 3409 2974 3485 ἦν
2995 3430 3079 3476 τις
3099 3411 3326 3483 ἀφορμὴ
3353 3410 3447 3465 τοῦ
3473 3410 3748 3480 δόγματος

2148 3511 2229 3582 τῷ
2261 3508 2596 3580 ἀσυμπαθεί.
2644 3506 2761 3560 Νῦν
2794 3505 2850 3558 δὲ
2898 3506 3043 3559 κατά
3084 3505 3303 3558 πάντων
3325 3504 3530 3574 ὁμοίιος
3573 3518 3744 3573 φερο-

2154 3604 2321 3672 μένης
2358 3602 2456 3667 τῆς
2484 3597 2904 3668 ἀσυμπαθείας,
2940 3596 3060 3659 πῶς
3101 3596 3162 3648 οὐ
3215 3594 3484 3665 πρόδηλον
3511 3593 3572 3646 τὸ
3615 3593 3746 3648 ἄτοο

2151 3712 2251 3748 πον
2272 3694 2367 3745 καὶ
2391 3692 2425 3764 ἡ
2464 3691 2606 3744 κατὰ
2639 3691 2737 3760 τῆς
2761 3689 2980 3758 φύσεως
3002 3687 3298 3758 νομοθεσία
3340 3687 3436 3740 καὶ
3466 3684 3700 3755 αἰσχύνη
3724 3703 3741 3752 ;

2150 3780 2226 3841 ὧν
2259 3785 2368 3855 γὰρ
2405 3787 2486 3837 ἔτι
2540 3783 2761 3846 ζώντων
2801 3782 3007 3850 ἄπορος
3051 3776 3120 3852 ἦν
3149 3784 3178 3836 ὁ
3214 3779 3330 3850 βίος
3373 3781 3468 3833 καὶ
3512 3778 3740 3850 ἔρημος,

2151 3881 2268 3938 πῶς
2283 3878 2537 3940 θανόντες
2551 3877 2933 3946 αὐθημερινῆς
2964 3875 3144 3946 ταφῆς
3179 3874 3546 3944 εὐπορήσουσι
3576 3886 3592 3935 ;
3621 3869 3745 3932 πῶς

2148 3974 2206 4027 δὲ
2238 3972 2336 4042 τῆς
2355 3970 2532 4039 ταφῆς
2565 3968 2774 4037 ἀπόρου
2800 3969 3202 4038 τυγχανούσης,
3233 3967 3357 4038 οὐχὶ
3381 3967 3474 4018 ὲπὶ
3517 3965 3744 4034 συχναῖς

2150 4065 2388 4137 ἡμέραις
2417 4061 2561 4114 οὓτω
2600 4060 2947 4130 διαμένοντες
3003 4059 3239 4113 ἐλεεινὸν
3284 4057 3420 4127 ὁμοῦ
3466 4057 3562 4109 καὶ
3610 4073 3740 4126 φρι-

2151 4163 2281 4217 κτὸν
2312 4159 2586 4214 κείσονται
2635 4155 2815 4226 θέαμα
2843 4156 2938 4208 καὶ
2971 4154 3073 4224 τὴν
3117 4151 3383 4221 ταπεινὴν
3432 4148 3742 4219 ἀνθρώπιον

2151 4255 2312 4324 φύσιν
2343 4253 2692 4324 αἰσχύνοντες
2716 4267 2731 4316 ;
2759 4249 2928 4321 χωρὶς
2975 4248 3033 4301 δὲ
3063 4246 3272 4300 τούτων
3300 4243 3426 4306 πῶς
3459 4243 3561 4296 οὐκ
3619 4241 3740 4294 ἐστι

2149 4350 2310 4418 δίκης
2337 4346 2657 4409 ὑπεύθυνον,
2685 4345 2854 4396 ὲνίοτε
2883 4342 2992 4396 τῶν
3025 4339 3412 4411 ὁμιλησάντων
3440 4336 3519 4406 τῷ
3570 4334 3740 4388 θανά-

2149 4459 2229 4512 τῳ
2267 4439 2616 4508 θεραπόντων
2671 4434 2806 4488 Θεοῦ
2851 4431 3304 4504 χρηματιζόντων
3345 4429 3439 4483 καὶ
3469 4426 3574 4480 ὑπὸ
3631 4425 3737 4495 τῆς

457 4532 690 4585 rabunt?
718 4533 884 4587 Extra
923 4535 1034 4590 haec
1057 4546 1264 4602 autem,
1323 4554 1448 4592 cum
1507 4541 1704 4595 mortui
1767 4542 2038 4596 interdum

2155 4536 2266 4590 ἄνω
2288 4532 2444 4600 δόξης
2469 4529 2882 4601 περιεπομένων
2907 4522 3170 4598 ὲρῤίφθαι
3211 4519 3396 4576 αὐτῶν
3441 4518 3650 4587 ἄταφον
3674 4514 3737 4568 τὸ

456 4623 647 4677 famuli
670 4625 760 4680 Dei
791 4628 1153 4698 appellentur,
1195 4639 1526 4702 propterque
1587 4634 1868 4689 caelestem
1911 4633 2029 4702 glo-

2152 4628 2313 4698 σῶμα
2333 4644 2348 4694 ;

455 4718 594 4773 riam
620 4721 889 4788 colantur,
925 4722 1170 4793 ipsorum
1219 4738 1453 4794 corpora
1492 4723 1778 4782 inhumata
1820 4727 2006 4797 abjici,
2037 4721 2314 4794 quomodo
2355 4718 2408 4773 id
2450 4731 2581 4773 vero
2648 4713 2947 4786 expiationi
3013 4712 3179 4767 etiam
3246 4706 3546 4763 obnoxium
3619 4717 3732 4757 non

451 4812 575 4866 est?

529 4902 718 4974 Neque
749 4908 914 4977 igitur
943 4909 1055 4962 ullo
1096 4908 1259 4962 modo
1315 4907 1456 4962 inter
1511 4907 1700 4962 civiles
1739 4908 1885 4978 leges
1917 4909 2031 4963 haec

459 4992 544 5046 lex
576 4998 1290 5063 recenseatur,sancimus:
1317 4998 1449 5067 quin
1507 4999 1714 5068 potius,
1751 5007 1811 5051 ut
1841 5013 1870 5052 a
1900 5013 2037 5052 con-

2207 4901 2472 4973 Οὐδαμῶς
2501 4899 2593 4954 οὖν
2622 4899 2810 4970 νόμοις
2854 4898 2952 4968 τῆς
2984 4896 3142 4967 ἡμῶν
3179 4892 3461 4955 πολιτείας
3511 4905 3733 4958 συγκα-

2144 4994 2467 5064 ταλέγεσθαι
2514 4990 2700 5045 τοῦτον
2746 4991 2838 5042 τὸν
2871 4990 3037 5058 νόμον
3069 4986 3437 5055 θεσπίξομεν,
3469 4981 3586 5037 ἀλλ’
3623 4979 3737 5033 ὣσ-

1737 5127 1976 5184 VARIZE
2020 5128 2433 5188 LECTIONES.

525 5226 572 5259 ⁸⁸
625 5225 862 5296 Scrimg.
915 5224 1297 5296 παραγίνεται.
1397 5223 1441 5258 ⁸⁷
1470 5225 1645 5281 Serim

1653 5242 1706 5296 ε.
1746 5226 1841 5311 τοῇ
1869 5224 1974 5311 Ego;
2015 5244 2166 5311 mp.
2227 5227 2604 5311 Emeuntla‘runt
2633 5225 2828 5311 Steph.
2864 5235 2919 5280 et
2960 5226 3116 5296 Agyl.
3147 5224 3185 5279 ἃ
3213 5224 3308 5277 ἐπὶ
3349 5222 3445 5276 τοῦ
3475 5221 3582 5288 ἔξω
3615 5239 3734 5278 κει-

461 5297 646 5366 μένου,
673 5295 1010 5368 ὃνροιιεθιώζ
1053 5295 1134 5359 οἷς
1166 5297 1308 5365 μέγα
1341 5296 1449 5350 εἰσὶ
1483 5295 1699 5368 παραμ.
1727 5306 1780 5352 et
1804 5296 1841 5350 ἃ
1866 5297 1971 5361 ἔξω
2007 5295 2288 5368 κειμένου.
2365 5299 2410 5331 ⁸⁸
2444 5297 2680 5366 Scrimg.
2713 5295 2976 5359 ἐκείνους.

1976 5412 2212 5470 NOTAE.

533 5507 861 5587 (ξὶλῐδωηω
885 5521 1060 5578 genus
1091 5506 1348 5570 observa,
1382 5507 1472 5562 cui
1502 5506 1680 5563 simile
1700 5515 1786 5562 est
1820 5505 1876 5561 in
1899 5503 2040 5561 Nov.

463 5576 928 5717 ssliigfgepelire
959 5648 1122 5703 etiam
1167 5646 1225 5717 in
1270 5647 1584 5717 civitatibus
1615 5655 1863 5717 mortuos
1890 5645 2038 5710 licet,

465 5719 521 5788 et
542 5715 636 5788 ita
655 5715 952 5788 abrogatur
987 5718 1069 5770 lex
1100 5715 1211 5788 3,§
1242 5717 1296 5782 7,
1334 5716 1495 5788 αρε
1530 5717 1788 5788 sepulcro
1811 5716 2031 5771 violato.

472 5777 509 5831 Ι.
538 5780 624 5845 12,
661 5785 721 5838 C.
768 5777 840 5839 D'e
870 5777 1370 5853 religiosisrl:6,'ll.
1396 5787 1497 5841 Th.
1529 5777 1614 5841 De'
1645 5788 1898 5856 sepulcro
1921 5788 2037 5840 vio-

2152 5507 2298 5586 lato;
2337 5508 2491 5563 Paul.
2518 5507 2572 5570 l,
2602 5515 2744 5562 sent.
2772 5506 2863 5586 ἓξ,
2893 5506 2920 5579 §
2961 5505 3015 5586 2,
3072 5515 3128 5561 et
3158 5507 3210 5561 is;
3235 5501 3732 5586 locusLCiceronis,

2149 5580 2427 5633 hominem
2485 5588 2763 5632 mortuum
2824 5574 3065 5632 in'urbe
3110 5593 3178 5633 ne
3231 5575 3485 5647 sepelito,
3515 5574 3584 5629 de
3611 5588 3727 5646 quo

2145 5650 2258 5704 dixi
2295 5650 2552 5718 adﬁleges
2587 5647 2678 5702 XII
2747 5648 3085 5702 tabularum.

2219 5719 2333 5792 (54)
2366 5717 2504 5776 Vide
2529 5719 2705 5774 dictas
2731 5718 2890 5789 leges.
