4048 6430
407 362 516 429 545

1476 359 1840 425 NOVEUJE
1871 356 2541 422 OUNSTITUTIONES.

3565 357 3671 425 546

405 493 512 547 περ
544 473 650 529 ὑπὸ
687 473 787 542 τῆς
821 471 1106 540 συνηθείας
1131 472 1312 534 καλῶς
1336 471 1496 542 ῶρθη
1528 470 1975 542 ,καταφρονούμε-

2095 467 2387 522 suetudine
2423 477 2570 524 recte
2626 470 3019 534 contemnitur,
3088 469 3172 524 sic
3218 469 3388 525 etiam
3449 470 3676 528 decreto

404 583 516 629 νος,
542 564 688 618 οὕτω
729 563 825 616 καὶ
871 563 977 615 ὑπὸ
1005 563 1275 633 δόγματος
1306 562 1576 633 ἡμετέρου
1605 563 1747 616 ἔστω
1791 577 1989 615 παντε-

402 657 511 720 λῶς
567 655 954 725 ἀθετούμενος.
1007 653 1105 708 ttat
1159 657 1290 718 πᾶς,
1343 655 1402 717 ὃς
1451 655 1519 708 ἂν
1569 653 1825 724 βούληται
1875 652 1988 705 εἴτε

400 750 598 820 τειχῶν
627 747 828 814 ἔξωθεν
856 747 968 800 εἴτε
997 746 1094 817 τῆς
1119 746 1325 809 πόλεως
1357 747 1507 810 ἐντὸς
1534 745 1662 808 τοὺς
1689 742 1986 797 τελευτῶν-

400 859 498 904 τας
537 841 708 911 τιμᾷν
738 841 806 910 τῇ
833 839 1004 909 ταφῇ,
1039 837 1225 892 ἄδειαν
1254 837 1424 908 ἐχέτω
1457 838 1738 908 περαίνειν
1769 835 1832 888 τὸ
1861 832 1985 903 βού-

397 931 465 1002 λη
473 948 570 1002 μα.

942 1019 1257 1075 ΔΙΑΤΑΞΙΣ
1304 1021 1427 1074 ΝΔ’.

399 1114 539 1190 Περὶ
564 1113 670 1168 τοῦ
687 1111 857 1190 ὲν-τῇ
881 1110 1150 1190 Κυριακῇ
1175 1109 1366 1190 ἡμέρᾳ
1383 1108 1655 1190 παίετε.λῆ
1680 1109 1985 1190 ἀρτρμξίαν

467 1182 643 1245 εἶναι,
676 1183 777 1236 καὶ
808 1182 952 1246 τοὺς
975 1183 1272 1249 γεωργοὺς
1322 1182 1531 1250 ἀργεῖν
1565 1182 1635 1234 ἐν
1664 1182 1841 1248 αὐτῇ,
1865 1196 1980 1234 πα-

460 1253 822 1323 ραπλησίως
848 1251 1041 1306 ἅπασι
1074 1250 1202 1315 τοῖς
1237 1251 1450 1318 ἄλλοις
1470 1251 1767 1320 ἐργάταις.

480 1343 540 1396 '0
570 1341 733 1404 αὐτὸς
761 1338 1016 1407 βασιλεὺς
1047 1338 1329 1409 Στυλιανῷ
1361 1338 1439 1409 τῷ
1474 1337 1649 1408 αὐτῷ.

478 1433 700 1503 Ἀρίστη
734 1433 833 1501 μὲν
858 1430 892 1500 ἡ
933 1430 1138 1500 σπουδὴ
1181 1430 1290 1481 τῶν
1336 1430 1476 1499 πρὸς
1517 1429 1738 1483 ἔκθεσιν
1800 1429 1984 1484 ἐπιδε-

394 1525 649 1579 δωκότων
684 1522 911 1584 ἑαυτοὺς
941 1519 1049 1573 τῶν
1081 1523 1184 1574 ὅσα
1226 1520 1305 1590 τῷ
1329 1521 1429 1591 βίῳ
1461 1521 1733 1593 συμφέρει
1764 1521 1981 1576 twn-

399 1629 567 1682 ματα,
621 1611 716 1664 καὶ
751 1609 901 1674 ἄξιον
936 1608 1157 1674 αὐτοὺς,
1209 1608 1269 1661 ἐν
1314 1603 1396 1671 οἷς
1445 1607 1681 1678 ὁρῶνται
1711 1607 1847 1674 πρὸς
1880 1605 1981 1677 τὴν

396 1704 662 1772 ὠφέλειαν
697 1701 805 1755 τῶν
848 1699 1182 1770 ὑποχειρίων
1228 1700 1358 1770 ὃλην
1403 1700 1504 1769 τὴν
1550 1699 1808 1770 φροντίδα
1850 1715 1980 1752 συν-

394 1796 684 1858 τείνοντες,
732 1792 1095 1862 ἀποδέχεσθαι
1166 1792 1265 1862 τῆς
1331 1790 1717 1861 φιλοστοργίας
1755 1789 1851 1843 καὶ
1910 1788 1980 1846 τὰ
2010 1823 2052 1878 Β

393 1886 619 1940 τεθέντα
646 1883 838 1954 τηρεῖν
863 1882 1130 1946 εὐλαϐῶς.
1166 1881 1355 1945 Ἀξιον
1381 1882 1439 1935 δὲ
1465 1881 1602 1935 πολὺ
1634 1881 1799 1935 πλέον
1821 1879 1968 1934 ὲκεί-

395 1994 506 2038 νοις
543 1975 744 2041 μᾶλλον
793 1972 892 2044 τὴν
945 1979 1205 2044 τοιαύτην
1234 1972 1530 2043 ἀπονέμειν
1580 1971 1892 2035 εὐλάϐειαν,
1921 1970 1971 2024 οἶ

394 2067 556 2123 πλέον
583 2062 846 2136 ὤφθησαν
881 2065 978 2118 καὶ
1004 2061 1143 2138 ὑπὲρ
1172 2064 1274 2135 τῆς
1316 2063 1425 2117 τῶν
1455 2062 1764 2135 ἀνθρώπων
1797 2080 1973 2132 σωτη-

394 2162 518 2232 ρίας
546 2153 634 2213 οἷα
655 2157 700 2190 ⁸⁸
740 2157 922 2225 πάσης
953 2155 1054 2224 τῆς
1093 2155 1197 2225 γῆς
1244 2154 1530 2225 νομοθέται
1579 2153 1974 2222 ἀναδεξάμενοι

397 2252 691 2322 μέριμναν,
713 2249 810 2301 καὶ
845 2245 939 2310 οὓς
962 2247 1148 2300 ἔθεντο
1196 2247 1396 2316 νόμους
1435 2245 1660 2309 τούτους
1708 2245 1970 2315 ἐπίπροσ-

393 2344 486 2394 θεν
523 2342 677 2409 ἄγειν
722 2339 830 2392 τῶν
863 2337 1037 2392 ἀλλων
1075 2336 1256 2406 νόμων
1284 2353 1300 2369 ·
1345 2337 1407 2389 ού
1450 2336 1610 2407 μόνον
1639 2335 1697 2388 δὲ
1734 2335 1803 2388 δι’
1835 2337 1972 2406 ὅπερ

391 2427 566 2496 εἶπον,
633 2430 714 2482 ὅτι
764 2427 928 2481 πλέον
995 2422 1073 2488 είς
1125 2425 1223 2496 τὴν
1282 2425 1392 2478 τῶν
1470 2424 1775 2496 ἀνθρώπων
1821 2425 1971 2494 ὠφέ-

391 2522 561 2586 λειαν,
604 2513 806 2591 μᾶλλον
837 2517 894 2570 δὲ
941 2516 1275 2588 ἀσύγκριτον
1333 2515 1655 2581 ἀνεδέξαντο
1718 2519 1813 2571 καὶ
1864 2519 1977 2571 sic-

393 2613 689 2680 ενέγκαντο
714 2609 995 2681 πρόνοιαν,
1039 2608 1154 2660 ἀλλ’
1189 2608 1272 2660 ὅτι
1301 2607 1402 2662 καὶ
1431 2607 1562 2678 θείῳ
1606 2609 1882 2679 ὲχάραξαν
1908 2607 1977 2662 τὰ

388 2702 639 2772 δόγματα
663 2698 1029 2770 [ινεύματινο.
1075 2698 1230 2751 Ἐπεὶ
1267 2694 1361 2752 οὖν
1415 2698 1494 2769 τῷ
1532 2698 1682 2769 νόμῳ
1718 2698 1828 2752 τῶν
1878 2714 1972 2751 κο-

394 2794 643 2863 ρυφαίων
694 2791 1037 2864 μαθητῶνθί,
1090 2792 1150 2857 ὃς
1199 2791 1411 2855 πάντας
1476 2792 1766 2863 ἐπιτρέπει
1808 2791 1980 2862 ἀργίᾳ

389 2889 558 2958 τιμᾷν
572 2887 672 2958 τὴν
701 2886 919 2957 ἡμέραν
943 2886 1043 2955 τῆς
1065 2885 1398 2955 Δεσποτικῆς
1439 2885 1814 2948 ἀναστάσεως,
1848 2884 1980 2954 ὁρᾶ-

386 2993 480 3029 ται
524 2978 690 3046 νόμος
761 2977 1286 3046 ἀντιφθεγγὸμενος,
1354 2975 1482 3044 ἐνῆν
1503 2975 1552 3007 ⁹²
1620 2975 1695 3044 μὴ
1753 2975 1966 3036 πάντας

389 3067 593 3134 ὁμοίως
624 3066 858 3120 κωλύειν
891 3065 1244 3137 ἐργάξεσθαι,
1275 3065 1391 3120 ἀλλ’
1421 3065 1585 3128 ἐνίοις
1621 3065 1812 3119 ἄνετον
1856 3064 1958 3135 τὴν

2089 563 2281 612 nostro
2313 571 2540 625 prorsus
2567 557 2914 626 reprobator.
2960 557 3271 627 Quicunque
3321 567 3503 613 autem
3568 560 3676 614 sive

2089 656 2244 703 extra
2276 662 2468 703 muros
2499 649 2616 704 sive
2648 649 2792 704 intra
2822 650 3102 706 civitatem
3149 650 3382 719 sepelire
3422 659 3674 708 mortuos

2088 741 2253 809 volet,
2278 740 2621 812 perﬁciendae
2643 741 2941 800 voluntatis
2969 741 3279 799 facultatem
3304 742 3527 800 habeto.

2555 998 3026 1060 CONSTITUTIO
3052 998 3187 1058 LIV.

2162 1085 2232 1147 Ut
2263 1093 2552 1152 Dominicis
2586 1096 2768 1151 diebus
2801 1113 2979 1166 omnes
3012 1093 3219 1166 (55-56)
3252 1093 3318 1149 ab
3353 1094 3599 1164 operibus

2704 1176 2884 1221 vacent
2920 1165 3051 1238 (57).

2155 1345 2302 1400 idem
2337 1345 2637 1414 imperator
2661 1344 2838 1399 eidem
2875 1342 3126 1414 Styliano

2159 1435 2684 1492 Praestantissimum
2737 1438 2954 1491 illorum
3014 1445 3099 1492 est
3161 1435 3403 1491 studium
3466 1435 3558 1507 qui
3615 1451 3676 1490 se

2083 1527 2306 1583 edendis
2355 1542 2478 1597 quae
2529 1528 2810 1581 communi
2880 1526 2998 1580 vita:
3049 1525 3206 1580 utilia
3257 1525 3412 1591 sint,
3465 1538 3670 1594 prame-

2085 1619 2192 1688 ptis
2223 1618 2461 1683 dedunt,
2515 1617 2772 1688 dignique
2821 1625 2953 1672 sunt
3000 1632 3067 1672 eo
3111 1616 3256 1686 quod
3297 1616 3366 1670 ad
3418 1616 3676 1672 subdito-

2083 1724 2204 1761 rum
2245 1707 2540 1761 utilitatcm
2587 1721 2781 1762 omnes
2813 1719 2946 1762 suas
2980 1722 3149 1762 curas
3176 1706 3494 1772 intendunt,
3531 1720 3675 1775 quo-

2080 1811 2202 1850 rum
2237 1795 2390 1866 prius
2438 1799 2492 1850 in
2547 1796 2939 1866 rempublicam
3003 1810 3158 1851 amor
3209 1796 3468 1852 laudibus
3522 1794 3651 1851 cele-

2081 1885 2291 1950 bretur,
2349 1899 2413 1939 ac
2464 1894 2736 1956 praecepta
2782 1894 2972 1941 sancte
3008 1885 3398 1940 observentur.
3447 1883 3671 1940 Interim

2081 1991 2211 2031 vero
2241 1976 2415 2031 multo
2441 1977 2656 2047 aequius
2714 1977 2901 2043 fuerit,
2952 1978 3062 2033 illis
3115 1977 3299 2047 potius
3352 1976 3662 2032 istiusmodi

2075 2067 2434 2123 reverentiam
2461 2067 2788 2134 attribuere,
2816 2081 2958 2137 quos
3001 2066 3244 2137 majores
3273 2082 3375 2137 pro
3433 2067 3668 2124 lt'umani

2076 2158 2293 2228 generis
2337 2159 2536 2224 salute,
2578 2168 2839 2229 tanquam
2885 2159 3132 2214 universi
3186 2167 3459 2215 terrarum
3519 2159 3673 2218 orbis

2078 2251 2442 2321 legislatores,
2468 2252 2781 2322 suscepisse
2807 2251 3210 2308 sollicitudines
3231 2261 3469 2319 constat,
3495 2268 3671 2322 quas-

2077 2358 2182 2412 que
2217 2343 2364 2413 leges
2427 2342 2673 2406 tulerint,
2727 2341 2830 2396 has
2879 2341 3006 2396 aliis
3054 2342 3316 2396 omnibus
3367 2341 3669 2410 anteferre,

2080 2432 2242 2501 idque
2273 2446 2382 2486 non
2405 2432 2582 2487 solum
2604 2440 2829 2502 propter
2862 2432 2915 2486 id
2980 2433 3128 2502 quod
3164 2432 3303 2498 dixi,
3335 2431 3485 2502 quod
3519 2433 3672 2488 vide-

2077 2522 2203 2576 licet
2259 2522 2329 2576 ad
2385 2521 3032 2587 bominumjutilitatem,
3099 2522 3672 2592 incomparabiliorem

2080 2613 2426 2684 susceperint
2475 2622 2642 2682 atque
2685 2613 3024 2668 contulerint
3065 2627 3258 2668 curam
3297 2631 3310 2667 :
3359 2613 3458 2669 sed
3524 2614 3674 2684 quod

2080 2703 2245 2759 etiam
2277 2703 2447 2757 divini
2483 2702 2724 2758 nominis
2761 2704 2962 2758 virtute
2990 2701 3426 2771 subscripserint
3451 2717 3546 2757 sua
3571 2703 3672 2757 de-

2081 2805 2250 2851 creta.
2283 2795 2556 2861 Quoniam
2585 2795 3004 2865 itaqueillorum
3029 2794 3174 2849 inter
3201 2795 3506 2864 discipulos
3539 2810 3667 2864 pro-

2079 2903 2268 2943 cerum
2322 2888 2450 2957 legi,
2505 2902 2628 2957 qua:
2689 2886 2988 2941 Dominicae
3040 2886 3472 2942 resurrectionis
3523 2887 3670 2942 diem

2081 2979 2392 3034 cessatione
2415 2979 2484 3033 ab
2501 2977 2762 3048 operibus
2807 2992 3000 3033 omnes
3033 2978 3281 3033 venerari
3315 2977 3562 3040 mandat,
3591 2978 3672 3032 Ie-

2083 3082 2204 3137 gem
2232 3067 2394 3120 aliam
2431 3067 2810 3121 contradicere
2837 3067 3206 3136 conspicitur,
3238 3082 3360 3136 quae
3411 3083 3520 3121 non
3554 3082 3673 3121 om-

387 3158 650 3226 ἐργασίαν
696 3157 952 3214 δίδοσθαι.
994 3157 1134 3228 Φησὶ
1172 3157 1311 3228 γάρ·
1359 3155 1700 3210 Δικασταὶυ
1739 3154 1859 3225 μὲν
1881 3156 1975 3210 καί

2086 3171 2184 3210 nes
2211 3155 2377 3210 simul
2430 3155 2646 3226 operari
2696 3155 3088 3224 prohibendos,
3140 3156 3536 3226 nonnullisque
3591 3157 3672 3211 uti

385 3247 564 3315 δῆμοι
578 3247 698 3301 τῶν
709 3249 970 3312 πόλεων,
984 3247 1081 3303 καὶ
1094 3248 1224 3302 οίέκ
1236 3246 1761 3317 τεχνῶν-,βιοῦντες
1776 3247 1978 3317 ἀργεί-

384 3355 589 3392 τωσαν
600 3340 670 3393 ἐν
683 3339 972 3409 κυριακῇ,
981 3341 1156 3410 μόνοι
1172 3339 1240 3393 δὲ
1252 3340 1490 3409 γεωργοί
1501 3339 1978 3409 ἐργαζέσθωσαν,

384 3428 482 3480 καὶ
504 3429 538 3497 ὴ
569 3428 720 3482 αἰτία
739 3431 838 3499 τῆς
855 3427 1061 3491 λύσεως
1092 3429 1189 3498 τῆς
1214 3427 1379 3498 τιμῆς
1404 3430 1500 3500 τῆς
1519 3431 1731 3501 ἡμέρας
1747 3429 1940 3499 ἄλογος
1961 3447 1976 3462 ·

384 3516 534 3571 δοκεῖ
592 3520 701 3590 γὰρ
746 3520 1018 3592 σωτηρίας
1037 3519 1085 3554 ⁸⁵
1128 3515 1267 3574 εἶναι
1314 3520 1422 3574 τῶν
1467 3521 1719 3590 καρπῶν,
1774 3520 1890 3575 ἐστι
1919 3522 1977 3575 δὲ

385 3610 602 3678 ἀληθῶς
626 3612 674 3643 ⁸⁸
700 3609 855 3665 οὐδέν
879 3627 894 3642 ο
946 3612 1008 3664 οὐ
1072 3612 1181 3682 γὰρ
1230 3613 1293 3664 τὸ
1326 3611 1617 3666 σπουδαῖον
1644 3613 1745 3685 τῆς
1793 3629 1972 3683 γεωρ-

381 3700 529 3766 γίας,
560 3700 696 3754 ἀλλά
725 3697 819 3754 τοῦ
843 3700 1180 3773 καρποδὸτου
1197 3703 1226 3754 ὁ
1244 3701 1412 3769 ἕλεος,
1445 3698 1664 3756 ἐπειδὰν
1688 3702 1841 3773 δοκῇ,
1874 3704 1973 3774 τὴν

381 3791 640 3862 εὐθηνίαν
667 3791 970 3865 παρέχεται
988 3793 1098 3848 τῶν
1120 3793 1373 3863 καρπῶν.

2085 3255 2380 3315 operentur
2406 3245 2794 3315 indulgendum
2826 3260 2949 3301 esse
2982 3255 3204 3312 censet;
3234 3247 3312 3300 ait
3362 3246 3476 3316 (58)
3523 3247 3672 3300 enim

2085 3337 2481 3406 antnesjudices
2509 3337 2829 3405 urbanasque
2852 3337 3022 3398 plebes
3045 3347 3094 3391 et
3110 3345 3427 3391 cunctarum
3458 3337 3664 3390 artium

2083 3429 2287 3498 ofﬁcia,
2347 3427 2634 3481 venerabili
2694 3429 2780 3481 die
2822 3427 2952 3481 solis
2995 3429 3319 3497 quiescant:
3352 3429 3463 3480 ruri
3495 3438 3672 3482 tamen

2080 3521 2243 3589 positi
2271 3535 2523 3588 agrorum
2550 3519 2776 3573 cultura:
2805 3517 2967 3572 libere
3005 3519 3328 3591 licenterque
3355 3521 3668 3588 inserviant,

2081 3613 2239 3683 cnjus
2269 3613 2425 3665 istius
2454 3611 2564 3666 diei
2602 3611 3082 3667 delionestationis
3104 3613 3254 3666 nulla
3288 3613 3501 3668 ratione
3535 3613 3670 3666 niti-

2081 3710 2172 3757 tur
2213 3715 2402 3757 causa.
2443 3699 2580 3755 Nam
2623 3714 2938 3770 quanquam
2994 3700 3276 3756 fructuum
3325 3702 3671 3757 conservatio

2080 3793 2345 3865 praetendi
2379 3807 2544 3864 posse
2578 3791 2870 3848 videatur:
2934 3793 3141 3849 nullius
3179 3801 3364 3849 tamen
3402 3795 3494 3849 illa
3545 3809 3670 3848 mo-

385 3885 577 3944 menti,
612 3899 780 3954 reque
820 3899 948 3940 vera
980 3884 1157 3941 l‘utilis
1186 3893 1307 3942 est:
1341 3899 1467 3941 cum
1513 3899 1621 3941 non
1651 3885 2002 3957 agricultura:
2029 3886 2338 3958 diligentia,
2377 3886 2472 3942 sed
2500 3886 2634 3943 solis
2679 3886 2874 3954 virtus,
2901 3886 3124 3957 quando
3152 3885 3371 3958 frugum
3412 3886 3662 3957 largitori

383 3976 558 4031 visum
577 3978 669 4043 sit,
696 3978 972 4034 fructuum
1009 3979 1402 4036 abundantiam
1439 3981 1768 4052 suppeditet.

463 4070 624 4123 Ἀλλά
662 4071 771 4142 γὰρ
825 4072 951 4126 ἐπεὶ
1005 4073 1246 4138 τοιοῦτός
1302 4089 1390 4137 τις
1452 4074 1535 4137 είς
1559 4075 1776 4143 γένεσιν
1828 4070 1962 4146 ἦλθε

380 4160 568 4230 νόμος,
599 4162 881 4234 ὀλιγωρῶν
920 4164 1019 4234 μὲν
1043 4165 1145 4235 τῆς
1162 4164 1258 4218 τοῦ
1287 4167 1560 4220 Δεσπότου
1595 4167 1782 4239 τιμῆς,
1816 4171 1966 4223 ἀντιο

380 4250 725 4321 δογματίζων
748 4255 804 4307 δὲ
833 4257 947 4318 τοῖς
970 4256 1114 4308 κατά
1137 4257 1357 4311 πάντων
1395 4257 1655 4315 ἐναντίων
1685 4259 1837 4332 παρὰ
1855 4260 1967 4327 ,τοῦ

379 4341 539 4407 ἁγίου
591 4343 912 4414 Πνεύματος
963 4344 1194 4399 λαϐοῦσι
1225 4343 1292 4400 τὰ
1323 4349 1644 4420 νικητήρια,
1697 4350 1963 4421 ὁρίζομεν

381 4431 476 4482 καὶ
501 4433 659 4500 ἡμεῖς
681 4431 716 4487 ἀ
759 4434 837 4503 τῷ
867 4434 1010 4505 ἁγίῳ
1061 4434 1209 4499 εδοξε
1247 4433 1531 4508 Πνεύματι
1580 4435 1677 4492 καὶ
1720 4441 1834 4503 τοῖς
1871 4437 1964 4492 ὑπ’

378 4521 547 4574 αὐτοῦ
558 4537 744 4594 μεμυη
753 4523 1293 4594 μένοιςάποστόλοις,
1307 4524 1446 4580 ὥστε
1465 4528 1673 4592 πάντας
1689 4529 1747 4582 ὲν
1763 4529 1828 4600 τῇ
1843 4528 1966 4601 θείᾳ

378 4615 474 4666 καὶ
489 4613 587 4684 τὴν
605 4613 918 4686 ἀφθαρσίαν
941 4615 1075 4688 ἡμῖν
1097 4613 1591 4691 ὲγκαινισαμένῃ⁹²
1619 4619 1808 4691 ἡμέρα
1833 4636 1958 4690 σχο-

383 4703 572 4768 λάζειν
594 4705 768 4778 ἀργία
786 4709 855 4776 ’⁸,
877 4709 972 4763 καὶ
997 4709 1135 4780 μήτε
1153 4709 1400 4782 γεωργὸν
1418 4711 1555 4781 μήτε
1567 4710 1790 4764 τινὰέτε
1800 4729 1890 4780 ρον
1903 4713 1949 4743 ⁹⁹

377 4795 649 4852 ἀπτεσθαι
676 4797 857 4870 ἔργων
904 4799 964 4853 έν
1007 4799 1179 4871 ταύτῃ
1211 4801 1320 4855 τῶν
1359 4801 1435 4872 μὴ
1459 4802 1474 4832 ⁸
1531 4801 1960 4873 νενομισμένων.

2146 4071 2438 4145 Quoniam,
2472 4071 2717 4141 inquam,
2745 4070 3058 4127 istiusmodi
3100 4069 3188 4125 lex
3217 4069 3274 4124 in
3303 4068 3484 4124 lucem
3523 4082 3658 4138 pro-

2081 4162 2201 4229 diit,
2225 4177 2350 4234 quae
2379 4162 2594 4218 Domini
2637 4162 2846 4216 cultum
2881 4160 3205 4230 vilipendat,
3266 4158 3665 4227 diversumque

2072 4258 2144 4311 ab
2181 4254 2314 4320 illis,
2345 4252 2440 4322 qui
2495 4258 2690 4308 contra
2751 4265 2945 4305 omnes
3005 4249 3357 4305 adversarios
3387 4262 3418 4302 a
3447 4245 3668 4317 Spiritu
3709 4314 3716 4339 ὁ

2074 4353 2270 4402 sancto
2301 4341 2588 4397 victoriam
2629 4341 3016 4403 obtinuerunt,
3066 4339 3352 4394 decretum
3407 4337 3670 4406 praescri-

2073 4435 2207 4491 bat:
2247 4433 2544 4490 statuimus
2572 4446 2675 4487 nos
2707 4431 2875 4486 etiam
2906 4428 3056 4500 quod
3084 4426 3317 4499 Spiritui
3351 4434 3568 4490 sancto,
3599 4428 3667 4478 alt

2068 4530 2298 4600 ipsoque
2336 4526 2606 4582 institutis
2653 4524 2922 4594 apostolis
2985 4522 3215 4594 placuit,
3269 4531 3328 4575 ut
3377 4534 3570 4574 omnes
3608 4521 3663 4572 in

2067 4621 2157 4677 die
2191 4633 2372 4684 sacro,
2402 4632 2621 4688 quoque
2665 4626 2856 4671 nostra
2889 4615 3182 4686 integritas
3213 4615 3523 4668 instaurata
3550 4620 3660 4672 est,

2066 4726 2098 4765 a
2130 4711 2321 4766 labore
2355 4719 2553 4764 vacent
2587 4725 2601 4763 :
2641 4722 2821 4777 neque
2882 4707 3156 4776 agricolae,
3183 4718 3363 4772 neque
3393 4703 3661 4772 quiquam

2069 4801 2161 4855 alii
2188 4800 2242 4853 in
2275 4798 2369 4853 lllo
2389 4797 2639 4853 illicitum
2664 4811 2805 4867 opus
2835 4795 3249 4865 aggrediantur.
3280 4789 3338 4846 Si
3369 4791 3541 4858 enim,
3562 4791 3656 4860 qui

1653 4893 1896 4949 VARle
1929 4890 2336 4949 LECTIONES.

447 4981 495 5015 "
527 4982 948 5058 ltaemendavit
983 4982 1362 5058 Steph._codd.
1397 4985 1504 5058 oi.“
1541 4985 1588 5018 ’°
1617 4986 1852 5058 Scrimg.
1889 4987 2150 5058 πατέρες.

384 5065 516 5116 non,
541 5054 634 5123 qui
669 5054 773 5129 hoc
804 5056 1006 5129 diserte
1027 5055 1345 5129 praecipiat,
1395 5055 1580 5129 nullus
1605 5068 1728 5129 est;
1768 5054 1924 5129 cI_66
1954 5054 2201 5129 vix'h_uc_
2223 5054 2480 5129 quadrat.
2555 5054 2601 5082 "
2627 5054 2910 5129 summa
2931 5054 2997 5115 ᾠ.
3041 5054 3223 5129 habet.
3250 5054 3441 5129 stcpb.
3479 5054 3572 5129 6Q!

1631 5128 1680 5160 ”
1713 5128 1790 5181 Ita
1823 5126 2020 5181 Zuiclt.
2082 5117 2561 5194 Scrinig.§xus:a.
2583 5119 2686 5194 __"
2717 5119 2956 5194 Scrimg.
2989 5117 3257 5194 σωτηρία.
3301 5117 3408 5194 Sed
3442 5117 3653 5194 rectius

415 5124 817 5195 ws‘emendat,
874 5123 1270 5195 Osenbruggen
1313 5127 1371 5178 ὲν
1417 5125 1526 5195 τῷ.

2247 4985 2291 5018 ⁹¹
2319 4981 2404 5037 Cf.
2437 4980 2618 5036 Photii
2651 4979 2883 5034 Nomoc.
2919 4976 3031 5047 Yll,
3058 4977 3112 5033 4.
3144 4975 3533 5047 Apostolorum
3564 4987 3660 5047 ca-

2223 5051 2480 5125 quadrat.
2555 5052 2601 5082 "
2627 5049 2910 5125 Z_tti_ch._év
2931 5041 2997 5115 ᾧ.
3041 5041 3223 5125 habet.
3250 5046 3441 5125 Steplt.
3479 5043 3660 5125 6gp:-

422 5187 568 5266 uiclt.
612 5185 920 5266 σωτηρίαςΔ
971 5196 1036 5266 _”_
1058 5185 1292 5266 Scri'mg.
1317 5193 1437 5266 ἐστὶ
1465 5185 1522 5249 δὲ
1551 5197 1584 5266 ἡ
1615 5196 1833 5265 ἀληθῶς
1907 5198 1954 5230 ³⁸
1979 5197 2057 5251 Ita
2088 5185 2551 5266 ZMclﬁScrimg.
2578 5188 2751 5266 ipsos“.
2817 5189 2864 5225 ⁹⁷
2907 5189 2983 5242 lta
3013 5185 3158 5266 linis.
3195 5187 3430 5266 scrilllg-
3464 5185 3652 5266 ὲΥᾏΕξτ

690 5260 863 5390 ιῖεέῑξι
885 5260 1333 5406 ξεξξιξιξέηὲίκ·
1639 5260 1952 5338 Was

2053 5267 2100 5299 °°
2123 5263 2362 5334 Scritng.
2392 5254 2700 5316 non'ha'bet
2721 5257 2935 5326 ἕτερον.
3014 5260 3029 5290 ¹
3065 5255 3423 5328 Negationem
3446 5254 3656 5307 omittit

1898 5403 2132 5464 NOTAE.

449 5488 652 5608 ’55-56)
673 5491 973 5548 Dominicis
991 5493 1185 5551 diebus
1199 5512 1394 5553 omnes
1409 5499 1475 5552 ab
1490 5497 1749 5569 operibus
1765 5513 1961 5554 vacare

469 5569 596 5608 ient-
624 5571 681 5608 III.
720 5564 826 5608 hic-
865 5566 1086 5608 nullum-
1116 5568 1338 5608 innlmm
1402 5569 1523 5608 Iinnl
1564 5570 1753 5608 rnalini
1812 5569 1958 5608 nnnnl

373 5559 596 5640 debent,
624 5564 826 5640 nt_lt_ic.
865 5566 1091 5640 Omnes,
1116 5568 1378 5640 inquam,
1401 5559 1543 5622 licet.
1564 5569 1961 5640 rusticipquod

375 5631 508 5705 olim
534 5646 641 5705 non
682 5632 818 5689 fuit:
856 5631 1448 5705 etitaabrogaturles
1483 5640 1539 5705 3,
1570 5640 1633 5694 C.
1676 5631 1959 5704 Dele-riis,

375 5700 704 5838 {a‘cialtgju’s
744 5704 1156 5762 constitutionis
1184 5700 1538 5762 Ynentioneni
1591 5707 1868 5779 _llarmen.
1907 5700 1959 5778 1,

402 5785 459 5822 ι.
533 5811 546 5836 ,
683 5809 696 5824 .

402 5785 459 5822 ιι.
495 5785 546 5836 4,
583 5785 610 5836 9
646 5785 696 5824 'l.

693 5869 972 5930 Ριτιιοι..
1007 5870 1123 5932 Gn.
1161 5869 1341 5932 CVll.

2133 5491 2406 5566 (57mm.
2436 5491 2672 5566 l_._ult._§
2705 5491 2861 5566 ως.
2893 5489 2970 5545 De
3024 5488 3212 5566 feriis._
3246 5489 3396 5566 Adde
3431 5505 3482 5544 c.
3510 5490 3564 5566 ι,
3597 5489 3652 5545 2.

2063 5557 2330 5623 exira'De
2366 5562 2546 5625 feriis,
2572 5557 2669 5617 ubi
2697 5557 2935 5616 traditur
2978 5557 3443 5630 qucmadmmlum
3484 5559 3652 5630 etiam

2065 5636 2223 5691 festis
2256 5633 2457 5690 diebus
2484 5632 2704 5688 baleces
2734 5647 2932 5700 capere
2953 5628 3138 5686 liccat.
3169 5630 3322 5685 Adde
3363 5646 3483 5699 quae
3540 5628 3655 5685 dixi

2065 5707 2131 5762 ad
2173 5706 2319 5762 leges
2350 5702 2446 5756 XII
2506 5704 2619 5757 tab.
2654 5704 2762 5759 ibi:
2799 5703 2976 5759 feriis.

2138 5771 2251 5844 (58)
2286 5773 2348 5827 ι..
2370 5773 2426 5839 3,
2460 5771 2523 5828 C.
2554 5771 2630 5830 De
2649 5773 2823 5831 feriis.

3297 5867 3367 5925 18
