4048 6444
405 389 509 452 547
587 388 591 391 ’

1673 378 1950 440 LEONIS
1990 375 2220 437 PHILO
2230 377 2453 438 SOPHI

3575 373 3680 434 ΗΒ

410 503 661 556 umbram
681 497 973 569 quamdam
994 504 1157 565 alque
1179 494 1406 564 ﬁguram
1425 493 1814 557 observabant,
1831 499 2002 546 tanto-

2113 496 2168 549 El
2199 495 2308 564 γὰρ
2342 495 2391 547 οί
2424 493 2593 547 πάλαι
2631 490 2731 555 τὰς
2767 489 2928 553 σκιὰς
2967 489 3210 552 καὶτοὺς
3241 488 3446 551 τύπους
3477 484 3668 556 τιμῶν·

409 609 542 666 pere
567 587 787 644 Sabbati
811 587 956 641 diem
987 586 1412 650 venerabantur,
1437 594 1496 639 ut
1524 584 1591 638 ab
1609 585 1758 638 omni
1781 582 1993 654 (59-60)

410 697 640 754 prorsus
697 687 863 749 opere
919 676 1264 733 abstinerent
1297 694 1313 732 :
1345 677 1619 746 quomodo
1663 675 1757 746 qui
1807 675 1996 745 gratia:

412 775 589 830 lucem
617 773 906 842 ipsamque
957 769 1244 824 veritatem
1295 767 1506 833 colunt,
1541 769 1643 823 hos
1676 783 1802 822 eum
1849 767 1993 822 diem

413 865 506 936 qui
558 879 587 916 a
659 862 888 916 Domino
949 861 1159 915 honore
1217 859 1424 915 ditatus
1493 867 1601 923 est,
1658 873 1871 929 nosque
1927 859 1997 912 ab

414 954 568 1010 exitii
604 954 873 1009 dedecore
901 951 1177 1016 liberavit,
1208 965 1319 1006 non
1344 950 1597 1006 venerari
1618 965 1715 1020 par
1744 950 1871 1005 est?
1902 957 1997 1004 aut

413 1045 714 1118 quomodo,
750 1060 872 1098 cum
900 1059 964 1100 ex
1003 1054 1209 1114 septem
1243 1042 1355 1114 (6|)
1403 1043 1598 1097 diebus
1638 1058 1780 1097 unus
1807 1042 1862 1095 in
1896 1042 1997 1095 Du-

414 1136 548 1191 mini
609 1136 877 1190 honorem
935 1142 1296 1190 consecratus
1354 1135 1446 1198 sit,
1519 1146 1628 1186 non
1659 1131 1893 1186 aliormn
1931 1130 1996 1185 ad

415 1243 584 1298 opera
616 1243 718 1282 usu
750 1235 1040 1281 contentos
1069 1241 1178 1280 non
1198 1241 1342 1291 esse,
1381 1239 1556 1294 neque
1589 1224 1742 1277 illum
1770 1222 1999 1276 Domino

415 1317 678 1372 eximium
707 1324 763 1371 et
816 1316 1140 1370 inviolatum
1190 1330 1521 1371 conservare
1593 1332 1607 1368 :
1669 1314 1763 1368 sed
1819 1314 1999 1383 ipsum

417 1411 583 1464 etiam
615 1409 896 1480 vulgarem
927 1411 1132 1472 facere,
1157 1409 1473 1479 nostrisque
1519 1408 1781 1478 operibus
1822 1407 2002 1477 appli-

419 1499 658 1554 candum
701 1508 918 1572 putare,
973 1500 1261 1572 religionis
1293 1515 1403 1556 non
1454 1508 1538 1555 est
1566 1514 1792 1570 prorsus
1820 1499 2003 1555 disso—

422 1592 595 1646 lutaa'!

883 1679 1352 1736 CONSTITUTIO
1427 1678 1539 1734 LV.

430 1771 498 1828 Ut
527 1772 708 1829 Judwi
742 1773 1030 1829 secundum
1060 1773 1447 1828 christianismi
1472 1773 1610 1826 ritus
1647 1773 1824 1826 vivant
1863 1770 1999 1842 (6‘2).

497 1969 646 2025 ldeln
681 1968 982 2039 imperator
1015 1967 1192 2023 eidem
1230 1967 1503 2038 Styliano.

497 2059 603 2127 Qui
657 2060 788 2115 olim
819 2059 1054 2130 sceptris
1107 2060 1265 2130 potiti
1319 2067 1472 2122 sunt,
1524 2057 1594 2113 de
1648 2057 2003 2113 Hebraeorum

425 2159 589 2221 gente
621 2149 765 2220 (qua:
793 2149 1070 2218 quondam
1089 2148 1270 2219 quoad
1303 2148 1490 2203 divino
1524 2148 1832 2218 patrocinio
1854 2147 2006 2203 fove-

427 2250 602 2306 retur,
661 2241 869 2312 inclyta
914 2240 1038 2306 fuit,
1093 2255 1240 2295 nunc
1269 2249 1451 2296 autem
1498 2241 1569 2295 ob
1599 2242 2007 2295 contumaciam

427 2331 484 2386 in
545 2331 832 2388 Christum
867 2337 923 2385 et
975 2330 1146 2390 Deum
1200 2341 1446 2386 nostrum
1507 2330 1560 2384 in
1603 2330 2010 2386 calamitatibus

430 2424 666 2479 celebris
689 2433 795 2487 est,
824 2423 1072 2477 diversas
1107 2422 1220 2492 (63)
1243 2423 1664 2491 promulgarunt
1693 2422 1863 2491 leges,
1893 2435 2013 2490 qua:

430 2515 500 2569 de
528 2515 770 2584 ipsorum
804 2514 930 2567 vitae
968 2521 1114 2567 statu
1176 2521 1499 2578 tractantes,
1564 2513 1781 2581 jubent,
1811 2524 1869 2566 ut
1897 2513 2011 2583 (64)

433 2619 626 2661 sacras
657 2604 761 2674 ipsi
795 2603 1118 2674 Scripturas
1162 2604 1362 2675 legant,
1385 2613 1438 2656 et
1467 2619 1534 2657 ne
1565 2619 1596 2656 a
1636 2604 1754 2659 suis
1814 2604 2014 2659 ritibus

434 2703 769 2748 arceantur:
801 2694 932 2764 quin
975 2692 1143 2747 etiam
1187 2702 1244 2746 ut
1280 2693 1482 2747 liberos
1526 2709 1688 2763 supra
1729 2695 2014 2764 sanguinis

433 2786 820 2854 cognationem
838 2784 1276 2840 circumcisionis
1290 2784 1454 2838 etiam
1476 2784 1803 2853 cognatione
1817 2799 1921 2839 suo
1941 2784 2018 2838 in-

431 2877 630 2932 stituto
658 2875 1100 2931 accommodent.
1133 2877 1311 2946 Atque
1342 2877 1456 2930 haec
1483 2875 1725 2943 quidem,
1755 2877 1848 2946 qui
1885 2878 2016 2932 olim

434 2967 519 3037 (ut
547 2965 684 3034 dixi)
716 2965 1006 3036 imperium
1040 2966 1424 3020 obtinuerunt.
1475 2965 1674 3020 Verum
1707 2969 2019 3023 sacratissi-

433 3072 560 3113 mus
584 3057 866 3128 princeps,
895 3058 987 3113 ille
1018 3073 1085 3112 ex
1108 3059 1268 3127 cujus
1301 3058 1509 3114 semine
1529 3074 1631 3114 nos
1663 3061 1774 3114 nati
1801 3076 2017 3125 sumus,

437 3156 501 3202 ut
527 3149 622 3217 qui
655 3149 866 3220 majore
923 3163 1087 3218 quam
1149 3150 1330 3204 caeteri
1358 3149 1556 3204 salutis
1587 3150 1835 3219 ipsorum
1864 3152 2014 3208 desi~

439 3241 596 3294 derio
659 3249 960 3306 teneretur,
1013 3240 1116 3296 hos
1148 3240 1203 3294 in
1256 3240 1372 3295 sola
1419 3243 1767 3310 superiorum
1836 3243 2015 3311 legum

437 3331 825 3386 observatione
859 3331 1174 3401 relinquere
1203 3331 1371 3402 (quod
1409 3341 1534 3387 ante
1561 3332 1716 3387 illum
1750 3335 1840 3388 alii
1880 3335 2021 3389 fece-

437 3423 583 3492 rant)
620 3437 726 3476 non
762 3431 1057 3478 contentus
1089 3440 1103 3476 :
1140 3422 1236 3478 sed
1269 3424 1468 3492 partim
1502 3439 1789 3480 sacrorum
1821 3441 2021 3480 oracu-

438 3514 614 3568 lorum
649 3514 1036 3585 explicatione,
1072 3516 1272 3584 partim
1313 3516 1630 3570 eorumdcm
1691 3517 2023 3572 admonitio-

441 3603 606 3658 nibus
633 3603 696 3657 ad
729 3605 1024 3658 salutarem
1073 3602 1514 3658 Christianorum
1565 3605 1773 3659 cultum
1835 3606 2025 3661 tradu-

441 3710 597 3757 cens,
626 3693 838 3749 vivifica
896 3694 1160 3764 baptismi
1201 3710 1343 3763 aqua
1377 3695 1636 3750 initiavit.
1663 3695 1845 3765 Atque
1875 3697 2022 3766 quod

440 3787 595 3856 ipsos
651 3787 706 3841 in
743 3795 973 3849 1novum
1034 3786 1337 3843 secundum
1403 3786 1690 3842 Christum
1743 3788 2022 3844 hominem

443 3878 833 3933 transformari
897 3879 1099 3934 debere
1136 3879 1412 3949 persuasit
1438 3888 1756 3935 utveterem
1787 3880 2027 3950 deporte-

441 3980 586 4038 rent,
619 3972 777 4040 plene
803 3970 1005 4037 eﬂ‘ecit,
1040 3979 1095 4026 et
1124 3986 1465 4042 quaecunque
1495 3979 1819 4026 vetustatem
1859 3986 2024 4042 sape-

442 4072 588 4130 rent,
638 4063 1120 4120 circumcisionem
1152 4064 1288 4135 (65),
1335 4061 1631 4118 Sabbatum
1681 4063 1818 4132 (66),
1880 4073 1934 4120 et
1977 4063 2026 4120 si

444 4156 576 4225 quid
600 4155 749 4208 aliud
791 4164 896 4220 est,
937 4171 1061 4211 cum
1118 4157 1212 4211 illo
1258 4156 1420 4210 simul
1474 4156 1646 4211 exuit.
1698 4156 1864 4226 Atqui
1899 4171 2023 4210 cum

445 4257 602 4301 tanto
629 4263 754 4302 cum
788 4247 986 4304 eﬂ‘ectu
1012 4263 1043 4303 a
1071 4246 1299 4304 Judaica
1341 4248 1638 4314 pertinacia
1669 4248 1817 4317 ipsos
1851 4249 2026 4303 dedu-

445 4338 640 4401 ris'set.
670 4354 781 4394 non
820 4340 988 4394 etiam
1050 4339 1328 4409 prioribus
1368 4341 1601 4410 legibus,
1625 4357 1748 4412 quae
1793 4340 2027 4397 Judaico

447 4429 557 4480 ritu
585 4426 770 4482 vivere
819 4428 1237 4498 permittebant,
1274 4429 1577 4495 silentium,
1601 4441 1658 4486 et
1684 4431 2026 4488 vacationem

449 4519 679 4576 alterius
711 4519 846 4591 legis
880 4519 1104 4577 decreto
1130 4520 1414 4590 imposuit.

2062 4527 2109 4584 D

2095 607 2186 651 τες
2205 588 2293 642 διὰ
2321 585 2591 654 τοσαύτης
2619 578 2754 653 ἦγον
2779 582 2944 652 τιμῆς
2965 581 3064 651 τὴν
3101 580 3197 634 τοῦ
3222 580 3505 634 Σαϐὄὰτου
3541 579 3680 648 ἠμέ-

2099 697 2223 750 ραν,
2278 678 2354 740 ὡς
2414 674 2674 730 παντελεῖ
2705 673 2904 736 αὐτοὺς
2960 671 3242 742 ὰπραξίᾳ²
3285 671 3509 734 διδόναι,
3563 670 3681 733 πῶς

2097 769 2245 833 είκδς
2274 767 2368 832 οὒς
2395 768 2430 838 ἡ
2481 767 2644 837 χάρις
2679 763 3022 835 θεραπευτὰς
3055 763 3168 833 ἔχει
3223 761 3316 815 καὶ
3359 764 3392 831 ἡ
3428 760 3678 830 ἀλήθεια,

2097 858 2322 921 τούτους
2363 858 2438 928 μὴ
2468 858 2636 927 τιμᾷν
2695 855 2795 920 τὴν
2827 853 3066 924 ἡμέραν,
3102 853 3138 923 ἢ
3161 853 3182 883 ⁸
3206 850 3269 905 τὸ
3313 851 3495 921 τίμιον
3529 855 3684 921 παρὰ

2097 949 2196 1004 τοῦ
2226 949 2499 1002 Δεσπότου
2536 945 2839 1016 ἐπλούτησε
2880 944 2975 997 καὶ
3014 945 3163 1013 ἡμᾶς
3194 942 3537 1013 ἠλευθέρωσε
3583 941 3683 1010 τῆς

2098 1043 2163 1095 ὲκ
2191 1040 2401 1112 φθορᾶς
2421 1038 2673 1109 ἀτιμίαςς
2704 1037 2738 1108 ἢ
2772 1037 2889 1100 πῶς
2907 1036 2967 1089 ού
2991 1035 3275 1096 παντελῶς
3301 1033 3679 1102 ἀσυνείδητον,

2099 1135 2241 1189 ἑπτὰ
2269 1133 2497 1206 ἡμερῶν
2533 1131 2716 1184 ούσῶν
2743 1124 2818 1184 ῶν
2846 1131 2926 1193 είς
2980 1127 3317 1198 Δεσποτικὴν
3343 1125 3509 1198 τιμὴν
3539 1126 3687 1178 ἀνεῖ-

2103 1245 2192 1280 ται
2221 1225 2342 1296 μία,
2399 1224 2476 1296 μὴ
2505 1223 2526 1255 ’⁵
2561 1221 2849 1293 ἀρκεῖσθαι
2899 1220 3051 1290 ἡμᾶς
3085 1221 3206 1282 ταῖς
3237 1218 3296 1284 ἓξ
3317 1218 3337 1249 ⁸
3366 1219 3685 1298 ἀποκεχρη-

2105 1313 2301 1382 μένους
2345 1315 2426 1376 εἰς
2479 1311 2638 1383 ἔργα,
2686 1311 2816 1363 xui.“
2871 1309 3238 1380 ἀναφαίρετον
3288 1306 3368 1376 τῷ
3432 1305 3683 1376 Δεσπότῃ

2103 1404 2323 1474 ἐκείνην
2368 1404 2579 1473 τηρεῖν,
2617 1400 2754 1455 ἀλλὰ
2801 1397 2899 1455 καὶ
2942 1401 3156 1470 ταύτην
3207 1396 3637 1453 κοινοποιεῖσθαι
3663 1396 3684 1426 ⁷

2103 1494 2340 1550 καὶτῶν
2374 1491 2661 1565 ἡμετέρων
2699 1492 2877 1562 ἔργων
2911 1491 3156 1562 νομίζειν
3177 1489 3401 1558 καιρόνς

2653 1670 2967 1726 ΔΙΑΤΑΞΙΣ
2992 1668 3124 1725 NE'.

2105 1770 2248 1841 Περὶ
2294 1769 2404 1825 τοῦ
2457 1768 2610 1841 κατὰ
2633 1766 2753 1841 τὴν
2787 1763 2907 1818 τῶν
2923 1759 3309 1841 ΔΚρίῳ-ταινιῶν·
3343 1759 3553 1814 πίστιν
3591 1758 3693 1814 Ἓ-

2526 1839 2658 1910 ripa!
2661 1855 2769 1902 ους
2822 1834 3269 1896 πολιτεύεσθαι,

2193 1933 2253 1986 ’0
2281 1930 2445 1994 αὐτὸς
2474 1928 2733 2000 βασιλεὺς
2756 1923 3036 1994 Στυλιανῷ
3060 1921 3138 1993 τῷ
3169 1921 3339 1991 αὐτῷ.

2178 2025 2243 2078 Oi
2284 2020 2594 2093 ἔμπροσθεν
2617 2020 2696 2081 εἰς
2724 2017 2796 2072 τὰ
2827 2017 3087 2086 σκῆπτρα
3131 2011 3506 2072 καταστάντες
3553 2009 3688 2080 περὶ

2108 2115 2203 2172 τοῦ
2243 2113 2412 2170 πάλαι
2441 2111 2540 2184 μὲν
2575 2110 2666 2163 διὰ
2692 2108 2792 2181 τὴν
2825 2107 2964 2178 πρὸς
2993 2104 3190 2167 αὐτοὺς
3237 2102 3421 2156 θεόθεν
3463 2103 3693 2156 ἐπισκο-

2109 2206 2220 2276 πὴν
2246 2201 2599 2274 περιωνύμου
2631 2198 2742 2253 τῶν
2784 2196 3058 2268 Ἐϐραίων
3084 2194 3298 2263 γένους,
3326 2191 3612 2262 γεγονότος
3636 2191 3695 2244 δὲ

2111 2298 2178 2350 ἔκ
2208 2294 2307 2365 τῆς
2333 2293 2470 2363 πρὸς
2523 2290 2616 2343 τὸν
2650 2286 2890 2359 Χριστὸν
2924 2284 3022 2340 καὶ
3061 2284 3195 2337 Θεὸν
3232 2284 3392 2356 ἡμῶν
3434 2281 3697 2344 ἀπονοίας

2112 2382 2464 2456 περιωνύμου
2494 2380 2552 2433 ἐν
2608 2377 2938 2447 συμφοραῖς,
2974 2373 3266 2444 διαφόρους
3312 2372 3560 2438 ἐξέθεντο
3607 2372 3697 2424 νόο

2119 2491 2276 2545 μους,
2304 2471 2353 2526 οἳ
2389 2469 2518 2542 περὶ
2562 2467 2955 2528 καταστάσεως
2981 2465 3080 2534 τῆς
3118 2463 3342 2516 ἐκείνων
3387 2462 3531 2532 ζωῆς
3567 2461 3684 2515 δια-

2116 2564 2490 2636 λαμϐάνοντες
2521 2559 2808 2616 κελεύουσι
2838 2559 2961 2621 ταῖς
3017 2555 3191 2619 θείαις
3220 2555 3466 2626 Γραφαῖς
3501 2555 3696 2622 ἐντυγ-

2118 2658 2304 2730 χάνειν
2332 2655 2553 2717 αὐτοὺς,
2598 2652 2694 2706 καὶ
2742 2651 2852 2704 τῶν
2884 2647 3103 2702 οἰκείων
3133 2647 3340 2716 ὲθίμων
3396 2646 3470 2716 μὴ
3516 2646 3696 2714 εῐργε-

2122 2751 2270 2816 σθαι,
2296 2747 2433 2802 ἀλλὰ
2485 2745 2583 2800 καὶ
2613 2744 2738 2806 τοὺς
2787 2740 2984 2804 παῖδας
3014 2738 3152 2810 πρὸς
3177 2740 3245 2808 τῇ
3279 2737 3573 2807 συγγενείᾳ
3600 2735 3698 2790 τοῦ

2120 2845 2355 2914 αἵματος
2380 2840 2473 2894 καὶ
2499 2837 2577 2909 τῷ
2604 2838 2668 2890 ὲκ
2698 2836 2796 2906 τῆς
2828 2833 3133 2903 περιτομῆς
3183 2831 3440 2899 συγγενεῖ
3471 2845 3702 2901 προσοι-

2121 2932 2406 2988 κειοῦσθαι
2447 2929 2668 2992 αὐτούς.
2699 2925 2864 2981 Ἀλλὰ
2891 2923 3064 2977 ταῦτα
3117 2922 3216 2992 μὲν
3261 2924 3311 2974 οῖ
3361 2920 3698 2992 ἔμπροσθεν,

2122 3028 2197 3091 ὡς
2231 3021 2414 3086 εἷπον,
2444 3024 2522 3084 εἰς
2549 3019 2647 3090 τὴν
2680 3014 2956 3088 βασιλείαν
2982 3012 3365 3085 παρελθόντες·
3421 3012 3478 3065 ὀ
3508 3012 3563 3064 δὲ
3601 3012 3704 3080 τῆς

2124 3115 2276 3179 θείας
2297 3112 2503 3185 λήξεως
2545 3106 2821 3180 βασιλεὺς,
2855 3095 2917 3156 οὗ
2944 3103 3042 3172 τῆς
3072 3101 3283 3170 σπορᾶς
3315 3099 3448 3170 ἡμῖν
3495 3099 3528 3167 ἠ
3565 3096 3701 3166 βλά-

2042 3196 2086 3258 C
2124 3225 2245 3278 στη,
2282 3205 2377 3259 ἆτε
2418 3202 2485 3273 δὴ
2542 3199 2706 3253 πλέον
2755 3195 2863 3249 τῶν
2906 3193 3083 3248 ἄλλων
3143 3190 3288 3261 σχὼν
3357 3190 3537 3259 ἔρωτα
3604 3190 3706 3256 τῆς

2122 3296 2302 3353 αὐτῶν
2345 3291 2644 3363 σωτηρίας,
2690 3289 2789 3342 οὐκ
2829 3284 3158 3357 ιίιρκεσθεὶς⁹
3221 3281 3545 3335 καταλιπεῖν
3588 3278 3708 3331 τού·

2121 3407 2250 3452 τους
2300 3386 2485 3449 καθὼς
2524 3385 2573 3437 οἱ
2624 3381 2732 3452 πρὸ
2775 3378 2983 3432 ἐκείνου
3021 3377 3077 3428 ὲν
3121 3374 3260 3447 μόνῃ
3289 3375 3356 3444 τῇ
3415 3372 3526 3424 τῶν
3561 3387 3702 3442 προ-

2120 3479 2398 3533 λαϐόντων
2453 3476 2635 3545 νόμων
2685 3470 2952 3534 διατάξει,
3009 3465 3147 3522 ἀλλὰ
3204 3461 3362 3518 τοῦτο
3432 3462 3531 3533 μὲν
3588 3462 3700 3514 τῶν

2127 3569 2294 3642 ἱερῶν
2323 3566 2522 3635 λογίων
2553 3561 2911 3627 ἁναπτύξεσι,
2943 3556 3106 3611 τοῦτο
3136 3557 3192 3610 δὲ
3221 3555 3280 3608 ὲν
3304 3556 3426 3618 ταῖς
3448 3551 3636 3607 αὐτῶν
3663 3552 3709 3583 ⁸⁸

2126 3659 2476 3729 νουθετήσεσι
2531 3655 2669 3727 πρὸς
2721 3653 2821 3723 τὴν
2876 3650 3148 3720 σωτήριον
3202 3647 3311 3701 τῶν
3352 3642 3707 3716 Χριστιανῶν

2130 3751 2476 3825 μεταστήσας
2499 3744 2756 3815 λατρείαν
2789 3742 2864 3814 τῷ
2899 3739 3151 3811 ςιοοποιῷ
3182 3738 3276 3791 τοῦ
3331 3735 3712 3809 βαπτίσματος

2127 3824 2443 3899 ἐτελείωσεν
2487 3839 2664 3892 ὕδατι.
2699 3835 2811 3890 Καὶ
2841 3834 2989 3905 ἔργῳ
3027 3832 3147 3903 μὲν,
3190 3831 3256 3883 δι’
3289 3824 3364 3882 ὧν
3395 3827 3591 3891 αὐτοὺς
3629 3829 3710 3890 είς

2127 3935 2218 3989 τὸν
2241 3934 2359 3988 νέον
2381 3929 2523 3985 κατὰ
2540 3926 2778 4000 Χριστὸν
2820 3923 3177 3996 μορφωθῆναι
3195 3921 3480 3989 ἄνθρωπον
3499 3918 3710 3980 ἔπεισε,

2127 4028 2220 4082 τὸν
2251 4025 2482 4079 παλαιὸν
2505 4019 2816 4078 ἀποθέσθαι
2848 4015 3288 4086 παρεσκεύασεν,
3339 4014 3432 4066 καὶ
3482 4013 3581 4064 ὅσα
3607 4010 3711 4079 τῆς

2130 4119 2492 4187 παλαιότητος
2531 4111 2879 4184 ὲγνωρίζετο,
2923 4107 3251 4180 περιτομὴν,
3282 4103 3562 4158 Σάὸϐατον
3595 4101 3714 4153 ’καὶ

2132 4213 2259 4266 εἴτι
2304 4210 2517 4281 ἕτερον,
2576 4205 2772 4275 ἐκείνῳ
2827 4201 3313 4271 συναπημφίασεν.
3374 4195 3517 4250 Ἀλλ’
3567 4193 3716 4246 οὕτω

2134 4302 2234 4373 μὲν
2265 4300 2412 4371 ἔργῳ
2440 4296 2535 4351 τοῦ
2551 4291 2845 4348 Ἰουδαϊκοῦ
2877 4291 3226 4362 φρονήματος
3265 4285 3574 4358 μετατάξας
3614 4283 3715 4337 αὖ·

2131 4395 2258 4456 τοὺς
2286 4388 2474 4444 οὐκέτι
2524 4387 2623 4441 καὶ
2687 4384 2854 4454 νόμου
2892 4380 3207 4450 ψηφίσματι
3262 4379 3375 4439 τοῖς
3425 4373 3716 4446 προτέροις

2135 4485 2343 4556 νόμοις,
2374 4481 2425 4535 οἳ
2456 4479 2718 4549 παρεῖχον
2746 4475 2930 4530 ἄδειαν
2961 4469 3272 4532 Ἰουδαϊκῶς
3323 4468 3447 4539 ζῇν,
3484 4465 3578 4520 κα).
3615 4463 3718 4534 τὴν

2138 4574 2386 4648 ἀφωνίαν
2418 4572 2513 4626 καὶ
2535 4567 2735 4640 ἀργίαν
2756 4565 3068 4621 ἐθέσπισεν.

1747 4777 1991 4835 VARUE
2034 4772 2442 4834 LECTIONES.

525 4898 546 4929 '
587 4897 822 4967 Scrimg.
857 4895 1094 4968 παντελῆ
1122 4895 1260 4968 αὐτῇ
1299 4896 1608 4968 ἀπραξὶονη
1635 4894 1828 4951 Zuich.
1877 4914 2040 4968 παντ.
2095 4897 2261 4968 ἑαυτῇ
2307 4881 2962 4968 ῥι-πραξίᾳ-Υωςξοτιῧειιεο
3007 4887 3283 4968 ι’)νξδξδξιξξῑοΔ
3321 4877 3716 4968 latam-“ﬁgis-

454 4968 665 5022 ‘Codd.
704 4967 1048 5036 negationem
1086 4967 1194 5036 non
1232 4967 1454 5021 habent.

455 5046 684 5162 praestat
741 5038 887 5090 Bals.

489 5109 680 5162 lcerm.
707 5107 887 5162 ἠρκὲσ

489 5109 680 5163 lcerm.
707 5107 975 5177 ὴρκέσθη,
998 5107 1146 5176 quod
1179 5108 1414 5163 fortasse
1449 5114 1692 5176 praestat.

1551 4947 1671 5019 in;
1688 4947 1861 5019 "iéiéie
1885 4947 2054 5022 ’ὗᾼιέζ
2099 4947 2272 5019 Codd:
2305 4947 2430 5026 ἔξω.
2482 4947 2543 4993 ’⁶’
2566 4954 2902 5026 Particulam
2941 4947 3058 5026 καὶ,
3086 4967 3208 5026 qua;
3232 4964 3291 5026 _a
3319 4947 3719 5026 qufl..a_bcst,

980 5037 1098 5090 ’lta
1157 5035 1352 5090 Zuiclt.
1393 5044 1448 5090 et
1509 5035 1657 5096 Bals.
1718 5035 1950 5106 Serimg.
2013 5036 2199 5105 κοινὴν
2258 5029 2549 5086 ποιεῖσθαι.

998 5107 1146 5160 quod
1179 5108 1414 5160 fortasse
1451 5114 1692 5160 praestat.
1795 5106 1838 5136 ¹⁰
1865 5106 2030 5160 liilem
2056 5104 2286 5159 ἑαυτῶν.

2649 5023 2824 5080 ⁸Νον.
2852 5018 3148 5077 Iustiniani
3184 5020 3307 5074 146.
3384 5018 3619 5071 'Zuich.
3666 5030 3720 5069 et

1971 5214 2205 5272 NOTxE.

535 5312 645 5383 (59-
657 5311 746 5381 60)
773 5309 1054 5383 Iuvenalis
1071 5309 1161 5383 11,
1178 5309 1406 5379 loquens
1421 5307 1488 5362 de
1506 5304 1744 5383 Iudaeis:
1770 5303 1873 5383 Se_d
1889 5315 2042 5372 pater

457 5386 513 5440 in
541 5373 703 5436 causa
730 5373 809 5435 ἐει
840 5421 855 5445 ,
893 5381 978 5432 ειιί
1033 5373 1264 5446 septima-
1300 5394 1516 5446 qquue
1562 5377 1661 5442 fuit
1693 5375 1785 5446 (na:
1816 5373 2040 5446 ζςιιιιυα,

458 5464 515 5510 et
549 5453 732 5523 Satyr.
765 5451 819 5505 6.
844 5443 1138 5523 'Qbservant
1174 5449 1262 5501 ubi
1291 5443 1600 5523 [cunning
1646 5443 2041 5523 pede-Splabqta

460 5512 807 5591 regesfcum
843 5519 976 5591 dicit
1029 5533 1174 5591 mero
1225 5512 1374 5591 pede,
1419 5516 1522 5568 iter
1568 5512 1796 5591 sabbati
1840 5513 2044 5591 intelli-

462 5587 590 5663 gere
616 5592 852 5663 videtur,
882 5587 949 5640 de
970 5602 1081 5654 quo
1116 5589 1302 5641 Actor.
1329 5587 1383 5649 1,

464 5659 604 5716 citer
631 5659 772 5714 2006
801 5671 1062 5727 passuum
1078 5667 1216 5710 erat.

538 5731 651 5796 (61)
683 5719 840 5782 υιιιίε
867 5727 955 5779 ille
979 5742 1049 5796 ex,
1069 5734 1276 5793 septem
1302 5724 1496 5781 diebus
1521 5739 1630 5779 non
1653 5731 1736 5779 est
1758 5722 1876 5778 dies
1895 5719 2039 5774 Sab-

469 5795 602 5863 bati,
637 5795 729 5858 Sed
766 5797 938 5866 prima
975 5795 1207 5849 sabbati.
1251 5824 1254 5828 -

1444 5600 1587 5638 vers.
1627 5585 1713 5648 12,
1747 5583 1895 5654 quod
1941 5582 2048 5636 cir-

2214 5298 2531 5374 (62)_._ludaei
2553 5294 2828 5374 iubentur;
2852 5288 3341 5374 fieriuflhr‘istian‘i,
3369 5293 3433 5374 et,
3455 5286 3542 5374 Et:
3557 5287 3726 5374 abre:

2142 5356 2466 5443 gatur'Nov.
2506 5356 2686 5443 Just."
2726 5362 2853 5443 1463
2900 5372 2954 5414 et
2976 5362 3063 5414 tit.
3101 5359 3346 5439 Cod..De
3375 5356 3580 5410 Judaeis
3611 5367 3725 5424 quo

2145 5429 2474 5514 permissum
2500 5433 2888 5514 erat_l|ebra:i_s
2917 5446 3018 5514 suo
3041 5445 3194 5514 "mre
3221 5429 3423 5482 vivere.

2217 5515 2329 5582 (65)
2355 5510 2504 5582 βοά-η
2525 5507 2598 5559 De
2617 5503 2820 5582 Jan-dgnis
2835 5503 2892 5554 ιι.
2920 5500 3056 5552 Nov.
3088 5498 3212 5552 116.

2218 5572 2330 5652 (6t)
2354 5579 2423 5652 υ.
2449 5577 2601 5652 rem.
2630 5572 2748 5652 ιιιῑ.

2218 5639 2331 5719 (‘55)
2368 5647 2487 5719 Vidi.
2522 5639 3022 5719 notitiaian
3084 5705 3098 5719 ε
3155 5706 3167 5716 υ

2221 5705 2336 5793 (66)
2367 5718 2429 5773 ε..
2456 5718 2511 5782 a,
2548 5716 2584 5770 ι.
2614 5715 2703 5780 is,
2730 5712 2866 5766 Cod.
2904 5712 2976 5765 De
2997 5705 3221 5762 Judmis.
