4048 6434
328 423 432 486 553

1444 425 1806 490 ΝονΕιιΑῖ
1827 425 2380 490 CONSTITUTION
2390 427 2502 491 ES.

3480 443 3584 508 554

325 531 462 604 αἷμα
482 533 542 585 ού
568 531 860 603 φάγεσθαι,
879 532 971 586 καὶ¹
989 532 1139 606 παρά
1161 534 1272 589 τῶν
1295 535 1555 608 κηρύκων
1569 540 1666 609 τῆς
1686 539 1889 611 χάριτος

2009 537 2142 594 dum
2172 555 2283 594 non
2312 555 2438 596 esse
2464 541 2743 596 mandavit
2778 541 2939 611 Deus,
2973 544 3137 601 simul
3169 546 3236 601 ah
3266 545 3581 607 istiusmodi

325 623 630 695 ἀπέχεσθαι
674 627 776 694 τῆς
829 625 1089 697 τοιαύτης
1146 627 1575 700 νενομοθέτηται
1623 630 1899 708 βρώσεως,

323 716 431 769 Καὶ
468 714 617 769 οὕτω
645 717 748 769 κάν
774 718 839 786 τῇ
888 716 1094 787 παλαιᾷ
1128 719 1232 771 κάν
1277 722 1356 794 τῇ.
1380 720 1476 793 νέα
1535 722 1718 793 χάριτι
1767 740 1904 793 συμφ

323 804 514 876 φώνως
547 807 808 876 ἀθεμίτου
830 806 1120 871 δοκοῦντος
1148 808 1244 862 καὶ
1270 810 1578 880 ἀποδλήτου
1605 813 1698 866 τοῦ
1724 815 1904 884 πράγ-

324 915 532 970 ματος,
576 900 657 962 είς
713 897 969 952 τοσοῦτον
1027 900 1350 968 αὐθαδείας,
1384 903 1586 973 μᾶλλον
1633 904 1690 957 δὲ
1722 923 1903 976 παρα-

321 989 553 1061 πληξίας
578 991 808 1060 ἥκουσιν
834 989 1133 1062 ἄνθρωποι,
1187 991 1263 1054 ὡς
1312 993 1438 1064 μηδ’
1490 994 1576 1047 ἑτέ
1587 1012 1655 1066 pq
1680 996 1790 1049 τῶν
1819 1013 1898 1049 νο-

321 1080 594 1154 μοθεσιῶν
624 1081 855 1152 ὑπέχειν
897 1082 1124 1153 εὐήκοον
1147 1077 1262 1146 οὖς.
1313 1083 1457 1137 Ἀλλ’
1483 1085 1709 1157 ἁναίδην
1726 1087 1773 1140 οί
1799 1087 1899 1158 μὲν

317 1174 545 1245 κέρδους
586 1173 775 1239 ἕνεκα,
809 1174 859 1227 οί
888 1172 946 1227 δὲ
975 1172 1034 1226 τὸ
1062 1173 1475 1246 γαστρίμαργον
1504 1175 1900 1248 θεραπεύοντες

318 1261 725 1334 καταφρονοῦσι
777 1261 876 1332 μὲν
937 1261 1034 1316 τοῦ
1077 1263 1562 1333 παραγγέλματος,
1607 1265 1803 1336 βρῶμα
1839 1266 1899 1319 δὲ

315 1353 599 1408 ποιοῦνται
630 1353 691 1406 τὸ
736 1353 1194 1425 ἀπηγορευμένον
1213 1354 1258 1386 ³⁸⁵
1328 1357 1410 1418 εἰς
1463 1355 1668 1426 βρῶσιν
1730 1352 1893 1428 αἷμα.

328 1446 700 1517 Ἀνήνεκται’⁸
727 1445 835 1514 γάρ
880 1448 1001 1507 ταῖς
1024 1446 1323 1516 ἡμετέραις
1349 1449 1561 1513 ἀκοαῖς,
1599 1449 1791 1520 ὅτιπερ
1819 1451 1896 1513 ὡς

313 1537 505 1607 χιτῶσι
537 1537 650 1599 τοῖς
683 1536 924 1603 ἐντέροις
952 1536 998 1567 ’⁸
1029 1535 1186 1589 τοῦτο
1219 1537 1699 1607 διαλαμϐάνοντες,
1724 1539 1895 1594 καθά-

313 1645 420 1698 περ
446 1645 500 1680 τι
529 1627 639 1680 τῶν
677 1625 924 1697 συνήθων
948 1625 1252 1698 βρωμάτων
1277 1627 1481 1686 διδόασι
1512 1632 1587 1700 τῇ
1608 1632 1823 1700 γαστρί.

382 1719 555 1772 Τοῦτο
605 1719 707 1772 οὐκ
768 1717 1065 1788 ἀνασχετὸν
1096 1720 1128 1788 ἡ
1166 1719 1417 1788 βασιλεία
1443 1720 1604 1789 ἡμῶν
1637 1720 1892 1792 ὑπολαμ-

311 1809 571 1874 ϐάνουσα,
618 1810 729 1864 οὐδ’
764 1808 907 1863 οὕτω
931 1809 1248 1880 παράνομον
1282 1812 1527 1864 ἐπίνοιαν
1559 1812 1694 1882 πρὸς
1721 1813 1890 1884 μόνην

2010 629 2138 686 cibo
2167 633 2434 689 abstineri
2491 635 2694 692 debere
2727 651 2758 691 a
2804 641 3153 708 praeconibus
3207 645 3399 714 gratia:
3463 647 3579 720 (78)

2006 730 2090 777 est
2124 724 2507 778 constitutum.
2568 723 2634 780 Et
2657 743 2973 799 quanquam
3026 739 3142 785 tum
3193 734 3393 789 veteris
3451 744 3566 790 tum

2005 827 2161 870 novae
2189 813 2377 883 gratia:
2411 822 2652 884 tempore
2688 818 2781 872 illa
2840 835 2930 875 res
2985 821 3109 877 vilis
3167 820 3352 878 habita
3400 824 3473 880 sit
3526 834 3581 882 et

2006 902 2214 957 nefaria
2244 921 2257 955 :
2299 919 2364 959 eo
2396 913 2578 960 tamen
2614 911 2999 974 contumaciae,
3030 912 3142 968 imo
3191 913 3461 970 vecordiae
3491 917 3582 971 ho-

2003 995 2180 1052 mines
2209 1011 2556 1066 processere,
2593 1007 2653 1052 ut
2703 1002 2885 1056 neutri
2939 1003 3042 1074 legi
3077 1018 3266 1060 aurem
3315 1017 3580 1077 praestent

2002 1087 2354 1156 morigeratn.
2385 1090 2454 1143 At
2482 1097 2676 1145 contra
2726 1093 2821 1148 alii
2857 1094 3019 1160 lucri,
3052 1096 3147 1152 alii
3216 1097 3357 1168 gulae
3408 1113 3578 1154 causa

2003 1190 2218 1230 summa
2265 1190 2388 1230 cum
2421 1177 2760 1249 impudentia
2819 1184 3140 1240 mandatum
3187 1195 3575 1251 contemnunt,

1999 1262 2056 1316 in
2099 1277 2396 1334 escamque
2444 1281 2553 1336 qua
2605 1269 2750 1324 vesci
2809 1273 3038 1327 vetitum
3082 1281 3203 1341 est,
3252 1277 3578 1345 sanguinem

1999 1365 2346 1410 convertunt.
2404 1356 2683 1414 Perlatum
2723 1362 2870 1416 enim
2914 1364 2981 1417 ad
3018 1379 3183 1420 aures
3227 1375 3444 1422 nostras
3471 1378 3579 1432 est,

1998 1445 2142 1515 quod
2174 1446 2455 1503 intestinis
2488 1457 2749 1520 tanquam
2794 1452 3000 1508 tunicis
3039 1455 3193 1508 ilium
3235 1456 3578 1524 infarcitum,

1997 1535 2146 1589 velut
2175 1545 2498 1591 consuetum
2532 1538 2768 1607 aliquem
2803 1540 2984 1596 cibum
3021 1543 3198 1598 ventri
3245 1545 3542 1614 praebeant.

2068 1624 2226 1691 Quod
2281 1627 2503 1688 tolerari
2563 1644 2672 1684 non
2724 1629 2924 1690 debere
2976 1633 3326 1702 imperatoria
3389 1647 3577 1691 nostra

1995 1717 2256 1786 ntajestas
2290 1727 2432 1785 rata,
2471 1735 2647 1790 neque
2673 1729 2783 1776 tam
2824 1722 2996 1795 impio
3033 1726 3138 1781 soli
3178 1728 3320 1798 gulae
3362 1729 3578 1783 inhian-

1995 1808 2132 1863 tium
2200 1810 2483 1865 hominum
2543 1812 2787 1880 invento,
2836 1831 2983 1872 nunc
3033 1826 3303 1887 praecepta
3349 1819 3574 1886 divina,

310 1902 553 1971 γαστέρα
579 1902 891 1972 κεχηνότων
938 1902 1147 1972 ἀνδρῶν
1173 1905 1215 1935 ³⁷
1265 1904 1508 1976 ὑϐρίζειν
1537 1906 1636 1976 μὲν
1663 1907 1783 1962 θεῖα
1805 1909 1889 1961 έν-

1993 1915 2139 1955 nunc
2179 1901 2491 1972 reipublica:
2525 1912 2730 1959 nostrae.
2768 1906 3107 1962 honestatem
3137 1909 3404 1966 dedecore
3434 1911 3574 1966 allici

306 1991 580 2061 τάλματα,
642 1992 891 2062 ὑϐρίζειν
942 1991 999 2045 δὲ
1041 1992 1142 2062 τῆς
1180 1995 1457 2066 ἡμετέρας
1506 1998 1785 2062 πολιτείας
1828 1999 1890 2052 τὸ

305 2081 525 2152 ἔντιμον
569 2082 897 2152 ἀνεχομένη,
944 2083 1154 2136 κελεύει
1191 2085 1254 2137 τὸ
1284 2086 1525 2140 τοιοῦτον
1579 2087 1713 2156 ἄγος
1761 2091 1888 2161 μηδ’

303 2172 422 2236 ὅλος
451 2173 574 2226 τινά
606 2176 686 2237 είς
715 2173 919 2245 τόλμαν
956 2175 1292 2246 ἐκφέρεσθαι
1340 2179 1699 2249 ἐπιτηδεύειν,
1749 2183 1888 2252 μήτε

307 2266 445 2334 πρὸς
480 2266 687 2319 οἰκείαν
725 2267 924 2338 χρῆσιν
971 2267 1101 2337 μήθ’
1131 2267 1272 2321 ὥστε
1315 2269 1508 2334 ἄλλους
1547 2272 1889 2342 ὠνουμένους

305 2355 493 2424 ἐναγεῖ
541 2359 992 2426 καταμιαίνεσθαι
1030 2357 1304 2431 βρώματι.
1355 2362 1466 2416 Καὶ
1502 2363 1634 2417 ἵστω
1663 2366 1772 2430 πᾶς
1806 2381 1889 2429 τις

301 2449 330 2500 ό
368 2447 642 2519 φωραθεὶς
672 2449 1124 2523 κατολιγωρήσας
1151 2453 1258 2505 ἀπὸ
1280 2453 1374 2508 τοῦ
1399 2454 1668 2526 παρόντος
1692 2455 1884 2526 καιροῦ

298 2539 392 2591 τοῦ
421 2538 568 2592 θείου
589 2540 941 2612 ὲντάλματος,
967 2545 1065 2597 καὶ
1085 2543 1146 2596 τὸ
1173 2538 1312 2615 αἷμα
1344 2544 1540 2616 βρῶμα
1561 2547 1887 2616 ποιούμενος

299 2630 426 2700 (κᾶν
455 2648 516 2684 τε
549 2633 877 2704 πιπράσκων
900 2635 1003 2689 κᾶν
1042 2651 1104 2688 τε
1148 2635 1454 2706 ὠνούμενος
1484 2637 1592 2708 εἴη)
1615 2679 1628 2702 ,
1655 2638 1731 2702 ὡς
1777 2639 1885 2691 τῶν

297 2738 356 2774 τε
388 2723 704 2794 προσόντων
731 2724 994 2796 δημεύσει
1025 2726 1496 2798 ὑποδληθήσεται,
1529 2728 1624 2782 καὶ
1659 2729 1797 2799 μετὰ
1826 2729 1886 2783 τὸ

298 2813 376 2877 εἰς
404 2812 469 2866 τὺ
503 2813 664 2884 σῶμα
707 2817 921 2885 πικρῶς
953 2816 1268 2888 αἰκισθῆναι
1298 2819 1391 2872 καὶ
1421 2821 1479 2873 ὲν
1508 2819 1626 2890 χρῷ
1659 2821 1885 2890 κουρείᾳ

296 2905 668 2976 ἀτιμασθῆναι
702 2910 846 2978 φυγῇ
891 2907 992 2978 τῆς
1043 2909 1299 2978 πατρίδος
1344 2909 1500 2980 ἀϊδίῳ
1533 2909 1884 2980 ζημιωθήσε-

297 3011 406 3050 ται.
450 2996 577 3050 Ἐπὶ
610 2997 785 3072 ταύτῃ
838 3000 894 3054 δὲ
946 3003 1012 3074 τῇ
1066 3003 1192 3076 δίκῃ
1247 3005 1342 3059 καὶ
1386 3007 1514 3070 τοὺς
1561 3008 1622 3058 ὲν
1679 3005 1886 3076 ἑκάστῃ

296 3086 448 3140 πόλει
477 3087 818 3160 ἐπάρχοντας
838 3094 913 3165 μὴ
937 3095 1192 3164 ἀφεῖσθαι
1219 3097 1592 3168 ἀνεγκλήτους
1617 3097 1884 3169 προστάσ-

297 3195 486 3246 σομεν,
524 3181 660 3234 ἀλλά
689 3184 784 3236 καὶ
829 3185 1026 3248 αὐτοὺς
1063 3186 1185 3257 (οὐκ
1218 3187 1284 3240 ἂν
1327 3190 1434 3259 γὰρ
1463 3187 1621 3242 τοῦτο
1651 3203 1880 3257 παρενο-

1995 1993 2297 2060 sustinens,
2323 1993 2500 2062 jubet,
2533 2012 2597 2051 ne
2630 1998 2747 2066 quis
2777 1997 2833 2050 id
2862 2000 3064 2064 scelus,
3096 2015 3274 2071 neque
3308 2002 3374 2056 ad
3412 2019 3574 2058 suum

1992 2100 2176 2149 usum,
2203 2100 2380 2154 neque
2408 2094 2465 2140 ut
2497 2098 2775 2158 emptores
2794 2089 3117 2146 detestanda
3141 2093 3266 2148 cibo
3301 2097 3573 2149 contami-

1990 2183 2211 2240 nentur,
2239 2176 2346 2230 ullo
2366 2177 2526 2232 modo
2547 2193 2804 2234 exercere
2824 2181 3043 2237 audeat.
3074 2184 3145 2238 At
3163 2183 3318 2249 sciat,
3342 2186 3574 2255 quicun-

1989 2280 2096 2335 que
2120 2266 2322 2321 dehinc
2338 2266 2580 2323 divinnm
2604 2270 2924 2326 mandatum
2952 2282 3325 2343 contemnere,
3349 2279 3571 2348 sangui-

1989 2373 2227 2428 nemque
2251 2360 2307 2416 in
2328 2361 2510 2416 cibum
2537 2373 2855 2422 convertere
2873 2365 3011 2434 (sive
3028 2367 3245 2432 vendat,
3268 2371 3384 2424 sive
3402 2376 3571 2439 emat)

1986 2451 2365 2521 deprehensus
2396 2453 2581 2518 fuerit,
2614 2469 2672 2508 se
2718 2456 2987 2511 bonorum
3034 2459 3390 2528 publicationi
3439 2463 3572 2516 sub-

1983 2542 2306 2614 jiciendum,
2339 2552 2393 2598 et
2415 2545 2506 2598 ubi
2537 2546 2796 2601 acerbum
2828 2547 2882 2601 in
2909 2549 3132 2604 modum
3159 2550 3342 2621 ﬂagris
3375 2567 3569 2619 caesus,

1987 2650 2050 2690 ac
2080 2647 2206 2690 cule
2241 2646 2401 2690 tenus
2451 2636 2595 2691 finde
2648 2647 2837 2692 tonsus
2871 2640 2978 2694 erit
3006 2640 3141 2711 (79),
3173 2651 3441 2712 perpetuo
3473 2660 3573 2713 pa-

1989 2727 2108 2781 tria:
2139 2727 2333 2782 exsilio
2371 2727 2715 2782 multandum
2747 2744 2888 2784 esse.
2929 2730 3050 2796 Quo
3087 2733 3307 2801 quidem
3340 2734 3392 2788 in
3420 2735 3573 2805 judi-

1987 2817 2104 2883 cio,
2157 2832 2336 2887 neque
2394 2819 2673 2873 civitatum
2728 2821 3075 2890 magistratus
3127 2824 3262 2877 citra
3310 2827 3572 2898 crimina-

1987 2905 2190 2958 tionem
2261 2905 2619 2959 dimittendos
2699 2921 2988 2963 censemus
3042 2929 3055 2964 :
3108 2912 3203 2965 sed
3257 2921 3316 2965 ut
3362 2924 3417 2968 et
3468 2915 3569 2984 ipsi

1987 3007 2186 3064 (neque
2238 2996 2407 3061 enim,
2455 2996 2501 3051 si
2562 2996 2635 3050 illi
2687 3000 3035 3055 convenienti
3085 3002 3366 3068 alacritate
3395 3009 3570 3078 magi-

1985 3097 2217 3145 stratum
2257 3089 2593 3160 gessissent,
2643 3090 2698 3146 id
2756 3092 2937 3149 scelus
2985 3098 3342 3152 commissum
3401 3103 3568 3172 esset)

1982 3183 2128 3251 quod
2161 3181 2501 3251 negligenter
2531 3182 2949 3255 socorditerque
2977 3187 3569 3261 subditispraefuerint,

296 3270 474 3336 μεῖτο,
504 3269 553 3320 εί
593 3271 672 3340 τῷ
721 3272 984 3342 πρέποντι
1013 3276 1330 3347 δραστηρίῳ
1357 3279 1600 3347 ἀρχικοῖς
1631 3277 1858 3348 ἀνδράσι

1992 3275 2165 3329 lecem
2211 3274 2475 3328 librarum
2509 3275 2624 3328 auri
2665 3276 2892 3331 multam
2926 3279 3281 3335 sustineant..

290 3362 387 3433 τὴν
423 3363 604 3434 ἀρχὴν
635 3366 984 3439 διεκόσμουν)
1038 3370 1170 3424 δέκα
1217 3373 1417 3443 λιτρῶν
1453 3372 1658 3446 χρυσοῦ
1693 3370 1898 3442 ζημίαν
1941 3369 2164 3441 ὑπέχειν
2212 3368 2313 3440 τῆς
2350 3367 2586 3441 ἀμελοῦς
2637 3370 2734 3424 καὶ
2808 3370 3055 3444 ῥᾳθύμου
3087 3373 3206 3442 τῶν.
3231 3377 3562 3449 ὑποχειρίων

291 3456 638 3519 ἐπιστασίας.

849 3575 1182 3650 Alsum,
1197 3576 1322 3633 NB'.

287 3706 427 3788 Περὶ
459 3709 570 3788 τρῆ
603 3711 716 3788 ad):
744 3730 836 3781 τις
863 3713 1178 3788 ἐλεύθερος
1203 3718 1486 3788 πεφυκὼς
1528 3717 1747 3774 ἑαυτὸν
1785 3723 1872 3788 εις

353 3777 649 3858 δουλείαν
683 3777 1086 3855 ἁπελιπολοιηξ
1137 3777 1222 3858 in"
1262 3777 1705 3857 ἆυνεστηκέναι
1757 3777 1873 3859 τὴῦ

351 3861 608 3917 πρασιν.

371 3960 433 4016 '0
467 3963 634 4028 αὐτὸς
672 3966 932 4038 βασιλεὺς
963 3967 1242 4040 Στυλιανῷ
1271 3969 1348 4042 τῷ
1378 3972 1551 4044 αὐτῷ.

360 4049 459 4118 Εἷς
505 4057 601 4109 καὶ
633 4053 788 4122 οὗτος
816 4062 980 4130 νόμος
1028 4063 1144 4115 ἐστὶ
1196 4063 1303 4117 τῶν
1336 4066 1412 4136 μὴ
1455 4069 1776 4138 πρεπόντων
1806 4075 1871 4144 τῇ

284 4143 521 4216 εὐταξία
576 4147 679 4217 τῆς
727 4151 884 4222 ἡμῶν
915 4153 1189 4218 πολιτείας
1231 4157 1369 4227 μήτε
1401 4158 1672 4231 ἀποδοχῆς
1708 4162 1874 4229 ἀξίων

283 4236 426 4304 μήτε
473 4238 662 4310 χώραν
710 4242 1036 4310 ὀφειλόντων
1072 4246 1259 4302 λαϐεῖν
1306 4249 1612 4322 ἐνεργείας,
1665 4253 1724 4317 ὃς
1781 4254 1872 4308 τὸν

2437 3570 2909 3631 CONSTlTUTlO
2967 3574 3107 3632 LIX.

2085 3704 2380 3776 Abrogatio
2421 3705 2544 3777 legis
2572 3706 2685 3778 (80)
2709 3725 2826 3779 quae
2856 3711 3118 3770 hominem
3147 3715 3370 3774 liberum
3403 3735 3460 3777 se

2508 3780 2722 3835 vendere
2754 3783 3034 3849 permittit.

2042 3993 2188 4053 ldem
2245 3996 2541 4068 imperator
2569 4001 2746 4057 eidem
2779 4001 3048 4076 Styliano.

2046 4088 2180 4155 Quae
2203 4090 2288 4146 lex
2317 4090 2595 4147 hominem
2619 4093 2876 4160 liberum,
2910 4099 3005 4168 qui
3034 4107 3145 4154 tam
3180 4099 3362 4172 ignavi
3393 4109 3559 4172 atque

1972 4181 2174 4252 abjecti
2199 4183 2372 4237 animi
2397 4192 2504 4248 est,
2541 4194 2601 4238 ut
2633 4186 2905 4246 libertatis
2931 4191 3249 4261 dignitatem
3289 4194 3560 4252 dedecore

1968 4271 2362 4342 atliciens,quo
2389 4275 2732 4333 exsecrabile
2758 4294 2860 4348 pro
2910 4283 3178 4339 servitute
3210 4286 3555 4355 persolvendi

280 4327 575 4403 ἐλεύθερον
635 4335 734 4405 μὲν
784 4338 1094 4407 πεφυκότα,
1125 4341 1419 4412 φαυλότητι
1461 4343 1518 4397 δὲ
1556 4345 1785 4418 γνώμης
1811 4349 1871 4401 τὸ

1992 4362 2142 4430 pretii
2191 4362 2408 4420 lucrum
2466 4327 2954 4443 participetr(81),
3014 4388 3170 4430 suam
3210 4327 3556 4433 rservitutem

1495 4503 1726 4564 νΑιιιΑῑ
1777 4510 2074 4574 LECTION
2082 4517 2187 4576 ES.

351 4630 409 4706 "_
442 4631 676 4706 Meet-Am.
695 4633 1095 4706 ἀπηγορευθέν.

274 4701 437 4773 Agyl.
473 4704 622 4774 conj.
655 4701 982 4776 ἀνθρῶπων.

1205 4639 1250 4671 ⁸⁵
1271 4638 1462 4696 Zulch.
1497 4649 1553 4697 et
1583 4642 1811 4702 Meerm.
1839 4649 2136 4724 ἀνηνέχθη.

2257 4655 2304 4688 ³⁸
2333 4654 2512 4714 Codd.
2557 4656 2794 4730 ἑτέροις.
2905 4662 2952 4695 ⁸⁷
2995 4661 3228 4735 Scrimg.
3260 4662 3368 4719 τῶν
3399 4665 3554 4739 ἀνδρ,

1822 4811 2060 4872 ΝΟΤιιΕ.

346 4933 470 5011 (Eg)
498 4931 620 5011 ρει.
653 4950 780 5011 xxv,
813 4951 958 5011 vers.
987 4937 1078 4998 29.
1117 4939 1301 4994 Canon
1339 4939 1527 5011 Apost.
1558 4944 1649 5002 62.

274 5074 287 5087 .
344 5003 466 5127 (179)
499 5003 682 5060 Pinnae
724 5007 904 5061 simile
967 5024 1140 5078 genus
1176 5021 1354 5066 exstat
1389 5003 1470 5067 'in
1527 5013 1736 5072 Novell.
1769 5017 1860 5087 62,

274 5090 331 5128 in
379 5091 462 5127 ιη.

346 5144 465 5213 (80)
499 5142 664 5198 Liber
717 5146 882 5201 homo
944 5163 1003 5203 se
1069 5151 1222 5205 nullo
1283 5154 1445 5208 modo
1496 5157 1734 5213 vendere
1791 5161 1860 5214 ad

1970 4951 2018 5029 l.
2044 4953 2132 5029 l6,
2151 4954 2212 5029 β.
2237 4954 2593 5029 Deliberali),
2622 4968 2720 5014 aut
2739 4958 2896 5029 cujus
2919 4958 3143 5029 tandem
3163 4961 3397 5029 pretium
3432 4978 3557 5018 ven-

1969 5023 2194 5082 ditionis
2234 5027 2395 5081 istius
2418 5023 2703 5097 accepiutn
2737 5023 2931 5083 ﬁeret?
2965 5044 3034 5082 an
3073 5023 3410 5087 venditoris?
3443 5050 3552 5088 non

1969 5097 2150 5160 video,
2217 5112 2343 5167 cum
2398 5099 2586 5152 statim
2645 5099 2714 5152 ab
2762 5100 2878 5167 ipsa
2932 5099 3250 5156 venditione
3293 5105 3554 5157 venditor

1969 5179 2162 5236 servus
2200 5166 2494 5232 efﬁciatur,
2518 5167 2768 5236 nihilque
2788 5166 2855 5222 ab
2875 5182 2941 5223 eo
2974 5179 3251 5224 momento
3283 5187 3442 5226 suum
3469 5176 3552 5227 vel

271 5216 520 5309 preti-um
564 5215 674 5309 gui‘2
708 5217 1176 5309 pallicinpau‘d-um-
1205 5232 1513 5309 pot‘estnzft
1553 5227 1640 5309 ita
1661 5229 1866 5309 “abro-
1965 5215 2954 5306 pibpiiurﬁiiéiﬁst’."'Kﬁ‘éﬁﬁioiis
2975 5215 3247 5294 wit-iv
3283 5215 3554 5309 quidem“;

270 5293 438 5362 gatur
489 5283 529 5363 l_.
562 5283 676 5363 5_,_§
704 5287 758 5363 1,
892 5283 963 5340 De
1004 5299 1180 5363 statu;
1205 5283 1252 5363 'l.
1283 5293 1338 5363 θ,
1377 5293 1405 5363 ς
1449 5294 1500 5357 5,
1550 5295 1606 5350 ll‘.
1659 5298 1732 5352 De
1780 5301 1866 5353 in—

268 5354 458 5420 iusto;
502 5354 536 5408 l.
572 5354 658 5420 M,
696 5355 752 5410 ll‘.
792 5359 863 5411 De
895 5359 1093 5428 pinnis,
1139 5359 1167 5432 §
1205 5361 1258 5415 4.
1291 5354 1716 5436 mangonum
1740 5384 1866 5438 per-

269 5439 466 5477 sonar.

503 5467 1010 5576 Συμμοιράσασθαι.
1044 5497 1280 5576 Serimg.
1318 5501 1389 5576 ad
1424 5505 1657 5576 pret-ium
1691 5508 1865 5576 parti—

269 5563 772 5646 cipandum';_l._5,
800 5567 827 5638 ᾗ
860 5570 906 5646 In,
1052 5569 1128 5625 De
1163 5563 1492 5646 statt‘t;_l.'6,
1523 5574 1550 5646 §
1589 5576 1641 5640 5,
1692 5563 1752 5631 ll‘.
1786 5577 1861 5632 De

1965 5320 2091 5358 nam
2131 5321 2238 5374 qua
2271 5322 2434 5358 manu
2469 5309 2704 5374 pretium
2745 5317 3085 5374 numeraret,
3140 5309 3328 5363 eadem
3363 5313 3552 5364 statim

1966 5377 2259 5444 reciperet,
2315 5377 2601 5448 nulloque
2646 5386 2924 5448 momento
2964 5381 3017 5432 in
3065 5378 3364 5435 venditoris
3433 5397 3554 5448 per-

1969 5459 2100 5516 sona
2132 5452 2418 5516 constaret
2462 5444 2496 5498 l.
2541 5445 2631 5510 79,
2664 5463 2709 5501 s.
2760 5447 2826 5502 de
2868 5462 2991 5516 acq.
3023 5449 3223 5504 hrered.
3255 5453 3336 5504 An
3372 5444 3559 5503 ex'tra-

1969 5517 2055 5586 nei
2082 5514 2244 5586 ?Non_
2271 5515 2430 5568 video
2465 5530 2682 5585 quoque
2716 5514 3044 5586 quemquam
3083 5526 3192 5572 tam
3247 5519 3464 5575 facilem
3499 5522 3554 5574 in

1967 5584 2132 5658 alium
2173 5583 2360 5649 fuisse,
2402 5593 2558 5658 ut_se
2594 5583 2848 5658 'alterius
2901 5583 3273 5658 locupletandi
3331 5591 3416 5644 vel
3472 5591 3558 5657 ju-

268 5633 506 5725 injusto.
541 5633 567 5704 ς
598 5633 1088 5725 έῶξιιειῖιυοιῇμτλ
1108 5656 1250 5722 pers.
1405 5633 1859 5725 τόμῖοιρίσασθαι
1961 5633 2132 5725 validi
2153 5633 2591 5710 causave—tidem
2620 5633 3011 5725 ᾮὲῑίίῗῑωὲᾗίὲ
3030 5633 3204 5725 τιῖυἶὸ
3222 5633 3553 5715 νῖίὺὲῖοεδοι

268 5705 330 5754 τὺ
362 5705 610 5784 τίμημα.
644 5705 1014 5784 The_0ph._ibi.
1047 5705 1228 5784 Quaeri
1271 5711 1360 5765 hic
1390 5705 1568 5782 potest
1591 5705 1853 5784 quemad-

1961 5723 2227 5798 ingenuos
2266 5725 2522 5779 homines
2551 5741 2616 5780 eo
2647 5723 3310 5798 redactosnonnunquam
3351 5731 3547 5793 fuisse,

271 5774 502 5863 modum
541 5774 1045 5863 eg'ven‘ditio'gnam
1073 5796 1124 5832 in
1154 5774 1535 5863 pignoratione
1570 5774 1750 5863 "linus
1772 5799 1855 5863 est
1956 5774 2121 5860 quood
2147 5774 2421 5848 h'é'niiﬁma
2456 5811 2566 5863 quo
2621 5797 2896 5850 alerentur
2956 5774 3230 5853 interdu'm
3293 5774 3546 5856 nancisci

270 5843 424 5896 dubii
478 5843 516 5894 l.
570 5845 663 5911 οδ,
714 5846 742 5912 ﬁ
784 5847 837 5908 1,
873 5843 944 5906 De
976 5843 1187 5920 liberali
1214 5843 1400 5906 “causa
1451 5863 1503 5908 et
1545 5856 1852 5912 ministerio
1953 5843 3547 5928 Eis'éxiiéai‘r'éi.Ba‘gié035.13};'ucréciua"'me.{aiéii§ie
