4048 6450
438 462 543 523 555

1650 448 1924 508 LEONIS
1953 446 2411 527 PHILOSOPHI

3568 447 3672 511 556

441 579 738 634 mercetur,
768 583 876 625 non
907 569 1165 639 castigat,
1199 581 1377 640 neque
1405 567 1589 623 scelus
1630 566 1766 621 illud
1823 566 2003 623 corri-

2110 568 2284 639 τίμιον
2305 568 2405 638 τῆς
2428 565 2745 637 ἐλευθερίας
2766 564 3058 638 ὑϐρίζοντα
3103 564 3200 619 καὶ
3212 564 3314 634 τὴν
3344 558 3550 616 οἰκείαν
3572 563 3674 627 ἐμ-

435 660 820 737 git;profecto
852 670 907 716 et
941 660 1031 713 illa
1085 674 1272 714 earum
1321 675 1430 714 una
1492 667 1579 715 est
1612 673 1737 727 qua)
1792 668 2003 714 rectum

433 752 750 824 reipublicae
776 758 984 806 nostra:
1015 758 1221 805 statum
1273 749 1564 814 dedecent,
1623 764 1688 804 ac
1728 750 2001 820 approba-

431 844 583 899 tione
613 841 852 912 indignae
900 848 1052 906 sunt,
1083 856 1261 910 neque
1296 841 1687 896 auctoritatem
1720 851 1776 897 et
1819 840 2003 896 edica-

431 933 571 989 eiatn
602 931 858 1001 accipere
888 930 1108 985 debent.
1161 930 1322 984 Illam
1362 931 1551 999 itaque
1588 930 1656 985 de
1685 944 1752 985 eo
1792 930 1887 999 qui
1916 945 2004 986 res

432 1039 564 1081 suas
596 1023 670 1076 ita
704 1024 1001 1094 gubernat,
1035 1021 1202 1075 latam
1254 1022 1448 1091 legem,
1511 1034 1634 1090 quae
1668 1020 2003 1076 dementiam

432 1116 645 1168 tirmam
677 1126 801 1168 esse
830 1110 1121 1180 permittit,
1160 1126 1339 1181 neque
1395 1124 1588 1166 eversa
1641 1110 1864 1179 indigna
1911 1110 2004 1165 illa

431 1214 765 1267 mercatura,
797 1205 897 1259 hes
924 1202 1017 1272 qui
1071 1217 1168 1272 per
1201 1202 1576 1274 insipientiam
1611 1203 1739 1257 talia
1774 1202 2002 1269 faciunt,

434 1294 882 1366 competentibus
918 1286 1100 1363 ptenis
1130 1292 1378 1362 subjicit,
1412 1307 1591 1362 neque
1634 1292 1771 1361 legis
1804 1306 2005 1363 propo-

433 1387 602 1442 situm
629 1385 839 1440 scimus
870 1398 1113 1446 servare,
1145 1398 1324 1449 neque
1355 1396 1479 1452 quae
1536 1383 1894 1437 convenienti
1925 1384 2004 1436 le-

432 1477 597 1549 gibus
664 1474 975 1529 reverentia
1044 1473 1313 1543 potiatur,
1362 1473 1580 1543 dignam
1618 1481 1896 1542 putamus.
1948 1471 2005 1526 Si

431 1568 581 1622 enim
605 1565 752 1636 quod
778 1564 891 1635 (82)
921 1572 1079 1635 pater
1108 1564 1239 1618 [iliis
1272 1572 1379 1629 est,
1409 1563 1465 1617 id
1501 1564 1643 1617 idem
1687 1565 1836 1632 leges
1868 1562 2002 1617 civi-

434 1658 538 1713 bus
559 1671 681 1712 esse
712 1664 949 1725 oportet,
988 1663 1049 1709 ut
1082 1654 1137 1708 in
1157 1654 1263 1709 hoc
1290 1670 1455 1709 unum
1481 1654 1630 1724 quod
1660 1654 1771 1708 illis
1797 1653 2006 1708 condu-

433 1754 522 1800 cat
551 1759 617 1799 ac
645 1744 887 1799 salutare
944 1744 1041 1807 sit,
1067 1743 1388 1799 colliment:
1421 1742 1699 1813 quomodo
1732 1744 1875 1797 hanc
1928 1743 2003 1797 le.

431 1849 552 1905 gem
583 1832 675 1903 qui
702 1841 928 1904 tantum.
949 1831 1357 1887 incommodum
1394 1840 1561 1902 atque
1619 1832 1880 1886 damnum
1915 1831 2004 1885 in-

432 1925 692 1981 cumbere
708 1925 775 1979 iis
796 1925 888 1994 qui
912 1938 1010 1993 per
1031 1925 1363 1979 dementiam
1383 1923 1439 1978 in
1464 1922 1517 1979 id
1543 1938 1604 1980 se
1626 1922 2003 1995 coniecerunt,

432 2016 586 2081 sinit,
621 2015 828 2085 legibus
861 2014 1218 2068 annumerari
1245 2029 1461 2084 aequum
1496 2013 1621 2070 est?

506 2102 661 2158 Hanc
694 2104 880 2173 itaque
917 2118 1018 2157 nos
1052 2102 1264 2173 legibus
1305 2111 1623 2174 excerptam
1661 2103 1715 2157 in
1748 2102 2004 2159 exsilium

432 2194 741 2261 mittentes,
767 2196 1075 2261 sancimus,
1106 2204 1162 2248 ut
1196 2196 1243 2249 εί
1272 2197 1389 2266 quis
1439 2195 1516 2249 ita
1569 2193 1794 2249 demens
1819 2195 1911 2258 sit,
1945 2200 2006 2247 ut

437 2287 747 2342 libertatem
779 2287 1047 2342 servitute
1078 2294 1430 2342 commutans
1461 2300 1522 2341 se
1569 2286 1748 2355 ipsum
1788 2285 2007 2352 vendat,

435 2393 503 2433 ne
522 2377 571 2432 is
593 2385 916 2431 contractus
952 2376 1168 2433 validus
1213 2377 1309 2442 sit,
1366 2376 1462 2432 sed
1498 2384 1802 2438 evertatur,
1839 2384 1894 2429 et
1931 2374 2009 2428 si-

437 2469 551 2523 mul
580 2468 696 2538 ipse
730 2468 998 2523 libertatis
1032 2483 1146 2522 sua:
1173 2468 1447 2538 proditor,
1484 2468 1649 2522 simul
1691 2467 1739 2523 is
1767 2466 2010 2536 quicum

406 2561 556 2631 ~ipso
578 2559 646 2613 ad
668 2557 887 2613 facinus
920 2557 1257 2628 designavit,
1285 2556 1610 2612 verberibus
1653 2556 2010 2624 castigentur,

437 2650 720 2720 nihiloque
781 2650 966 2704 minus
1017 2647 1257 2703 vesania:
1313 2645 1588 2717 mancipio
1664 2646 1889 2702 libertas
1955 2643 2011 2697 in

437 2737 674 2807 pristino
701 2751 805 2793 suo
828 2745 978 2792 statu
1008 2745 1281 2793 servetur.

824 2918 1289 2977 CONSTITUTIO
1342 2917 1437 2975 LX
1491 2916 1625 2991 (83).

511 3013 632 3080 Qua
653 3028 808 3084 perna
834 3011 948 3086 (8k)
971 3020 1296 3067 castratoru
1343 3008 1457 3081 (85)
1515 3006 1664 3079 afﬁci
1696 3005 1940 3063 debeant.

512 3177 659 3234 Idem
688 3177 992 3248 imperator
1010 3175 1189 3232 eidem
1242 3174 1516 3247 Styliano.

510 3269 749 3324 Virtutis
810 3267 925 3340 (86)
980 3268 1047 3323 ad
1104 3266 1509 3338 procreandum
1568 3280 1599 3321 a
1634 3266 1745 3321 Deo
1796 3272 2012 3320 natura:

447 3362 672 3417 ineditze
702 3360 949 3415 exsectio
985 3375 1095 3414 non
1139 3361 1355 3414 minore
1399 3372 1523 3414 eum
1566 3356 1794 3413 audacia
1820 3355 2015 3411 identi-

443 3452 568 3508 dem
595 3451 983 3516 committitur,
1020 3465 1186 3520 quam
1214 3450 1260 3505 si
1283 3449 1427 3520 apud
1459 3449 1630 3505 Deum
1666 3447 1801 3503 nulli
1835 3462 2014 3517 pana!

445 3543 688 3599 obnoxia
743 3550 918 3607 esset,
967 3556 1094 3597 cum
1147 3552 1331 3597 tamen
1365 3540 1450 3597 vel
1498 3539 1739 3595 maxime
1804 3538 1913 3606 sit;
1960 3546 2017 3594 et

444 3650 760 3705 quanquam
789 3634 1073 3689 veteribus
1120 3622 1527 3704 l’egislatoribus
1547 3645 1695 3687 cum
1740 3630 1928 3698 fuerit,
1957 3637 2015 3685 ut

446 3724 505 3786 id
542 3725 745 3779 malum
778 3724 975 3779 ultrice
1006 3724 1123 3794 lege
1151 3710 1521 3788 excideretur,
1547 3736 1656 3792 quo
1709 3721 2020 3791 respublica

451 3816 524 3871 ab
549 3815 866 3875 istiusmodi
898 3817 1123 3870 invento
1148 3816 1351 3870 munda
1381 3824 1564 3871 esset:
1592 3813 1738 3869 haud
1793 3815 1909 3869 scio
1934 3821 2020 3868 ta-

450 3922 599 3971 men,
640 3922 767 3966 eum
802 3907 849 3962 si
885 3908 969 3963 cui
1006 3907 1124 3973 alii,
1161 3906 1290 3961 huic
1333 3916 1487 3961 certe
1543 3905 1869 3976 praeripto
1915 3906 2015 3961 ob-

450 3999 767 4069 temperari,
801 4009 969 4076 atque
1022 4014 1053 4053 a
1110 4008 1320 4053 naturae
1368 3996 1710 4053 mutilatione
1757 3997 2019 4053 abstineri

451 4104 668 4158 aequum
694 4090 789 4157 sit,
817 4090 1178 4169 quamobrem
1203 4104 1315 4146 non
1373 4088 1448 4144 ita
1484 4088 1690 4144 faciant
1731 4088 2015 4145 homines:

452 4179 550 4236 sed
580 4189 843 4255 tanquam
876 4181 1172 4244 utilitatem
1201 4179 1518 4250 quamdam,
1556 4178 1869 4235 istiusmodi
1922 4180 2019 4237 ad-

2106 660 2472 731 πορευόμενον
2522 656 2991 712 δούλευσινῧέπὶ
3042 656 3184 726 cfp"
3236 654 3429 726 κέρδος
3478 652 3676 722 μιαρὸν

2104 752 2226 805 ἀντὶ
2269 751 2371 821 τῆς
2415 749 2664 813 δουλείας
2712 748 2807 803 τοῦ
2847 745 3329 819 καταϐεϐλημένου
3362 744 3672 815 τιμήματα,

2107 841 2603 913 συμμοιράσασθαι,
2637 840 3044 910 ἀσωφρόνιστον
3094 838 3222 904 ἐῶν,
3250 837 3350 890 ούκ
3383 833 3679 905 ἐπανορθοῖ

2103 933 2202 1004 τὴν
2239 932 2604 1004 παρανομίαν.
2654 929 2958 1001 Τοιγαροῦν
2978 928 3074 983 τοῦ
3109 929 3179 983 τὰ
3201 928 3379 982 οίκεῖα
3408 926 3552 979 οὕτω
3583 941 3675 979 τι-

2105 1024 2333 1095 θεμένου
2354 1025 2398 1056 ³ο
2432 1024 2525 1077 τὸν
2561 1023 2724 1093 νόμον
2762 1022 2821 1085 ὂς
2864 1022 3189 1093 παραχωρεῖ
3239 1018 3339 1088 τὴν
3391 1032 3677 1088 παραφρο-

2105 1114 2270 1186 σύνην
2289 1114 2515 1185 βεϐαίαν
2537 1115 2829 1186 ὑπάρχειν,
2877 1112 3015 1168 ἀλλὰ
3055 1112 3129 1183 μὴ
3156 1110 3298 1182 μετὰ
3317 1108 3411 1163 τοῦ
3456 1107 3678 1177 ἀνατρέ-

2104 1227 2228 1263 πειν
2254 1209 2353 1274 τὴν
2379 1205 2574 1277 ἄτιμον
2604 1207 2878 1278 ἐμπορίαν
2921 1206 3017 1259 καὶ
3039 1204 3254 1266 ποιναῖς
3302 1198 3678 1272 ἁρμοζούσαις

2103 1299 2507 1354 καθυποϐάλλει
2552 1300 2679 1364 τοὺς
2724 1296 2952 1352 τοιαῦτα
2984 1298 3156 1350 ποιεῖν
3186 1292 3676 1365 ἀφρονευομένους,

2102 1392 2225 1445 δῦτε
2240 1392 2405 1463 νόμου
2433 1390 2750 1462 προαίρεσιν
2768 1388 3052 1451 διασώζειν
3071 1387 3227 1456 ίσμεν
3257 1384 3379 1438 οὔτε
3410 1384 3510 1453 τῆς
3541 1398 3681 1451 πρε-

2102 1482 2313 1551 πούσης
2363 1482 2548 1552 νόμοις
2600 1477 2783 1542 αἰδοῦς
2817 1494 2876 1530 τε
2921 1476 3016 1529 καὶ
3074 1474 3243 1544 τιμῆς
3289 1469 3681 1539 ἐπιτυγχάνειν

2103 1570 2399 1641 νομίζομεν
2436 1570 2608 1636 ἄξιον.
2657 1569 2721 1622 Ei
2746 1567 2854 1638 γὰρ
2882 1566 3018 1637 ὅπερ
3048 1564 3234 1635 πατὴρ
3251 1561 3486 1626 τέκνοις,
3515 1556 3679 1611 τοῦτο

2103 1664 2182 1719 δεῖ
2216 1662 2587 1729 τοῖςπολίταις
2610 1658 2752 1717 εἶναι
2784 1661 2913 1724 τοὺς
2938 1661 3159 1730 νόμους,
3198 1656 3335 1729 πρὸς
3365 1654 3421 1708 ἓν
3445 1653 3488 1685 ³¹
3516 1651 3680 1724 μόνον

2103 1754 2165 1809 τὸ
2215 1755 2497 1827 συμφέρον
2534 1753 2629 1807 καί⁵
2713 1753 2987 1823 σωτήριον
3044 1750 3157 1804 τῶν
3235 1742 3680 1814 πολιτευομένων

2084 1846 2375 1931 ,δρῶντας
2422 1844 2526 1899 ποῦ
2551 1846 2762 1908 δίκαιος
2799 1838 2957 1907 οὗτος
2990 1842 3180 1913 νόμοις
3204 1833 3679 1905 συνεξετάζεσθαι,

2109 1936 2364 2008 τοιαύτην
2399 1935 2602 2007 βλάϐην
2648 1933 2746 1989 καὶ
2779 1933 2983 2004 ζημίαν
3014 1928 3316 2002 συγχωρῶν
3361 1924 3683 1981 ἐπικεῖσθαι

2108 2029 2222 2091 τοῖς
2242 2026 2484 2096 ἀνοήτως
2501 2024 2727 2088 ἑαυτοὺς
2744 2023 2825 2086 είς
2839 2020 3050 2091 ταύτην
3098 2016 3497 2088 ύποϐεϐληκόσι
3522 2029 3540 2080 ;

2198 2117 2367 2172 Τοῦτο
2389 2115 2482 2170 οῦν
2505 2112 2982 2185 ἐξοστρακίζοντες
3013 2110 3109 2165 καὶ
3132 2108 3243 2163 τῶν
3265 2108 3445 2177 νόμων
3478 2101 3685 2172 ἐκφυλ-

2107 2207 2462 2281 λοφοροῦντες
2511 2207 2673 2277 ἡμεῖς
2706 2203 3059 2273 θεσπίζομεν,
3088 2200 3143 2254 εἴ
3174 2217 3258 2262 τις
3294 2197 3469 2260 οὕτως
3485 2193 3686 2279 ὀφθείη

2106 2278 2378 2369 δυστυχῶν
2404 2297 2487 2361 είς
2512 2295 2737 2373 φρένας,
2761 2293 2858 2347 καὶ
2897 2291 3147 2348 δουλείαν
3176 2287 3492 2360 ἐλευθερίας
3530 2278 3684 2341 ἀντί-

2110 2390 2614 2460 καταλλαττὸμενος
2655 2386 2853 2440 ἑαυτὸν
2906 2382 3292 2455 ἀπεμπολοίη,
3326 2382 3401 2453 μὴ
3425 2392 3689 2446 συνεστη-

2111 2482 2285 2547 κέναι,
2317 2480 2452 2535 ἀλλὰ
2479 2477 2881 2550 ἀνατρέπεσθαι
2920 2476 3021 2548 τὴν
3051 2473 3275 2545 πρᾶξιν,
3316 2469 3482 2526 αὐτοῦ
3506 2484 3565 2522 τε
3587 2465 3687 2521 τοῦ

2115 2572 2376 2643 προδότου
2411 2570 2512 2639 τῆς
2553 2570 2691 2634 ιδίας
2720 2566 3038 2637 ἐλευθερίας
3076 2561 3293 2619 καὶτοῦ
3331 2576 3680 2629 συγκακουρ-

2113 2660 2341 2732 γοῦντος
2378 2658 2526 2729 αύτῷ
2546 2658 2781 2729 πληγαῖς
2812 2675 2871 2712 τε
2906 2658 2986 2721 είς
3027 2655 3091 2709 τδ
3146 2654 3309 2725 σῶμα
3359 2649 3689 2723 σωφρονιζο-

2114 2751 2315 2822 μένων,
2336 2750 2429 2804 καὶ
2460 2749 2559 2819 τῆς
2587 2748 2904 2820 ἐλευθερίας
2928 2748 2986 2801 ἐν
3011 2746 3089 2818 τῷ
3118 2744 3304 2816 οἰκείῳ
3333 2739 3683 2815 τηρουμένης

2114 2842 2360 2914 σχήματι
2386 2840 2465 2912 τῷ
2488 2842 2589 2913 τῆς
2618 2840 2806 2904 ἀνοίας
2828 2840 3171 2911 ἀνδραπόδῳ.

2694 2929 3007 2985 ΔῙΔΤΔΞΙΣ
3034 2930 3115 2984 Ξ’.

2113 3024 2254 3096 Περὶ
2275 3022 2395 3081 τῶν
2432 3022 2903 3096 εὐνουχῑζόντων
2932 3023 3210 3096 τιμωρίας
3239 3021 3441 3088 ἄλλως
3472 3016 3511 3088 ἢ
3537 3013 3691 3072 κατὰ

2570 3095 2682 3149 τὸν
2708 3098 2977 3163 πρόσθεν
3015 3095 3227 3164 νόμον.

2197 3188 2257 3242 Ὅ
2277 3187 2439 3252 αὐτὸς
2480 3186 2735 3258 βασιλεὺς
2768 3184 3042 3255 Στυλιανῷ
3074 3183 3151 3255 τῷ
3181 3181 3351 3253 αύτῷ.

2186 3280 2430 3351 Πρᾶγμα
2477 3277 2829 3347 τολμώμενον
2865 3277 2964 3347 μὲν
3000 3275 3238 3344 ἀφειδῶς
3292 3274 3368 3336 ὡς
3415 3268 3691 3343 μηδεμιᾶς

2110 3373 2264 3443 παρά
2289 3370 2408 3440 Θεῷ
2431 3368 2623 3423 δοκοῦν
2652 3367 2833 3438 ἔνοχον
2847 3368 3025 3436 δίκης,
3071 3365 3307 3435 μάλιστα
3338 3364 3396 3417 δέ
3436 3362 3497 3417 ὃν
3523 3362 3673 3425 ἄξιον

2110 3462 2304 3531 δίκης,
2350 3462 2385 3533 ὴ
2424 3459 2630 3529 ἐκτομὴ
2675 3460 2774 3529 τῆς
2817 3456 3199 3529 ἐντεθειμένης
3260 3455 3367 3511 ὑπὸ
3414 3452 3553 3508 Θεοῦ
3615 3453 3687 3521 τῇ

2112 3554 2270 3622 φύσει
2321 3552 2601 3617 δυνάμεως
2655 3550 2792 3619 πρὸς
2821 3548 3073 3620 διαδοχὴν
3119 3546 3212 3601 τοῦ
3245 3547 3457 3615 γένους,
3514 3542 3685 3597 πάλαι

2128 3643 2227 3715 μὲν
2248 3641 2578 3712 τιμωροῦντι
2612 3642 2763 3711 νόμῳ
2813 3639 2901 3693 διὰ
2956 3639 3215 3711 προνοίας
3269 3636 3514 3705 ἐγεγόνει
3568 3635 3693 3696 τοῖς

2124 3734 2444 3804 νομοθέταις
2468 3732 2653 3786 λαϐεῖν
2686 3730 2953 3801 ἐκκοπὴν,
2999 3730 3139 3783 ὥστε
3169 3730 3272 3799 τῆς
3290 3726 3545 3796 τοιαύτης
3570 3726 3693 3777 ἐπι-

2124 3823 2276 3885 νοίας
2305 3821 2590 3891 καθαίρειν
2619 3820 2719 3891 τὴν
2742 3818 3017 3889 ἡμετέραν
3044 3817 3343 3871 πολιτείαν
3367 3816 3469 3869 οὒκ
3493 3809 3610 3867 οῖδα
3635 3812 3695 3865 δὲ

2123 3913 2273 3975 ὅπως
2292 3910 2409 3965 δέον
2428 3912 2587 3981 εἴπερ
2618 3910 2723 3964 τινὶ
2738 3909 2883 3979 ἄλλῳ
2910 3907 3084 3980 τούτῳ
3114 3907 3399 3961 πείθεσθαι
3433 3904 3511 3974 τῷ
3537 3920 3695 3973 παρ-

2132 4001 2442 4071 αγγέλματι
2488 3998 2583 4053 καὶ
2636 3997 2908 4067 φείδεσθαι
2932 3997 3112 4069 λωϐᾷν
3132 3998 3198 4067 τῇ
3229 3994 3408 4066 φύσει,
3432 3993 3530 4062 ούχ
3551 3990 3697 4044 οῦτω

2124 4091 2394 4157 ποιοῦσιν,
2421 4089 2536 4145 ἀλλ’
2570 4090 2760 4163 ῶσπερ
2773 4107 2828 4143 τι
2863 4089 2971 4143 τῶν
2990 4088 3282 4159 ὠφελίμων
3309 4084 3408 4157 τὴν
3439 4087 3579 4139 κατὰ
3598 4081 3695 4136 τοῦ

2127 4181 2324 4252 γένους
2373 4181 2633 4253 τοιαύτην
2680 4181 2973 4249 ἐπιϐουλὴν
3020 4178 3383 4250 λογιζόμενοι,
3412 4177 3479 4231 τὰ
3516 4174 3583 4229 δι’
3619 4167 3696 4227 ῶν

1330 4384 1335 4389 ἢ
1732 4314 1969 4372 νΑῐιιλΕ
2021 4315 2313 4374 LECTION
2320 4316 2425 4373 ES.

528 4435 575 4469 '°
603 4432 797 4489 Zuich.
822 4432 1101 4490 δούλωσιν.
1174 4432 1220 4502 3?
1255 4428 1488 4502 Scrimg,
1511 4428 1603 4502 ἐπὶ
1627 4429 1706 4502 τύ.
1785 4429 1831 4461 ³⁸
1851 4430 1979 4502 Haec
2011 4428 2176 4485 verba
2196 4429 2291 4483 τοῦ
2312 4456 2384 4471 --
2413 4429 2698 4501 τιθεμένου
2727 4435 2822 4482 aut
2849 4438 3105 4497 corrupta
3135 4433 3228 4480 aut
3258 4433 3382 4496 p03t
3410 4438 3696 4492 παραφρο-

453 4508 617 4566 σύνην
638 4502 958 4561 collocanda
988 4516 1111 4558 esse
1137 4501 1409 4556 videntur.
1441 4498 1508 4532 ’³⁸
1544 4498 1736 4561 Zuich.
1768 4513 1879 4558 om.
1900 4500 1982 4556 ἓν.

1945 4614 2180 4672 ΝΟΤᾸΕ.

450 4710 655 4781 vivere.
688 4707 864 4781 Ac‘ne
903 4707 1112 4762 interea
1186 4714 1392 4781 temere
1459 4722 1519 4765 se
1578 4708 1633 4763 in
1696 4710 2016 4781 servitutem
2050 4714 2095 4770 D
2122 4724 2291 4781 quum
2325 4710 2399 4765 sit
2428 4708 2629 4763 minori
2645 4706 2845 4781 viginti
2870 4706 3121 4781 quinque
3138 4704 3301 4759 annis
3332 4703 3387 4757 in
3417 4704 3695 4781 integrum

450 4780 668 4834 dedisse
696 4777 1051 4841 viderentur;
1090 4786 1256 4845 utque
1283 4777 1524 4848 aliquam
1570 4780 1809 4848 speciem
1842 4781 2020 4837 homi-

450 4849 539 4919 n_is
594 4848 814 4919 ingenui
871 4861 1087 4919 semper
1116 4862 1225 4916 prae
1254 4861 1314 4900 se
1370 4848 1602 4919 ferrent,
1639 4849 1708 4903 ab
1760 4859 2012 4919 emptore

450 4916 812 4989 (Theophilus
865 4916 1045 4989 paulo
1080 4919 1281 4989 aliter_._
1303 4930 1419 4971 rem
1446 4918 1705 4986 explicat.
1746 4916 1900 4989 _lnst.
1941 4920 2019 4974 De

445 4982 573 5059 jure
607 4982 895 5059 personar.
931 4982 959 5053 §
999 4985 1049 5037 ol
1072 4985 1142 5059 6s
1171 4984 1483 5059 δοῦλοιηεο-
1503 4982 1691 5041 sensu.
1745 4987 1858 5059 Ego
1892 5003 2016 5059 cum

452 5055 641 5126 aliquo
668 5055 775 5126 egi,
807 5062 864 5126 ut
895 5070 981 5107 me
1009 5055 1269 5109 venderet
1296 5055 1508 5126 viginti
1541 5059 1780 5113 nummis
1797 5055 1853 5112 et
1913 5057 2016 5113 sibi

450 5124 738 5197 pro'lucro
762 5125 1005 5197 quinque
1058 5127 1303 5197 traheret,
1339 5124 1656 5197 quindecim
1715 5127 1848 5181 mihi
1890 5128 2019 5182 red-

453 5192 629 5263 deret)
659 5207 868 5265 partem
912 5192 998 5247 sui
1030 5193 1231 5265 ipsius
1262 5192 1444 5262 pretii,
1497 5194 1728 5263 ejusque
1786 5197 2017 5251 liberam

450 5262 887 5337 perpetuamque
900 5333 907 5337 _
940 5331 953 5337 _
973 5262 1539 5337 adniinistrationem’
1586 5262 2013 5337 stipulabantur.

454 5331 585 5405 hrg'.
610 5335 649 5388 l.
672 5334 730 5398 2,
762 5331 819 5388 ίῐ.
854 5331 1211 5405 Si_ingennus
1232 5335 1409 5405 ;_quod
1425 5342 1613 5405 postea
1632 5331 1714 5391 vel
1743 5336 2014 5403 iniquum,

452 5400 723 5459 mu'tatutn
759 5410 843 5458 est
866 5416 896 5455 a
916 5400 1099 5457 Leone
1126 5401 1229 5456 hac
1248 5400 1470 5457 Novella
1496 5419 1513 5469 ;
1562 5418 1671 5458 non
1711 5400 2014 5459 immerito:

452 5490 577 5544 eum
615 5484 795 5527 tamen
848 5474 934 5527 sui
988 5470 1162 5540 ipsius
1197 5472 1568 5544 venditionem
1609 5482 1825 5544 natura
1869 5489 2010 5544 quo-

451 5542 746 5597 dammodo
772 5550 1031 5610 respuat;
1067 5549 1124 5595 et
1175 5555 1364 5610 parum
1422 5542 1717 5597 admodum
1767 5542 2011 5611 intersit,

454 5621 689 5666 mortem
728 5613 853 5680 quis
883 5610 986 5665 sibi
1019 5612 1319 5665 naturalem
1353 5611 1436 5665 vel
1469 5611 1683 5666 civilem
1711 5610 2012 5680 conciscat,

455 5696 578 5733 eum
606 5696 767 5735 nemo
797 5684 869 5735 sit
897 5680 1267 5735 membrorum
1298 5694 1523 5733 suorum
1576 5682 1830 5738 dominus
1861 5685 1896 5736 I.
1923 5683 2007 5747 15,

459 5761 503 5802 s.
537 5747 619 5819 Ad
648 5750 819 5817 legem
852 5750 1031 5819 Aquil.

460 5818 747 5873 aestimatio
775 5820 811 5873 l.
842 5820 940 5872 ult.
969 5818 1025 5876 ﬂ.

1108 5750 1213 5803 uod
1271 5750 1507 5804 hominis
1563 5750 1717 5806 liberi
1754 5753 1903 5805 nulla
1939 5754 2013 5805 sit

1133 5833 1163 5875 e
1192 5819 1279 5875 his
1334 5819 1426 5889 q‘ui
1456 5820 1684 5890 dejccer.
1719 5822 1876 5889 Quod
1910 5823 2014 5877 ini-

2122 4773 2530 4836 iestitutionem
2592 4778 2658 4831 ad
2713 4773 2811 4832 res
2864 4788 2995 4830 suas
3027 4773 3319 4829 alienatas
3353 4773 3695 4827 revocandas

2121 4848 2374 4912 concedi,
2410 4862 2513 4903 nec
2563 4853 2747 4901 tamen
2798 4844 2865 4900 ad
2917 4844 3222 4900 libertatem
3280 4844 3538 4897 amissam
3596 4856 3697 4897 seu

2120 4919 2401 4975 venditam
2432 4915 2797 4972 revocandam
2829 4915 2973 4969 dari.

2193 4988 2308 5059 (82)
2335 4986 2446 5043 Lex
2476 4986 2532 5041 id
2557 4996 2655 5059 est
2688 4984 2909 5059 civibus
2940 4982 3085 5053 quod
3114 4990 3284 5059 pa_ter_
3303 4982 3552 5059 liberis;_
3571 4982 3698 5059 ideo

2119 5051 2324 5142 dicitur
2353 5059 2443 5121 lex
2500 5054 2711 5119 πόλεως
2739 5051 2981 5124 συνθήκη
3038 5051 3218 5123 κοινή,
3272 5053 3309 5106 l.
3339 5051 3394 5117 2,
3426 5051 3481 5106 ﬂ.
3517 5052 3593 5107 De
3612 5054 3697 5109 le-

2122 5130 2305 5268 ειῗὲἵῗῖ
2332 5197 2508 5269 Hujus
2538 5194 2776 5253 Novella:
2804 5193 3055 5249 meminit
3078 5191 3367 5248 Balsamon
3398 5190 3467 5245 ad
3514 5204 3568 5245 c.
3598 5190 3695 5254 2|,

2116 5268 2209 5332 22,
2236 5268 2327 5324 25.
2362 5268 2551 5338 Apost.

2192 5338 2306 5408 (84)
2332 5338 2688 5408 Castratores
2717 5336 2863 5408 enim
2898 5332 2993 5408 ad__
3017 5331 3264 5408 eamdem
3314 5343 3559 5408 poenam
3581 5328 3699 5408 adi-

2120 5399 2411 5478 gebantur.
2443 5405 2494 5462 J.
2523 5407 2647 5463 eod.
2691 5415 2748 5462 et
2805 5404 3021 5460 Novell.
3056 5400 3179 5466 M2,
3220 5417 3274 5456 c.
3309 5403 3361 5452 1.
3405 5399 3561 5463 Quod
3592 5399 3701 5454 hac

2120 5478 2518 5548 constitutione
2565 5479 2888 5548 abrogatur.

2190 5547 2303 5618 (85)
2334 5546 2409 5600 De
2437 5534 2855 5618 castrator'i'bus.
2898 5543 3037 5618 adde
3062 5542 3107 5618 L-
3132 5540 3225 5618 2].
3276 5537 3434 5618 “3:.
3456 5535 3513 5590 σι
3538 5534 3614 5618 2d
3647 5537 3689 5618 ¹.ο

2118 5604 2303 5683 Αιιύἰιξ
2337 5618 2392 5680 5,
2435 5615 2462 5687 §
2498 5615 2570 5680 4;
2606 5617 2643 5669 l.
2676 5616 2732 5681 4,
2768 5615 2797 5687 §
2828 5604 2879 5683 ί,
2911 5616 2950 5669 1.
2973 5614 3029 5672 ϐ,
3062 5609 3119 5664 ῙΥ.
3144 5610 3220 5665 De
3255 5604 3506 5673 sicariis;
3535 5604 3695 5661 Paul.

2119 5685 2614 5756 5,sent.23,§L.
2734 5753 2744 5756 _
2818 5754 2830 5756 _
2906 5753 2920 5756 _
3000 5751 3011 5756 Α
3165 5748 3192 5756 _
3272 5748 3283 5756 _
3444 5743 3496 5756 η

2192 5756 2302 5821 (86)
2328 5743 2623 5825 Δυνᾶξῖεῶς
2652 5753 2791 5825 πρὸς
2811 5748 3192 5825 δωδοχὴνξτοῦ
3222 5748 3413 5820 γένους
3439 5743 3695 5815 δύναμις,

2122 5834 2317 5881 natura
2342 5826 2379 5880 l.
2412 5822 2555 5889 9,01
2590 5822 2667 5880 De
2699 5822 2836 5881 lber.
2863 5832 2915 5880 et
2948 5823 3227 5893 posthum.
