4048 6444
359 447 459 512 950
1619 449 1892 510 LEONIS
1938 449 2390 510 PHILOSOPHI
3510 448 3620 510 £50

361 558 404 609 si
427 555 516 625 qui
544 554 880 609 exactionem
939 551 1223 618 sustinuit,
1280 566 1343 609 ea
1402 553 1478 608 illi
1541 555 1622 628 (ut
1672 573 1815 627 saepe
1853 557 1965 628 ﬁt),

2066 559 2275 630 ιμείνων
2302 558 2473 611 ἔσται’
2520 555 2568 608 εἰ
2598 555 2654 608 δὲ
2699 556 2808 610 τῶν
2845 555 3143 625 ἐλευθέρων
3172 554 3502 626 προσώπων,
3537 557 3616 621 ei);

363 647 664 700 remedium
694 644 937 699 attulerit
955 644 1088 716 (95),
1113 643 1248 698 nihil
1267 659 1441 715 neque
1459 646 1617 702 nobis
1636 663 1814 718 neque
1827 649 1934 719 legi

2066 648 2206 710 ιύτὸς
2234 646 2414 718 ἑαυτῷ
2450 646 2517 700 δι’
2549 640 2625 699 ὧν
2669 647 2994 713 κατεδέξατο
3026 647 3127 700 οὐκ
3163 645 3238 700 ὢν
3271 646 3372 716 τῆς
3405 647 3619 712 ἀδικίας

365 737 643 792 adversari
675 737 913 790 videtur.
940 736 999 790 Id
1036 737 1182 792 enim
1205 744 1459 792 naturam
1491 753 1602 794 non
1642 741 1923 805 mutilare,

2066 739 2305 805 ὶναίτιος,
2332 739 2430 808 τῆς
2474 737 2521 770 ⁸ο
2545 736 2752 801 οἰκείας
2798 737 3026 808 γνώμης
3064 738 3199 808 ὅπερ
3247 737 3416 790 ἔπαθε
3463 735 3623 791 τοῦτο

370 827 462 882 sed
494 827 572 880 illi
607 842 931 883 succurrere
958 833 1066 883 est.

2066 829 2320 900 ιερδήσει.
2347 829 2410 882 Εί
2445 829 2696 900 μέντοιγε
2725 825 2834 900 (οἷα
2867 828 3038 882 πολλά
3068 828 3378 898 συμϐαίνει)
3415 827 3620 897 βλάϐην

366 917 698 980 ὑποστάντος
742 917 836 970 τοῦ
896 917 1035 982 ζώου
1087 918 1196 990 ⁸ίὴ
1246 918 1457 991 ὲκτομὴ
1503 920 1601 992 τὴν
1647 921 1945 991 θεραπείαν
1981 920 2158 992 φέρει,
2188 921 2346 974 τοῦτο
2399 919 2514 974 οὔθ’
2565 921 2720 992 ἡμῖν,
2789 920 2915 976 οὔτε
2963 919 3042 991 τῷ
3104 920 3254 992 νόμῳ
3303 919 3624 975 ὑπεναντίον

366 1008 530 1062 δοκεῖ’
559 1009 620 1064 οὑ
649 1011 757 1081 γὰρ
783 1009 957 1080 λώϐη,
987 1009 1122 1064 ἀλλά
1151 1011 1376 1081 βοήθεια
1401 1012 1496 1066 τοῦ
1524 1012 1843 1085 πλάσματος
1873 1014 1934 1068 τὸ
1975 1012 2209 1085 πρᾶγμά
2234 1014 2377 1066 ἐστι.

822 1101 1292 1158 CONSTITUTIO
1347 1103 1485 1159 LXI.

367 1191 708 1270 Tributorunt
737 1204 1033 1259 exactores,
1062 1195 1270 1270 silius
1296 1197 1714 1270 quamaebeant
1756 1211 1943 1270 exege-

655 1267 785 1330 rint,
809 1282 912 1334 qua
932 1281 1084 1334 pwna
1107 1265 1220 1337 (96)
1251 1265 1508 1334 aﬂiciendi
1532 1269 1661 1322 sint.

436 1351 583 1409 Idem
614 1354 914 1425 imperator
951 1354 1127 1410 eidem
1169 1353 1438 1426 Styliano.

440 1446 498 1500 Si
521 1453 727 1500 rectam
779 1445 1052 1514 aequitatis
1115 1446 1367 1501 semitam
1423 1447 1684 1502 mortales
1735 1445 1946 1519 ingredi

2613 1101 2927 1158 ΔΙᾹΤΑΞΙΣ
2953 1099 3077 1158 ΞΜ.

2050 1194 2191 1267 Περί
2218 1194 2466 1264 τοῦξπῶς
2480 1194 2576 1248 δεῖ
2594 1195 2941 1267 ζημιοῦσθαι
2957 1195 3100 1267 τοὺς
3120 1193 3422 1263 διοικητὰς
3443 1194 3627 1263 ὑπερ-

2514 1265 2897 1331 εκτείνοντας
2925 1265 2998 1318 τὰ
3027 1263 3197 1331 τέλη.

2132 1357 2194 1410 '0
2222 1355 2384 1420 αὐτὸς
2421 1355 2672 1426 βασιλεὺς
2701 1356 2976 1426 Στυλιανῷ
3008 1356 3087 1427 τῷ
3133 1355 3307 1426 αὐτῷ.

2129 1449 2220 1513 Ὦς
2261 1444 2330 1521 ἦν
2367 1449 2637 1521 μακάριον
2673 1447 2769 1502 καὶ¹
2801 1447 2879 1518 τῷ
2938 1447 3039 1518 βίῳ
3089 1447 3356 1518 σωτήριον
3402 1446 3503 1514 τὴν
3540 1445 3630 1499 εύ-

364 1535 592 1600 vellent,
614 1551 746 1591 sane
774 1551 938 1607 quam
967 1550 1162 1606 magna
1191 1536 1320 1592 hinc
1369 1537 1646 1592 communi
1685 1537 1809 1592 vita;
1833 1547 1946 1592 tum

2066 1541 2197 1595 le'iav
2222 1541 2316 1595 τοῦ
2347 1542 2556 1595 δικαίου
2592 1539 2779 1610 τρίϐον
2812 1538 3099 1608 βούλεσθαι
3139 1539 3266 1600 τοὺς
3305 1535 3630 1606 ἀνθρώπους

367 1627 671 1693 beatitudo,
703 1635 820 1682 tum
854 1627 1006 1683 salus
1035 1625 1341 1682 accederet.
1377 1627 1495 1682 Non
1516 1629 1660 1684 enim
1702 1628 1943 1683 austeri-

2066 1631 2311 1695 BaotCetv'
2342 1631 2404 1684 ού
2429 1632 2538 1700 γάρ
2575 1629 2701 1684 οὔτε
2728 1630 3048 1699 νομοθέταις
3073 1629 3294 1698 ἐδέησεν
3330 1627 3631 1698 αὐστηρίαν

368 1723 536 1771 tatem
558 1729 669 1786 prae
697 1731 757 1771 se
789 1716 933 1771 ferre
963 1715 1372 1786 legislatoribus
1406 1731 1547 1786 opus
1576 1725 1743 1785 esset,
1777 1731 1955 1786 neque

2066 1720 2410 1787 ἐνδείξασθαι,
2437 1720 2562 1773 οὕτε
2592 1720 2824 1791 τιμωροὶ
2847 1720 3001 1790 νόμοι
3028 1719 3108 1781 εἰς
3136 1718 3481 1788 χαλεπότητα
3514 1734 3632 1769 κιν-

370 1807 597 1861 ultrices
652 1804 799 1876 leges
821 1806 875 1860 in
907 1805 1279 1876 periculorum
1334 1806 1683 1864 diﬂicultates
1734 1808 1948 1878 aliquos

2066 1809 2220 1865 ῑύνων
2251 1810 2406 1873 τινὰς
2439 1810 2756 1881 περιίστων·
2799 1807 2894 1863 νῦν
2937 1809 2982 1862 δ’
3031 1809 3385 1878 ὑπαρχούσης
3412 1809 3630 1860 λυσιτε-

371 1895 733 1964 conjicerent.
785 1893 943 1950 Nunc
971 1909 1103 1950 vero
1132 1910 1448 1966 quanquam
1481 1905 1536 1952 et
1566 1898 1856 1953 commoda
1895 1909 1950 1954 et

2066 1898 2180 1962 λοῦς
2207 1899 2301 1952 καὶ
2334 1899 2601 1970 σωτηρίου
2647 1900 2745 1969 τῆς
2794 1898 3011 1961 δικαίας
3060 1897 3320 1967 πορείας,
3368 1897 3469 1949 οὐκ
3513 1895 3631 1948 ἐθέ-

370 1986 629 2041 salutaris
679 1987 953 2056 aequitatis
1009 1987 1097 2040 via
1151 1989 1243 2050 sit,
1300 1987 1547 2057 plerique
1580 1996 1762 2042 tamen
1799 1988 1947 2043 illam

371 2077 586 2146 ingredi
629 2078 825 2132 nolunt
857 2093 872 2130 :
903 2076 997 2131 sed
1028 2085 1288 2146 tanquam
1316 2078 1592 2133 laboriosa
1640 2078 1752 2148 (97)
1787 2085 1953 2148 atque

372 2185 567 2241 aspera
607 2172 699 2238 sit,
760 2171 1124 2241 miseriasque
1167 2172 1476 2228 viatoribus
1539 2173 1750 2239 afferat,
1784 2174 1953 2229 decli-

371 2272 529 2317 nant.
563 2261 887 2327 Suntenim,
910 2272 1056 2326 sunt,
1085 2263 1324 2329 inquam,
1348 2264 1549 2332 quibus
1579 2265 1817 2332 pessima
1839 2265 1956 2335 (98)

371 2365 590 2423 quisque
617 2352 835 2422 placent
871 2369 885 2405 :
914 2353 1119 2421 quique
1173 2352 1243 2407 ab
1292 2353 1570 2422 aequitatis
1634 2354 1831 2410 itinere
1859 2355 1956 2410 de-

372 2442 676 2506 ﬂectentes,
716 2441 783 2496 ad
819 2441 1126 2511 iniquitatis
1195 2442 1340 2496 viam
1395 2441 1583 2498 densis
1608 2445 1786 2513 spinis
1809 2453 1956 2500 stra-

372 2541 487 2585 tam
525 2532 655 2601 (qua
712 2529 951 2585 viatores
983 2531 1036 2584 in
1071 2531 1396 2599 perditionis
1449 2533 1747 2603 praecipitia
1784 2549 1956 2604 agun-

374 2621 488 2688 tur)
523 2620 691 2675 alacri
729 2619 999 2689 avidoque
1039 2621 1224 2676 animo
1247 2636 1306 2676 se
1334 2620 1644 2676 conferunt.
1713 2623 1955 2689 Quorum

375 2711 544 2767 etiam
590 2711 944 2766 temerarium
1009 2710 1270 2780 impetum
1317 2720 1530 2768 veleres
1574 2713 1956 2783 castigandum

376 2816 502 2857 esse
535 2808 813 2871 putantes,
843 2801 991 2854 illum
1023 2801 1162 2872 lege,
1204 2808 1464 2872 tanquam
1503 2803 1678 2869 freno,
1711 2804 1960 2859 inhibere

374 2891 756 2947 instituerunt.
785 2888 890 2944 Sed
916 2891 1192 2959 quomodo
1257 2892 1332 2946 illi
1397 2893 1738 2964 iniquitatem
1773 2893 1960 2964 proﬂi-

378 2995 531 3050 gare,
567 2990 731 3051 atque
760 2995 791 3035 e
823 2979 1042 3036 diverso
1093 2981 1403 3050 aequitatem
1465 2983 1805 3038 constituere
1839 2993 1958 3038 stu-

377 3074 617 3128 duerint.
649 3075 667 3094 ⁶
692 3074 712 3092 ⁶
745 3077 764 3096 ’⁵
794 3073 865 3127 Et
901 3075 1024 3142 quis
1055 3072 1282 3144 (quaeso)
1314 3090 1437 3144 qua:
1479 3084 1666 3132 nostra
1699 3077 1959 3146 maiestas

378 3165 649 3234 suscipit,
685 3179 795 3218 non
843 3164 1146 3234 approbet?
1193 3164 1348 3230 Quod
1388 3179 1522 3220 vero
1576 3168 1629 3220 in
1687 3166 1965 3220 nonnullis
1993 3153 2037 3212 (Ξ

379 3269 488 3310 non
516 3271 614 3325 pro
639 3255 822 3310 delicti
863 3255 1061 3310 merito
1087 3269 1307 3324 poenam
1360 3265 1622 3324 statuere,
1654 3258 1966 3315 istiusmodi

352 3349 663 3402 .tlecretum
701 3347 952 3416 amplecti
992 3361 1340 3402 recusamus.
1376 3348 1607 3413 Quando
1632 3350 1832 3404 etenim
1868 3364 1967 3420 pro

382 3438 662 3493 commissi
725 3439 937 3493 ratione
991 3439 1100 3495 reis
1150 3438 1421 3508 judicium
1464 3440 1706 3507 obvenit,
1753 3455 1966 3509 aequum

383 3544 573 3585 revera
603 3529 885 3584 decretum
917 3537 1002 3584 est
1036 3548 1050 3586 :
1083 3545 1313 3600 quaeque
1343 3529 1452 3584 illis
1509 3532 1784 3600 irrogatur
1809 3544 1970 3600 paena

379 3622 554 3688 justa.
583 3621 651 3672 At
680 3620 899 3689 quando
929 3619 1190 3674 delictum
1215 3621 1438 3690 gravius
1467 3619 1580 3692 (99)
1613 3634 1776 3690 quam
1805 3635 1971 3690 opor-

383 3717 501 3764 teat
526 3711 776 3781 punitur,
801 3723 912 3764 non
949 3709 1002 3763 id
1028 3709 1254 3780 iustitiae
1295 3710 1389 3767 sed
1443 3711 1626 3782 potius
1687 3709 1971 3780 iniustitia

387 3816 512 3865 esse
539 3802 874 3856 censendum
901 3809 1007 3858 est.

454 3889 726 3956 Quocirca
756 3906 911 3959 sane,
955 3907 1081 3947 cum
1114 3890 1428 3962 superiores
1454 3893 1628 3964 legem
1666 3891 1800 3964 (l-2)
1831 3907 1959 3964 pro-

389 3981 704 4049 mulgarint,
725 3998 848 4053 quas
875 3983 984 4039 illis
1007 3985 1100 4054 qui
1121 3984 1444 4054 colligendis
1475 3985 1710 4054 publicis
1745 3984 1971 4040 tributis

390 4073 630 4140 praefecti
723 4084 853 4130 sunt
931 4075 1234 4145 (διοικητὰς
1301 4076 1679 4146 promiscuum
1775 4075 1972 4142 vulgus

391 4164 668 4233 appellare
719 4166 1026 4236 consuevit)
1062 4165 1108 4221 si
1168 4180 1338 4235 supra
1393 4166 1696 4234 legitimum
1747 4165 1969 4219 modum

393 4256 597 4308 tributa
657 4257 955 4313 extendere
1002 4258 1261 4323 audeant,
1317 4258 1698 4329 gravissimam
1751 4271 1971 4325 poenam

396 4346 592 4416 inﬂigit
660 4347 857 4417 (morte
920 4348 1067 4403 enim
1102 4349 1154 4405 id
1197 4348 1456 4404 delictum
1522 4349 1895 4418 persequitur)
1919 4356 1974 4402 et

395 4452 528 4492 vero
557 4454 668 4492 non
729 4437 955 4492 omnino
988 4439 1184 4494 merito
1213 4446 1381 4492 tantae
1413 4453 1587 4508 paena:
1614 4439 1736 4494 illos
1771 4438 1968 4508 subjici

397 4546 500 4586 nos
521 4532 922 4593 existimemus,
945 4532 1336 4588 admissionem
1361 4532 1436 4589 illi
1461 4533 1824 4604 denegamus:
1841 4547 1974 4588 con-

396 4631 592 4693 traque
627 4623 945 4689 statuimus,
985 4631 1038 4675 ut
1065 4622 1112 4676 si
1139 4623 1253 4692 quis
1283 4623 1337 4677 in
1368 4621 1422 4677 id
1453 4623 1659 4678 crimen
1717 4624 1977 4680 incidisse

398 4709 858 4781 deprehendatur,
895 4710 1172 4779 semelque
1187 4716 1400 4765 tantum
1433 4709 1485 4765 id
1513 4724 1681 4767 ausus
1711 4711 1804 4774 sit,
1829 4711 1975 4779 quod

2052 1991 2207 2044 λουσι
2231 1989 2338 2044 τῶν
2371 1989 2674 2059 ἀνθρώπων
2703 1989 2752 2042 oi
2782 1989 3022 2042 πλεῖστοι
3044 1987 3250 2058 ταύτην
3281 1985 3632 2057 πορεύεσθαι,

2053 2083 2168 2138 ἀλλ’
2202 2083 2278 2147 ὡς
2321 2082 2579 2136 ἐπίπονον
2631 2081 2729 2135 καὶ
2791 2081 3051 2152 τραχεῖαν
3111 2079 3208 2132 καὶ
3255 2077 3635 2146 ταλαιπωρίαν

2058 2175 2334 2245 φέρουσαν
2360 2175 2473 2236 τοῖς
2502 2173 2704 2236 ὁδίταις
2753 2172 3114 2226 ἐκκλίνουσιν.
3149 2170 3273 2223 Εἰσὶ
3313 2171 3444 2239 γὰρ,
3473 2169 3635 2229 εἰσὶν,

2058 2263 2141 2330 οἷς
2165 2266 2388 2337 ἀρέσκει
2426 2265 2496 2318 τὰ
2523 2265 2796 2335 χείριστα,
2831 2263 2928 2318 καὶ
2955 2261 3164 2332 ταύτης
3210 2261 3310 2332 μὲν
3348 2259 3641 2314 ἀπονεύον-

2057 2376 2169 2422 τες,
2199 2355 2336 2428 πρὸς
2378 2356 2437 2409 δὲ
2483 2356 2582 2426 τὴν
2615 2351 2684 2428 ἧς
2720 2354 3063 2425 ὲπέστρωται
3117 2349 3329 2406 ἄκανθα
3391 2350 3560 2419 συχνὴ
3593 2351 3640 2384 δ’

2057 2449 2270 2503 ἀδικίαν
2304 2447 2399 2502 κα)⁵
2441 2441 2511 2519 ἧς
2561 2446 2698 2517 πρὸς
2741 2443 3020 2506 ἀπωλείας
3063 2441 3346 2514 κρημνοὺς
3388 2440 3641 2492 έλαύνου-

2060 2555 2146 2591 σιν
2179 2537 2225 2569 ⁸³
2275 2536 2326 2589 οί
2379 2535 2551 2588 ὁδῖται
2598 2533 2896 2605 προθύμως
2927 2532 3257 2602 βαδίζοντες.
3290 2525 3395 2582 Ὠν
3441 2529 3536 2583 καὶ
3575 2529 3638 2581 τδ

2060 2629 2292 2684 ἄτακτον
2309 2626 2543 2696 ὅρμημα
2575 2623 2825 2687 κολάζειν
2849 2624 2897 2656 ⁸⁸
2929 2625 2980 2676 oi
3012 2621 3186 2676 πάλαι
3219 2620 3642 2684 δικαιώσαντες,

2061 2718 2254 2783 ὥσπερ
2284 2716 2393 2769 τινὶ
2427 2715 2632 2785 χαλινῷ
2675 2715 2755 2784 τῷ
2803 2713 2957 2785 νόμῳ
3003 2712 3188 2766 ἔθεντο
3216 2712 3466 2781 ’γνώμην
3507 2713 3642 2764 ἀνα-

2061 2809 2351 2880 χαιτίζειν.
2397 2807 2536 2860 Ἀλλ’
2568 2806 2708 2876 ὑπὲρ
2742 2805 2842 2876 μὲν
2872 2805 2968 2858 τοῦ
3002 2804 3240 2874 σπουδὴν
3274 2804 3474 2865 αὐτοὺς
3506 2803 3642 2854 ἀνα-

2062 2901 2247 2954 λαϐεῖν
2287 2897 2682 2965 ἐξελαύνουσαν
2719 2896 2957 2961 ἀδικίαν,
3015 2894 3416 2964 συνισταμένην
3463 2893 3521 2945 δὲ
3565 2891 3646 2961 τῷ

2062 2990 2275 3060 δικαίῳ,
2306 2989 2424 3057 (καὶ⁸
2462 2987 2547 3050 τίς
2593 2986 2702 3058 γὰρ
2757 2985 2824 3040 ἂν
2874 2985 2977 3038 οὐκ
2998 2982 3375 3049 ἀποδέξαιτο;)
3443 2983 3537 3034 καὶ
3583 2982 3646 3034 to

2063 3079 2337 3150 ἡμέτερον
2380 3076 2701 3146 ἀποδέχεται
2744 3077 2966 3145 κράτος·
3005 3076 3088 3128 ὅτι
3115 3074 3172 3128 δὲ
3215 3074 3290 3143 μὴ
3326 3073 3448 3126 κατ’
3487 3072 3647 3136 ἀξίαν

2069 3171 2163 3226 τοῦ
2194 3169 2537 3239 πταίσματος
2573 3167 2630 3221 έν
2682 3184 2793 3222 τισι
2825 3167 3114 3239 γνωρίζειν
3152 3165 3196 3198 ⁸⁸
3251 3166 3495 3234 ἔγνωσαν
3548 3162 3648 3231 τὴν

2071 3257 2286 3326 ποινὴν,
2317 3257 2420 3310 οὐκ
2465 3257 2522 3309 ὲν
2554 3255 2792 3326 ἀποδοχῇ
2822 3255 2922 3324 τὴν
2953 3252 3211 3322 τοιαύτην
3239 3251 3421 3321 ψῆφον
3456 3250 3649 3320 ὲθέμε-

2077 3347 2167 3401 θα.
2202 3347 2315 3418 Τῆς
2343 3345 2580 3416 κρίσεως
2620 3345 2730 3415 γὰρ
2778 3345 3108 3413 ἀπαντώσης
3154 3341 3296 3396 κατὰ
3335 3342 3495 3408 λόγον
3552 3339 3647 3394 τοῦ

2072 3437 2472 3511 ἁμαρτήματος
2502 3439 2618 3500 τοῖς
2645 3435 3078 3507 ὲξημαρτηκόσι,
3109 3433 3267 3502 δίκης
3313 3433 3388 3493 ώς
3429 3431 3648 3503 ἀληθῶς

2071 3532 2190 3584 ἔστι
2217 3528 2399 3599 ψῆφος
2451 3528 2545 3581 καὶ
2572 3526 2782 3580 δίκαιον
2831 3525 2892 3579 τὸ
2929 3524 3139 3588 τούτοις
3163 3521 3539 3591 ἐπιτιθέμενον
3569 3521 3640 3573 τίς

2075 3637 2256 3692 μημα,
2288 3619 2592 3691 βαρυτέρας
2628 3617 2687 3670 δὲ
2719 3614 3046 3685 κολάσεωςῆ
3081 3614 3168 3681 ἔφ’
3198 3613 3323 3666 ὅσον
3353 3610 3458 3663 ἔδει
3485 3608 3642 3663 κολα⁹

2075 3713 2271 3783 σθῆναι
2312 3711 2376 3765 τὸ
2417 3713 2665 3781 πταῖσμα
2695 3707 3015 3779 προϊούσης,
3064 3707 3249 3760 οὐκέτι
3279 3703 3437 3774 δίκης
3465 3701 3649 3773 ἔργον,

2072 3803 2285 3867 ἀδικίας
2310 3801 2367 3856 δὲ
2402 3801 2601 3872 μᾶλλον
2628 3800 2717 3870 εἴη
2745 3799 2808 3853 τὸ
2830 3799 3135 3869 γινόμενον.

2144 3895 2243 3947 Διὰ
2277 3891 2434 3946 τοῦτο
2483 3893 2590 3962 ἄρα
2629 3891 2739 3943 τῶν
2783 3891 2889 3959 πρὸ
2933 3889 3092 3960 ἡμῶν
3131 3886 3523 3942 ὲκτεθεικότων
3563 3884 3653 3938 νό-

2076 4001 2177 4054 μον
2206 3985 2271 4050 ⁸⁶,
2303 3983 2362 4047 ὃς
2403 3983 2530 4044 τοὺς
2560 3981 2655 4035 ἐπὶ
2683 3979 2949 4050 συλλογὴν
2997 3979 3106 4032 τῶν
3151 3978 3426 4049 δημοσίων
3471 3977 3652 4044 φόρων

2073 4074 2510 4142 καθισταμένους
2540 4070 2840 4142 (διοικητὰς
2875 4069 2920 4123 δ’
2951 4069 3151 4132 αὐτοὺς
3184 4069 3220 4138 ὴ
3253 4066 3499 4137 συνήθως
3529 4067 3655 4134 ὁμι-

2073 4165 2165 4219 λία
2200 4163 2386 4217 καλεῖν
2417 4159 2550 4222 οἵδε)
2575 4160 2890 4232 τολμῶντας
2920 4161 3329 4229 ὑπερεκτείνειν
3368 4157 3530 4210 πλέον
3558 4155 3650 4208 τοῦ

2074 4253 2460 4324 νενομισμένου
2485 4251 2556 4305 τά
2576 4252 2728 4322 τέλη,
2755 4251 3064 4324 βαρυτάτην
3088 4250 3476 4319 εἰσπράττεται
3493 4245 3653 4314 δίκην

2077 4345 2330 4416 (θανάτου
2376 4343 2484 4414 γὰρ
2526 4343 2587 4397 τὸ
2622 4345 2871 4412 πταῖσμα
2910 4343 3183 4413 τιμᾶται),
3221 4341 3344 4394 ἐπεὶ
3397 4341 3472 4409 μὴ
3514 4338 3656 4392 κατά

2075 4435 2233 4503 λόγον
2270 4433 2715 4502 συγγινώσκομεν
2759 4432 3133 4486 ὑποϐάλλοντα
3162 4433 3208 4464 ⁸⁷
3234 4432 3362 4495 τοὺς
3396 4431 3653 4501 ἁμαρτά·
3769 4429 3782 4444 “

2080 4543 2271 4588 νοντας
2300 4528 2369 4595 τῇ
2401 4523 2638 4599 τοσαύτῃ
2672 4524 2866 4595 ζημίᾳ,
2900 4524 3074 4593 τούτῳ
3111 4524 3208 4594 μὲν
3253 4523 3438 4594 χώραν
3466 4523 3656 4576 ἀποδο-
3699 4505 3709 4513 δ

2082 4617 2185 4688 χῆς
2209 4615 2272 4669 οὑ
2299 4615 2701 4686 προσνέμομεν,
2729 4614 3057 4683 θεσπίξομεν
3090 4614 3146 4667 δὲ
3168 4614 3260 4666 τὸν
3296 4613 3349 4666 ετ
3369 4631 3454 4677 τις
3484 4613 3657 4666 τοιού-

2082 4725 2161 4776 τῳ
2191 4706 2304 4776 ἁλῷ
2336 4705 2682 4775 περιπίπτων
2722 4706 3048 4776 ἐγκλήματι,
3081 4705 3230 4769 ἅπαξ
3261 4704 3361 4774 μὲν
3391 4705 3489 4758 τοῦ
3519 4705 3659 4775 πράο

1670 4843 1905 4899 VARIIE
1947 4839 2348 4897 LECTIONES.

456 4946 502 4978 ⁵⁴³
526 4944 718 5015 Steph.
741 4943 973 5016 etiAgyl.
1000 4943 1109 4996 ἀπὸ
1127 4941 1227 5016 τῆς
1255 4941 1603 5016 scribendum
1617 4955 1739 5016 esse
1758 4941 2142 5016 coniecerunt;
2190 4933 2234 4966 “
2256 4933 2417 5016 {orte
2445 4932 2590 4986 σόου.
2708 4931 2898 5016 ξιιίοιι.
2923 4940 2978 4986 et
2995 4927 3660 5016 lil'eermﬂnéqrpwrat—

403 4996 837 5088 «vimen:
867 4996 990 5088 sinu
1023 4996 1673 5088 ,ερεηεριψο
1707 4996 2590 5088 coni-Euhieﬁirétaﬁmfm-
2719 5001 2923 5088 ξριτιιι
2960 5011 3013 5088 ςι
3041 4996 3659 5088 Βοεκ,,ῖί9ἒάἕξέ;,ιι’99;

405 5073 524 5138 ruﬁ:
559 5073 712 5144 vitio,
729 5073 802 5136 1a
833 5084 1066 5137 videtur.
1091 5073 1182 5115 ’πο
1215 5073 1583 5149 διερὴξοοῆί.
1610 5079 1666 5130 ἐν
1692 5073 1834 5131 τισιν
1878 5073 2106 5147 ὁρίζειν.
2138 5073 2315 5129 Ἰὶιιιιιι
2344 5075 2545 5142 inepte.

407 5155 598 5225 Steph.
658 5153 700 5185 δ’
743 5153 836 5208 Sc.
866 5152 957 5205 τὸν
980 5152 1162 5222 νόμον.
1197 5150 1369 5223 Vulgo
1393 5150 1810 5208 ὑποϐάλλοντες.

2653 5072 2700 5104 ⁵⁸
2725 5066 2899 5126 ΟΜ(ίῖ
2932 5071 3138 5139 νόμων,
3165 5066 3314 5138 quod
3348 5067 3661 5125 emendaVit

1915 5261 2147 5320 NOTAE.

477 5360 738 5435 (θῶς.)
764 5359 998 5415 Nicaeum
1025 5361 1220 5430 synod.
1358 5427 1430 5435 __
1529 5428 1540 5435 _
1612 5427 1642 5435 __
1736 5425 1747 5435 ν

477 5425 590 5500 (96)
627 5431 982 5485 Tributorum
1025 5425 1308 5484 exactores
1330 5427 1542 5500 _injusti
1575 5427 1702 5479 olim
1736 5425 1970 5500 'capitali

411 5496 691 5572 supplicio!
713 5501 1108 5572 aliiciebantur,
1132 5500 1167 5572 l.
1197 5516 1291 5552 un.
1318 5497 1378 5551 C.
1407 5498 1480 5572 De
1500 5496 1968 5572 superesactorib.

411 5567 619 5626 lib'flo.
654 5570 766 5624 llac
792 5579 971 5624 autem
998 5567 1217 5624 Novella
1237 5569 1548 5634 pecuniaria
1565 5567 1806 5635 duplivel
1837 5580 1972 5632 qua-

411 5642 590 5706 drupli
620 5641 790 5706 multa
811 5642 1130 5708 puniuntur.
1165 5647 1218 5691 et
1251 5640 1321 5690 ita
1357 5639 1649 5703 abrogatur
1671 5637 1843 5708 dalex
1881 5651 1971 5708 un.

485 5704 601 5775 (97)
635 5704 782 5769 Virg.
811 5704 829 5760 Ξ
856 5707 997 5760 Nam
1024 5709 1106 5760 via
1134 5709 1339 5761 virtutis
1371 5708 1613 5759 dextrum
1649 5707 1774 5772 petit
1809 5704 1976 5756 ardua

419 5777 630 5836 catlcm,
685 5777 1051 5842 Difﬁcilemth
1099 5779 1298 5843 aditym
1351 5778 1574 5836 primum
1626 5775 1975 5841 spectantibus

400 5845 593 5914 oﬂcrt.
636 5843 901 5900 Hesiodus
958 5861 1098 5900 VLI‘B.
1153 5848 1279 5910 9.88,
1323 5846 1459 5910 289,
1527 5847 1755 5916 loquens
1779 5845 1844 5898 de
1871 5845 1980 5897 vir-

2075 5352 2380 5440 tutis‘via‘:
2427 5350 2653 5433 Μακρὰς
2703 5352 2797 5404 κα)⁵
2829 5348 3010 5420 ὄρθιος
3059 5343 3213 5418 οἶμος
3240 5342 3326 5397 ἐπ’
3374 5338 3662 5410 αὐτὴνκαὶ

2072 5425 2280 5495 τρηχὺς
2305 5423 2368 5475 τὸ
2397 5423 2633 5491 πρῶτον.

2142 5495 2253 5560 (98)
2283 5492 2416 5546 Hinc
2449 5491 2579 5544 illud
2615 5489 2811 5545 Medeae
2851 5505 2864 5543 :
2907 5487 3066 5542 Video
3115 5485 3335 5540 meliora
3377 5483 3660 5552 proboque.

2077 5563 2352 5633 Deteriora
2380 5577 2631 5633 season“
2698 5628 2731 5633 __
3040 5624 3078 5633 η
3188 5625 3219 5633 ,,
3313 5622 3330 5633 .
3434 5624 3443 5633 .

2153 5634 2268 5704 (99)
2327 5631 2390 5684 L.
2434 5619 2535 5697 12,
2590 5628 2644 5683 Π.
2698 5628 2772 5683 De
2828 5644 2974 5697 pum.
3035 5624 3243 5680 Novell.
3305 5622 3508 5677 Justin.
3570 5619 3660 5679 8'2,

2399 5786 2494 5825 uu.
2519 5770 2580 5826 C.
2618 5770 2690 5828 Dc
2729 5763 3307 5841 superexactoribusl.
3339 5763 3421 5823 10,
3458 5763 3542 5812 tit.
3569 5753 3660 5808 εο.
