4048 6466
353 433 455 498 561
1457 436 1822 502 NOVELLE
1868 440 1951 503 CG

2021 440 2544 508 STITUTIONES.
3513 441 3619 502 562

349 558 554 615 γματος
576 538 957 610 τολμηθέντος,
995 541 1155 613 διπλῇ
1184 543 1480 615 ἀπαιτήσει
1504 546 1831 618 ζημιοῦσθαι
1856 541 1918 603 οὗ
1945 602 1947 606 Α

2021 549 2255 617 amplius
2281 550 2545 620 exegerit,
2569 546 2690 617 ejus
2717 544 2940 618 duplum
2972 545 3286 617 dependat:
3317 547 3402 601 sin
3439 549 3490 602 iul
3530 551 3611 603 In-

347 632 744 704 ὑπερεκτείνων
773 632 818 663 ⁸⁸
848 632 1005 703 ὤφθη
1047 633 1236 699 τέλους
1286 635 1387 706 τὴν
1435 638 1724 708 εἴσπραξιν
1747 682 1762 702 ,
1794 641 1842 694 εἰ
1877 641 1922 694 δ’

2031 655 2156 698 cere
2186 651 2395 712 pergat,
2425 643 2479 695 in
2516 640 2906 711 quadruplum,
2934 640 3083 709 quod
3124 641 3362 712 amplius
3394 653 3616 712 captum

343 726 592 794 ἐπιμένοι
624 725 785 777 τοῦτο
817 726 1096 795 πράττων,
1129 728 1523 797 τετραπλάσιον
1561 731 1924 801 ἀναστρέφειν

2031 741 2137 795 cst.
2168 735 2231 788 ad
2265 735 2465 802 injuria
2504 733 2759 789 affectum
2813 733 3024 798 redeat,
3079 733 3277 803 illeque
3303 749 3427 787 cum
3455 737 3614 805 igno-

343 818 418 887 τῷ
446 817 765 886 ἠδικημένῳ
797 817 858 870 τὸ
889 817 1117 886 ληφθὲν,
1154 821 1248 873 καὶ
1297 821 1510 893 ἀτίμως
1553 823 1652 893 τῆς
1682 826 1924 893 ἐμπεπι-

2031 827 2202 881 minia
2226 841 2255 879 a
2280 826 2600 881 concredito
2634 826 2740 881 sibi
2792 824 2971 880 ollicio
3000 824 3253 880 decedat.
3280 828 3356 879 Ac
3389 827 3454 881 sil
3483 843 3616 881 sane

345 909 645 978 στευμένης
692 909 973 978 φροντίδος
1013 910 1346 976 ἐξίστασθαιο
1394 914 1490 967 καὶ
1539 911 1677 968 εἶναι
1713 918 1820 970 ἀπό
1859 935 1923 985 γε

2029 919 2258 987 posthac
2286 918 2470 973 delicti
2505 917 2671 988 hujus
2708 920 2822 973 haec
2870 933 3052 988 paula,
3081 933 3264 990 neque
3286 920 3620 990 pecuniariae

341 1000 437 1053 τοῦ
466 999 562 1051 νῦν
579 998 675 1052 τοῦ
707 999 951 1052 τοιούτου
975 1002 1325 1072 ἐγκλήματος
1352 1003 1557 1076 ταύτην
1578 1009 1676 1076 τὴν
1692 1007 1923 1077 ζημίαν,

1205 1019 1325 1065 ιτος
1352 1003 1557 1076 ταύτην
1578 1009 1676 1076 τὴν
1692 1007 1923 1077 ζημίαν,
2033 1023 2162 1065 reus
2191 1007 2259 1063 de
2297 1008 2406 1063 vita
2439 1007 2803 1080 periclitetur.

343 1089 482 1143 ἀλλά
530 1089 607 1159 μὴ
650 1089 782 1160 περὶ
830 1089 1008 1162 ψυχὴν
1053 1092 1390 1147 κινδυνεύειν
1425 1094 1554 1158 τοὺς
1588 1096 1812 1162 ἀδίκους
1845 1099 1925 1160 εἷς
2793 1097 2800 1104 ἡ

341 1183 446 1253 χρή
455 1199 626 1251 ματα.

904 1274 1223 1330 ΔΙΑΤΑΞΙΣ
1253 1276 1376 1332 ΞΒν.
2497 1292 2502 1325 4

2497 1278 2967 1336 CONSTITUTIO
2999 1279 3157 1335 LXII.

338 1362 483 1433 "cpi
509 1363 624 1434 τῆς
651 1365 965 1444 κολάιζεως
997 1365 1116 1444 τῷν
1145 1383 1199 1444 τι
1220 1366 1788 1444 ἀπεμπολησὰντων
1814 1369 1925 1425 τοῦ

2033 1372 2112 1427 De
2139 1389 2296 1443 poma
2324 1372 2403 1444 (5')
2432 1374 2546 1442 ejus
2564 1374 2655 1444 qui
2692 1389 2802 1444 rem
2853 1373 3095 1439 aliquam
3135 1373 3404 1442 publicam
3437 1373 3618 1428 tendi-

825 1436 1124 1504 δημοσίου
1150 1435 1445 1505 ὑπάρχον.
2139 1435 2149 1443 ’
2331 1435 2341 1443 “
2385 1435 2397 1444 ’

1312 1453 1445 1505 χον.
2139 1435 2149 1443 ’
2331 1435 2397 1444 ”
2456 1435 2469 1442 ’
2576 1435 2588 1444 ’
2751 1443 2910 1498 derit.

424 1524 486 1578 Ὀ
508 1525 674 1590 αὐτὸς
715 1525 970 1596 βασιλεὺς
1000 1526 1277 1596 Στυλιανῷ
1308 1528 1386 1596 τῷ
1420 1527 1592 1598 αὐτῷ.

1483 1527 1592 1598 ιτῷ.
2101 1533 2246 1589 Idem
2282 1536 2579 1605 imperator
2599 1534 2776 1589 eidem
2811 1533 3081 1605 Styliano.

419 1615 606 1681 Ἄξιον
636 1616 740 1686 μὲν
779 1617 906 1680 τοὺς
941 1617 1238 1686 ,δημοσίων
1291 1618 1646 1688 ἀδικημάτων
1704 1620 1926 1692 ἐνόχους

2103 1624 2449 1678 Publicarum
2479 1623 2804 1691 injuriarum
2837 1639 2961 1678 reos
3001 1623 3286 1692 castigari,
3335 1630 3389 1678 et
3419 1622 3614 1691 hujus-

342 1707 590 1772 κολάζειν
617 1709 712 1761 καὶ
750 1709 1027 1773 τοιαύταις
1061 1709 1297 1778 ὑπάγειν
1339 1711 1655 1781 τιμωρίαις,
1700 1712 1758 1767 αἳ
1791 1713 1922 1782 μέλ-

2031 1713 2178 1768 modi
2209 1713 2387 1783 paruis
2447 1729 2570 1783 qum
2601 1715 2654 1766 in
2689 1713 2810 1767 illas
2867 1727 3069 1782 pronos
3094 1711 3160 1765 ad
3194 1714 3614 1780 temperantiam

340 1798 524 1852 λουσιν
577 1800 658 1852 ὃτι
705 1799 942 1868 μάλιστα
992 1801 1130 1871 πρὸς
1181 1801 1244 1854 τὸ
1284 1801 1500 1872 σῶφρον
1549 1804 1922 1871 ἐπανάγουσαι

2029 1806 2337 1877 adigentes,
2373 1820 2536 1875 quam
2573 1807 2810 1859 maxime
2871 1803 3104 1872 injurias
3134 1803 3446 1864 succidant.
3481 1805 3615 1857 sub-

338 1889 468 1952 τοὺς
496 1889 736 1953 εὐκόλως
791 1891 885 1943 ἐπ)⁸
937 1892 1097 1945 τοῦτο
1143 1891 1431 1962 ὁρμῶντας
1482 1893 1814 1947 ἀνακόπτειν
1855 1896 1924 1948 τά

2024 1897 2120 1968 jici
2161 1899 2369 1966 justum
2403 1905 2508 1952 est.
2539 1897 2608 1950 At
2632 1912 2739 1951 non
2779 1896 2989 1951 idcirco
3016 1896 3258 1966 amplius
3309 1911 3476 1964 quam
3516 1911 3615 1965 par

337 1981 680 2050 ἀδικήματα“
713 1983 775 2034 οὐ
833 1982 940 2052 μὴν
999 1983 1090 2036 διά
1148 1982 1309 2037 τοῦτο
1351 1983 1513 2037 πλέον
1549 1985 1580 2054 ἦ
1611 1985 1736 2039 ὅσον
1774 1985 1924 2051 ἀξιον

2025 1994 2111 2042 est
2137 1989 2340 2057 puniri,
2368 2002 2546 2057 neque
2569 1987 2661 2056 jus
2695 1993 2752 2040 ut
2785 1985 2921 2040 ﬁnes
2950 2001 3082 2041 suos
3111 1987 3360 2048 excedat,
3396 1986 3612 2054 specie-

337 2076 605 2142 τιμωρεῖν
636 2074 904 2144 προσῆκε,
956 2075 1065 2128 οὐδ’
1097 2075 1390 2146 ὑπερόριον
1430 2077 1599 2130 αὑτοῦ
1641 2077 1922 2147 βιάζεσθαι

2025 2093 2132 2148 que
2161 2076 2324 2146 justas
2347 2076 2602 2131 vindicta:
2624 2091 2749 2129 cum
2785 2074 3059 2144 injustitia
3119 2075 3270 2130 velut
3308 2075 3610 2144 conspiret,

337 2158 482 2215 εἶναι
509 2164 572 2216 τὸ
596 2165 806 2217 δίκαιον
832 2165 951 2218 οὐδὲ
982 2166 1224 2236 σχήματι
1263 2168 1362 2237 τῆς
1393 2166 1562 2220 αὑτοῦ
1591 2169 1923 2239 ἐκδικήσεως

2025 2168 2143 2239 cogi
2201 2169 2480 2224 convenit.
2509 2167 2565 2221 Si
2593 2166 2739 2221 enim
2793 2181 2890 2236 pro
2930 2164 3114 2220 delicti
3149 2165 3312 2220 modo
3340 2165 3437 2234 qui
3471 2165 3611 2218 deli-

335 2257 409 2324 τῇ
440 2255 626 2325 ἀδικίᾳ
661 2255 1036 2311 συνίστασθαι.
1062 2258 1138 2310 Τὸ
1159 2257 1258 2326 μὲν
1283 2259 1392 2328 γὰρ
1425 2259 1565 2312 κατὰ
1595 2260 1801 2329 τρόπον
1825 2260 1922 2315 τοῦ

2024 2260 2162 2328 quit,
2194 2260 2473 2328 puniatur,
2517 2258 2668 2325 justa
2700 2273 2764 2313 ea
2799 2258 2942 2326 juris
2981 2257 3116 2311 ultio
3145 2257 3256 2312 sit:
3291 2266 3346 2310 at
3370 2258 3415 2310 si
3445 2272 3608 2327 quam

338 2345 738 2414 ἁμαρτήματος
775 2346 865 2399 τὸν
913 2347 1340 2419 ἐξημαρτηκότα
1389 2348 1721 2413 κολάζεσθαι
1764 2349 1924 2405 τοῦτο

2023 2365 2125 2420 pro
2159 2365 2225 2404 eo
2269 2365 2430 2419 paena
2479 2349 2659 2418 major
2712 2347 3012 2421 inﬂigatur,
3062 2349 3207 2420 juris
3261 2349 3605 2419 prOpositmn

333 2435 553 2488 δικαίου
613 2439 928 2507 ἐκδίκησις,
979 2439 1042 2492 τὸ
1096 2439 1153 2492 δὲ
1219 2441 1392 2510 μείζω
1448 2439 1545 2493 τοῦ
1580 2440 1924 2511 πταίσματος

1096 2439 1153 2492 δὲ
1219 2441 1392 2510 μείζω
1448 2439 1545 2493 τοῦ
1580 2440 1924 2511 πταίσματος
2024 2440 2232 2497 servari
2258 2455 2367 2496 nou
2399 2440 2672 2496 existimo.

333 2529 689 2583 ἀπαιτεῖσθαι
738 2533 839 2602 τὴν
898 2531 1187 2599 εἴσπραξιν
1229 2533 1331 2587 οὐκ
1375 2530 1530 2602 οἶμαι
1581 2533 1775 2598 σώζειν
1822 2534 1923 2604 τὴν

334 2622 481 2691 ὑπὲρ
511 2621 612 2674 τοῦ
664 2623 876 2676 δικαίου
913 2625 1259 2694 προαίρεσιν.

408 2713 499 2764 Διὸ
511 2713 554 2746 δ’
586 2715 648 2768 τὸ
669 2716 935 2786 ἡμέτερον
965 2716 1167 2785 κράτος
1188 2717 1250 2768 ἐν
1268 2719 1378 2780 τοῖς
1399 2717 1505 2770 ὑπὸ
1526 2716 1634 2770 τῶν
1657 2735 1922 2787 προγεγο-

2034 2742 2039 2747 -
2095 2715 2171 2770 Ea
2203 2723 2430 2788 propter
2494 2725 2687 2771 nostra
2742 2714 3029 2785 majeszas,
3062 2723 3422 2788 posteaquam
3456 2717 3509 2772 iu
3538 2719 3606 2774 iis

336 2808 513 2861 νότων
539 2809 1077 2879 νενομοθετημένας,
1112 2812 1171 2863 ἐν
1210 2807 1292 2873 οἷς
1323 2811 1536 2871 ποιναῖς
1554 2809 1921 2862 ὑποϐάλλουσι

2023 2825 2144 2880 qua:
2176 2824 2206 2862 a
2247 2809 2626 2879 superioribus
2660 2809 2736 2878 (4)
2765 2809 3062 2864 constituta
3098 2811 3174 2881 (5)
3213 2822 3364 2875 sunt,
3396 2813 3484 2868 ubi
3515 2829 3609 2869 eos

339 2899 474 2963 τούς
506 2917 560 2953 τι
609 2901 948 2972 ἀπεμπολεῖν
990 2903 1086 2956 τοῦ
1125 2902 1386 2972 δημοσίου
1437 2902 1683 2971 ὑπάρχον
1721 2902 1924 2973 τολμή-

2023 2904 2116 2971 qui
2145 2902 2380 2970 publicae
2422 2900 2501 2956 rei
2549 2900 2757 2970 aliquid
2787 2901 3086 2958 divendere
3123 2904 3242 2958 ausi
3277 2913 3406 2959 sunt
3432 2908 3609 2975 poenis

331 3009 561 3058 σαντας,
612 2993 795 3064 ψῆφον
836 2995 936 3050 οὐκ
964 2996 1029 3050 ἐκ
1078 2994 1173 3048 τοῦ
1208 2994 1421 3048 δικαίου
1468 2995 1922 3065 προσφερομένην

2025 2991 2344 3060 subjiciam,
2365 3005 2473 3044 non
2499 2989 2706 3059 justam
2771 2991 3101 3046 sententiam
3146 2993 3376 3061 proferri
3409 2994 3543 3048 dicit
3587 3010 3602 3048 :

331 3083 572 3156 ἐπείπερ
603 3085 934 3156 κατέμαθεν,
970 3086 1156 3140 οὐκέτι
1197 3086 1494 3157 διορίζεται
1527 3085 1736 3156 ταύτην
1767 3086 1922 3155 ἰσχὺν

2024 3092 2084 3135 ut
2117 3079 2240 3147 ejus
2269 3078 2520 3134 criminis
2550 3078 2868 3150 persecutio
2910 3094 3017 3135 non
3048 3082 3284 3150 amplius
3317 3083 3457 3138 hanc
3488 3084 3600 3139 vim

331 3174 483 3243 ἔχειν
521 3173 647 3247 [είς]
701 3177 771 3230 τά
818 3177 1048 3231 τοιαῦτα
1088 3177 1200 3231 τῶν
1253 3176 1640 3246 ἐγκλημάτων.
1672 3175 1782 3228 Ποῦ
1813 3177 1922 3246 γὰρ

2025 3171 2244 3235 habeat,
2305 3169 2577 3225 decernit.
2637 3168 2926 3235 Quomodo
2972 3170 3120 3226 enim
3158 3171 3371 3242 justum
3413 3183 3518 3234 est.
3545 3181 3608 3228 ut

330 3263 549 3318 δίκαιόν
589 3281 667 3335 τῳ
701 3266 784 3332 ⁸⁸,
832 3266 968 3320 διότι
1013 3265 1387 3337 ἀπημπόλησέ
1426 3282 1481 3318 τι
1525 3265 1554 3317 ὃ
1598 3265 1801 3335 ζημίαν
1844 3267 1923 3338 τῷ

2027 3265 2308 3336 cuiquam,
2345 3266 2473 3335 quia
2525 3264 2790 3335 quiddam
2845 3265 2992 3335 quod
3045 3267 3440 3322 detrimentum
3475 3269 3611 3325 ﬁsco

331 3354 587 3424 δημοσίῳ
610 3356 791 3427 φέρει,
841 3355 1046 3426 ζημίαν
1088 3355 1528 3426 ἀπαραμὺθητον
1555 3356 1655 3425 τὴν
1692 3356 1924 3426 ἀφαίρε-

2026 3357 2240 3419 aderat,
2296 3355 2565 3421 vendidit,
2623 3355 2929 3409 incurabile
2957 3355 3220 3411 damnum
3256 3358 3380 3412 vitaz
3411 3374 3610 3429 nempe

334 3463 422 3500 σιν
489 3447 587 3516 τῆς
637 3446 785 3517 ζωῆς
837 3449 1142 3517 ὑπάρχειν;
1198 3447 1462 3518 Οὐδαμῶς
1522 3445 1615 3500 οὖν
1668 3447 1817 3513 ἀξιον
1864 3447 1924 3501 τὺ

2028 3449 2260 3520 privatio
2329 3445 2638 3501 obveniat?
2683 3444 3041 3515 Nequaquam
3104 3444 3291 3516 itaque
3347 3437 3605 3502 delictum

336 3540 591 3608 πταῖσμα
620 3538 869 3604 κολάζειν
913 3539 1148 3610 θανάτῳ,
1176 3539 1297 3592 οὐδέ
1325 3556 1388 3607 γε
1421 3539 1703 3609 κρίνεσθαι
1751 3540 1924 3614 ταύτῃ

2025 3539 2155 3593 illud
2211 3545 2388 3591 morte
2439 3535 2619 3605 puniri
2681 3534 2909 3605 dignum
2972 3544 3075 3600 est,
3131 3551 3312 3606 neque
3361 3552 3461 3592 nos
3502 3539 3606 3593 hoc

336 3626 734 3697 συγχωροῦμεν
772 3630 937 3698 ἡμεῖς
977 3629 1106 3692 τοὺς
1143 3627 1559 3698 ἁλισκομένους,
1600 3629 1715 3682 ἀλλ’
1759 3630 1818 3693 ὃς
1856 3630 1923 3684 ἂν

2019 3629 2231 3700 judicio
2263 3630 2639 3699 deprehensos
2670 3626 2824 3682 feriri
2855 3626 3114 3683 sinimus.
3171 3628 3480 3697 Quicunque
3506 3646 3605 3682 au-

335 3717 601 3788 δημόσιον
642 3719 686 3750 ⁸⁸
722 3719 1060 3789 ἀπεμπολῶν
1100 3719 1358 3790 φωραθῇ,
1403 3719 1465 3772 τὸ
1520 3719 1923 3790 τετραπλάσιον

2025 3729 2124 3773 tem
2164 3721 2436 3789 publicam
2473 3733 2587 3772 rem
2637 3717 2935 3773 divendere
2986 3717 3364 3788 deprehensus
3420 3718 3605 3785 fuerit,

334 3808 628 3873 ἀποδιδοὺς
674 3809 1007 3881 ἀποχρῶσαν
1054 3809 1226 3881 ἐχέτω
1271 3811 1372 3879 τὴν
1412 3810 1708 3881 τιμωρίαν.

2025 3812 2115 3866 ubi
2144 3810 2514 3881 quadruplum
2573 3808 2897 3878 reddiderit,
2949 3811 3086 3866 satis
3115 3825 3402 3883 poenarum
3441 3814 3608 3868 susti-

2023 3904 2212 3960 nuisse
2235 3909 2476 3973 putator.

869 3993 1190 4047 ΔΙΔΤΑΞΙΣ
1239 3991 1356 4045 ΞΓ.

2472 3987 2941 4046 CONSTITUTIO
2969 3989 3156 4046 LXIII.

335 4081 483 4153 Περὶ
498 4081 610 4151 τῆς
634 4081 946 4148 κολάσεως
972 4082 1097 4154 τοῖς
1126 4069 1423 4154 ἐναντίοις
1443 4079 1562 4134 τῶν
1585 4081 1920 4151 ἀπηγορευ-

2023 4084 2100 4141 De
2122 4101 2274 4154 poena
2325 4085 2545 4138 illorum
2600 4082 2690 4152 qui
2721 4097 2804 4154 res
2857 4082 3043 4154 uetitas
3092 4080 3160 4134 ad
3196 4080 3370 4138 hostes
3427 4092 3607 4138 trans-

687 4155 890 4222 μένων
926 4168 983 4205 τι
1020 4151 1566 4220 διακομισαμένων.
2123 4151 2132 4154 ⁷

1373 4152 1566 4206 ιένων.
2123 4151 2132 4154 ⁷
2613 4151 2620 4152 “
2657 4151 2846 4206 vehunt
2871 4153 2971 4221 (6).

418 4246 485 4300 '0
518 4244 684 4309 αὐτὸς
715 4244 976 4315 βασιλεὺς
1000 4243 1282 4315 Στυλιανῷ
1309 4241 1391 4314 τῷ
1424 4243 1598 4314 αὐτῷ.

1477 4243 1598 4314 Βτῷ.
2093 4247 2238 4304 Idem
2270 4247 2573 4318 imperator
2597 4244 2776 4301 eidem
2808 4243 3075 4315 Styliano.

400 4337 521 4392 Kal.
547 4336 706 4390 τοῦτο
729 4337 831 4407 τῆς
865 4335 1038 4406 αὐτῆς
1083 4334 1145 4388 ὃν
1198 4335 1381 4398 αίτίας
1439 4337 1501 4388 τὸ
1530 4337 1784 4409 ἔγκλημα
1826 4339 1921 4393 καὶ

2092 4335 2235 4402 Quin
2265 4343 2320 4390 et
2361 4335 2465 4388 hoc
2502 4333 2736 4398 crimen,
2795 4348 2919 4389 cum
2948 4350 3014 4390 ex
3055 4334 3249 4390 eodem
3279 4334 3462 4390 fronte
3486 4349 3609 4392 ma-

337 4425 428 4499 ίσῃ
466 4427 594 4500 δίκῃ
621 4428 774 4498 παρὰ
807 4426 920 4481 ¹ἐῶν
943 4426 1049 4495 πρὸ
1074 4426 1231 4497 ἡμῶν
1254 4425 1722 4498 ὐποδεὸλημένον,
1754 4430 1920 4500 ἡμεῖς

2022 4437 2134 4497 net,
2163 4428 2450 4496 eidemque
2477 4440 2654 4496 poma:
2693 4439 2723 4479 a
2754 4427 3136 4497 superioribus
3169 4426 3480 4497 subjectum
3512 4426 3605 4491 sit,

335 4518 684 4590 ἐξαιροῦντες
717 4520 850 4572 αὐτὸ
888 4518 990 4588 τῆς
1017 4517 1365 4589 παραμύθιον
1401 4503 1462 4572 οὐ
1495 4519 1794 4591 δεχομένης
1824 4539 1918 4575 κο-

2027 4519 2317 4576 insanabili
2347 4532 2448 4573 nos
2477 4517 2829 4589 castigationi
2862 4517 3088 4588 (quippe
3122 4532 3245 4587 qua:
3271 4517 3468 4573 mortis
3491 4532 3607 4587 pm-

335 4610 552 4673 λάσεως
581 4611 750 4682 (φημὶ¹
784 4610 850 4683 δὴ
884 4611 988 4681 τῆς
1022 4611 1252 4665 Θάνατον
1297 4611 1345 4643 ⁵⁸
1393 4611 1628 4684 ἐχούσης
1655 4613 1717 4666 τὺ
1745 4614 1920 4669 ἐπιτί-

2028 4628 2152 4668 nam
2183 4611 2487 4676 contineat)
2513 4608 2841 4673 eximentes,
2869 4609 3111 4675 mitiore,
3139 4608 3605 4679 quemadmodum

340 4701 511 4770 μιον),
538 4701 1058 4774 φιλανθρωποτέρας
1092 4702 1284 4775 ὥσπερ
1315 4703 1411 4756 καὶ
1440 4704 1511 4757 τά
1540 4706 1918 4776 προειρημένα

2027 4712 2080 4759 ct
2111 4703 2392 4774 praedicta,
2427 4701 2717 4771 dignamur
2744 4715 2928 4770 poena.
2965 4699 3007 4753 A
3042 4699 3320 4755 veteribus
3350 4698 3431 4768 (7)
3459 4698 3605 4751 enim

337 4792 602 4863 ἀξιοῦμεν
637 4793 812 4863 δίκης.
869 4794 1306 4863 Νενομοθέτηται
1339 4795 1437 4864 μὲν
1463 4797 1571 4865 γὰρ
1610 4799 1722 4858 τοῖς
1752 4797 1920 4851 πάλαι

2025 4802 2294 4849 statutum
2343 4800 2429 4848 est
2459 4807 2528 4847 ne
2560 4791 2627 4846 ad
2671 4792 2858 4847 hostes
2899 4799 3368 4859 transportentur,
3400 4789 3605 4858 quibus

339 4886 473 4953 περὶ
535 4883 632 4937 τοῦ
693 4884 768 4954 μὴ
813 4883 924 4938 δεῖν
985 4883 1123 4954 πρὸς
1178 4886 1306 4948 τοὺς
1358 4885 1650 4955 πολεμίους
1696 4885 1920 4959 διαπορ-

2024 4885 2104 4939 illi
2139 4884 2337 4940 instrui
2375 4883 2756 4952 ﬁrmioresque
2790 4881 2943 4936 reddi
2993 4881 3230 4949 possint,
3260 4894 3326 4932 ac
3360 4877 3604 4933 sanctio-

341 4974 640 5044 θμεύεσθαι
687 4973 722 5028 ἀ
759 4977 1080 5046 συγκροτεῖν
1111 4974 1310 5037 αὐτοὺς
1342 4974 1529 5045 μέλλει
1561 4975 1658 5027 καὶ
1693 4975 1924 5044 βιαιοτέ-

1862 4975 1924 5028 εέ-
2032 4975 2120 5032 nis
2151 4976 2429 5030 decretum
2463 4980 2871 5040 contemptores
2903 4971 2971 5026 de
3001 4969 3183 5026 medio
3214 4969 3460 5026 tollebat.

345 5083 472 5136 ρους
501 5066 806 5131 ἀποτελεῖν,
851 5065 946 5118 καὶ
990 5066 1115 5129 τοὺς
1146 5067 1566 5137 καταφῳνητάς
1597 5065 1689 5118 τοῦ
1725 5065 2092 5138 θεσπίσματος
2120 5067 2300 5138 ψῆφος
2323 5063 2417 5119 τοῦ
2456 5063 2557 5134 ζῇν
2589 5062 2926 5133 ἐξεκόμιζεν.

1611 5182 1851 5238 VARle
1882 5182 2175 5239 LECTION
2184 5183 2283 5237 ES.

421 5273 667 5344 “icodd.
695 5272 838 5344 ὑπὲρ
867 5274 1112 5344 ἐκείνων.
1149 5273 1472 5332 Emendavit
1500 5273 1688 5344 Steph.
1734 5343 1745 5344 ί
1778 5274 1823 5344 ⁸¹ῗ
1842 5272 2014 5330 Codd.
2047 5275 2156 5330 διά.
2191 5271 2380 5343 Steph.
2410 5266 2560 5339 conj.
2585 5266 2674 5323 διὶι
2727 5265 2911 5325 τοῦτο.
2987 5269 3036 5303 ⁸⁸
3061 5268 3253 5326 Zuich.
3286 5279 3339 5326 et
3369 5268 3595 5325 Mecrm.

341 5347 454 5400 τόν.
475 5343 650 5415 Vulgo
686 5344 787 5414 τῷ.
807 5343 861 5376 ³⁸
895 5343 1084 5416 Steph.
1118 5346 1265 5417 conj.
1293 5344 1550 5417 δημόσιόν
1580 5343 1650 5399 τι.
1728 5343 1773 5375 ⁸¹
1804 5343 2039 5417 Scrimg.
2075 5345 2328 5400 θανάτου.

419 5551 492 5620 (3)
523 5553 690 5626 Poma
721 5552 842 5626 ejus
868 5552 962 5623 qui
987 5553 1382 5626 rempublicam
1407 5552 1918 5626 vendiditquadrn-
2091 5553 2170 5624 (6)
2203 5552 2409 5626 Poena”
2441 5566 2532 5626 res
2567 5550 2794 5626 _vc_tita_s
2833 5549 2899 5626 ad
2948 5551 3138 5626 hostes
3182 5544 3600 5626 transvchcntis

349 5617 698 5699 pli_':’_ut_hic,
735 5617 1388 5699 olim'morteZaﬂectus,
1435 5634 1490 5678 et
1510 5624 1586 5679 ita
1615 5617 1919 5695 abrogatur
2021 5617 2162 5699 olim
2192 5622 2446 5699 capitalis
2505 5621 2628 5685 fuit,
2660 5623 2696 5674 Ι.
2744 5621 2798 5681 ι,
2829 5620 2979 5699 ﬂ‘Lad
3014 5620 3052 5672 l.
3111 5617 3232 5699 Jul._
3277 5617 3501 5699 milies};
3556 5619 3597 5698 F-

351 5693 386 5745 I.
411 5692 468 5763 3,
492 5692 606 5763 L74,
628 5691 700 5763 C.
733 5707 856 5763 quae
880 5707 970 5748 res
995 5693 1284 5763 vendi‘non
1310 5708 1457 5761 poss.
1756 5689 1782 5695 ’⁷
2024 5695 2079 5756 1,
2113 5695 2168 5758 2,
2195 5689 2408 5763 C(quae
2457 5708 2545 5749 res
2575 5701 2791 5761 cxport.
2840 5690 2944 5743 alia
2987 5703 3148 5760 poma
3183 5689 3272 5744 hie
3304 5689 3598 5743 constitui-

421 5762 500 5826 (i)
530 5761 784 5824 Arcadio,
814 5761 1123 5819 Honorioet
1150 5761 1360 5818 Thcod.
2025 5774 2132 5818 tur.

423 5829 499 5884 (ὅ)
518 5829 578 5886 ἰ).
614 5832 650 5886 l.
674 5831 729 5888 5.
752 5831 808 5886 d.
832 5832 868 5887 ι.
904 5833 958 5887 4.
2097 5833 2172 5902 (7)
2200 5833 2440 5900 Valente,
2467 5833 2749 5899 Gratiano,
2775 5837 2828 5886 et
2859 5828 3148 5885 Martiano.
