  <div class='ocr_page' id='page_1' title='image "/cluster/home/n/w/nwhite01/storage/ocr_20150623/107/coo.31924054870112/327.png"; bbox 0 0 4048 6450; ppageno 0'>
   <div class='ocr_carea' id='block_1_1' title="bbox 437 381 546 444">
    <p class='ocr_par' dir='ltr' id='par_1_1' title="bbox 437 381 546 444">
     <span class='ocr_line' id='line_1_1' title="bbox 437 381 546 444; baseline -0.018 0"><span class='ocrx_word' id='word_1_1' title='bbox 437 381 546 444; x_wconf 74' lang='lat'><strong>563</strong></span> 
     </span>
    </p>
   </div>
   <div class='ocr_carea' id='block_1_2' title="bbox 429 585 2015 657">
    <p class='ocr_par' dir='ltr' id='par_1_2' title="bbox 429 585 2015 657">
     <span class='ocr_line' id='line_1_2' title="bbox 429 585 2015 657; baseline 0 -17"><span class='ocrx_word' id='word_1_2' title='bbox 429 587 583 654; x_wconf 88' lang='lat' dir='ltr'><strong>(licet</strong></span> <span class='ocrx_word' id='word_1_3' title='bbox 609 585 863 640; x_wconf 84' lang='lat' dir='ltr'><strong>acerbam</strong></span> <span class='ocrx_word' id='word_1_4' title='bbox 907 585 1177 657; x_wconf 77' lang='lat' dir='ltr'><strong>requirat)</strong></span> <span class='ocrx_word' id='word_1_5' title='bbox 1204 587 1578 656; x_wconf 79' lang='lat' dir='ltr'><strong>assignantes,</strong></span> <span class='ocrx_word' id='word_1_6' title='bbox 1643 587 1773 642; x_wconf 81' lang='lat' dir='ltr'><strong>talia</strong></span> <span class='ocrx_word' id='word_1_7' title='bbox 1802 589 2015 641; x_wconf 84' lang='lat' dir='ltr'><strong>consti-</strong></span> 
     </span>
    </p>
   </div>
   <div class='ocr_carea' id='block_1_3' title="bbox 430 676 2014 748">
    <p class='ocr_par' dir='ltr' id='par_1_3' title="bbox 430 676 2014 748">
     <span class='ocr_line' id='line_1_3' title="bbox 430 676 2014 748; baseline 0.002 -18"><span class='ocrx_word' id='word_1_8' title='bbox 430 679 638 732; x_wconf 89' lang='lat' dir='ltr'><strong>tuimus</strong></span> <span class='ocrx_word' id='word_1_9' title='bbox 676 686 776 731; x_wconf 91' lang='lat' dir='ltr'><strong>:ut</strong></span> <span class='ocrx_word' id='word_1_10' title='bbox 805 676 851 731; x_wconf 89' lang='lat' dir='ltr'><strong>si</strong></span> <span class='ocrx_word' id='word_1_11' title='bbox 891 676 1047 732; x_wconf 84' lang='lat' dir='ltr'><strong>navis</strong></span> <span class='ocrx_word' id='word_1_12' title='bbox 1106 677 1366 733; x_wconf 90' lang='lat' dir='ltr'><strong>dominus</strong></span> <span class='ocrx_word' id='word_1_13' title='bbox 1403 679 1497 744; x_wconf 92' lang='lat' dir='ltr'><strong>sit,</strong></span> <span class='ocrx_word' id='word_1_14' title='bbox 1534 678 1628 748; x_wconf 90' lang='lat' dir='ltr'><strong>qui</strong></span> <span class='ocrx_word' id='word_1_15' title='bbox 1674 694 1765 734; x_wconf 89' lang='lat' dir='ltr'><strong>res</strong></span> <span class='ocrx_word' id='word_1_16' title='bbox 1816 680 2014 733; x_wconf 89' lang='lat' dir='ltr'><strong>vetitas</strong></span> 
     </span>
    </p>
   </div>
   <div class='ocr_carea' id='block_1_4' title="bbox 427 768 2014 835">
    <p class='ocr_par' dir='ltr' id='par_1_4' title="bbox 427 768 2014 835">
     <span class='ocr_line' id='line_1_4' title="bbox 427 768 2014 835; baseline 0.001 -12"><span class='ocrx_word' id='word_1_17' title='bbox 427 771 495 823; x_wconf 84' lang='lat' dir='ltr'><strong>ad</strong></span> <span class='ocrx_word' id='word_1_18' title='bbox 535 768 720 824; x_wconf 90' lang='lat' dir='ltr'><strong>bostes</strong></span> <span class='ocrx_word' id='word_1_19' title='bbox 745 770 1065 835; x_wconf 73' lang='lat' dir='ltr'><strong>transvexit,</strong></span> <span class='ocrx_word' id='word_1_20' title='bbox 1091 772 1497 835; x_wconf 81' lang='lat' dir='ltr'><strong>consiliumque</strong></span> <span class='ocrx_word' id='word_1_21' title='bbox 1523 787 1683 827; x_wconf 90' lang='lat' dir='ltr'><strong>suum</strong></span> <span class='ocrx_word' id='word_1_22' title='bbox 1720 785 1848 826; x_wconf 88' lang='lat' dir='ltr'><strong>cum</strong></span> <span class='ocrx_word' id='word_1_23' title='bbox 1874 786 2014 824; x_wconf 89' lang='lat' dir='ltr'><strong>nau-</strong></span> 
     </span>
    </p>
   </div>
   <div class='ocr_carea' id='block_1_5' title="bbox 430 859 2014 931">
    <p class='ocr_par' dir='ltr' id='par_1_5' title="bbox 430 859 2014 931">
     <span class='ocr_line' id='line_1_5' title="bbox 430 859 2014 931; baseline 0.001 -19"><span class='ocrx_word' id='word_1_24' title='bbox 430 859 500 914; x_wconf 93' lang='lat' dir='ltr'><strong>tis</strong></span> <span class='ocrx_word' id='word_1_25' title='bbox 531 874 639 914; x_wconf 92' lang='lat' dir='ltr'><strong>non</strong></span> <span class='ocrx_word' id='word_1_26' title='bbox 675 861 1126 926; x_wconf 90' lang='lat' dir='ltr'><strong>communicarit,</strong></span> <span class='ocrx_word' id='word_1_27' title='bbox 1163 862 1211 916; x_wconf 92' lang='lat' dir='ltr'><strong>is</strong></span> <span class='ocrx_word' id='word_1_28' title='bbox 1244 861 1397 916; x_wconf 87' lang='lat' dir='ltr'><strong>solus</strong></span> <span class='ocrx_word' id='word_1_29' title='bbox 1446 876 1662 931; x_wconf 66' lang='lat' dir='ltr'><strong>poenam</strong></span> <span class='ocrx_word' id='word_1_30' title='bbox 1709 863 1924 924; x_wconf 89' lang='lat' dir='ltr'><strong>subeat,</strong></span> <span class='ocrx_word' id='word_1_31' title='bbox 1959 870 2014 917; x_wconf 88' lang='lat' dir='ltr'><strong>et</strong></span> 
     </span>
    </p>
   </div>
   <div class='ocr_carea' id='block_1_6' title="bbox 427 951 2015 1020">
    <p class='ocr_par' dir='ltr' id='par_1_6' title="bbox 427 951 2015 1020">
     <span class='ocr_line' id='line_1_6' title="bbox 427 951 2015 1020; baseline 0.001 -16"><span class='ocrx_word' id='word_1_32' title='bbox 427 965 590 1017; x_wconf 82' lang='lat' dir='ltr'><strong>supra</strong></span> <span class='ocrx_word' id='word_1_33' title='bbox 620 953 938 1004; x_wconf 88' lang='lat' dir='ltr'><strong>universum</strong></span> <span class='ocrx_word' id='word_1_34' title='bbox 969 951 1125 1006; x_wconf 90' lang='lat' dir='ltr'><strong>navis</strong></span> <span class='ocrx_word' id='word_1_35' title='bbox 1156 966 1316 1015; x_wconf 91' lang='lat' dir='ltr'><strong>onus,</strong></span> <span class='ocrx_word' id='word_1_36' title='bbox 1349 951 1401 1005; x_wconf 92' lang='lat' dir='ltr'><strong>ni</strong></span> <span class='ocrx_word' id='word_1_37' title='bbox 1430 952 1608 1020; x_wconf 80' lang='lat' dir='ltr'><strong>ipsum</strong></span> <span class='ocrx_word' id='word_1_38' title='bbox 1641 952 1824 1020; x_wconf 84' lang='lat' dir='ltr'><strong>inopia</strong></span> <span class='ocrx_word' id='word_1_39' title='bbox 1859 951 2015 1006; x_wconf 80' lang='lat' dir='ltr'><strong>valde</strong></span> 
     </span>
    </p>
   </div>
   <div class='ocr_carea' id='block_1_7' title="bbox 429 1043 2015 1112">
    <p class='ocr_par' dir='ltr' id='par_1_7' title="bbox 429 1043 2015 1112">
     <span class='ocr_line' id='line_1_7' title="bbox 429 1043 2015 1112; baseline 0.003 -18"><span class='ocrx_word' id='word_1_40' title='bbox 429 1049 662 1108; x_wconf 85' lang='lat' dir='ltr'><strong>premat,</strong></span> <span class='ocrx_word' id='word_1_41' title='bbox 699 1044 1039 1112; x_wconf 85' lang='lat' dir='ltr'><strong>reliquorum</strong></span> <span class='ocrx_word' id='word_1_42' title='bbox 1073 1043 1342 1098; x_wconf 91' lang='lat' dir='ltr'><strong>bonorum</strong></span> <span class='ocrx_word' id='word_1_43' title='bbox 1377 1045 1633 1097; x_wconf 88' lang='lat' dir='ltr'><strong>trientem</strong></span> <span class='ocrx_word' id='word_1_44' title='bbox 1673 1044 1839 1097; x_wconf 87' lang='lat' dir='ltr'><strong>etiam</strong></span> <span class='ocrx_word' id='word_1_45' title='bbox 1881 1044 2015 1098; x_wconf 88' lang='lat' dir='ltr'><strong>lisco</strong></span> 
     </span>
    </p>
   </div>
   <div class='ocr_carea' id='block_1_8' title="bbox 430 1132 2016 1204">
    <p class='ocr_par' dir='ltr' id='par_1_8' title="bbox 430 1132 2016 1204">
     <span class='ocr_line' id='line_1_8' title="bbox 430 1132 2016 1204; baseline 0.003 -20"><span class='ocrx_word' id='word_1_46' title='bbox 430 1132 724 1204; x_wconf 68' lang='lat' dir='ltr'><strong>dependat.</strong></span> <span class='ocrx_word' id='word_1_47' title='bbox 775 1134 834 1189; x_wconf 86' lang='lat' dir='ltr'><strong>Si</strong></span> <span class='ocrx_word' id='word_1_48' title='bbox 879 1149 1010 1189; x_wconf 90' lang='lat' dir='ltr'><strong>vero</strong></span> <span class='ocrx_word' id='word_1_49' title='bbox 1037 1134 1140 1190; x_wconf 90' lang='lat' dir='ltr'><strong>soli</strong></span> <span class='ocrx_word' id='word_1_50' title='bbox 1173 1143 1354 1189; x_wconf 74' lang='lat' dir='ltr'><strong>nauta:</strong></span> <span class='ocrx_word' id='word_1_51' title='bbox 1401 1137 1482 1196; x_wconf 86' lang='lat' dir='ltr'><strong>(ut</strong></span> <span class='ocrx_word' id='word_1_52' title='bbox 1513 1135 1681 1189; x_wconf 89' lang='lat' dir='ltr'><strong>multa</strong></span> <span class='ocrx_word' id='word_1_53' title='bbox 1741 1135 1847 1190; x_wconf 91' lang='lat' dir='ltr'><strong>illis</strong></span> <span class='ocrx_word' id='word_1_54' title='bbox 1910 1149 2016 1188; x_wconf 85' lang='lat' dir='ltr'><strong>ma-</strong></span> 
     </span>
    </p>
   </div>
   <div class='ocr_carea' id='block_1_9' title="bbox 429 1221 2013 1294">
    <p class='ocr_par' dir='ltr' id='par_1_9' title="bbox 429 1221 2013 1294">
     <span class='ocr_line' id='line_1_9' title="bbox 429 1221 2013 1294; baseline -0.001 -18"><span class='ocrx_word' id='word_1_55' title='bbox 429 1222 672 1277; x_wconf 85' lang='lat' dir='ltr'><strong>litiosum</strong></span> <span class='ocrx_word' id='word_1_56' title='bbox 713 1239 876 1279; x_wconf 92' lang='lat' dir='ltr'><strong>suum</strong></span> <span class='ocrx_word' id='word_1_57' title='bbox 929 1224 1172 1278; x_wconf 90' lang='lat' dir='ltr'><strong>animum</strong></span> <span class='ocrx_word' id='word_1_58' title='bbox 1213 1223 1519 1278; x_wconf 84' lang='lat' dir='ltr'><strong>celantibus</strong></span> <span class='ocrx_word' id='word_1_59' title='bbox 1585 1221 1930 1294; x_wconf 77' lang='lat' dir='ltr'><strong>contingunt)</strong></span> <span class='ocrx_word' id='word_1_60' title='bbox 1962 1221 2013 1275; x_wconf 93' lang='lat' dir='ltr'><strong>id</strong></span> 
     </span>
    </p>
   </div>
   <div class='ocr_carea' id='block_1_10' title="bbox 433 1313 2014 1384">
    <p class='ocr_par' dir='ltr' id='par_1_10' title="bbox 433 1313 2014 1384">
     <span class='ocr_line' id='line_1_10' title="bbox 433 1313 2014 1384; baseline -0.001 -18"><span class='ocrx_word' id='word_1_61' title='bbox 433 1313 646 1369; x_wconf 80' lang='lat' dir='ltr'><strong>facinus</strong></span> <span class='ocrx_word' id='word_1_62' title='bbox 673 1315 792 1371; x_wconf 84' lang='lat' dir='ltr'><strong>ausi</strong></span> <span class='ocrx_word' id='word_1_63' title='bbox 824 1314 958 1380; x_wconf 89' lang='lat' dir='ltr'><strong>sint,</strong></span> <span class='ocrx_word' id='word_1_64' title='bbox 1001 1314 1094 1369; x_wconf 89' lang='lat' dir='ltr'><strong>ille</strong></span> <span class='ocrx_word' id='word_1_65' title='bbox 1121 1313 1344 1384; x_wconf 87' lang='lat' dir='ltr'><strong>quidem</strong></span> <span class='ocrx_word' id='word_1_66' title='bbox 1394 1329 1622 1384; x_wconf 87' lang='lat' dir='ltr'><strong>prorsus</strong></span> <span class='ocrx_word' id='word_1_67' title='bbox 1675 1313 1812 1367; x_wconf 91' lang='lat' dir='ltr'><strong>liber</strong></span> <span class='ocrx_word' id='word_1_68' title='bbox 1869 1319 2014 1374; x_wconf 85' lang='lat' dir='ltr'><strong>esto,</strong></span> 
     </span>
    </p>
   </div>
   <div class='ocr_carea' id='block_1_11' title="bbox 433 1402 2017 1476">
    <p class='ocr_par' dir='ltr' id='par_1_11' title="bbox 433 1402 2017 1476">
     <span class='ocr_line' id='line_1_11' title="bbox 433 1402 2017 1476; baseline -0.003 -18"><span class='ocrx_word' id='word_1_69' title='bbox 433 1405 486 1458; x_wconf 84' lang='lat' dir='ltr'><strong>lti</strong></span> <span class='ocrx_word' id='word_1_70' title='bbox 519 1421 648 1459; x_wconf 77' lang='lat' dir='ltr'><strong>vero</strong></span> <span class='ocrx_word' id='word_1_71' title='bbox 681 1419 898 1476; x_wconf 64' lang='lat' dir='ltr'><strong>poenam</strong></span> <span class='ocrx_word' id='word_1_72' title='bbox 947 1421 1056 1460; x_wconf 89' lang='lat' dir='ltr'><strong>non</strong></span> <span class='ocrx_word' id='word_1_73' title='bbox 1118 1404 1424 1476; x_wconf 73' lang='lat' dir='ltr'><strong>elfugiuttto</strong></span> <span class='ocrx_word' id='word_1_74' title='bbox 1453 1423 1465 1459; x_wconf 91' lang='lat'><strong>:</strong></span> <span class='ocrx_word' id='word_1_75' title='bbox 1500 1419 1563 1460; x_wconf 88' lang='lat' dir='ltr'><strong>ac</strong></span> <span class='ocrx_word' id='word_1_76' title='bbox 1601 1404 1840 1472; x_wconf 85' lang='lat' dir='ltr'><strong>primum</strong></span> <span class='ocrx_word' id='word_1_77' title='bbox 1893 1402 2017 1471; x_wconf 84' lang='lat' dir='ltr'><strong>qui-</strong></span> 
     </span>
    </p>
   </div>
   <div class='ocr_carea' id='block_1_12' title="bbox 431 1491 2014 1565">
    <p class='ocr_par' dir='ltr' id='par_1_12' title="bbox 431 1491 2014 1565">
     <span class='ocr_line' id='line_1_12' title="bbox 431 1491 2014 1565; baseline -0.001 -20"><span class='ocrx_word' id='word_1_78' title='bbox 431 1495 554 1549; x_wconf 82' lang='lat' dir='ltr'><strong>dem</strong></span> <span class='ocrx_word' id='word_1_79' title='bbox 600 1494 786 1565; x_wconf 81' lang='lat' dir='ltr'><strong>ﬂagris</strong></span> <span class='ocrx_word' id='word_1_80' title='bbox 834 1493 1142 1558; x_wconf 64' lang='lat' dir='ltr'><strong>creduntor,</strong></span> <span class='ocrx_word' id='word_1_81' title='bbox 1173 1506 1406 1564; x_wconf 88' lang='lat' dir='ltr'><strong>cuteque</strong></span> <span class='ocrx_word' id='word_1_82' title='bbox 1463 1503 1625 1549; x_wconf 87' lang='lat' dir='ltr'><strong>tenus</strong></span> <span class='ocrx_word' id='word_1_83' title='bbox 1686 1491 2014 1548; x_wconf 81' lang='lat' dir='ltr'><strong>tondentur:</strong></span> 
     </span>
    </p>
   </div>
   <div class='ocr_carea' id='block_1_13' title="bbox 432 1584 2016 1654">
    <p class='ocr_par' dir='ltr' id='par_1_13' title="bbox 432 1584 2016 1654">
     <span class='ocr_line' id='line_1_13' title="bbox 432 1584 2016 1654; baseline -0.001 -17"><span class='ocrx_word' id='word_1_84' title='bbox 432 1585 629 1638; x_wconf 89' lang='lat' dir='ltr'><strong>deinde</strong></span> <span class='ocrx_word' id='word_1_85' title='bbox 659 1599 810 1648; x_wconf 84' lang='lat' dir='ltr'><strong>vero,</strong></span> <span class='ocrx_word' id='word_1_86' title='bbox 851 1585 896 1641; x_wconf 93' lang='lat' dir='ltr'><strong>si</strong></span> <span class='ocrx_word' id='word_1_87' title='bbox 920 1584 1120 1640; x_wconf 86' lang='lat' dir='ltr'><strong>divites</strong></span> <span class='ocrx_word' id='word_1_88' title='bbox 1172 1586 1307 1648; x_wconf 89' lang='lat' dir='ltr'><strong>sint,</strong></span> <span class='ocrx_word' id='word_1_89' title='bbox 1357 1600 1548 1640; x_wconf 93' lang='lat' dir='ltr'><strong>eorum</strong></span> <span class='ocrx_word' id='word_1_90' title='bbox 1605 1599 1728 1654; x_wconf 74' lang='lat' dir='ltr'><strong>qua:</strong></span> <span class='ocrx_word' id='word_1_91' title='bbox 1756 1593 2016 1653; x_wconf 73' lang='lat' dir='ltr'><strong>exporta-</strong></span> 
     </span>
    </p>
   </div>
   <div class='ocr_carea' id='block_1_14' title="bbox 434 1675 2017 1747">
    <p class='ocr_par' dir='ltr' id='par_1_14' title="bbox 434 1675 2017 1747">
     <span class='ocr_line' id='line_1_14' title="bbox 434 1675 2017 1747; baseline -0.001 -17"><span class='ocrx_word' id='word_1_92' title='bbox 434 1686 585 1744; x_wconf 91' lang='lat' dir='ltr'><strong>runt,</strong></span> <span class='ocrx_word' id='word_1_93' title='bbox 612 1675 918 1746; x_wconf 85' lang='lat' dir='ltr'><strong>quadruplo</strong></span> <span class='ocrx_word' id='word_1_94' title='bbox 952 1677 1255 1732; x_wconf 87' lang='lat' dir='ltr'><strong>multantor</strong></span> <span class='ocrx_word' id='word_1_95' title='bbox 1281 1695 1294 1732; x_wconf 90' lang='lat'><strong>:</strong></span> <span class='ocrx_word' id='word_1_96' title='bbox 1321 1678 1366 1733; x_wconf 89' lang='lat' dir='ltr'><strong>si</strong></span> <span class='ocrx_word' id='word_1_97' title='bbox 1403 1678 1594 1747; x_wconf 88' lang='lat' dir='ltr'><strong>inopes</strong></span> <span class='ocrx_word' id='word_1_98' title='bbox 1633 1685 1688 1733; x_wconf 90' lang='lat' dir='ltr'><strong>et</strong></span> <span class='ocrx_word' id='word_1_99' title='bbox 1725 1690 2017 1745; x_wconf 86' lang='lat' dir='ltr'><strong>pauperes,</strong></span> 
     </span>
    </p>
   </div>
   <div class='ocr_carea' id='block_1_15' title="bbox 1675 380 2473 443">
    <p class='ocr_par' dir='ltr' id='par_1_15' title="bbox 1675 380 2473 443">
     <span class='ocr_line' id='line_1_15' title="bbox 1675 380 2473 443; baseline 0 0"><span class='ocrx_word' id='word_1_100' title='bbox 1675 380 1863 443; x_wconf 75' lang='lat' dir='ltr'><strong>LEON</strong></span> <span class='ocrx_word' id='word_1_101' title='bbox 1879 382 1948 442; x_wconf 87' lang='lat' dir='ltr'><strong>IS</strong></span> <span class='ocrx_word' id='word_1_102' title='bbox 2005 381 2137 442; x_wconf 86' lang='grc' dir='ltr'><strong>ΡΙΙΙ</strong></span> <span class='ocrx_word' id='word_1_103' title='bbox 2150 382 2473 443; x_wconf 82' lang='lat' dir='ltr'><strong>LOSOPHI</strong></span> 
     </span>
    </p>
   </div>
   <div class='ocr_carea' id='block_1_16' title="bbox 503 492 2088 566">
    <p class='ocr_par' dir='ltr' id='par_1_16' title="bbox 503 492 2088 566">
     <span class='ocr_line' id='line_1_16' title="bbox 503 492 2088 566; baseline -0.001 -16"><span class='ocrx_word' id='word_1_104' title='bbox 503 496 613 551; x_wconf 79' lang='lat' dir='ltr'><strong>Nos</strong></span> <span class='ocrx_word' id='word_1_105' title='bbox 637 510 767 551; x_wconf 88' lang='lat' dir='ltr'><strong>vero</strong></span> <span class='ocrx_word' id='word_1_106' title='bbox 797 492 887 550; x_wconf 91' lang='lat' dir='ltr'><strong>isti</strong></span> <span class='ocrx_word' id='word_1_107' title='bbox 915 507 1134 565; x_wconf 87' lang='lat' dir='ltr'><strong>quoque</strong></span> <span class='ocrx_word' id='word_1_108' title='bbox 1181 492 1405 550; x_wconf 86' lang='lat' dir='ltr'><strong>crimini</strong></span> <span class='ocrx_word' id='word_1_109' title='bbox 1457 494 1734 550; x_wconf 79' lang='lat' dir='ltr'><strong>mitiorem</strong></span> <span class='ocrx_word' id='word_1_110' title='bbox 1793 511 2010 566; x_wconf 64' lang='lat' dir='ltr'><strong>poenam</strong></span> <span class='ocrx_word' id='word_1_111' title='bbox 2043 504 2088 558; x_wconf 80' lang='grc' dir='ltr'>Α</span> 
     </span>
    </p>
   </div>
   <div class='ocr_carea' id='block_1_17' title="bbox 2211 493 3706 567">
    <p class='ocr_par' dir='ltr' id='par_1_17' title="bbox 2211 493 3706 567">
     <span class='ocr_line' id='line_1_17' title="bbox 2211 493 3706 567; baseline 0.001 -18"><span class='ocrx_word' id='word_1_112' title='bbox 2211 495 2407 565; x_wconf 79' lang='grc' dir='ltr'>Ἡμεῖς</span> <span class='ocrx_word' id='word_1_113' title='bbox 2434 495 2491 548; x_wconf 84' lang='grc' dir='ltr'><strong>δέ</strong></span> <span class='ocrx_word' id='word_1_114' title='bbox 2524 494 2621 548; x_wconf 74' lang='grc' dir='ltr'><strong>καὶ</strong></span> <span class='ocrx_word' id='word_1_115' title='bbox 2647 493 2826 560; x_wconf 82' lang='grc' dir='ltr'>τοῦτο,</span> <span class='ocrx_word' id='word_1_116' title='bbox 2853 493 2902 548; x_wconf 83' lang='grc' dir='ltr'><strong>εί</strong></span> <span class='ocrx_word' id='word_1_117' title='bbox 2941 493 3037 549; x_wconf 69' lang='grc' dir='ltr'>καὶ</span> <span class='ocrx_word' id='word_1_118' title='bbox 3068 495 3320 566; x_wconf 79' lang='grc' dir='ltr'><strong>δριμεῖαν</strong></span> <span class='ocrx_word' id='word_1_119' title='bbox 3354 497 3578 550; x_wconf 86' lang='grc' dir='ltr'>ἀπαιτεῖ</span> <span class='ocrx_word' id='word_1_120' title='bbox 3609 498 3706 567; x_wconf 73' lang='grc' dir='ltr'><strong>τὴν</strong></span> 
     </span>
    </p>
   </div>
   <div class='ocr_carea' id='block_1_18' title="bbox 2115 584 3704 657">
    <p class='ocr_par' dir='ltr' id='par_1_18' title="bbox 2115 584 3704 657">
     <span class='ocr_line' id='line_1_18' title="bbox 2115 584 3704 657; baseline 0.003 -19"><span class='ocrx_word' id='word_1_121' title='bbox 2115 585 2330 655; x_wconf 80' lang='grc' dir='ltr'>ποινὴν,</span> <span class='ocrx_word' id='word_1_122' title='bbox 2363 587 2511 655; x_wconf 84' lang='grc' dir='ltr'>ὅμως</span> <span class='ocrx_word' id='word_1_123' title='bbox 2541 584 3027 657; x_wconf 73' lang='grc' dir='ltr'>φιλανθρωπότερα</span> <span class='ocrx_word' id='word_1_124' title='bbox 3063 586 3298 651; x_wconf 83' lang='grc' dir='ltr'>διδόντες</span> <span class='ocrx_word' id='word_1_125' title='bbox 3349 589 3575 643; x_wconf 78' lang='grc' dir='ltr'>τοιαῦτα</span> <span class='ocrx_word' id='word_1_126' title='bbox 3625 590 3704 642; x_wconf 78' lang='grc' dir='ltr'>δι·</span> 
     </span>
    </p>
   </div>
   <div class='ocr_carea' id='block_1_19' title="bbox 2115 675 3708 746">
    <p class='ocr_par' dir='ltr' id='par_1_19' title="bbox 2115 675 3708 746">
     <span class='ocr_line' id='line_1_19' title="bbox 2115 675 3708 746; baseline 0.003 -19"><span class='ocrx_word' id='word_1_127' title='bbox 2115 675 2434 743; x_wconf 73' lang='grc' dir='ltr'>οριζόμεθαο</span> <span class='ocrx_word' id='word_1_128' title='bbox 2468 675 2518 726; x_wconf 90' lang='grc' dir='ltr'><strong>εί</strong></span> <span class='ocrx_word' id='word_1_129' title='bbox 2549 675 2648 744; x_wconf 83' lang='grc' dir='ltr'><strong>μὲν</strong></span> <span class='ocrx_word' id='word_1_130' title='bbox 2679 675 2768 746; x_wconf 82' lang='grc' dir='ltr'>εἴη</span> <span class='ocrx_word' id='word_1_131' title='bbox 2793 676 2984 746; x_wconf 85' lang='grc' dir='ltr'>κύριος</span> <span class='ocrx_word' id='word_1_132' title='bbox 3017 677 3114 746; x_wconf 82' lang='grc' dir='ltr'>τῆς</span> <span class='ocrx_word' id='word_1_133' title='bbox 3147 677 3282 742; x_wconf 86' lang='grc' dir='ltr'>νεὼς</span> <span class='ocrx_word' id='word_1_134' title='bbox 3305 679 3334 731; x_wconf 86' lang='grc' dir='ltr'><strong>ὁ</strong></span> <span class='ocrx_word' id='word_1_135' title='bbox 3363 678 3470 731; x_wconf 87' lang='grc' dir='ltr'><strong>τῶν</strong></span> <span class='ocrx_word' id='word_1_136' title='bbox 3495 681 3708 746; x_wconf 82' lang='grc' dir='ltr'>ἀπηγο-</span> 
     </span>
    </p>
   </div>
   <div class='ocr_carea' id='block_1_20' title="bbox 2117 764 3707 838">
    <p class='ocr_par' dir='ltr' id='par_1_20' title="bbox 2117 764 3707 838">
     <span class='ocr_line' id='line_1_20' title="bbox 2117 764 3707 838; baseline 0.003 -22"><span class='ocrx_word' id='word_1_137' title='bbox 2117 765 2400 835; x_wconf 81' lang='grc' dir='ltr'>ρευμένων</span> <span class='ocrx_word' id='word_1_138' title='bbox 2430 764 2848 835; x_wconf 77' lang='grc' dir='ltr'><strong>διακομίζεσθαι</strong></span> <span class='ocrx_word' id='word_1_139' title='bbox 2889 768 3001 830; x_wconf 85' lang='grc' dir='ltr'>τοῖς</span> <span class='ocrx_word' id='word_1_140' title='bbox 3028 767 3290 829; x_wconf 76' lang='grc' dir='ltr'><strong>ἐναντίοις</strong></span> <span class='ocrx_word' id='word_1_141' title='bbox 3323 767 3423 838; x_wconf 77' lang='grc' dir='ltr'>τὴν</span> <span class='ocrx_word' id='word_1_142' title='bbox 3466 769 3707 835; x_wconf 62' lang='grc' dir='ltr'>εἰσάγω-</span> 
     </span>
    </p>
   </div>
   <div class='ocr_carea' id='block_1_21' title="bbox 2114 856 3705 929">
    <p class='ocr_par' dir='ltr' id='par_1_21' title="bbox 2114 856 3705 929">
     <span class='ocr_line' id='line_1_21' title="bbox 2114 856 3705 929; baseline 0.003 -21"><span class='ocrx_word' id='word_1_143' title='bbox 2114 856 2218 926; x_wconf 84' lang='grc' dir='ltr'>γὴν</span> <span class='ocrx_word' id='word_1_144' title='bbox 2255 857 2649 928; x_wconf 85' lang='grc' dir='ltr'>ποιησάμενος,</span> <span class='ocrx_word' id='word_1_145' title='bbox 2707 857 2933 928; x_wconf 85' lang='grc' dir='ltr'><strong>γνώμης</strong></span> <span class='ocrx_word' id='word_1_146' title='bbox 2983 859 3059 928; x_wconf 82' lang='grc' dir='ltr'>μὴ</span> <span class='ocrx_word' id='word_1_147' title='bbox 3116 859 3164 891; x_wconf 79' lang='grc'><em>³³</em></span> <span class='ocrx_word' id='word_1_148' title='bbox 3221 861 3563 929; x_wconf 81' lang='grc' dir='ltr'><strong>κοινωνήσας</strong></span> <span class='ocrx_word' id='word_1_149' title='bbox 3593 863 3705 924; x_wconf 86' lang='grc' dir='ltr'>τοῖς</span> 
     </span>
    </p>
   </div>
   <div class='ocr_carea' id='block_1_22' title="bbox 2117 949 3706 1020">
    <p class='ocr_par' dir='ltr' id='par_1_22' title="bbox 2117 949 3706 1020">
     <span class='ocr_line' id='line_1_22' title="bbox 2117 949 3706 1020; baseline 0.002 -18"><span class='ocrx_word' id='word_1_150' title='bbox 2117 949 2364 1014; x_wconf 81' lang='grc' dir='ltr'>ναύταις,</span> <span class='ocrx_word' id='word_1_151' title='bbox 2414 949 2578 1018; x_wconf 86' lang='grc' dir='ltr'>μόνος</span> <span class='ocrx_word' id='word_1_152' title='bbox 2633 950 2952 1018; x_wconf 84' lang='grc' dir='ltr'>ὑφιστάσθω</span> <span class='ocrx_word' id='word_1_153' title='bbox 2997 951 3098 1020; x_wconf 78' lang='grc' dir='ltr'>τὴν</span> <span class='ocrx_word' id='word_1_154' title='bbox 3153 952 3349 1020; x_wconf 82' lang='grc' dir='ltr'>ποινὴν</span> <span class='ocrx_word' id='word_1_155' title='bbox 3410 953 3506 1005; x_wconf 71' lang='grc' dir='ltr'>καὶ</span> <span class='ocrx_word' id='word_1_156' title='bbox 3545 952 3624 1006; x_wconf 77' lang='grc' dir='ltr'><strong>ἐτι</strong></span> <span class='ocrx_word' id='word_1_157' title='bbox 3660 955 3706 984; x_wconf 61' lang='grc'>⁸⁸</span> 
     </span>
    </p>
   </div>
   <div class='ocr_carea' id='block_1_23' title="bbox 2116 1039 3707 1112">
    <p class='ocr_par' dir='ltr' id='par_1_23' title="bbox 2116 1039 3707 1112">
     <span class='ocr_line' id='line_1_23' title="bbox 2116 1039 3707 1112; baseline 0.003 -20"><span class='ocrx_word' id='word_1_158' title='bbox 2116 1039 2318 1104; x_wconf 78' lang='grc' dir='ltr'>παντὸς</span> <span class='ocrx_word' id='word_1_159' title='bbox 2358 1040 2454 1094; x_wconf 82' lang='grc' dir='ltr'>τοῦ</span> <span class='ocrx_word' id='word_1_160' title='bbox 2509 1041 2712 1110; x_wconf 83' lang='grc' dir='ltr'>φόρτου</span> <span class='ocrx_word' id='word_1_161' title='bbox 2742 1082 2757 1103; x_wconf 91' lang='grc'><strong>,</strong></span> <span class='ocrx_word' id='word_1_162' title='bbox 2801 1041 2896 1094; x_wconf 75' lang='grc' dir='ltr'><strong>καὶ</strong></span> <span class='ocrx_word' id='word_1_163' title='bbox 2953 1042 3007 1094; x_wconf 81' lang='grc' dir='ltr'><strong>εί</strong></span> <span class='ocrx_word' id='word_1_164' title='bbox 3044 1058 3108 1110; x_wconf 90' lang='grc' dir='ltr'><strong>γε</strong></span> <span class='ocrx_word' id='word_1_165' title='bbox 3170 1042 3246 1112; x_wconf 75' lang='grc' dir='ltr'>μὴ</span> <span class='ocrx_word' id='word_1_166' title='bbox 3297 1043 3442 1097; x_wconf 83' lang='grc' dir='ltr'>πάνυ</span> <span class='ocrx_word' id='word_1_167' title='bbox 3497 1045 3707 1112; x_wconf 82' lang='grc' dir='ltr'>ἀπορία</span> 
     </span>
    </p>
   </div>
   <div class='ocr_carea' id='block_1_24' title="bbox 2116 1131 3706 1204">
    <p class='ocr_par' dir='ltr' id='par_1_24' title="bbox 2116 1131 3706 1204">
     <span class='ocr_line' id='line_1_24' title="bbox 2116 1131 3706 1204; baseline 0.003 -20"><span class='ocrx_word' id='word_1_168' title='bbox 2116 1131 2315 1198; x_wconf 82' lang='grc' dir='ltr'>πιέζοι,</span> <span class='ocrx_word' id='word_1_169' title='bbox 2357 1132 2450 1185; x_wconf 77' lang='grc' dir='ltr'>καὶ</span> <span class='ocrx_word' id='word_1_170' title='bbox 2475 1132 2665 1202; x_wconf 80' lang='grc' dir='ltr'><strong>τρίτην</strong></span> <span class='ocrx_word' id='word_1_171' title='bbox 2700 1133 2798 1202; x_wconf 83' lang='grc' dir='ltr'><strong>τῆς</strong></span> <span class='ocrx_word' id='word_1_172' title='bbox 2827 1133 2991 1204; x_wconf 82' lang='grc' dir='ltr'><strong>ἄλλης</strong></span> <span class='ocrx_word' id='word_1_173' title='bbox 3051 1134 3372 1203; x_wconf 77' lang='grc' dir='ltr'>περιουσίας</span> <span class='ocrx_word' id='word_1_174' title='bbox 3400 1134 3478 1204; x_wconf 82' lang='grc' dir='ltr'><strong>τῷ</strong></span> <span class='ocrx_word' id='word_1_175' title='bbox 3527 1135 3706 1204; x_wconf 87' lang='grc' dir='ltr'>δημο-</span> 
     </span>
    </p>
   </div>
   <div class='ocr_carea' id='block_1_25' title="bbox 2121 1223 3707 1297">
    <p class='ocr_par' dir='ltr' id='par_1_25' title="bbox 2121 1223 3707 1297">
     <span class='ocr_line' id='line_1_25' title="bbox 2121 1223 3707 1297; baseline 0.004 -23"><span class='ocrx_word' id='word_1_176' title='bbox 2121 1223 2221 1292; x_wconf 84' lang='grc' dir='ltr'>σίῳ</span> <span class='ocrx_word' id='word_1_177' title='bbox 2251 1223 2639 1277; x_wconf 82' lang='grc' dir='ltr'>καταϐαλλέτω</span> <span class='ocrx_word' id='word_1_178' title='bbox 2679 1227 2894 1295; x_wconf 85' lang='grc' dir='ltr'>μοῖραν.</span> <span class='ocrx_word' id='word_1_179' title='bbox 2947 1227 3009 1279; x_wconf 86' lang='grc' dir='ltr'><strong>Εἰ</strong></span> <span class='ocrx_word' id='word_1_180' title='bbox 3055 1225 3115 1280; x_wconf 84' lang='grc' dir='ltr'>δὲ</span> <span class='ocrx_word' id='word_1_181' title='bbox 3155 1228 3294 1297; x_wconf 80' lang='grc' dir='ltr'>πρὸς</span> <span class='ocrx_word' id='word_1_182' title='bbox 3342 1227 3472 1290; x_wconf 81' lang='grc' dir='ltr'>τοὺς</span> <span class='ocrx_word' id='word_1_183' title='bbox 3502 1227 3707 1290; x_wconf 83' lang='grc' dir='ltr'>ναύτας</span> 
     </span>
    </p>
   </div>
   <div class='ocr_carea' id='block_1_26' title="bbox 2118 1310 3706 1388">
    <p class='ocr_par' dir='ltr' id='par_1_26' title="bbox 2118 1310 3706 1388">
     <span class='ocr_line' id='line_1_26' title="bbox 2118 1310 3706 1388; baseline 0.003 -21"><span class='ocrx_word' id='word_1_184' title='bbox 2118 1314 2179 1367; x_wconf 80' lang='grc' dir='ltr'><strong>τὸ</strong></span> <span class='ocrx_word' id='word_1_185' title='bbox 2201 1314 2471 1385; x_wconf 81' lang='grc' dir='ltr'>τολμηθὲν</span> <span class='ocrx_word' id='word_1_186' title='bbox 2493 1316 2676 1387; x_wconf 84' lang='grc' dir='ltr'>ἀφορᾷ</span> <span class='ocrx_word' id='word_1_187' title='bbox 2712 1310 2822 1386; x_wconf 73' lang='grc' dir='ltr'>(οἷα</span> <span class='ocrx_word' id='word_1_188' title='bbox 2864 1313 3037 1370; x_wconf 87' lang='grc' dir='ltr'>πολλὰ</span> <span class='ocrx_word' id='word_1_189' title='bbox 3069 1317 3361 1387; x_wconf 89' lang='grc' dir='ltr'>συμϐαίνει</span> <span class='ocrx_word' id='word_1_190' title='bbox 3406 1319 3506 1388; x_wconf 83' lang='grc' dir='ltr'>τὴν</span> <span class='ocrx_word' id='word_1_191' title='bbox 3534 1335 3706 1388; x_wconf 86' lang='grc' dir='ltr'>πονη-</span> 
     </span>
    </p>
   </div>
   <div class='ocr_carea' id='block_1_27' title="bbox 2121 1407 3704 1480">
    <p class='ocr_par' dir='ltr' id='par_1_27' title="bbox 2121 1407 3704 1480">
     <span class='ocr_line' id='line_1_27' title="bbox 2121 1407 3704 1480; baseline 0.005 -22"><span class='ocrx_word' id='word_1_192' title='bbox 2121 1407 2246 1478; x_wconf 88' lang='grc' dir='ltr'>ρίαν</span> <span class='ocrx_word' id='word_1_193' title='bbox 2274 1407 2793 1478; x_wconf 74' lang='grc' dir='ltr'>ἁποκρυψαμένων),</span> <span class='ocrx_word' id='word_1_194' title='bbox 2827 1410 2856 1461; x_wconf 86' lang='grc' dir='ltr'>ὁ</span> <span class='ocrx_word' id='word_1_195' title='bbox 2903 1409 3001 1479; x_wconf 84' lang='grc' dir='ltr'>μὲν</span> <span class='ocrx_word' id='word_1_196' title='bbox 3033 1409 3274 1479; x_wconf 87' lang='grc' dir='ltr'>ἀμείνων</span> <span class='ocrx_word' id='word_1_197' title='bbox 3306 1409 3447 1463; x_wconf 78' lang='grc' dir='ltr'>ἔστω</span> <span class='ocrx_word' id='word_1_198' title='bbox 3485 1412 3704 1480; x_wconf 81' lang='grc' dir='ltr'>ποινῆς,</span> 
     </span>
    </p>
   </div>
   <div class='ocr_carea' id='block_1_28' title="bbox 2117 1497 3707 1572">
    <p class='ocr_par' dir='ltr' id='par_1_28' title="bbox 2117 1497 3707 1572">
     <span class='ocr_line' id='line_1_28' title="bbox 2117 1497 3707 1572; baseline 0.003 -22"><span class='ocrx_word' id='word_1_199' title='bbox 2117 1499 2168 1551; x_wconf 80' lang='grc' dir='ltr'>οἱ</span> <span class='ocrx_word' id='word_1_200' title='bbox 2212 1497 2268 1551; x_wconf 87' lang='grc' dir='ltr'><strong>δέ</strong></span> <span class='ocrx_word' id='word_1_201' title='bbox 2304 1498 2404 1569; x_wconf 82' lang='grc' dir='ltr'><strong>τὴν</strong></span> <span class='ocrx_word' id='word_1_202' title='bbox 2431 1499 2587 1568; x_wconf 88' lang='grc' dir='ltr'>δίκην</span> <span class='ocrx_word' id='word_1_203' title='bbox 2615 1501 2676 1552; x_wconf 82' lang='grc' dir='ltr'><strong>ού</strong></span> <span class='ocrx_word' id='word_1_204' title='bbox 2707 1501 3056 1556; x_wconf 82' lang='grc' dir='ltr'>διαλύσουσιν</span> <span class='ocrx_word' id='word_1_205' title='bbox 3077 1503 3144 1564; x_wconf 84' lang='grc'><strong>⁸⁸.</strong></span> <span class='ocrx_word' id='word_1_206' title='bbox 3187 1502 3326 1556; x_wconf 87' lang='grc' dir='ltr'><strong>ἀλλὰ</strong></span> <span class='ocrx_word' id='word_1_207' title='bbox 3354 1502 3572 1572; x_wconf 86' lang='grc' dir='ltr'>πρῶτον</span> <span class='ocrx_word' id='word_1_208' title='bbox 3605 1503 3707 1572; x_wconf 84' lang='grc' dir='ltr'><strong>μὲν</strong></span> 
     </span>
    </p>
   </div>
   <div class='ocr_carea' id='block_1_29' title="bbox 2117 1587 3708 1662">
    <p class='ocr_par' dir='ltr' id='par_1_29' title="bbox 2117 1587 3708 1662">
     <span class='ocr_line' id='line_1_29' title="bbox 2117 1587 3708 1662; baseline 0.003 -22"><span class='ocrx_word' id='word_1_209' title='bbox 2117 1589 2240 1650; x_wconf 84' lang='grc' dir='ltr'>ταῖς</span> <span class='ocrx_word' id='word_1_210' title='bbox 2273 1589 2355 1651; x_wconf 81' lang='grc' dir='ltr'>εἰς</span> <span class='ocrx_word' id='word_1_211' title='bbox 2395 1587 2458 1641; x_wconf 85' lang='grc' dir='ltr'>τὺ</span> <span class='ocrx_word' id='word_1_212' title='bbox 2488 1589 2648 1659; x_wconf 85' lang='grc' dir='ltr'>σῶμα</span> <span class='ocrx_word' id='word_1_213' title='bbox 2687 1590 2924 1660; x_wconf 82' lang='grc' dir='ltr'>πληγαῖς</span> <span class='ocrx_word' id='word_1_214' title='bbox 2957 1591 3054 1644; x_wconf 73' lang='grc' dir='ltr'>καὶ</span> <span class='ocrx_word' id='word_1_215' title='bbox 3099 1593 3168 1661; x_wconf 78' lang='grc' dir='ltr'>τῇ</span> <span class='ocrx_word' id='word_1_216' title='bbox 3199 1593 3257 1644; x_wconf 92' lang='grc' dir='ltr'><strong>ἐν</strong></span> <span class='ocrx_word' id='word_1_217' title='bbox 3288 1591 3407 1662; x_wconf 84' lang='grc' dir='ltr'><strong>χρῷ</strong></span> <span class='ocrx_word' id='word_1_218' title='bbox 3445 1591 3708 1661; x_wconf 85' lang='grc' dir='ltr'>τιμωρεί-</span> 
     </span>
    </p>
   </div>
   <div class='ocr_carea' id='block_1_30' title="bbox 2121 1679 3707 1753">
    <p class='ocr_par' dir='ltr' id='par_1_30' title="bbox 2121 1679 3707 1753">
     <span class='ocr_line' id='line_1_30' title="bbox 2121 1679 3707 1753; baseline 0.001 -21"><span class='ocrx_word' id='word_1_219' title='bbox 2121 1679 2338 1732; x_wconf 87' lang='grc' dir='ltr'>σθωσαν</span> <span class='ocrx_word' id='word_1_220' title='bbox 2363 1679 2611 1750; x_wconf 75' lang='grc' dir='ltr'>κουρεία,</span> <span class='ocrx_word' id='word_1_221' title='bbox 2639 1679 2832 1734; x_wconf 75' lang='grc' dir='ltr'>ιπειτα</span> <span class='ocrx_word' id='word_1_222' title='bbox 2857 1681 2916 1734; x_wconf 79' lang='grc' dir='ltr'><strong>δὲ</strong></span> <span class='ocrx_word' id='word_1_223' title='bbox 2956 1681 3273 1752; x_wconf 85' lang='grc' dir='ltr'>προσούσης</span> <span class='ocrx_word' id='word_1_224' title='bbox 3297 1681 3560 1753; x_wconf 82' lang='grc' dir='ltr'>εὐπορίας</span> <span class='ocrx_word' id='word_1_225' title='bbox 3611 1698 3707 1734; x_wconf 85' lang='grc' dir='ltr'>τε-</span> 
     </span>
    </p>
   </div>
   <div class='ocr_carea' id='block_1_31' title="bbox 431 1766 2021 1843">
    <p class='ocr_par' dir='ltr' id='par_1_31' title="bbox 431 1767 2018 1840">
     <span class='ocr_line' id='line_1_31' title="bbox 431 1767 2018 1840; baseline -0.001 -16"><span class='ocrx_word' id='word_1_226' title='bbox 431 1784 598 1838; x_wconf 88' lang='lat' dir='ltr'><strong>supra</strong></span> <span class='ocrx_word' id='word_1_227' title='bbox 628 1768 860 1823; x_wconf 89' lang='lat' dir='ltr'><strong>verbera</strong></span> <span class='ocrx_word' id='word_1_228' title='bbox 895 1769 1316 1840; x_wconf 81' lang='lat' dir='ltr'><strong>ignominiosam</strong></span> <span class='ocrx_word' id='word_1_229' title='bbox 1338 1771 1675 1835; x_wconf 88' lang='lat' dir='ltr'><strong>tonsionem,</strong></span> <span class='ocrx_word' id='word_1_230' title='bbox 1710 1769 1858 1839; x_wconf 90' lang='lat' dir='ltr'><strong>quod</strong></span> <span class='ocrx_word' id='word_1_231' title='bbox 1879 1767 2018 1822; x_wconf 87' lang='lat' dir='ltr'><strong>alios</strong></span> 
     </span>
    </p>
   </div>
   <div class='ocr_carea' id='block_1_32' title="bbox 2121 1766 3699 1843">
    <p class='ocr_par' dir='ltr' id='par_1_32' title="bbox 2124 1766 3699 1843">
     <span class='ocr_line' id='line_1_32' title="bbox 2124 1766 3699 1843; baseline 0.001 -19"><span class='ocrx_word' id='word_1_232' title='bbox 2124 1770 2436 1839; x_wconf 81' lang='grc' dir='ltr'>τραπλάσια</span> <span class='ocrx_word' id='word_1_233' title='bbox 2469 1769 2895 1840; x_wconf 81' lang='grc' dir='ltr'>ζημιούσθωσαν</span> <span class='ocrx_word' id='word_1_234' title='bbox 2949 1766 3026 1827; x_wconf 81' lang='grc' dir='ltr'>ὧν</span> <span class='ocrx_word' id='word_1_235' title='bbox 3069 1773 3458 1842; x_wconf 80' lang='grc' dir='ltr'>εἰσαγωγίμων</span> <span class='ocrx_word' id='word_1_236' title='bbox 3504 1775 3699 1843; x_wconf 84' lang='grc' dir='ltr'>ἐποιή-</span> 
     </span>
    </p>
   </div>
   <div class='ocr_carea' id='block_1_33' title="bbox 432 1839 2021 1934">
    <p class='ocr_par' dir='ltr' id='par_1_33' title="bbox 432 1839 2011 1926">
     <span class='ocr_line' id='line_1_33' title="bbox 432 1839 2011 1926; baseline -0.001 -16"><span class='ocrx_word' id='word_1_237' title='bbox 432 1857 491 1912; x_wconf 83' lang='grc' dir='ltr'>ἰη</span> <span class='ocrx_word' id='word_1_238' title='bbox 537 1857 855 1913; x_wconf 78' lang='lat' dir='ltr'><strong>servitutem</strong></span> <span class='ocrx_word' id='word_1_239' title='bbox 924 1839 1273 1926; x_wconf 87' lang='lat' dir='ltr'><strong>tradiderint,</strong></span> <span class='ocrx_word' id='word_1_240' title='bbox 1317 1861 1626 1916; x_wconf 87' lang='lat' dir='ltr'><strong>libertatem</strong></span> <span class='ocrx_word' id='word_1_241' title='bbox 1690 1861 2011 1914; x_wconf 89' lang='lat' dir='ltr'><strong>amittunto.</strong></span> 
     </span>
    </p>
   </div>
   <div class='ocr_carea' id='block_1_34' title="bbox 2121 1839 3710 1934">
    <p class='ocr_par' dir='ltr' id='par_1_34' title="bbox 2127 1839 3710 1934">
     <span class='ocr_line' id='line_1_34' title="bbox 2127 1839 3710 1934; baseline -0.001 -18"><span class='ocrx_word' id='word_1_242' title='bbox 2127 1879 2310 1917; x_wconf 75' lang='grc' dir='ltr'>σαντοο</span> <span class='ocrx_word' id='word_1_243' title='bbox 2367 1865 2416 1916; x_wconf 86' lang='grc' dir='ltr'><strong>εί</strong></span> <span class='ocrx_word' id='word_1_244' title='bbox 2445 1863 2490 1916; x_wconf 87' lang='grc' dir='ltr'>δ’</span> <span class='ocrx_word' id='word_1_245' title='bbox 2526 1839 2660 1917; x_wconf 13' lang='grc' dir='ltr'>Ῠεῖεν</span> <span class='ocrx_word' id='word_1_246' title='bbox 2687 1863 2885 1934; x_wconf 77' lang='grc' dir='ltr'>ἄποροί</span> <span class='ocrx_word' id='word_1_247' title='bbox 2931 1881 2991 1917; x_wconf 87' lang='grc' dir='ltr'><strong>τε</strong></span> <span class='ocrx_word' id='word_1_248' title='bbox 3019 1865 3117 1917; x_wconf 74' lang='grc' dir='ltr'><strong>καὶ</strong></span> <span class='ocrx_word' id='word_1_249' title='bbox 3154 1839 3406 1934; x_wconf 67' lang='grc' dir='ltr'>πένητες,</span> <span class='ocrx_word' id='word_1_250' title='bbox 3459 1839 3710 1917; x_wconf 75' lang='grc' dir='ltr'>εστωσαν</span> 
     </span>
    </p>
   </div>
   <div class='ocr_carea' id='block_1_35' title="bbox 432 1948 2018 2022">
    <p class='ocr_par' dir='ltr' id='par_1_35' title="bbox 432 1948 2018 2022">
     <span class='ocr_line' id='line_1_35' title="bbox 432 1948 2018 2022; baseline 0.001 -19"><span class='ocrx_word' id='word_1_251' title='bbox 432 1948 568 2004; x_wconf 82' lang='lat' dir='ltr'><strong>Nam</strong></span> <span class='ocrx_word' id='word_1_252' title='bbox 607 1950 724 2021; x_wconf 90' lang='lat' dir='ltr'><strong>qui,</strong></span> <span class='ocrx_word' id='word_1_253' title='bbox 777 1962 1042 2021; x_wconf 89' lang='lat' dir='ltr'><strong>quantum</strong></span> <span class='ocrx_word' id='word_1_254' title='bbox 1067 1952 1122 2007; x_wconf 96' lang='lat' dir='ltr'><strong>in</strong></span> <span class='ocrx_word' id='word_1_255' title='bbox 1155 1968 1216 2008; x_wconf 87' lang='lat' dir='ltr'><strong>se</strong></span> <span class='ocrx_word' id='word_1_256' title='bbox 1244 1961 1351 2016; x_wconf 87' lang='lat' dir='ltr'><strong>est.</strong></span> <span class='ocrx_word' id='word_1_257' title='bbox 1386 1969 1494 2008; x_wconf 91' lang='lat' dir='ltr'><strong>non</strong></span> <span class='ocrx_word' id='word_1_258' title='bbox 1531 1953 1694 2008; x_wconf 89' lang='lat' dir='ltr'><strong>modo</strong></span> <span class='ocrx_word' id='word_1_259' title='bbox 1727 1952 2018 2022; x_wconf 89' lang='lat' dir='ltr'><strong>quamplu-</strong></span> 
     </span>
    </p>
   </div>
   <div class='ocr_carea' id='block_1_36' title="bbox 432 2041 2019 2112">
    <p class='ocr_par' dir='ltr' id='par_1_36' title="bbox 432 2041 2019 2112">
     <span class='ocr_line' id='line_1_36' title="bbox 432 2041 2019 2112; baseline 0.001 -17"><span class='ocrx_word' id='word_1_260' title='bbox 432 2041 603 2096; x_wconf 87' lang='lat' dir='ltr'><strong>rimos</strong></span> <span class='ocrx_word' id='word_1_261' title='bbox 637 2043 690 2097; x_wconf 89' lang='lat' dir='ltr'><strong>in</strong></span> <span class='ocrx_word' id='word_1_262' title='bbox 748 2044 1071 2099; x_wconf 87' lang='lat' dir='ltr'><strong>servitutem</strong></span> <span class='ocrx_word' id='word_1_263' title='bbox 1121 2043 1353 2112; x_wconf 90' lang='lat' dir='ltr'><strong>ducunt,</strong></span> <span class='ocrx_word' id='word_1_264' title='bbox 1396 2046 1491 2100; x_wconf 90' lang='lat' dir='ltr'><strong>sed</strong></span> <span class='ocrx_word' id='word_1_265' title='bbox 1527 2045 1690 2100; x_wconf 87' lang='lat' dir='ltr'><strong>etiam</strong></span> <span class='ocrx_word' id='word_1_266' title='bbox 1741 2044 2019 2100; x_wconf 88' lang='lat' dir='ltr'><strong>communi</strong></span> 
     </span>
    </p>
   </div>
   <div class='ocr_carea' id='block_1_37' title="bbox 432 2132 2021 2198">
    <p class='ocr_par' dir='ltr' id='par_1_37' title="bbox 432 2132 2021 2198">
     <span class='ocr_line' id='line_1_37' title="bbox 432 2132 2021 2198; baseline 0.003 -14"><span class='ocrx_word' id='word_1_267' title='bbox 432 2132 560 2186; x_wconf 65' lang='lat' dir='ltr'><strong>vitae</strong></span> <span class='ocrx_word' id='word_1_268' title='bbox 588 2133 942 2189; x_wconf 84' lang='lat' dir='ltr'><strong>acerbitatem</strong></span> <span class='ocrx_word' id='word_1_269' title='bbox 1001 2134 1257 2198; x_wconf 74' lang='lat' dir='ltr'><strong>alierum,</strong></span> <span class='ocrx_word' id='word_1_270' title='bbox 1305 2137 1524 2192; x_wconf 88' lang='lat' dir='ltr'><strong>tametsi</strong></span> <span class='ocrx_word' id='word_1_271' title='bbox 1556 2135 1626 2191; x_wconf 91' lang='lat' dir='ltr'><strong>ad</strong></span> <span class='ocrx_word' id='word_1_272' title='bbox 1653 2136 1871 2192; x_wconf 74' lang='lat' dir='ltr'><strong>servilis</strong></span> <span class='ocrx_word' id='word_1_273' title='bbox 1899 2135 2021 2188; x_wconf 66' lang='lat' dir='ltr'><strong>vitae</strong></span> 
     </span>
    </p>
   </div>
   <div class='ocr_carea' id='block_1_38' title="bbox 431 2225 2020 2299">
    <p class='ocr_par' dir='ltr' id='par_1_38' title="bbox 431 2225 2020 2299">
     <span class='ocr_line' id='line_1_38' title="bbox 431 2225 2020 2299; baseline 0.001 -19"><span class='ocrx_word' id='word_1_274' title='bbox 431 2225 805 2281; x_wconf 87' lang='lat' dir='ltr'><strong>conditionem</strong></span> <span class='ocrx_word' id='word_1_275' title='bbox 836 2227 1151 2299; x_wconf 77' lang='lat' dir='ltr'><strong>adigantur,</strong></span> <span class='ocrx_word' id='word_1_276' title='bbox 1181 2229 1476 2285; x_wconf 89' lang='lat' dir='ltr'><strong>mediocris</strong></span> <span class='ocrx_word' id='word_1_277' title='bbox 1509 2239 1690 2284; x_wconf 88' lang='lat' dir='ltr'><strong>tamen</strong></span> <span class='ocrx_word' id='word_1_278' title='bbox 1713 2229 1828 2284; x_wconf 65' lang='lat' dir='ltr'><strong>haec</strong></span> <span class='ocrx_word' id='word_1_279' title='bbox 1858 2240 2020 2298; x_wconf 86' lang='lat' dir='ltr'><strong>atque</strong></span> 
     </span>
    </p>
   </div>
   <div class='ocr_carea' id='block_1_39' title="bbox 432 2319 2018 2394">
    <p class='ocr_par' dir='ltr' id='par_1_39' title="bbox 432 2319 2018 2394">
     <span class='ocr_line' id='line_1_39' title="bbox 432 2319 2018 2394; baseline 0.001 -22"><span class='ocrx_word' id='word_1_280' title='bbox 432 2319 584 2374; x_wconf 90' lang='lat' dir='ltr'><strong>mitis</strong></span> <span class='ocrx_word' id='word_1_281' title='bbox 604 2333 764 2390; x_wconf 70' lang='lat' dir='ltr'><strong>paena</strong></span> <span class='ocrx_word' id='word_1_282' title='bbox 793 2330 898 2375; x_wconf 89' lang='lat' dir='ltr'><strong>est.</strong></span> <span class='ocrx_word' id='word_1_283' title='bbox 933 2321 1111 2392; x_wconf 87' lang='lat' dir='ltr'><strong>Atque</strong></span> <span class='ocrx_word' id='word_1_284' title='bbox 1167 2323 1282 2377; x_wconf 69' lang='lat' dir='ltr'><strong>haec</strong></span> <span class='ocrx_word' id='word_1_285' title='bbox 1325 2323 1566 2392; x_wconf 89' lang='lat' dir='ltr'><strong>quidem,</strong></span> <span class='ocrx_word' id='word_1_286' title='bbox 1607 2322 1829 2394; x_wconf 87' lang='lat' dir='ltr'><strong>quando</strong></span> <span class='ocrx_word' id='word_1_287' title='bbox 1864 2336 2018 2375; x_wconf 85' lang='lat' dir='ltr'><strong>com-</strong></span> 
     </span>
    </p>
   </div>
   <div class='ocr_carea' id='block_1_40' title="bbox 433 2411 2021 2484">
    <p class='ocr_par' dir='ltr' id='par_1_40' title="bbox 433 2411 2021 2484">
     <span class='ocr_line' id='line_1_40' title="bbox 433 2411 2021 2484; baseline -0.001 -20"><span class='ocrx_word' id='word_1_288' title='bbox 433 2411 590 2466; x_wconf 90' lang='lat' dir='ltr'><strong>muni</strong></span> <span class='ocrx_word' id='word_1_289' title='bbox 645 2413 903 2478; x_wconf 86' lang='lat' dir='ltr'><strong>consilio,</strong></span> <span class='ocrx_word' id='word_1_290' title='bbox 942 2423 996 2468; x_wconf 91' lang='lat' dir='ltr'><strong>et</strong></span> <span class='ocrx_word' id='word_1_291' title='bbox 1035 2414 1241 2468; x_wconf 91' lang='lat' dir='ltr'><strong>malitia</strong></span> <span class='ocrx_word' id='word_1_292' title='bbox 1297 2430 1386 2469; x_wconf 83' lang='lat' dir='ltr'><strong>res</strong></span> <span class='ocrx_word' id='word_1_293' title='bbox 1459 2421 1609 2484; x_wconf 78' lang='lat' dir='ltr'><strong>gesta</strong></span> <span class='ocrx_word' id='word_1_294' title='bbox 1645 2414 1829 2476; x_wconf 82' lang='lat' dir='ltr'><strong>fuerit,</strong></span> <span class='ocrx_word' id='word_1_295' title='bbox 1865 2420 1925 2465; x_wconf 90' lang='lat' dir='ltr'><strong>ut</strong></span> <span class='ocrx_word' id='word_1_296' title='bbox 1953 2411 2021 2466; x_wconf 87' lang='lat' dir='ltr'><strong>si-</strong></span> 
     </span>
    </p>
   </div>
   <div class='ocr_carea' id='block_1_41' title="bbox 435 2504 2024 2574">
    <p class='ocr_par' dir='ltr' id='par_1_41' title="bbox 435 2504 2024 2574">
     <span class='ocr_line' id='line_1_41' title="bbox 435 2504 2024 2574; baseline -0.001 -18"><span class='ocrx_word' id='word_1_297' title='bbox 435 2504 548 2556; x_wconf 91' lang='lat' dir='ltr'><strong>mul</strong></span> <span class='ocrx_word' id='word_1_298' title='bbox 578 2519 698 2559; x_wconf 88' lang='lat' dir='ltr'><strong>eam</strong></span> <span class='ocrx_word' id='word_1_299' title='bbox 741 2513 1145 2574; x_wconf 85' lang='lat' dir='ltr'><strong>perpetrarunt,</strong></span> <span class='ocrx_word' id='word_1_300' title='bbox 1205 2506 1278 2558; x_wconf 93' lang='lat' dir='ltr'><strong>ita</strong></span> <span class='ocrx_word' id='word_1_301' title='bbox 1307 2505 1470 2559; x_wconf 88' lang='lat' dir='ltr'><strong>etiam</strong></span> <span class='ocrx_word' id='word_1_302' title='bbox 1500 2504 1747 2574; x_wconf 84' lang='lat' dir='ltr'><strong>utrisque</strong></span> <span class='ocrx_word' id='word_1_303' title='bbox 1785 2505 1851 2557; x_wconf 84' lang='lat' dir='ltr'><strong>ad</strong></span> <span class='ocrx_word' id='word_1_304' title='bbox 1891 2518 2024 2571; x_wconf 77' lang='lat' dir='ltr'><strong>prze-</strong></span> 
     </span>
    </p>
   </div>
   <div class='ocr_carea' id='block_1_42' title="bbox 436 2595 2022 2666">
    <p class='ocr_par' dir='ltr' id='par_1_42' title="bbox 436 2595 2022 2666">
     <span class='ocr_line' id='line_1_42' title="bbox 436 2595 2022 2666; baseline -0.001 -15"><span class='ocrx_word' id='word_1_305' title='bbox 436 2597 689 2651; x_wconf 86' lang='lat' dir='ltr'><strong>stitutum</strong></span> <span class='ocrx_word' id='word_1_306' title='bbox 718 2611 746 2649; x_wconf 87' lang='lat' dir='ltr'><strong>a</strong></span> <span class='ocrx_word' id='word_1_307' title='bbox 778 2597 938 2652; x_wconf 87' lang='lat' dir='ltr'><strong>nobis</strong></span> <span class='ocrx_word' id='word_1_308' title='bbox 967 2597 1191 2651; x_wconf 90' lang='lat' dir='ltr'><strong>modum</strong></span> <span class='ocrx_word' id='word_1_309' title='bbox 1239 2595 1599 2666; x_wconf 83' lang='lat' dir='ltr'><strong>castigandis,</strong></span> <span class='ocrx_word' id='word_1_310' title='bbox 1638 2595 1800 2650; x_wconf 92' lang='lat' dir='ltr'><strong>simul</strong></span> <span class='ocrx_word' id='word_1_311' title='bbox 1831 2609 2022 2663; x_wconf 72' lang='lat' dir='ltr'><strong>pmnas</strong></span> 
     </span>
    </p>
   </div>
   <div class='ocr_carea' id='block_1_43' title="bbox 435 2689 811 2747">
    <p class='ocr_par' dir='ltr' id='par_1_43' title="bbox 435 2689 811 2747">
     <span class='ocr_line' id='line_1_43' title="bbox 435 2689 811 2747; baseline -0.003 -1"><span class='ocrx_word' id='word_1_312' title='bbox 435 2689 811 2747; x_wconf 87' lang='lat' dir='ltr'><strong>sustinebunt.</strong></span> 
     </span>
    </p>
   </div>
   <div class='ocr_carea' id='block_1_44' title="bbox 873 2983 1557 3044">
    <p class='ocr_par' dir='ltr' id='par_1_44' title="bbox 873 2983 1557 3044">
     <span class='ocr_line' id='line_1_44' title="bbox 873 2983 1557 3044; baseline -0.009 0"><span class='ocrx_word' id='word_1_313' title='bbox 873 2983 1339 3044; x_wconf 81' lang='lat' dir='ltr'><strong>CONSTITUTIO</strong></span> <span class='ocrx_word' id='word_1_314' title='bbox 1371 2983 1557 3039; x_wconf 78' lang='lat' dir='ltr'><strong>LXIV.</strong></span> 
     </span>
    </p>
   </div>
   <div class='ocr_carea' id='block_1_45' title="bbox 439 3099 2016 3174">
    <p class='ocr_par' dir='ltr' id='par_1_45' title="bbox 439 3099 2016 3174">
     <span class='ocr_line' id='line_1_45' title="bbox 439 3099 2016 3174; baseline -0.001 -15"><span class='ocrx_word' id='word_1_315' title='bbox 439 3103 518 3163; x_wconf 80' lang='lat' dir='ltr'><strong>De</strong></span> <span class='ocrx_word' id='word_1_316' title='bbox 542 3119 693 3174; x_wconf 79' lang='lat' dir='ltr'><strong>poma</strong></span> <span class='ocrx_word' id='word_1_317' title='bbox 722 3119 902 3158; x_wconf 82' lang='lat' dir='ltr'><strong>eorum</strong></span> <span class='ocrx_word' id='word_1_318' title='bbox 936 3104 1028 3172; x_wconf 82' lang='lat' dir='ltr'><strong>qui</strong></span> <span class='ocrx_word' id='word_1_319' title='bbox 1058 3102 1402 3171; x_wconf 77' lang='lat' dir='ltr'><strong>naufragium</strong></span> <span class='ocrx_word' id='word_1_320' title='bbox 1429 3100 1814 3169; x_wconf 79' lang='lat' dir='ltr'><strong>suppresserint</strong></span> <span class='ocrx_word' id='word_1_321' title='bbox 1847 3099 2016 3173; x_wconf 88' lang='lat'><strong>(8-9).</strong></span> 
     </span>
    </p>
   </div>
   <div class='ocr_carea' id='block_1_46' title="bbox 506 3263 1488 3337">
    <p class='ocr_par' dir='ltr' id='par_1_46' title="bbox 506 3263 1488 3337">
     <span class='ocr_line' id='line_1_46' title="bbox 506 3263 1488 3337; baseline -0.007 -12"><span class='ocrx_word' id='word_1_322' title='bbox 506 3269 655 3325; x_wconf 81' lang='lat' dir='ltr'><strong>Idem</strong></span> <span class='ocrx_word' id='word_1_323' title='bbox 685 3267 988 3337; x_wconf 82' lang='lat' dir='ltr'><strong>imperator</strong></span> <span class='ocrx_word' id='word_1_324' title='bbox 1007 3263 1182 3320; x_wconf 86' lang='lat' dir='ltr'><strong>eidem</strong></span> <span class='ocrx_word' id='word_1_325' title='bbox 1217 3263 1488 3334; x_wconf 81' lang='lat' dir='ltr'><strong>Styliano.</strong></span> 
     </span>
    </p>
   </div>
   <div class='ocr_carea' id='block_1_47' title="bbox 507 3353 2021 3426">
    <p class='ocr_par' dir='ltr' id='par_1_47' title="bbox 507 3353 2021 3426">
     <span class='ocr_line' id='line_1_47' title="bbox 507 3353 2021 3426; baseline -0.003 -11"><span class='ocrx_word' id='word_1_326' title='bbox 507 3360 645 3415; x_wconf 87' lang='lat' dir='ltr'><strong>Illud</strong></span> <span class='ocrx_word' id='word_1_327' title='bbox 701 3359 865 3414; x_wconf 87' lang='lat' dir='ltr'><strong>etiam</strong></span> <span class='ocrx_word' id='word_1_328' title='bbox 902 3365 1068 3426; x_wconf 88' lang='lat' dir='ltr'><strong>atque</strong></span> <span class='ocrx_word' id='word_1_329' title='bbox 1098 3356 1263 3411; x_wconf 89' lang='lat' dir='ltr'><strong>etiam</strong></span> <span class='ocrx_word' id='word_1_330' title='bbox 1310 3354 1578 3419; x_wconf 89' lang='lat' dir='ltr'><strong>admiror,</strong></span> <span class='ocrx_word' id='word_1_331' title='bbox 1624 3353 1901 3424; x_wconf 90' lang='lat' dir='ltr'><strong>quomodo</strong></span> <span class='ocrx_word' id='word_1_332' title='bbox 1927 3355 2021 3426; x_wconf 90' lang='lat' dir='ltr'><strong>qui</strong></span> 
     </span>
    </p>
   </div>
   <div class='ocr_carea' id='block_1_48' title="bbox 437 3447 2022 3522">
    <p class='ocr_par' dir='ltr' id='par_1_48' title="bbox 437 3447 2022 3522">
     <span class='ocr_line' id='line_1_48' title="bbox 437 3447 2022 3522; baseline -0.004 -15"><span class='ocrx_word' id='word_1_333' title='bbox 437 3451 727 3522; x_wconf 75' lang='lat' dir='ltr'><strong>naufragio</strong></span> <span class='ocrx_word' id='word_1_334' title='bbox 781 3449 986 3519; x_wconf 77' lang='lat' dir='ltr'><strong>eiectas</strong></span> <span class='ocrx_word' id='word_1_335' title='bbox 1036 3463 1125 3504; x_wconf 88' lang='lat' dir='ltr'><strong>res</strong></span> <span class='ocrx_word' id='word_1_336' title='bbox 1160 3447 1423 3514; x_wconf 72' lang='lat' dir='ltr'><strong>oecultat,</strong></span> <span class='ocrx_word' id='word_1_337' title='bbox 1460 3454 1672 3501; x_wconf 91' lang='lat' dir='ltr'><strong>tantum</strong></span> <span class='ocrx_word' id='word_1_338' title='bbox 1698 3447 2022 3516; x_wconf 86' lang='lat' dir='ltr'><strong>delinquere</strong></span> 
     </span>
    </p>
   </div>
   <div class='ocr_carea' id='block_1_49' title="bbox 437 3535 2017 3608">
    <p class='ocr_par' dir='ltr' id='par_1_49' title="bbox 437 3535 2017 3608">
     <span class='ocr_line' id='line_1_49' title="bbox 437 3535 2017 3608; baseline -0.004 -12"><span class='ocrx_word' id='word_1_339' title='bbox 437 3542 706 3604; x_wconf 87' lang='lat' dir='ltr'><strong>videatur,</strong></span> <span class='ocrx_word' id='word_1_340' title='bbox 730 3550 789 3595; x_wconf 88' lang='lat' dir='ltr'><strong>ttt</strong></span> <span class='ocrx_word' id='word_1_341' title='bbox 827 3540 880 3595; x_wconf 92' lang='lat' dir='ltr'><strong>id</strong></span> <span class='ocrx_word' id='word_1_342' title='bbox 929 3546 1156 3594; x_wconf 89' lang='lat' dir='ltr'><strong>mortem</strong></span> <span class='ocrx_word' id='word_1_343' title='bbox 1213 3538 1316 3608; x_wconf 88' lang='lat' dir='ltr'><strong>ipsi</strong></span> <span class='ocrx_word' id='word_1_344' title='bbox 1377 3535 1580 3591; x_wconf 78' lang='lat' dir='ltr'><strong>inferre</strong></span> <span class='ocrx_word' id='word_1_345' title='bbox 1633 3536 1828 3592; x_wconf 88' lang='lat' dir='ltr'><strong>debeat</strong></span> <span class='ocrx_word' id='word_1_346' title='bbox 1879 3535 2017 3604; x_wconf 74' lang='grc'><strong>(10).</strong></span> 
     </span>
    </p>
   </div>
   <div class='ocr_carea' id='block_1_50' title="bbox 439 3627 2022 3701">
    <p class='ocr_par' dir='ltr' id='par_1_50' title="bbox 439 3627 2022 3701">
     <span class='ocr_line' id='line_1_50' title="bbox 439 3627 2022 3701; baseline -0.004 -14"><span class='ocrx_word' id='word_1_347' title='bbox 439 3632 595 3700; x_wconf 82' lang='lat' dir='ltr'><strong>Quod</strong></span> <span class='ocrx_word' id='word_1_348' title='bbox 625 3640 805 3687; x_wconf 91' lang='lat' dir='ltr'><strong>autem</strong></span> <span class='ocrx_word' id='word_1_349' title='bbox 839 3631 932 3701; x_wconf 91' lang='lat' dir='ltr'><strong>qui</strong></span> <span class='ocrx_word' id='word_1_350' title='bbox 962 3630 1084 3684; x_wconf 85' lang='lat' dir='ltr'><strong>illos</strong></span> <span class='ocrx_word' id='word_1_351' title='bbox 1142 3628 1300 3683; x_wconf 77' lang='lat' dir='ltr'><strong>rrbus</strong></span> <span class='ocrx_word' id='word_1_352' title='bbox 1333 3628 1450 3685; x_wconf 88' lang='lat' dir='ltr'><strong>suis</strong></span> <span class='ocrx_word' id='word_1_353' title='bbox 1485 3627 1792 3691; x_wconf 83' lang='lat' dir='ltr'><strong>defraudat,</strong></span> <span class='ocrx_word' id='word_1_354' title='bbox 1821 3628 2022 3696; x_wconf 91' lang='lat' dir='ltr'><strong>quibus</strong></span> 
     </span>
    </p>
   </div>
   <div class='ocr_carea' id='block_1_51' title="bbox 441 3719 2023 3792">
    <p class='ocr_par' dir='ltr' id='par_1_51' title="bbox 441 3719 2023 3792">
     <span class='ocr_line' id='line_1_51' title="bbox 441 3719 2023 3792; baseline -0.003 -14"><span class='ocrx_word' id='word_1_355' title='bbox 441 3722 642 3792; x_wconf 87' lang='lat' dir='ltr'><strong>aliquis</strong></span> <span class='ocrx_word' id='word_1_356' title='bbox 694 3719 1070 3776; x_wconf 86' lang='lat' dir='ltr'><strong>misericordia</strong></span> <span class='ocrx_word' id='word_1_357' title='bbox 1125 3728 1330 3779; x_wconf 90' lang='lat' dir='ltr'><strong>motus.</strong></span> <span class='ocrx_word' id='word_1_358' title='bbox 1396 3719 1479 3774; x_wconf 77' lang='lat' dir='ltr'><strong>vel</strong></span> <span class='ocrx_word' id='word_1_359' title='bbox 1507 3719 1573 3772; x_wconf 88' lang='lat' dir='ltr'><strong>de</strong></span> <span class='ocrx_word' id='word_1_360' title='bbox 1610 3733 1712 3772; x_wconf 90' lang='lat' dir='ltr'><strong>suo</strong></span> <span class='ocrx_word' id='word_1_361' title='bbox 1767 3727 2023 3787; x_wconf 89' lang='lat' dir='ltr'><strong>sumptus</strong></span> 
     </span>
    </p>
   </div>
   <div class='ocr_carea' id='block_1_52' title="bbox 441 3809 2023 3886">
    <p class='ocr_par' dir='ltr' id='par_1_52' title="bbox 441 3809 2023 3886">
     <span class='ocr_line' id='line_1_52' title="bbox 441 3809 2023 3886; baseline -0.006 -14"><span class='ocrx_word' id='word_1_362' title='bbox 441 3813 771 3886; x_wconf 85' lang='lat' dir='ltr'><strong>suppeditet,</strong></span> <span class='ocrx_word' id='word_1_363' title='bbox 821 3812 1168 3883; x_wconf 87' lang='lat' dir='ltr'><strong>quemquein</strong></span> <span class='ocrx_word' id='word_1_364' title='bbox 1201 3809 1368 3866; x_wconf 82' lang='lat' dir='ltr'><strong>corde</strong></span> <span class='ocrx_word' id='word_1_365' title='bbox 1427 3810 1673 3865; x_wconf 92' lang='lat' dir='ltr'><strong>dolorem</strong></span> <span class='ocrx_word' id='word_1_366' title='bbox 1730 3809 2023 3864; x_wconf 82' lang='lat' dir='ltr'><strong>circumfe-</strong></span> 
     </span>
    </p>
   </div>
   <div class='ocr_carea' id='block_1_53' title="bbox 441 3898 2023 3973">
    <p class='ocr_par' dir='ltr' id='par_1_53' title="bbox 441 3898 2023 3973">
     <span class='ocr_line' id='line_1_53' title="bbox 441 3898 2023 3973; baseline -0.005 -13"><span class='ocrx_word' id='word_1_367' title='bbox 441 3912 595 3970; x_wconf 90' lang='lat' dir='ltr'><strong>runt,</strong></span> <span class='ocrx_word' id='word_1_368' title='bbox 650 3904 820 3959; x_wconf 88' lang='lat' dir='ltr'><strong>leniat</strong></span> <span class='ocrx_word' id='word_1_369' title='bbox 891 3902 1038 3973; x_wconf 93' lang='lat' dir='ltr'><strong>(cum</strong></span> <span class='ocrx_word' id='word_1_370' title='bbox 1087 3901 1388 3972; x_wconf 57' lang='lat' dir='ltr'><strong>praesertim</strong></span> <span class='ocrx_word' id='word_1_371' title='bbox 1421 3914 1616 3970; x_wconf 76' lang='lat' dir='ltr'><strong>graves</strong></span> <span class='ocrx_word' id='word_1_372' title='bbox 1667 3898 2023 3953; x_wconf 84' lang='lat' dir='ltr'><strong>cruciatusin</strong></span> 
     </span>
    </p>
   </div>
   <div class='ocr_carea' id='block_1_54' title="bbox 443 3986 2019 4057">
    <p class='ocr_par' dir='ltr' id='par_1_54' title="bbox 443 3986 2019 4057">
     <span class='ocr_line' id='line_1_54' title="bbox 443 3986 2019 4057; baseline -0.006 -8"><span class='ocrx_word' id='word_1_373' title='bbox 443 3997 711 4050; x_wconf 84' lang='lat' dir='ltr'><strong>bonorum</strong></span> <span class='ocrx_word' id='word_1_374' title='bbox 770 3993 1067 4046; x_wconf 89' lang='lat' dir='ltr'><strong>amissione</strong></span> <span class='ocrx_word' id='word_1_375' title='bbox 1112 3988 1376 4046; x_wconf 90' lang='lat' dir='ltr'><strong>sustineri</strong></span> <span class='ocrx_word' id='word_1_376' title='bbox 1435 3997 1868 4043; x_wconf 89' lang='lat' dir='ltr'><strong>consentaneum</strong></span> <span class='ocrx_word' id='word_1_377' title='bbox 1901 3986 2019 4057; x_wconf 90' lang='lat' dir='ltr'><strong>sit),</strong></span> 
     </span>
    </p>
   </div>
   <div class='ocr_carea' id='block_1_55' title="bbox 444 4080 2025 4152">
    <p class='ocr_par' dir='ltr' id='par_1_55' title="bbox 444 4080 2025 4152">
     <span class='ocr_line' id='line_1_55' title="bbox 444 4080 2025 4152; baseline -0.004 -10"><span class='ocrx_word' id='word_1_378' title='bbox 444 4087 533 4142; x_wconf 85' lang='lat' dir='ltr'><strong>ille</strong></span> <span class='ocrx_word' id='word_1_379' title='bbox 555 4101 664 4141; x_wconf 91' lang='lat' dir='ltr'><strong>non</strong></span> <span class='ocrx_word' id='word_1_380' title='bbox 729 4085 1002 4141; x_wconf 83' lang='lat' dir='ltr'><strong>mediocre</strong></span> <span class='ocrx_word' id='word_1_381' title='bbox 1062 4081 1331 4152; x_wconf 80' lang='lat' dir='ltr'><strong>ﬂagitium</strong></span> <span class='ocrx_word' id='word_1_382' title='bbox 1376 4081 1600 4145; x_wconf 89' lang='lat' dir='ltr'><strong>audeat,</strong></span> <span class='ocrx_word' id='word_1_383' title='bbox 1631 4081 1685 4136; x_wconf 93' lang='lat' dir='ltr'><strong>id</strong></span> <span class='ocrx_word' id='word_1_384' title='bbox 1722 4095 1853 4136; x_wconf 89' lang='lat' dir='ltr'><strong>vero</strong></span> <span class='ocrx_word' id='word_1_385' title='bbox 1902 4080 2025 4136; x_wconf 88' lang='lat' dir='ltr'><strong>luce</strong></span> 
     </span>
    </p>
   </div>
   <div class='ocr_carea' id='block_1_56' title="bbox 443 4171 2025 4244">
    <p class='ocr_par' dir='ltr' id='par_1_56' title="bbox 443 4171 2025 4244">
     <span class='ocr_line' id='line_1_56' title="bbox 443 4171 2025 4244; baseline -0.003 -14"><span class='ocrx_word' id='word_1_386' title='bbox 443 4177 647 4230; x_wconf 83' lang='lat' dir='ltr'><strong>clarius</strong></span> <span class='ocrx_word' id='word_1_387' title='bbox 671 4184 775 4230; x_wconf 87' lang='lat' dir='ltr'><strong>est.</strong></span> <span class='ocrx_word' id='word_1_388' title='bbox 831 4174 994 4244; x_wconf 88' lang='lat' dir='ltr'><strong>Atqui</strong></span> <span class='ocrx_word' id='word_1_389' title='bbox 1023 4172 1167 4243; x_wconf 89' lang='lat' dir='ltr'><strong>quod</strong></span> <span class='ocrx_word' id='word_1_390' title='bbox 1198 4171 1318 4236; x_wconf 87' lang='lat' dir='ltr'><strong>bos,</strong></span> <span class='ocrx_word' id='word_1_391' title='bbox 1349 4187 1488 4240; x_wconf 88' lang='lat' dir='ltr'><strong>quos</strong></span> <span class='ocrx_word' id='word_1_392' title='bbox 1520 4186 1711 4226; x_wconf 84' lang='lat' dir='ltr'><strong>vecors</strong></span> <span class='ocrx_word' id='word_1_393' title='bbox 1747 4171 2025 4242; x_wconf 87' lang='lat' dir='ltr'><strong>cupiditas</strong></span> 
     </span>
    </p>
   </div>
   <div class='ocr_carea' id='block_1_57' title="bbox 446 4261 2027 4334">
    <p class='ocr_par' dir='ltr' id='par_1_57' title="bbox 446 4261 2027 4334">
     <span class='ocr_line' id='line_1_57' title="bbox 446 4261 2027 4334; baseline 0 -18"><span class='ocrx_word' id='word_1_394' title='bbox 446 4265 553 4318; x_wconf 83' lang='lat' dir='ltr'><strong>huc</strong></span> <span class='ocrx_word' id='word_1_395' title='bbox 604 4263 840 4334; x_wconf 86' lang='lat' dir='ltr'><strong>impulit,</strong></span> <span class='ocrx_word' id='word_1_396' title='bbox 899 4265 1007 4316; x_wconf 86' lang='lat' dir='ltr'><strong>vita</strong></span> <span class='ocrx_word' id='word_1_397' title='bbox 1063 4261 1266 4331; x_wconf 85' lang='lat' dir='ltr'><strong>privari</strong></span> <span class='ocrx_word' id='word_1_398' title='bbox 1319 4268 1594 4330; x_wconf 86' lang='lat' dir='ltr'><strong>oporteat,</strong></span> <span class='ocrx_word' id='word_1_399' title='bbox 1646 4261 1749 4315; x_wconf 86' lang='lat' dir='ltr'><strong>hoc</strong></span> <span class='ocrx_word' id='word_1_400' title='bbox 1779 4261 2027 4330; x_wconf 81' lang='lat' dir='ltr'><strong>profecto</strong></span> 
     </span>
    </p>
   </div>
   <div class='ocr_carea' id='block_1_58' title="bbox 446 4349 2026 4422">
    <p class='ocr_par' dir='ltr' id='par_1_58' title="bbox 446 4349 2026 4422">
     <span class='ocr_line' id='line_1_58' title="bbox 446 4349 2026 4422; baseline -0.003 -13"><span class='ocrx_word' id='word_1_401' title='bbox 446 4354 727 4409; x_wconf 86' lang='lat' dir='ltr'><strong>intellectu</strong></span> <span class='ocrx_word' id='word_1_402' title='bbox 750 4352 968 4422; x_wconf 87' lang='lat' dir='ltr'><strong>assequi</strong></span> <span class='ocrx_word' id='word_1_403' title='bbox 996 4366 1230 4422; x_wconf 90' lang='lat' dir='ltr'><strong>nequeo.</strong></span> <span class='ocrx_word' id='word_1_404' title='bbox 1263 4349 1400 4404; x_wconf 82' lang='lat' dir='ltr'><strong>Nam</strong></span> <span class='ocrx_word' id='word_1_405' title='bbox 1430 4350 1560 4420; x_wconf 86' lang='lat' dir='ltr'><strong>quid</strong></span> <span class='ocrx_word' id='word_1_406' title='bbox 1598 4359 1808 4405; x_wconf 89' lang='lat' dir='ltr'><strong>tantum</strong></span> <span class='ocrx_word' id='word_1_407' title='bbox 1871 4351 2026 4406; x_wconf 89' lang='lat' dir='ltr'><strong>abla-</strong></span> 
     </span>
    </p>
   </div>
   <div class='ocr_carea' id='block_1_59' title="bbox 446 4445 2026 4517">
    <p class='ocr_par' dir='ltr' id='par_1_59' title="bbox 446 4445 2026 4517">
     <span class='ocr_line' id='line_1_59' title="bbox 446 4445 2026 4517; baseline -0.002 -15"><span class='ocrx_word' id='word_1_408' title='bbox 446 4459 562 4502; x_wconf 88' lang='lat' dir='ltr'><strong>tum</strong></span> <span class='ocrx_word' id='word_1_409' title='bbox 593 4453 700 4511; x_wconf 88' lang='lat' dir='ltr'><strong>est,</strong></span> <span class='ocrx_word' id='word_1_410' title='bbox 733 4454 794 4500; x_wconf 93' lang='lat' dir='ltr'><strong>ut</strong></span> <span class='ocrx_word' id='word_1_411' title='bbox 815 4461 938 4500; x_wconf 91' lang='lat' dir='ltr'><strong>cum</strong></span> <span class='ocrx_word' id='word_1_412' title='bbox 975 4447 1158 4500; x_wconf 86' lang='lat' dir='ltr'><strong>anima</strong></span> <span class='ocrx_word' id='word_1_413' title='bbox 1188 4445 1425 4500; x_wconf 79' lang='lat' dir='ltr'><strong>conferri</strong></span> <span class='ocrx_word' id='word_1_414' title='bbox 1461 4445 1654 4515; x_wconf 87' lang='lat' dir='ltr'><strong>possit,</strong></span> <span class='ocrx_word' id='word_1_415' title='bbox 1682 4460 1788 4514; x_wconf 91' lang='lat' dir='ltr'><strong>qua</strong></span> <span class='ocrx_word' id='word_1_416' title='bbox 1821 4445 2026 4517; x_wconf 88' lang='lat' dir='ltr'><strong>privari</strong></span> 
     </span>
    </p>
   </div>
   <div class='ocr_carea' id='block_1_60' title="bbox 2123 1954 3709 2027">
    <p class='ocr_par' dir='ltr' id='par_1_60' title="bbox 2123 1954 3709 2027">
     <span class='ocr_line' id='line_1_60' title="bbox 2123 1954 3709 2027; baseline -0.002 -18"><span class='ocrx_word' id='word_1_417' title='bbox 2123 1956 2218 2009; x_wconf 78' lang='grc' dir='ltr'><strong>ἐπὶ</strong></span> <span class='ocrx_word' id='word_1_418' title='bbox 2253 1957 2374 2019; x_wconf 80' lang='grc' dir='ltr'>ταῖς</span> <span class='ocrx_word' id='word_1_419' title='bbox 2409 1954 2630 2024; x_wconf 79' lang='grc' dir='ltr'>μάστιξι</span> <span class='ocrx_word' id='word_1_420' title='bbox 2669 1956 2765 2009; x_wconf 73' lang='grc' dir='ltr'>καὶ</span> <span class='ocrx_word' id='word_1_421' title='bbox 2790 1958 2857 2027; x_wconf 77' lang='grc' dir='ltr'>τῇ</span> <span class='ocrx_word' id='word_1_422' title='bbox 2885 1957 3067 2026; x_wconf 84' lang='grc' dir='ltr'>ἀτίμῳ</span> <span class='ocrx_word' id='word_1_423' title='bbox 3095 1957 3204 2010; x_wconf 91' lang='grc' dir='ltr'><strong>τῶν</strong></span> <span class='ocrx_word' id='word_1_424' title='bbox 3234 1956 3438 2026; x_wconf 83' lang='grc' dir='ltr'>τριχῶν</span> <span class='ocrx_word' id='word_1_425' title='bbox 3465 1955 3709 2025; x_wconf 82' lang='grc' dir='ltr'>ἀποϐολῇ</span> 
     </span>
    </p>
   </div>
   <div class='ocr_carea' id='block_1_61' title="bbox 2121 2044 3712 2116">
    <p class='ocr_par' dir='ltr' id='par_1_61' title="bbox 2121 2044 3712 2116">
     <span class='ocr_line' id='line_1_61' title="bbox 2121 2044 3712 2116; baseline -0.001 -17"><span class='ocrx_word' id='word_1_426' title='bbox 2121 2046 2217 2100; x_wconf 73' lang='grc' dir='ltr'>καὶ</span> <span class='ocrx_word' id='word_1_427' title='bbox 2238 2044 2338 2116; x_wconf 81' lang='grc' dir='ltr'>τὴν</span> <span class='ocrx_word' id='word_1_428' title='bbox 2365 2045 2682 2114; x_wconf 82' lang='grc' dir='ltr'>ἐλευθερίαν</span> <span class='ocrx_word' id='word_1_429' title='bbox 2739 2046 3161 2111; x_wconf 80' lang='grc' dir='ltr'>ἀποϐάλλοντες,</span> <span class='ocrx_word' id='word_1_430' title='bbox 3206 2047 3296 2100; x_wconf 91' lang='grc' dir='ltr'><strong>διὰ</strong></span> <span class='ocrx_word' id='word_1_431' title='bbox 3333 2045 3428 2099; x_wconf 77' lang='grc' dir='ltr'><strong>τού</strong></span> <span class='ocrx_word' id='word_1_432' title='bbox 3458 2046 3506 2078; x_wconf 81' lang='grc'><strong>⁸⁸</strong></span> <span class='ocrx_word' id='word_1_433' title='bbox 3570 2045 3712 2114; x_wconf 72' lang='grc' dir='ltr'>πρὸς</span> 
     </span>
    </p>
   </div>
   <div class='ocr_carea' id='block_1_62' title="bbox 2121 2137 3712 2208">
    <p class='ocr_par' dir='ltr' id='par_1_62' title="bbox 2121 2137 3712 2208">
     <span class='ocr_line' id='line_1_62' title="bbox 2121 2137 3712 2208; baseline 0 -18"><span class='ocrx_word' id='word_1_434' title='bbox 2121 2137 2371 2191; x_wconf 84' lang='grc' dir='ltr'>δουλείαν</span> <span class='ocrx_word' id='word_1_435' title='bbox 2403 2138 2656 2202; x_wconf 80' lang='grc' dir='ltr'>ἐκδότους</span> <span class='ocrx_word' id='word_1_436' title='bbox 2685 2139 2962 2207; x_wconf 83' lang='grc' dir='ltr'>γενέσθαι.</span> <span class='ocrx_word' id='word_1_437' title='bbox 3009 2139 3151 2202; x_wconf 80' lang='grc' dir='ltr'>Τοὺς</span> <span class='ocrx_word' id='word_1_438' title='bbox 3180 2138 3311 2208; x_wconf 83' lang='grc' dir='ltr'>γάρ,</span> <span class='ocrx_word' id='word_1_439' title='bbox 3337 2139 3462 2192; x_wconf 84' lang='grc' dir='ltr'>ὅσον</span> <span class='ocrx_word' id='word_1_440' title='bbox 3489 2137 3577 2190; x_wconf 82' lang='grc' dir='ltr'>ἐπ’</span> <span class='ocrx_word' id='word_1_441' title='bbox 3608 2137 3712 2191; x_wconf 85' lang='grc' dir='ltr'>αύ-</span> 
     </span>
    </p>
   </div>
   <div class='ocr_carea' id='block_1_63' title="bbox 2117 2222 3705 2298">
    <p class='ocr_par' dir='ltr' id='par_1_63' title="bbox 2117 2222 3705 2298">
     <span class='ocr_line' id='line_1_63' title="bbox 2117 2222 3705 2298; baseline -0.001 -18"><span class='ocrx_word' id='word_1_442' title='bbox 2117 2228 2242 2291; x_wconf 81' lang='grc' dir='ltr'>τοὺς</span> <span class='ocrx_word' id='word_1_443' title='bbox 2282 2222 2438 2298; x_wconf 79' lang='grc' dir='ltr'>ἧκεν,</span> <span class='ocrx_word' id='word_1_444' title='bbox 2467 2227 2530 2281; x_wconf 77' lang='grc' dir='ltr'><strong>οὐ</strong></span> <span class='ocrx_word' id='word_1_445' title='bbox 2560 2226 2719 2296; x_wconf 86' lang='grc' dir='ltr'>μόνον</span> <span class='ocrx_word' id='word_1_446' title='bbox 2749 2229 2829 2291; x_wconf 85' lang='grc' dir='ltr'><strong>είς</strong></span> <span class='ocrx_word' id='word_1_447' title='bbox 2849 2227 3095 2281; x_wconf 83' lang='grc' dir='ltr'>δουλείαν</span> <span class='ocrx_word' id='word_1_448' title='bbox 3131 2228 3418 2289; x_wconf 88' lang='grc' dir='ltr'>πλείστους</span> <span class='ocrx_word' id='word_1_449' title='bbox 3447 2226 3705 2294; x_wconf 82' lang='grc' dir='ltr'>ἄγοντας,</span> 
     </span>
    </p>
   </div>
   <div class='ocr_carea' id='block_1_64' title="bbox 2119 2318 3710 2390">
    <p class='ocr_par' dir='ltr' id='par_1_64' title="bbox 2119 2318 3710 2390">
     <span class='ocr_line' id='line_1_64' title="bbox 2119 2318 3710 2390; baseline -0.001 -18"><span class='ocrx_word' id='word_1_450' title='bbox 2119 2319 2258 2372; x_wconf 82' lang='grc' dir='ltr'><strong>ἁλλὰ</strong></span> <span class='ocrx_word' id='word_1_451' title='bbox 2304 2320 2399 2372; x_wconf 80' lang='grc' dir='ltr'>καὶ</span> <span class='ocrx_word' id='word_1_452' title='bbox 2427 2318 2542 2390; x_wconf 88' lang='grc' dir='ltr'>βίον</span> <span class='ocrx_word' id='word_1_453' title='bbox 2569 2320 2784 2389; x_wconf 86' lang='grc' dir='ltr'>πικρῶς</span> <span class='ocrx_word' id='word_1_454' title='bbox 2828 2319 3146 2388; x_wconf 79' lang='grc' dir='ltr'>ἐξάγοντας,</span> <span class='ocrx_word' id='word_1_455' title='bbox 3189 2319 3286 2372; x_wconf 74' lang='grc' dir='ltr'><strong>καὶ</strong></span> <span class='ocrx_word' id='word_1_456' title='bbox 3328 2318 3484 2372; x_wconf 82' lang='grc' dir='ltr'>τοῦτο</span> <span class='ocrx_word' id='word_1_457' title='bbox 3517 2318 3710 2385; x_wconf 86' lang='grc' dir='ltr'>φιλάν-</span> 
     </span>
    </p>
   </div>
   <div class='ocr_carea' id='block_1_65' title="bbox 2123 2411 3712 2485">
    <p class='ocr_par' dir='ltr' id='par_1_65' title="bbox 2123 2411 3712 2485">
     <span class='ocr_line' id='line_1_65' title="bbox 2123 2411 3712 2485; baseline 0 -21"><span class='ocrx_word' id='word_1_458' title='bbox 2123 2411 2340 2483; x_wconf 89' lang='grc' dir='ltr'>θρωπον</span> <span class='ocrx_word' id='word_1_459' title='bbox 2369 2414 2412 2444; x_wconf 86' lang='grc'><strong>⁵⁷</strong></span> <span class='ocrx_word' id='word_1_460' title='bbox 2450 2413 2547 2466; x_wconf 79' lang='grc' dir='ltr'>καὶ</span> <span class='ocrx_word' id='word_1_461' title='bbox 2581 2414 2820 2485; x_wconf 86' lang='grc' dir='ltr'>μετρίως</span> <span class='ocrx_word' id='word_1_462' title='bbox 2874 2414 3076 2483; x_wconf 73' lang='grc' dir='ltr'>ἔχουσα</span> <span class='ocrx_word' id='word_1_463' title='bbox 3121 2411 3432 2484; x_wconf 82' lang='grc' dir='ltr'>εἴσπραξις,</span> <span class='ocrx_word' id='word_1_464' title='bbox 3462 2411 3524 2464; x_wconf 79' lang='grc' dir='ltr'><strong>τὸ</strong></span> <span class='ocrx_word' id='word_1_465' title='bbox 3563 2411 3712 2480; x_wconf 80' lang='grc' dir='ltr'>ζωῆς</span> 
     </span>
    </p>
   </div>
   <div class='ocr_carea' id='block_1_66' title="bbox 2119 2503 3710 2575">
    <p class='ocr_par' dir='ltr' id='par_1_66' title="bbox 2119 2503 3710 2575">
     <span class='ocr_line' id='line_1_66' title="bbox 2119 2503 3710 2575; baseline 0 -19"><span class='ocrx_word' id='word_1_466' title='bbox 2119 2503 2350 2556; x_wconf 73' lang='grc' dir='ltr'>οἰκετῶν</span> <span class='ocrx_word' id='word_1_467' title='bbox 2383 2503 2673 2573; x_wconf 76' lang='grc' dir='ltr'>ἠξιῶσθαι.</span> <span class='ocrx_word' id='word_1_468' title='bbox 2717 2503 2881 2557; x_wconf 83' lang='grc' dir='ltr'>Ἀλλὰ</span> <span class='ocrx_word' id='word_1_469' title='bbox 2911 2503 3088 2558; x_wconf 80' lang='grc' dir='ltr'>ταῦτα</span> <span class='ocrx_word' id='word_1_470' title='bbox 3125 2504 3222 2575; x_wconf 77' lang='grc' dir='ltr'>μὲν</span> <span class='ocrx_word' id='word_1_471' title='bbox 3263 2503 3492 2574; x_wconf 87' lang='grc' dir='ltr'>γνώμης</span> <span class='ocrx_word' id='word_1_472' title='bbox 3519 2503 3710 2571; x_wconf 78' lang='grc' dir='ltr'>κοινῆς</span> 
     </span>
    </p>
   </div>
   <div class='ocr_carea' id='block_1_67' title="bbox 2121 2593 3711 2665">
    <p class='ocr_par' dir='ltr' id='par_1_67' title="bbox 2121 2593 3711 2665">
     <span class='ocr_line' id='line_1_67' title="bbox 2121 2593 3711 2665; baseline 0 -19"><span class='ocrx_word' id='word_1_473' title='bbox 2121 2594 2222 2646; x_wconf 88' lang='grc' dir='ltr'><strong>ούκ</strong></span> <span class='ocrx_word' id='word_1_474' title='bbox 2251 2593 2405 2657; x_wconf 72' lang='grc' dir='ltr'>ὄντος</span> <span class='ocrx_word' id='word_1_475' title='bbox 2436 2593 2532 2646; x_wconf 83' lang='grc' dir='ltr'><strong>τοῦ</strong></span> <span class='ocrx_word' id='word_1_476' title='bbox 2573 2595 2935 2665; x_wconf 85' lang='grc' dir='ltr'>ἀδικήματος.</span> <span class='ocrx_word' id='word_1_477' title='bbox 2985 2597 3047 2649; x_wconf 91' lang='grc' dir='ltr'>Εί</span> <span class='ocrx_word' id='word_1_478' title='bbox 3087 2596 3143 2649; x_wconf 84' lang='grc' dir='ltr'>δὲ</span> <span class='ocrx_word' id='word_1_479' title='bbox 3189 2595 3342 2664; x_wconf 82' lang='grc' dir='ltr'>κοινὴ</span> <span class='ocrx_word' id='word_1_480' title='bbox 3393 2594 3584 2663; x_wconf 77' lang='grc' dir='ltr'>σκέψις</span> <span class='ocrx_word' id='word_1_481' title='bbox 3617 2594 3711 2646; x_wconf 79' lang='grc' dir='ltr'>καὶ</span> 
     </span>
    </p>
   </div>
   <div class='ocr_carea' id='block_1_68' title="bbox 2122 2683 3709 2758">
    <p class='ocr_par' dir='ltr' id='par_1_68' title="bbox 2122 2683 3709 2758">
     <span class='ocr_line' id='line_1_68' title="bbox 2122 2683 3709 2758; baseline -0.001 -20"><span class='ocrx_word' id='word_1_482' title='bbox 2122 2686 2360 2754; x_wconf 87' lang='grc' dir='ltr'>πονηρία</span> <span class='ocrx_word' id='word_1_483' title='bbox 2407 2683 2570 2739; x_wconf 82' lang='grc' dir='ltr'>τοῦτο</span> <span class='ocrx_word' id='word_1_484' title='bbox 2598 2687 2968 2756; x_wconf 80' lang='grc' dir='ltr'>κατέπραξεν,</span> <span class='ocrx_word' id='word_1_485' title='bbox 3005 2687 3196 2758; x_wconf 82' lang='grc' dir='ltr'>ὥσπερ</span> <span class='ocrx_word' id='word_1_486' title='bbox 3225 2685 3362 2756; x_wconf 81' lang='grc' dir='ltr'>ὁμοῦ</span> <span class='ocrx_word' id='word_1_487' title='bbox 3405 2685 3500 2738; x_wconf 81' lang='grc' dir='ltr'>τοῦ</span> <span class='ocrx_word' id='word_1_488' title='bbox 3533 2683 3709 2738; x_wconf 82' lang='grc' dir='ltr'>κακοῦ</span> 
     </span>
    </p>
   </div>
   <div class='ocr_carea' id='block_1_69' title="bbox 2121 2771 3709 2850">
    <p class='ocr_par' dir='ltr' id='par_1_69' title="bbox 2121 2771 3709 2850">
     <span class='ocr_line' id='line_1_69' title="bbox 2121 2771 3709 2850; baseline -0.001 -19"><span class='ocrx_word' id='word_1_489' title='bbox 2121 2777 2375 2848; x_wconf 88' lang='grc' dir='ltr'>ἐργάται,</span> <span class='ocrx_word' id='word_1_490' title='bbox 2399 2776 2542 2830; x_wconf 77' lang='grc' dir='ltr'>οὕτω</span> <span class='ocrx_word' id='word_1_491' title='bbox 2573 2778 2666 2832; x_wconf 78' lang='grc' dir='ltr'>καὶ</span> <span class='ocrx_word' id='word_1_492' title='bbox 2685 2778 2785 2849; x_wconf 86' lang='grc' dir='ltr'>τὴν</span> <span class='ocrx_word' id='word_1_493' title='bbox 2822 2779 2980 2850; x_wconf 88' lang='grc' dir='ltr'>δίκην</span> <span class='ocrx_word' id='word_1_494' title='bbox 3003 2779 3217 2834; x_wconf 75' lang='grc' dir='ltr'>ἔσονται</span> <span class='ocrx_word' id='word_1_495' title='bbox 3247 2779 3598 2847; x_wconf 81' lang='grc' dir='ltr'>ὑποσχόντες,</span> <span class='ocrx_word' id='word_1_496' title='bbox 3622 2771 3709 2840; x_wconf 73' lang='grc' dir='ltr'>οἷς</span> 
     </span>
    </p>
   </div>
   <div class='ocr_carea' id='block_1_70' title="bbox 2122 2866 3708 2942">
    <p class='ocr_par' dir='ltr' id='par_1_70' title="bbox 2122 2866 3708 2942">
     <span class='ocr_line' id='line_1_70' title="bbox 2122 2866 3708 2942; baseline -0.001 -19"><span class='ocrx_word' id='word_1_497' title='bbox 2122 2868 2504 2940; x_wconf 80' lang='grc' dir='ltr'>διωρισάμεθα</span> <span class='ocrx_word' id='word_1_498' title='bbox 2537 2869 2765 2940; x_wconf 87' lang='grc' dir='ltr'>τρόποις</span> <span class='ocrx_word' id='word_1_499' title='bbox 2796 2871 3060 2942; x_wconf 83' lang='grc' dir='ltr'>ἐκατέρου</span> <span class='ocrx_word' id='word_1_500' title='bbox 3091 2870 3292 2940; x_wconf 81' lang='grc' dir='ltr'>μέρους</span> <span class='ocrx_word' id='word_1_501' title='bbox 3320 2866 3708 2938; x_wconf 73' lang='grc' dir='ltr'>κολαζομένου.</span> 
     </span>
    </p>
   </div>
   <div class='ocr_carea' id='block_1_71' title="bbox 2681 2980 3156 3036">
    <p class='ocr_par' dir='ltr' id='par_1_71' title="bbox 2681 2980 3156 3036">
     <span class='ocr_line' id='line_1_71' title="bbox 2681 2980 3156 3036; baseline 0.004 -3"><span class='ocrx_word' id='word_1_502' title='bbox 2681 2980 2993 3033; x_wconf 79' lang='grc' dir='ltr'><strong>ΔΙΑΤΑΞΙΣ</strong></span> <span class='ocrx_word' id='word_1_503' title='bbox 3039 2980 3156 3036; x_wconf 85' lang='grc' dir='ltr'><strong>ΞΔ’.</strong></span> 
     </span>
    </p>
   </div>
   <div class='ocr_carea' id='block_1_72' title="bbox 2123 3087 3714 3164">
    <p class='ocr_par' dir='ltr' id='par_1_72' title="bbox 2123 3087 3714 3164">
     <span class='ocr_line' id='line_1_72' title="bbox 2123 3087 3714 3164; baseline -0.004 -16"><span class='ocrx_word' id='word_1_504' title='bbox 2123 3095 2265 3164; x_wconf 75' lang='grc' dir='ltr'>Περὶ</span> <span class='ocrx_word' id='word_1_505' title='bbox 2292 3091 2404 3163; x_wconf 84' lang='grc' dir='ltr'>τῆς</span> <span class='ocrx_word' id='word_1_506' title='bbox 2437 3089 2748 3158; x_wconf 71' lang='grc' dir='ltr'>κολάσεως</span> <span class='ocrx_word' id='word_1_507' title='bbox 2778 3093 2898 3147; x_wconf 81' lang='grc' dir='ltr'>τῶν</span> <span class='ocrx_word' id='word_1_508' title='bbox 2934 3089 3460 3161; x_wconf 49' lang='grc' dir='ltr'>ἀποκρυψαμένους</span> <span class='ocrx_word' id='word_1_509' title='bbox 3485 3089 3560 3144; x_wconf 72' lang='grc' dir='ltr'>τὰ</span> <span class='ocrx_word' id='word_1_510' title='bbox 3592 3087 3714 3143; x_wconf 72' lang='grc' dir='ltr'>τῶν</span> 
     </span>
    </p>
   </div>
   <div class='ocr_carea' id='block_1_73' title="bbox 2692 3165 3142 3233">
    <p class='ocr_par' dir='ltr' id='par_1_73' title="bbox 2692 3165 3142 3233">
     <span class='ocr_line' id='line_1_73' title="bbox 2692 3165 3142 3233; baseline 0 -17"><span class='ocrx_word' id='word_1_511' title='bbox 2692 3165 3142 3233; x_wconf 79' lang='grc' dir='ltr'>ναυαγούντων.</span> 
     </span>
    </p>
   </div>
   <div class='ocr_carea' id='block_1_74' title="bbox 2203 3252 3341 3326">
    <p class='ocr_par' dir='ltr' id='par_1_74' title="bbox 2203 3252 3341 3326">
     <span class='ocr_line' id='line_1_74' title="bbox 2203 3252 3341 3326; baseline 0 -18"><span class='ocrx_word' id='word_1_512' title='bbox 2203 3255 2264 3308; x_wconf 86' lang='lat'><strong>&#39;0</strong></span> <span class='ocrx_word' id='word_1_513' title='bbox 2289 3255 2452 3319; x_wconf 80' lang='grc' dir='ltr'>αὐτὸς</span> <span class='ocrx_word' id='word_1_514' title='bbox 2485 3256 2742 3326; x_wconf 79' lang='grc' dir='ltr'>βασιλεὺς</span> <span class='ocrx_word' id='word_1_515' title='bbox 2769 3254 3048 3324; x_wconf 86' lang='grc' dir='ltr'>Στυλιανῷ</span> <span class='ocrx_word' id='word_1_516' title='bbox 3071 3253 3150 3325; x_wconf 83' lang='grc' dir='ltr'><strong>τῷ</strong></span> <span class='ocrx_word' id='word_1_517' title='bbox 3172 3252 3341 3324; x_wconf 84' lang='grc' dir='ltr'>αὐτῷ.</span> 
     </span>
    </p>
   </div>
   <div class='ocr_carea' id='block_1_75' title="bbox 2207 3341 3711 3414">
    <p class='ocr_par' dir='ltr' id='par_1_75' title="bbox 2207 3341 3711 3414">
     <span class='ocr_line' id='line_1_75' title="bbox 2207 3341 3711 3414; baseline -0.001 -17"><span class='ocrx_word' id='word_1_518' title='bbox 2207 3346 2414 3399; x_wconf 82' lang='grc' dir='ltr'>Ἐκεῖνο</span> <span class='ocrx_word' id='word_1_519' title='bbox 2435 3346 2492 3400; x_wconf 91' lang='grc' dir='ltr'><strong>δέ</strong></span> <span class='ocrx_word' id='word_1_520' title='bbox 2517 3347 2638 3400; x_wconf 86' lang='grc' dir='ltr'>λίαν</span> <span class='ocrx_word' id='word_1_521' title='bbox 2662 3343 2950 3414; x_wconf 86' lang='grc' dir='ltr'>θαυμάζω,</span> <span class='ocrx_word' id='word_1_522' title='bbox 2976 3345 3094 3407; x_wconf 87' lang='grc' dir='ltr'><strong>πῶς</strong></span> <span class='ocrx_word' id='word_1_523' title='bbox 3122 3347 3150 3398; x_wconf 88' lang='grc' dir='ltr'>ὁ</span> <span class='ocrx_word' id='word_1_524' title='bbox 3177 3345 3246 3399; x_wconf 88' lang='grc' dir='ltr'><strong>τὰ</strong></span> <span class='ocrx_word' id='word_1_525' title='bbox 3266 3345 3330 3397; x_wconf 88' lang='grc' dir='ltr'><strong>ἐκ</strong></span> <span class='ocrx_word' id='word_1_526' title='bbox 3352 3341 3641 3397; x_wconf 86' lang='grc' dir='ltr'>θαλαττίου</span> <span class='ocrx_word' id='word_1_527' title='bbox 3664 3342 3711 3375; x_wconf 84' lang='grc'><strong><em>⁸⁸</em></strong></span> 
     </span>
    </p>
   </div>
   <div class='ocr_carea' id='block_1_76' title="bbox 2124 3437 3711 3514">
    <p class='ocr_par' dir='ltr' id='par_1_76' title="bbox 2124 3437 3711 3514">
     <span class='ocr_line' id='line_1_76' title="bbox 2124 3437 3711 3514; baseline -0.004 -20"><span class='ocrx_word' id='word_1_528' title='bbox 2124 3441 2375 3495; x_wconf 88' lang='grc' dir='ltr'>κινδύνου</span> <span class='ocrx_word' id='word_1_529' title='bbox 2411 3439 3189 3514; x_wconf 62' lang='grc' dir='ltr'>ἀποκρυπτόμενοςιτοσοῦτον</span> <span class='ocrx_word' id='word_1_530' title='bbox 3217 3437 3396 3502; x_wconf 77' lang='grc' dir='ltr'>ἔδοξεν</span> <span class='ocrx_word' id='word_1_531' title='bbox 3423 3438 3711 3509; x_wconf 87' lang='grc' dir='ltr'>ἁμαρτεῖν,</span> 
     </span>
    </p>
   </div>
   <div class='ocr_carea' id='block_1_77' title="bbox 2123 3526 3709 3602">
    <p class='ocr_par' dir='ltr' id='par_1_77' title="bbox 2123 3526 3709 3602">
     <span class='ocr_line' id='line_1_77' title="bbox 2123 3526 3709 3602; baseline -0.003 -18"><span class='ocrx_word' id='word_1_532' title='bbox 2123 3531 2266 3584; x_wconf 78' lang='grc' dir='ltr'>ὥστε</span> <span class='ocrx_word' id='word_1_533' title='bbox 2294 3531 2525 3586; x_wconf 87' lang='grc' dir='ltr'>θάνατον</span> <span class='ocrx_word' id='word_1_534' title='bbox 2546 3533 2776 3600; x_wconf 90' lang='grc' dir='ltr'>ἐπάγειν</span> <span class='ocrx_word' id='word_1_535' title='bbox 2801 3531 2952 3602; x_wconf 79' lang='grc' dir='ltr'>αὐτῷ</span> <span class='ocrx_word' id='word_1_536' title='bbox 2976 3531 3076 3600; x_wconf 79' lang='grc' dir='ltr'>τὴν</span> <span class='ocrx_word' id='word_1_537' title='bbox 3120 3529 3377 3600; x_wconf 87' lang='grc' dir='ltr'>τοιαύτην</span> <span class='ocrx_word' id='word_1_538' title='bbox 3409 3526 3709 3597; x_wconf 87' lang='grc' dir='ltr'>ἁμαρτίαν.</span> 
     </span>
    </p>
   </div>
   <div class='ocr_carea' id='block_1_78' title="bbox 2126 3616 3711 3693">
    <p class='ocr_par' dir='ltr' id='par_1_78' title="bbox 2126 3616 3711 3693">
     <span class='ocr_line' id='line_1_78' title="bbox 2126 3616 3711 3693; baseline -0.006 -19"><span class='ocrx_word' id='word_1_539' title='bbox 2126 3622 2250 3674; x_wconf 79' lang='grc' dir='ltr'>Ὀτι</span> <span class='ocrx_word' id='word_1_540' title='bbox 2280 3622 2380 3693; x_wconf 80' lang='grc' dir='ltr'>μὲν</span> <span class='ocrx_word' id='word_1_541' title='bbox 2403 3623 2510 3693; x_wconf 90' lang='grc' dir='ltr'><strong>γὰρ</strong></span> <span class='ocrx_word' id='word_1_542' title='bbox 2553 3621 2830 3692; x_wconf 83' lang='grc' dir='ltr'>ἁμαρτίαν</span> <span class='ocrx_word' id='word_1_543' title='bbox 2854 3621 2914 3673; x_wconf 86' lang='grc' dir='ltr'><strong>ού</strong></span> <span class='ocrx_word' id='word_1_544' title='bbox 2964 3620 3194 3690; x_wconf 90' lang='grc' dir='ltr'>μετρίαν</span> <span class='ocrx_word' id='word_1_545' title='bbox 3222 3619 3418 3688; x_wconf 80' lang='grc' dir='ltr'>τολμᾷ,</span> <span class='ocrx_word' id='word_1_546' title='bbox 3466 3616 3711 3678; x_wconf 81' lang='grc' dir='ltr'>ἐκείνους</span> 
     </span>
    </p>
   </div>
   <div class='ocr_carea' id='block_1_79' title="bbox 2124 3707 3714 3785">
    <p class='ocr_par' dir='ltr' id='par_1_79' title="bbox 2124 3707 3714 3785">
     <span class='ocr_line' id='line_1_79' title="bbox 2124 3707 3714 3785; baseline -0.006 -17"><span class='ocrx_word' id='word_1_547' title='bbox 2124 3713 2448 3785; x_wconf 80' lang='grc' dir='ltr'>ἀποστερῶν</span> <span class='ocrx_word' id='word_1_548' title='bbox 2471 3714 2580 3767; x_wconf 88' lang='grc' dir='ltr'><strong>τῶν</strong></span> <span class='ocrx_word' id='word_1_549' title='bbox 2617 3715 2785 3780; x_wconf 74' lang='grc' dir='ltr'>ἰδίων,</span> <span class='ocrx_word' id='word_1_550' title='bbox 2820 3710 2901 3776; x_wconf 74' lang='grc' dir='ltr'>οἷς</span> <span class='ocrx_word' id='word_1_551' title='bbox 2937 3713 3068 3775; x_wconf 82' lang='grc' dir='ltr'>ἴσως</span> <span class='ocrx_word' id='word_1_552' title='bbox 3101 3711 3200 3765; x_wconf 83' lang='grc' dir='ltr'>καὶ</span> <span class='ocrx_word' id='word_1_553' title='bbox 3235 3710 3365 3780; x_wconf 84' lang='grc' dir='ltr'>παρ’</span> <span class='ocrx_word' id='word_1_554' title='bbox 3391 3707 3586 3762; x_wconf 80' lang='grc' dir='ltr'>ἐαυτοῦ</span> <span class='ocrx_word' id='word_1_555' title='bbox 3609 3708 3714 3760; x_wconf 82' lang='grc' dir='ltr'>ἐπ-</span> 
     </span>
    </p>
   </div>
   <div class='ocr_carea' id='block_1_80' title="bbox 2125 3801 3713 3877">
    <p class='ocr_par' dir='ltr' id='par_1_80' title="bbox 2125 3801 3713 3877">
     <span class='ocr_line' id='line_1_80' title="bbox 2125 3801 3713 3877; baseline -0.007 -17"><span class='ocrx_word' id='word_1_556' title='bbox 2125 3804 2313 3877; x_wconf 90' lang='grc' dir='ltr'>αρκῶν</span> <span class='ocrx_word' id='word_1_557' title='bbox 2333 3805 2379 3839; x_wconf 80' lang='grc'><strong><em>³⁸</em></strong></span> <span class='ocrx_word' id='word_1_558' title='bbox 2408 3823 2492 3870; x_wconf 91' lang='grc' dir='ltr'><strong>τις</strong></span> <span class='ocrx_word' id='word_1_559' title='bbox 2521 3807 2598 3869; x_wconf 85' lang='grc' dir='ltr'><strong>είς</strong></span> <span class='ocrx_word' id='word_1_560' title='bbox 2630 3805 2778 3858; x_wconf 78' lang='grc' dir='ltr'>ἔλεον</span> <span class='ocrx_word' id='word_1_561' title='bbox 2805 3804 3086 3866; x_wconf 89' lang='grc' dir='ltr'>καταστὰς</span> <span class='ocrx_word' id='word_1_562' title='bbox 3113 3803 3216 3856; x_wconf 77' lang='grc' dir='ltr'>οὐκ</span> <span class='ocrx_word' id='word_1_563' title='bbox 3268 3803 3335 3855; x_wconf 84' lang='grc' dir='ltr'><strong>ἂν</strong></span> <span class='ocrx_word' id='word_1_564' title='bbox 3362 3801 3408 3833; x_wconf 86' lang='grc'>⁶⁰</span> <span class='ocrx_word' id='word_1_565' title='bbox 3448 3801 3516 3868; x_wconf 76' lang='grc' dir='ltr'>ἣν</span> <span class='ocrx_word' id='word_1_566' title='bbox 3552 3815 3713 3868; x_wconf 85' lang='grc' dir='ltr'>περι-</span> 
     </span>
    </p>
   </div>
   <div class='ocr_carea' id='block_1_81' title="bbox 2127 3891 3714 3968">
    <p class='ocr_par' dir='ltr' id='par_1_81' title="bbox 2127 3891 3714 3968">
     <span class='ocr_line' id='line_1_81' title="bbox 2127 3891 3714 3968; baseline -0.006 -18"><span class='ocrx_word' id='word_1_567' title='bbox 2127 3899 2356 3968; x_wconf 79' lang='grc' dir='ltr'>φέρουσι</span> <span class='ocrx_word' id='word_1_568' title='bbox 2417 3897 2506 3951; x_wconf 90' lang='grc' dir='ltr'><strong>διὰ</strong></span> <span class='ocrx_word' id='word_1_569' title='bbox 2565 3897 2676 3950; x_wconf 91' lang='grc' dir='ltr'><strong>τῶν</strong></span> <span class='ocrx_word' id='word_1_570' title='bbox 2745 3897 2996 3965; x_wconf 85' lang='grc' dir='ltr'>ἐγκάτων</span> <span class='ocrx_word' id='word_1_571' title='bbox 3053 3895 3250 3964; x_wconf 81' lang='grc' dir='ltr'>ὀδύνην</span> <span class='ocrx_word' id='word_1_572' title='bbox 3307 3891 3714 3958; x_wconf 77' lang='grc' dir='ltr'>καταπραΰνων</span> 
     </span>
    </p>
   </div>
   <div class='ocr_carea' id='block_1_82' title="bbox 2126 3982 3716 4060">
    <p class='ocr_par' dir='ltr' id='par_1_82' title="bbox 2126 3982 3716 4060">
     <span class='ocr_line' id='line_1_82' title="bbox 2126 3982 3716 4060; baseline -0.008 -16"><span class='ocrx_word' id='word_1_573' title='bbox 2126 3986 2316 4059; x_wconf 75' lang='grc' dir='ltr'>ὀφθείη</span> <span class='ocrx_word' id='word_1_574' title='bbox 2343 3989 2511 4060; x_wconf 83' lang='grc' dir='ltr'>(είκδς</span> <span class='ocrx_word' id='word_1_575' title='bbox 2542 3988 2653 4059; x_wconf 92' lang='grc' dir='ltr'><strong>γὰρ</strong></span> <span class='ocrx_word' id='word_1_576' title='bbox 2683 3988 2886 4057; x_wconf 81' lang='grc' dir='ltr'>πολλὴν</span> <span class='ocrx_word' id='word_1_577' title='bbox 2911 3987 3115 4060; x_wconf 83' lang='grc' dir='ltr'>ζημίαν</span> <span class='ocrx_word' id='word_1_578' title='bbox 3141 3983 3365 4040; x_wconf 76' lang='grc' dir='ltr'>καὶτῶν</span> <span class='ocrx_word' id='word_1_579' title='bbox 3388 3983 3559 4036; x_wconf 74' lang='grc' dir='ltr'>ὅντων</span> <span class='ocrx_word' id='word_1_580' title='bbox 3580 3982 3716 4034; x_wconf 87' lang='grc' dir='ltr'>ἁπο-</span> 
     </span>
    </p>
   </div>
   <div class='ocr_carea' id='block_1_83' title="bbox 2127 4071 3714 4150">
    <p class='ocr_par' dir='ltr' id='par_1_83' title="bbox 2127 4071 3714 4150">
     <span class='ocr_line' id='line_1_83' title="bbox 2127 4071 3714 4150; baseline -0.006 -18"><span class='ocrx_word' id='word_1_581' title='bbox 2127 4079 2291 4150; x_wconf 81' lang='grc' dir='ltr'>ϐολὴν</span> <span class='ocrx_word' id='word_1_582' title='bbox 2321 4078 2660 4150; x_wconf 85' lang='grc' dir='ltr'>ὑπομεῖναι),</span> <span class='ocrx_word' id='word_1_583' title='bbox 2689 4077 2847 4132; x_wconf 80' lang='grc' dir='ltr'>τοῦτο</span> <span class='ocrx_word' id='word_1_584' title='bbox 2873 4079 2985 4132; x_wconf 89' lang='grc' dir='ltr'><strong>τῶν</strong></span> <span class='ocrx_word' id='word_1_585' title='bbox 3017 4075 3364 4146; x_wconf 80' lang='grc' dir='ltr'>φαινομένων</span> <span class='ocrx_word' id='word_1_586' title='bbox 3396 4072 3568 4125; x_wconf 80' lang='grc' dir='ltr'>ἐστίν.</span> <span class='ocrx_word' id='word_1_587' title='bbox 3589 4071 3714 4123; x_wconf 77' lang='grc' dir='ltr'>Ὀτι</span> 
     </span>
    </p>
   </div>
   <div class='ocr_carea' id='block_1_84' title="bbox 2127 4157 3714 4242">
    <p class='ocr_par' dir='ltr' id='par_1_84' title="bbox 2127 4157 3714 4242">
     <span class='ocr_line' id='line_1_84' title="bbox 2127 4157 3714 4242; baseline -0.015 -8"><span class='ocrx_word' id='word_1_588' title='bbox 2127 4171 2185 4226; x_wconf 67' lang='grc' dir='ltr'><strong>δὲ</strong></span> <span class='ocrx_word' id='word_1_589' title='bbox 2217 4173 2324 4241; x_wconf 77' lang='grc' dir='ltr'><strong>χρὴ</strong></span> <span class='ocrx_word' id='word_1_590' title='bbox 2358 4170 2506 4240; x_wconf 80' lang='grc' dir='ltr'>ζωῆς</span> <span class='ocrx_word' id='word_1_591' title='bbox 2544 4169 2967 4242; x_wconf 84' lang='grc' dir='ltr'>ἀποστερεῖσθαι</span> <span class='ocrx_word' id='word_1_592' title='bbox 2999 4169 3126 4230; x_wconf 78' lang='grc' dir='ltr'>τοὺς</span> <span class='ocrx_word' id='word_1_593' title='bbox 3159 4165 3283 4219; x_wconf 85' lang='grc' dir='ltr'>καθ’</span> <span class='ocrx_word' id='word_1_594' title='bbox 3323 4157 3399 4218; x_wconf 82' lang='grc' dir='ltr'>ὧν</span> <span class='ocrx_word' id='word_1_595' title='bbox 3437 4165 3470 4232; x_wconf 77' lang='grc' dir='ltr'><strong>ἡ</strong></span> <span class='ocrx_word' id='word_1_596' title='bbox 3508 4161 3714 4230; x_wconf 80' lang='grc' dir='ltr'>ἐκπλη-</span> 
     </span>
    </p>
   </div>
   <div class='ocr_carea' id='block_1_85' title="bbox 2131 4254 3715 4334">
    <p class='ocr_par' dir='ltr' id='par_1_85' title="bbox 2131 4254 3715 4334">
     <span class='ocr_line' id='line_1_85' title="bbox 2131 4254 3715 4334; baseline -0.016 -5"><span class='ocrx_word' id='word_1_597' title='bbox 2131 4264 2211 4330; x_wconf 82' lang='grc' dir='ltr'><strong>ξις</strong></span> <span class='ocrx_word' id='word_1_598' title='bbox 2241 4263 2355 4334; x_wconf 74' lang='grc' dir='ltr'>ἔχει</span> <span class='ocrx_word' id='word_1_599' title='bbox 2387 4263 2486 4332; x_wconf 80' lang='grc' dir='ltr'>τὴν</span> <span class='ocrx_word' id='word_1_600' title='bbox 2510 4263 2718 4333; x_wconf 85' lang='grc' dir='ltr'>χώραν,</span> <span class='ocrx_word' id='word_1_601' title='bbox 2758 4262 2918 4316; x_wconf 80' lang='grc' dir='ltr'>τοῦτο</span> <span class='ocrx_word' id='word_1_602' title='bbox 2961 4260 3192 4315; x_wconf 87' lang='grc' dir='ltr'>συνιδεῖν</span> <span class='ocrx_word' id='word_1_603' title='bbox 3228 4257 3329 4310; x_wconf 83' lang='grc' dir='ltr'><strong>οὐκ</strong></span> <span class='ocrx_word' id='word_1_604' title='bbox 3357 4255 3486 4326; x_wconf 83' lang='grc' dir='ltr'>ἐχω.</span> <span class='ocrx_word' id='word_1_605' title='bbox 3508 4254 3575 4306; x_wconf 83' lang='grc' dir='ltr'>Τί</span> <span class='ocrx_word' id='word_1_606' title='bbox 3603 4254 3715 4323; x_wconf 77' lang='grc' dir='ltr'><strong>γάρ</strong></span> 
     </span>
    </p>
   </div>
   <div class='ocr_carea' id='block_1_86' title="bbox 2129 4340 3716 4424">
    <p class='ocr_par' dir='ltr' id='par_1_86' title="bbox 2129 4340 3716 4424">
     <span class='ocr_line' id='line_1_86' title="bbox 2129 4340 3716 4424; baseline -0.008 -14"><span class='ocrx_word' id='word_1_607' title='bbox 2129 4354 2384 4410; x_wconf 76' lang='grc' dir='ltr'>τοσοῦτον</span> <span class='ocrx_word' id='word_1_608' title='bbox 2414 4353 2689 4424; x_wconf 86' lang='grc' dir='ltr'>ἀφείλετο,</span> <span class='ocrx_word' id='word_1_609' title='bbox 2714 4353 2742 4406; x_wconf 87' lang='grc' dir='ltr'><strong>ὃ</strong></span> <span class='ocrx_word' id='word_1_610' title='bbox 2772 4353 2971 4421; x_wconf 80' lang='grc' dir='ltr'>γένοιτ’</span> <span class='ocrx_word' id='word_1_611' title='bbox 2996 4350 3062 4406; x_wconf 84' lang='grc' dir='ltr'><strong>ἂν</strong></span> <span class='ocrx_word' id='word_1_612' title='bbox 3096 4349 3402 4403; x_wconf 73' lang='grc' dir='ltr'>ἰσοστάσιον</span> <span class='ocrx_word' id='word_1_613' title='bbox 3425 4346 3622 4416; x_wconf 78' lang='grc' dir='ltr'>ψυχῆς,</span> <span class='ocrx_word' id='word_1_614' title='bbox 3646 4340 3716 4417; x_wconf 79' lang='grc' dir='ltr'>ἦς</span> 
     </span>
    </p>
   </div>
   <div class='ocr_carea' id='block_1_87' title="bbox 2131 4435 3718 4520">
    <p class='ocr_par' dir='ltr' id='par_1_87' title="bbox 2131 4435 3718 4520">
     <span class='ocr_line' id='line_1_87' title="bbox 2131 4435 3718 4520; baseline -0.009 -18"><span class='ocrx_word' id='word_1_615' title='bbox 2131 4447 2229 4520; x_wconf 80' lang='grc' dir='ltr'><strong>τὴν</strong></span> <span class='ocrx_word' id='word_1_616' title='bbox 2259 4445 2548 4519; x_wconf 75' lang='grc' dir='ltr'>εἴσπραξιν</span> <span class='ocrx_word' id='word_1_617' title='bbox 2585 4445 2978 4517; x_wconf 83' lang='grc' dir='ltr'>κατακρίνεται</span> <span class='ocrx_word' id='word_1_618' title='bbox 3005 4461 3019 4512; x_wconf 91' lang='grc'><strong>;</strong></span> <span class='ocrx_word' id='word_1_619' title='bbox 3044 4442 3315 4503; x_wconf 86' lang='grc' dir='ltr'>’κάκιστος</span> <span class='ocrx_word' id='word_1_620' title='bbox 3361 4439 3460 4510; x_wconf 83' lang='grc' dir='ltr'><strong>μὲν</strong></span> <span class='ocrx_word' id='word_1_621' title='bbox 3494 4437 3588 4489; x_wconf 78' lang='grc' dir='ltr'><strong>οὖν</strong></span> <span class='ocrx_word' id='word_1_622' title='bbox 3622 4435 3718 4489; x_wconf 84' lang='grc' dir='ltr'>καὶ</span> 
     </span>
    </p>
   </div>
   <div class='ocr_carea' id='block_1_88' title="bbox 445 4515 2021 4612">
    <p class='ocr_par' dir='ltr' id='par_1_88' title="bbox 445 4515 2021 4606">
     <span class='ocr_line' id='line_1_88' title="bbox 445 4515 2021 4606; baseline -0.003 -12"><span class='ocrx_word' id='word_1_623' title='bbox 445 4538 645 4594; x_wconf 85' lang='lat' dir='ltr'><strong>debere</strong></span> <span class='ocrx_word' id='word_1_624' title='bbox 678 4538 766 4593; x_wconf 93' lang='lat' dir='ltr'><strong>illc</strong></span> <span class='ocrx_word' id='word_1_625' title='bbox 796 4536 1233 4592; x_wconf 82' lang='lat' dir='ltr'><strong>condemnatur?</strong></span> <span class='ocrx_word' id='word_1_626' title='bbox 1283 4535 1566 4591; x_wconf 89' lang='lat' dir='ltr'><strong>Pessimus</strong></span> <span class='ocrx_word' id='word_1_627' title='bbox 1623 4515 1842 4606; x_wconf 85' lang='lat' dir='ltr'><strong>quidem</strong></span> <span class='ocrx_word' id='word_1_628' title='bbox 1876 4542 2021 4591; x_wconf 87' lang='lat' dir='ltr'><strong>certe</strong></span> 
     </span>
    </p>
   </div>
   <div class='ocr_carea' id='block_1_89' title="bbox 2121 4515 3718 4612">
    <p class='ocr_par' dir='ltr' id='par_1_89' title="bbox 2133 4515 3718 4612">
     <span class='ocr_line' id='line_1_89' title="bbox 2133 4515 3718 4612; baseline -0.01 -18"><span class='ocrx_word' id='word_1_629' title='bbox 2133 4515 2412 4612; x_wconf 81' lang='grc' dir='ltr'>ἁλιτήριος</span> <span class='ocrx_word' id='word_1_630' title='bbox 2439 4542 2466 4593; x_wconf 83' lang='grc' dir='ltr'><strong>ὁ</strong></span> <span class='ocrx_word' id='word_1_631' title='bbox 2489 4541 2733 4593; x_wconf 88' lang='grc' dir='ltr'>τοιούτου</span> <span class='ocrx_word' id='word_1_632' title='bbox 2765 4515 2992 4609; x_wconf 82' lang='grc' dir='ltr'>κέρδους</span> <span class='ocrx_word' id='word_1_633' title='bbox 3028 4533 3268 4588; x_wconf 87' lang='grc' dir='ltr'>ἐλάττων</span> <span class='ocrx_word' id='word_1_634' title='bbox 3292 4533 3359 4595; x_wconf 78' lang='grc'><strong>⁸⁸,</strong></span> <span class='ocrx_word' id='word_1_635' title='bbox 3391 4528 3548 4582; x_wconf 80' lang='grc' dir='ltr'>τοῦτο</span> <span class='ocrx_word' id='word_1_636' title='bbox 3567 4527 3632 4597; x_wconf 78' lang='grc' dir='ltr'>δὴ</span> <span class='ocrx_word' id='word_1_637' title='bbox 3655 4526 3718 4579; x_wconf 85' lang='grc' dir='ltr'><strong>τὸ</strong></span> 
     </span>
    </p>
   </div>
   <div class='ocr_carea' id='block_1_90' title="bbox 445 4627 2026 4700">
    <p class='ocr_par' dir='ltr' id='par_1_90' title="bbox 445 4627 2026 4700">
     <span class='ocr_line' id='line_1_90' title="bbox 445 4627 2026 4700; baseline -0.003 -14"><span class='ocrx_word' id='word_1_638' title='bbox 445 4641 531 4686; x_wconf 84' lang='lat' dir='ltr'><strong>est</strong></span> <span class='ocrx_word' id='word_1_639' title='bbox 563 4637 617 4684; x_wconf 92' lang='lat' dir='ltr'><strong>et</strong></span> <span class='ocrx_word' id='word_1_640' title='bbox 637 4628 963 4700; x_wconf 75' lang='lat' dir='ltr'><strong>sacrilegus,</strong></span> <span class='ocrx_word' id='word_1_641' title='bbox 991 4628 1083 4698; x_wconf 89' lang='lat' dir='ltr'><strong>qui</strong></span> <span class='ocrx_word' id='word_1_642' title='bbox 1104 4642 1162 4683; x_wconf 92' lang='lat' dir='ltr'><strong>se</strong></span> <span class='ocrx_word' id='word_1_643' title='bbox 1179 4627 1492 4682; x_wconf 90' lang='lat' dir='ltr'><strong>istiusmodi</strong></span> <span class='ocrx_word' id='word_1_644' title='bbox 1527 4627 1680 4682; x_wconf 89' lang='lat' dir='ltr'><strong>lucro</strong></span> <span class='ocrx_word' id='word_1_645' title='bbox 1705 4627 1983 4697; x_wconf 81' lang='lat' dir='ltr'><strong>mancipat</strong></span> <span class='ocrx_word' id='word_1_646' title='bbox 2011 4644 2026 4681; x_wconf 91' lang='lat'><strong>:</strong></span> 
     </span>
    </p>
   </div>
   <div class='ocr_carea' id='block_1_91' title="bbox 2136 4617 3717 4704">
    <p class='ocr_par' dir='ltr' id='par_1_91' title="bbox 2136 4617 3717 4704">
     <span class='ocr_line' id='line_1_91' title="bbox 2136 4617 3717 4704; baseline -0.012 -16"><span class='ocrx_word' id='word_1_647' title='bbox 2136 4635 2268 4704; x_wconf 86' lang='grc' dir='ltr'>παρ’</span> <span class='ocrx_word' id='word_1_648' title='bbox 2307 4632 2467 4686; x_wconf 83' lang='grc' dir='ltr'>ἐνίων</span> <span class='ocrx_word' id='word_1_649' title='bbox 2520 4629 2830 4701; x_wconf 90' lang='grc' dir='ltr'>γινόμενον,</span> <span class='ocrx_word' id='word_1_650' title='bbox 2887 4623 3196 4697; x_wconf 90' lang='grc' dir='ltr'>περισυλῶν</span> <span class='ocrx_word' id='word_1_651' title='bbox 3251 4620 3604 4691; x_wconf 81' lang='grc' dir='ltr'>τεθνηκότας,</span> <span class='ocrx_word' id='word_1_652' title='bbox 3654 4617 3717 4670; x_wconf 88' lang='grc' dir='ltr'><strong>ού</strong></span> 
     </span>
    </p>
   </div>
   <div class='ocr_carea' id='block_1_92' title="bbox 447 4711 2021 4795">
    <p class='ocr_par' dir='ltr' id='par_1_92' title="bbox 447 4717 2021 4792">
     <span class='ocr_line' id='line_1_92' title="bbox 447 4717 2021 4792; baseline -0.001 -16"><span class='ocrx_word' id='word_1_653' title='bbox 447 4737 513 4778; x_wconf 91' lang='lat' dir='ltr'><strong>ac</strong></span> <span class='ocrx_word' id='word_1_654' title='bbox 550 4737 685 4779; x_wconf 89' lang='lat' dir='ltr'><strong>sane</strong></span> <span class='ocrx_word' id='word_1_655' title='bbox 749 4721 843 4776; x_wconf 77' lang='lat' dir='ltr'><strong>ille</strong></span> <span class='ocrx_word' id='word_1_656' title='bbox 871 4721 946 4792; x_wconf 88' lang='lat' dir='ltr'><strong>(id</strong></span> <span class='ocrx_word' id='word_1_657' title='bbox 979 4720 1126 4789; x_wconf 91' lang='lat' dir='ltr'><strong>quod</strong></span> <span class='ocrx_word' id='word_1_658' title='bbox 1193 4718 1263 4774; x_wconf 87' lang='lat' dir='ltr'><strong>ab</strong></span> <span class='ocrx_word' id='word_1_659' title='bbox 1311 4717 1589 4789; x_wconf 90' lang='lat' dir='ltr'><strong>aliquibus</strong></span> <span class='ocrx_word' id='word_1_660' title='bbox 1643 4717 1722 4788; x_wconf 81' lang='lat' dir='ltr'><strong>ﬁt)</strong></span> <span class='ocrx_word' id='word_1_661' title='bbox 1777 4727 2021 4775; x_wconf 82' lang='lat' dir='ltr'><strong>mortuos</strong></span> 
     </span>
    </p>
   </div>
   <div class='ocr_carea' id='block_1_93' title="bbox 2121 4711 3720 4795">
    <p class='ocr_par' dir='ltr' id='par_1_93' title="bbox 2141 4711 3720 4795">
     <span class='ocr_line' id='line_1_93' title="bbox 2141 4711 3720 4795; baseline -0.011 -18"><span class='ocrx_word' id='word_1_662' title='bbox 2141 4724 2247 4795; x_wconf 81' lang='grc' dir='ltr'><strong>μὴν</strong></span> <span class='ocrx_word' id='word_1_663' title='bbox 2277 4726 2310 4794; x_wconf 83' lang='grc' dir='ltr'>ἠ</span> <span class='ocrx_word' id='word_1_664' title='bbox 2341 4721 2575 4793; x_wconf 88' lang='grc' dir='ltr'>πονηρία</span> <span class='ocrx_word' id='word_1_665' title='bbox 2602 4720 2858 4786; x_wconf 85' lang='grc' dir='ltr'>τοιαύτης</span> <span class='ocrx_word' id='word_1_666' title='bbox 2884 4718 3012 4782; x_wconf 80' lang='grc' dir='ltr'>ἀξία</span> <span class='ocrx_word' id='word_1_667' title='bbox 3041 4717 3218 4787; x_wconf 85' lang='grc' dir='ltr'>δίκης.</span> <span class='ocrx_word' id='word_1_668' title='bbox 3264 4714 3338 4770; x_wconf 79' lang='grc' dir='ltr'><strong>Οὐ</strong></span> <span class='ocrx_word' id='word_1_669' title='bbox 3379 4712 3488 4782; x_wconf 87' lang='grc' dir='ltr'>γὰρ</span> <span class='ocrx_word' id='word_1_670' title='bbox 3512 4711 3720 4763; x_wconf 89' lang='grc' dir='ltr'>δίκαιον</span> 
     </span>
    </p>
   </div>
   <div class='ocr_carea' id='block_1_94' title="bbox 449 4799 2021 4884">
    <p class='ocr_par' dir='ltr' id='par_1_94' title="bbox 449 4810 2021 4884">
     <span class='ocr_line' id='line_1_94' title="bbox 449 4810 2021 4884; baseline -0.001 -16"><span class='ocrx_word' id='word_1_671' title='bbox 449 4814 670 4884; x_wconf 85' lang='lat' dir='ltr'><strong>spoliat.</strong></span> <span class='ocrx_word' id='word_1_672' title='bbox 722 4813 1116 4869; x_wconf 83' lang='lat' dir='ltr'><strong>Verumtamen</strong></span> <span class='ocrx_word' id='word_1_673' title='bbox 1168 4810 1222 4866; x_wconf 92' lang='lat' dir='ltr'><strong>id</strong></span> <span class='ocrx_word' id='word_1_674' title='bbox 1288 4810 1500 4866; x_wconf 82' lang='lat' dir='ltr'><strong>facinus</strong></span> <span class='ocrx_word' id='word_1_675' title='bbox 1559 4810 1875 4868; x_wconf 89' lang='lat' dir='ltr'><strong>istiusmodi</strong></span> <span class='ocrx_word' id='word_1_676' title='bbox 1919 4826 2021 4866; x_wconf 85' lang='lat' dir='ltr'><strong>non</strong></span> 
     </span>
    </p>
   </div>
   <div class='ocr_carea' id='block_1_95' title="bbox 2121 4799 3720 4884">
    <p class='ocr_par' dir='ltr' id='par_1_95' title="bbox 2140 4799 3720 4882">
     <span class='ocr_line' id='line_1_95' title="bbox 2140 4799 3720 4882; baseline -0.009 -16"><span class='ocrx_word' id='word_1_677' title='bbox 2140 4813 2264 4866; x_wconf 73' lang='grc' dir='ltr'>ἀντὶ</span> <span class='ocrx_word' id='word_1_678' title='bbox 2298 4813 2625 4882; x_wconf 87' lang='grc' dir='ltr'>πράγματος</span> <span class='ocrx_word' id='word_1_679' title='bbox 2658 4809 2847 4863; x_wconf 81' lang='grc' dir='ltr'>ύλικοῦ</span> <span class='ocrx_word' id='word_1_680' title='bbox 2879 4809 2972 4863; x_wconf 79' lang='grc' dir='ltr'><strong>καὶ</strong></span> <span class='ocrx_word' id='word_1_681' title='bbox 3006 4807 3220 4878; x_wconf 75' lang='grc' dir='ltr'>ῥέοντος</span> <span class='ocrx_word' id='word_1_682' title='bbox 3254 4805 3418 4859; x_wconf 82' lang='grc' dir='ltr'>ἁῦλον</span> <span class='ocrx_word' id='word_1_683' title='bbox 3459 4801 3552 4855; x_wconf 59' lang='grc' dir='ltr'><strong>καὶ⁴</strong></span> <span class='ocrx_word' id='word_1_684' title='bbox 3585 4799 3720 4853; x_wconf 83' lang='grc' dir='ltr'>ἀθά-</span> 
     </span>
    </p>
   </div>
   <div class='ocr_carea' id='block_1_96' title="bbox 450 4887 2021 4977">
    <p class='ocr_par' dir='ltr' id='par_1_96' title="bbox 450 4903 2021 4977">
     <span class='ocr_line' id='line_1_96' title="bbox 450 4903 2021 4977; baseline -0.001 -18"><span class='ocrx_word' id='word_1_685' title='bbox 450 4915 693 4962; x_wconf 86' lang='lat' dir='ltr'><strong>meretur</strong></span> <span class='ocrx_word' id='word_1_686' title='bbox 755 4921 996 4977; x_wconf 64' lang='lat' dir='ltr'><strong>poenam.</strong></span> <span class='ocrx_word' id='word_1_687' title='bbox 1058 4904 1163 4961; x_wconf 86' lang='lat' dir='ltr'><strong>Pro</strong></span> <span class='ocrx_word' id='word_1_688' title='bbox 1196 4903 1309 4977; x_wconf 82' lang='lat' dir='ltr'><strong>(ll)</strong></span> <span class='ocrx_word' id='word_1_689' title='bbox 1353 4919 1413 4960; x_wconf 88' lang='lat' dir='ltr'><strong>re</strong></span> <span class='ocrx_word' id='word_1_690' title='bbox 1464 4905 1612 4962; x_wconf 90' lang='lat' dir='ltr'><strong>enim</strong></span> <span class='ocrx_word' id='word_1_691' title='bbox 1655 4905 2021 4976; x_wconf 22' lang='lat' dir='ltr'><strong>materialilet</strong></span> 
     </span>
    </p>
   </div>
   <div class='ocr_carea' id='block_1_97' title="bbox 2121 4887 3721 4977">
    <p class='ocr_par' dir='ltr' id='par_1_97' title="bbox 2141 4887 3721 4973">
     <span class='ocr_line' id='line_1_97' title="bbox 2141 4887 3721 4973; baseline -0.011 -16"><span class='ocrx_word' id='word_1_692' title='bbox 2141 4920 2303 4957; x_wconf 86' lang='grc' dir='ltr'>νατον</span> <span class='ocrx_word' id='word_1_693' title='bbox 2340 4903 2575 4972; x_wconf 82' lang='grc' dir='ltr'>πρᾶγμα</span> <span class='ocrx_word' id='word_1_694' title='bbox 2605 4901 2707 4973; x_wconf 78' lang='grc' dir='ltr'>τὴν</span> <span class='ocrx_word' id='word_1_695' title='bbox 2734 4899 2912 4972; x_wconf 71' lang='grc' dir='ltr'>ψυχὴν</span> <span class='ocrx_word' id='word_1_696' title='bbox 2932 4897 3257 4969; x_wconf 83' lang='grc' dir='ltr'>λαμϐάνειν.</span> <span class='ocrx_word' id='word_1_697' title='bbox 3293 4895 3357 4949; x_wconf 88' lang='grc' dir='ltr'><strong>Εἰ</strong></span> <span class='ocrx_word' id='word_1_698' title='bbox 3383 4892 3493 4964; x_wconf 79' lang='grc' dir='ltr'>γὰρ</span> <span class='ocrx_word' id='word_1_699' title='bbox 3523 4887 3721 4943; x_wconf 85' lang='grc' dir='ltr'>πολλά-</span> 
     </span>
    </p>
   </div>
   <div class='ocr_carea' id='block_1_98' title="bbox 1791 5037 2478 5097">
    <p class='ocr_par' dir='ltr' id='par_1_98' title="bbox 1791 5037 2478 5097">
     <span class='ocr_line' id='line_1_98' title="bbox 1791 5037 2478 5097; baseline -0.004 0"><span class='ocrx_word' id='word_1_700' title='bbox 1791 5039 2031 5097; x_wconf 63' lang='grc' dir='ltr'><strong>ἾΑΒΙΛΕ</strong></span> <span class='ocrx_word' id='word_1_701' title='bbox 2070 5037 2478 5096; x_wconf 84' lang='lat' dir='ltr'><strong>LECTIONES.</strong></span> 
     </span>
    </p>
   </div>
   <div class='ocr_carea' id='block_1_99' title="bbox 519 5117 3722 5204">
    <p class='ocr_par' dir='ltr' id='par_1_99' title="bbox 519 5117 3722 5204">
     <span class='ocr_line' id='line_1_99' title="bbox 519 5117 3722 5204; baseline -0.006 -15"><span class='ocrx_word' id='word_1_702' title='bbox 519 5132 566 5165; x_wconf 84' lang='grc'><strong><em>³⁸</em></strong></span> <span class='ocrx_word' id='word_1_703' title='bbox 597 5133 831 5204; x_wconf 74' lang='lat' dir='ltr'><strong>Scrimg.</strong></span> <span class='ocrx_word' id='word_1_704' title='bbox 891 5133 1117 5204; x_wconf 81' lang='grc' dir='ltr'>γνώμην</span> <span class='ocrx_word' id='word_1_705' title='bbox 1180 5133 1300 5203; x_wconf 82' lang='grc' dir='ltr'>μέν.</span> <span class='ocrx_word' id='word_1_706' title='bbox 1338 5131 1482 5204; x_wconf 15' lang='grc' dir='ltr'>,Ηοο</span> <span class='ocrx_word' id='word_1_707' title='bbox 1523 5133 1622 5203; x_wconf 84' lang='grc' dir='ltr'>μὲν</span> <span class='ocrx_word' id='word_1_708' title='bbox 1685 5133 1739 5186; x_wconf 92' lang='lat' dir='ltr'><strong>in</strong></span> <span class='ocrx_word' id='word_1_709' title='bbox 1777 5134 1852 5204; x_wconf 74' lang='grc' dir='ltr'>μὴ</span> <span class='ocrx_word' id='word_1_710' title='bbox 1879 5131 2201 5204; x_wconf 69' lang='lat' dir='ltr'><strong>mutandum</strong></span> <span class='ocrx_word' id='word_1_711' title='bbox 2243 5145 2368 5204; x_wconf 76' lang='lat' dir='ltr'><strong>esse</strong></span> <span class='ocrx_word' id='word_1_712' title='bbox 2428 5129 2564 5204; x_wconf 72' lang='lat' dir='ltr'><strong>vidit</strong></span> <span class='ocrx_word' id='word_1_713' title='bbox 2586 5127 2798 5204; x_wconf 79' lang='lat' dir='ltr'><strong>_Steph.</strong></span> <span class='ocrx_word' id='word_1_714' title='bbox 2855 5123 3270 5204; x_wconf 66' lang='lat' dir='ltr'><strong>“_.Agyl._eonj.</strong></span> <span class='ocrx_word' id='word_1_715' title='bbox 3310 5121 3408 5204; x_wconf 48' lang='lat' dir='ltr'><strong>ml</strong></span> <span class='ocrx_word' id='word_1_716' title='bbox 3431 5119 3524 5172; x_wconf 80' lang='grc' dir='ltr'>ἐπὶ</span> <span class='ocrx_word' id='word_1_717' title='bbox 3555 5117 3722 5204; x_wconf 48' lang='grc' dir='ltr'>παντὶ</span> 
     </span>
    </p>
   </div>
   <div class='ocr_carea' id='block_1_100' title="bbox 453 5141 3722 5275">
    <p class='ocr_par' dir='ltr' id='par_1_100' title="bbox 453 5141 3722 5275">
     <span class='ocr_line' id='line_1_100' title="bbox 519 5141 3722 5250; baseline -0.005 -61"><span class='ocrx_word' id='word_1_718' title='bbox 519 5141 566 5165; x_wconf 79' lang='grc'><strong><em>⁸⁸</em></strong></span> <span class='ocrx_word' id='word_1_719' title='bbox 597 5141 831 5204; x_wconf 75' lang='lat' dir='ltr'><strong>Scrimg.</strong></span> <span class='ocrx_word' id='word_1_720' title='bbox 891 5141 1117 5202; x_wconf 79' lang='grc' dir='ltr'>γνώμην</span> <span class='ocrx_word' id='word_1_721' title='bbox 1180 5141 1300 5203; x_wconf 81' lang='grc' dir='ltr'>μέν.</span> <span class='ocrx_word' id='word_1_722' title='bbox 1366 5141 1482 5188; x_wconf 86' lang='lat' dir='ltr'><strong>Hoc</strong></span> <span class='ocrx_word' id='word_1_723' title='bbox 1523 5141 1622 5203; x_wconf 85' lang='grc' dir='ltr'><strong>μὲν</strong></span> <span class='ocrx_word' id='word_1_724' title='bbox 1685 5141 1739 5186; x_wconf 87' lang='lat' dir='ltr'><strong>in</strong></span> <span class='ocrx_word' id='word_1_725' title='bbox 1777 5141 1852 5202; x_wconf 79' lang='grc' dir='ltr'>μὴ</span> <span class='ocrx_word' id='word_1_726' title='bbox 1879 5141 2201 5186; x_wconf 86' lang='lat' dir='ltr'><strong>mutandum</strong></span> <span class='ocrx_word' id='word_1_727' title='bbox 2243 5145 2368 5185; x_wconf 88' lang='lat' dir='ltr'><strong>esse</strong></span> <span class='ocrx_word' id='word_1_728' title='bbox 2428 5141 2564 5184; x_wconf 75' lang='lat' dir='ltr'><strong>vluit</strong></span> <span class='ocrx_word' id='word_1_729' title='bbox 2609 5141 2798 5196; x_wconf 69' lang='grc' dir='ltr'>διερῇ.</span> <span class='ocrx_word' id='word_1_730' title='bbox 2855 5141 2903 5158; x_wconf 69' lang='grc' dir='ltr'><strong>ν’</strong></span> <span class='ocrx_word' id='word_1_731' title='bbox 2923 5141 3081 5250; x_wconf 61' lang='grc' dir='ltr'>Αεέι.</span> <span class='ocrx_word' id='word_1_732' title='bbox 3120 5141 3270 5208; x_wconf 67' lang='lat' dir='ltr'><strong>con].</strong></span> <span class='ocrx_word' id='word_1_733' title='bbox 3310 5141 3404 5174; x_wconf 84' lang='grc' dir='ltr'><strong>και</strong></span> <span class='ocrx_word' id='word_1_734' title='bbox 3431 5141 3524 5172; x_wconf 86' lang='grc' dir='ltr'><strong>επι</strong></span> <span class='ocrx_word' id='word_1_735' title='bbox 3555 5141 3722 5172; x_wconf 84' lang='grc' dir='ltr'>παντι</span> 
     </span>
     <span class='ocr_line' id='line_1_101' title="bbox 453 5189 3722 5275; baseline -0.004 -21"><span class='ocrx_word' id='word_1_736' title='bbox 453 5203 765 5275; x_wconf 10' lang='grc' dir='ltr'>τῷᾐφόρτῳ,</span> <span class='ocrx_word' id='word_1_737' title='bbox 787 5204 908 5275; x_wconf 79' lang='grc' dir='ltr'>εἴγε</span> <span class='ocrx_word' id='word_1_738' title='bbox 935 5203 1140 5274; x_wconf 78' lang='lat' dir='ltr'><strong>Spang.</strong></span> <span class='ocrx_word' id='word_1_739' title='bbox 1170 5203 1419 5275; x_wconf 79' lang='lat' dir='ltr'><strong>m_a\&#39;ult_:</strong></span> <span class='ocrx_word' id='word_1_740' title='bbox 1439 5205 1534 5256; x_wconf 77' lang='grc' dir='ltr'><strong>καὶ</strong></span> <span class='ocrx_word' id='word_1_741' title='bbox 1556 5204 1660 5275; x_wconf 50' lang='grc' dir='ltr'><strong>ἐπὶ</strong></span> <span class='ocrx_word' id='word_1_742' title='bbox 1683 5203 1886 5275; x_wconf 75' lang='grc' dir='ltr'>παντὸς</span> <span class='ocrx_word' id='word_1_743' title='bbox 1912 5201 2015 5275; x_wconf 59' lang='grc' dir='ltr'><strong>τού</strong></span> <span class='ocrx_word' id='word_1_744' title='bbox 2028 5200 2417 5275; x_wconf 30' lang='grc' dir='ltr'>φό-ρτουηείγεᾼ.</span> <span class='ocrx_word' id='word_1_745' title='bbox 2508 5201 2554 5232; x_wconf 81' lang='grc'><strong><em>⁸⁵</em></strong></span> <span class='ocrx_word' id='word_1_746' title='bbox 2571 5198 2774 5275; x_wconf 83' lang='lat' dir='ltr'><strong>_Steplt_.</strong></span> <span class='ocrx_word' id='word_1_747' title='bbox 2791 5199 2953 5275; x_wconf 89' lang='lat' dir='ltr'><strong>_c_onj.</strong></span> <span class='ocrx_word' id='word_1_748' title='bbox 3041 5195 3335 5275; x_wconf 63' lang='grc' dir='ltr'>ιαλυξουσι,</span> <span class='ocrx_word' id='word_1_749' title='bbox 3373 5189 3722 5275; x_wconf 35' lang='grc' dir='ltr'>Βρεξηιςλδια-</span> 
     </span>
    </p>
   </div>
   <div class='ocr_carea' id='block_1_101' title="bbox 454 5258 3720 5344">
    <p class='ocr_par' dir='ltr' id='par_1_101' title="bbox 454 5258 3720 5344">
     <span class='ocr_line' id='line_1_102' title="bbox 454 5258 3720 5344; baseline -0.005 -18"><span class='ocrx_word' id='word_1_750' title='bbox 454 5258 764 5342; x_wconf 58' lang='grc' dir='ltr'>φὲύξοῦσιί’</span> <span class='ocrx_word' id='word_1_751' title='bbox 805 5258 1330 5344; x_wconf 34' lang='grc' dir='ltr'>Ρθίδριῖιηέἶςτοῦτο.</span> <span class='ocrx_word' id='word_1_752' title='bbox 1365 5258 1904 5344; x_wconf 70' lang='lat' dir='ltr'><strong>EmendavitStepli.</strong></span> <span class='ocrx_word' id='word_1_753' title='bbox 1968 5272 2015 5344; x_wconf 55' lang='grc' dir='ltr'><strong>ἔτ</strong></span> <span class='ocrx_word' id='word_1_754' title='bbox 2040 5258 2474 5344; x_wconf 39' lang='grc' dir='ltr'>’τδηκηξιῶσθαι</span> <span class='ocrx_word' id='word_1_755' title='bbox 2502 5258 2708 5344; x_wconf 42' lang='grc' dir='ltr'>τοὺςῷ-</span> <span class='ocrx_word' id='word_1_756' title='bbox 2755 5258 3072 5344; x_wconf 66' lang='grc' dir='ltr'>ἐξάγοντοιὲ</span> <span class='ocrx_word' id='word_1_757' title='bbox 3104 5258 3199 5316; x_wconf 63' lang='grc' dir='ltr'><strong>καὶ</strong></span> <span class='ocrx_word' id='word_1_758' title='bbox 3227 5261 3386 5344; x_wconf 69' lang='grc' dir='ltr'>τρῦτρ</span> <span class='ocrx_word' id='word_1_759' title='bbox 3407 5258 3720 5344; x_wconf 55' lang='grc' dir='ltr'>φιλάνθρωτ</span> 
     </span>
    </p>
   </div>
   <div class='ocr_carea' id='block_1_102' title="bbox 454 5331 3718 5415">
    <p class='ocr_par' dir='ltr' id='par_1_102' title="bbox 454 5331 3718 5415">
     <span class='ocr_line' id='line_1_103' title="bbox 454 5331 3718 5415; baseline -0.005 -19"><span class='ocrx_word' id='word_1_760' title='bbox 454 5331 717 5404; x_wconf 64' lang='grc' dir='ltr'>πονξκτλ.</span> <span class='ocrx_word' id='word_1_761' title='bbox 775 5343 823 5380; x_wconf 80' lang='grc'>⁸⁸</span> <span class='ocrx_word' id='word_1_762' title='bbox 858 5331 1099 5413; x_wconf 65' lang='grc' dir='ltr'>ενι-ἰηιςῖ</span> <span class='ocrx_word' id='word_1_763' title='bbox 1118 5342 1412 5415; x_wconf 83' lang='grc' dir='ltr'>θαλάττης.</span> <span class='ocrx_word' id='word_1_764' title='bbox 1489 5345 1534 5378; x_wconf 74' lang='grc'><strong>⁸⁸</strong></span> <span class='ocrx_word' id='word_1_765' title='bbox 1562 5342 1736 5399; x_wconf 86' lang='lat' dir='ltr'><strong>Codd.</strong></span> <span class='ocrx_word' id='word_1_766' title='bbox 1751 5331 2036 5411; x_wconf 75' lang='grc' dir='ltr'>ἐπαρκεῖν.</span> <span class='ocrx_word' id='word_1_767' title='bbox 2114 5341 2160 5372; x_wconf 77' lang='grc'><strong>⁸⁸⁸</strong></span> <span class='ocrx_word' id='word_1_768' title='bbox 2193 5331 2386 5396; x_wconf 77' lang='lat' dir='ltr'><strong>Melius</strong></span> <span class='ocrx_word' id='word_1_769' title='bbox 2419 5341 2512 5392; x_wconf 87' lang='grc' dir='ltr'><strong>καί</strong></span> <span class='ocrx_word' id='word_1_770' title='bbox 2537 5355 2636 5410; x_wconf 89' lang='lat' dir='ltr'><strong>pro</strong></span> <span class='ocrx_word' id='word_1_771' title='bbox 2655 5338 2757 5392; x_wconf 82' lang='grc' dir='ltr'><strong>οὐκ</strong></span> <span class='ocrx_word' id='word_1_772' title='bbox 2783 5331 2877 5392; x_wconf 67' lang='grc' dir='ltr'>ἄν.</span> <span class='ocrx_word' id='word_1_773' title='bbox 2947 5338 2990 5370; x_wconf 82' lang='grc'><strong>⁶¹</strong></span> <span class='ocrx_word' id='word_1_774' title='bbox 3026 5334 3300 5392; x_wconf 85' lang='lat' dir='ltr'><strong>Fortassis</strong></span> <span class='ocrx_word' id='word_1_775' title='bbox 3325 5331 3539 5387; x_wconf 77' lang='grc' dir='ltr'>εένεκα.</span> <span class='ocrx_word' id='word_1_776' title='bbox 3561 5331 3718 5384; x_wconf 79' lang='lat' dir='ltr'><strong>Certe</strong></span> 
     </span>
    </p>
   </div>
   <div class='ocr_carea' id='block_1_103' title="bbox 455 5415 1143 5486">
    <p class='ocr_par' dir='ltr' id='par_1_103' title="bbox 455 5415 1143 5486">
     <span class='ocr_line' id='line_1_104' title="bbox 455 5415 1143 5486; baseline -0.003 -17"><span class='ocrx_word' id='word_1_777' title='bbox 455 5415 663 5486; x_wconf 77' lang='lat' dir='ltr'><strong>aliquid</strong></span> <span class='ocrx_word' id='word_1_778' title='bbox 691 5424 1012 5486; x_wconf 83' lang='lat' dir='ltr'><strong>corruptum</strong></span> <span class='ocrx_word' id='word_1_779' title='bbox 1038 5423 1143 5469; x_wconf 88' lang='lat' dir='ltr'><strong>est.</strong></span> 
     </span>
    </p>
   </div>
   <div class='ocr_carea' id='block_1_104' title="bbox 1970 5501 2208 5561">
    <p class='ocr_par' dir='ltr' id='par_1_104' title="bbox 1970 5501 2208 5561">
     <span class='ocr_line' id='line_1_105' title="bbox 1970 5501 2208 5561; baseline -0.013 -2"><span class='ocrx_word' id='word_1_780' title='bbox 1970 5501 2208 5561; x_wconf 68' lang='lat' dir='ltr'><strong>NOTAE.</strong></span> 
     </span>
    </p>
   </div>
   <div class='ocr_carea' id='block_1_105' title="bbox 529 5580 3695 5674">
    <p class='ocr_par' dir='ltr' id='par_1_105' title="bbox 529 5580 3695 5674">
     <span class='ocr_line' id='line_1_106' title="bbox 529 5580 3695 5674; baseline -0.007 -16"><span class='ocrx_word' id='word_1_781' title='bbox 529 5602 659 5672; x_wconf 83' lang='lat'><strong>(8-9)</strong></span> <span class='ocrx_word' id='word_1_782' title='bbox 693 5599 1632 5674; x_wconf 60' lang='lat' dir='ltr'><strong>Prenanaul&#39;ragiumsupprimentis</strong></span> <span class='ocrx_word' id='word_1_783' title='bbox 1649 5597 2019 5674; x_wconf 87' lang='lat' dir='ltr'><strong>quadruplum</strong></span> <span class='ocrx_word' id='word_1_784' title='bbox 2217 5595 2330 5674; x_wconf 63' lang='grc' dir='ltr'>(ιο)</span> <span class='ocrx_word' id='word_1_785' title='bbox 2361 5592 2440 5649; x_wconf 79' lang='lat' dir='ltr'><strong>Ex</strong></span> <span class='ocrx_word' id='word_1_786' title='bbox 2467 5592 2522 5648; x_wconf 90' lang='lat' dir='ltr'><strong>d.</strong></span> <span class='ocrx_word' id='word_1_787' title='bbox 2555 5593 2594 5650; x_wconf 90' lang='grc' dir='ltr'><strong>ι.</strong></span> <span class='ocrx_word' id='word_1_788' title='bbox 2620 5594 2674 5660; x_wconf 76' lang='lat'><strong>3,</strong></span> <span class='ocrx_word' id='word_1_789' title='bbox 2720 5590 2794 5647; x_wconf 84' lang='lat' dir='ltr'><strong>De</strong></span> <span class='ocrx_word' id='word_1_790' title='bbox 2858 5589 3131 5655; x_wconf 88' lang='lat' dir='ltr'><strong>incendio,</strong></span> <span class='ocrx_word' id='word_1_791' title='bbox 3173 5592 3210 5645; x_wconf 93' lang='lat' dir='ltr'><strong>l.</strong></span> <span class='ocrx_word' id='word_1_792' title='bbox 3238 5585 3345 5658; x_wconf 53' lang='grc' dir='ltr'><strong>ας</strong></span> <span class='ocrx_word' id='word_1_793' title='bbox 3385 5586 3438 5655; x_wconf 66' lang='grc'>4,</span> <span class='ocrx_word' id='word_1_794' title='bbox 3467 5582 3526 5644; x_wconf 79' lang='lat' dir='ltr'><strong>li.</strong></span> <span class='ocrx_word' id='word_1_795' title='bbox 3547 5582 3619 5640; x_wconf 83' lang='lat' dir='ltr'><strong>De</strong></span> <span class='ocrx_word' id='word_1_796' title='bbox 3645 5580 3695 5638; x_wconf 81' lang='lat' dir='ltr'><strong>si</strong></span> 
     </span>
    </p>
   </div>
   <div class='ocr_carea' id='block_1_106' title="bbox 461 5670 3762 5752">
    <p class='ocr_par' dir='ltr' id='par_1_106' title="bbox 461 5670 3762 5752">
     <span class='ocr_line' id='line_1_107' title="bbox 461 5670 3762 5752; baseline -0.002 -31"><span class='ocrx_word' id='word_1_797' title='bbox 461 5670 550 5752; x_wconf 70' lang='lat' dir='ltr'><strong>hic</strong></span> <span class='ocrx_word' id='word_1_798' title='bbox 581 5670 1048 5752; x_wconf 26' lang='lat' dir='ltr'><strong>constituituraet</strong></span> <span class='ocrx_word' id='word_1_799' title='bbox 1081 5671 1151 5752; x_wconf 75' lang='lat' dir='ltr'><strong>ita</strong></span> <span class='ocrx_word' id='word_1_800' title='bbox 1183 5670 1478 5752; x_wconf 58' lang='lat' dir='ltr'><strong>abrogatur</strong></span> <span class='ocrx_word' id='word_1_801' title='bbox 1507 5670 1904 5752; x_wconf 49' lang='lat' dir='ltr'><strong>pgna‘mortis,</strong></span> <span class='ocrx_word' id='word_1_802' title='bbox 1929 5684 2034 5752; x_wconf 69' lang='lat' dir='ltr'><strong>qua</strong></span> <span class='ocrx_word' id='word_1_803' title='bbox 2143 5670 2333 5752; x_wconf 44' lang='lat' dir='ltr'><strong>cariils‘.</strong></span> <span class='ocrx_word' id='word_1_804' title='bbox 2364 5734 2422 5752; x_wconf 51' lang='grc' dir='ltr'><strong>Α.</strong></span> <span class='ocrx_word' id='word_1_805' title='bbox 2625 5734 2636 5752; x_wconf 53' lang='grc' dir='ltr'><strong>Ι</strong></span> <span class='ocrx_word' id='word_1_806' title='bbox 2887 5729 3111 5752; x_wconf 29' lang='grc' dir='ltr'><strong>,Νὴ-ῃ</strong></span> <span class='ocrx_word' id='word_1_807' title='bbox 3550 5686 3557 5694; x_wconf 90' lang='grc'>·</span> <span class='ocrx_word' id='word_1_808' title='bbox 3759 5696 3762 5698; x_wconf 93' lang='grc'><strong>-</strong></span> 
     </span>
    </p>
   </div>
   <div class='ocr_carea' id='block_1_107' title="bbox 461 5729 3136 5809">
    <p class='ocr_par' dir='ltr' id='par_1_107' title="bbox 461 5729 3136 5809">
     <span class='ocr_line' id='line_1_108' title="bbox 461 5729 3136 5809; baseline -0.002 -19"><span class='ocrx_word' id='word_1_809' title='bbox 461 5741 590 5809; x_wconf 75' lang='lat' dir='ltr'><strong>olim</strong></span> <span class='ocrx_word' id='word_1_810' title='bbox 618 5741 858 5809; x_wconf 67' lang='lat' dir='ltr'><strong>allectus</strong></span> <span class='ocrx_word' id='word_1_811' title='bbox 909 5729 1029 5800; x_wconf 79' lang='lat' dir='ltr'><strong>fuit,</strong></span> <span class='ocrx_word' id='word_1_812' title='bbox 1050 5739 1158 5809; x_wconf 85' lang='lat' dir='ltr'><strong>vid.</strong></span> <span class='ocrx_word' id='word_1_813' title='bbox 1184 5741 1219 5794; x_wconf 87' lang='grc' dir='ltr'><strong>ι.</strong></span> <span class='ocrx_word' id='word_1_814' title='bbox 1249 5729 1387 5809; x_wconf 52' lang='grc' dir='ltr'><strong>ἴῃῖῃ</strong></span> <span class='ocrx_word' id='word_1_815' title='bbox 1420 5729 1522 5797; x_wconf 56' lang='lat' dir='ltr'><strong>ﬁn:</strong></span> <span class='ocrx_word' id='word_1_816' title='bbox 1543 5740 1594 5795; x_wconf 81' lang='lat' dir='ltr'><strong>ﬂ&#39;.</strong></span> <span class='ocrx_word' id='word_1_817' title='bbox 1642 5737 1714 5795; x_wconf 82' lang='lat' dir='ltr'><strong>De</strong></span> <span class='ocrx_word' id='word_1_818' title='bbox 1746 5729 2034 5806; x_wconf 64' lang='lat' dir='ltr'><strong>inccndio;</strong></span> <span class='ocrx_word' id='word_1_819' title='bbox 2219 5736 2331 5805; x_wconf 75' lang='grc' dir='ltr'><strong>(Η)</strong></span> <span class='ocrx_word' id='word_1_820' title='bbox 2363 5734 2605 5792; x_wconf 78' lang='lat' dir='ltr'><strong>Observa</strong></span> <span class='ocrx_word' id='word_1_821' title='bbox 2623 5734 2764 5790; x_wconf 83' lang='lat' dir='ltr'><strong>hanc</strong></span> <span class='ocrx_word' id='word_1_822' title='bbox 2785 5729 3136 5790; x_wconf 83' lang='lat' dir='ltr'><strong>sententiam.</strong></span> 
     </span>
    </p>
   </div>
   <div class='ocr_carea' id='block_1_108' title="bbox 466 5808 1160 5876">
    <p class='ocr_par' dir='ltr' id='par_1_108' title="bbox 466 5808 1160 5876">
     <span class='ocr_line' id='line_1_109' title="bbox 466 5808 1160 5876; baseline 0.004 -17"><span class='ocrx_word' id='word_1_823' title='bbox 466 5808 501 5860; x_wconf 93' lang='lat' dir='ltr'><strong>l.</strong></span> <span class='ocrx_word' id='word_1_824' title='bbox 527 5808 578 5873; x_wconf 80' lang='lat'><strong>3,</strong></span> <span class='ocrx_word' id='word_1_825' title='bbox 610 5808 636 5876; x_wconf 83' lang='lat'>§</span> <span class='ocrx_word' id='word_1_826' title='bbox 662 5809 715 5871; x_wconf 72' lang='lat'><strong>4,</strong></span> <span class='ocrx_word' id='word_1_827' title='bbox 741 5808 797 5862; x_wconf 76' lang='grc' dir='ltr'>Π.</span> <span class='ocrx_word' id='word_1_828' title='bbox 832 5808 906 5862; x_wconf 90' lang='lat' dir='ltr'><strong>De</strong></span> <span class='ocrx_word' id='word_1_829' title='bbox 923 5808 1160 5865; x_wconf 79' lang='lat' dir='ltr'><strong>sicariis.</strong></span> 
     </span>
    </p>
   </div>
  </div>
