4048 6434
383 418 492 484 5:65

1509 407 1872 474 NOVELLIE
1909 406 2586 473 CONSTITUTIONES.

3543 406 3648 467 566

380 542 471 592 κις
489 521 614 580 οὑδὲ
638 521 697 576 ιν
724 520 1044 594 πράγμασιν
1074 518 1206 591 ὕλης
1226 519 1513 590 τιμωμένη
1539 520 1574 590 ὴ
1622 518 1796 590 ζημία
1828 516 1961 570 πολ·
1990 572 1991 577 η

2095 518 2231 586 luxa,
2252 518 2496 573 materia:
2510 523 2789 589 expertem
2810 523 2975 587 atque
2991 512 3379 574 immortalem.
3407 513 3644 567 animum

379 617 478 688 λὴν
520 614 622 685 τὴν
658 611 966 683 ὑπερϐολὴν
1014 610 1150 682 ἔχει,
1185 611 1276 665 ίνα
1324 610 1399 681 μὴ
1439 609 1519 675 τῷ
1567 607 1964 680 ὑπερϐάλλοντι

363 708 572 778 ’ὥσπερ
599 704 722 761 τινά
751 702 998 775 περίοδον
1017 705 1052 775 ή
1084 702 1271 757 ἀδικία
1302 702 1605 775 ⁸λαμϐάνῃ,
1652 699 1770 764 πῶς
1789 696 1966 761 οὕτως

380 798 735 867 ἀστάθμητος
761 793 935 865 ζημία
960 793 1262 849 καταλάϐοι
1299 794 1426 857 τοὺς
1471 790 1968 864 ἀποκρυψαμένους

384 890 451 945 τά
476 889 588 943 τῶν
617 885 1027 955 ναυαγούντων,
1052 886 1155 940 οὐκ
1181 885 1350 956 οὔσης
1368 885 1467 955 τῆς
1490 882 1801 955 ὑπερϐολῆς
1823 880 1967 951 λόγῳ

388 979 580 1053 ῥητῆς,
608 977 678 1050 ην
699 975 840 1049 πρὸς
853 976 915 1030 τὸ
939 975 1186 1047 ἀδίκημα
1211 978 1247 1048 ἡ
1279 974 1570 1047 είσπραξις
1591 971 1965 1043 ἀποφέρεταις

457 1249 771 1319 Κελεύομεν
802 1242 897 1302 οὖν
931 1248 1028 1302 καὶ
1070 1246 1229 1302 τοῦτο
1279 1246 1478 1319 μηκέτι
1529 1246 1704 1307 οὓτως
1754 1242 1974 1297 εὐθύνε-

391 1344 539 1407 σθαι,
560 1341 677 1396 ἀλλ’
710 1339 838 1394 ἀντὶ
855 1339 953 1394 τοῦ
983 1337 1573 1410 παρακατασχεθέντος
1621 1334 1799 1397 είδους
1838 1333 1975 1388 ἀπο-

390 1435 625 1490 τιννύειν
645 1431 986 1503 τετραπλοῦν
1009 1431 1103 1485 τὸν
1123 1428 1607 1501 ἀποκρυψάμενον,
1627 1428 1725 1480 καὶ
1750 1423 1980 1495 τοιαύτη

316 1512 323 1518 ’
390 1528 517 1598 δίκῃ
546 1522 827 1596 ὁρίζεσθαι
847 1522 911 1576 τὸ
940 1521 1271 1593 ἁμάρτημα.

940 1613 1256 1666 ΔΙΑΤΑΞΙΣ
1286 1610 1407 1666 EE’.

395 1702 535 1775 Περὶ
561 1702 675 1771 τῆς
711 1700 1023 1768 κολάσεως
1044 1698 1167 1754 τῶν
1195 1700 1531 1770 μαγγανεία
1559 1697 1976 1768 χρησαμένων.

476 1797 536 1851 '0
569 1795 731 1859 αὐτὸς
758 1792 1013 1864 βασιλεὺς
1042 1790 1320 1861 Στυλιανῷ
1342 1791 1421 1862 τῷ
1455 1790 1626 1861 αὐτῷ.

2067 624 2283 679 nempe,
2309 624 2508 681 capere
2559 607 2705 664 haud
2756 616 2840 665 est
2888 622 3127 678 aequum.
3165 602 3299 658 Nam
3332 604 3378 659 si
3409 618 3650 673 μετεωρο

2070 714 2248 770 neque
2289 700 2346 755 in
2394 701 2559 756 rebus
2590 699 2973 756 materialibus
3023 696 3194 751 multa
3244 695 3457 750 illatum
3494 693 3651 747 dam-

2070 806 2198 845 num
2246 791 2408 863 longe
2460 800 2705 860 superat,
2735 805 2846 863 quo
2902 787 3156 844 videlicet
3179 786 3327 839 velut
3356 784 3647 839 circuitum

2070 884 2307 953 aliquem
2340 882 2606 954 iniquitas
2642 895 2875 938 excessu
2924 893 3035 934 non
3057 875 3312 932 conficiat
3338 892 3354 927 :
3377 873 3649 945 quamob-

2070 989 2187 1029 rem
2229 981 2341 1028 tam
2396 973 2681 1044 inaequalis
2731 985 2892 1043 paena
2925 970 3073 1034 illos,
3107 967 3200 1039 qui
3257 965 3649 1033 naufragorum

2048 1080 2164 1122 'res
2201 1065 2505 1131 occultant,
2555 1064 2840 1136 percellat,
2887 1069 2951 1117 ut
2994 1073 3278 1122 excessus,
3311 1070 3473 1126 quem
3514 1052 3654 1109 ultio

2074 1158 2143 1214 ad
2166 1156 2382 1214 facinus
2413 1156 2603 1223 refert,
2627 1156 2859 1225 exprimi
2889 1152 3072 1210 verbis
3111 1156 3367 1221 nequeat.

2144 1248 2411 1305 Jubemus
2444 1248 2633 1319 igitur,
2666 1255 2725 1301 ut
2757 1246 2822 1301 de
2848 1245 2945 1299 hoc
2976 1258 3085 1299 non
3110 1240 3349 1310 amplius
3376 1238 3451 1292 ita
3480 1236 3656 1290 vindi-

2076 1347 2257 1404 cetur,
2288 1339 2384 1395 sed
2401 1352 2502 1409 pro
2524 1352 2586 1394 re
2600 1336 2844 1400 detenta,
2874 1333 2967 1404 qui
2986 1332 3252 1395 occuluit,
3282 1327 3653 1398 quadruplum

2074 1428 2352 1501 dependat
2379 1443 2554 1499 eaque
2582 1442 2745 1499 parua
2774 1425 2828 1482 id
2861 1425 3123 1480 dilectum
3150 1416 3501 1490 defungatur.

2536 1602 3007 1666 CONSTITUTIO
3052 1601 3214 1657 LXV.

2385 1702 2463 1757 De
2490 1701 2889 1755 incantatorum
2929 1712 3082 1764 paena
3118 1690 3354 1765 (12-15).

2154 1792 2300 1849 idem
2330 1790 2631 1860 imperator
2672 1786 2849 1842 eidem
2892 1782 3163 1854 Styliano.

480 1888 542 1943 Ὀ
572 1888 672 1960 μὲν
712 1863 885 1940 είπὼν
936 1883 1254 1955 μέμφεσθαι
1286 1882 1365 1952 τῷ
1400 1882 1531 1953 οϊνῳ
1572 1882 1668 1935 καὶ
1698 1879 1760 1932 τὸ
1792 1880 1981 1933 τούτου

2158 1880 2260 1946 Qui
2313 1886 2534 1948 propter
2579 1874 2692 1944 (14)
2751 1871 3180 1927 temulentorum
3233 1863 3663 1935 incompositum

398 1980 636 2053 εὔθυμον
656 1975 1099 2049 ἀποστρέφεσθαι
1126 1974 1215 2029 διὰ
1243 1974 1306 2029 τὸ
1328 1974 1439 2028 τῶν
1475 1972 1727 2045 μεθύσων
1749 1970 1984 2024 κακόθυ-

402 2090 522 2146 μον,
548 2071 693 2125 ἔοικε
718 2068 806 2124 διά
828 2067 1039 2139 φαύλην
1065 2065 1264 2138 χρῆσιν
1282 2065 1345 2119 τὺ
1386 2064 1462 2136 μὴ
1492 2064 1629 2118 καθ’»
1655 2062 1816 2117 ἑαυτὸ
1844 2058 1985 2129 φαῦ-

402 2172 489 2219 λον
515 2163 576 2218 ὃν
597 2162 899 2233 διασύρειν.
950 2158 1096 2227 Ἐγὼ
1138 2157 1199 2212 δὲ
1252 2157 1419 2227 νόμον
1468 2153 1850 2224 ὲκτεθειμένον
1878 2150 1985 2204 ὑπὸ

403 2257 512 2312 τῶν
539 2255 709 2310 πάλαι
751 2250 1060 2323 νομοθετῶν
1092 2247 1587 2318 διασκεπτόμενος,
1640 2245 1699 2310 ὃς
1732 2243 1985 2315 γοητείαν

412 2348 511 2420 μὲν
544 2344 753 2417 φαύλην
783 2341 1089 2413 ἡγούμενος
1134 2341 1482 2410 τιμωρεῖται,
1514 2336 1679 2391 πάλιν
1730 2337 1775 2390 δ’
1812 2334 1987 2405 αὐτὴν

407 2436 729 2507 ἀποδέχεται
758 2432 880 2505 (οὐκ
898 2434 963 2485 ὲκ
988 2431 1090 2501 τῆς
1115 2429 1225 2483 τῶν
1268 2427 1569 2499 χρωμένων
1617 2425 1756 2496 αὐτῇ
1789 2440 1988 2495 προαι-

411 2527 615 2599 ρέσεως
643 2524 855 2595 φαύλην
879 2520 1242 2592 δεικνυμένην
1261 2561 1277 2587 ,
1313 2518 1430 2574 ἀλλ’
1455 2517 1671 2573 οἴκοθεν
1709 2514 1990 2587 πηγάζου-

410 2634 509 2672 σαν
537 2617 639 2687 τὴν
670 2613 895 2680 κακίαν,
928 2612 1119 2681 ὥσπερ
1143 2612 1193 2665 oi
1239 2609 1522 2681 κοπρῶνες
1551 2609 1650 2679 τὴν
1679 2606 1988 2668 δυσωδίαν).

413 2706 728 2781 μέμφεσθαι
771 2708 887 2769 τοῖς
912 2703 1401 2776 νενομοθετηκόσιν
1434 2701 1536 2756 ούκ
1568 2699 1636 2755 ἂν
1680 2699 1870 2769 φαίην,
1904 2698 1993 2751 ἵνα

410 2801 470 2855 δὲ
503 2798 581 2871 μὴ
636 2797 938 2870 μέμφοιντο
976 2794 1039 2848 τὸ
1092 2795 1192 2865 τὴν
1222 2793 1432 2865 μέμψιν
1478 2791 1601 2862 ἔχον
1641 2791 1993 2861 νομοθέτημα

411 2889 767 2962 ἐκκαθαίρειν
793 2890 839 2921 ⁸³
871 2886 1070 2942 δικαιῶ
1100 2884 1195 2941 τοῦ
1230 2885 1340 2941 τῶν
1363 2885 1544 2956 νόμων
1578 2884 1829 2953 ἐδάφους.
1863 2881 1997 2937 Βού⁹

410 2980 565 3036 λεται
598 2980 699 3051 μὲν
733 2976 843 3050 γάρ
868 2974 1113 3030 εὐθύνειν
1138 2972 1415 3045 γοητείαν,
1440 2974 1524 3028 ὄτι
1558 2972 1619 3025 τὺ
1658 2974 1874 3043 σῶφρον
1900 2970 1993 3026 τοῦ

414 3072 508 3127 νοῦ
528 3069 909 3143 ἀφαιρουμένη
932 3065 1303 3137 ἀναϐακχεύει
1351 3066 1475 3129 τοὺς
1516 3064 1813 3133 λογισμοὺς
1859 3063 1998 3135 πρὸς

415 3165 664 3236 οἴστρους
691 3161 787 3216 καὶ
820 3159 1019 3232 μανίας
1042 3157 1337 3231 ἐρωτικὰς,
1385 3156 1710 3227 ἀποδέχεται
1751 3154 1809 3208 δὲ
1834 3154 1998 3210 πάλιν

416 3255 612 3327 αὐτὴν,
642 3255 719 3318 ὡς
749 3253 1083 3325 σπερμάτων
1129 3251 1226 3304 καὶ
1262 3249 1492 3319 καρπῶν
1545 3248 1846 3318 θεραπείαν
1902 3248 1999 3302 καὶ

416 3346 593 3405 ἀλλων
617 3345 675 3400 δέ
697 3361 860 3400 τινων
890 3342 1095 3412 καλῶν,
1116 3343 1192 3407 ὡς
1222 3344 1420 3408 οίεται,
1448 3341 1705 3412 χορηγὸν,
1737 3341 1835 3394 καὶ
1862 3339 2001 3410 ὅπερ

418 3437 494 3501 ὡς
522 3433 806 3489 ἐπίϐουλον
841 3432 1082 3498 κολάζει,
1118 3430 1281 3485 τοῦτο
1312 3430 1477 3484 πάλιν
1506 3431 1582 3493 ὡς
1628 3428 1925 3501 εὐεργέτην
1954 3426 2000 3460 ⁸³

419 3529 578 3600 τιμᾷ.
623 3527 820 3598 Ἡμεῖς
863 3525 921 3579 δὲ
963 3525 1064 3595 τὴν
1095 3523 1354 3594 τοιαύτην
1386 3523 1728 3593 μαγγανείαν
1748 3520 2004 3592 ὀλεθρίαν

426 3619 526 3691 μὲν
555 3617 822 3689 ὑπάρχειν
873 3615 1197 3687 πειθόμεθα,
1227 3613 1395 3668 καλοῦ
1424 3613 1482 3666 δέ
1520 3630 1666 3676 τινος
1693 3613 1873 3667 αίτίαν
1903 3611 2006 3666 οὐκ

422 3711 490 3768 ἂν
520 3710 894 3781 πεισθείημεν.
950 3707 1014 3762 Ei
1057 3707 1117 3762 δὲ
1166 3709 1262 3762 καὶ
1289 3706 1535 3778 φαίνοιτό
1598 3724 1684 3771 τις
1705 3707 1781 3777 ﬁ“
1813 3705 2005 3777 φέρειν

426 3803 666 3859 τοιοῦτον
688 3803 785 3874 (ὡς
809 3802 958 3857 δοκεῖ
981 3800 1058 3872 τῷ
1086 3800 1291 3869 ταύτην
1317 3798 1702 3870 ἀποδεχομένῳ
1725 3797 1922 3869 νόμῳ),
1943 3798 2006 3851 ού

428 3898 664 3973 χρηστὸν
688 3897 826 3954 ἀλλά
851 3897 1044 3969 δέλεαρ
1073 3896 1167 3950 καὶ
1195 3895 1377 3967 πάγην
1402 3895 1541 3967 πρὸς
1582 3895 1644 3948 τὸ
1673 3893 1783 3948 τῶν
1822 3892 2010 3949 κακῶν

430 3991 658 4062 ἔσχατον
684 3991 783 4062 τὴν
809 3988 905 4044 τοῦ
925 3988 1077 4052 ὅντος
1105 3985 1315 4057 ἀγαθοῦ
1352 3984 1628 4040 ἔκπτωσιν
1679 3984 2011 4040 ἀλίσκουσαν

432 4083 591 4154 ίσμεν
616 4083 662 4116 ⁸⁸
684 4081 814 4145 τοὺς
835 4077 1195 4149 πειθομένους
1216 4077 1515 4149 δαιμονίοις
1545 4077 1753 4140 σκαιοῖς
1774 4074 1897 4129 ἀντὶ
1916 4073 2010 4128 τοῦ

433 4175 680 4231 Πλάστου
711 4172 809 4228 καὶ
831 4170 1104 4226 Δεσπὸτου
1124 4169 1480 4241 προσανέχειν
1502 4164 2012 4237 παρασκευάζοντα,

2086 1970 2497 2040 malignumque
2522 1964 2769 2019 animum
2826 1957 3239 2030 reprobandum
3279 1969 3405 2011 esse
3451 1955 3663 2016 vinum,

2086 2065 2318 2136 ejusque
2356 2060 2820 2120 oblectamenth
2847 2050 3239 2111 aversaudum,
3262 2048 3397 2104 dicit
3426 2066 3440 2103 :
3475 2047 3668 2101 naeille

2088 2162 2313 2228 propter
2336 2163 2658 2221 perversum
2684 2160 2870 2207 llSlllll,
2892 2158 3005 2198 rem
3049 2156 3145 2211 per
3175 2154 3236 2195 SB
3290 2152 3403 2193 non
3437 2151 3667 2208 perver—
3767 2148 3775 2156 ’

2092 2224 2212 2304 sam
2238 2240 2518 2317 suggillat.
2550 2239 2667 2308 Ego
2717 2249 2846 2290 vero
2880 2231 3282 2303 promulgatam
3316 2242 3344 2280 a
3384 2224 3668 2280 veteribus

2090 2334 2498 2411 legislaloribus
2564 2331 2736 2402 legem
2776 2326 2889 2397 (i5)
2959 2322 3339 2381 considerans,
3398 2330 3517 2371 eam
3547 2328 3672 2383 qua:

2092 2407 2255 2487 modo
2288 2430 2762 2484 incantamentum
2804 2418 3006 2473 malum
3038 2427 3165 2469 esse
3218 2420 3357 2470 rata,
3395 2409 3447 2461 id
3478 2407 3662 2478 punit,

2094 2523 2256 2579 modo
2282 2534 2413 2577 vero
2445 2514 2686 2573 admittit
2746 2518 2802 2567 et
2833 2507 3129 2581 approbat,
3175 2515 3477 2573 quanquam
3525 2498 3580 2553 id
3606 2513 3675 2552 cx

2094 2618 2369 2675 utentiqu
2403 2592 2693 2685 proposito
2741 2608 2947 2663 malum
2997 2615 3107 2656 non
3141 2598 3257 2661 flat,
3315 2592 3411 2646 sed
3446 2605 3547 2645 sua
3580 2602 3679 2641 na-

2095 2718 2219 2765 tura
2254 2680 2578 2768 vitiositate,
2604 2710 2887 2772 tanquam-
2915 2688 3265 2763 sterquilinia
3299 2680 3675 2756 graveolentia

2096 2801 2397 2864 scaturiat;
2426 2806 2730 2853 nontamen
2753 2792 2877 2846 illos
2901 2786 3248 2858 legislatores
3268 2772 3679 2864 reprehendens

2096 2894 2198 2950 dus
2221 2861 2476 2955 dixerim,
2500 2886 2597 2945 sed
2640 2900 2709 2940 ne
2742 2882 2869 2954 quis
2925 2879 3100 2947 legem
3135 2871 3301 2945 (quod
3335 2867 3534 2922 merito
3563 2861 3679 2955 fiat)

2096 2980 2396 3050 vituperet,
2453 2990 2576 3032 eam
2625 2987 2692 3030 ex
2733 2972 2914 3041 legum
2955 2964 3116 3037 quasi
3160 2958 3333 3016 fundo
3372 2954 3679 3011 tollendum

2098 3041 2258 3144 puto.
2329 3041 2461 3125 vim
2512 3074 2697 3122 autem
2731 3060 2913 3134 puniri
2965 3054 3392 3113 incantationes,
3435 3062 3501 3102 eo
3534 3041 3685 3114 quod

2103 3143 2375 3219 modestia
2406 3159 2579 3216 animi
2618 3157 2857 3219 sublata,
2918 3148 3161 3207 stimulis
3210 3143 3505 3211 furoreque
3536 3149 3688 3191 ama.

2105 3254 2248 3310 torio
2287 3252 2557 3307 rationem
2592 3249 2659 3303 ad
2702 3244 2973 3301 insaniam
3017 3239 3275 3309 adigant;
3304 3247 3369 3288 ac
3418 3226 3687 3299 approbat

2107 3347 2218 3420 (l7)
2246 3358 2468 3401 rursum
2496 3342 2619 3396 illas
2650 3347 2913 3407 tanquam
2952 3338 3188 3401 segetes,
3224 3335 3279 3381 et
3329 3323 3543 3420 fructus
3576 3334 3680 3372 cu-

2106 3409 2252 3502 rent,
2279 3436 2495 3503 aliaque
2514 3432 2657 3486 bona
2689 3432 2773 3500 (ut
2794 3423 3014 3495 quidem
3045 3416 3282 3483 videtur)
3302 3409 3680 3503 suppeditent.

2106 3499 2285 3598 Atque
2312 3527 2385 3581 ita
2407 3499 2554 3595 quod
2589 3512 3198 3590 tanquaminsidiosum
3230 3499 3686 3598 puniisset,.idem

2108 3591 2333 3676 rursum
2389 3591 2655 3683 tanquam
2684 3607 3010 3666 beneficium
3067 3603 3321 3657 honorat.
3373 3591 3538 3663 Atqui
3588 3604 3691 3644 nos

2110 3708 2427 3769 istiusmodi
2460 3702 2867 3761 incantationes
2897 3694 3243 3770 perniciosas
3297 3701 3419 3745 esse
3464 3696 3694 3756 persua-

2111 3818 2233 3859 sum
2268 3799 2567 3863 habemus;
2608 3801 2665 3849 et
2710 3799 2771 3847 ut
2797 3791 2927 3847 boni
2960 3785 3259 3859 quidquam
3289 3778 3419 3836 inde
3466 3786 3694 3863 manare

2111 3892 2426 3954 credamus,
2454 3885 2643 3943 induci
2669 3897 2780 3939 non
2820 3890 3141 3953 possumus.
3188 3875 3267 3927 Ac
3293 3883 3427 3924 sane
3452 3860 3693 3954 etiamsi

2114 3985 2243 4043 boni
2284 3952 2584 4054 quidquam
2612 3952 2917 4047 producere
2946 3970 3069 4025 illas
3102 3967 3363 4054 appareat
3390 3952 3693 4054 (quomodo

2113 4045 2322 4149 quidem
2349 4045 2677 4144 approbanti
2710 4067 2862 4136 ipsas
2891 4060 2998 4131 legi
3041 4051 3281 4123 videtur)
3311 4063 3419 4105 non
3478 4045 3534 4100 id

2116 4136 2248 4224 num
2284 4136 2439 4228 esse,
2473 4158 2572 4215 sed
2601 4157 2916 4212 iilecebram
2961 4158 3128 4220 atque
3152 4157 3397 4206 nassam,
3425 4136 3697 4208 quasillo-

434 4267 528 4323 καὶ
555 4268 655 4332 τάς
677 4264 881 4337 βλάϐας
908 4264 998 4319 διὰ
1027 4264 1128 4333 τῆς
1172 4232 1287 4317 τῶν
1336 4232 1495 4325 ἐκτὸς
1538 4232 1774 4322 ἀλυπίας
1803 4258 1884 4320 είς
1916 4255 1991 4327 τὴ<

2118 4270 2241 4315 ctos
2270 4258 2326 4311 in
2358 4253 2628 4310 malorum
2669 4246 2917 4304 omnium
2938 4249 3267 4300 extremum,
3304 4232 3399 4289 ubi
3429 4245 3460 4285 a
3480 4240 3705 4286 summo

432 4321 612 4432 ψυχὴν
635 4321 908 4431 ’δέχεσθαι
955 4321 1313 4426 τοὺςιταύτην
1349 4321 1806 4424 ἀποδεχομένους.
1840 4321 1991 4422 Ὀπει

2121 4352 2268 4407 bono
2282 4346 2559 4412 excidant,
2581 4341 2893 4404 absorbeat,
2916 4344 3260 4406 compertum
3285 4326 3572 4384 habemus;
3593 4321 3703 4378 Νος

437 4452 697 4516 πολλάκις
724 4451 777 4506 ot
816 4449 953 4523 πρὸς
1002 4448 1103 4513 τὰς
1136 4446 1353 4518 πληγὰς
1394 4444 1562 4499 δειλοὶ
1600 4444 1925 4514 πάσχουσιν,
1954 4439 2016 4494 οὐ

2121 4450 2240 4499 tum
2258 4440 2404 4498 enim
2436 4438 2596 4495 nobis
2624 4445 2710 4493 est
2727 4436 2871 4499 illas,
2896 4438 2957 4486 ut
2980 4428 3077 4501 qui
3103 4440 3164 4483 se
3184 4423 3320 4494 ipsis
3340 4419 3567 4482 dedunt,
3590 4428 3706 4484 pne

442 4541 755 4615 βουλόμενοι
788 4504 993 4604 ταύτας
1044 4504 1139 4594 ἐπὶ
1313 4504 1513 4609 χειρῶν
1560 4504 1840 4601 δέξασθαι,
1870 4504 1991 4588 κατέ

2117 4532 2381 4589 Creatore
2405 4538 2461 4585 et
2509 4525 2740 4583 Domino
2795 4519 3054 4577 infaustis
3106 4515 3358 4582 dirisque
3416 4504 3704 4615 daemoniis

439 4636 537 4706 τῆς
568 4634 808 4706 κεφαλῆς
828 4633 871 4705 ἢ·
887 4634 986 4704 τῆς
1005 4631 1244 4703 γαστρὸς
1276 4628 1647 4700 ὑποδέχονται.

443 4743 536 4799 per
569 4705 920 4785 externarum
968 4741 1151 4781 rerqu
1203 4724 1380 4779 laetam
1410 4720 1705 4794 quamdam
1752 4715 1992 4790 speciem
2024 4714 2255 4769 vulnera
2284 4712 2339 4767 in
2363 4711 2607 4766 animam
2666 4705 2947 4776 excipere.

2127 4622 2464 4685 adhaereant,
2519 4618 2769 4683 edicere;
2800 4621 2857 4669 et
2906 4610 3001 4682 qui
3043 4607 3170 4662 illas
3223 4600 3571 4658 ail'ectantur,
3604 4594 3707 4648 hos

3016 4697 3178 4771 quale
3221 4690 3481 4764 quiddam
3562 4686 3707 4740 inter

1721 4873 1962 4933 VARUE
1991 4867 2394 4927 LECTIONES.

509 5004 556 5035 ⁶¹
584 5000 818 5068 Scrimg.
842 4999 894 5052 εί
921 4996 1229 5068 καθαίρειν.
1299 4992 1561 5068 "_$teph.
1585 4988 1865 5068 εύεργέτιν
1890 4985 2063 5068 scribi
2084 4986 2221 5041 vult.
2298 4982 2344 5016 “
2373 4980 2605 5068 Scrimgl.
2636 4971 3016 5068 1t.‘z-tl_ifll:et
3060 4965 3287 5023 Meerm.
3341 4957 3551 5015 rectius
3599 4971 3706 5018 τις.

449 5076 495 5109 ⁸³
522 5049 1320 5143 ὃεῖἷιιίξξσίσμεντέζέγνωμεν.
1350 5049 1607 5134 Plerique
1628 5049 1787 5132 ἴσμεν
1815 5075 1877 5113 τε
1906 5059 2003 5113 καὶ
2038 5054 2288 5126 ἔγνωμεν
2337 5049 2688 5109 scribendum
2711 5051 2960 5101 censent.

1935 5147 2169 5206 NOTE.

527 5257 545 5322 (
554 5254 736 5324 12-15)
773 5252 1172 5324 lncantatores,
1196 5263 1433 5324 quorum
1457 5261 1624 5319 opera
1648 5245 1777 5324 olim
1795 5241 2015 5324 grandi-

455 5312 556 5382 nes
578 5312 982 5382 averterentur.
1008 5312 1643 5389 minimépuniebantur.
1667 5312 1924 5378 Vid.'l.4,
1948 5312 2011 5367 ὓ.

462 5398 533 5449 De
555 5394 789 5450 malefic.
822 5391 935 5447 Hac
956 5391 1182 5447 Novella
1234 5390 1496 5459 iubentur
1535 5400 1853 5459 supremum
1880 5396 2016 5454 sup-

459 5463 844 5536 plicimrtpati.
874 5463 1026 5536 Adde
1042 5456 1298 5536 Piiotitim
1321 5459 1373 5513 9.
1400 5458 1628 5536 Nomoc.
1646 5456 1741 5510 21.

458 5520 816 5659 ἔθ’(ὂέὲουὶυε
835 5534 913 5589 rei
936 5537 1157 5603 propter
1195 5532 1428 5585 abusum
1459 5527 1744 5582 hominum
1769 5539 1878 5579 non
1913 5520 2025 5578 tol-

478 5618 674 5660 8110118.

531 5674 644 5755 (15)
695 5670 761 5728 D.
823 5671 938 5734 1.4,
989 5668 1053 5726 C.
1115 5667 1193 5723 De
1242 5666 1474 5724 malefic.
1509 5665 1612 5736 '15,
1643 5674 1698 5723 et
1730 5665 2034 5721 mathema-

460 5753 647 5883 ῑιθξῗϐ)
666 5810 786 5867 Vid.
810 5811 847 5867 i.
880 5810 971 5877 13,
993 5809 1047 5866 θ’.
1074 5809 1148 5867 De
1168 5808 1409 5880 injuriis.

2236 5235 2325 5305 η)
2354 5233 2525 5289 Poena
2562 5230 2966 5305 inanimarum
2993 5206 3706 5305 “P'E'F‘PQEERP‘iﬁl'ﬂ'li

2236 5235 2325 5305 17)
2354 5233 2525 5289 Pmna
2562 5232 2966 5305 incantatorum
2993 5234 3060 5277 su
3102 5232 3312 5273 remum
3349 5232 3706 5281 δυνριιυιυιιι.

2118 5235 2272 5365 Λαίδα
2314 5305 2469 5360 Deut.
2514 5313 2670 5361 xvut,
2717 5296 2895 5366 Levrt.
2928 5306 3022 5355 xx,
3059 5232 3110 5366 fi
3124 5277 3713 5366 lies..xxv1tt,ml‘la‘tgo-

2284 5347 2349 5430 11
2480 5347 3060 5441 ιξείῦίιέξάα-εεζίοιιοτ.
3083 5361 3137 5441 ί),
3156 5347 3387 5441 ὶζξιυξξιιζιι
3395 5365 3445 5441 In
3471 5351 3492 5402 1
3495 5347 3563 5441 ἑὲ

3101 5416 3157 5483 in
3187 5422 3468 5512 ln_tlic'islc.
3495 5416 3715 5512 ἓξέ

2399 5555 2563 5635 nidi?
2571 5555 3114 5646 έιιῖίοῗιίὶνηίΐῖυει-ὶο
3132 5565 3223 5646 ξε,
3235 5558 3522 5646 ςυιιιρξείι.
3550 5555 3713 5646 [ge-re

2902 5622 3089 5696 verba
3139 5622 3352 5705 ἑταίρα.
3383 5626 3511 5685 Vid.
3562 5622 3714 5681 Pett'.

2144 5727 2373 5796 Grcgor.
2391 5723 2480 5789 Si,
2508 5728 2726 5792 syntag.
2758 5716 2844 5781 ll,
2872 5714 2956 5770 i5.
