4048 6470
399 380 503 444 569

1509 380 1873 446 NOVELL/E
1908 387 2578 451 CONSTITUTIONES.
3560 393 3667 455 570

397 495 711 568 τομημένου
739 495 806 564 ⁷⁸,
832 496 928 552 καὶ
948 499 1138 554 τούτου
1165 499 1331 566 ἀξίως
1357 503 1867 574 τετιμωρημένουη
1916 507 1983 576 τῇ

2099 509 2377 573 sensisset,
2404 507 2495 562 illa
2527 521 2636 563 non
2699 505 3109 574 imminuatur,‘
3150 505 3242 563 hic
3276 521 3407 564 vero
3460 507 3518 562 ln
3567 506 3669 560 du-

397 605 456 641 τε
489 590 654 661 διπλῇ
677 589 931 644 ἀποδόσει
955 591 1056 661 τῆς
1085 591 1296 662 κλοπῆς
1331 594 1426 646 καὶ
1451 611 1500 646 τι
1511 594 1870 664 μωρουμένου
1903 595 1981 666 τῷ

402 680 568 750 μηδὲν
589 680 851 750 κερδᾶναι
879 683 978 752 τῆς
1001 683 1092 735 τοῦ
1123 681 1168 715 τ’
1196 684 1495 749 κλαπέντος
1519 685 1787 750 δουλείας.

918 773 1232 828 ΔΙΔΤΑΞΙΣ
1264 775 1359 830 ΞΖ¹
1384 777 1453 831 ⁷⁸.

401 863 538 931 Περὶ
585 861 705 917 ’τῶν⁸
761 866 1316 939 αξιτομολησᾴντων
1380 867 1533 939 πρὸς
1577 867 1830 939 ἐχθροὺς
1881 871 1983 924 καί

801 934 1098 1001 ἑκουσίως
1121 934 1598 992 ἐπαναθόὺτων.

479 1023 538 1076 '0
571 1022 737 1087 αὐτὸς
768 1023 1019 1092 βασιλεὺς
1046 1025 1320 1097 Στυλιανῷ
1351 1025 1432 1098 τῷ
1465 1027 1636 1100 αὐτῷ.

467 1116 581 1168 Καὶ
609 1113 672 1167 τὸ
697 1115 838 1183 ἀγαν
868 1115 1142 1188 αὐστηρὸν
1168 1118 1264 1171 καὶ
1307 1117 1603 1188 ἀπότομον,
1639 1118 1732 1172 καὶ
1774 1119 1836 1174 τὸ
1859 1120 1982 1176 λίαν

400 1207 626 1260 ὑπεῖκον
655 1207 748 1262 καὶ
773 1207 937 1262 πλέον
980 1208 1013 1279 ἢ
1064 1209 1312 1280 προσῆκε
1348 1209 1748 1282 φιλάνθρωπον,
1777 1212 1981 1282 ὁμοίως

399 1297 684 1369 ἀμφότερα
731 1296 827 1350 τοῦ
867 1297 1146 1368 ὠφελίμου
1190 1299 1253 1352 τὸ
1298 1298 1494 1370 βλάϐος
1522 1301 1654 1372 ἔχει.
1691 1301 1759 1354 Ὅ
1787 1318 1846 1354 τε
1872 1303 1981 1374 γάρ

397 1387 477 1456 τῷ
507 1387 768 1457 ἀποτόμῳ
815 1387 1070 1459 ἀμέτρως
1113 1389 1398 1460 χρώμενος
1443 1390 1537 1444 καὶ
1572 1392 1600 1443 ό
1643 1390 1705 1443 τὸ
1739 1391 1983 1455 ἐπιεικὲς

399 1479 637 1547 ἄκρατον
689 1478 894 1549 φέρων,
945 1480 1227 1551 ἑκάτερος,
1271 1481 1372 1537 κᾶν
1410 1500 1469 1535 τε
1510 1483 1629 1547 ένός
1656 1501 1799 1548 τινος
1825 1484 1891 1539 ἀν
1920 1503 1983 1541 τε

399 1570 576 1633 οἰκίας
603 1570 669 1624 ἄν
697 1587 757 1624 τε
792 1571 998 1634 πόλεως
1029 1573 1314 1646 ἐπιστατῇ,
1338 1576 1418 1638 είς
1446 1574 1509 1628 τὸ
1543 1577 1859 1648 ἀσύμφορον
1892 1579 1981 1650 εῐη

401 1661 468 1715 ἂν
501 1663 612 1724 τοίς
640 1661 732 1714 ὑπ’
761 1662 928 1716 αὐτοῦ
959 1663 1351 1734 διοικουμένοις
1381 1669 1843 1739 ὲγκεχειρημένος
1880 1670 1980 1742 τὴν

399 1751 738 1807 ἐπιστασίαν.
795 1754 917 1824 Χρὴ
977 1754 1089 1825 γάρ
1145 1756 1238 1809 τὸν
1287 1757 1470 1822 καλῶς
1526 1761 1977 1831 ὲπιστατήσοντα,

2093 594 2240 665 plum
2271 610 2488 650 servum
2516 595 2838 665 subreptum
2886 595 3118 652 reddere
3160 597 3376 664 debeat,
3425 597 3673 667 nihilque

2093 700 2159 740 ex
2192 686 2368 756 ipsius
2396 686 2660 741 servitute
2695 686 2961 740 lucretur.

2520 775 2988 832 CONSTlTUTlO
3024 776 3235 834 LXVII.

2162 861 2242 921 De
2265 867 2331 921 iis
2368 867 2457 938 qui
2508 866 2579 920 ad
2621 868 2794 921 hostes
2829 877 3129 938 transeunt,
3175 885 3377 938 suaque
3413 879 3597 938 sponte

2617 947 2954 991 revertuntur
3014 937 3153 1008 (20).

2167 1027 2314 1085 ldem
2351 1029 2655 1101 imperator
2687 1028 2863 1083 eidem
2899 1027 3170 1100 Styliano.

2165 1118 2342 1175 Simul
2397 1119 2568 1174 nimia
2601 1120 2898 1176 austeritas
2921 1129 2975 1175 et
3025 1119 3311 1184 severitas,
3367 1117 3535 1175 simul
3566 1117 3674 1172 im-

2095 1209 2382 1265 moderata
2411 1210 2612 1266 lenitas
2663 1220 2718 1267 et
2766 1210 3076 1274 clementia,
3125 1225 3191 1265 ex
3227 1224 3382 1279 aequo
3437 1217 3673 1277 utraque

2099 1299 2246 1370 quod
2275 1299 2407 1356 utile
2439 1309 2526 1356 est
2579 1299 2973 1356 intervertunt.
3034 1300 3248 1357 Etenim
3279 1308 3334 1356 et
3384 1299 3477 1369 qui
3504 1313 3671 1368 supra

2093 1392 2311 1448 modum
2333 1392 2653 1463 praefractus
2673 1402 2777 1459 est,
2798 1402 2852 1449 et
2867 1394 2958 1464 qui
2979 1393 3256 1448 lenitatem
3293 1392 3556 1461 gravitate
3571 1390 3674 1444 mi-

2093 1498 2251 1540 scere
2279 1484 2493 1554 nequit,
2517 1493 2746 1554 uterque
2782 1484 2897 1540 sive
2929 1484 3094 1537 alicui
3133 1483 3250 1548 uni,
3285 1482 3400 1537 sive
3426 1480 3668 1544 familiae.

2093 1573 2210 1630 sive
2233 1573 2440 1628 civitati
2465 1572 2672 1644 praesit,
2708 1575 2909 1644 quibus
2940 1572 3230 1643 praefectus
3291 1581 3397 1637 est,
3449 1586 3574 1625 cum
3599 1570 3668 1623 ll-

2093 1664 2271 1720 lorum
2302 1666 2633 1721 detrimento
2663 1681 2753 1721 res
2807 1665 3174 1720 administret.
3231 1662 3463 1734 Oportet
3497 1662 3668 1726 enim,

2093 1766 2153 1811 ut
2184 1757 2275 1827 qui
2303 1763 2452 1811 recte
2484 1756 2825 1827 prmfuturus
2859 1763 2962 1821 est,
3012 1753 3472 1826 quemadmodum
3536 1764 3672 1807 tem-

378 1842 589 1914 ’ὥσπερ
609 1843 718 1897 τῶν
749 1845 966 1915 χωρίων
994 1846 1061 1900 τά
1088 1845 1334 1918 εὖκρατα
1361 1849 1455 1903 καὶ
1485 1850 1620 1921 πρὸς
1646 1851 1834 1919 ὑγείαν
1864 1853 1983 1907 ἐπι-

2099 1857 2275 1919 perata
2305 1848 2654 1920 salubriaque
2709 1849 2825 1903 loca
2862 1848 3204 1918 aequabiliter
3250 1848 3441 1902 mistas
3471 1844 3676 1899 habent

398 1935 586 2005 τὴδεια
613 1936 814 2004 μικτὰς
844 1935 958 2007 ἔχει
997 1939 1329 2010 συμμέτρως
1354 1939 1455 2005 τὰς
1488 1940 1582 1994 τοῦ
1614 1941 1773 2013 ἀέρος
1800 1942 1983 1998 διαθέ-

401 2046 540 2095 σεις,
566 2029 709 2081 οὕτω
737 2030 832 2084 καὶ
865 2031 1029 2085 αὐτὸν
1066 2031 1334 2106 εὔκρατον
1376 2035 1568 2090 ἑαυτὸν
1619 2035 1881 2107 παρέχειν
1913 2039 1982 2108 τῇ

399 2121 662 2191 ἐμμέτρῳ
689 2122 734 2154 ⁷⁸
764 2121 902 2192 πρὸς
927 2122 1028 2195 τὴν
1061 2124 1447 2196 συμφέρουσαν
1477 2125 1802 2179 ἐπιστασίαν
1835 2124 1983 2197 μίξει

399 2209 509 2262 τῶν
553 2209 870 2277 διαθέσεων,
908 2212 1003 2265 καὶ
1045 2215 1184 2283 μήτε
1228 2214 1306 2284 τῷ
1357 2215 1620 2286 ἀποτόμῳ
1673 2214 1844 2285 βαρὺν
1888 2216 1984 2269 καὶ

402 2300 672 2370 ἀφόρητον
723 2295 897 2367 εἶναι,
946 2303 1084 2373 μήτε
1146 2302 1224 2374 τῷ
1275 2305 1422 2375 πέρα
1467 2305 1560 2358 τοῦ
1618 2309 1985 2377 προσήκοντος

404 2393 640 2444 ἐπιεικεῖ
665 2393 1219 2465 καταπεφρονημένον
1242 2395 1337 2449 καὶ
1363 2396 1776 2467 ἀνηγεμονικόν.
1807 2399 1986 2470 Ὅπερ

401 2477 494 2532 οὖν
530 2480 621 2533 ἐπὶ
650 2480 811 2552 ἀέρος
837 2482 1041 2552 φαμὲν,
1079 2482 1238 2536 τοῦτο
1279 2483 1498 2547 πάντως
1543 2485 1636 2537 καὶ
1674 2485 1766 2538 ἐπὶ
1804 2485 1986 2556 νόμων

400 2570 630 2641 ἁρμόζει
662 2571 951 2637 σώζεσθαι.
1002 2574 1125 2645 Χρὴ
1153 2573 1264 2646 γὰρ
1301 2576 1426 2640 τοὺς
1462 2575 1678 2645 νόμους,
1711 2577 1986 2646 ἡγεμόνας

402 2664 477 2726 ὡς
504 2663 726 2734 ἀληθῶς
775 2666 873 2731 τῆς
914 2664 1191 2729 πολιτείας
1237 2666 1418 2730 ὄντας,
1470 2667 1537 2737 ἢν
1582 2661 1737 2720 εἷπον
1787 2671 1985 2740 κρᾶσιν

401 2755 804 2824 διαφυλάττειν,
830 2756 926 2811 καὶ
949 2757 1086 2828 πρός
1119 2774 1180 2811 τε
1206 2758 1510 2828 ἀποτομίαν
1547 2760 1644 2813 καὶ
1676 2760 1985 2831 φιλανθρω-

407 2850 536 2901 πίαν
572 2849 648 2918 μὴ
681 2848 835 2919 παρὰ
867 2850 1065 2919 μέτρον
1104 2849 1258 2921 ὁρᾷν,
1293 2850 1346 2902 εί
1371 2867 1434 2918 γε
1477 2850 1721 2919 μέλλοιεν
1748 2852 1797 2904 οἱ
1828 2852 1914 2904 ἐπ’
1938 2853 1986 2885 ⁸⁸

402 2941 631 3004 ἐκείνοις
655 2941 918 3010 ὑγιαίνειν
942 2941 1369 3013 πολιτευόμενοι.
1400 2943 1586 2996 Ταῦτα
1611 2945 1742 3015 ἡμῖν
1768 2944 1987 3013 λέγεται

406 3031 542 3100 πρὸς
570 3032 668 3102 τὴν
698 3032 1004 3103 ἀποτομίαν
1033 3034 1253 3106 ὁρῶσιν,
1282 3035 1351 3105 ἢν
1398 3037 1428 3089 ὁ
1476 3035 1618 3089 κατά
1646 3036 1753 3091 τῶν
1784 3039 1863 3101 είς
1891 3055 1989 3091 πο-

402 3125 460 3175 λε
470 3123 624 3193 μίους
648 3125 1138 3196 αὐτομολησάντων
1168 3127 1421 3198 κείμενος
1441 3128 1604 3198 νόμος
1633 3129 1986 3183 ἐνδείκνυται.

405 3215 663 3268 Βούλεται
681 3215 791 3288 γὰρ
811 3217 903 3270 τὸν
925 3218 1360 3290 ηὐτομοληκότα,
1376 3219 1429 3274 εῐ
1448 3237 1577 3274 ποτε
1601 3220 1737 3290 πρὸς
1763 3224 1989 3292 γνώμην

407 3306 772 3376 μεταμελείας
795 3308 894 3361 ίδοι
921 3316 1016 3362 καὶ
1043 3309 1104 3362 τὸ
1133 3309 1406 3379 προλαὸδν
1437 3311 1744 3382 ἁμάρτημα
1773 3310 1861 3364 διὰ
1889 3311 1986 3381 τῆς

408 3398 544 3467 πρὸς
590 3400 659 3452 τά
705 3401 881 3453 οἰκεῖα
933 3402 1353 3474 ὲπαναστροφῆς
1409 3402 1661 3456 ίάσασθαι
1709 3403 1986 3474 βουληθῇ,

407 3489 624 3540 ἔκδοτον
657 3489 737 3552 είς
787 3489 991 3558 βρῶσιν
1026 3491 1236 3564 θηρίοις
1273 3492 1521 3561 γίνεσθαι
1553 3493 1585 3562 ἢ
1625 3493 1986 3548 ἀνασκολοπί-

407 3578 616 3642 ζεσθαι.
661 3581 833 3634 Τοῦτο
887 3582 1011 3652 ἐμοὶ
1053 3583 1256 3655 πολλῆς
1311 3584 1412 3656 μὲν
1455 3585 1628 3639 αἴτιον
1671 3585 1874 3657 βλάσης
1920 3589 1988 3658 τῇ

407 3670 653 3743 πολιτείᾳ
682 3671 848 3736 δοκεῖ,
892 3673 1094 3745 πολλὴν
1123 3675 1180 3728 δὲ
1227 3676 1320 3730 καὶ
1372 3675 1482 3731 τῶν
1530 3677 1666 3748 πρὸς
1715 3677 1992 3748 σωτηρίαν

406 3760 744 3832 ὁδηγούντων
799 3761 1077 3833 λογισμῶν
1120 3763 1420 3835 ἀποφέρειν
1465 3765 1567 3836 τὴν
1614 3766 1987 3838 ἐναντιότητα.

421 3852 694 3920 Ἀνάγκην
724 3853 834 3926 γὰρ
867 3854 1063 3922 ἐπάγει
1103 3857 1216 3919 τοῖς
1249 3856 1385 3926 πρὸς
1415 3857 1540 3921 τοὺς
1574 3857 1866 3928 πολεμίους
1893 3859 1992 3912 αὐο

408 3945 743 4014 τομολήσασι
776 3946 1046 4017 μηδέποτε
1083 3947 1193 4000 τῶν
1234 3948 1451 4002 οἰκείων
1483 3950 1813 4020 μεμνῆσθαι,
1855 3952 1992 4022 μηδὲ

409 4036 508 4104 τῆς
537 4037 674 4107 πρὸς
720 4036 822 4108 τὴν
867 4038 1100 4107 πατρίδα
1153 4040 1540 4110 ὲπαναδρομῆς
1587 4039 1993 4111 ἀναλαμϐάνειν

409 4128 500 4180 τδν
531 4126 730 4198 ἔρωτα.
769 4129 958 4192 Οὐδεὶς
990 4129 1121 4199 γὰρ,
1154 4131 1302 4194 ὅστις
1335 4132 1591 4203 τοιαύτην
1633 4134 1994 4205 ἐκδεχομένην

412 4220 575 4274 αὐτὸν
600 4225 870 4292 τιμωρίαν
890 4220 1048 4287 εἰδὼς
1081 4224 1203 4278 ἀντὶ
1222 4225 1322 4293 τῆς
1348 4227 1406 4279 ὲν
1424 4228 1536 4290 τοῖς
1557 4227 1834 4298 πολεμίοις
1862 4228 1994 4300 βιώ-

415 4330 550 4377 σεως
573 4312 716 4366 οὕτω
732 4314 950 4385 πικρῶς
967 4317 1024 4368 ὲν
1051 4318 1116 4386 τῇ
1135 4317 1358 4387 πατρίδι
1376 4318 1554 4372 θανεῖν
1571 4322 1808 4392 προαιρή
1817 4338 1992 4380 σεται.

485 4405 685 4474 Διόπερ
713 4403 920 4475 ταύτην
952 4404 1051 4474 μὲν
1096 4405 1194 4476 τὴν
1227 4407 1554 4477 ἀποτομίαν,
1601 4410 1686 4464 ἵνα
1731 4413 1806 4482 μὴ
1850 4410 1995 4480 λέγω

2100 1937 2246 1993 aeris
2283 1937 2616 2008 qualitates:
2677 1938 2752 1993 ita
2785 1944 2840 1993 et
2867 1939 2982 2008 ipse
3031 1937 3380 1992 affectionum
3437 1935 3672 1990 commi-

2097 2028 2278 2084 stione
2301 2028 2369 2082 ad
2405 2043 2591 2083 rerum
2655 2028 3218 2085 administrandarum
3255 2027 3546 2083 utilitatem
3591 2037 3674 2081 at-

2096 2129 2419 2190 temperata,
2457 2135 2518 2175 se
2553 2120 2895 2176 moderatum
2954 2120 3210 2191 praebeat.
3239 2129 3294 2176 et
3345 2135 3526 2190 neque
3554 2133 3674 2174 mo-

2093 2210 2320 2266 rositate
2347 2209 2526 2280 gravis
2542 2218 2705 2280 atque
2720 2210 3081 2266 intolerabilis
3095 2211 3190 2276 sit,
3212 2225 3389 2279 neque
3411 2210 3673 2263 indecora

2093 2301 2318 2357 lenitate
2341 2300 2718 2371 despicabilis,
2735 2312 2790 2357 et
2804 2301 2870 2356 ad
2885 2303 3124 2373 guberna
3134 2301 3300 2356 ndum
3327 2301 3548 2371 ineptus
3561 2299 3646 2352 fiat
3659 2340 3673 2352 .

2096 2393 2255 2459 Quod
2293 2404 2474 2450 autem
2499 2397 2568 2452 de
2595 2411 2722 2451 aere
2758 2394 3016 2457 dicimus,
3059 2395 3165 2448 hoc
3202 2401 3351 2448 certe
3385 2401 3440 2447 ct
3494 2393 3548 2446 in
3596 2391 3677 2447 le-

2094 2485 2254 2556 gibus
2288 2487 2495 2542 servari
2519 2483 2745 2542 omnino
2772 2485 3046 2540 convenit.
3072 2483 3210 2539 Nam
3246 2491 3466 2553 Oportet
3505 2483 3674 2552 leges,

2095 2590 2222 2630 cum
2250 2591 2439 2632 revera
2465 2577 2782 2646 reipublicae
2813 2575 3086 2646 principes
3142 2575 3274 2638 sint,
3338 2587 3504 2642 quam
3561 2571 3673 2625 dixi

2097 2676 2632 2738 contemperaturam
2661 2682 3014 2730 conservare,
3039 2680 3216 2736 neque
3241 2664 3306 2719 ad
3329 2666 3675 2720 severitatem

2097 2757 2449 2815 lenitatemve
2478 2774 2645 2829 supra
2679 2757 2902 2813 modum
2933 2751 3677 2828 respicere:siquidem,qni

2099 2848 2343 2918 ipsarum
2405 2850 2707 2904 rectionem
2770 2854 3101 2918 agnoscunt,
3147 2845 3453 2900 incolumes
3509 2842 3676 2895 futuri

2098 2948 2282 2995 erunt.
2304 2939 2483 3009 Atque
2514 2938 2628 2993 haec
2665 2938 2887 3008 quidem
2923 2945 3178 3007 respectu
3212 2935 3515 3006 praefracta:
3535 2934 3680 2987 illius

2097 3029 2256 3101 legis,
2291 3045 2413 3100 qua:
2435 3029 2703 3086 adversus
2741 3045 2838 3086 eos
2868 3029 2962 3100 qui
2997 3029 3066 3083 ad
3119 3028 3305 3083 hostes
3358 3025 3679 3094 transfuge-

2103 3130 2249 3187 rent,
2277 3121 2387 3177 lata
2428 3129 2531 3187 est,
2560 3137 2592 3177 a
2658 3123 2818 3178 nobis
2849 3123 3134 3178 dicuntur.
3185 3119 3313 3175 Vult
3348 3127 3528 3175 autem
3562 3118 3681 3183 illa,

2103 3214 2180 3268 uti
2222 3213 2525 3286 transfuga,
2581 3213 2877 3284 siquando
2941 3213 3281 3285 ptenitudine
3329 3212 3549 3275 ductus,
3595 3226 3685 3266 re-

2104 3305 2324 3360 deundo
2359 3305 2428 3360 ad
2461 3321 2594 3361 suos
2652 3308 3005 3362 commissum
3038 3305 3299 3361 delictum
3361 3305 3685 3358 oblitteram

2103 3394 2252 3459 velit,
2285 3393 2480 3450 bestiis
2507 3393 2857 3450 devorandas
2889 3394 3212 3463 objiciatur,
3258 3401 3351 3447 aut
3376 3393 3430 3447 in
3466 3392 3680 3446 furcam

2105 3483 2350 3536 tollatur.
2396 3481 2555 3548 Quod
2600 3498 2734 3537 sane
2777 3481 2908 3536 mihi
2970 3481 3296 3551 reipublicae
3354 3496 3688 3550 magnopere

2105 3580 2443 3627 nocumento
2470 3588 2615 3639 esse,
2651 3588 3016 3644 magnamque
3045 3574 3318 3630 rationum
3351 3575 3418 3628 ad
3450 3575 3684 3629 salutent

2107 3666 2216 3720 iter
2245 3668 2675 3721 monstrantium
2704 3669 3158 3724 contrarietatem
3189 3674 3414 3741 gignere
3441 3669 3673 3726 videtur.

2109 3755 2503 3812 Necessitatem
2544 3757 2690 3814 enim
2724 3759 3028 3832 transfugis
3061 3761 3298 3829 inducit,
3332 3779 3397 3816 ne
3441 3777 3682 3832 unquam

2108 3848 2468 3904 recordentur
2538 3865 2789 3917 suormn,
2850 3867 3026 3922 neque
3100 3855 3414 3909 revertendi
3470 3853 3524 3907 in
3585 3866 3688 3922 pa-

2105 3941 2265 3997 triam
2306 3942 2620 4013 concipiant
2674 3942 3030 4000 desiderium.
3078 3943 3273 4000 Nullus
3303 3955 3381 4000 est
3412 3946 3550 3999 enim
3580 3961 3690 3998 om-

2108 4033 2277 4098 nium,
2331 4031 2577 4102 quicum
2611 4047 2672 4089 se
2719 4033 3032 4090 istiusmodi
3078 4050 3241 4106 poena
3295 4036 3684 4106 excipiendum

2113 4121 2277 4188 sciat,
2304 4122 2448 4177 inter
2497 4123 2683 4180 hostes
2715 4123 2921 4189 vivere,
2975 4140 3141 4195 quam
3182 4135 3292 4181 tam
3345 4127 3604 4181 acerbam
3631 4126 3686 4180 in

2110 4212 2284 4283 patria
2314 4220 2551 4269 mortem
2583 4215 2773 4271 subire
2796 4229 2907 4271 non
2933 4216 3112 4272 malit.
3647 4215 3651 4219 ’

2186 4425 2533 4498 Quapropter
2579 4427 2814 4497 rigidam
2865 4427 3011 4485 hanc
3065 4430 3441 4497 severitatem,
3503 4439 3564 4486 ut
3625 4447 3694 4487 ne

414 4493 652 4562 ἀδικίαν,
685 4493 829 4557 (πῶς
855 4493 965 4565 γὰρ
985 4496 1084 4548 οὐκ
1100 4495 1305 4562 ἄδικον,
1335 4498 1426 4550 τὸν
1452 4499 1858 4570 ἁμαρτάνοντα,
1884 4498 1985 4556 εἶτα

2109 4493 2454 4586 iniquitatem
2497 4493 2675 4572 dicam
2708 4519 2858 4584 (nam
2898 4534 3023 4573 eum
3066 4520 3162 4589 qui
3184 4520 3436 4591 deliquit,
3465 4521 3693 4576 deinde-

414 4584 475 4650 ἐξ
502 4584 668 4639 αὐτοῦ
705 4586 842 4657 πρὸς
871 4586 972 4656 τὴν
997 4587 1093 4640 τοῦ
1125 4589 1523 4659 ἁμαρτήματος
1545 4593 1985 4665 ἀναφρονήσαντο

2111 4584 2218 4676 que
2241 4617 2435 4676 suapte
2473 4617 2671 4677 sponte
2697 4608 2765 4663 ad
2799 4584 3128 4664 medendum
3162 4584 3362 4664 delicto
3393 4584 3690 4677 resipiscit.

417 4693 580 4740 ιασιν,
616 4676 870 4742 κολάζειν
893 4676 1036 4734 οὕτω
1064 4681 1279 4751 πικρῶς
1303 4697 1318 4747 ;
1343 4682 1361 4752 )
1392 4683 1458 4736 ὲκ
1508 4683 1619 4737 τῶν
1646 4684 1985 4740 δικαιοτάτωι

2110 4707 2221 4751 tam
2251 4699 2447 4753 acerbe
2463 4676 2645 4769 puniri
2679 4701 2956 4770 quomodo
2988 4716 3100 4755 non
3139 4707 3226 4755 est
3265 4676 3576 4770 iniquum?)
3627 4716 3691 4754 ev

360 4813 370 4850 _,
417 4769 715 4840 ἐλαύνομεν
743 4770 948 4838 νόμων,
986 4772 1284 4844 κελεύομεν
1312 4775 1356 4807 ⁸⁸
1387 4775 1468 4838 δὲ,
1500 4777 1661 4841 εἴτις
1708 4779 1985 4850 αὐτόμολα

2105 4790 2435 4859 iustissimis
2491 4769 2706 4861 legibus
2758 4793 3138 4863 profligamus,
3171 4805 3235 4845 ac
3291 4769 3570 4860 iubemus,
3632 4801 3691 4843 ut

416 4861 495 4923 είς
522 4860 622 4932 τὴν
651 4861 887 4932 πατρίδα
921 4863 1323 4937 ὲπαναδράμοι,
1355 4864 1504 4932 ἆπαξ
1535 4869 1633 4939 μὲν
1662 4870 1818 4925 τοῦτο
1845 4873 1985 4941 ποιή·

2112 4883 2226 4950 (2|)
2251 4883 2298 4936 si
2327 4883 2444 4954 quis
2481 4860 2773 4953 transfuga
2793 4884 2844 4937 in
2871 4860 3101 4953 patriam
3129 4889 3402 4943 recurrat.
3441 4897 3566 4936 cum
3605 4898 3696 4936 se-

419 4965 538 5018 σας,
570 4950 904 5024 συγγνώμης
927 4955 1245 5027 τυγχανέτω
1270 4973 1286 4990 ·
1315 4955 1567 5030 δεύτερον
1591 4959 1669 5024 δὲ,
1704 4960 1786 5028 είς
1816 4965 1985 5030 τριετῆ

2113 4973 2219 5027 mel
2253 4950 2525 5028 duntaxat
2585 4950 2964 5042 transfugerit,
3020 4970 3239 5026 veniam
3270 4979 3690 5042 consequatur:

1742 5098 1980 5158 VARIAE
2016 5105 2424 5166 LECTIONES.

488 5210 534 5290 ’ξ
559 5208 670 5290 Ecl.
697 5211 1216 5290 καινοτρμουμένου,
1236 5217 1443 5290 Ριξωῑςι*
1467 5211 1793 5290 unum_C_od_.
1825 5217 1916 5290 qui
1935 5221 2433 5290 καινοτομουμένης
2454 5219 2637 5290 habet.
2663 5217 2708 5249 "
2727 5214 2921 5269 Zuicb.
2943 5212 3235 5290 et__Meerm_.
3255 5211 3690 5290 τιμωρουμένου.

416 5273 462 5307 ’τ
502 5273 1087 5359 Articulus_ro§'deest
1106 5273 1512 5359 apud-serium.
1603 5281 1650 5314 ⁷⁸
1675 5281 1801 5359 Ec].
1831 5273 2062 5359 titanas.
2160 5273 2211 5321 '7’
2243 5273 2484 5359 S'criiit'g.
2506 5289 2730 5358 οῐκτρῳ,
2762 5301 2826 5341 ex
2857 5299 2968 5356 quo
2994 5284 3184 5354 Steph.
3212 5273 3691 5354 ἰσομέτρῳξιὶεγι.

421 5351 740 5422 συμμέτρῳ,
775 5350 918 5407 Beck
988 5350 1251 5423 ἐμμέτρῳ
1287 5350 1605 5408 ell'eccrunt.
1675 5352 1722 5384 °
1752 5353 1932 5411 Malim
1966 5358 2080 5412 ὑπ’.
2156 5359 2198 5391 ⁸¹
2233 5359 2348 5416 Inc.
2379 5350 2600 5430 Eéloga.

1937 5469 2171 5527 NOTAE.

498 5574 610 5651 (20)
647 5575 974 5651 Transfuga;
994 5578 1201 5651 bestiis
1229 5594 1339 5634 non
1388 5580 1705 5651 objiciendi,
1743 5593 1802 5637 ut
1857 5584 1990 5638 olim

421 5661 488 5726 ex
514 5648 626 5716 lege
649 5645 759 5726 εις
785 5648 869 5726 ις),
899 5645 956 5702 ῐ1’.
991 5648 1074 5726 De
1099 5665 1160 5726 re
1182 5651 1374 5726 _m_i_lit.
1405 5645 1526 5726 qua:
1561 5652 1672 5726 ίιιιιΔ
1693 5645 1991 5726 abrogatur

421 5715 525 5769 hac
551 5715 965 5772 Constitutionc.
997 5719 1148 5773 Adde
1175 5719 1228 5783 6,
1259 5715 1443 5774 Harm'.
1467 5723 1521 5782 8,
1563 5722 1616 5775 in
1645 5723 1736 5778 (in.

493 5785 606 5855 (2i)
638 5787 709 5841 De
749 5803 906 5856 paena
938 5789 1258 5859 transfugae,
1297 5789 1434 5845 addc
1460 5793 1495 5846 Ι.
1521 5793 1573 5857 8,
1607 5793 1634 5862 ᾗ
1669 5794 1701 5847 2
1724 5835 1737 5861 ,
1803 5797 1858 5861 5,
1903 5795 1942 5850 !.
1977 5795 2071 5858 38.

2117 5585 2144 5658 ᾗ
2177 5587 2226 5651 l,
2263 5586 2318 5641 ff.
2352 5585 2428 5662 De
2454 5583 2658 5662 pomis,
2683 5583 2800 5662 12],
2833 5582 2889 5637 ιτ.
2923 5581 3087 5662 pere
3427 5577 3690 5662 ἕκαλος,

2101 5648 2430 5711 desertorib.
2457 5648 2498 5709 Ῑ.
2533 5657 2588 5722 1,
2619 5653 2679 5711 C.
2706 5653 2782 5709 De
2813 5653 2986 5710 servis
3013 5651 3168 5722 lugit.
3214 5648 3332 5706 Vid.
3364 5651 3400 5703 Ι.
3426 5650 3460 5705 '5
3495 5651 3550 5703 in
3587 5652 3680 5703 lin.

2104 5728 2160 5780 tl‘.
2194 5727 2266 5784 De
2298 5727 2536 5783 sicariis.
