4048 6524
392 379 498 444 575

1623 349 1896 415 LEONIS
1925 340 2385 406 PHILOSOPIII

3542 325 3648 391 576

394 484 530 538 sciis
578 483 902 534 testamenta
927 473 1188 537 condent,
1214 483 1339 525 cum
1373 464 1505 519 tides
1536 462 1589 515 in
1617 463 1736 515 solo
1762 459 1972 512 tabula-
2001 510 2003 516 ,

2107 452 2410 520 πράγματα’
2464 444 2579 508 πῶς
2630 442 2737 510 γὰρ
2795 442 2841 492 εἰ
2907 438 3102 506 γύναια
3163 437 3254 490 καὶ
3309 438 3654 508 γραμμάτων

395 575 481 628 rio
527 572 768 632 ﬂuctuet,
818 580 928 620 non
966 580 1032 619 ex
1064 563 1252 616 eadem
1285 572 1452 612 cauSa
1505 569 1685 609 caecus
1744 553 1972 606 liberam

2109 543 2346 595 δίδακτοι
2389 537 2662 605 ἄνθρωποι
2707 531 2850 584 κατὰ
2888 531 2978 582 τὸν
3024 527 3412 598 ἀναχωροῦντα
3450 530 3656 598 τρόπον

403 658 717 718 testamenti
765 655 1056 710 factionem
1093 651 1328 706 habeat?
1356 649 1474 705 Iam
1507 659 1636 700 vero
1665 651 1719 698 et
1743 655 1976 696 consue-

2069 635 2168 703 τῆς
2200 632 2309 685 τῶν
2342 626 2552 682 πολλῶν
2598 623 2853 693 γνώσεως
2906 620 3246 684 διατάξονται
3284 621 3342 672 έν
3393 619 3540 690 μόνῳ
3578 619 3658 689 τῷ

397 757 550 818 tudo,
576 766 684 806 non
719 749 896 805 solum
950 754 1132 800 autem
1194 742 1424 798 alterius
1479 738 1612 808 legis
1663 735 1825 796 ratio,
1849 745 1973 785 cum

2113 725 2336 794 ράφοντι
2364 718 2694 786 σα).ευοὺσης
2719 716 2818 784 τῆς
2849 715 3104 776 πίστεως,
3135 712 3256 782 οὐχί⁵
3281 713 3378 765 καὶ
3402 713 3430 762 ὁ
3454 712 3654 780 τυφλὸς

400 847 515 911 lege
536 802 765 910 pugnat.
821 836 1031 890 Etenim
1089 835 1266 902 placet
1295 831 1442 894 huic,
1479 802 1556 883 ne
1587 825 1900 885 mulierum,
1920 828 1979 874 et

2107 833 2135 868 κ
2165 815 2268 881 τῆς
2305 812 2474 880 αὐτῆς
2499 809 2677 870 αἰτίας
2713 806 2990 860 ἀκώλυτον
3018 804 3170 874 σχοίη
3198 804 3259 855 τὸ
3279 802 3616 856 διατίθεσθαι
3641 820 3657 870 ;

407 931 785 1000 imperitorum
813 928 1140 989 litterarum,
1163 935 1502 978 caecorumve
1529 923 1857 974 testamenta
1886 927 1977 966 ar-

398 1037 536 1074 cane
565 1021 705 1073 facta
738 1019 920 1087 vigore
963 1017 1272 1082 priventur.

2087 906 2246 959 Ἀλλὰ
2278 905 2384 973 γὰρ
2413 902 2507 956 καὶ¹
2535 899 2603 953 τὰ
2623 899 2718 967 τῆς
2742 896 3050 966 συνηθείας,
3080 895 3139 948 οὑ
3181 895 3340 964 μόνον
3365 895 3432 948 τὰ
3462 897 3527 947 ὲκ
3561 893 3657 946 τοῦ

2071 994 2262 1065 νόμου,
2297 991 2432 1061 πρὸς
2480 989 2572 1042 τὸν
2612 989 2774 1056 νόμον
2814 986 3008 1054 ὁρᾶται
3061 984 3367 1054 μαχόμενα.
3412 985 3523 1036 Καὶ
3549 982 3661 1052 γὰρ

395 1111 537 1167 οἶδεν
581 1111 718 1178 αὕτη
769 1075 863 1163 xysti.
911 1075 1290 1175 yovatwvma‘t
1323 1099 1530 1170 ἀνδρῶν
1567 1096 1628 1151 οὑ
1673 1094 1762 1149 διὰ
1793 1087 2136 1163 γραμμάτων
2169 1084 2423 1156 ὴγμένων
2476 1080 2570 1135 καὶ
2596 1078 2855 1148 τυφλῶν⁵
2919 1075 3190 1142 διατάξεις
3254 1076 3312 1127 ὲν
3377 1075 3662 1145 μυστηρίῳ

397 1205 656 1273 κειμένας
689 1201 764 1275 μὴ
799 1202 896 1270 τὴν
926 1201 1075 1267 ίσχὺν
1107 1193 1478 1266 ἀφαιρεῖσθαι.

477 1272 633 1360 Quod
674 1272 797 1346 cum
827 1293 900 1344 ita
922 1295 1135 1354 sit,nos
1170 1293 1488 1359 quoque,ut
1521 1287 1732 1337 secreto
1767 1272 1970 1348 (ὃὸ-54)

2163 1265 2320 1320 Ἐπεὶ
2348 1265 2367 1295 ⁸
2394 1259 2486 1318 οὖν
2511 1262 2655 1316 οὓτω
2681 1260 2854 1317 ταῦτα
2877 1261 2919 1326 ⁷,
2971 1260 3065 1313 καὶ¹
3097 1260 3258 1330 ἡμεῖς
3309 1261 3431 1323 ταῖς
3474 1277 3667 1329 μυστι-

399 1386 650 1440 confecta
671 1389 1016 1442 testamenta.
1036 1381 1151 1434 sive
1169 1390 1459 1438 cacorum,
1475 1372 1590 1428 sive
1608 1370 1840 1423 aliorum
1858 1364 1971 1436 (55)

2107 1357 2203 1418 ιαϊς
2243 1354 2660 1418 διατυπώσεσιν,
2711 1353 2776 1406 ἄν
2819 1368 2879 1405 τε
2907 1350 3124 1420 τυφλῶν
3165 1351 3228 1404 ἄν
3268 1352 3327 1404 τὲ
3356 1369 3517 1404 τινων
3547 1352 3670 1404 ἐτέ-

404 1475 731 1547 quarumvis
759 1475 891 1535 sint,
913 1471 1293 1525 auctoritatem
1322 1465 1623 1525 obtineant,
1654 1461 1930 1514 sancimus
1963 1469 1976 1505 :

2080 1465 2193 1518 ρων
2221 1440 2324 1500 ὦσι
2353 1446 2683 1515 προσώπων,
2709 1444 2992 1514 προσεῖναι
3023 1442 3351 1512 θεσπίζομεν
3372 1444 3660 1511 σύστασιν,

411 1529 658 1634 illudque
712 1563 938 1632 insuper
957 1557 1248 1614 statuendo
1278 1553 1554 1615 addimus,
1609 1557 1666 1603 ttt
1690 1556 1981 1614 antequam

2107 1537 2242 1592 ςοῦτο
2269 1533 2882 1606 προσεπιθεσπίζοντες,
2909 1529 3048 1584 ὥστε
3078 1531 3185 1602 πρὸ
3226 1531 3335 1585 τῶν
3371 1532 3668 1602 μαρτύρων

409 1621 806 1726 testesljurent,
837 1621 1275 1720 subscriptiones
1298 1658 1486 1699 eorum
1533 1641 1627 1710 qui
1659 1643 1986 1693 testamenta

2107 1630 2331 1699 ,νόρκιον
2365 1626 2641 1680 ἐκκεῖσθαι
2670 1623 2998 1694 ὑπογραφὴν
3025 1623 3047 1653 ⁸
3099 1622 3208 1675 τῶν
3247 1622 3346 1685 τὰς
3391 1621 3666 1687 διατάξεις

408 1749 878 1816 mnscripserunt,
914 1743 969 1796 in
1001 1740 1239 1795 medium
1280 1740 1688 1806 proponantur,
1748 1743 1865 1798 qua:
1902 1742 1989 1778 so-

2107 1720 2435 1788 γραφὸντων,
2493 1717 2568 1779 ὡς
2620 1717 2813 1786 εἴησαν
2861 1713 3078 1784 ἀληθῶς
3118 1715 3300 1768 ἐκεῖνα
3353 1717 3666 1785 γράψαντες

407 1849 548 1904 nent,
581 1808 727 1908 quod
756 1848 945 1890 revera
983 1834 1073 1886 illa
1097 1829 1418 1900 scripserint
1438 1840 1558 1895 qua:
1600 1825 1717 1893 ipsa
1757 1829 1986 1874 testato-

2107 1813 2235 1882 ίπερ
2263 1810 2592 1880 ἀκηκόεσαν,
2644 1809 2816 1879 αὐτῆς
2867 1808 3122 1876 ἐκείνης’
3163 1809 3659 1879 ὑποφθεγξαμένης

407 1930 489 1984 ris
518 1929 699 1996 lingua
724 1926 965 1979 dictante
996 1922 1341 1975 audiverunt.
1369 1915 1434 1970 Et
1467 1916 1512 1970 si
1546 1913 1764 1983 quidem
1791 1909 1987 1962 talsunt

409 2017 767 2073 commissum
791 2029 915 2068 esse
945 2012 1292 2082 postmodum
1323 2008 1601 2077 probetur,
1633 2005 1803 2074 ipsos,
1827 2000 1874 2055 si
1908 1999 1992 2053 di-

407 2112 548 2162 vites
570 2107 702 2170 sint,
733 2107 1001 2159 bonorum
1031 2101 1307 2172 ademptio
1340 2116 1356 2154 :
1381 2100 1466 2154 sin
1495 2109 1788 2168 pauperes,
1816 2093 1984 2146 vehe-

410 2199 614 2252 mentia
628 2197 850 2252 verbera
865 2206 918 2250 et
936 2195 1189 2249 exsiliunt
1206 2194 1259 2247 in
1274 2192 1458 2246 delicti
1476 2203 1690 2259 poenam
1710 2189 1989 2239 maneant.

410 2292 625 2356 Quibus
659 2291 763 2342 hoc
815 2289 1040 2358 insuper
1099 2285 1463 2346 aunectintus,
1511 2289 1570 2334 ut
1596 2281 1640 2333 si
1675 2275 1897 2347 quando
1924 2275 1992 2328 ad

413 2383 500 2437 sui
531 2379 1005 2435 conﬁrmationem
1037 2376 1204 2446 (quod
1263 2375 1578 2444 frequenter
1606 2368 1818 2434 incidit)
1841 2366 1993 2436 jura-

415 2471 617 2527 mentis
647 2479 973 2526 testamento
997 2484 1136 2538 opus
1165 2469 1237 2522 sit
1276 2483 1290 2519 :
1325 2465 1428 2535 ipsi
1493 2463 1656 2518 etiam
1683 2459 1776 2530 qui
1825 2468 1995 2513 testa-

2097 1903 2198 1973 τῆς
2225 1901 2317 1954 τοῦ
2345 1900 2665 1971 διαθεμένου
2701 1899 2742 1930 ¹⁰
2780 1897 3062 1970 γλώσσηςο
3099 1900 3194 1952 καὶ
3222 1900 3277 1951 εἴ
3319 1917 3404 1963 τις
3442 1899 3666 1970 ἔλεγχος

2096 1991 2238 2062 μετὰ
2299 1990 2474 2044 ταῦτα
2535 1987 2942 2058 ψευδογραφίας
3005 1988 3377 2055 ἀναφαίνοιτο,
3445 1987 3668 2058 τίμημα

2094 2080 2454 2152 προσκεῖσθαι
2481 2079 2577 2132 τοῦ
2609 2079 3024 2147 ἁμαρτήματος,
3071 2078 3326 2147 εὐπόροις
3384 2077 3482 2147 μὲν
3511 2076 3667 2130 οὖσιν

2092 2175 2275 2237 αὑτοῖς
2311 2173 2408 2243 τὴν
2439 2171 2550 2224 τῶν
2589 2170 2732 2223 ἰδίων
2778 2169 3064 2239 ὑπάρξεων
3112 2167 3483 2238 ἀλλοτρίωσιν,
3547 2169 3676 2238 ὲρή-

2097 2283 2219 2336 μοις
2249 2265 2306 2318 δὲ
2331 2262 2649 2332 περιουσίας
2670 2260 2896 2331 σφοδραὶ
2925 2265 3188 2330 μάστιγες
3217 2260 3310 2312 καὶ
3330 2260 3476 2330 φυγὴ
3495 2259 3672 2329 ὑπερ-

2094 2358 2241 2428 ὁριος
2273 2354 2609 2408 ὲπικείσεται
2648 2353 2682 2422 ὴ
2717 2351 2907 2421 ζημία.
2941 2349 3059 2404 Ἔτι
3085 2351 3256 2404 δὲκαὶ
3280 2350 3438 2403 τοῦτο
3473 2353 3587 2414 τοῖς
3629 2351 3671 2383 ⁸³

2097 2445 2466 2501 θεσπισθεῖσιν
2516 2443 2996 2511 ὲπισυνάπτομεν·
3057 2443 3204 2493 ποῖον
3232 2442 3314 2508 1’;
3373 2442 3427 2494 εί
3477 2460 3607 2494 ποτε
3636 2444 3671 2513 ἡ

385 2595 387 2597 ι
419 2571 663 2617 mentum
692 2562 1162 2629 conscripserunt,
1197 2573 1304 2612 una
1325 2571 1448 2610 cum
1465 2553 1730 2624 juraturis
1760 2549 1996 2606 testibus

2107 2536 2335 2600 διάταξις
2363 2532 2580 2603 δεηθείη
2607 2535 2786 2602 ὅρκων
2807 2532 2851 2563 ¹³
2901 2530 2989 2584 οἷα
3023 2531 3187 2585 πολλὰ
3231 2533 3312 2594 εἰς
3362 2531 3673 2601 βεσαίωσιν,

418 2656 499 2710 rei
530 2655 689 2710 tidem
715 2661 769 2709 et
798 2653 1084 2709 veritatem
1111 2649 1485 2705 corroborent.

865 2909 1331 2969 CONSTITUTIO
1371 2907 1533 2964 LXX.

862 3007 938 3060 De
965 3005 1384 3076 grassatiouibus
1414 3002 1549 3072 (36).

498 3157 647 3212 Idem
689 3155 982 3225 imperator
1021 3155 1194 3208 eidem
1221 3151 1484 3220 Styliauo.

496 3249 646 3312 Quos
701 3242 1017 3299 communio
1086 3242 1141 3294 in
1205 3257 1368 3294 unam
1423 3240 1656 3307 aliquam
1723 3238 2004 3294 eamdem-

427 3354 536 3407 que
563 3335 936 3390 conditionem
986 3332 1293 3401 conjungit,
1347 3331 1487 3383 inter
1536 3331 1633 3383 hos
1684 3343 2006 3383 communes

428 3431 592 3484 etiam
626 3429 841 3481 animos
881 3440 1003 3480 esse
1033 3425 1232 3492 ttbiqne
1262 3422 1466 3474 videas.
1525 3421 1599 3472 lla
1653 3420 1704 3472 in
1758 3421 2004 3488 negotia-

429 3521 672 3575 tionibus
702 3519 836 3573 socii
863 3517 1065 3587 (57-58)
1099 3518 1311 3570 lucrum
1334 3514 1706 3581 damnumque
1726 3512 2009 3578 aequaliter

429 3614 573 3665 inter
626 3626 685 3666 se
745 3610 1100 3679 partiuntur;
1163 3609 1234 3661 ita
1279 3607 1534 3660 itinerum
1593 3606 1845 3671 comites,
1885 3619 2009 3658 cum

432 3702 662 3756 fortuitu
690 3703 742 3755 in
774 3717 884 3755 rem
918 3701 1156 3769 aliquam
1184 3700 1432 3754 incidunt
1462 3698 1599 3768 (59),
1625 3697 1837 3750 tametsi
1871 3709 2014 3765 sape

438 3809 551 3848 uno
578 3793 728 3846 illam
764 3800 1044 3846 momento
1071 3792 1278 3860 pariter
1314 3805 1422 3844 non
1479 3789 1848 3858 conspiciant,
1890 3789 2013 3856 ejus

431 3895 614 3939 tamen
649 3884 791 3938 inter
823 3899 884 3938 se
914 3884 1005 3952 jus
1037 3882 1449 3936 communicant
1495 3879 1626 3949 (40).
1681 3879 1758 3933 Ita
1794 3894 1922 3934 vero
1959 3887 2016 3934 et

432 3974 878 4037 commilitones,
942 3974 1065 4027 licet
1120 3987 1309 4027 omnes
1376 3987 1488 4027 non
1559 3972 1674 4042 pari
1733 3971 1915 4025 studio
1963 3979 2019 4024 et

433 4063 636 4132 impetu
683 4061 738 4115 in
771 4061 981 4116 hostem
1019 4062 1285 4126 ferantur,
1320 4071 1564 4117 attamen
1621 4062 1864 4116 victoria:
1901 4061 2020 4130 pal-

435 4170 581 4207 mam
607 4169 674 4208 ex
708 4169 863 4222 aequo
905 4154 1185 4207 auferunt.
1224 4151 1575 4222 Quapropter
1604 4152 1795 4213 etiam,
1833 4161 1890 4203 ttt
1925 4149 2020 4220 qui

438 4246 709 4300 malitioso
740 4261 1014 4300 consensu
1059 4245 1297 4298 coitione
1329 4245 1494 4309 facta,
1545 4259 1657 4297 rem
1699 4244 1937 4312 aliquam
1968 4243 2022 4296 in

446 4349 610 4399 quam
644 4347 671 4383 a
708 4333 823 4403 lege
853 4349 1011 4403 patria
1040 4335 1334 4387 constituta
1352 4343 1458 4395 est,
1497 4333 2020 4401 incmptantuttpote

443 4423 487 4477 si
510 4421 727 4493 (ιι-42)
757 4430 946 4491 raptus
976 4423 1368 4488 committatur,
1387 4423 1468 4476 vel
1503 4424 1852 4492 parricidium
1884 4424 2016 4494 (45),

2099 2631 2192 2684 καὶ
2229 2628 2424 2688 αὑτοὺς
2455 2626 2582 2686 τοὺς
2603 2625 2946 2692 γεγραφότας
2973 2624 3071 2692 τὴν
3118 2623 3360 2686 διάταξιν
3409 2624 3504 2675 σὺν
3563 2625 3678 2685 τοῖς

2103 2722 2371 2792 μάρτυσιν
2393 2715 2836 2784 ὲπομνυομένους
2864 2714 2908 2746 ⁸⁵
2952 2713 3331 2784 συνεπισχύειν
3372 2713 3469 2783 τὴν
3497 2714 3680 2767 πίστιν

2100 2815 2194 2868 καὶ
2221 2811 2320 2881 τήν
2345 2807 2624 2878 ἀλήθειαν.

2631 2899 2944 2953 ΔΙΑΤΑΞΙΣ
2973 2897 3026 2952 0'
3063 2900 3126 2952 ¹⁶.

2102 2990 2242 3059 Περὶ
2277 2991 2510 3061 ἐφοδων
2555 2993 2654 3046 καὶ
2688 2996 3043 3057 τεθνηκοτος
3098 2988 3413 3058 ἀνθρώπου
3453 2987 3684 3053 πάντας

2685 3063 3027 3131 ἀμύνασθαι
3061 3063 3124 3092 “-

2193 3152 2252 3206 '0
2269 3153 2428 3217 αὑτὸς
2448 3154 2699 3224 βασιλεὺς
2727 3151 3001 3223 Στυλιανῷ
3028 3152 3104 3221 τῷ
3137 3152 3309 3222 αὑτῷ.

2195 3245 2542 3315 Ἀπανταχοῦ
2569 3246 2629 3298 τὸ
2667 3245 2844 3298 κοινὸν
2866 3243 2965 3313 τῆς
3021 3243 3246 3315 γνώμης
3297 3244 3573 3314 κατὸψοιτ’
3620 3244 3687 3299 ἄν

2113 3353 2198 3399 τις
2226 3336 2322 3399 οὒς
2347 3339 2380 3407 ἡ
2420 3337 2678 3391 κοινωνία
2729 3338 2992 3390 συνάπτει
3018 3337 3077 3390 ὲν
3104 3339 3204 3408 μιᾷ
3246 3339 3342 3390 καὶ
3387 3340 3615 3410 τοιαύτῃ
3646 3340 3687 3370 "

2119 3427 2283 3496 μοίρᾳ
2309 3427 2610 3497 τιθέμενον.
2631 3428 2784 3481 Οὕτω
2807 3427 2917 3500 γὰρ
2955 3430 3048 3482 καὶ
3073 3428 3402 3500 συνέμποροι
3431 3431 3491 3483 τὸ
3518 3433 3582 3483 ὲκ
3598 3431 3691 3483 τοῦ

2117 3516 2341 3587 κέρδους
2379 3518 2412 3587 ἢ
2446 3518 2546 3588 τῆς
2577 3516 2781 3590 ζημίας
2802 3519 2917 3572 ἴσον
2938 3520 3392 3591 διαλαγχάνουσιν
3416 3538 3431 3552 ·
3451 3524 3546 3576 καὶ
3564 3539 3693 3575 συν-

2115 3611 2287 3665 οδίται
2301 3610 2564 3673 πολλάκις
2580 3609 2851 3680 εὑρήματι
2870 3612 3277 3682 περιτυχόντες,
3296 3614 3343 3664 εί
3361 3613 3456 3666 καὶ
3477 3614 3552 3683 μὴ
3571 3615 3693 3667 κατ’

2119 3704 2234 3755 τσον
2252 3700 2445 3755 ἔϐαλον
2477 3700 2565 3754 ἐπ’
2602 3700 2734 3752 αὐτὸ
2755 3700 2855 3763 τὰς
2882 3701 2990 3754 τῶν
3031 3703 3295 3772 ὀμμάτων
3329 3703 3510 3772 βολὰς,
3546 3705 3695 3773 ὅμως

2116 3791 2205 3846 διὰ
2239 3791 2338 3862 τὴν
2377 3792 2441 3844 ὲκ
2469 3790 2570 3860 τῆς
2611 3788 2921 3861 ὁδοιπορίας
2955 3793 3242 3845 κοινωνίαν
3269 3793 3453 3862 κοινὴν
3477 3793 3576 3862 τὴν
3600 3792 3694 3845 τοῦ

2118 3882 2432 3954 εὑρήματος
2452 3883 2646 3953 κτῆσιν
2669 3884 3030 3954 πεποίηνται·
3067 3884 3164 3937 καί⁹
3187 3885 3584 3955 συστρατιῶται
3615 3886 3695 3947 δὲ,

2118 3976 2167 4028 εί
2192 3976 2289 4028 καὶ
2320 3974 2396 4045 μὴ
2421 3975 2625 4038 πάντες
2681 3974 2780 4028 σὺν
2822 3975 2993 4045 ὁμοίῳ
3026 3976 3164 4045 τόνῳ
3193 3977 3285 4030 ἐπὶ
3311 3977 3437 4039 τοὺς
3468 3975 3696 4046 ἐχθροὺς

2118 4063 2218 4126 τὰς
2262 4067 2454 4134 χεῖρας
2503 4065 2798 4130 ἐξέτειναν,
2836 4065 2973 4116 ἀλλά
3005 4065 3112 4117 τῶν
3154 4066 3444 4136 ἀριστείων
3471 4066 3568 4136 τὴν
3593 4067 3701 4118 ἰσό-

2119 4172 2260 4224 τητα
2285 4155 2530 4225 φέρουσι.
2582 4155 2783 4218 Καλῶς
2825 4156 2932 4225 ἄρα
2963 4156 3058 4208 καὶ
3094 4156 3172 4226 τῷ
3197 4157 3411 4227 παλαιῷ
3440 4157 3585 4223 ἔδοξε
3609 4176 3698 4212 νο-

2128 4245 2329 4316 μοθέτῃ
2376 4245 2474 4316 τὴν
2544 4246 2714 4316 αὑτὴν
2789 4245 3015 4316 ὑπέχειν
3067 4247 3258 4317 ποινὴν
3319 4250 3446 4310 τοὺς
3488 4251 3700 4318 πονηρᾷ

2127 4335 2322 4407 γνώμῃ
2377 4337 2818 4406 συναπτομένους
2859 4339 2956 4391 καὶ
2998 4341 3152 4408 κοινῇ
3184 4339 3318 4407 πρός
3360 4357 3478 4393 τινα
3505 4341 3702 4409 πρᾶξιν

2135 4427 2556 4500 τιμωρουμένην
2607 4429 2759 4500 νόμῳ
2799 4429 3253 4499 καθισταμένους,
3297 4429 3361 4483 ἄν
3392 4447 3449 4484 τε
3479 4433 3700 4499 γυναίου

1732 4560 1967 4616 VARle
2002 4563 2394 4621 LECTONES.

511 4681 531 4766 ξ
567 4678 743 4742 Codd,
777 4678 838 4771 οὐ
861 4677 947 4771 διὰ
965 4674 1603 4771 γραμμάξωναειμὲνων
1621 4674 1868 4771 (abigenti.
1895 4678 2003 4771 ἠγιμ

2107 4677 2963 4771 ιγ).τυῇίξιὲξψςηιέονίιαδιςρῃ.
3018 4682 3424 4771 ξιποεοιοιςα.
3483 4683 3703 4771 '_Codd.

438 4751 612 4804 ταῦτα
639 4764 764 4824 ηειῃΔ
787 4745 1037 4824 habent:
1077 4745 1325 4824 supplevi
1361 4745 1439 4800 exi
1464 4746 1602 4824 Ecl._
1636 4747 1657 4778 ⁸
1693 4745 1928 4824 δοιςίαιιίςς
1959 4745 2003 4824 E3

2107 4745 2322 4824 ιίων
2349 4745 2697 4824 ὑπογραφάς.
2716 4820 2727 4824 _
2747 4745 2989 4824 {Malim
3010 4754 3272 4824 ἐκείνοις,
3305 4745 3384 4810 εδ.
3412 4759 3536 4824 ,τοῖς
3572 4755 3709 4824 γρα-

439 4837 649 4887 φουσιν.
725 4818 768 4850 "
802 4818 912 4872 Ecl.
944 4814 1316 4887 διατιθεμένου
1341 4825 1446 4887 ,οι
1476 4817 1696 4887 rectius.
1779 4817 1823 4847 “
1857 4814 1933 4870 Ita
1979 4814 2003 4868 Ε

2141 4818 2313 4873 Codd.
2365 4814 2597 4887 τούτοις.

437 4885 582 4942 τοῖον
604 4888 660 4940 δὲ
683 4888 778 4950 ὡς.
813 4888 1062 4958 Fortasse
1096 4885 1248 4958 ποιὸν
1273 4886 1620 4958 scribendum
1645 4927 1660 4950 ,
1695 4893 1771 4958 _ut_
1809 4901 1944 4958 cum
1987 4902 2003 4954 ι

2107 4888 2330 4958 cedente
2354 4886 2532 4958 50610
2574 4891 2855 4958 jungatur.

443 4959 878 5028 ἑπομνυμένους.
952 4957 996 4989 ⁸⁵
1025 4955 1138 5012 Ecl.
1171 4953 1306 5010 Nov.
1341 4955 1432 5010 56.
1498 4953 1542 4986 "
1558 4953 1616 5008 In
1645 4955 1807 5010 editis
1828 4955 1958 5025 περὶ
1986 4953 2003 5008 ἑ

2107 4960 2214 5018 ient.
2274 4957 2315 4989 "
2353 4953 2589 5012 Rectius
2616 4953 2756 5014 forte
2788 4961 2854 5030 τῇ
2886 4961 3043 5033 αὐτῇ.

2714 4820 2759 4850 η
2791 4820 2866 4873 Ita
2909 4821 3082 4875 Codd.
3135 4833 3190 4876 et
3234 4823 3348 4878 Ecl.
3392 4823 3545 4881 Aavl.
3584 4820 3709 4876 ‘t‘nlt

2966 4843 3082 4875 MN].
3135 4843 3190 4876 Βι
3234 4843 3348 4878 DCI.
3392 4843 3545 4895 ﬁg'VI.
3595 4843 3707 4876 γιιιι

2966 4893 3009 4924 ³³
3039 4891 3149 4946 Ecl.
3199 4893 3424 4964 ὁρκίων.
3516 4896 3559 4931 ⁸⁸
3589 4893 3707 4948 Ecl.

1971 5070 2214 5128 ΝΟΤΔι.

516 5181 732 5258 (lita-35)
758 5185 1041 5258 Διατάξεις
1066 5187 1125 5239 ὲν
1159 5187 1442 5258 μυστηρίῳ
1467 5188 1747 5258 κειμένας.
1793 5186 2027 5258 Scrimg.

519 5253 632 5328 (ξς)
668 5252 825 5317 Puta,
865 5252 1178 5328 mtiliertun,
1223 5267 1277 5313 ct
1313 5252 1688 5328 i't'nperito'rum
1735 5252 2018 5314 scribendi

446 5325 502 5388 5,
540 5324 876 5395 I'Iarutenop.
907 5327 957 5387 I,
995 5326 1022 5395 ᾗ
1051 5327 1138 5381 5L

2137 5189 2198 5245 ﬂ.
2225 5191 2302 5244 De
2326 5186 2522 5261 furtis;
2563 5189 2704 5261 θη,
2740 5193 2873 5249 Inst.
2910 5194 2982 5250 De
3014 5211 3196 5250 rerum
3229 5196 3390 5252 divis.

2211 5261 2323 5329 (40)
2356 5259 2518 5314 Forte
2548 5259 2614 5314 ex
2656 5273 2836 5331 pacto.
2864 5265 3052 5320 Potest
3078 5275 3131 5320 et
3158 5268 3260 5321 hoc
3293 5267 3487 5321 referri
3524 5269 3607 5322 vel
3646 5270 3714 5323 ad

2135 5347 2254 5385 rem
2291 5343 2390 5398 pro
2430 5331 2690 5384 derelicto
2730 5334 2968 5388 habitam
3012 5337 3067 5390 d.
3099 5336 3136 5389 Ι.
3190 5338 3243 5397 5,
3271 5337 3352 5390 vel
3400 5338 3464 5390 ad
3503 5355 3589 5391 res
3623 5356 3718 5393 eas

519 5394 631 5473 (3o)
671 5393 806 5476 Περ).
829 5393 1057 5460 ἐφόδων.
1091 5397 1325 5476 Scrimg.
1347 5395 1461 5476 liae
1487 5395 1708 5476 ﬁovclla
1737 5397 2003 5451 confirma

2135 5393 2563 5476 quas-dominus
2598 5401 2888 5470 ignoravit,
2917 5419 3032 5475 arg.
3057 5406 3113 5459 (Ι.
3141 5405 3168 5476 ς
3198 5393 3250 5472 7,
3291 5408 3344 5472 8,
3369 5407 3423 5472 9,
3459 5406 3596 5461 Nov.
3624 5409 3714 5472 64,

448 5463 540 5516 tur
574 5463 664 5531 jus
713 5471 870 5517 vetus
903 5479 1076 5533 pcena:
1105 5463 1415 5520 constituta:
1441 5467 1711 5522 adversus
1738 5479 2017 5537 grassato—

448 5548 558 5587 I‘CS.

450 5600 732 5724 ’,δεῖ-58)
759 5599 821 5657 L.
849 5602 938 5669 99,
965 5602 1020 5658 Π.
1053 5620 1149 5674 pro
1180 5607 1353 5672 socio,
1399 5605 1425 5676 ς
1462 5605 1511 5667 l,
1545 5606 1678 5663 lnst.
1725 5605 1796 5660 De
1840 5607 2020 5694 socie-

521 5739 638 5808 150)
672 5741 818 5795 Adde
849 5743 886 5796 l.
924 5743 975 5810 5,
1001 5744 1052 5796 π.
1088 5761 1185 5814 pro
1209 5745 1471 5802 derelicto
1501 5763 1512 5800 :
1551 5749 1589 5806 Ι.
1628 5747 1719 5811 42,
1754 5746 1780 5817 §
1815 5744 1938 5809 7,3.
1965 5747 2022 5808 9.

2138 5487 2187 5524 s.
2214 5471 2340 5522 cod.

2129 5536 2412 5677 fagi-ﬂ)
2447 5535 2523 5592 De
2547 5541 2906 5611 complicibus
2934 5552 3125 5614 raptus
3173 5546 3207 5600 I.
3244 5562 3337 5603 un.
3369 5546 3395 5617 ς
3423 5548 3480 5615 2,
3524 5549 3587 5603 C.
3643 5548 3719 5603 De

2202 5679 2337 5754 (t3)_
2376 5680 2449 5733 De
2501 5679 2859 5754 complicibus
2918 5683 3192 5754 parricidii,
3230 5685 3265 5739 l.
3310 5687 3360 5750 ί,
3398 5689 3436 5753 l,
3483 5688 3535 5754 6,
3574 5691 3623 5750 7,
3663 5687 3717 5740 θ’.

2134 5748 2200 5801 ad
2237 5750 2269 5801 Ι.
2306 5748 2718 5822 Potnpeiatn’de
2759 5748 3072 5821 parricidiis
