4048 6438
472 311 583 375 579

473 523 684 568 tantum
717 517 955 586 spatium
996 517 1293 573 interstitio
1326 519 1428 573 loci
1467 525 1720 590 angustia
1773 541 1883 579 non
1914 542 2042 596 pra:—

469 605 610 671 beat,
655 623 774 661 uno
814 609 1000 663 etiam
1056 625 1219 664 arcus
1282 611 1432 680 jactu
1490 613 1594 668 hoc
1655 618 2046 674 constituatur.

463 695 605 769 intra
639 698 844 752 dictum
884 710 1070 755 autem
1124 705 1362 774 spatium
1424 723 1621 762 novam
1693 710 1915 766 domum
1954 729 2050 768 cx-

459 792 960 856 struemli,-nemini
1003 794 1236 851 facultas
1281 797 1370 851 sit.
1401 799 1575 869 Cujus
1619 802 1763 856 ratio
1817 805 2045 861 eviden-

457 881 563 935 tior
593 892 696 950 est,
731 902 895 956 quam
926 897 985 942 ut
1013 889 1246 959 exprimi
1282 905 1422 960 opus
1455 895 1545 948 sit.
1577 894 1699 960 Quo
1733 897 1881 952 enim
1911 900 2046 954 acdi-

1715 322 1992 386 LEONIS
2033 329 2501 396 PHILOSOPHI

471 433 590 477 tum
625 438 786 480 arcus
816 433 1007 480 .terata
1038 427 1152 497 (58-)
1190 429 1312 482 vice
1354 428 1526 483 telum
1563 432 1875 502 ejaculetur
1909 459 1923 493 ε
1962 441 2026 496 sit

2155 448 2429 501 ποιεῖσθαι
2459 450 2504 481 ⁸⁸
2551 449 2611 502 τὸ
2649 451 2923 524 διάστημα
2960 454 3056 525 τῆς
3090 457 3216 522 νέας

3632 351 3741 415 580

3269 465 3620 536 κατασκευῆς
3646 485 3653 492 ·
3689 468 3740 520 ei

2155 536 2199 587 δ’
2240 537 2301 588 ού
2335 539 2620 609 χαρίζεται
2648 541 2717 595 δι’
2765 544 2974 598 ἔνδειαν
3004 545 3267 614 ἀφθονίας
3324 551 3584 606 τοσοῦτον
3636 557 3736 625 μέ-

2155 644 2284 698 τρον
2328 631 2361 699 ὴ
2423 629 2576 702 χώρα
2619 633 2696 704 τῷ
2723 635 3074 706 διαστήματι,
3115 639 3481 710 μετρείσθω¹⁹
3512 645 3606 699 καὶ
3637 650 3739 719 μιᾷ

2156 722 2314 788 τόξου
2339 722 2491 796 βολῇ.
2549 725 2730 791 Ἐντὸς
2760 729 2817 782 δὲ
2851 731 2946 783 τοῦ
2991 733 3284 801 εἰρημένου
3318 736 3618 808 ὁρίσματος
3646 742 3739 794 ού-

2157 813 2269 866 δενὶ
2323 818 2624 888 παρέχεται
2673 820 2828 874 ἄδεια
2868 824 2968 893 τῆς
3009 824 3266 895 τοιαύτης
3311 826 3422 880 τῶν
3466 830 3737 901 οἰκήσεων

2153 907 2457 976 νεουργίας.
2496 911 2606 965 Καὶ
2663 914 2708 982 ἡ
2742 913 2892 967 αίτία
2925 913 3086 982 λόγου
3141 918 3358 986 ἥττων·
3418 923 3734 991 συνεγγίζει

440 979 639 1034 “licium
667 983 898 1054 propius
939 986 1108 1039 vieini
1141 985 1328 1056 fruges
1358 991 1608 1058 ponitur,
1653 1009 1719 1048 eo
1759 995 1835 1049 illi
1875 997 2026 1052 etiatt

2148 995 2257 1068 γὰρ
2288 999 2384 1051 καὶ
2435 1002 2468 1071 ἡ
2525 979 2698 1072 βλάϐτ)
2735 1007 2847 1068 τοῖς
2890 979 3255 1074 γειτονεύουσι
3307 979 3734 1084 καρποῐξμετὰ

454 1089 592 1127 noxa
639 1077 1009 1147 propinquior
1038 1090 1143 1134 est.
1199 1133 1208 1140 ,

762 1171 1231 1230 CONSTITUTIO
1271 1175 1459 1233 LXXII
1489 1179 1719 1252 (59-60).

455 1257 875 1328 Utpactaetiam
911 1282 1014 1319 non
1054 1269 1345 1322 constituta
1383 1285 1536 1338 poma
1582 1271 2037 1343 valeant(6|-62).

518 1423 665 1479 Idem
696 1427 998 1497 imperator
1029 1431 1209 1486 cidem
1263 1431 1534 1503 Styliano.

518 1517 702 1591 Legali
743 1521 855 1592 (65)
915 1522 1161 1591 decreto,
1214 1527 1358 1595 quod
1394 1530 1601 1582 nudutn
1652 1537 1874 1598 pactum
1923 1546 2034 1586 non

445 1612 741 1677 actionem,
795 1613 892 1668 sed
951 1615 1130 1669 solttm
1171 1618 1552 1687 exceptionem
1587 1634 1782 1688 parere
1846 1622 2032 1688 tradit,

442 1703 740 1759 nonnullos
767 1703 1002 1760 illudere
1058 1708 1328 1763 videmus.
1365 1708 1498 1762 Uutn
1557 1712 1704 1764 enim
1737 1727 1898 1768 omne
1932 1728 2030 1784 pa-

437 1801 586 1845 ctum
622 1795 769 1861 quod
795 1809 956 1864 poena
985 1798 1294 1852 stabilitum
1330 1813 1440 1852 non
1494 1808 1600 1865 est,
1635 1802 1844 1856 nudum
1905 1819 2030 1861 esse

435 1885 664 1950 volunt;
699 1885 917 1942 etiamsi
950 1889 1160 1960 scripto
1187 1891 1651 1960 comprehensum
1684 1893 1756 1948 sit
1781 1905 2023 1964 pactum,

432 1979 650 2034 etiamst
678 1980 794 2051 (64)
828 1983 921 2052 qui
953 1992 1173 2053 pactum
1210 1985 1475 2050 inierunt,
1501 2002 1600 2041 sua
1634 2002 1801 2042 manu
1833 2003 2027 2045 sacro-

433 2082 638 2126 sancta:
690 2076 874 2130 crucis
903 2075 1017 2146 (65)
1068 2085 1198 2132 nota
1241 2077 1352 2149 (66)
1413 2080 1681 2151 scriptum
1729 2081 2022 2153 signarint,

429 2163 647 2218 etiamsi
715 2165 890 2221 divini
963 2167 1236 2224 ternionis
1312 2171 1711 2240 appellationes
1795 2173 2026 2244 adjectae

426 2256 539 2310 sint
567 2275 578 2310 :
608 2256 653 2312 si
676 2263 879 2314 tamen
905 2275 1067 2330 paena
1097 2262 1399 2317 constituta
1423 2279 1532 2318 non
1561 2265 1654 2329 sit,
1690 2263 1742 2319 id
1777 2273 1836 2320 ut
1867 2269 2022 2321 inva-

428 2346 624 2414 lidum,
660 2356 1029 2404 contemnunt
1087 2365 1150 2405 ac
1195 2352 1481 2421 rejiciunt.
1540 2353 1644 2420 Qui
1705 2370 1840 2411 sane
1880 2357 2023 2413 male

428 2441 699 2504 sentiunt,
743 2440 1084 2512 minimeque
1107 2443 1383 2512 judicium
1439 2459 1600 2500 suum
1633 2447 2018 2516 comprobant,

426 2537 487 2586 ut
510 2531 601 2600 qui
641 2531 808 2587 rebus
829 2531 1036 2588 divinis
1061 2547 1387 2589 communes
1408 2550 1496 2590 res
1517 2536 1835 2590 mortalium
1862 2538 2020 2608 longe

423 2623 808 2694 pmlerendas
841 2632 1130 2679 censeant.
1163 2624 1338 2690 Quam
1381 2627 1528 2681 enim
1575 2636 1806 2689 tantam.
1865 2639 2020 2684 recto

421 2718 644 2789 quidem
689 2718 978 2772 hominum
1014 2717 1244 2788 judicio,
1310 2718 1549 2789 adjectio
1604 2736 1800 2791 pcenze,
1837 2723 2016 2791 pactis

419 2808 828 2874 auctoritatem,
873 2819 1135 2880 quantam
1167 2819 1586 2867 sacrosanctum
1631 2813 1873 2883 signum,
1930 2812 2016 2866 di-

419 2899 790 2970 vinitatisque
835 2902 1259 2957 nomenclatura
1299 2901 1354 2956 in
1389 2902 1499 2959 illis
1531 2913 1832 2974 conspecta
1871 2919 2012 2972 prte-

418 2991 582 3046 beat?

483 3101 790 3159 'Sancimus
818 3103 1008 3174 igitur,
1042 3113 1100 3156 ut
1123 3120 1276 3158 omne
1297 3114 1542 3174 paetum,
1581 3106 1635 3159 in
1693 3120 1805 3175 quo
1833 3122 1899 3160 ex
1925 3107 2009 3161 di-

2145 1089 2248 1160 τῆς
2277 1091 2686 1166 πλησιαζούσης
2719 1096 2922 1160 οἰκίας.

2655 1189 2967 1242 ΔΙΑΤΔΞΙΣ
3021 1189 3119 1245 οΒ¹
3147 1193 3213 1247 ³⁸.

2143 1280 2283 1349 Περὶ
2313 1280 2413 1336 τοῦ
2430 1281 2761 1351 κυροῦσθαι
2781 1284 2854 1340 τὰ
2878 1286 3174 1362 σύμφωνα
3214 1290 3286 1344 τὰ
3306 1290 3456 1346 ἄνευ
3479 1295 3730 1362 προστί-

2652 1371 2773 1422 μου
2810 1359 3200 1427 γεγενημένα.

2226 1443 2286 1497 '0
2321 1420 2484 1508 αὐτὸς
2507 1420 2765 1516 βασιλεὺς
2791 1420 3072 1520 fruitaqu
3094 1451 3172 1522 τῷ
3197 1452 3366 1524 αύτῷ.

2213 1533 2304 1604 Τῷ
2359 1537 2755 1605 προστάσσοντι
2799 1541 3016 1610 νομίμῳ
3073 1541 3390 1615 ψηφίσματι
3424 1548 3534 1601 ἀπὸ
3563 1550 3724 1619 ψιλοῦ

2139 1625 2435 1696 συμφώνου
2471 1630 2548 1701 μὴ
2567 1630 2851 1686 τίκτεσθαι
2883 1634 3128 1706 ἀγωγὴν,
3160 1637 3298 1692 ἀλλὰ
3351 1640 3523 1712 μόνην
3544 1660 3725 1713 παρα-

2135 1718 2374 1791 γραφὴν,
2409 1721 2587 1786 ὲνίους
2638 1724 2855 1796 ὁρῶμεν
2883 1729 3323 1798 προσπταίοντας
3346 1732 3414 1787 ³¹.
3477 1734 3490 1754 ’

2133 1828 2225 1876 τες
2256 1813 2365 1884 γὰρ
2393 1816 2538 1869 ἅπαν
2579 1816 2872 1888 σύμφωνον
2910 1820 3322 1893 ἀπροστίμητον
3348 1825 3503 1895 ψιλὸν
3537 1828 3718 1899 enip-

2131 1923 2270 1975 χειν,
2307 1907 2412 1962 κᾶν
2442 1925 2500 1961 τε
2551 1913 2738 1982 γραφῇ
2783 1912 3198 1983 συντεθειμένον
3227 1913 3284 1990 ᾗ,
3341 1918 3443 1971 κᾶν
3498 1937 3557 1973 τε
3607 1923 3718 1975 τῶν

2132 1998 2576 2067 συμφωνούντων
2621 2001 2905 2073 ίδιόχειρος
2948 2004 3203 2074 ἐνέργεια
3251 2006 3343 2060 τὸν
3372 2008 3515 2062 θεῖον
3547 2027 3714 2064 σταυ-

2130 2089 2224 2159 ρὸν
2274 2091 2471 2164 ὲντάξῃ
2526 2095 2636 2157 τοῖς
2687 2095 3004 2167 γράμμασι,
3040 2097 3142 2151 κᾶν
3173 2115 3231 2151 τε
3279 2100 3380 2170 τῆς
3410 2100 3712 2175 Θεαρχικῆς

2126 2181 2358 2252 Τριάδος
2388 2186 2445 2237 αἱ
2481 2185 2703 2257 κλήσεις
2733 2187 3112 2258 προσκέοιντο,
3161 2191 3209 2243 εἰ
3241 2192 3316 2260 μὴ
3356 2195 3452 2246 καὶ
3482 2211 3714 2266 προστι-

2128 2275 2382 2346 μήματος
2401 2277 2446 2308 ³²
2479 2275 2654 2349 ζημία
2701 2280 2998 2351 ὲμφέροιτο
3031 2282 3075 2315 ³³
3108 2284 3190 2346 είς
3231 2283 3292 2336 τὸ
3319 2285 3624 2342 ἀσύστατον
3650 2291 3712 2343 τὺ

2127 2368 2492 2439 συμφωνηοὲν
2543 2370 2972 2442 ἀπορρίπτουσι,
3027 2371 3212 2436 κακῶς
3243 2372 3448 2437 εἰδότες
3485 2378 3578 2429 καὶ
3610 2380 3710 2432 κά-

2123 2474 2287 2513 κιστα
2315 2460 2360 2490 "
2411 2459 2510 2531 τὴν
2551 2461 2688 2515 ἰδίαν
2722 2462 2905 2530 κρίσιν
2951 2464 3270 2532 κυροῦντες,
3325 2466 3380 2518 οἴ
3410 2483 3472 2534 γε
3507 2468 3707 2536 πολλῆς

2121 2552 2228 2606 τῶν
2251 2552 2412 2606 Θείων
2443 2554 2774 2626 ἐπίπροσθεν
2801 2556 2868 2609 τὰ
2896 2556 3050 2611 κοινὰ
3083 2557 3175 2610 καὶ
3197 2557 3517 2628 ἀνθρώπινα
3537 2567 3707 2634 τιμῆς

2121 2644 2356 2711 ἀξιοῦσι.
2389 2645 2456 2698 Τί
2479 2647 2610 2717 γὰρ,
2644 2647 2896 2702 τοσοῦτον
2924 2649 3065 2704 κατά
3087 2666 3152 2717 γε
3183 2650 3281 2721 τὴν
3302 2651 3472 2716 ὅντως
3487 2653 3702 2722 ἀνθρώο

2119 2753 2208 2807 περ
2238 2737 2588 2806 ἁρμόζουσαν
2609 2737 2846 2808 κρίσινή
2882 2738 2975 2791 τοῦ
3007 2737 3313 2809 προστίμου
3339 2739 3517 2810 ζημία
3549 2757 3698 2810 παρ-

2121 2828 2234 2899 έχει
2298 2831 2409 2892 τοῖς
2465 2830 2997 2900 συμπεφωνημένοις
3051 2830 3292 2902 ἀξίωμα,
3331 2831 3530 2886 ὁπόσον
3557 2831 3704 2897 θεῖος

2115 2921 2174 2974 ὲν
2201 2922 2386 2984 αὐτοῖς
2413 2921 2691 2993 ὁρώμενος
2717 2923 2889 2984 τύπος
2915 2922 3010 2975 καὶ
3055 2921 3250 2992 κλῆσις
3285 2923 3385 2993 τῆς
3418 2925 3702 2996 μακαρίας

2116 3014 2371 3085 θεότητος
2399 3015 2466 3079 ³⁵;

2183 3108 2530 3180 Θεσπίζομεν
2547 3108 2660 3171 οὖν,
2695 3113 2752 3163 ἐν
2783 3111 2945 3163 παντὶ
2970 3109 3270 3180 συμφώνῳ,
3294 3108 3352 3160 ἐν
3444 3109 3510 3162 ἂν
3543 3109 3602 3162 τδ
3634 3111 3700 3162 ἐκ

415 3195 566 3252 vinis
588 3195 743 3252 hisee
769 3196 1106 3266 adjuntentis
1141 3195 1256 3268 (ες-ι)
1292 3197 1551 3252 idoneum
1594 3199 1799 3270 aliquid
1829 3199 1894 3253 ad
1926 3198 2010 3253 la-

2130 3201 2228 3256 τῶν
2253 3201 2415 3256 θείων
2443 3201 2655 3256 τούτων
2674 3203 2718 3235 ³⁸
2778 3202 3220 3274 συναντιλήψεων
3255 3201 3519 3272 ἐχέγγυον
3558 3205 3697 3273 πρὸς

410 3289 863 3345 eiendam'lidem
899 3290 1054 3355 insit,
1106 3292 1358 3360 quamvis
1394 3291 1463 3346 de
1497 3305 1660 3359 pinna
1695 3291 1832 3346 nihil
1865 3293 2006 3346 εει-ἥς

415 3392 569 3454 ptum
616 3383 714 3450 sit,
739 3383 960 3440 ﬁrmum
989 3386 1340 3456 solidumque
1372 3386 1542 3440 robur
1569 3386 1786 3441 habeat.

839 3572 974 3627 CON
988 3571 1314 3628 STITUTIO
1345 3571 1580 3628 LXXIII.

521 3661 593 3716 Ut
623 3680 773 3718 nemo
807 3681 925 3718 cum
955 3665 1068 3736 (68)
1097 3666 1406 3719 mulieribus
1439 3668 1493 3720 in
1543 3666 1885 3720 ecclesiarum

930 3737 1216 3790 caznaculis
1261 3737 1480 3791 habitet.

466 3824 624 3882 idem
661 3829 963 3899 imperator
997 3830 1180 3884 eidem
1212 3828 1484 3901 Styliano.
1717 3853 1752 3889 ο

2109 3293 2208 3364 τὴν
2233 3293 2580 3360 ἀξιοπιστίαν
2601 3295 2799 3364 προσῇ,
2834 3293 2933 3363 τὴν
2969 3295 3119 3362 ἰσχὺν
3139 3293 3400 3363 παρεῖναι
3424 3293 3695 3362 κραταιάν

2104 3401 2160 3437 τε
2221 3385 2318 3439 καὶ
2372 3387 2587 3450 ἄλυτον,
2663 3386 2767 3439 κᾶν
2810 3385 3003 3455 μηδεὶς
3047 3385 3208 3454 λόγος
3259 3384 3694 3454 προστιμήσεως

2105 3478 2524 3548 συγγέγραπται
2548 3478 2612 3532 ³⁷.
3128 3462 3138 3472 ’

2661 3569 2973 3624 ΔΙΑΤΑΞΙΣ
3014 3575 3132 3628 Ol".

2104 3661 2244 3730 Περὶ
2271 3661 2377 3716 τοῦ
2396 3662 2630 3731 μηδένα
2647 3663 2718 3717 ἐν
2748 3664 2872 3737 τοῖς
2894 3666 3012 3720 τῶν
3043 3667 3386 3737 ἐκκλησιῶν
3400 3666 3690 3737 ὐπερῴοις

2564 3735 2876 3790 συνοικεῖν
2913 3739 3212 3805 γυναιξίν.

2194 3824 2253 3875 Ὀ
2282 3824 2444 3888 αὐτὸς
2469 3825 2726 3895 βασιλεὺς
2766 3829 3045 3901 Στυλιανῷ
3067 3831 3144 3902 τῷ
3171 3834 3342 3904 αὐτῷ.

1685 3991 1919 4045 νΑιιιΑί
1971 3988 2378 4046 LECTIONES.

502 4131 551 4166 ³⁸
578 4129 696 4186 Ecl.
736 4132 1137 4203 μεμετρῆσθαι.
1227 4132 1270 4164 ²⁹
1299 4131 1412 4203 Ecl.
1447 4127 1788 4203 pendebat.

395 4203 608 4258 rectius
637 4213 696 4255 ut
725 4201 941 4272 Opinor.
959 4202 1132 4272 Vulgo
1165 4201 1593 4272 προσπταίοντας.

1867 4126 1912 4158 ³⁸
1944 4123 2060 4198 Ecl.
2098 4123 2235 4179 Nov.
2261 4123 2371 4198 ξιξ,-
2393 4123 2650 4198 laudatur
2685 4126 2778 4181 lib.
2801 4145 2838 4189 t,
2870 4128 2954 4182 tit.
2991 4129 3043 4194 9,
3076 4143 3180 4198 pag

3189 4169 3202 4182 .
3239 4127 3324 4183 τε).
3384 4129 3424 4160 ³⁸
3459 4127 3533 4182 lta
3569 4128 3685 4184 Ecl.

1671 4197 1715 4229 ³³
1742 4198 1852 4250 1·ἶς1.
1884 4195 2218 4265 τιμήματος.
2257 4196 2303 4227 ³³
2331 4195 2506 4264 Vulgo
2537 4198 2730 4266 ἐκφέρ.
2770 4198 2813 4233 ³⁸
2843 4199 2956 4254 Ecl.
2993 4195 3203 4254 κάκιον.
3288 4200 3332 4232 ³⁵
3362 4197 3455 4255 Sic
3479 4201 3533 4256 in
3565 4199 3685 4256 Ecl.

403 4273 576 4342 Vulgo
593 4267 778 4326 θειότξ
853 4273 898 4305 ³⁵
933 4267 1257 4328 Ερὶ.σῖούτών
1293 4288 1400 4326 non
1431 4270 1613 4325 habet.
1681 4268 1722 4299 ³⁷
1758 4267 1873 4321 Ecl.
1906 4267 2340 4336 συνεγέγραπτο.

1941 4427 2178 4486 NOTAE.

464 4577 577 4642 (58)
605 4579 913 4649 Δυσὶατόξου
947 4579 1146 4647 βολαῖς,
1185 4579 1218 4632 ὰ
1242 4579 1380 4632 deum
1408 4578 1560 4630 traits
1591 4593 1656 4630 οιι
1679 4577 1786 4649 jets
1817 4573 1984 4626 d'arc.
2024 4572 2066 4628 Ι)
2101 4581 2210 4649 tum
2254 4591 2321 4649 ne
2360 4577 2413 4630 in
2445 4577 2622 4632 locum
2648 4576 2950 4649 publicum,
2976 4576 3058 4631 vel
3106 4577 3377 4649 privatum
3427 4579 3679 4649 volupta-

461 4649 670 4720 (59-60)
723 4647 850 4705 Haec
872 4651 1090 4720 Novella
1121 4651 1402 4705 tricesima
1425 4658 1618 4703 octava
1639 4648 1982 4703 nominatur.

388 4722 530 4792 apud
565 4719 753 4792 Ilarm.
783 4721 834 4782 l,
871 4723 954 4776 tit.
989 4721 1042 4782 9,
1073 4719 1100 4790 §
1139 4721 1226 4774 1‘2.

461 4791 667 4860 (ϐε-62)
709 4791 923 4845 Nudum
951 4786 1171 4856 pactum
1201 4805 1308 4843 non
1337 4791 1478 4859 parit
1499 4789 1770 4844 actionem
1803 4788 1837 4840 l.
1868 4787 1921 4850 7,
1957 4786 1983 4858 ᾗ

387 4863 442 4923 4,
469 4863 524 4915 ll.
561 4861 634 4914 De
669 4864 864 4931 pactis.
927 4862 1142 4916 Nudum
1181 4875 1288 4914 non
1345 4869 1604 4914 censetur
1654 4860 1980 4931 interposita

386 4932 560 4986 divini
590 4930 826 4988 nominis
855 4932 1314 4988 denominatiouc
1347 4939 1441 4984 aut
1491 4933 1678 4986 erucis
1709 4930 1891 5000 signo,
1927 4939 1986 4983 ut

389 5004 498 5058 hic.

460 5074 576 5143 (65)
631 5071 730 5127 llic
782 5073 938 5128 locus
978 5071 1136 5143 valde
1185 5083 1501 5141 suspectus.
1557 5071 1777 5126 Nudum
1832 5071 1978 5126 enim

421 5142 604 5200 aetum
635 5159 742 5198 non
791 5154 873 5196 est
923 5142 1069 5212 quod
1125 5143 1325 5199 litteris
1377 5156 1462 5200 cst
1513 5144 1808 5198 munitum.
1839 5143 1974 5197 Inst.

403 5215 457 5271 )e
482 5215 720 5284 litterar.
769 5215 938 5284 oblig.

453 5287 570 5357 (6t)
601 5283 767 5357 [latio
799 5283 1132 5357 abroganda:
1167 5284 1303 5355 legis
1333 5286 1421 5339 hic
1481 5285 1750 5340 sumitur.

452 5354 570 5426 (65)
608 5355 804 5426 Crucis
834 5354 1044 5410 Christi
1072 5354 1314 5426 signum,
1340 5357 1478 5411 adeo
1527 5365 1780 5412 sanetum
1818 5364 1971 5411 vete-

380 5424 499 5482 rum
535 5424 741 5482 satculo
787 5424 909 5484 fuit.
973 5437 1030 5479 ut
1081 5425 1136 5478 in
1184 5426 1572 5484 instrumentis
1622 5443 1723 5497 pro
1781 5427 1885 5481 ﬁde
1917 5435 1971 5482 et

377 5499 796 5569 subscriptione
826 5499 1066 5569 cederet,
1102 5497 1138 5550 Ι.
1177 5497 1275 5569 ul_t.
1304 5497 1332 5569 §
1362 5500 1418 5562 *2,
1447 5502 1510 5553 C.
1564 5497 1638 5554 De
1664 5499 1793 5569 jure
1829 5497 1970 5552 deli-

379 5570 497 5639 ber.
534 5566 672 5624 Nov.
706 5567 795 5639 72,
829 5584 878 5639 c.
911 5566 990 5639 8,;
1025 5567 1159 5622 Nov.
1188 5567 1278 5632 90,
1311 5566 1369 5622 et
1416 5569 1618 5624 ﬁxione
1661 5566 1784 5639 ejus
1838 5585 1963 5638 pro-

379 5637 650 5708 [attaloca
673 5638 905 5707 expiari,
965 5637 1185 5708 Deoque
1228 5641 1546 5694 consecrari
1603 5637 1965 5695 crederentur

376 5704 513 5774 Nov.
563 5709 616 5769 5.
667 5724 718 5762 c.
745 5704 791 5760 ’1
823 5717 878 5762 et
913 5709 1003 5774 69,
1034 5704 1169 5772 ch,
1231 5708 1372 5764 NOV.
1418 5711 1541 5772 l3l,
1580 5727 1631 5766 c.
1672 5712 1706 5766 I.
1762 5712 1863 5764 ult.
1896 5709 1957 5765 (ἶ.

378 5772 587 5852 Theod.
621 5777 827 5852 lie‘pig.
854 5793 970 5852 sae.
993 5772 1158 5834 'Crux
1195 5796 1414 5851 quoque
1464 5783 1857 5852 prtt'l'et‘eliatur
1892 5784 1960 5836 li~

378 5845 541 5898 laniis
561 5845 821 5916 publicis,
855 5847 989 5904 Nov.
1030 5851 1147 5919 125,
1183 5845 1233 5905 ρ’.
1259 5845 1345 5910 ὅδ’,
1381 5845 1478 5908 Ex'
1510 5855 1789 5910 contrario
1823 5855 1955 5910 vcti-

2096 4645 2244 4700 tiims
2275 4647 2610 4719 destinatum
2645 4645 2780 4703 crux
2810 4645 3136 4719 inferretur,
3158 4647 3312 4719 |.26,
3335 4647 3396 4719 ο.
3422 4649 3495 4703 De
3511 4645 3674 4719 epist.

2093 4723 2188 4786 aut
2222 4718 2286 4770 ad
2320 4719 2712 4772 contumeliam
2755 4718 3032 4786 passionis
3083 4718 3288 4772 Christi
3339 4717 3675 4785 deferre—tur,

2109 4826 2126 4854 _.
2166 4786 2218 4848 4,
2257 4787 2317 4841 Ο.
2347 4787 2420 4842 De
2451 4788 2678 4853 Iudaeis,
2707 4800 2799 4843 aut
2823 4789 2972 4843 humi
3013 4791 3063 4842 in
3092 4788 3247 4843 silice
3281 4790 3364 4844 vel
3401 4805 3677 4845 marmore

2109 4855 2432 4927 iingeretur,
2489 4861 2572 4913 vel
2626 4861 2972 4927 sculperetur
3006 4859 3067 4914 C.
3115 4857 3329 4913 Nemini
3383 4861 3550 4916 licere
3599 4863 3677 4917 si-

2086 4942 2252 4996 gnum
2289 4929 2590 4984 Salvatoris
2628 4928 2854 4984 Christi.

2157 4998 2273 5072 (66)
2337 4999 2915 5072 ’EvzdgnScrimgcr.
2961 4999 3190 5070 Signum
3251 5003 3418 5057 etiam
3457 5009 3675 5059 veteres

2083 5071 2863 5146 EPWHEH'UJII,‘COd.__ttCtttitti
2895 5073 3058 5126 licere
3097 5075 3330 5146 ⁸ξὶεςηιιιιι
3355 5073 3674 5146 hsalvnloris

2081 5141 2312 5214 libristi.
2352 5141 2517 5214 Ratio
2541 5158 2568 5214 a
2597 5143 2996 5214 (lltrySOstomo
3051 5141 3301 5209 alI‘eFtur,
3351 5143 3434 5214 ὃτι
3467 5145 3673 5208 πάσας,

2081 5211 2281 5279 inquit,
2315 5213 2410 5268 τοῦ
2431 5213 2571 5267 Θεοῦ
2605 5211 2725 5276 τὰς’
2745 5213 3224 5284 παρακαταθήκας
3247 5217 3379 5276 ὅσας
3394 5213 3468 5284 λᾶν
3489 5214 3672 5284 λάϐω-

2081 5298 2182 5358 μεν
2234 5286 2412 5356 τούτῳ
2462 5284 2717 5358 καθαπερ
2766 5281 2875 5358 τιν).
2926 5281 3226 5358 σημαντρῳ
3260 5281 3532 5354 βασιλικῷ
3577 5287 3672 5338 καὶ

2075 5353 2350 5426 δακτυλίῳ
2382 5353 2784 5425 σφραγίζομεν,
2853 5356 2967 5410 haec
3007 5353 3126 5410 ille.
3150 5353 3670 5426 'Cottstatquoqne

2077 5433 2290 5482 veteres
2322 5423 2560 5481 irontent
2610 5423 2678 5480 eo
2709 5429 2867 5496 signo
2923 5428 3306 5494 prtemunissc,
3355 5423 3478 5478 vide
3527 5423 3666 5480 Pro-

2076 5499 2445 5569 tevangelium
2482 5496 2698 5562 Jacobi,
2728 5496 3140 5552 Tertullianum
3177 5507 3231 5552 ct
3262 5498 3658 5566 Hieronymum

2075 5567 2127 5619 itt
2167 5567 2277 5622 vita
2300 5569 2475 5623 Pauli.

2142 5640 2256 5710 (67)
2284 5640 2520 5696 Crucem
2553 5639 2809 5711 intelligit
2851 5649 2906 5694 ct
2935 5637 3228 5694 Trinitatis
3257 5637 3664 5694 denominatio—

2071 5725 2253 5850 nelliiii)
2309 5782 2461 5836 Facit
2523 5781 2736 5837 Novell.
2802 5757 2925 5842 I25,
2982 5796 3107 5851 cap.
3146 5781 3238 5846 29,
3290 5779 3500 5834 Novell.
3537 5778 3663 5851 I35.

2067 5849 2186 5924 cap.
2228 5855 2347 5918 5,1.
2384 5855 2464 5920 ll),
2505 5853 2538 5908 l.
2576 5855 2665 5920 Η,
2695 5855 2754 5908 G.
2805 5852 2875 5907 De
2905 5849 3068 5924 epist.
3110 5869 3308 5910 canon.
3343 5849 3659 5919 ηεξ-πίω.
