4048 6434
347 372 452 444 581

1452 372 1815 437 NOVELL/E
1863 372 2537 443 CONSTITUTIONES.

3527 385 3632 454 582

422 494 669 565 Πρᾶγμα
698 494 883 555 κακῶς
918 493 1015 565 μὲν
1047 494 1139 546 καὶ
1175 493 1282 563 πρὸ
1305 492 1413 546 τῶν
1450 492 1773 547 κωλυόντων
1805 493 1938 546 αὐτὸ

2116 493 2247 560 Qua:
2272 510 2361 550 res
2382 496 2545 551 etiam
2573 504 2867 568 antequam
2896 496 3311 570 jure'proltibita
3333 510 3501 567 esset,
3533 501 3632 557 de-

350 584 579 640 δικαίων
604 582 914 653 γινόμενον,
940 586 1123 652 χεῖρον
1154 583 1212 636 δὲ
1238 583 1376 653 μετὰ
1397 584 1458 635 τὸ
1489 583 1801 653 κωλυθῆναι
1821 582 1940 635 τολο

354 674 608 745 μώμενον
650 674 820 743 (φημὶ
871 672 935 744 δὴ
964 673 1027 725 τὸ
1058 675 1124 740 ⁹ὲν
1173 677 1285 737 τοῖς
1320 674 1430 727 τῶν
1467 674 1777 745 ἐκκλησιῶν
1811 675 1939 726 ὑπε-

352 765 536 837 ρῴοις,
570 765 715 835 ἆπερ
740 768 770 818 ό
808 766 977 829 πολὺς
1003 765 1292 836 ἄνθρωπος
1324 768 1710 838 κατηχούμενα
1755 767 1940 821 καλεῖν

349 860 521 929 ἔγνω,
550 861 822 913 συνοικεῖν
850 876 1005 920 τινας
1027 859 1303 931 γυναιξὶν)
1341 861 1442 913 οὐκ
1480 860 1631 925 ἄξιον
1665 860 1936 930 παριδεῖν,

351 950 547 1004 οὐκοῦν
582 951 706 1003 οὐδὲ
737 950 1154 1021 παροφθήσεται
1183 952 1347 1021 ἡμῖν.
1379 947 1489 1004 Ἦν
1532 953 1632 1021 μὲν
1659 951 1755 1004 οὖν
1795 951 1938 1021 αὓτη

349 1045 383 1114 ἠ
415 1042 589 1113 τόλμα
620 1043 721 1094 οὐκ
743 1037 841 1095 οἷδ’
889 1043 1038 1106 ὃπως
1069 1043 1197 1113 ἄχρι
1222 1044 1319 1113 τῆς
1343 1044 1507 1114 ἕκτης
1551 1044 1771 1098 συνόδου
1822 1045 1939 1097 ἁτιο

352 1135 631 1209 μὼρητος,
659 1136 801 1189 κατὰ
830 1136 1033 1204 ταύτην
1056 1136 1112 1189 δὲ
1139 1135 1241 1207 τὴν
1271 1138 1421 1208 ἱερὰν
1454 1136 1672 1190 σύνοδον
1714 1132 1774 1189 τὸ
1797 1139 1941 1207 πρᾶ-

351 1247 467 1299 γμα
497 1228 822 1293 ἐπιστασίας
846 1229 1099 1295 ἀξιωθὲν,
1143 1230 1306 1300 ἱερεῖς
1344 1230 1442 1301 μὲν
1477 1230 1637 1294 ὄντας
1667 1230 1791 1293 τοὺς
1824 1244 1937 1283 τοι-

351 1322 539 1385 ούτους
569 1323 864 1394 οἰκήτορας
884 1322 1106 1393 ἐνόχους
1144 1323 1313 1391 ἔδειξε
1370 1322 1770 1394 καθαιρέσεως,
1828 1327 1932 1391 ἀφ-

358 1413 587 1484 ορισμὸν
610 1413 654 1466 δ’
679 1414 952 1483 ἐπήνεγκε
988 1416 1216 1477 λαῖκοῖς.
1262 1414 1428 1467 Ἀλλὰ
1447 1416 1557 1485 γὰρ
1571 1416 1671 1467 οὐκ
1694 1414 1940 1484 ἀπέχρη-

354 1523 445 1559 σεν
462 1507 539 1570 εἰς
556 1505 797 1574 παντελῆ
814 1506 1094 1577 ἐκδίκησιν
1124 1506 1232 1559 τῶν
1250 1506 1592 1578 Ἐκκλησιῶν
1623 1508 1682 1560 τὸ
1717 1508 1938 1578 ἱερωσύ-

351 1615 447 1667 νης
479 1596 762 1668 ψήφισμα.
794 1598 935 1668 Ἤδη
984 1598 1094 1669 γὰρ
1138 1598 1241 1667 τῆς
1281 1598 1457 1669 αὐτῆς
1511 1598 1938 1670 παραμενούσης

350 1688 554 1759 τόλμης
581 1688 679 1741 καλ⁸
709 1688 834 1741 καθ’
862 1688 921 1740 ὃν
973 1688 1167 1760 χρόνον
1199 1688 1245 1721 ³⁸
1279 1690 1456 1743 διεῖπε
1508 1690 1579 1744 τὰ
1624 1691 1879 1761 σκῆπτρα
1910 1692 1939 1743 ό

350 1780 699 1850 περιώνυμος
722 1780 781 1832 ὲν
811 1779 1093 1849 βασιλεῦσι
1124 1781 1312 1854 πατὴρ
1352 1781 1530 1853 ἡμῶν,
1564 1782 1755 1851 ἐδέησε
1783 1782 1937 1852 βασι-

348 1871 508 1942 λικὴν
533 1873 693 1942 χεῖρα
715 1871 809 1925 καὶ
830 1872 1163 1942 πρόσταγμα
1195 1874 1295 1943 τὴν
1321 1872 1583 1944 τοιαύτην
1601 1874 1938 1943 προπέτειαν

348 1964 458 2017 τῶν
486 1964 650 2035 ίερῶν
675 1964 983 2031 ἐξελαύνειν
1003 1965 1190 2020 οἴκων.

419 2230 601 2300 Ὀπερ
632 2228 725 2286 οὖν
758 2232 852 2285 καὶ
896 2233 1007 2286 ἀπὸ
1052 2234 1149 2287 τοῦ
1188 2235 1459 2305 παρόντος
1492 2238 1716 2309 κρατεῖν
1751 2237 1938 2307 βουλό-

352 2339 528 2392 μενοι,
548 2322 1039 2397 ὁρίζομεν,μηδένα
1059 2326 1323 2397 μηδαμῶς
1346 2329 1483 2399 μήτε
1508 2329 1658 2400 ἱερέα
1679 2331 1814 2401 μήτε
1832 2331 1939 2383 τῶν

346 2422 413 2471 ἐκ
450 2417 546 2471 τοῦ
574 2418 705 2471 λαοῦ
751 2420 971 2487 γυναιξὶ
999 2421 1358 2475 συνοικοῦντα
1389 2425 1449 2475 ἐν
1474 2426 1587 2487 τοῖς
1624 2424 1940 2494 λεγομένοις

346 2526 587 2581 κατηχου
596 2511 776 2580 μένοις
793 2513 981 2566 οἰκεῖν.
1006 2512 1070 2566 Ei
1085 2512 1142 2565 δέ
1155 2530 1238 2577 τις
1250 2513 1559 2585 εὑρίσκοιτο
1580 2515 1671 2567 τὸν
1692 2511 1940 2583 ἆγιονξοῖ-

345 2612 442 2656 κον
458 2602 602 2656 οὕτω
615 2606 958 2670 κοινοποιῶν,
975 2607 1163 2659 τοῦτον
1184 2607 1282 2676 μὲν
1301 2606 1559 2676 βασιλείῳ
1572 2608 1714 2678 χειρὶ
1728 2607 1939 2676 ἀτίμως

345 2694 554 2748 ἐκεῖθεν
578 2695 926 2763 ἐξωθεῖσθαι,
958 2696 1051 2752 τὸν
1086 2698 1143 2751 δὲ
1171 2700 1592 2769 παρασχόμενον
1630 2700 1731 2769 τὴν
1753 2698 1941 2751 κατοί-

348 2804 508 2859 κησιν
537 2790 671 2859 (εἴτε
703 2790 886 2861 ἱερεὺς
911 2791 1021 2843 εῐτε
1056 2807 1139 2855 τις
1169 2791 1357 2863 ἕτερος
1385 2792 1470 2863 εἴη
1510 2793 1540 2843 ό
1583 2792 1686 2861 τὴν
1714 2793 1938 2861 ἐπιτρο-

349 2884 457 2953 πὴν
489 2882 583 2936 τοῦ
615 2884 745 2938 ναοῦ
784 2883 947 2955 ἔχων)
980 2885 1078 2938 καὶ
1112 2885 1279 2938 αὐτὸν
1309 2884 1643 2938 κινδυνεύειν
1679 2883 1844 2938 ἕνεκά
1874 2903 1937 2952 γε

347 2978 446 3045 τῆς
473 2975 729 3046 τοιαύτης
763 2979 1233 3047 καταφρονήσεως
1263 2978 1358 3031 καὶ
1397 2977 1507 3031 τῶν
1552 2977 1715 3047 ιερῶν
1767 2996 1940 3032 κοινο-

348 3070 531 3133 ποιίας
566 3072 634 3142 τῇ
662 3070 760 3141 τῆς
786 3071 1092 3141 ἐπιτροπῆς
1132 3071 1440 3142 ἀφαιρέσει.

902 3166 1222 3218 ΔιΛΤΑΞιΣ
1254 3167 1374 3221 OA'.

354 3254 493 3323 Περὶ
520 3255 626 3329 τοῦ
654 3255 741 3325 μὴ
809 3256 1113 3329 τετλεῖσζθαι
1176 3257 1283 3322 τὰς
1314 3260 1599 3329 εὐλογίας
1628 3261 1771 3329 πρὶν
1803 3262 1878 3315 ἂν
1906 3264 1938 3314 ό
1963 3215 2008 3276 C

522 3328 775 3396 νόμιμος
796 3327 904 3380 τοῦ
943 3327 1138 3396 γάμου
1174 3327 1509 3397 συμφθάσῃ
1533 3327 1757 3398 καιρός.

428 3418 489 3471 '0
517 3419 681 3481 αὐτὸς
711 3418 964 3487 βασιλεὺς
994 3419 1271 3490 Στυλιανῷ
1309 3420 1386 3491 τῷ
1417 3420 1590 3490 αὐτῷ.

432 3511 650 3581 Ἐπειδὴ
691 3513 748 3563 ἐν
777 3512 890 3575 τοῖς
928 3511 1057 3582 περὶ
1088 3512 1285 3581 γάμων
1313 3516 1380 3583 τῇ
1425 3531 1484 3567 τε
1533 3515 1655 3586 ἱερᾷ
1688 3518 1780 3569 καὶ
1845 3535 1939 3587 με-

348 3603 489 3673 γάλῃ
522 3603 657 3676 ἕκτῃ
686 3604 892 3674 συνόδῳ
927 3605 1333 3674 ὲντελλομὲνοις
1362 3610 1418 3659 ὲν
1452 3607 1529 3677 τῷ
1572 3610 1654 3674 Lfl'
1688 3610 1733 3640 39
1752 3611 1938 3662 κανόνι

348 3698 441 3751 καὶ
480 3698 525 3728 ⁸⁰
561 3698 672 3759 τοῖς
703 3694 782 3766 τῷ
818 3697 1081 3766 πολιτικῷ
1108 3698 1259 3768 νόμῳ
1278 3698 1525 3751 δοκοῦσιν
1549 3700 1938 3770 ὑπεναντιότης

345 3792 494 3844 δοκεῖ
527 3789 919 3858 ἀναφαίνεσθαι
1065 3792 1164 3861 μὲν
1219 3793 1328 3862 γὰρ
1370 3793 1701 3862 ἀπαγορεύει
1741 3812 1939 3847 παντε-

347 3881 457 3946 λῶς
524 3884 623 3953 τὴν
676 3883 1172 3953 μεμνηστευμένην
1232 3884 1312 3936 ἔτι
1374 3884 1466 3934 τοῦ
1510 3887 1816 3954 μνηστῆρος
1879 3888 1938 3939 ὲν

343 3974 656 4045 ἀνθρώποις
684 3975 837 4037 ὄντος
862 3976 1000 4045 πρὸς
1041 3976 1289 4045 γαμικὴν
1349 3976 1566 4045 ὁμιλίαν
1610 3978 1781 4048 ἑτέρῳ
1815 3997 1941 4031 συν-
1982 4038 1999 4051 ,

350 4068 627 4121 ἅπτεσθαι
665 4068 912 4138 μοιχείας
947 4067 1009 4120 τὸ
1040 4070 1273 4139 πρᾶγμα
1300 4069 1578 4137 ὁρίζουσα,
1605 4072 1632 4121 ὁ
1661 4070 1717 4122 δὲ
1737 4071 1939 4124 πολιτι-

345 4160 441 4224 κδς
464 4161 630 4230 νόμος
660 4162 760 4215 ούκ
800 4162 945 4225 ἀξιοῖ
973 4163 1073 4232 τὴν
1105 4161 1368 4231 τοιαύτην
1408 4161 1652 4215 διάλυσιν
1680 4161 1803 4215 οὔτε
1842 4163 1935 4216 τοῦ

348 4252 591 4322 μεγάλου
629 4255 1003 4326 ἐγκλήματος,
1063 4255 1178 4308 ἀλλ’
1208 4258 1299 4308 ἐπὶ
1356 4257 1493 4326 μόνῃ
1521 4259 1586 4327 τῇ
1623 4256 1733 4309 τῶν
1767 4258 1937 4328 appet.

344 4344 536 4399 ὁώνων
570 4348 665 4399 καὶ
687 4347 799 4400 τῶν
831 4350 1258 4419 προστιμήσεων
1290 4353 1448 4420 ποινῇ
1490 4350 1589 4419 τὴν
1619 4351 1810 4421 ἐνοχὴν
1841 4368 1937 4404 πε-

347 4440 628 4509 ριγράφει,
667 4443 715 4493 εἰ
762 4442 1130 4511 πρωῖαίτερον
1181 4442 1275 4495 τοῦ
1317 4443 1591 4513 γαμηλίου
1650 4444 1845 4514 καιροῦ
1902 4446 1935 4514 ἡ

2047 584 2375 638 tes‘tabiliter
2425 586 2893 653 committebatur,
2916 602 2980 643 ac
2996 603 3125 645 vero
3155 597 3279 660 post
3308 591 3633 660 prohibitio-

2047 688 2169 727 nem
2190 674 2364 729 multo
2382 674 2764 733 detestabilius
2787 679 3020 734 audetur
3035 680 3200 750 (quod
3220 696 3415 752 nempe
3438 681 3492 736 in
3519 674 3632 753 (69)

2044 765 2423 823 Ecclesiarum
2469 770 2790 836 ctenaculis,
2833 786 2957 842 quae
2998 771 3373 842 promiscuum
3436 773 3632 843 vulgus

2045 861 2439 933 κατηχούμηνα
2477 864 2588 934 (70)
2651 879 2847 919 vocare
2881 865 3042 929 solet,
3069 866 3291 935 quidam
3345 882 3470 920 cum
3513 882 3635 921 mu-

2044 948 2273 1003 lieribus
2302 949 2572 1017 habitant)
2625 966 2746 1006 eam
2802 953 3093 1022 neglectim
3153 952 3355 1008 habere
3411 969 3631 1023 mquum

2042 1058 2155 1097 non
2182 1051 2304 1110 est;
2336 1058 2510 1114 neque
2537 1059 2666 1101 vero
2696 1046 2769 1099 ita
2792 1062 2821 1101 a
2852 1046 3015 1101 nobis
3043 1047 3352 1102 habebitur.
3408 1048 3487 1102 Ac
3522 1047 3631 1101 fuit

2044 1134 2160 1189 Iure
2191 1135 2411 1205 quidem
2465 1152 2552 1191 res
2584 1137 2651 1191 ad
2687 1146 2897 1192 sextam
2945 1138 3055 1207 (7i)
3102 1152 3277 1209 usque
3333 1138 3628 1209 synodum,

2044 1227 2188 1282 haud
2220 1229 2337 1283 seio
2363 1245 2470 1299 qua
2528 1232 2765 1296 ratione,
2833 1231 3057 1301 impune
3102 1230 3365 1293 admissa.
3408 1232 3463 1286 in
3516 1232 3633 1301 ipsa

2042 1327 2224 1373 autem
2259 1330 2450 1375 sancta
2487 1322 2719 1391 synodo,
2759 1323 2851 1376 ubi
2915 1324 3156 1393 penitius
3185 1338 3422 1379 excussa
3459 1333 3630 1389 esset,

2042 1413 2432 1467 sacerdotibus
2477 1416 2551 1467 ita
2608 1414 3017 1479 habitantibus,
3058 1417 3419 1470 remotionetn
3450 1416 3565 1485 (72)
3598 1432 3630 1469 ιι

2042 1522 2202 1561 sacro
2249 1506 2465 1569 ordine,
2531 1507 2781 1577 profanis
2814 1522 2946 1563 vero
3021 1524 3051 1561 a
3108 1522 3293 1563 rerum
3345 1522 3633 1562 sacrarum

2041 1601 2431 1655 communione
2458 1600 3001 1672 separationemj(73)
3047 1599 3285 1655 induxit.
3322 1598 3628 1665 Vcrum,ut

2042 1692 2200 1761 plene
2227 1692 2297 1746 ab
2318 1706 2385 1746 eo
2418 1706 2556 1747 ausu
2588 1691 2866 1747 Ecclesias
2898 1690 3223 1755 vindicaret,
3256 1690 3320 1744 ad
3361 1690 3412 1744 id
3451 1703 3636 1744 sacer-

2043 1781 2222 1837 dotale
2240 1780 2523 1835 dccretum
2552 1796 2660 1835 non
2690 1794 2789 1849 par
2811 1780 2935 1834 fuit.
2965 1778 3101 1833 Nam
3126 1794 3251 1835 cum
3277 1779 3343 1834 ad
3372 1779 3423 1833 id
3458 1795 3635 1850 usque

1973 1854 2013 1912 Β
2044 1883 2279 1944 tempus,
2312 1889 2421 1944 quo
2453 1881 2608 1944 pater
2628 1883 2814 1929 noster
2842 1872 3080 1944 inclytus
3125 1874 3379 1943 princeps
3412 1880 3633 1941 sceptra

2045 1964 2362 2022 moderatus
2404 1975 2508 2032 est,
2541 1966 2594 2020 in
2645 1964 2929 2035 republica
2985 1963 3352 2029 conStitisset,
3394 1975 3452 2019 ut
3477 1965 3629 2034 prin-

2044 2062 2184 2132 cipis
2219 2061 2502 2116 decretum
2541 2070 2705 2132 atque
2750 2074 2949 2114 manus
3004 2073 3125 2114 eam
3155 2058 3509 2113 insolentiam
3537 2073 3630 2112 sa-
3714 2080 3717 2083 ·

2045 2154 2156 2209 eris
2195 2150 2406 2210 adibus
2441 2155 2745 2224 expelleret
2772 2152 3043 2223 oportuit.

2114 2248 2270 2314 Quod
2311 2262 2414 2302 nos
2449 2261 2571 2301 cum
2601 2245 2798 2300 dehinc
2818 2244 3074 2300 obtinere
3132 2243 3390 2305 velimus,
3425 2240 3631 2295 statui-

2046 2355 2190 2405 mus,
2213 2348 2270 2392 ut
2304 2339 2519 2393 omnino
2551 2338 2730 2391 nullus
2776 2351 2951 2407 neque
2978 2335 3261 2398 sacerdos,
3294 2347 3472 2403 neque
3504 2346 3631 2401 pro-

2047 2432 2229 2498 fanus,
2288 2432 2342 2485 in
2399 2429 2521 2499 (74)
2552 2429 2716 2483 dictis
2770 2428 3072 2483 cenaculis
3128 2441 3254 2483 cum
3304 2423 3632 2479 mulieribus

2046 2525 2258 2579 habitet
2289 2538 2304 2589 ;
2335 2536 2398 2577 ac
2430 2523 2477 2577 si
2525 2521 2651 2591 quis
2704 2534 2919 2575 sacram
2948 2519 3122 2574 :edem
3172 2518 3281 2573 hoc
3329 2516 3492 2571 modo
3532 2515 3634 2570 foe-

2044 2616 2177 2671 dare
2199 2613 2666 2685 deprehendatur,
2690 2614 2780 2669 hic
2814 2612 2968 2667 illinc
3023 2610 3390 2680 ignominiose
3422 2606 3633 2678 princi-

2045 2708 2155 2778 pali
2198 2720 2365 2761 manu
2399 2704 2726 2761 cxturhetur
2759 2721 2772 2769 ;
2811 2704 2905 2774 qui
2957 2716 3089 2755 vero
3148 2699 3224 2753 illi
3282 2714 3406 2754 eum
3450 2700 3632 2752 locum

2047 2796 2406 2853 habitandum
2468 2794 2703 2864 praebuit
2745 2787 2887 2863 (sive
2943 2788 3206 2845 sacerdos
3254 2790 3370 2843 sive
3428 2787 3633 2857 aliquis

2045 2891 2188 2947 alius
2213 2890 2308 2961 qui
2344 2888 2609 2958 templum
2639 2884 2925 2957 procurat,
2953 2882 3074 2954 sit),
3112 2885 3228 2951 ipse
3254 2896 3473 2952 quoque
3506 2896 3633 2950 pro-

2045 2989 2165 3055 pter
2197 2980 2335 3051 legis
2362 2988 2739 3051 contemptum
2766 2990 3162 3047 sacrorumque
3194 2974 3633 3045 profanationem

2045 3076 2436 3148 procuratione
2467 3074 2833 3146 periclitetur.

2455 3163 2928 3223 CONSTITUTIO
2970 3162 3207 3219 LXXIV.

2120 3261 2203 3315 Ne
2233 3272 2355 3315 ante
2414 3260 2702 3329 legitimum
2736 3258 3067 3311 matrimonii
3126 3266 3326 3329 tempus
3358 3255 3558 3323 futuris

2407 3327 2723 3400 conjugibus
2762 3330 3105 3383 benedicatur
3142 3327 3274 3394 (75).

2114 3424 2260 3479 Idem
2289 3424 2591 3494 imperator
2623 3422 2800 3477 cidem
2838 3422 3111 3491 Styliano.

2114 3514 2386 3581 Quoniam
2420 3515 2475 3567 in
2537 3514 2605 3567 iis
2636 3525 2817 3581 qnzea
2883 3524 3039 3565 sacra
3106 3521 3416 3579 magnaque
3472 3513 3629 3561 sexta

2044 3607 2256 3677 synodo
2276 3606 2341 3659 de
2377 3604 2586 3674 nuptiis
2649 3605 2702 3656 in
2747 3600 3236 3656 duodeccntesimo
3273 3598 3387 3669 (76)
3419 3610 3631 3651 canone

2045 3698 2460 3769 praecipiuntur,
2499 3695 2759 3767 quiddam
2814 3695 2994 3749 civilis
3042 3694 3187 3762 juris
3217 3692 3440 3763 placitis
3488 3705 3630 3745 con-

2043 3792 2277 3847 trarium
2324 3791 2593 3847 exsistere
2620 3790 2835 3845 videtur
2896 3788 3169 3859 (synodus
3216 3788 3360 3841 enim
3400 3786 3509 3855 (77)
3561 3801 3631 3840 ne

2044 3897 2272 3952 sponsa,
2322 3882 2537 3937 vivente
2598 3881 2778 3933 adhuc
2814 3894 3044 3947 sponso,
3105 3880 3158 3933 in
3212 3879 3629 3931 matrimonium

2044 3976 2199 4027 alteri
2234 3974 2625 4043 conjungatur,
2656 3973 2711 4025 in
2740 3972 3062 4025 universum
3095 3970 3368 4039 prohibet,
3395 3983 3631 4039 eamque
3694 4009 3709 4018 .

2044 4084 2157 4123 rem
2185 4082 2284 4140 pro
2340 4065 2613 4119 adulterio
2664 4063 2776 4135 (78)
2835 4062 3035 4116 habet:
3082 4062 3259 4116 civilis
3321 4069 3506 4114 autem
3542 4060 3630 4114 lex

2044 4165 2157 4233 (79)
2192 4175 2537 4231 nequaquam
2564 4161 2727 4214 talem
2749 4157 3175 4214 dissolutionem
3223 4171 3481 4224 maguum
3527 4155 3630 4210 ali-

2042 4266 2176 4327 quot
2210 4271 2335 4312 essc
2365 4253 2573 4309 crimen
2628 4253 2873 4321 judicat:
2944 4251 3038 4307 sed
3074 4252 3119 4306 si
3180 4254 3453 4305 maturius
3512 4248 3627 4319 (80)

2042 4365 2207 4419 quam
2251 4364 2350 4418 pro
2382 4346 2703 4402 connubiali
2743 4355 2990 4414 tempore
3051 4342 3316 4399 solemnis
3362 4342 3629 4412 nuptialis

2046 4441 2359 4497 benedictio
2386 4440 2720 4505 celebretur,
2748 4438 2800 4493 in
2843 4439 2980 4493 solis
3034 4436 3241 4501 arrhis,
3275 4444 3330 4491 et
3357 4435 3629 4506 quidquid

342 4531 431 4582 ἐπ’
463 4532 638 4603 αὐτῆς
681 4534 1051 4604 νενομισμένη
1077 4534 1466 4605 τελεσθήσεται
1503 4536 1769 4607 εὐλογία),
1807 4537 1933 4591 ἐπεὶ

2045 4548 2225 4605 pmnae
2280 4533 2510 4588 nomine
2562 4530 2903 4602 promissum
2965 4528 3153 4597 fuerit,
3216 4526 3625 4598 dependendis.

1621 4695 1857 4750 VARUE
1911 4688 2323 4750 LECTIONES.

435 4838 481 4870 ³⁸
515 4838 691 4894 Codd.
727 4840 946 4910 τρόπον.
989 4838 1313 4894 Emendavit
1347 4839 1538 4905 Steph.

340 4910 527 4963 κανόνι
559 4913 618 4963 ἐν
670 4904 805 4975 τοίξ.
840 4904 1285 4967 Emendaverunt
1324 4904 1481 4981 Agyl.
1541 4921 1597 4966 et
1630 4906 1794 4967 Beck.

1663 4840 1706 4873 ³⁹
1737 4840 1823 4895 Cf.
1850 4836 1989 4896 infla
2021 4838 2259 4895 Conslit.

2324 4835 2457 4891 CIX.
2501 4835 2610 4890 lmo
2636 4852 2684 4890 c.
2738 4836 2825 4891 98.
2947 4836 2991 4867 ⁸ο
3015 4835 3187 4889 Codd.
3216 4835 3308 4889 καὶ
3335 4835 3392 4887 ὲν
3421 4833 3500 4905 τῷ
3536 4833 3628 4898 ςθ·’

1901 5050 2132 5108 NOTAE.

334 5201 391 5254 in
426 5198 579 5254 'l'rul.
614 5200 821 5270 Synod.
851 5200 902 5263 7,
930 5214 1053 5268 cap.
1074 5200 1153 5270 Δ19
1181 5210 1234 5253 et
1262 5197 1362 5270 29.
1385 5197 1477 5252 ubi
1509 5195 1576 5251 de
1610 5192 1927 5264 duplicibus

337 5267 715 5326 monasteriis.
737 5270 950 5325 Novell.
983 5267 1106 5336 I23,
1141 5284 1265 5339 cap.
1299 5267 1390 5321 56.

403 5341 515 5411 (69)
544 5341 849 5412 ’Υπερῷον.
876 5331 1341 5412 υυιηυεειίἱίῖυιιι
1367 5339 1485 5392 loco
1509 5337 1685 5405 posita
1708 5335 1764 5401 9.,
1790 5331 1928 5389 llar-

329 5428 557 5480 mettnp.
584 5412 637 5477 4,
662 5413 716 5479 5,
749 5413 817 5466 27
846 5419 899 5469 et
923 5412 1013 5478 44,
1050 5411 1141 5477 46,
1176 5411 1266 5463 96.

402 5479 514 5551 (70)
540 5480 965 5553 Κατηχούμενα,
991 5494 1049 5538 ιιι
1072 5484 1227 5553 intra
1255 5483 1378 5537 cod.
1405 5480 1924 5534 catcchumcnorum

332 5551 746 5625 niansionesg‘ﬁ
775 5555 968 5625 synod.
1000 5570 1123 5624 cap.
1168 5551 1258 5607 98.

403 5623 487 5689 (71
502 5624 519 5693 )
550 5626 606 5679 ιη
645 5622 856 5681 Trullo.

403 5696 524 5767 (72)
557 5695 792 5767 S-zrimg.
820 5696 930 5751 hic.

404 5762 517 5833 (75)
548 5762 887 5823 Clericorum
946 5774 1048 5832 Cal,
1098 5762 1437 5832 καθαίρεσις,
1476 5763 1542 5817 de
1569 5778 1675 5833 qua
1710 5775 1875 5831 supra
1927 5776 1939 5813 :

326 5839 731 5895 monachorum
781 5848 832 5896 et
885 5834 1519 5912 laicorumﬁpopzspéq.

2112 5194 2226 5263 (74)
2272 5194 2359 5246 Ἐν
2406 5196 2518 5255 τοῖς
2568 5189 2883 5263 λεγομένοις
2959 5184 3393 5263 κατηχουμέειοις
3449 5186 3621 5237 οἰκεῖν

2039 5255 2272 5332 Scrinig.
2300 5272 2357 5316 ιιι
2388 5275 2551 5332 Supra
2584 5255 2712 5332 cod:
2737 5255 3159 5332 κατηχούμενοι.

2118 5324 2250 5401 (75)’
2284 5324 2672 5401 Benediccndi
2702 5324 3032 5398 conjugithS
3089 5342 3298 5382 morem
3365 5324 3619 5379 observa.

2044 5398 2436 5456 Adde’Novell.
2471 5401 2559 5462 89,
2591 5398 2690 5453 inf.
2727 5401 2854 5454 cod.

2111 5473 2223 5542 (76)
2258 5471 2414 5539 Στηῶ
2446 5461 2680 5542 Scrimg.
2717 5465 3004 5542 legendum
3039 5470 3126 5536 ιιη¹
3168 5468 3223 5523 id
3256 5472 3360 5530 est,
3396 5461 3487 5517 98.

2111 5535 2229 5614 (77⁷)
2267 5535 2431 5614 scita
2473 5540 2597 5614 scil.
2635 5535 2690 5594 il.
2730 5535 2790 5590 ci
2816 5535 2906 5591 99.

2113 5604 2226 5683 (78)
2271 5612 2611 5666 Adulterium
2677 5610 2969 5683 sentcntiae
3009 5617 3177 5683 sexta:
3214 5604 3413 5680 synodi
3466 5615 3623 5660 cout-

2044 5678 2232 5748 mittit,
2269 5685 2359 5752 qui
2402 5684 2630 5736 alterius
2654 5694 2914 5752 sponsam
2939 5678 3111 5736 ducit.

2119 5755 2230 5821 (79)
2263 5748 2324 5806 IL.
2366 5753 2411 5813 I.
2438 5755 2492 5815 ‘2,
2527 5753 2577 5805 5.
2611 5769 2658 5806 c.
2685 5748 2771 5805 'De
2806 5768 2983 5819 spons.

2121 5827 2231 5895 (se)
2266 5824 2383 5879 vni.
2432 5823 2488 5875 υ.
2525 5824 2559 5880 l.
2595 5824 2646 5878 δ.
