4048 6470
425 428 534 494 587

1698 427 1974 488 LEONIS
2011 425 2478 488 PHILOSOPHI

3606 429 3713 493 588

423 548 755 601 duceremus
784 563 798 598 :
832 543 906 596 ita
941 543 1028 596 hic
1063 556 1287 614 quoque
1341 542 1623 607 facientes,
1683 559 1800 596 eam
1853 543 2014 611 legem

2126 539 2370 611 ροῦντες,
2403 538 2548 592 οὕτω
2611 536 2890 592 κάνταῦθα
2930 536 3212 602 ποιοῦντες
3267 539 3355 592 τὸν
3417 540 3712 610 εἰσάγοντα

423 653 542 705 qua
584 635 794 689 senatui
849 632 1200 688 ferendarum
1251 635 1430 705 legum
1483 642 1808 704 potestatem
1867 632 2019 696 facit,

421 728 600 799 legum
614 727 769 796 quasi
796 725 1080 796 republica
1113 727 1326 782 secerni
1359 726 1665 782 sancimus.
1695 724 1854 792 Nam,
1889 739 2016 780 cum

421 835 488 874 ex
520 833 630 890 quo
669 818 1005 874 senatoriam
1067 818 1608 874 administrationem
1662 819 2016 890 imperatoria

419 910 686 981 maiestas
716 911 818 966 sibi
849 910 1170 976 vindicavit,
1238 910 1486 966 inutilem
1541 911 1690 965 illam
1721 925 1844 967 esse
1869 910 2018 980 judi-

420 1003 536 1058 eari
577 1003 814 1058 debeat:
857 1005 904 1058 si
929 1017 1052 1057 cum
1094 1003 1326 1059 utilibus
1360 1002 1814 1074 coniungeretur,
1855 1004 2017 1056 etin-

421 1105 612 1166 optum
643 1105 700 1152 et
726 1110 1130 1165 supervacuum
1155 1104 1323 1152 esset.

844 1182 1315 1241 CONSTITUTIO
1348 1185 1590 1240 LXXIX.

423 1275 501 1331 De
526 1276 640 1348 (95)
692 1293 846 1347 pana
897 1278 1216 1343 sacerdotis,
1275 1279 1491 1334 diaconi
1540 1288 1632 1332 aut
1693 1279 2016 1349 Iiypodiaco-

494 1349 712 1431 ni.(96),.
734 1351 779 1403 si
802 1357 920 1429 post
957 1359 1288 1431 assumptum
1311 1349 1549 1405 ordinem
1579 1349 1788 1404 mulieri
1819 1351 1875 1404 in
1909 1367 2016 1405 ma-

495 1428 803 1473 trimouium
834 1428 1122 1489 jungatur.

493 1509 642 1566 idem
672 1511 974 1582 imperator
996 1511 1173 1566 eidem
1209 1509 1484 1582 Styliano.

495 1602 628 1670 Quae
659 1603 829 1658 semel
859 1602 971 1660 Deo
1015 1601 1266 1658 dedicata
1311 1613 1461 1669 sunt,
1503 1619 1564 1658 ea
1597 1603 1856 1675 deinceps
1913 1619 2013 1659 au-

422 1696 555 1752 ferri
579 1711 688 1750 non
725 1703 996 1766 oportere,
1019 1696 1289 1752 sancitum
1323 1705 1408 1751 est
1447 1715 1457 1748 :
1497 1695 1662 1767 idque
1688 1712 1796 1751 non
1836 1697 2012 1753 solum

426 1791 482 1844 in
507 1787 776 1852 donariis,
807 1801 994 1842 verum
1021 1786 1193 1844 multo
1223 1787 1388 1844 etiam
1415 1788 1589 1861 magis
1608 1787 1662 1846 in
1700 1789 2014 1850 hominibus

2121 633 2284 702 νόμον
2342 631 2476 702 προς
2533 630 2854 701 νομοθεσίαν
2885 631 2932 663 δ”
2977 630 3076 703 τὴν
3127 631 3434 701 σύγκλητον
3499 637 3602 705 τῆς
3653 638 3713 690 ἐν

2119 724 2233 786 τοῖς
2261 723 2447 792 νόμοις
2472 722 2864 793 σνμπολιτείας
2925 722 3256 791 θεσπίζομεν
3283 723 3661 794 διακρίνεσθαι
3699 745 3712 759 ·

2118 810 2229 864 τῶν
2261 813 2372 882 γὰρ
2401 813 2748 883 πραγμάτων
2775 814 3078 884 ἀχρηστίαν
3097 812 3262 867 αὑτοῦ
3298 815 3703 883 καταγνόντων,

2118 906 2178 970 ἐξ
2230 901 2291 961 οὗ
2323 906 2384 959 τὸ
2432 909 2478 940 ⁸⁸
2516 906 2786 978 μόναρχον
2825 907 3026 978 κράτος
3079 907 3179 977 τὴν
3235 907 3443 962 τούτων
3473 907 3716 978 ἀνῆπται

2117 999 2404 1070 διοίκησιν,
2453 1000 2549 1053 καὶ
2580 999 2808 1071 ἄκαιρον
2863 1002 2958 1054 καὶ
3006 1001 3235 1070 μάταιον
3289 1000 3380 1054 τὸν
3430 1001 3706 1072 ἄχρηστον

2122 1092 2260 1161 μετὰ
2293 1091 2399 1145 τῶν
2427 1092 2620 1162 χρείαν
2653 1093 3045 1163 παρεχομένων
3073 1091 3483 1147 συντάττεσθαι.

2658 1185 2975 1238 ΔΙΑΤΛΞΙΣ
3016 1183 3138 1238 ΟΘ¹.

2117 1277 2257 1344 Περὶ
2277 1277 2390 1344 τῆς
2412 1278 2586 1346 δίκης
2630 1277 2708 1346 ἢν
2776 1277 3010 1332 διδόναι
3059 1277 3176 1346 χρὴ
3222 1277 3714 1346 πρεσϐύτερον,ὒ

2187 1345 2614 1419 ὑποδιάκονον,
2656 1345 2807 1419 μετὰ
2834 1349 2948 1416 τὴν
2986 1345 3089 1402 ἐπί
3121 1345 3292 1419 αὐτῷ.
3323 1349 3713 1418 χειροθεσίαν

2189 1418 2429 1488 γυναικὶ
2461 1418 2920 1488 συναψάμενον.

2200 1511 2260 1562 '0
2291 1509 2452 1574 αὐτὸς
2486 1510 2740 1580 βασιλεὺς
2769 1511 3045 1582 Στυλιανῷ
3081 1509 3157 1582 τῷ
3188 1511 3355 1582 αὐτῷ.

2188 1601 2444 1670 Τὰ-ἆπαξ
2504 1604 2900 1674 ἀνατεθειμένα
2935 1603 3012 1674 τῷ
3063 1602 3184 1674 Θεῷ
3220 1602 3564 1675 ἁναφαίρετα
3602 1602 3715 1657 δεῖν

2116 1690 2256 1750 εἶναι
2313 1696 2663 1751 τεθέσπισται
2697 1697 2762 1762 ⁵⁸,
2799 1697 2895 1750 καὶ
2951 1695 3110 1750 τοῦτο
3168 1697 3230 1751 οὐ
3282 1696 3442 1767 μόνον
3470 1695 3564 1748 ἐπὶ
3595 1711 3714 1749 κει-

2119 1785 2325 1856 μηλίων
2349 1787 2772 1858 ἀνιερονμένων,
2797 1787 2933 1841 ἀλλὰ
2968 1787 3104 1840 πολύ
3147 1803 3211 1855 γε
3241 1786 3337 1840 καὶ
3385 1785 3588 1856 μᾶλλον
3621 1783 3712 1838 ἐπ’

419 1879 512 1951 qui
548 1894 643 1950 per
682 1893 902 1940 sacrum
931 1877 1182 1934 ordinem
1239 1877 1438 1934 divina:
1492 1881 1769 1952 majestati
1810 1898 2009 1940 conse-

2125 1879 2437 1952 ανθρώπων,
2474 1875 2556 1944 οἷς
2583 1880 2674 1937 διὰ
2713 1879 2807 1936 τοῦ
2843 1881 3048 1953 κλήρου
3093 1879 3456 1952 προσγένηται
3513 1881 3547 1950 ἡ
3576 1881 3713 1951 πρὸς

420 1973 560 2031 erati
623 1980 771 2040 sunt,
819 1971 1224 2028 observandum
1264 1981 1396 2029 est:
1431 1975 1650 2030 tametsi
1714 1975 1796 2042 (ut
1853 1977 2008 2033 multi

419 2074 550 2124 sunt
591 2066 873 2126 hominum
935 2065 1204 2139 lapsus)e
1234 2078 1378 2124 statu
1420 2068 1474 2124 in
1527 2085 1688 2140 quem
1751 2079 2010 2142 tanquam

418 2162 650 2219 honeste
672 2159 897 2226 victuri,
923 2160 1102 2217 allecti
1149 2171 1331 2228 erant,
1361 2171 1646 2233 peccatum
1680 2163 1924 2220 dominio
1959 2165 2011 2219 in

418 2254 571 2324 ipsos
593 2261 876 2324 suscepto,
905 2253 1178 2309 cxturbet.

491 2343 610 2400 Non
634 2345 1006 2417 approbantes
1038 2346 1204 2418 igitur
1263 2348 1464 2404 veteris
1500 2349 1612 2419 (97)
1671 2349 2010 2420 legislatoris

420 2438 787 2508 propositum,
822 2439 914 2509 qui
950 2439 1318 2506 sacerdotem,
1352 2440 1645 2496 diaconum
1705 2451 1800 2497 aut
1847 2443 2016 2514 hypo-

419 2531 738 2596 diaconum,
764 2532 810 2588 si
834 2540 960 2602 post
1020 2543 1362 2602 assumptum
1418 2534 1666 2589 ordinem
1716 2534 1929 2588 mulieri
1960 2535 2015 2590 iu

420 2623 834 2680 matrimonium
883 2623 1170 2694 jungatur,
1231 2627 1460 2681 omnino
1485 2641 1514 2680 a
1545 2626 1788 2683 clericali
1827 2627 2016 2682 habitu

420 2717 731 2784 discedere,
770 2725 936 2788 atque
981 2717 1049 2774 ad
1086 2717 1373 2790 profanam
1409 2721 1576 2777 vitam
1627 2721 1827 2777 reverti
1856 2721 2013 2777 vult:

421 2807 555 2862 illud
580 2808 864 2869 decretum
895 2809 1112 2865 irritum
1147 2811 1405 2877 facimus,
1441 2826 1505 2867 ac
1530 2827 1661 2868 vero
1690 2814 2014 2882 statuimus,

418 2908 478 2956 ut
513 2899 577 2954 ab
600 2899 792 2958 ordine
813 2915 976 2972 quem
1006 2911 1134 2958 ante
1164 2904 1388 2974 nuptias
1439 2903 1803 2973 obtinuerint,
1833 2905 2015 2962 solum

419 2992 759 3058 recedentes,
784 2991 924 3050 satis
951 3000 1132 3053 tamen
1175 3010 1462 3066 poenarum
1511 2995 1664 3050 luere
1699 2995 2015 3063 videantur,

417 3093 475 3141 et
494 3098 838 3156 nequaquam
867 3085 1108 3142 clericali
1167 3087 1357 3142 habitu
1381 3087 1599 3158 alioque
1623 3087 1886 3144 Ecclesiae
1912 3087 2017 3142 mi-

419 3179 672 3248 nisterio,
691 3176 851 3248 cujus
879 3177 1100 3252 quidem
1123 3195 1260 3237 usus
1293 3179 1520 3241 illicitus
1549 3196 1658 3242 non
1679 3189 1782 3247 est,
1807 3181 2018 3256 judicio

420 3271 726 3342 priventur.
879 3267 884 3274 ’

853 3446 1329 3508 CONSTITUTIO
1364 3445 1577 3502 LXXX.

425 3542 494 3602 Ut
515 3561 767 3616 purpura:
834 3555 1117 3630 segmenta_
1151 3544 1287 3630 (98).
1311 3541 1680 3630 εερᾳνιὶεαιω
1704 3539 1758 3593 in
1783 3543 2012 3609 publicis

957 3624 1314 3673 mercimoniis
1346 3624 1474 3671 sint.

491 3708 644 3766 idem
677 3709 976 3780 imperator
1005 3708 1181 3764 eidem
1208 3709 1476 3785 Styliano.

499 3797 654 3854 Haud
690 3799 806 3854 scio
863 3814 970 3870 qua
1005 3799 1218 3854 ratione
1247 3799 1550 3870 superioris
1577 3802 1676 3857 aevi
1711 3801 2013 3871 imperato-

424 3905 539 3956 res,
563 3905 688 3946 cum
717 3890 819 3962 ipsi
844 3889 945 3946 toti
978 3905 1218 3963 purpura
1248 3891 1606 3959 vestirentur,
1641 3892 1864 3960 linducli
1892 3891 2012 3948 fue-

426 3985 558 4051 rint,
595 3985 677 4042 uti
729 4001 797 4041 ne
843 3985 955 4057 (99)
995 4001 1102 4056 qua
1161 3985 1388 4041 omnino
1431 4003 1686 4062 purpura:
1745 3987 2014 4058 particula

422 4078 878 4141 venumdaretur,
932 4085 1265 4144 statuerent,
1321 4093 1496 4149 neque
1543 4080 1801 4150 cuiquam
1850 4081 2012 4135 talem

421 4171 662 4226 colorem
711 4169 951 4226 vendere
1007 4177 1101 4225 aut
1135 4185 1317 4226 emere
1357 4175 1752 4242 permitterent.
1781 4171 1860 4228 Ac
1883 4186 2020 4228 sane

422 4262 468 4316 si
532 4261 797 4333 integram
855 4263 1017 4319 telam
1069 4263 1257 4319 venire
1307 4263 1383 4318 illi
1432 4265 1868 4335 prohibuissent,
1911 4265 2018 4320 ali-

421 4366 588 4423 quam
641 4352 877 4411 fortasse
910 4355 1031 4426 ejus
1068 4354 1304 4410 faciendi
1333 4370 1444 4411 non
1469 4355 1703 4412 alienam
1747 4371 1778 4410 a
1802 4357 2017 4414 ratione

422 4445 773 4505 occasionem
847 4447 1108 4506 habuisse
1163 4448 1332 4507 videri
1400 4459 1625 4520 possent
1686 4469 1697 4503 :

2114 1973 2174 2024 τὸ
2216 1971 2370 2026 Θείον
2403 1971 2682 2038 ἀνάθεσις,
2737 1971 2840 2025 κᾶν
2879 1965 2988 2043 (οἷα
3039 1971 3210 2027 πολλὰ
3273 1969 3343 2024 τὰ
3389 1969 3712 2041 ἀνθρώπινα

2116 2063 2456 2133 πταίσματα)
2540 2067 2641 2134 τῆς
2704 2065 2950 2132 τάξεως,
3005 2067 3063 2118 ὲν
3197 2063 3524 2136 διαπρέπειν
3574 2080 3710 2116 κατ-

2115 2156 2524 2229 εκληρώθησαν,
2549 2160 2581 2229 ἡ
2613 2157 3080 2228 τύραννοςαῦτοίρς
3105 2156 3428 2229 ὲξωθήσοιεν
3447 2155 3710 2230 ἁμαρτία.

2187 2339 2301 2392 Οὐκ
2323 2339 2711 2410 ἀποδεχόμενοι
2741 2339 2833 2392 οὖν
2867 2339 2964 2408 τῆς
3013 2339 3386 2410 προαιρέσεως
3442 2339 3534 2393 τὸν
3601 2356 3713 2394 πα-

2116 2433 2266 2488 λαιὸν
2302 2433 2600 2505 νομοθέτην
2623 2435 2688 2499 ⁸⁷,
2727 2434 2786 2498 ὃς
2819 2434 3070 2504 βούλεται
3121 2435 3499 2505 πρεσϐύτερον
3528 2433 3560 2506 ἢ
3591 2434 3710 2488 διὰ-

2118 2527 2339 2598 κονονῆ
2385 2527 2738 2580 ὑποδιάκονον
2798 2526 2936 2598 μετά
2976 2528 3076 2597 τὴν
3129 2529 3229 2580 ἐπ’
3258 2527 3408 2599 αὑτῷ
3459 2527 3706 2598 χειροθε-

2121 2617 2241 2670 σίαν
2270 2617 2646 2688 συναψάμενον
2712 2618 2935 2688 γυναικὶ
2987 2620 3033 2651 ⁸³
3093 2619 3374 2681 παντελῶς
3425 2619 3520 2673 τοῦ
3577 2621 3711 2693 κληο

2122 2707 2277 2780 ρικοῦ
2308 2709 2351 2741 ⁵³
2370 2707 2758 2774 ὑπεξίστασθαι
2789 2709 3066 2780 σχήματος
3088 2708 3182 2762 καὶ
3215 2707 3351 2780 πρὸς
3388 2707 3480 2761 τὸν
3523 2707 3716 2762 λαῖκδν

2121 2801 2236 2874 βίον
2293 2800 2847 2874 ὲπαναστρέφεσθαι,
2909 2801 3228 2874 ἀποροῦμεν
3297 2801 3343 2832 ⁶⁰
3393 2800 3453 2854 τὸ
3511 2801 3709 2870 δόγμα,

2120 2890 2453 2960 θεσπίζομεν
2485 2891 2543 2944 δὲ
2573 2891 2709 2965 μόνῃ
2735 2892 2802 2961 τῇ
2832 2891 3182 2962 ὑποχωρήσει
3210 2892 3310 2961 τῆς
3356 2889 3587 2955 τάξεως,
3625 2887 3713 2958 ἐφ’

2128 2975 2164 3056 ᾖ
2201 2982 2307 3055 πρὸ
2339 2982 2432 3036 τοῦ
2464 2983 2641 3055 γάμον
2690 2981 3070 3056 ὲγνωρίζοντο,
3113 2981 3402 3056 ἀρκεῖσθαι
3435 2981 3534 3052 τὴν
3554 2971 3714 3052 δίκην

2119 3075 2323 3138 αὐτοῖς,
2352 3074 2446 3128 τοῦ
2492 3074 2548 3131 δὲ
2589 3074 2851 3147 κληρικοῠ
2917 3075 3200 3147 σχήματος
3240 3075 3336 3127 καὶ
3391 3073 3490 3143 τῆς
3541 3073 3715 3142 ἄλλης

2119 3171 2177 3223 ὲν
2196 3170 2315 3232 ταῖς
2351 3168 2694 3239 Ἐκκλησίαις
2753 3167 3081 3239 ὑπηρεσίας,
3111 3162 3180 3245 ἧς
3218 3166 3558 3236 ἐφάπτεσθαι
3611 3167 3716 3220 οὐκ

2039 3245 2085 3307 C
2120 3261 2511 3335 heéutrov,ph
2559 3264 2878 3320 παντάπασι
2928 3262 3027 3333 τὴν
3066 3261 3423 3336 ἀλλοτρίωσιν
3484 3259 3712 3314 καταδι-

2125 3354 2410 3420 χάζεσθαι.

2697 3443 3010 3503 ΔΙΑΤΑΞΙΣ
3061 3445 3142 3503 11⁸.

2124 3541 2264 3611 Περὶ
2312 3541 2421 3595 τοῦ
2476 3541 2549 3594 τὰ
2587 3539 2855 3610 ἁλουργὰ
2890 3541 3044 3610 μέρη
3094 3539 3224 3611 καὶ,
3257 3539 3536 3611 τμήματα
3610 3543 3713 3598 καί

2378 3611 2857 3680 ἀπεμπολεῖσθαι
2891 3611 2991 3664 καὶ
3043 3610 3452 3680 ἀγοράζεσθαι.

2205 3707 2266 3758 '0
2293 3703 2456 3767 αὐτὸς
2514 3702 2766 3773 βασιλεὺς
2810 3702 3086 3774 Στυλιανῷ
3117 3703 3196 3773 τῷ
3252 3703 3423 3775 αὐτῷ.

2193 3797 2310 3850 Οὐκ
2338 3791 2456 3850 οῖδα
2493 3797 2641 3860 ὅπως
2668 3796 2717 3850 oi
2756 3796 2870 3851 ἄνω
2915 3796 3010 3849 τοῦ
3047 3798 3242 3869 χρόνον
3278 3797 3377 3871 τὴν
3417 3799 3716 3870 ἁλουργίδα

2125 3888 2506 3960 στολισάμενοι
2532 3889 2937 3963 αὐτοκράτορες
2990 3895 3070 3957 είς
3113 3893 3173 3947 τὸ
3197 3892 3426 3948 τοιαῦτα
3487 3893 3716 3964 νομοθε-

2122 3984 2236 4036 τεῖν
2287 3981 2650 4054 κατέστησαν,
2683 3982 2826 4038 ὥστε
2875 3986 3144 4057 μηδαμῶς
3171 3986 3439 4057 ἁλουργόν
3467 4004 3520 4039 τι
3547 3987 3714 4058 μέρος

2121 4073 2278 4128 ὤνιον
2329 4075 2576 4144 γίνεσθαι
2619 4079 2756 4150 μήτε
2798 4080 3102 4152 συγχωρεῖν
3152 4096 3260 4132 τινι
3302 4077 3549 4133 τοιοῦτον
3616 4096 3714 4132 πι-

2122 4167 2442 4238 πράσκεινῆ
2466 4167 2780 4232 ἐξωνεῖσθαι
2795 4170 3012 4239 χρῶμα.
3042 4169 3116 4222 Τὸ
3168 4169 3267 4240 μὲν
3292 4170 3399 4239 γὰρ
3415 4169 3712 4238 ὁλόκληρον

2123 4258 2352 4331 ὕφασμα
2387 4261 2824 4332 ἀπεμπολεῖσθαι
2875 4263 3131 4328 κωλύειν,
3193 4257 3336 4332 τάχα
3379 4261 3536 4331 φέρει
3586 4260 3714 4314 τινὰ

2120 4355 2221 4409 οὐκ
2276 4356 2470 4423 ἄλογον
2524 4355 2567 4387 ⁸¹
2624 4357 2897 4426 πρόφασιν
2948 4359 3027 4428 τῷ
3062 4355 3714 4428 νομοθετήματι,τμῆμα

1757 4460 1812 4506 at
1867 4451 2014 4522 quod
2051 4463 2097 4521 ι)
2125 4446 2182 4502 δὲ
2210 4449 2303 4506 καὶ
2329 4449 2488 4520 μερὶς
2514 4447 2750 4524 βραχεῖα
2789 4449 3060 4520 ὠφέλειάν
3091 4466 3213 4502 τινα
3253 4447 3348 4502 καὶ
3385 4447 3579 4520 χρείαν
3609 4445 3712 4518 οὐχ

1694 4596 1934 4690 vam
1975 4627 2385 4688 LECTIONES.

496 4744 540 4823 ‘f
571 4743 806 4823 Seri_ing_.
831 4747 1310 4823 ⁸προνομοθε-σίριν.
1373 4749 1695 4823 Emendavit
1721 4751 1914 4823 Steph.
1995 4750 2040 4781 ⁸⁵
2067 4751 2244 4823 Vulgo
2272 4753 2382 4807 τόν.
2466 4755 2512 4785 ⁵⁸
2552 4753 2695 4809 Bais.
2729 4754 3074 4808 καθίσταται.
3113 4786 3180 4796 -—
3211 4754 3346 4810 Nov.
3383 4755 3504 4814 125.
3538 4770 3588 4811 c.
3614 4757 3707 4814 27.

501 4815 794 4896 Justiniani
825 4817 876 4876 6.
898 4815 1050 4896 ;e._5.
1128 4818 1345 4896 5".Bals.
1385 4819 1724 4896 συναφθέντα
1751 4815 2266 4896 νείᾼσυνατττόμενον
2295 4826 2531 4896 γαμετῇ,
2611 4827 2656 4858 ⁵³
2673 4823 2837 4896 _Ba_ls.
2868 4825 3112 4896 etBlast.
3141 4825 3236 4878 τοῦ
3269 4826 3510 4880 τοιούτου
3545 4828 3704 4893 ὑπεξ.

424 4887 581 4946 [laud
622 4888 826 4956 inepte.
896 4889 942 4924 ⁸ο
972 4891 1048 4944 Ita
1081 4905 1146 4946 ex
1183 4888 1328 4948 Bais.
1357 4897 1409 4943 et
1450 4888 1619 4948 Blast.
1645 4891 1885 4964 reposui.
1924 4887 2489 4964 νυιεοάκυροῦσῦαιζ

2575 4896 2617 4927 ⁶¹
2659 4894 2833 4950 Codd.
2885 4895 3126 4964 εῦλογον.
3157 4896 3481 4959 Emendavit
3511 4896 3707 4969 Steph.

1949 5051 2184 5110 ΝΟΤᾹΞ.

495 5185 603 5254 (95)
625 5183 757 5255 _Vid.
804 5182 946 5239 Bais.
981 5199 1032 5239 c.
1058 5186 1091 5239 6
1117 5193 1280 5239 sexta:
1321 5186 1512 5254 synodi
1549 5187 1601 5240 in
1633 5186 1841 5255 Trullo,
1867 5190 1998 5245 dist.

415 5255 504 5313 52.
541 5253 590 5308 c.
618 5253 676 5324 Si
702 5256 828 5324 quis
860 5269 1072 5309 eorum.

484 5323 908 5400 (96)}s'x’tensio
937 5332 1023 5380 est
1068 5328 1298 5400 canonis
1331 5329 1401 5382 25
1433 5337 1610 5396 apost.
1667 5332 1762 5400 qui
1801 5342 1886 5386 est
1939 5331 2009 5386 ‘26

414 5395 562 5466 apud
619 5393 900 5459 Photium,
936 5410 1046 5466 quo
1081 5398 1182 5451 soli
1221 5399 1453 5456 lectores
1469 5393 1539 5455 et
1571 5393 1824 5457 cantores
1867 5418 2005 5456 uxo-

413 5483 530 5540 rem
567 5471 782 5540 ducere
803 5466 1151 5540 vetabantur,
1185 5479 1237 5522 et
1271 5470 1566 5540 abrogatur
1595 5471 1801 5528 Novell.
1835 5472 2005 5528 Justi-

412 5538 564 5592 niani
591 5539 648 5604 6,
675 5552 723 5592 c.
752 5538 806 5600 5,
833 5552 980 5592 vers.
1117 5550 1298 5593 autem
1330 5538 1528 5614 aliquis
1561 5544 1865 5614 presbyter,
1900 5559 2005 5613 qna

411 5619 539 5685 post
563 5617 908 5678 assumptum
931 5610 1182 5685 ordinem
1207 5610 1518 5685 presbyter,
1534 5610 1808 5685 diaconus
1833 5625 1884 5668 et
1913 5610 2008 5685 hy-

417 5679 1012 5754 pniliaconusmnptias
1050 5679 1386 5754 contraliens
1426 5684 1618 5737 ordine
1666 5679 2004 5754 privabatnr,

418 5748 689 5825 fietiatque
728 5747 918 5802 idiota.
965 5747 1077 5825 Hac
1104 5749 1498 5825 Novellapost
1527 5747 1869 5825 assumptum
1915 5747 2007 5811 or;

416 5816 609 5893 dinem
628 5818 793 5893 ducta
818 5834 1009 5884 uxore,
1048 5816 1652 5890 llujllSIBOdl-Il'mtint's
1677 5816 1869 5880 ordine
1903 5843 2004 5882 suo

418 5884 641 5957 quidem
696 5889 1012 5960 privamur;
1056 5884 1161 5946 no'n
1219 5900 1481 5951 tamenet
1523 5897 1757 5954 clericali
1793 5898 2000 5968 habitu,

2117 5192 2194 5246 vel
2225 5193 2331 5244 alio
2367 5192 2418 5244 in
2449 5189 2693 5245 Ecclesia
2721 5189 3052 5245 ministerio.

2183 5263 2296 5332 (97)
2322 5261 2462 5332 :Nnv.
2493 5263 2546 5325 6,
2578 5260 2641 5316 C.
2675 5261 2725 5314 5.

2181 5331 2585 5412 (98λΡιιτριηω
2606 5340 2888 5414 segmenta
2906 5347 3028 5416 quae
3042 5333 3307 5458 tunsum
3329 5331 3469 5386 infra
3499 5331 3623 5388 eod.
3648 5334 3705 5390 in

2189 5405 2351 5458 hheis
2375 5418 2725 5458 commerciis
2771 5418 3058 5458 permissa.
3096 5406 3144 5458 vi
3185 5413 3349 5458 entnr
3374 5405 3629 5458 abrogari
3660 5405 3699 5458 l.

2112 5405 2351 5474 publicis
2375 5405 2725 5458 commerciis
2771 5403 3058 5472 permissa,
3096 5403 3349 5459 videntur
3374 5405 3629 5474 abrogari
3660 5405 3699 5458 l.

2111 5473 2209 5530 ult.
2239 5473 2372 5528 Cod.
2399 5474 2472 5528 De
2503 5475 2698 5530 vestib.
2740 5474 2984 5529 holober.

2179 5544 2291 5617 (99)
2322 5544 2380 5599 L.
2420 5546 2468 5606 1,
2499 5545 2563 5599 C.
2615 5560 2736 5614 quae
2793 5560 2882 5600 res
2914 5545 3102 5617 venire
3129 5561 3236 5601 non
3280 5559 3402 5612 pos.
3436 5545 3470 5600 Ι.
3508 5547 3606 5601 ιιὶι.
3638 5544 3703 5600 C.

2115 5615 2195 5672 De
2221 5617 2417 5670 νρειιὺ.
2446 5616 2656 5679 holob.;
2689 5626 2741 5668 et
2770 5623 2930 5668 antea
2961 5629 2990 5668 a
3023 5615 3239 5671 Czesarc
3270 5628 3526 5685 purpura!
3567 5631 3707 5672 usus

2113 5688 2445 5742 interdittus
2493 5695 2858 5756 prmtcrqnam
2917 5687 3269 5740 senatoribus
3311 5688 3405 5756 qui
3452 5687 3506 5741 in
3531 5687 3706 5756 magi~

2109 5767 2286 5812 stratu
2311 5765 2517 5820 essent,
2548 5756 2706 5811 Dion.
2735 5757 2826 5819 49,
2852 5766 2906 5810 et
2933 5756 3204 5812 Neronem
3231 5773 3454 5827 quoque
3484 5765 3698 5812 matro-

2110 5845 2234 5883 nam
2272 5843 2514 5898 purpura
2564 5843 2719 5882 usam
2781 5843 2890 5882 non
2932 5837 3082 5884 veste
3124 5835 3361 5897 tantum,
3408 5828 3505 5887 sed
3538 5827 3707 5890 bouis

2107 5901 2327 5958 exuisse
2359 5901 2524 5955 refert
2557 5898 2783 5958 Suctou.
