4048 6434
382 423 496 487 589

1498 425 1862 487 NOVELLIE
1893 425 2454 487 CONSTITUTION
2464 430 2574 488 ES.

3577 431 3681 492 590

383 533 794 606 ὑπερκειμένην
827 533 905 604 τῷ
930 550 987 586 τε
1022 536 1386 607 πιπράσκοντι
1432 540 1524 590 καὶ
1549 538 1627 607 τῷ
1649 540 1974 610 ἀγοράζοντι

2085 551 2364 612 segmenta
2398 543 2542 612 (1σὸ)
2582 551 2746 613 atque
2764 542 3015 608 frustula,
3041 559 3163 614 qua:
3187 543 3478 599 utilitatem
3514 552 3681 613 atque

385 630 774 700 παρεχόμενα,
815 626 988 681 ταῦτα
1035 629 1099 699 δὴ
1161 629 1486 701 κωλυόμενοι
1539 633 1664 686 τίνα
1717 634 1972 704 εὐπρεπῆ

385 723 562 777 αἰτίαν
612 722 707 774 καὶ
745 720 941 790 φθόνου
977 721 1086 774 τῶν
1145 722 1408 793 ὑπηκόων
1459 723 1966 797 καθαρεύουσαντῇ

383 813 478 868 τοῦ
520 813 812 884 νομοθέτου
866 814 1126 876 συστάσει
1186 814 1230 845 ⁸⁸
1277 813 1513 888 γνώμης
1559 817 1696 870 Ποία
1741 818 1850 888 γὰρ
1911 819 1976 870 ὲκ

385 908 588 962 τούτων
636 907 776 978 πρὸς
833 908 891 960 τὸ
940 908 1210 979 ὑπερέχον
1267 909 1364 979 τῆς
1424 909 1698 981 βασιλείου
1749 910 1972 982 δόξηςῆ

386 999 758 1070 ὲναντίωσιςῆ
791 1000 1042 1071 κοινότης
1072 1002 1324 1074 ἀπαντᾷς

456 1279 571 1332 Οὐκ
596 1279 954 1349 ἀρεσκόμενοι
995 1279 1176 1332 τοίνυν
1205 1279 1284 1351 τῷ
1327 1280 1562 1350 δόγματι
1614 1280 1972 1352 διοριζόμεθα

385 1371 545 1439 ἡμεῖς
575 1370 643 1422 τὰ
673 1369 916 1440 ἁλουργά
975 1371 1116 1442 μέρη
1172 1372 1265 1424 καὶ
1326 1373 1614 1442 τμήματα,
1669 1389 1975 1445 σεμνοπρε-

392 1463 551 1526 πείας
594 1465 788 1535 μοῖραν
825 1464 1178 1536 παρεχόμενα
1229 1465 1341 1529 τοῖς
1383 1467 1714 1537 ὑπηκόοιςῆ
1777 1467 1972 1538 χρείαν

388 1557 556 1627 ἄλλην
601 1557 702 1610 οὐκ
745 1558 1228 1629 ἀπηγορευμένην,
1276 1557 1372 1611 καὶ
1405 1557 1849 1628 ἁπεμπολεῖσθαι
1877 1560 1972 1613 καὶ

387 1651 779 1723 ἀγοράζεσθαι.
814 1655 908 1706 Δεῖ
934 1654 1044 1725 γὰρ
1103 1653 1244 1725 μετὰ
1285 1653 1381 1708 τοῦ
1417 1655 1512 1710 καὶ
1544 1656 1720 1718 ἄλλως
1749 1656 1974 1727 εὐεργε-

385 1747 498 1799 τεῖν
523 1745 585 1798 τὸ
623 1745 864 1814 ὑπήκοον
888 1745 1024 1816 μηδὲ
1053 1748 1497 1819 σεμνοπρεπείας
1543 1749 1762 1819 φθονεῖν
1785 1752 1974 1815 αὐτοῖς

384 1833 483 1906 τὴν
512 1833 812 1906 βασιλείαν.

927 1929 1240 1984 ΔΙΑΤΔΞΙΣ
1298 1929 1423 1986 IlA'.

2088 651 2246 689 usum
2275 651 2454 706 neque
2474 635 2726 691 vendenti
2755 651 2934 706 neque
2971 637 3174 691 cmenti
3200 637 3678 690 inconvenientem

2087 726 2383 797 praebeant,
2407 727 2460 780 in
2486 726 2860 782 mercimoniis
2882 742 3004 782 esse
3034 727 3436 797 prohibuerunt
3465 727 3543 796 (4)
3577 745 3590 780 :
3622 726 3677 782 id

2085 833 2214 871 vero
2235 832 2398 888 quam
2429 818 2740 882 honestam,
2764 825 2820 874 et
2850 833 2970 889 qua!
3018 817 3366 874 subditorum
3425 817 3677 874 inviden-

2084 909 2160 964 tia
2186 921 2362 976 vacet,
2397 911 2844 981 illorumjudicio
2869 911 3168 981 przetendet
3216 911 3488 965 causam?
3539 909 3673 964 Nam

2085 1002 2231 1071 quod
2246 1011 2339 1056 aut
2365 1003 2731 1073 imperatoria:
2754 1003 3058 1071 majestatis
3081 1003 3404 1057 adversetur
3418 1003 3670 1058 eminen-

2084 1098 2194 1164 tiae,
2226 1105 2321 1151 aut
2369 1097 2569 1152 eamiu
2603 1112 2952 1152 communem
3007 1111 3168 1151 usum
3225 1097 3473 1161 devocet,
3535 1097 3666 1166 quid

2084 1205 2264 1258 quiusa
2289 1189 2417 1244 hinc
2443 1189 2714 1245 exsistat?

2157 1280 2268 1337 Nos
2297 1282 2482 1352 itaque
2541 1282 2628 1336 isti
2677 1282 2903 1338 decreto
2943 1297 3049 1335 non
3078 1282 3517 1351 acquiesecntes,
3549 1296 3677 1335 cou-

2084 1374 2367 1430 stituimus
2397 1384 2452 1427 ut
2492 1390 2739 1443 purpura:
2796 1373 2972 1428 frusta
3032 1383 3196 1444 atque
3255 1373 3520 1443 segmina,
3557 1389 3678 1442 quae

2085 1468 2502 1539 magniﬁcentia:
2560 1468 2804 1536 speciem
2873 1468 3110 1522 aliumve
3178 1482 3286 1520 non
3341 1466 3674 1535 prohibitum

2083 1575 2244 1615 usum
2291 1557 2526 1613 subditis
2567 1557 2866 1628 pra'beant,
2903 1569 3010 1611 tam
3079 1556 3300 1611 divendi
3344 1570 3510 1625 quam
3569 1555 3677 1608 emi

2083 1652 2320 1721 possint.
2357 1650 2520 1704 lleeet
2541 1651 2686 1703 enim
2721 1649 3131 1719 imperatoriam
3160 1649 3526 1717 majestatem,
3549 1661 3674 1700 cum

2082 1744 2206 1798 aliis
2234 1742 2424 1797 multis
2453 1741 2630 1795 modis
2679 1741 2934 1795 subditos
2985 1737 3264 1794 beneﬁciis
3321 1737 3541 1802 alliciat,
3578 1751 3672 1792 eo-

2082 1836 2332 1891 rumdctn
2369 1833 2793 1904 magniﬁcentia:
2824 1849 2891 1886 ne
2923 1832 3188 1885 invideat.

2513 1921 2982 1982 CONSTI'I‘U'I‘IO
3007 1919 3245 1976 LXXXI.

387 2021 529 2092 Περὶ
586 2021 692 2078 τοῦ
747 2020 828 2091 μὴ
860 2020 984 2078 πᾶν
1004 2023 1085 2096 τὸ
1115 2023 1182 2076 ἐκ
1210 2024 1446 2096 χρυσοῦ
1468 2025 1566 2078 καί
1589 2029 1778 2082 λίθων
1802 2026 1974 2096 ἔργον

2091 2019 2173 2076 Ne
2195 2035 2260 2076 ea:
2273 2019 2562 2096 aur_o_($-6)
2585 2030 2631 2096 e_t
2656 2017 2904 2086 pretiosis
2924 2016 3007 2096 (ἶ).
3017 2015 3222 2096 topiltis
3242 2012 3531 2096 quidquam
3556 2027 3678 2066 con-

803 2149 808 2153 ,
889 2093 1235 2148 κωλύεσθαι
1267 2095 1484 2150 ποιεῖν.

470 2184 530 2238 '0
557 2185 720 2250 αὐτὸς
756 2184 1008 2256 βασιλεὺς
1053 2187 1330 2260 Στυλιανῷ
1376 2190 1453 2262 τῷ
1489 2193 1659 2264 αὐτῷ.

454 2278 571 2331 Καὶ
615 2277 804 2332 τοῦτον
852 2280 909 2333 δὲ
956 2280 1048 2333 τὸν
1101 2281 1284 2352 νόμον,
1325 2281 1384 2346 ὁς
1434 2283 1623 2348 ἁπλῶς
1665 2285 1979 2356 ἀφαιρεῖται

383 2369 488 2442 τὴν
503 2367 758 2436 ἐξουσίαν.
771 2370 864 2422 τοῦ
896 2371 961 2424 ὲκ
1012 2372 1216 2442 χρυσοῦ
1259 2377 1352 2428 καὶ
1403 2375 1568 2429 λίθων
1608 2378 1743 2449 δρᾷν
1791 2395 1844 2432 τι
1888 2396 1981 2432 κα-

380 2460 768 2530 τασκεύασμα,
830 2461 924 2514 ἐπὶ
985 2462 1170 2531 μόνοις
1237 2464 1295 2518 δὲ
1347 2469 1461 2528 τοῖς
1505 2468 1839 2534 γυναικείοις
1887 2485 1978 2522 κο-

381 2553 568 2626 σμίοις
597 2553 692 2607 καὶ
719 2553 818 2625 τὴν
845 2553 988 2608 οὕτω
1046 2555 1395 2630 καλουμένην
1428 2560 1474 2590 ⁸³
1519 2560 1829 2613 δακτυλίων
1878 2560 1978 2632 τὴν

381 2644 729 2716 κατασκευὴν
760 2643 956 2716 ὁρίζει,
986 2646 1086 2716 τῆς
1140 2647 1314 2717 αὐτῆς
1361 2649 1490 2703 ὄντα
1524 2652 1970 2722 κατανοήσαντες

383 2735 758 2806 προαιρέσεως
809 2735 888 2806 τῷ
940 2737 1074 2806 περὶ
1122 2737 1442 2810 ἁλουργίδος
1503 2742 1929 2813 διαλαμϐάνοντι
1957 2785 1972 2810 ,

387 2825 467 2888 είς
487 2825 588 2894 τὴν
608 2825 782 2897 αὐτὴν
811 2826 1010 2898 ἐκείνῳ
1022 2829 1207 2898 χώραν
1228 2828 1512 2900 τιθέαμεν.
1543 2832 1620 2884 Οὐ
1651 2831 1761 2904 γὰρ
1788 2832 1976 2896 ἁπλῶς

383 2917 554 2988 ἐχρῆν
574 2917 672 2990 τὴν
702 2921 767 2973 ἐκ
803 2921 902 2991 τῆς
935 2921 1067 2992 ὕλης
1087 2921 1182 2975 τοῦ
1217 2922 1420 2994 χρυσοῦ
1445 2925 1712 2994 χορηγίαν
1741 2925 1821 2989 είς
1875 2925 1975 2995 τὴν

383 3000 648 3077 ἐργασίαν
696 3009 945 3074 κωλύειν,
977 3010 1114 3064 ἀλλὰ
1170 3011 1238 3065 τὰ
1274 3011 1392 3081 είδη
1434 3013 1544 3065 τῶν
1595 3012 1797 3083 ἔργων,
1849 3013 1972 3066 ἐπεὶ

384 3099 446 3152 τό
472 3116 536 3166 γε
564 3101 798 3155 καθόλου
815 3102 861 3134 ⁸⁸
886 3105 950 3157 ὲκ
976 3103 1180 3174 χρυσοῦ
1203 3105 1297 3158 καὶ
1323 3102 1472 3157 λίθου
1503 3103 1974 3176 ἀπαγορεύεινὲρ-

381 3189 649 3261 γάζεσθαι
686 3193 972 3261 πλεονεξία
1018 3195 1200 3266 σαφής
1251 3195 1298 3226 ⁸³
1334 3210 1347 3224 ·
1375 3194 1436 3247 τὸ
1480 3194 1538 3248 δὲ
1590 3195 1686 3248 καὶ
1746 3194 1974 3268 βαρεῖαν

2333 2084 2502 2162 Ῑίοῖίη
2529 2084 2828 2145 universum
2857 2086 3180 2154 prohibitum
3204 2085 3352 2153 nefas
3387 2084 3478 2137 sit.

2157 2185 2304 2241 Idem
2339 2186 2639 2255 imperator
2668 2183 2846 2238 eidem
2872 2181 3144 2250 Styliano.

2157 2275 2308 2330 llanc
2340 2290 2468 2330 vero
2499 2275 2667 2330 etiam
2699 2274 2870 2344 legem
2900 2273 2978 2342 (8)
3002 2286 3122 2341 qum
3159 2269 3366 2324 mundo
3418 2268 3672 2324 muliebri

2083 2368 2414 2437 annulisque
2450 2366 2698 2436 exceptis
2755 2365 2965 2434 aliquid
3012 2364 3162 2417 aliud
3187 2379 3253 2417 ex
3286 2376 3422 2415 auro
3443 2368 3498 2415 et
3522 2372 3673 2430 gem-

2083 2455 2190 2510 mis
2213 2455 2574 2510 conﬁciendis
2601 2468 2822 2508 onmem
2857 2467 3083 2521 prorsus
3110 2451 3423 2506 facultatem
3459 2449 3673 2509 adimit.

2080 2547 2328 2616 ejusdem
2361 2564 2483 2604 cum
2525 2548 2615 2602 illa
2635 2547 2840 2617 qumde
2861 2561 3103 2616 purpura
3135 2551 3332 2599 tractat
3361 2558 3484 2597 esse
3515 2541 3676 2596 insti~

2082 2641 2184 2694 tuti
2247 2639 2773 2701 animadvertentes,
2826 2639 2878 2692 in
2910 2640 3158 2693 eamdem
3187 2649 3408 2704 quoque
3431 2649 3555 2688 cum
3580 2632 3674 2685 illa

2081 2730 2455 2784 conditionem
2491 2728 2835 2799 reponimus.
2891 2727 3007 2781 Non
3067 2726 3214 2780 enim
3257 2723 3586 2794 simpliciter
3607 2737 3674 2777 ex

2079 2827 2200 2877 auri
2231 2823 2457 2876 materia
2505 2821 2806 2891 quidquam
2852 2822 2905 2873 in
2959 2817 3237 2886 opiﬁcium
3277 2816 3537 2886 pra-beri,
3579 2815 3677 2868 sed

2078 2913 2292 2982 species
2334 2927 2564 2982 operum
2610 2909 2884 2980 prohiberi
2927 2907 3230 2979 oportebat.
3303 2905 3576 2971 Quoniam
3611 2919 3677 2956 ne

2075 3005 2223 3076 quod
2255 3003 2483 3058 omnino
2507 3018 2573 3059 ex
2597 3017 2733 3057 auro
2764 3009 2819 3057 et
2861 2999 3096 3072 gemmis
3127 3014 3270 3068 opus
3297 2997 3560 3053 conficiat
3585 3009 3675 3050 vc-

2077 3105 2216 3164 tare,
2251 3098 2545 3153 manifesta
2587 3096 2640 3152 id
2663 3112 2723 3152 se
2757 3110 2926 3165 supra
2973 3107 3170 3148 omnes
3205 3090 3472 3146 efferendi
3515 3089 3673 3159 cupi—

2076 3189 2224 3245 ditas
2256 3195 2364 3245 est.
2395 3187 2516 3244 Jam
2551 3202 2684 3243 vero
2729 3185 2879 3258 quod
2936 3186 2993 3241 in
3041 3198 3373 3255 quacunque
3398 3197 3456 3236 re
3502 3181 3675 3253 legem

379 3279 527 3335 οὕτω
562 3281 755 3353 ποινὴν
814 3283 1035 3354 ὑπέχειν
1083 3283 1178 3338 τὸν
1215 3284 1574 3355 ἁλισκόμενον
1627 3285 1728 3354 ἐφ’
1767 3285 1971 3358 ὁτῳοῦν

2085 3295 2458 3354 transgressus
2475 3297 2599 3338 esse
2624 3279 3024 3350 deprehensus,
3059 3286 3170 3332 tam
3205 3292 3426 3346 gravem
3455 3290 3674 3345 prunam

383 3366 708 3442 παραϐάντα
729 3373 820 3427 τὸν
860 3374 1024 3445 νόμον
1069 3375 1237 3448 (φημὶ
1257 3377 1322 3448 δὴ
1382 3377 1481 3450 τὴν
1534 3377 1642 3431 τῶν
1675 3376 1720 3450 ρ’
1775 3379 1974 3451 λιτρῶν

2085 3373 2316 3428 sustinet
2344 3381 2588 3443 (centum
2622 3371 2890 3426 librarum
2916 3371 3041 3424 auri
3101 3369 3362 3422 mulctam
3414 3367 3676 3436 quodque

382 3463 593 3519 ικτισιν
624 3467 719 3520 καὶ
747 3466 1070 3540 προσθήκην
1092 3470 1186 3522 ἐπὶ
1249 3469 1426 3540 τούτῳ
1463 3469 1564 3540 τῆς
1587 3471 1832 3543 κεφαλῆς
1878 3473 1974 3544 τὴν

2085 3467 2206 3522 huic
2242 3467 2477 3532 accedit,
2519 3465 2758 3536 capitale
2809 3463 3142 3534 supplicium
3189 3461 3338 3529 dico)
3376 3467 3528 3514 utea
3587 3459 3674 3513 lex

382 3557 720 3630 ἀφαίρεσιν),
751 3560 836 3624 τίς
877 3560 1036 3629 λόγος
1089 3560 1153 3614 τὸ
1194 3562 1271 3633 μὴ
1313 3562 1437 3633 οὐχὶ
1492 3566 1791 3634 κορυφαῖον
1826 3559 1967 3619 εἶναι

385 3647 564 3718 βιαίου
602 3651 696 3706 τὸν
745 3652 910 3722 νόμον
963 3655 1400 3726 παραιτήσεταις
1439 3655 1512 3708 ἐῶ
1558 3655 1617 3709 δὲ
1656 3656 1756 3727 τὴν
1803 3655 1973 3727 ἄλλην

383 3743 636 3808 ἀτοπίαν,
666 3745 874 3816 ὁπόσην
905 3746 1000 3800 καὶ
1038 3746 1174 3799 καθ’
1225 3745 1386 3817 ίερῶν
1452 3747 1752 3818 κειμηλίων
1800 3749 1966 3802 ἐνδεί-

385 3848 579 3886 κνυται
613 3835 710 3888 καὶ
741 3834 916 3888 ἄλλων
941 3836 1101 3890 τινῶν
1135 3837 1168 3908 η
1206 3837 1439 3908 ἐργασία
1468 3837 1680 3909 ποινῆς.

475 3925 664 3996 Ἡμεῖς
687 3925 782 3984 οὖν
800 3929 1143 4001 γινώσκομεν
1166 3931 1265 4002 οὐχ
1283 3929 1471 3997 ἁπλῶς
1502 3932 1806 3987 κωλύεσθαι
1829 3932 1892 3986 τὸ
1916 3933 1980 3986 ὲκ

383 4021 588 4092 χρυόοὖ
610 4022 707 4077 καὶ
733 4023 896 4078 λίθων
917 4023 1078 4096 ἔργον
1096 4026 1288 4090 ποιεῖν,
1314 4025 1442 4080 ἀλλ’
1485 4027 1670 4080 ἐκεῖνα
1705 4028 1773 4080 τὰ
1806 4044 1980 4080 κατα-

386 4114 767 4186 σκευάσματα,
790 4115 826 4171 ἃ
839 4117 1022 4187 μόνοις
1042 4121 1252 4187 ἐφεῖται
1273 4118 1574 4190 βασιλεῦσι,
1592 4120 1685 4173 καὶ
1705 4112 1779 4174 ὧν
1801 4122 1835 4191 ἡ
1851 4121 1984 4191 χρῆ-

386 4209 473 4266 σις
485 4203 621 4275 πρὸς
635 4205 726 4259 τὸν
741 4206 904 4278 ὄγκον
924 4208 1024 4279 τῆς
1038 4208 1314 4279 βασιλείας
1332 4210 1423 4263 καὶ
1442 4209 1542 4280 τὴν
1557 4209 1762 4280 ταύτης
1786 4209 1975 4280 χρείαν

382 4295 506 4365 ὁρᾷ.
530 4295 593 4348 Ei
626 4295 682 4350 δέ
704 4297 842 4368 τιςῆ
873 4299 1155 4370 κειμήλιον
1189 4299 1335 4371 ἱερὸν
1369 4299 1402 4370 ἢ
1440 4299 1631 4371 ἕτερόν
1686 4318 1739 4354 τι
1787 4301 1887 4354 οὐκ
1917 4300 1976 4354 ὃν

2089 3576 2200 3615 ιιοη
2224 3575 2454 3614 summa:
2477 3557 2836 3612 immanitatis
2866 3572 2990 3612 esse
3024 3563 3270 3625 putetur,
3303 3568 3412 3623 qua
3455 3557 3674 3608 ratione

2080 3650 2450 3706 devitabitur?
2503 3651 2780 3718 Quantam
2814 3658 3000 3705 autem
3048 3647 3211 3702 aliam
3271 3646 3674 3700 absurditatem

2084 3743 2140 3798 in
2164 3744 2340 3799 sacris
2372 3743 2648 3798 thesauris
2679 3743 2912 3814 aliisque
2944 3741 3229 3798 nonnullis
3260 3741 3426 3796 rebus
3443 3738 3674 3794 effectus

2087 3851 2264 3905 paenae
2286 3834 2560 3906 designet,
2594 3851 2703 3890 non
2724 3838 2960 3907 attingo.

2163 3928 2278 3984 Nos
2320 3931 2506 3999 itaque
2534 3945 2646 3985 non
2670 3929 2999 4000 simpliciter
3029 3945 3171 4000 opus
3203 3927 3423 3998 aliquoo
3445 3943 3508 3982 ex
3537 3940 3673 3980 auro

2087 4033 2142 4078 et
2175 4023 2406 4094 gemmis
2436 4023 2657 4089 conﬁci,
2684 4024 2778 4078 sed
2813 4023 2902 4077 illa
2935 4012 3102 4092 opera
3133 4038 3256 4092 quae
3272 4021 3404 4076 solis
3430 4021 3669 4090 impera-

2091 4115 2304 4171 toribus
2335 4116 2752 4185 permittuntur,
2817 4129 3170 4184 quorumque
3216 4128 3350 4168 usus
3406 4111 3672 4182 magniti~

2085 4209 2280 4263 centiae
2339 4207 2706 4278 imperatoriae
2761 4207 3089 4277 majestatis,
3140 4207 3369 4277 ejusque
3427 4205 3671 4259 necessi-

2085 4299 2294 4355 tatibus
2371 4299 2683 4355 destinatus
2738 4299 2856 4365 est‘,
2922 4297 3266 4368 prohibenda
3334 4295 3665 4367 jodicamus.

385 4387 664 4461 ίδιωτικῆς
692 4390 851 4457 ἀξίας
884 4394 978 4449 καὶ
1022 4393 1188 4465 τιμῆς
1229 4392 1630 4465 ὑπερκείμενον
1685 4392 1731 4424 ⁸⁸
1760 4392 1974 4448 δύναιτο

2087 4391 2271 4457 Quare
2306 4391 2353 4446 si
2403 4391 2529 4462 quis
2554 4390 2636 4447 vel
2669 4399 3086 4446 monumentum
3121 4406 3367 4458 sacrum,
3404 4390 3487 4447 vel
3518 4387 3668 4445 aliud

1720 4572 1956 4632 VARUE
1993 4573 2398 4630 LECTIONES.

456 4711 674 4794 iﬁAgyl.
699 4715 1020 4794 n6tl_3‘t'l']§8-t._
1099 4716 1145 4747 ⁸³
1180 4715 1362 4794 ρΙιιΙίιη
1413 4718 1536 4794 τῶνΔ
1560 4718 1716 4794 Δοὕτω
1773 4717 2146 4794 καλουμένων.
2241 4719 2496 4794 6‘LCodd.
2526 4721 2688 4794 καθά.
2720 4719 2910 4790 Steph.
2935 4730 2989 4794 et
3026 4721 3496 4794 Agyl.}a9qp®;,
3528 4721 3667 4794 [leck

387 4781 661 4838 καθάπαν.
699 4783 807 4840 Sed
839 4781 973 4840 καθά
1006 4785 1292 4859 legendum
1323 4797 1408 4845 est
1442 4787 1690 4845 καθόλου.

1792 4789 1836 4820 ⁸⁸
1858 4788 1934 4843 lta
1967 4786 2236 4844 Zuich.ct
2272 4789 2499 4850 Meerm.
2529 4791 2767 4863 Scritng.
2815 4786 3023 4862 σαφῶς.

3119 4791 3164 4822 ⁸⁸
3192 4791 3373 4847 Codd.
3404 4792 3665 4863 ὑποκείμ.

1903 4957 2139 5016 ΝΟΤᾸΕ.

457 5109 584 5176 (l-3)
606 5107 1262 5186 Tiberiumposteriorem
1277 5114 1388 5172 Ced
1397 5131 1560 5172 renus
1578 5115 1769 5186 scribit
1786 5117 1980 5186 permi-

384 5181 526 5260 sisse
543 5195 814 5260 purpurze
831 5181 1202 5260 διδακτυλίους
1228 5187 1392 5260 ὄρνας
1419 5189 1476 5260 ἐν
1498 5181 1864 5260 ταῖςλστολάἶς
1881 5188 1975 5239 αὖ·

383 5251 496 5302 τῶν
518 5251 726 5327 κόσμρυ
752 5252 913 5327 χάριν
931 5257 1137 5324 φέρειν·
1157 5251 1319 5327 ὅρνας
1338 5257 1645 5327 όίχὶῑψιιιεὶ
1667 5270 1791 5311 oras
1809 5265 1863 5311 et
1879 5272 1973 5310 ore

385 5327 636 5402 naturas.
657 5321 903 5402 Isidorus
929 5321 1232 5402 segmenta,
1252 5327 1442 5402 utbic.
1472 5321 1588 5382 Liv.
1613 5342 1674 5391 ll,
1699 5328 1973 5402 sancitum

383 5391 711 5445 mulieribus
737 5399 794 5445 ut
828 5391 1017 5452 aureis
1073 5399 1373 5454 segmentis
1416 5406 1722 5453 uterentur.
1770 5396 1975 5452 Arator

385 5459 621 5538 loquens
643 5462 1022 5538 debpontiﬁeis
1073 5459 1262 5522 habitu
1293 5467 1346 5522 in
1378 5467 1566 5523 Exodo
1595 5484 1623 5520 a
1650 5465 1801 5521 Mose
1832 5483 1973 5538 prae-

380 5533 593 5605 scripto
638 5549 652 5585 :
697 5530 806 5605 Qui
854 5547 1210 5605 segmentatas
1256 5539 1444 5593 mediis
1491 5538 1753 5592 altaribus
1809 5530 1972 5592 astat.

383 5601 700 5675 segmenta.
727 5603 879 5675 limbi
903 5601 998 5662 seu
1036 5607 1260 5672 institaa,
1287 5611 1321 5664 Ι.
1349 5609 1440 5675 25,
1471 5627 1525 5665 v.
1560 5612 1610 5672 1,
1631 5608 1686 5662 ιτ.
1714 5605 1790 5662 De
1812 5623 1968 5675 auro,

380 5670 525 5726 adde
554 5673 747 5741 Cujac.
774 5672 862 5737 12,
895 5679 1110 5732 observ.
1166 5670 1257 5734 2i.

383 5741 535 5866 ω
559 5742 840 5814 lntelligit,
875 5757 932 5802 ut
956 5750 1177 5820 opinor,
1209 5749 1244 5805 l.
1281 5767 1406 5822 pen.
1431 5751 1496 5808 ϐ.
1537 5748 1613 5808 De
1644 5751 1836 5808 vestib.
1867 5750 1966 5806 Ιιο-

455 5881 596 5955 (5-6)
641 5887 716 5944 Ex
749 5902 882 5946 auro
917 5896 1000 5946 vel
1054 5892 1308 5963 pretiosis
1341 5893 1540 5965 lapillis
1585 5894 1793 5968 aliquid
1846 5895 1961 5951 ﬁcri

2087 5120 2444 5190 prohibetur:
2480 5121 2693 5177 videtur
2716 5121 2896 5190 itaque
2927 5134 3186 5174 revocare
3214 5120 3664 5178 constitutionem

2073 5189 2381 5256 Aureliani,
2434 5209 2540 5261 qua
2598 5189 2927 5262 pertuiséum
2977 5189 3176 5254 fuerat,
3209 5201 3268 5244 ut
3328 5194 3512 5246 aureis
3559 5195 3658 5310 qui

2074 5259 2275 5310 vellent
2304 5271 2358 5310 et
2391 5263 2596 5310 mensis
2632 5270 2917 5310 uterentur
2943 5268 2996 5310 et
3033 5261 3268 5310 noculis.
3296 5272 3521 5310 auctore
3603 5278 3658 5310 o-

2074 5259 2275 5314 vellent
2304 5271 2358 5316 et
2391 5259 2917 5316 mensis'uterentur
2943 5268 2996 5314 et
3033 5261 3268 5328 poculis,
3296 5272 3521 5316 auctore
3559 5259 3660 5317 Vo-

2073 5331 2251 5454 Kiseo.
2279 5333 2589 5403 Abrogatur
2621 5340 2803 5386 autem
2839 5333 2922 5385 lex
2972 5331 3158 5398 unica,
3183 5345 3328 5385 vers.
3355 5330 3500 5386 Nulli
3533 5333 3657 5388 cod.

2127 5402 2219 5454 ulli
2262 5403 2430 5454 licere
2464 5405 2515 5454 in
2545 5402 2737 5454 frenis.

2127 5402 2219 5454 ulli
2262 5403 2430 5456 licere
2464 5405 2515 5455 in
2545 5402 2737 5456 frenis.

2147 5471 2225 5542 (τ)
2282 5471 2471 5544 Lapilli
2525 5473 2772 5544 pretiosi,
2827 5473 3177 5544 margaritae,
3235 5473 3553 5542 smaragdi,
3607 5482 3665 5528 et

2077 5540 2406 5616 hyacinthi:
2444 5540 2568 5597 aliis
2608 5543 2755 5597 enim
2787 5540 3018 5616 gemmis
3044 5543 3220 5616 frena,
3245 5540 3530 5615 equestres
3556 5546 3664 5600 scl-

2081 5613 2163 5669 las
2198 5619 2251 5667 et
2274 5613 2482 5669 balteos
2510 5628 2710 5669 ornare
2747 5613 3077 5682 permissum
3102 5615 3157 5669 d.
3184 5617 3218 5670 Ι.
3248 5613 3341 5668 un.

2150 5683 2229 5751 (8)
2253 5684 2313 5737 Ι).
2349 5685 2383 5737 l.
2425 5700 2516 5739 un.
2557 5700 2702 5741 vers.
2749 5684 2892 5739 Nulli
2939 5699 3200 5755 praeterea
3224 5687 3561 5756 privatorum
3601 5687 3666 5742 li-

2076 5763 2198 5809 ceat
2223 5757 2469 5824 exceptis
2494 5756 2836 5814 ornamentis
2870 5757 3246 5824 matronalib.,
3279 5769 3385 5813 etc.
3421 5760 3480 5815 (ἑ.
3519 5756 3662 5815 Νυυὶ

2075 5824 2239 5881 licere
2263 5827 2315 5881 in
2339 5827 2528 5881 frenis.

2095 5840 2239 5882 ICCI'C
2263 5843 2315 5881 lll
2339 5840 2528 5884 trents.
