4048 6478
377 450 486 514 595

1647 441 1843 504 LEON
1855 443 1924 501 IS
1955 439 2084 500 PH!
2095 437 2422 502 LOSOPHI

3541 435 3650 501 5θὸ

381 559 645 622 inveniat,
678 560 880 628 optima
911 560 1121 614 ratione
1145 559 1445 614 constituta
1493 563 1640 621 sint;
1691 563 1816 632 quia
1867 572 1949 616 ta-

2056 552 2172 614 έτος
2201 553 2338 623 μετά
2372 551 2471 620 τήν
2492 552 2590 622 τῆς
2614 551 2790 622 ἀρχῆς
2817 515 3078 604 ἀπάθεσιν
3113 548 3401 620 παρελάσῃ
3423 566 3438 581 ο
3474 548 3650 604 ταῦτα.

381 668 506 706 men
553 652 660 706 alio
716 652 879 706 etiam
930 653 1092 707 modo
1120 653 1396 708 violentia:
1427 653 1569 708 viam
1616 656 1951 724 praecludere

382 743 541 798 facile
569 752 672 806 est,
701 743 858 799 nobis
889 760 998 798 non
1032 745 1288 799 videnlur
1314 761 1434 800 esse
1460 747 1786 815 necessaria.
1810 747 1954 813 Quo-

380 838 528 891 circa
550 835 715 890 etiam
742 835 1003 907 abrogata
1042 837 1131 892 illa
1167 852 1288 892 esse
1317 837 1568 892 volumus
1595 857 1607 892 :
1652 839 1806 910 idque
1838 839 1954 892 ideo

381 929 713 999 przesertim,
747 929 893 999 quod
929 944 997 984 ex
1026 943 1136 999 quo
1171 930 1608 1000 transgressione
1636 931 1852 985 illorum
1899 931 1954 985 in

380 1021 499 1076 dies
548 1022 717 1092 magis
765 1030 924 1092 atque
982 1021 1150 1092 magis
1207 1020 1473 1092 impunita
1528 1021 1736 1087 relicta,
1793 1038 1954 1092 pinna

383 1113 631 1167 exerceri
665 1112 850 1176 desiit,
883 1113 1047 1168 etiam
1079 1123 1208 1169 ante
1237 1125 1488 1170 nostrum
1524 1115 1804 1171 decretum
1829 1117 1956 1170 nul-

381 1206 487 1260 lam
517 1204 627 1260 vim
655 1205 970 1260 habuerint.
1006 1206 1076 1260 At
1105 1219 1213 1276 qua
1239 1207 1308 1261 de
1331 1222 1493 1262 causa
1522 1206 1612 1262 illa
1644 1211 1952 1264 necessaria

382 1315 493 1353 non
531 1297 874 1364 suntiQuod
910 1297 1108 1368 cuique
1155 1308 1264 1352 tam
1309 1301 1537 1368 pauperi
1583 1316 1747 1370 quam
1799 1300 1954 1356 diviti

383 1392 534 1462 (cum
573 1391 642 1446 iis
671 1390 762 1460 qui
793 1389 936 1460 apud
989 1391 1129 1444 hanc
1179 1390 1368 1445 urbem
1413 1391 1672 1457 habitant,
1712 1393 1956 1462 compel-

385 1487 498 1542 lare
536 1485 866 1556 principem,
920 1483 1084 1553 eique
1125 1483 1434 1554 supplicare
1483 1484 1957 1553 expeditissimum

386 1577 477 1645 sit)
509 1575 690 1635 liccat,
719 1575 763 1627 si
788 1587 950 1642 quant
977 1571 1086 1626 vim
1117 1571 1404 1635 sustineat,
1436 1587 1503 1626 ne
1533 1573 1758 1629 omnino
1787 1589 1816 1627 a
1840 1573 1957 1628 vio-

386 1668 535 1722 lento
572 1665 891 1735 magistratu
947 1662 1292 1730 conﬁciatur,
1334 1663 1596 1732 precibus
1630 1679 1660 1718 a
1706 1655 1960 1734 principe.

386 1759 680 1827 impetrare
706 1775 718 1809 :
747 1756 882 1810 adeo
904 1763 963 1808 ut
988 1754 1134 1808 nulla
1160 1755 1458 1811 necessitas
1487 1757 1580 1819 sit,
1610 1766 1667 1810 ut
1693 1757 1956 1826 quemad-

387 1847 686 1908 modumin
714 1847 1012 1918 provinciis
1032 1847 1180 1900 omni
1207 1847 1410 1902 auxilio
1441 1848 1652 1913 vacuis,
1686 1848 1760 1903 ita
1790 1849 1954 1903 etiam

2059 647 2106 697 εἰ
2138 648 2230 698 καὶ
2244 645 2370 698 ὅσον
2405 645 2540 716 πρὸς
2595 643 2882 715 ἀκρίϐειαν
2913 642 3008 696 τοῦ
3040 643 3116 713 μὴ
3147 642 3332 714 χώραν
3362 641 3644 713 εὑρίσκειν

2027 737 2155 808 -τὴν
2174 737 2294 808 βίαν
2325 736 2563 806 εὐλόγως
2612 735 2921 806 διώρισται,
2957 733 3216 788 amem
3248 734 3343 788 καὶ
3375 733 3646 804 δι’ὲτέρου

2057 829 2261 901 τρόπου
2284 832 2351 902 τῇ
2387 829 2481 900 βίᾳ
2506 829 2605 898 τὴν
2631 828 2864 899 πάροδον
2895 827 3132 895 εὔπορον
3159 825 3497 890 ἀποκλείειν,
3547 825 3648 879 οὐκ

2057 923 2333 990 ἀναγκαία
2363 923 2496 993 ήμῖν
2560 920 2977 990 καταφαίνεται.
3016 918 3323 988 Τοιγαροῦν
3381 919 3476 972 καλ⁸
3551 934 3652 970 πε-

2059 1015 2302 1070 παῦσθαι
2342 1013 2518 1068 ταῦτα
2569 1013 2896 1084 βουλόμεθα,
2953 1011 3192 1083 μάλιστά
3211 1027 3276 1080 γε
3327 1011 3409 1064 ὅτι
3456 1010 3515 1076 ἐξ
3571 1001 3650 1061 ὧν

2061 1107 2198 1178 μηδὲ
2228 1107 2366 1178 τιμὴ
2417 1105 2632 1177 ἔτυχεν,
2685 1106 2809 1159 ὅσαι
2867 1104 3074 1176 ἡμέραι
3134 1102 3494 1173 ἀνεκδικήτου
3549 1101 3652 1170 τῆς

2059 1199 2413 1268 παραιϐασίας
2436 1197 2618 1252 αὐτῶν
2647 1197 2972 1267 ἀφιεμένης,
2997 1196 3094 1250 καὶ
3143 1197 3251 1266 πρὸ
3310 1195 3404 1249 τοῦ
3439 1195 3650 1265 δόγμα-

2056 1312 2151 1359 τος
2178 1293 2338 1366 ήμῶν
2368 1293 2471 1347 οὐκ
2533 1291 2697 1363 ἔφερε
2727 1291 2828 1362 τὴν
2888 1290 3198 1362 ἐνέργειαν.
3239 1288 3366 1351 Πῶς
3397 1287 3490 1341 οὖν
3545 1287 3650 1340 οὐκ

2059 1389 2334 1455 ἀναγκαῖα
2364 1403 2379 1452 ;
2406 1386 2530 1440 Ὀτι
2561 1383 2747 1451 παντὶ,
2768 1385 2863 1438 καὶ
2892 1382 3136 1452 πλουσίῳ
3164 1383 3260 1434 καὶ
3290 1379 3505 1451 πένητι,
3534 1381 3650 1442 τοῖς

2058 1480 2202 1534 κατά
2229 1477 2390 1549 τήνδε
2428 1477 2529 1548 τήν
2559 1476 2714 1530 πόλιν
2747 1472 3279 1544 ἀναπεπετασμένης
3331 1471 3427 1541 τῆς
3491 1467 3650 1540 βασι-

2057 1571 2216 1640 λικῆς
2266 1567 2563 1634 ἐντεύξεως
2602 1569 2698 1624 καὶ
2752 1565 3108 1638 ὲπιδεήσεως,
3169 1563 3350 1629 ἔξεστι
3392 1561 3468 1630 τῷ
3492 1563 3544 1614 εἰ
3566 1577 3650 1624 τις

2059 1661 2234 1733 βίαιον
2257 1662 2303 1694 ⁷⁸
2339 1661 2626 1732 ὑπομένοι,
2681 1660 2771 1714 διὰ
2814 1657 2910 1712 τοῦ
2961 1655 3229 1728 βασιλέως
3288 1653 3654 1724 ἔπιδε-ηθῆνας

2060 1753 2137 1826 μὴ
2168 1754 2383 1818 πάντως
2409 1754 2515 1807 ὑπὸ
2541 1753 2733 1807 τούτου
2768 1749 3053 1822 βιάζεσθαι
3108 1748 3441 1820 βουλομένου
3473 1762 3650 1800 κατα·-

2061 1847 2424 1917 πεπονῆσθαι.
2457 1847 2622 1899 Ὥστε
2651 1845 2734 1908 τίς
2762 1845 3001 1914 ἀνάγκη,
3031 1841 3228 1912 ὥσπερ
3266 1841 3324 1894 ὲν
3359 1839 3516 1912 χώρα
3557 1839 3654 1892 πά-

387 1943 441 1997 in
475 1941 633 2006 urbe,
665 1940 761 1994 ubi
801 1937 1020 1993 abunde
1065 1937 1254 1993 auxilii
1287 1947 1394 2007 est,
1426 1939 1542 1995 hzcc
1591 1938 1728 1995 adeo
1769 1953 1952 1996 exacte

2063 1957 2160 2010 σης
2186 1940 2372 2012 ἐρήμῃ
2398 1939 2676 2009 βοηθείας,
2702 1940 2760 1990 ἐν
2797 1937 2975 2001 πόλει,
3006 1929 3067 1990 οὗ
3092 1936 3326 2007 ἄφθονος
3345 1937 3380 2007 ή
3403 1934 3649 2006 βοήθεια,

385 2027 757 2090 rcuuiranlur.

441 2055 462 2086 Et
488 2055 757 2088 uxrantur.

441 2055 736 2171 Slancimtts
763 2116 970 2186 itaque,
1004 2126 1062 2170 ut
1088 2116 1376 2172 secundum
1408 2127 1733 2188 praesentem
1767 2133 1956 2174 rerum

367 2216 635 2262 statutum
659 2217 775 2262 tum
795 2223 998 2272 emere,
1021 2217 1133 2263 tum
1165 2209 1439 2267 :edilicare
1465 2212 1826 2282 magistratus
1843 2212 1954 2283 (‘22)

367 2299 602 2370 possint,
632 2299 761 2352 etin
798 2298 1172 2369 suscipiendis
1225 2315 1348 2370 quae
1408 2311 1605 2372 sponte
1644 2300 1956 2357 oil‘eruntur

367 2390 695 2445 muneribus
736 2391 873 2460 (2'5),
911 2391 1306 2446 criminatione
1343 2404 1562 2456 vacent,
1588 2394 1794 2464 quippe
1832 2391 1948 2465 (ει)

366 2499 518 2548 cum,
562 2484 654 2553 qui
681 2484 792 2536 vim
825 2483 1158 2547 sustineant,
1195 2484 1648 2556 quandocunque
1703 2487 1814 2541 tale
1844 2486 1950 2539 ali-

366 2576 498 2646 quid
537 2575 767 2641 incidat,
799 2575 888 2630 his
944 2576 1315 2646 supplicando
1341 2577 1577 2648 principi
1629 2577 1776 2631 illam
1818 2577 1958 2632 cliu-

364 2681 497 2738 gerc
528 2666 802 2737 integrum
831 2666 926 2722 sit.
953 2667 1044 2723 ‘De
1096 2669 1518 2738 provinciarum
1562 2676 1748 2724 autem
1781 2671 1958 2742 magi-

369 2759 636 2813 stratibus
663 2759 800 2814 illud
833 2760 1065 2830 insuper
1085 2768 1336 2816 statuere
1370 2760 1550 2815 visu-in
1593 2769 1699 2826 est,
1723 2770 1782 2815 ut
1813 2776 1950 2830 pra:-

368 2854 546 2909 fectus
579 2855 937 2924 magistratus
1002 2853 1088 2908 sui
1150 2862 1396 2924 tempore
1440 2870 1616 2923 neque
1651 2853 1954 2923 quidquam

365 2953 534 3012 emat,
572 2960 751 3016 neque
783 2944 838 2998 in
871 2959 1033 3000 suum
1087 2960 1247 2999 usum
1285 2954 1552 3006 exstruat.
1591 2961 1769 3016 neque
1799 2945 1957 3000 deni-

365 3053 474 3108 que
505 3041 646 3092 dona
684 3037 857 3093 libere
896 3036 1172 3091 admittat.
1202 3036 1306 3090 Alii
1335 3053 1463 3090 vero
1511 3037 1754 3094 minores
1786 3037 1956 3107 magi-

366 3137 600 3193 stratus,
661 3131 834 3185 relata
901 3129 968 3183 ad
1020 3128 1341 3198 praefectum
1386 3145 1465 3195 re,
1514 3130 1688 3195 ipsius
1743 3129 1955 3198 judicio

365 3232 463 3278 aut
493 3231 898 3288 removeantur,
937 3229 1032 3276 aut
1075 3220 1611 3277 administrationem
1661 3223 1937 3292 expleant.

776 3406 1250 3466 CONSTITUTlO
1282 3407 1547 3464 LXXXV.

477 3499 544 3554 Ut
573 3511 753 3570 patres
793 3501 906 3569 (25)
935 3502 1026 3571 qui
1052 3504 1266 3563 nuptias
1297 3521 1398 3557 non
1431 3505 1654 3566 iterant,
1684 3503 1845 3557 unius

687 3573 979 3626 liberorum
1028 3574 1328 3642 portionem
1393 3575 1630 3642 cupiant.

444 3664 585 3716 Idem
624 3663 922 3733 imperator
953 3665 1130 3718 eidem
1173 3664 1440 3736 Styliano.

437 3757 712 3824 Quoniam
748 3759 968 3813 maritis
1000 3775 1126 3812 cum
1184 3759 1372 3812 liberis
1403 3759 1471 3813 ab
1522 3758 1790 3813 uxoribus
1824 3758 1951 3812 reli-

365 3849 494 3916 ctis,
537 3849 668 3920 quid
699 3849 766 3905 de
790 3849 1091 3906 donatione
1129 3861 1356 3922 propter
1391 3851 1615 3922 nuptias
1660 3851 1826 3907 statui
1857 3849 1954 3904 de-

366 3945 512 4009 beat,
547 3960 654 4000 non
707 3945 1189 4017 prarscripsimus:
1253 3945 1406 4000 illam
1460 3953 1644 4001 autem
1707 3945 1952 4001 donante

363 4037 768 4094 consuetudine
792 4040 1208 4110 prmmorientes
1260 4057 1464 4096 uxores
1514 4041 1759 4112 capiunt,
1817 4041 1949 4096 nihil

365 4127 420 4180 in
462 4128 564 4184 hoc
603 4145 707 4185 nos
737 4132 1196 4187 consuetudinem
1253 4131 1625 4188 innovandam
1672 4142 1946 4203 putantes,

365 4221 685 4287 statuimus,
727 4233 788 4278 ut
843 4225 1288 4293 quemadmodum
1344 4226 1612 4282 hactenus
1663 4243 1950 4298 compara-

368 4322 482 4365 tum
538 4313 748 4383 legibus
784 4314 908 4382 fuit,
941 4318 1270 4374 mulieribus
1313 4319 1540 4375 donatio
1589 4329 1813 4391 propter
1842 4339 1948 4377 nu-

365 4402 507 4473 ptias
530 4403 723 4459 detur:
757 4406 896 4462 viris
933 4416 1142 4474 autem,
1176 4411 1221 4464 si
1276 4410 1474 4466 iterum
1529 4411 1948 4468 matrimonium

364 4495 721 4560 contrahant,
758 4496 897 4551 nihil
923 4499 1172 4570 accipere
1198 4500 1402 4567 liccat;
1451 4519 1536 4559 sm
1569 4505 1724 4575 prius
1754 4504 1950 4558 matri-

2057 2032 2330 2102 τοσαύτην
2371 2031 2762 2103 ἀκριϐολογίαν
2800 2030 3073 2083 ποιεῖσθαι
3105 2045 3121 2093 ;

2129 2125 2476 2196 Θεσπίξομεν
2506 2124 2552 2157 ⁷⁸
2580 2123 2694 2190 οὖν,
2729 2123 2870 2177 κατὰ
2903 2120 3002 2191 τὴν
3062 2120 3157 2173 νῦν
3193 2123 3502 2190 κρατοῦσαν
3541 2116 3648 2169 τῶν

2061 2218 2406 2292 πραγμάτων
2436 2216 2772 2270 κατάστασιν
2803 2213 2899 2268 καὶ
2947 2213 3244 2283 ἀγοράζειν
3274 2212 3320 2243 ⁸⁵
3379 2210 3473 2264 καὶ
3533 2208 3650 2263 κτί-

2059 2313 2176 2379 ζειν
2209 2313 2340 2376 τοὺς
2387 2312 2679 2382 ἄρχοντας,
2719 2308 2817 2363 καὶ
2870 2307 2964 2360 ἐπὶ
3008 2309 3130 2369 ταῖς
3176 2308 3240 2358 ὲκ
3277 2303 3652 2376 προαιρέσεως

2058 2404 2374 2471 δεξιώσεσιν
2401 2402 2772 2471 ἀνεγκλήτους
2813 2394 2976 2463 εἶναι,
3028 2399 3103 2462 ὡς
3162 2399 3260 2450 οὐκ
3299 2396 3656 2467 ἀπορούντων

2059 2498 2167 2552 τῶν
2209 2495 2598 2566 ὑφισταμένων
2630 2495 2691 2547 τὸ
2726 2493 2919 2562 βίαιον,
2957 2492 3122 2545 ὁπότε
3164 2509 3222 2545 τι
3262 2489 3512 2561 συμδαίη
3543 2505 3656 2541 τοι·

2059 2589 2240 2655 οῦτον,
2271 2591 2349 2653 εἰς
2379 2587 2668 2656 ἀποφυγὴν
2713 2585 2800 2638 διὰ
2830 2585 2928 2655 τῆς
2960 2583 3099 2654 πρὸς
3159 2582 3384 2652 βασιλέα
3429 2581 3657 2650 ἐπιϐοή-

2063 2698 2200 2744 σεως
2254 2680 2323 2733 ⁸⁸.
2375 2677 2514 2748 Περὶ
2581 2676 2638 2728 δὲ
2719 2674 2828 2727 τῶν
2888 2672 3010 2727 κατ’
3039 2670 3310 2743 ἐπαρχίας
3377 2669 3657 2739 ἀρχόντων

2059 2775 2236 2827 έκεῖνο
2260 2771 2656 2844 προσδιορίζειν
2685 2768 3032 2838 ἐγνώκαμεν,
3070 2765 3129 2818 τὸ
3187 2764 3278 2817 τὸν
3337 2762 3653 2834 στρατηγὸν

2063 2865 2198 2935 μήτε
2228 2862 2541 2936 ἀγοράζειν,
2605 2862 2741 2930 μήτε
2772 2876 2824 2912 τι
2868 2858 2979 2910 τῶν
3040 2858 3121 2919 είς
3162 2855 3301 2909 ἰδίαν
3350 2853 3654 2907 ἀπόλαυσιν

2059 2959 2118 3011 ὲν
2145 2955 2223 3028 τῷ
2278 2953 2456 3026 καιρῷ
2506 2953 2605 3024 τῆς
2640 2950 3000 3023 στρατηγίδος
3055 2949 3362 3018 οἰκοδομεῖν
3385 2947 3431 2978 ⁸²
3461 2947 3649 3016 τιμῆς,

2063 3054 2196 3122 μήτε
2217 3051 2352 3120 πρὸς
2381 3048 2590 3121 δωρεᾶς
2635 3046 2911 3101 οἱκείωσιν
2944 3043 3242 3106 ἀκωλύτως
3303 3041 3447 3114 ἔχειν
3470 3058 3483 3070 ·
3514 3040 3647 3102 τοὺς

2057 3145 2104 3198 δ’
2128 3144 2318 3207 ἀλλους
2349 3141 2764 3212 ὑποϐεϐηκὸτας
2799 3140 3085 3213 ἄρχοντας,
3125 3135 3540 3208 ἀναφερομένου
3569 3131 3648 3202 τῷ

1979 3265 2023 3326 C
2059 3236 2454 3307 στρατηγοῦντι
2509 3233 2604 3287 τοῦ
2651 3235 2973 3305 πράγματος
3027 3233 3125 3285 σὺν
3174 3235 3241 3301 τῇ
3263 3231 3472 3283 ἐκείνου
3533 3227 3651 3280 δια-

2058 3328 2311 3399 γνώσειῆ
2346 3326 2767 3397 ἀπείργεσθαιῆ
2814 3325 3100 3395 περαίνειν
3144 3323 3244 3394 τὴν
3277 3321 3569 3392 διοίκησιν.

2553 3417 2868 3470 ΔΙΑΤΑΞΙΣ
2905 3415 3010 3469 HE’
3028 3417 3095 3471 ⁸³.

2059 3507 2199 3576 Περὶ
2223 3505 2329 3561 τοῦ
2353 3504 2496 3571 τοὺς
2512 3504 2597 3575 μὴ
2625 3505 3085 3587 διγαμήσιξντας
3126 3504 3389 3573 πατέρας
3418 3501 3651 3574 λαμϐά-

2674 3592 2807 3630 νειν
2823 3593 3063 3645 parpar.

2139 3669 2197 3723 Ὀ
2227 3667 2388 3732 αὐτὸς
2416 3667 2668 3738 βασιλεὺς
2685 3667 2962 3738 Στυλιανῷ
2986 3667 3063 3739 τῷ
3084 3667 3256 3740 αὐτῷ.

2139 3760 2294 3815 Ἐπεί⁹
2326 3759 2577 3831 περὶτῶν
2599 3759 2695 3812 ἐπὶ
2727 3761 2916 3814 παισὶν
2939 3760 3116 3814 ὀπίσω
3165 3757 3652 3831 καταλειπομένων

2053 3855 2162 3908 τῶν
2189 3852 2476 3924 ὁμοζύγων
2500 3852 2654 3906 οὐδὲν
2679 3853 3156 3924 ὲπεσημηνάμεθα
3191 3851 3449 3921 πατέρων
3505 3849 3638 3920 περὶ

2053 3949 2148 4002 τοῦ
2182 3946 2471 4014 ύποϐόλου,
2495 3943 2656 4000 τοῦτο
2701 3945 2759 4000 δὲ
2787 3948 2882 4000 καὶ
2927 3945 3292 4018 προλιποῦσαι
3325 3946 3373 3977 ⁸⁸
3404 3945 3497 3998 τὸν
3531 3942 3647 4014 βίον

2054 4041 2108 4094 αἱ
2132 4040 2372 4110 γαμεταὶ
2411 4037 2755 4108 λαμϐἑινουσι
2789 4039 3146 4109 δωρουμένης
3181 4038 3280 4109 τῆς
3313 4035 3629 4106 συνηθείας,

2054 4130 2209 4184 οὐδέν
2242 4147 2296 4184 τι
2356 4128 2498 4184 κατά
2553 4130 2714 4184 τοῦτο
2756 4131 3102 4200 καινοτομεῖν
3143 4131 3308 4201 ἡμεῖς
3352 4129 3452 4198 τήν
3516 4142 3649 4180 συν·

2055 4227 2246 4300 ήθειαν
2310 4228 2646 4298 διαγνόντες,
2704 4228 2978 4298 ὁρίζομεν,
3031 4226 3287 4298 καθάπερ
3338 4227 3431 4280 καὶ
3484 4227 3648 4298 μέχρι

2051 4321 2208 4376 τοῦδε
2250 4321 2592 4392 νενόμισται,
2615 4320 2856 4374 δίδοσθαι
2886 4315 3250 4387 ταῖςγυναιξὶ
3277 4324 3337 4371 τὸ
3358 4318 3645 4383 ὑπόϐολον,

2050 4416 2164 4478 τοῖς
2197 4413 2254 4467 δὲ
2274 4413 2501 4485 ἀνδράσι
2535 4412 2672 4484 πρὸς
2702 4413 2802 4482 μὲν
2823 4412 3089 4482 δευτέραν
3144 4409 3364 4464 ἐλθοῦσι
3400 4411 3646 4483 γαμικὴν

2055 4505 2314 4576 συζυγίαν
2341 4505 2506 4577 μηδὲν
2538 4505 2739 4569 ἐξεῖναι
2781 4505 3106 4575 λαμϐάνειν,
3153 4504 3358 4575 τιμῶσι
3431 4503 3488 4557 δὲ
3545 4503 3646 4574 τὴν

363 4585 613 4641 monium
644 4595 1000 4656 venerentur,
1027 4590 1081 4644 in
1118 4595 1620 4651 remunerationem
1652 4595 1820 4667 hujus
1847 4595 1949 4651 ho-

2056 4599 2278 4670 πρώτην
2323 4601 2621 4667 συνάφειαν
2663 4597 2838 4668 δῶρον
2862 4597 2961 4666 τῆς
3004 4596 3263 4667 τοιαύτης
3299 4597 3466 4665 τιμῆς
3531 4596 3641 4665 ἀφ-

363 4677 607 4733 ιιοτίῐὶοεο
642 4680 962 4749 voluntatis,
996 4683 1135 4754 ipsis
1177 4685 1343 4741 unius
1401 4687 1704 4743 liberorum
1760 4691 1946 4759 portio

365 4779 727 4844 secernatur;
761 4777 924 4843 idque
955 4777 1058 4833 hac
1089 4777 1323 4860 ratione,
1366 4789 1424 4836 ut
1466 4783 1516 4837 si
1551 4783 1642 4838 illa
1688 4782 1947 4838 donatio-

2053 4691 2339 4763 ορίζεσθαι
2408 4695 2620 4754 τούτοις
2682 4693 2876 4761 μοῖραν
2907 4689 3118 4754 παιδός.
3181 4688 3399 4759 Ταύτην
3451 4687 3509 4740 δὲ
3543 4687 3643 4757 τὴν

2061 4784 2256 4852 μοῖραν
2293 4781 2611 4853 ἐκλογισμῴ
2653 4780 3078 4848 ὑποϐάλλεσθαι,
3115 4779 3222 4835 κᾶν
3263 4780 3364 4851 μὲν
3397 4777 3642 4850 φαίνοιτο

1659 4875 1747 4930 VA
1757 4875 1897 4930 [H.411
1934 4873 2346 4931 LECTIONES.

391 4953 719 5043 ίῩΡ¹¹ε
774 4982 827 5018 τι
881 4968 1199 5043 addendum
1258 4981 1470 5028 censet.

368 5021 570 5113 E‘t‘qph;
585 5021 898 5113 ujecerat
933 5021 1285 5113 ιέὶδίεήὲέὲυςῖ

366 5093 636 5161 προλιποῦ
647 5093 720 5153 σι’.

1573 4970 1620 5003 ⁷³
1655 4970 1770 5042 Ecl.
1819 4971 2057 5042 incipit,

1360 5043 1407 5075 ⁸⁸
1436 5044 1514 5097 lla
1535 5050 1686 5098 recte
1707 5041 1868 5099 Beck.
1898 5041 2073 5098 Codd.
2103 5052 2158 5098 et
2190 5042 2304 5098 Ecl.
2337 5043 2662 5112 οἰκονομεῖν.

2160 4972 2205 5004 ⁸⁰
2227 4971 2460 5040 Scrimg.
2505 4968 2781 5041 ἐργάζειν.
2888 4969 2931 5000 ⁸¹
2969 4966 3206 5036 Scrimg.
3274 4967 3641 5030 ἐπιϐιώσεως.

2190 5042 2304 5098 Ecl.
2337 5043 2662 5109 οἰκονομεῖν.
2770 5040 2817 5072 ⁸³
2844 5040 2962 5095 Ecl.
2998 5039 3136 5096 Nov.
3171 5039 3262 5094 42.
3370 5039 3416 5078 ⁸⁸
3447 5038 3639 5109 Steph.

1903 5179 2138 5238 NOTAE.

369 5327 382 5339 ο
435 5258 548 5342 (ΞΞ)
587 5258 806 5343 _1_Irh_a_ni
839 5263 983 5329 scit,
1033 5269 1354 5343 ut_indicat
1405 5281 1604 5343 praeter
1629 5275 1938 5342 sequentia,

367 5332 678 5409 inscriptio.
702 5332 844 5409 Idem
885 5344 1066 5409 tamen
1093 5340 1159 5392 de
1201 5332 1634 5409 provincialibus
1676 5332 1946 5402 constitit,-

365 5409 477 5488 tuin
509 5404 678 5488 refenrt
711 5418 739 5457 a
775 5402 961 5488 [leone
985 5402 1424 5488 IlarmenOpulus
1463 5417 1518 5477 5,
1562 5417 1650 5469 tit.
1705 5418 1761 5488 5,
1808 5433 1930 5488 cap.

363 5470 450 5557 ᾖ,
493 5473 571 5557 in
611 5471 727 5557 tiu,
763 5475 853 5528 ubi
916 5487 969 5557 et
1004 5481 1204 5557 solum
1232 5470 1451 5557 excipit
1489 5470 1795 5556 στρατηγόν
1821 5470 1939 5557 qui

361 5538 738 5628 bierCet‘o‘dn‘x
769 5547 1080 5628 exercitus:
1111 5538 1372 5628 lteidano'
1412 5538 1802 5628 llartneuo'puli
1851 5538 1940 5614 illi:

361 5616 589 5672 terpreti
621 5616 878 5670 tribunus
918 5619 1150 5673 militum
1175 5621 1399 5676 dicitur.

433 5680 546 5765 (ξξρ
579 5685 786 5765 Adde}.
813 5686 864 5751 6,
890 5686 988 5758 §5.
1015 5690 1068 5745 α.
1097 5690 1329 5750 Deoilic.
1362 5697 1680 5763 proconsul.
1703 5700 1738 5754 l.
1769 5701 1855 5765 18,
1883 5699 1940 5754 ﬂ'.

362 5742 556 5822 Deloll‘.
591 5755 810 5822 praesid.

375 5818 551 5905 qui?“
583 5822 1153 5905 scritngzitanliabet,
1189 5833 1264 5905 ὡς
1293 5835 1392 5887 οὐκ
1426 5838 1776 5905 ἀπορούντων
1827 5840 1938 5893 τῶν

367 5889 872 5959 ὑφισταμένωίτὺν
907 5898 1097 5968 βίαιον,
1133 5889 1292 5955 ὁπότε
1327 5889 1932 5977 τισυμϋίαξητξιοῦτον,

2045 5279 2125 5341 εἰς
2177 5277 2468 5348 ἀποφυγὴν
2520 5277 2610 5332 διὰ
2651 5278 2753 5348 τῆς
2793 5276 2933 5348 πρὸς
2988 5276 3217 5349 βασιλέα
3267 5273 3638 5349 ὲπιδοήσεως,

2045 5349 2236 5418 Cujac.
2291 5344 2553 5412 vero”,
2612 5344 2736 5405 obs.
2793 5344 2885 5411 52,
2943 5344 3074 5411 τοὺς
3119 5344 3641 5418 ὑφισταμένους-τὸ

2047 5413 2230 5503 βίαιον
2251 5419 2353 5473 οὐκ
2376 5421 2607 5490 ἀπορεῖν
2635 5420 2935 5490 ἀποφυγὴν
2959 5419 3045 5503 διά
3086 5413 3185 5486 τῆς
3221 5413 3637 5503 ..βασιλέά

2045 5485 2407 5560 ὲπιδοήσεως,
2454 5485 2522 5544 eo
2579 5485 2774 5555 sensu,
2819 5485 2928 5544 non
2988 5485 3182 5544 deesse
3214 5485 3500 5560 auitilium
3553 5485 3640 5538 his

2046 5556 2250 5628 quibus
2279 5561 2364 5617 vis
2403 5561 2665 5627 infertur,
2699 5576 2826 5616 cum
2880 5561 3096 5632 possint
3146 5557 3450 5629 principem
3479 5556 3638 5609 invo-

2056 5646 2205 5685 care.

2131 5700 2245 5770 (25)
2269 5700 2554 5757 Secundas
2579 5703 2804 5772 nuptias
2831 5716 2939 5756 non
2967 5701 3304 5772 contrahens
3337 5704 3494 5772 pater
3513 5708 3637 5764 por-

2053 5766 2255 5825 tionem
2283 5773 2449 5828 unius
2481 5766 2779 5828 liberorum
2805 5774 2976 5840 capit,
2999 5779 3056 5825 ut
3091 5769 3214 5833 hic;
3245 5766 3388 5825 idem
3417 5767 3488 5823 de
3519 5780 3636 5818 ma»

2049 5851 2132 5898 tre
2168 5843 2531 5900 constitutum
2558 5843 2679 5904 fuit.
2710 5844 2846 5901 Nov.
2871 5843 2963 5910 9.2,
2987 5858 3034 5898 s.
3079 5841 3204 5897 cod.
