  <div class='ocr_page' id='page_1' title='image "/cluster/home/n/w/nwhite01/storage/ocr_20150623/107/coo.31924054870112/344.png"; bbox 0 0 4048 6434; ppageno 0'>
   <div class='ocr_carea' id='block_1_1' title="bbox 432 384 535 450">
    <p class='ocr_par' dir='ltr' id='par_1_1' title="bbox 432 384 535 450">
     <span class='ocr_line' id='line_1_1' title="bbox 432 384 535 450; baseline 0 0"><span class='ocrx_word' id='word_1_1' title='bbox 432 384 535 450; x_wconf 80' lang='lat'><strong>597</strong></span> 
     </span>
    </p>
   </div>
   <div class='ocr_carea' id='block_1_2' title="bbox 1530 384 2604 451">
    <p class='ocr_par' dir='ltr' id='par_1_2' title="bbox 1530 384 2604 451">
     <span class='ocr_line' id='line_1_2' title="bbox 1530 384 2604 451; baseline 0.004 -5"><span class='ocrx_word' id='word_1_2' title='bbox 1530 384 1895 447; x_wconf 57' lang='lat' dir='ltr'><strong>NOVELLKE</strong></span> <span class='ocrx_word' id='word_1_3' title='bbox 1924 384 2604 451; x_wconf 67' lang='lat' dir='ltr'><strong>CONSTITUTIONES.</strong></span> 
     </span>
    </p>
   </div>
   <div class='ocr_carea' id='block_1_3' title="bbox 3603 382 3709 449">
    <p class='ocr_par' dir='ltr' id='par_1_3' title="bbox 3603 382 3709 449">
     <span class='ocr_line' id='line_1_3' title="bbox 3603 382 3709 449; baseline -0.028 0"><span class='ocrx_word' id='word_1_4' title='bbox 3603 382 3709 449; x_wconf 78' lang='lat'><strong>593</strong></span> 
     </span>
    </p>
   </div>
   <div class='ocr_carea' id='block_1_4' title="bbox 433 490 2030 568">
    <p class='ocr_par' dir='ltr' id='par_1_4' title="bbox 433 490 2009 562">
     <span class='ocr_line' id='line_1_4' title="bbox 433 490 2009 562; baseline -0.004 -12"><span class='ocrx_word' id='word_1_5' title='bbox 433 496 521 550; x_wconf 63' lang='grc' dir='ltr'><strong>ἕπτ’</strong></span> <span class='ocrx_word' id='word_1_6' title='bbox 553 494 666 547; x_wconf 83' lang='grc' dir='ltr'>ίσον</span> <span class='ocrx_word' id='word_1_7' title='bbox 714 491 989 562; x_wconf 71' lang='grc' dir='ltr'>φθάνουσα</span> <span class='ocrx_word' id='word_1_8' title='bbox 1070 491 1146 562; x_wconf 81' lang='grc' dir='ltr'><strong>τῷ</strong></span> <span class='ocrx_word' id='word_1_9' title='bbox 1221 490 1471 560; x_wconf 76' lang='grc' dir='ltr'>ὑποῦόλῳ</span> <span class='ocrx_word' id='word_1_10' title='bbox 1523 492 1557 562; x_wconf 81' lang='grc' dir='ltr'>ἢ</span> <span class='ocrx_word' id='word_1_11' title='bbox 1624 492 2009 562; x_wconf 83' lang='grc' dir='ltr'>ὑπερεκτεινο-</span> 
     </span>
    </p>
   </div>
   <div class='ocr_carea' id='block_1_5' title="bbox 2135 490 3706 568">
    <p class='ocr_par' dir='ltr' id='par_1_5' title="bbox 2135 494 3706 568">
     <span class='ocr_line' id='line_1_5' title="bbox 2135 494 3706 568; baseline 0.003 -24"><span class='ocrx_word' id='word_1_12' title='bbox 2135 509 2237 546; x_wconf 83' lang='lat' dir='ltr'><strong>tem</strong></span> <span class='ocrx_word' id='word_1_13' title='bbox 2262 504 2482 566; x_wconf 87' lang='lat' dir='ltr'><strong>propter</strong></span> <span class='ocrx_word' id='word_1_14' title='bbox 2506 497 2723 566; x_wconf 76' lang='lat' dir='ltr'><strong>nuptias</strong></span> <span class='ocrx_word' id='word_1_15' title='bbox 2750 498 2832 551; x_wconf 87' lang='lat' dir='ltr'><strong>vel</strong></span> <span class='ocrx_word' id='word_1_16' title='bbox 2887 504 3067 568; x_wconf 81' lang='lat' dir='ltr'><strong>:cquet</strong></span> <span class='ocrx_word' id='word_1_17' title='bbox 3097 494 3212 567; x_wconf 76' lang='lat'><strong>(‘26)</strong></span> <span class='ocrx_word' id='word_1_18' title='bbox 3248 495 3328 550; x_wconf 94' lang='lat' dir='ltr'><strong>vel</strong></span> <span class='ocrx_word' id='word_1_19' title='bbox 3391 509 3706 563; x_wconf 75' lang='lat' dir='ltr'><strong>exsuperet,</strong></span> 
     </span>
    </p>
   </div>
   <div class='ocr_carea' id='block_1_6' title="bbox 438 584 2008 658">
    <p class='ocr_par' dir='ltr' id='par_1_6' title="bbox 438 584 2008 658">
     <span class='ocr_line' id='line_1_6' title="bbox 438 584 2008 658; baseline -0.004 -17"><span class='ocrx_word' id='word_1_20' title='bbox 438 589 596 658; x_wconf 78' lang='grc' dir='ltr'>μένη,</span> <span class='ocrx_word' id='word_1_21' title='bbox 628 584 975 655; x_wconf 68' lang='grc' dir='ltr'>ἐξαρκείσθαι</span> <span class='ocrx_word' id='word_1_22' title='bbox 1030 584 1126 636; x_wconf 75' lang='grc' dir='ltr'>ἑ.πὶ</span> <span class='ocrx_word' id='word_1_23' title='bbox 1155 585 1326 655; x_wconf 80' lang='grc' dir='ltr'>ταύτῃ</span> <span class='ocrx_word' id='word_1_24' title='bbox 1364 584 1457 637; x_wconf 75' lang='grc' dir='ltr'>τὸν</span> <span class='ocrx_word' id='word_1_25' title='bbox 1493 584 1866 653; x_wconf 75' lang='grc' dir='ltr'>λαμϐάνοντα,</span> <span class='ocrx_word' id='word_1_26' title='bbox 1917 584 2008 636; x_wconf 66' lang='grc' dir='ltr'><strong>διὰ</strong></span> 
     </span>
    </p>
   </div>
   <div class='ocr_carea' id='block_1_7' title="bbox 434 677 2012 749">
    <p class='ocr_par' dir='ltr' id='par_1_7' title="bbox 434 677 2012 749">
     <span class='ocr_line' id='line_1_7' title="bbox 434 677 2012 749; baseline -0.005 -13"><span class='ocrx_word' id='word_1_27' title='bbox 434 682 495 736; x_wconf 82' lang='grc' dir='ltr'><strong>τδ</strong></span> <span class='ocrx_word' id='word_1_28' title='bbox 527 680 745 744; x_wconf 85' lang='grc' dir='ltr'>πάντως</span> <span class='ocrx_word' id='word_1_29' title='bbox 798 680 832 749; x_wconf 84' lang='grc' dir='ltr'>ἢ</span> <span class='ocrx_word' id='word_1_30' title='bbox 886 677 1251 749; x_wconf 85' lang='grc' dir='ltr'>κερδαίνεινῆ</span> <span class='ocrx_word' id='word_1_31' title='bbox 1298 678 1575 748; x_wconf 86' lang='grc' dir='ltr'>μηδεμίαν</span> <span class='ocrx_word' id='word_1_32' title='bbox 1648 677 1855 748; x_wconf 75' lang='grc' dir='ltr'>ζημίαν</span> <span class='ocrx_word' id='word_1_33' title='bbox 1908 678 2012 746; x_wconf 66' lang='grc' dir='ltr'><strong>ὑφ-</strong></span> 
     </span>
    </p>
   </div>
   <div class='ocr_carea' id='block_1_8' title="bbox 441 770 2015 841">
    <p class='ocr_par' dir='ltr' id='par_1_8' title="bbox 441 770 2015 841">
     <span class='ocr_line' id='line_1_8' title="bbox 441 770 2015 841; baseline -0.004 -11"><span class='ocrx_word' id='word_1_34' title='bbox 441 773 724 830; x_wconf 78' lang='grc' dir='ltr'>ίστασθαιο</span> <span class='ocrx_word' id='word_1_35' title='bbox 754 774 802 825; x_wconf 89' lang='grc' dir='ltr'><strong>εί</strong></span> <span class='ocrx_word' id='word_1_36' title='bbox 840 772 885 825; x_wconf 80' lang='grc' dir='ltr'>δ’</span> <span class='ocrx_word' id='word_1_37' title='bbox 915 772 1017 825; x_wconf 84' lang='grc' dir='ltr'><strong>οὐκ</strong></span> <span class='ocrx_word' id='word_1_38' title='bbox 1067 770 1359 835; x_wconf 75' lang='grc' dir='ltr'><strong>ἐξικνεῖται</strong></span> <span class='ocrx_word' id='word_1_39' title='bbox 1390 772 1422 840; x_wconf 81' lang='grc' dir='ltr'>ἡ</span> <span class='ocrx_word' id='word_1_40' title='bbox 1452 773 1647 841; x_wconf 85' lang='grc' dir='ltr'>μοῖρα.</span> <span class='ocrx_word' id='word_1_41' title='bbox 1702 770 1817 823; x_wconf 75' lang='grc' dir='ltr'>ἀλλ’</span> <span class='ocrx_word' id='word_1_42' title='bbox 1873 771 2015 824; x_wconf 86' lang='grc' dir='ltr'>ὲνδεῖ</span> 
     </span>
    </p>
   </div>
   <div class='ocr_carea' id='block_1_9' title="bbox 436 858 2015 932">
    <p class='ocr_par' dir='ltr' id='par_1_9' title="bbox 436 858 2015 932">
     <span class='ocr_line' id='line_1_9' title="bbox 436 858 2015 932; baseline -0.004 -13"><span class='ocrx_word' id='word_1_43' title='bbox 436 866 528 920; x_wconf 80' lang='grc' dir='ltr'>τοῦ</span> <span class='ocrx_word' id='word_1_44' title='bbox 551 863 838 926; x_wconf 73' lang='grc' dir='ltr'>ὁποὸόλου,</span> <span class='ocrx_word' id='word_1_45' title='bbox 906 862 1113 932; x_wconf 89' lang='grc' dir='ltr'>μήτετι</span> <span class='ocrx_word' id='word_1_46' title='bbox 1138 860 1248 915; x_wconf 86' lang='grc' dir='ltr'><strong>τῶν</strong></span> <span class='ocrx_word' id='word_1_47' title='bbox 1294 859 1511 914; x_wconf 79' lang='grc' dir='ltr'>οἰκείων</span> <span class='ocrx_word' id='word_1_48' title='bbox 1554 862 1582 913; x_wconf 87' lang='grc' dir='ltr'>ὁ</span> <span class='ocrx_word' id='word_1_49' title='bbox 1633 859 1772 930; x_wconf 75' lang='grc' dir='ltr'>ἀνὴρ</span> <span class='ocrx_word' id='word_1_50' title='bbox 1801 858 2015 927; x_wconf 83' lang='grc' dir='ltr'><strong>διδότω,</strong></span> 
     </span>
    </p>
   </div>
   <div class='ocr_carea' id='block_1_10' title="bbox 442 953 2020 1031">
    <p class='ocr_par' dir='ltr' id='par_1_10' title="bbox 442 953 2020 1031">
     <span class='ocr_line' id='line_1_10' title="bbox 442 953 2020 1031; baseline -0.004 -17"><span class='ocrx_word' id='word_1_51' title='bbox 442 961 577 1031; x_wconf 81' lang='grc' dir='ltr'>μήτε</span> <span class='ocrx_word' id='word_1_52' title='bbox 629 957 738 1012; x_wconf 87' lang='grc' dir='ltr'><strong>τῶν</strong></span> <span class='ocrx_word' id='word_1_53' title='bbox 792 957 892 1028; x_wconf 83' lang='grc' dir='ltr'>τῆς</span> <span class='ocrx_word' id='word_1_54' title='bbox 948 954 1263 1026; x_wconf 79' lang='grc' dir='ltr'><strong>γυναικείας</strong></span> <span class='ocrx_word' id='word_1_55' title='bbox 1314 953 1604 1023; x_wconf 72' lang='grc' dir='ltr'>ὑπάρξεως</span> <span class='ocrx_word' id='word_1_56' title='bbox 1662 954 1708 986; x_wconf 83' lang='grc'><strong>⁸⁸</strong></span> <span class='ocrx_word' id='word_1_57' title='bbox 1753 953 2020 1024; x_wconf 80' lang='grc' dir='ltr'>ἀντιλαμ-</span> 
     </span>
    </p>
   </div>
   <div class='ocr_carea' id='block_1_11' title="bbox 435 1053 666 1109">
    <p class='ocr_par' dir='ltr' id='par_1_11' title="bbox 435 1053 666 1109">
     <span class='ocr_line' id='line_1_11' title="bbox 435 1053 666 1109; baseline -0.004 -2"><span class='ocrx_word' id='word_1_58' title='bbox 435 1053 666 1109; x_wconf 72' lang='grc' dir='ltr'>ϐαινέτω.</span> 
     </span>
    </p>
   </div>
   <div class='ocr_carea' id='block_1_12' title="bbox 967 1137 1463 1206">
    <p class='ocr_par' dir='ltr' id='par_1_12' title="bbox 967 1137 1463 1206">
     <span class='ocr_line' id='line_1_12' title="bbox 967 1137 1463 1206; baseline 0.004 -13"><span class='ocrx_word' id='word_1_59' title='bbox 967 1137 1285 1194; x_wconf 74' lang='grc' dir='ltr'><strong>ΑιΑΤΑειΣ</strong></span> <span class='ocrx_word' id='word_1_60' title='bbox 1318 1139 1463 1206; x_wconf 72' lang='lat' dir='ltr'><strong>nq&#39;.</strong></span> 
     </span>
    </p>
   </div>
   <div class='ocr_carea' id='block_1_13' title="bbox 438 1224 2023 1301">
    <p class='ocr_par' dir='ltr' id='par_1_13' title="bbox 438 1224 2023 1301">
     <span class='ocr_line' id='line_1_13' title="bbox 438 1224 2023 1301; baseline -0.007 -1"><span class='ocrx_word' id='word_1_61' title='bbox 438 1235 578 1299; x_wconf 82' lang='grc' dir='ltr'><strong>Περι</strong></span> <span class='ocrx_word' id='word_1_62' title='bbox 602 1232 715 1301; x_wconf 78' lang='grc' dir='ltr'><strong>τῆς</strong></span> <span class='ocrx_word' id='word_1_63' title='bbox 764 1229 1053 1301; x_wconf 74' lang='grc' dir='ltr'><strong>τιμωρίας,</strong></span> <span class='ocrx_word' id='word_1_64' title='bbox 1091 1227 1212 1301; x_wconf 67' lang='grc' dir='ltr'><strong>τῶθῖ</strong></span> <span class='ocrx_word' id='word_1_65' title='bbox 1264 1229 1657 1301; x_wconf 57' lang='grc' dir='ltr'>σννηγορίαις</span> <span class='ocrx_word' id='word_1_66' title='bbox 1690 1227 1730 1294; x_wconf 79' lang='grc' dir='ltr'>ἢ</span> <span class='ocrx_word' id='word_1_67' title='bbox 1782 1224 2023 1301; x_wconf 55' lang='lat' dir='ltr'><strong>mnium</strong></span> 
     </span>
    </p>
   </div>
   <div class='ocr_carea' id='block_1_14' title="bbox 507 1296 2022 1373">
    <p class='ocr_par' dir='ltr' id='par_1_14' title="bbox 507 1296 2022 1373">
     <span class='ocr_line' id='line_1_14' title="bbox 507 1296 2022 1373; baseline -0.007 -16"><span class='ocrx_word' id='word_1_68' title='bbox 507 1296 546 1373; x_wconf 70' lang='grc' dir='ltr'><strong>ἦ</strong></span> <span class='ocrx_word' id='word_1_69' title='bbox 598 1296 973 1373; x_wconf 61' lang='grc' dir='ltr'>μιύθώὰεοέιν</span> <span class='ocrx_word' id='word_1_70' title='bbox 1018 1299 1063 1373; x_wconf 71' lang='grc' dir='ltr'><strong>ἢ</strong></span> <span class='ocrx_word' id='word_1_71' title='bbox 1114 1299 1241 1373; x_wconf 67' lang='grc' dir='ltr'>τοῖς</span> <span class='ocrx_word' id='word_1_72' title='bbox 1302 1297 1517 1373; x_wconf 54' lang='lat' dir='ltr'><strong>More</strong></span> <span class='ocrx_word' id='word_1_73' title='bbox 1568 1296 2022 1373; x_wconf 59' lang='grc' dir='ltr'>παραπλησίοις</span> 
     </span>
    </p>
   </div>
   <div class='ocr_carea' id='block_1_15' title="bbox 508 1364 2018 1453">
    <p class='ocr_par' dir='ltr' id='par_1_15' title="bbox 508 1364 2018 1453">
     <span class='ocr_line' id='line_1_15' title="bbox 508 1364 2018 1453; baseline -0.007 -23"><span class='ocrx_word' id='word_1_74' title='bbox 508 1364 970 1453; x_wconf 52' lang='grc' dir='ltr'>προσνεμόντων</span> <span class='ocrx_word' id='word_1_75' title='bbox 1005 1364 1259 1436; x_wconf 74' lang='grc' dir='ltr'>ἑαυτοὺς</span> <span class='ocrx_word' id='word_1_76' title='bbox 1297 1364 1668 1437; x_wconf 73' lang='grc' dir='ltr'>ἐπισκόπων,</span> <span class='ocrx_word' id='word_1_77' title='bbox 1686 1366 1725 1437; x_wconf 80' lang='grc' dir='ltr'>ἢ</span> <span class='ocrx_word' id='word_1_78' title='bbox 1754 1364 1955 1437; x_wconf 76' lang='grc' dir='ltr'>ἱερέων</span> <span class='ocrx_word' id='word_1_79' title='bbox 1980 1365 2018 1434; x_wconf 81' lang='grc' dir='ltr'><em>ἢ</em></span> 
     </span>
    </p>
   </div>
   <div class='ocr_carea' id='block_1_16' title="bbox 511 1451 834 1515">
    <p class='ocr_par' dir='ltr' id='par_1_16' title="bbox 511 1451 834 1515">
     <span class='ocr_line' id='line_1_16' title="bbox 511 1451 834 1515; baseline -0.015 -14"><span class='ocrx_word' id='word_1_80' title='bbox 511 1451 834 1515; x_wconf 74' lang='grc' dir='ltr'>κληρικῶν.</span> 
     </span>
    </p>
   </div>
   <div class='ocr_carea' id='block_1_17' title="bbox 524 1527 1664 1603">
    <p class='ocr_par' dir='ltr' id='par_1_17' title="bbox 524 1527 1664 1603">
     <span class='ocr_line' id='line_1_17' title="bbox 524 1527 1664 1603; baseline -0.008 -11"><span class='ocrx_word' id='word_1_81' title='bbox 524 1539 582 1591; x_wconf 88' lang='lat'><strong>&#39;0</strong></span> <span class='ocrx_word' id='word_1_82' title='bbox 611 1536 773 1598; x_wconf 75' lang='grc' dir='ltr'>αὐτὸς</span> <span class='ocrx_word' id='word_1_83' title='bbox 801 1531 1053 1603; x_wconf 75' lang='grc' dir='ltr'>βασιλεὺς</span> <span class='ocrx_word' id='word_1_84' title='bbox 1083 1530 1365 1602; x_wconf 86' lang='grc' dir='ltr'>Στυλιανῷ</span> <span class='ocrx_word' id='word_1_85' title='bbox 1389 1528 1468 1600; x_wconf 82' lang='grc' dir='ltr'>τῷ</span> <span class='ocrx_word' id='word_1_86' title='bbox 1495 1527 1664 1599; x_wconf 83' lang='grc' dir='ltr'>αὐτῷ.</span> 
     </span>
    </p>
   </div>
   <div class='ocr_carea' id='block_1_18' title="bbox 508 1616 2025 1697">
    <p class='ocr_par' dir='ltr' id='par_1_18' title="bbox 508 1616 2025 1697">
     <span class='ocr_line' id='line_1_18' title="bbox 508 1616 2025 1697; baseline -0.009 -15"><span class='ocrx_word' id='word_1_87' title='bbox 508 1629 648 1692; x_wconf 78' lang='grc' dir='ltr'>Τοὺς</span> <span class='ocrx_word' id='word_1_88' title='bbox 684 1626 821 1697; x_wconf 83' lang='grc' dir='ltr'>πρὸς</span> <span class='ocrx_word' id='word_1_89' title='bbox 839 1624 899 1678; x_wconf 84' lang='grc' dir='ltr'><strong>τὸ</strong></span> <span class='ocrx_word' id='word_1_90' title='bbox 930 1625 1072 1677; x_wconf 90' lang='grc' dir='ltr'>θεῖον</span> <span class='ocrx_word' id='word_1_91' title='bbox 1122 1622 1219 1676; x_wconf 83' lang='grc' dir='ltr'>καὶ</span> <span class='ocrx_word' id='word_1_92' title='bbox 1255 1621 1398 1693; x_wconf 74' lang='grc' dir='ltr'>ίερδν</span> <span class='ocrx_word' id='word_1_93' title='bbox 1428 1620 1582 1692; x_wconf 79' lang='grc' dir='ltr'>βῆμα</span> <span class='ocrx_word' id='word_1_94' title='bbox 1605 1620 1710 1673; x_wconf 82' lang='grc' dir='ltr'><strong>ὑπὸ</strong></span> <span class='ocrx_word' id='word_1_95' title='bbox 1748 1619 1849 1689; x_wconf 81' lang='grc' dir='ltr'><strong>τῆς</strong></span> <span class='ocrx_word' id='word_1_96' title='bbox 1869 1616 2025 1681; x_wconf 81' lang='grc' dir='ltr'><strong>θείας</strong></span> 
     </span>
    </p>
   </div>
   <div class='ocr_carea' id='block_1_19' title="bbox 439 1710 2021 1788">
    <p class='ocr_par' dir='ltr' id='par_1_19' title="bbox 439 1710 2021 1788">
     <span class='ocr_line' id='line_1_19' title="bbox 439 1710 2021 1788; baseline -0.007 -15"><span class='ocrx_word' id='word_1_97' title='bbox 439 1719 773 1788; x_wconf 80' lang='grc' dir='ltr'>ἀγαθότητος</span> <span class='ocrx_word' id='word_1_98' title='bbox 793 1714 1203 1784; x_wconf 76' lang='grc' dir='ltr'><strong>ἐξειλεγμένους</strong></span> <span class='ocrx_word' id='word_1_99' title='bbox 1239 1713 1300 1767; x_wconf 82' lang='grc' dir='ltr'><strong>οὐ</strong></span> <span class='ocrx_word' id='word_1_100' title='bbox 1356 1713 1517 1784; x_wconf 88' lang='grc' dir='ltr'>μόνον</span> <span class='ocrx_word' id='word_1_101' title='bbox 1554 1713 1651 1782; x_wconf 83' lang='grc' dir='ltr'>τῆς</span> <span class='ocrx_word' id='word_1_102' title='bbox 1708 1710 1877 1781; x_wconf 73' lang='grc' dir='ltr'>ἄλλης</span> <span class='ocrx_word' id='word_1_103' title='bbox 1921 1711 2021 1764; x_wconf 84' lang='grc' dir='ltr'><strong>αἰ-</strong></span> 
     </span>
    </p>
   </div>
   <div class='ocr_carea' id='block_1_20' title="bbox 440 1803 2099 1890">
    <p class='ocr_par' dir='ltr' id='par_1_20' title="bbox 440 1803 2099 1890">
     <span class='ocr_line' id='line_1_20' title="bbox 440 1803 2099 1890; baseline -0.005 -24"><span class='ocrx_word' id='word_1_104' title='bbox 440 1812 734 1884; x_wconf 85' lang='grc' dir='ltr'>σχρότητος</span> <span class='ocrx_word' id='word_1_105' title='bbox 766 1809 868 1879; x_wconf 79' lang='grc' dir='ltr'>τῆς</span> <span class='ocrx_word' id='word_1_106' title='bbox 894 1808 1170 1879; x_wconf 78' lang='grc' dir='ltr'>ἁμαρτίας</span> <span class='ocrx_word' id='word_1_107' title='bbox 1195 1805 1343 1872; x_wconf 77' lang='grc' dir='ltr'>ἄξιον</span> <span class='ocrx_word' id='word_1_108' title='bbox 1375 1803 1729 1876; x_wconf 69' lang='grc' dir='ltr'>καθαρεύειν,</span> <span class='ocrx_word' id='word_1_109' title='bbox 1756 1804 1892 1858; x_wconf 80' lang='grc' dir='ltr'>ἀλλὰ</span> <span class='ocrx_word' id='word_1_110' title='bbox 1922 1804 2019 1858; x_wconf 72' lang='grc' dir='ltr'>καὶ</span> <span class='ocrx_word' id='word_1_111' title='bbox 2055 1834 2099 1890; x_wconf 73' lang='grc' dir='ltr'><strong>Β</strong></span> 
     </span>
    </p>
   </div>
   <div class='ocr_carea' id='block_1_21' title="bbox 438 1895 2023 1975">
    <p class='ocr_par' dir='ltr' id='par_1_21' title="bbox 438 1895 2023 1975">
     <span class='ocr_line' id='line_1_21' title="bbox 438 1895 2023 1975; baseline -0.005 -18"><span class='ocrx_word' id='word_1_112' title='bbox 438 1906 539 1975; x_wconf 79' lang='grc' dir='ltr'>τῆς</span> <span class='ocrx_word' id='word_1_113' title='bbox 571 1903 742 1971; x_wconf 84' lang='grc' dir='ltr'><strong>ὁπόση</strong></span> <span class='ocrx_word' id='word_1_114' title='bbox 769 1903 881 1963; x_wconf 89' lang='grc' dir='ltr'>τοῖς</span> <span class='ocrx_word' id='word_1_115' title='bbox 918 1900 1120 1962; x_wconf 78' lang='grc' dir='ltr'>κοινοῖς</span> <span class='ocrx_word' id='word_1_116' title='bbox 1157 1898 1253 1952; x_wconf 72' lang='grc' dir='ltr'><strong>καὶ</strong></span> <span class='ocrx_word' id='word_1_117' title='bbox 1295 1897 1571 1969; x_wconf 80' lang='grc' dir='ltr'><strong>βιωτικοῖς</strong></span> <span class='ocrx_word' id='word_1_118' title='bbox 1624 1895 2023 1965; x_wconf 81' lang='grc' dir='ltr'>ὲπισυνέστηκε</span> 
     </span>
    </p>
   </div>
   <div class='ocr_carea' id='block_1_22' title="bbox 440 1986 2015 2063">
    <p class='ocr_par' dir='ltr' id='par_1_22' title="bbox 440 1986 2015 2063">
     <span class='ocr_line' id='line_1_22' title="bbox 440 1986 2015 2063; baseline -0.005 -16"><span class='ocrx_word' id='word_1_119' title='bbox 440 1995 762 2063; x_wconf 73' lang='grc' dir='ltr'>πράγμασιν</span> <span class='ocrx_word' id='word_1_120' title='bbox 791 1988 1004 2061; x_wconf 79' lang='grc' dir='ltr'>ἀηδίας.</span> <span class='ocrx_word' id='word_1_121' title='bbox 1045 1989 1257 2058; x_wconf 79' lang='grc' dir='ltr'>Ὥσπερ</span> <span class='ocrx_word' id='word_1_122' title='bbox 1287 1987 1396 2058; x_wconf 78' lang='grc' dir='ltr'>γὰρ</span> <span class='ocrx_word' id='word_1_123' title='bbox 1426 1988 1527 2041; x_wconf 73' lang='grc' dir='ltr'><strong>οὐκ</strong></span> <span class='ocrx_word' id='word_1_124' title='bbox 1558 1986 1735 2055; x_wconf 70' lang='grc' dir='ltr'>ἔξεστι</span> <span class='ocrx_word' id='word_1_125' title='bbox 1758 1986 1824 2040; x_wconf 69' lang='grc' dir='ltr'>τὰ</span> <span class='ocrx_word' id='word_1_126' title='bbox 1868 1986 2015 2042; x_wconf 76' lang='grc' dir='ltr'>ἄλλα</span> 
     </span>
    </p>
   </div>
   <div class='ocr_carea' id='block_1_23' title="bbox 438 2078 2023 2155">
    <p class='ocr_par' dir='ltr' id='par_1_23' title="bbox 438 2078 2023 2155">
     <span class='ocr_line' id='line_1_23' title="bbox 438 2078 2023 2155; baseline -0.005 -16"><span class='ocrx_word' id='word_1_127' title='bbox 438 2086 539 2154; x_wconf 84' lang='grc' dir='ltr'><strong>τῆς</strong></span> <span class='ocrx_word' id='word_1_128' title='bbox 558 2084 825 2155; x_wconf 83' lang='grc' dir='ltr'>ἅχράντου</span> <span class='ocrx_word' id='word_1_129' title='bbox 860 2081 955 2136; x_wconf 73' lang='grc' dir='ltr'><strong>καὶ</strong></span> <span class='ocrx_word' id='word_1_130' title='bbox 995 2081 1147 2151; x_wconf 80' lang='grc' dir='ltr'>ἱερᾶς</span> <span class='ocrx_word' id='word_1_131' title='bbox 1194 2079 1475 2148; x_wconf 81' lang='grc' dir='ltr'>ἁγιστείας</span> <span class='ocrx_word' id='word_1_132' title='bbox 1501 2080 1766 2151; x_wconf 86' lang='grc' dir='ltr'>κειμήλια</span> <span class='ocrx_word' id='word_1_133' title='bbox 1792 2078 1880 2132; x_wconf 85' lang='grc' dir='ltr'>διὰ</span> <span class='ocrx_word' id='word_1_134' title='bbox 1923 2079 2023 2148; x_wconf 82' lang='grc' dir='ltr'>τῆς</span> 
     </span>
    </p>
   </div>
   <div class='ocr_carea' id='block_1_24' title="bbox 442 2171 2027 2245">
    <p class='ocr_par' dir='ltr' id='par_1_24' title="bbox 442 2171 2027 2245">
     <span class='ocr_line' id='line_1_24' title="bbox 442 2171 2027 2245; baseline -0.004 -15"><span class='ocrx_word' id='word_1_135' title='bbox 442 2176 629 2245; x_wconf 82' lang='grc' dir='ltr'>κοινῆς</span> <span class='ocrx_word' id='word_1_136' title='bbox 654 2173 1083 2244; x_wconf 75' lang='grc' dir='ltr'>καθυϐρίζεσθαι</span> <span class='ocrx_word' id='word_1_137' title='bbox 1138 2172 1411 2243; x_wconf 86' lang='grc' dir='ltr'>χρήσεως,</span> <span class='ocrx_word' id='word_1_138' title='bbox 1464 2172 1556 2224; x_wconf 79' lang='grc' dir='ltr'><strong>τὸν</strong></span> <span class='ocrx_word' id='word_1_139' title='bbox 1584 2172 1748 2225; x_wconf 76' lang='grc' dir='ltr'>αὑτὸν</span> <span class='ocrx_word' id='word_1_140' title='bbox 1820 2171 2027 2243; x_wconf 79' lang='grc' dir='ltr'>τρόπον</span> 
     </span>
    </p>
   </div>
   <div class='ocr_carea' id='block_1_25' title="bbox 440 2263 2025 2338">
    <p class='ocr_par' dir='ltr' id='par_1_25' title="bbox 440 2263 2025 2338">
     <span class='ocr_line' id='line_1_25' title="bbox 440 2263 2025 2338; baseline -0.004 -15"><span class='ocrx_word' id='word_1_141' title='bbox 440 2268 560 2323; x_wconf 69' lang='grc' dir='ltr'>οὐδὲ</span> <span class='ocrx_word' id='word_1_142' title='bbox 579 2267 671 2321; x_wconf 76' lang='grc' dir='ltr'>τοῦ</span> <span class='ocrx_word' id='word_1_143' title='bbox 707 2266 977 2338; x_wconf 83' lang='grc' dir='ltr'>ἁχράντου</span> <span class='ocrx_word' id='word_1_144' title='bbox 999 2263 1388 2336; x_wconf 81' lang='grc' dir='ltr'>θυσιαστηρίου</span> <span class='ocrx_word' id='word_1_145' title='bbox 1421 2264 1490 2317; x_wconf 80' lang='grc' dir='ltr'>τὰ</span> <span class='ocrx_word' id='word_1_146' title='bbox 1516 2265 1736 2334; x_wconf 75' lang='grc' dir='ltr'>ἔμψυχα</span> <span class='ocrx_word' id='word_1_147' title='bbox 1764 2263 2025 2334; x_wconf 81' lang='grc' dir='ltr'>κειμήλια</span> 
     </span>
    </p>
   </div>
   <div class='ocr_carea' id='block_1_26' title="bbox 447 2354 2028 2428">
    <p class='ocr_par' dir='ltr' id='par_1_26' title="bbox 447 2354 2028 2428">
     <span class='ocr_line' id='line_1_26' title="bbox 447 2354 2028 2428; baseline -0.003 -15"><span class='ocrx_word' id='word_1_148' title='bbox 447 2360 868 2414; x_wconf 74' lang='grc' dir='ltr'>κοινοποιεῖσθαι</span> <span class='ocrx_word' id='word_1_149' title='bbox 915 2358 1188 2428; x_wconf 84' lang='grc' dir='ltr'>προσήκει</span> <span class='ocrx_word' id='word_1_150' title='bbox 1220 2360 1290 2428; x_wconf 83' lang='grc' dir='ltr'>τῇ</span> <span class='ocrx_word' id='word_1_151' title='bbox 1346 2358 1500 2428; x_wconf 86' lang='grc' dir='ltr'>κοινῇ</span> <span class='ocrx_word' id='word_1_152' title='bbox 1540 2355 1862 2426; x_wconf 78' lang='grc' dir='ltr'>συγχρήσει,</span> <span class='ocrx_word' id='word_1_153' title='bbox 1891 2354 2028 2409; x_wconf 78' lang='grc' dir='ltr'>ἀλλὰ</span> 
     </span>
    </p>
   </div>
   <div class='ocr_carea' id='block_1_27' title="bbox 446 2444 2024 2526">
    <p class='ocr_par' dir='ltr' id='par_1_27' title="bbox 446 2444 2024 2526">
     <span class='ocr_line' id='line_1_27' title="bbox 446 2444 2024 2526; baseline -0.003 -21"><span class='ocrx_word' id='word_1_154' title='bbox 446 2452 631 2523; x_wconf 83' lang='grc' dir='ltr'>μένειν</span> <span class='ocrx_word' id='word_1_155' title='bbox 654 2452 711 2504; x_wconf 83' lang='grc' dir='ltr'>ὲν</span> <span class='ocrx_word' id='word_1_156' title='bbox 798 2450 1129 2520; x_wconf 81' lang='grc' dir='ltr'>ἀφιέρωνται</span> <span class='ocrx_word' id='word_1_157' title='bbox 1160 2449 1314 2512; x_wconf 81' lang='grc' dir='ltr'>τάξει</span> <span class='ocrx_word' id='word_1_158' title='bbox 1350 2447 1449 2519; x_wconf 83' lang='grc' dir='ltr'>τὴν</span> <span class='ocrx_word' id='word_1_159' title='bbox 1492 2448 1793 2517; x_wconf 83' lang='grc' dir='ltr'>ἀφιέρωσιν</span> <span class='ocrx_word' id='word_1_160' title='bbox 1820 2447 2024 2517; x_wconf 82' lang='grc' dir='ltr'>ἄχραν-</span> 
     </span>
    </p>
   </div>
   <div class='ocr_carea' id='block_1_28' title="bbox 442 2539 2025 2612">
    <p class='ocr_par' dir='ltr' id='par_1_28' title="bbox 442 2539 2025 2612">
     <span class='ocr_line' id='line_1_28' title="bbox 442 2539 2025 2612; baseline -0.004 -14"><span class='ocrx_word' id='word_1_161' title='bbox 442 2563 532 2598; x_wconf 86' lang='grc' dir='ltr'><strong>τον</strong></span> <span class='ocrx_word' id='word_1_162' title='bbox 567 2542 827 2607; x_wconf 78' lang='grc' dir='ltr'>σώζοντα.</span> <span class='ocrx_word' id='word_1_163' title='bbox 860 2542 996 2596; x_wconf 87' lang='grc' dir='ltr'>Δίαν</span> <span class='ocrx_word' id='word_1_164' title='bbox 1024 2542 1133 2612; x_wconf 82' lang='grc' dir='ltr'>ἄρα</span> <span class='ocrx_word' id='word_1_165' title='bbox 1158 2540 1509 2612; x_wconf 80' lang='grc' dir='ltr'>ἱεροπρεπῶς</span> <span class='ocrx_word' id='word_1_166' title='bbox 1540 2541 1570 2611; x_wconf 75' lang='grc' dir='ltr'>ἡ</span> <span class='ocrx_word' id='word_1_167' title='bbox 1604 2540 1717 2592; x_wconf 90' lang='grc' dir='ltr'><strong>τῶν</strong></span> <span class='ocrx_word' id='word_1_168' title='bbox 1752 2539 2025 2609; x_wconf 78' lang='grc' dir='ltr'>θεοκηρύ-</span> 
     </span>
    </p>
   </div>
   <div class='ocr_carea' id='block_1_29' title="bbox 444 2627 2029 2703">
    <p class='ocr_par' dir='ltr' id='par_1_29' title="bbox 444 2627 2029 2703">
     <span class='ocr_line' id='line_1_29' title="bbox 444 2627 2029 2703; baseline -0.006 -14"><span class='ocrx_word' id='word_1_169' title='bbox 444 2654 558 2689; x_wconf 81' lang='grc' dir='ltr'><strong>κων</strong></span> <span class='ocrx_word' id='word_1_170' title='bbox 610 2634 927 2688; x_wconf 82' lang='grc' dir='ltr'>ἀποστόλων</span> <span class='ocrx_word' id='word_1_171' title='bbox 971 2632 1152 2703; x_wconf 76' lang='grc' dir='ltr'>ψῆφος</span> <span class='ocrx_word' id='word_1_172' title='bbox 1186 2633 1312 2694; x_wconf 73' lang='grc' dir='ltr'>τοὺς</span> <span class='ocrx_word' id='word_1_173' title='bbox 1360 2628 1773 2701; x_wconf 79' lang='grc' dir='ltr'>συνηγορίαιςῆ</span> <span class='ocrx_word' id='word_1_174' title='bbox 1800 2627 2029 2696; x_wconf 77' lang='grc' dir='ltr'>ὲγγύαις</span> 
     </span>
    </p>
   </div>
   <div class='ocr_carea' id='block_1_30' title="bbox 447 2719 2031 2800">
    <p class='ocr_par' dir='ltr' id='par_1_30' title="bbox 447 2719 2031 2800">
     <span class='ocr_line' id='line_1_30' title="bbox 447 2719 2031 2800; baseline -0.006 -18"><span class='ocrx_word' id='word_1_175' title='bbox 447 2729 478 2800; x_wconf 80' lang='grc' dir='ltr'>ἢ</span> <span class='ocrx_word' id='word_1_176' title='bbox 520 2728 849 2799; x_wconf 85' lang='grc' dir='ltr'>μισθώσεσιν</span> <span class='ocrx_word' id='word_1_177' title='bbox 897 2726 929 2797; x_wconf 72' lang='grc' dir='ltr'>ἢ</span> <span class='ocrx_word' id='word_1_178' title='bbox 996 2726 1108 2787; x_wconf 87' lang='grc' dir='ltr'>τοῖς</span> <span class='ocrx_word' id='word_1_179' title='bbox 1155 2723 1337 2786; x_wconf 77' lang='grc' dir='ltr'>ἄλλοις</span> <span class='ocrx_word' id='word_1_180' title='bbox 1360 2721 1763 2795; x_wconf 81' lang='grc' dir='ltr'>παραπλησίοις</span> <span class='ocrx_word' id='word_1_181' title='bbox 1798 2719 2031 2791; x_wconf 80' lang='grc' dir='ltr'>προσνέ-</span> 
     </span>
    </p>
   </div>
   <div class='ocr_carea' id='block_1_31' title="bbox 451 2812 2031 2891">
    <p class='ocr_par' dir='ltr' id='par_1_31' title="bbox 451 2812 2031 2891">
     <span class='ocr_line' id='line_1_31' title="bbox 451 2812 2031 2891; baseline -0.004 -17"><span class='ocrx_word' id='word_1_182' title='bbox 451 2837 651 2891; x_wconf 86' lang='grc' dir='ltr'>μοντας</span> <span class='ocrx_word' id='word_1_183' title='bbox 701 2818 930 2881; x_wconf 70' lang='grc' dir='ltr'>ἑαυτοὺς</span> <span class='ocrx_word' id='word_1_184' title='bbox 984 2814 1383 2886; x_wconf 80' lang='grc' dir='ltr'>ἐπισκόπουςῆ</span> <span class='ocrx_word' id='word_1_185' title='bbox 1439 2816 1606 2886; x_wconf 79' lang='grc' dir='ltr'>ἱερεῖς</span> <span class='ocrx_word' id='word_1_186' title='bbox 1654 2813 1687 2885; x_wconf 81' lang='grc' dir='ltr'>ἦ</span> <span class='ocrx_word' id='word_1_187' title='bbox 1734 2812 2031 2884; x_wconf 79' lang='grc' dir='ltr'>κληρικοὺς</span> 
     </span>
    </p>
   </div>
   <div class='ocr_carea' id='block_1_32' title="bbox 444 2905 2028 2985">
    <p class='ocr_par' dir='ltr' id='par_1_32' title="bbox 444 2905 2028 2985">
     <span class='ocr_line' id='line_1_32' title="bbox 444 2905 2028 2985; baseline -0.006 -18"><span class='ocrx_word' id='word_1_188' title='bbox 444 2914 543 2984; x_wconf 83' lang='grc' dir='ltr'><strong>τῆς</strong></span> <span class='ocrx_word' id='word_1_189' title='bbox 588 2914 740 2985; x_wconf 80' lang='grc' dir='ltr'>ἱερᾶς</span> <span class='ocrx_word' id='word_1_190' title='bbox 766 2911 1077 2981; x_wconf 87' lang='grc' dir='ltr'>ἀπογυμνοῖ</span> <span class='ocrx_word' id='word_1_191' title='bbox 1108 2910 1336 2977; x_wconf 78' lang='grc' dir='ltr'>τάξεως.</span> <span class='ocrx_word' id='word_1_192' title='bbox 1364 2910 1428 2963; x_wconf 87' lang='grc' dir='ltr'>Οί</span> <span class='ocrx_word' id='word_1_193' title='bbox 1463 2909 1569 2978; x_wconf 82' lang='grc' dir='ltr'><strong>γὰρ</strong></span> <span class='ocrx_word' id='word_1_194' title='bbox 1601 2907 1701 2978; x_wconf 74' lang='grc' dir='ltr'><strong>τὴν</strong></span> <span class='ocrx_word' id='word_1_195' title='bbox 1760 2907 1909 2977; x_wconf 75' lang='grc' dir='ltr'>παρὰ</span> <span class='ocrx_word' id='word_1_196' title='bbox 1936 2905 2028 2958; x_wconf 76' lang='grc' dir='ltr'>τοῦ</span> 
     </span>
    </p>
   </div>
   <div class='ocr_carea' id='block_1_33' title="bbox 445 2996 2030 3075">
    <p class='ocr_par' dir='ltr' id='par_1_33' title="bbox 445 2996 2030 3075">
     <span class='ocr_line' id='line_1_33' title="bbox 445 2996 2030 3075; baseline -0.006 -15"><span class='ocrx_word' id='word_1_197' title='bbox 445 3007 710 3075; x_wconf 83' lang='grc' dir='ltr'>παναγίου</span> <span class='ocrx_word' id='word_1_198' title='bbox 764 3005 1082 3074; x_wconf 82' lang='grc' dir='ltr'>Πνεύματος</span> <span class='ocrx_word' id='word_1_199' title='bbox 1115 3001 1410 3073; x_wconf 85' lang='grc' dir='ltr'>διδομένην</span> <span class='ocrx_word' id='word_1_200' title='bbox 1474 3001 1659 3061; x_wconf 79' lang='grc' dir='ltr'>αὐτοῖς</span> <span class='ocrx_word' id='word_1_201' title='bbox 1688 2999 1852 3069; x_wconf 77' lang='grc' dir='ltr'>τιμὴν</span> <span class='ocrx_word' id='word_1_202' title='bbox 1886 2996 2030 3051; x_wconf 75' lang='grc' dir='ltr'>οὕτω</span> 
     </span>
    </p>
   </div>
   <div class='ocr_carea' id='block_1_34' title="bbox 448 3089 2032 3168">
    <p class='ocr_par' dir='ltr' id='par_1_34' title="bbox 448 3089 2032 3168">
     <span class='ocr_line' id='line_1_34' title="bbox 448 3089 2032 3168; baseline -0.005 -18"><span class='ocrx_word' id='word_1_203' title='bbox 448 3096 893 3168; x_wconf 79' lang='grc' dir='ltr'>περιυϐρίζοντες</span> <span class='ocrx_word' id='word_1_204' title='bbox 927 3095 1021 3149; x_wconf 85' lang='grc' dir='ltr'><strong>καὶ</strong></span> <span class='ocrx_word' id='word_1_205' title='bbox 1051 3094 1112 3148; x_wconf 81' lang='grc' dir='ltr'><strong>τὸ</strong></span> <span class='ocrx_word' id='word_1_206' title='bbox 1138 3091 1351 3147; x_wconf 81' lang='grc' dir='ltr'>ἑαυτῶν</span> <span class='ocrx_word' id='word_1_207' title='bbox 1380 3091 1545 3163; x_wconf 82' lang='grc' dir='ltr'>μέρος</span> <span class='ocrx_word' id='word_1_208' title='bbox 1574 3091 1633 3143; x_wconf 78' lang='grc' dir='ltr'><strong>τὸ</strong></span> <span class='ocrx_word' id='word_1_209' title='bbox 1675 3089 1809 3160; x_wconf 77' lang='grc' dir='ltr'>ὕψος</span> <span class='ocrx_word' id='word_1_210' title='bbox 1834 3107 2032 3144; x_wconf 82' lang='grc' dir='ltr'>ταπει-</span> 
     </span>
    </p>
   </div>
   <div class='ocr_carea' id='block_1_35' title="bbox 2121 588 3693 661">
    <p class='ocr_par' dir='ltr' id='par_1_35' title="bbox 2121 588 3693 661">
     <span class='ocr_line' id='line_1_35' title="bbox 2121 588 3693 661; baseline -0.001 -19"><span class='ocrx_word' id='word_1_211' title='bbox 2121 603 2186 642; x_wconf 88' lang='lat' dir='ltr'><strong>eo</strong></span> <span class='ocrx_word' id='word_1_212' title='bbox 2220 588 2364 655; x_wconf 80' lang='lat' dir='ltr'><strong>quod</strong></span> <span class='ocrx_word' id='word_1_213' title='bbox 2394 602 2488 661; x_wconf 86' lang='lat' dir='ltr'><strong>aut</strong></span> <span class='ocrx_word' id='word_1_214' title='bbox 2518 593 2755 654; x_wconf 86' lang='lat' dir='ltr'><strong>lucrum,</strong></span> <span class='ocrx_word' id='word_1_215' title='bbox 2806 600 2901 644; x_wconf 87' lang='lat' dir='ltr'><strong>aut</strong></span> <span class='ocrx_word' id='word_1_216' title='bbox 2939 592 3127 645; x_wconf 82' lang='lat' dir='ltr'><strong>saltem</strong></span> <span class='ocrx_word' id='word_1_217' title='bbox 3181 590 3393 643; x_wconf 90' lang='lat' dir='ltr'><strong>nullum</strong></span> <span class='ocrx_word' id='word_1_218' title='bbox 3430 589 3693 641; x_wconf 88' lang='lat' dir='ltr'><strong>damnum</strong></span> 
     </span>
    </p>
   </div>
   <div class='ocr_carea' id='block_1_36' title="bbox 2122 681 3710 752">
    <p class='ocr_par' dir='ltr' id='par_1_36' title="bbox 2122 681 3710 752">
     <span class='ocr_line' id='line_1_36' title="bbox 2122 681 3710 752; baseline -0.003 -17"><span class='ocrx_word' id='word_1_219' title='bbox 2122 683 2414 747; x_wconf 87' lang='lat' dir='ltr'><strong>sentiatur,</strong></span> <span class='ocrx_word' id='word_1_220' title='bbox 2468 682 2570 736; x_wconf 87' lang='lat' dir='ltr'><strong>hac</strong></span> <span class='ocrx_word' id='word_1_221' title='bbox 2614 693 2831 752; x_wconf 79' lang='lat' dir='ltr'><strong>accepta</strong></span> <span class='ocrx_word' id='word_1_222' title='bbox 2889 683 2965 736; x_wconf 87' lang='lat' dir='ltr'><strong>illi</strong></span> <span class='ocrx_word' id='word_1_223' title='bbox 3025 683 3270 737; x_wconf 83' lang='lat' dir='ltr'><strong>contenti</strong></span> <span class='ocrx_word' id='word_1_224' title='bbox 3320 682 3461 734; x_wconf 91' lang='lat' dir='ltr'><strong>sint:</strong></span> <span class='ocrx_word' id='word_1_225' title='bbox 3507 681 3551 735; x_wconf 88' lang='lat' dir='ltr'>si</span> <span class='ocrx_word' id='word_1_226' title='bbox 3580 696 3710 733; x_wconf 87' lang='lat' dir='ltr'><strong>vero</strong></span> 
     </span>
    </p>
   </div>
   <div class='ocr_carea' id='block_1_37' title="bbox 2122 771 3703 844">
    <p class='ocr_par' dir='ltr' id='par_1_37' title="bbox 2122 771 3703 844">
     <span class='ocr_line' id='line_1_37' title="bbox 2122 771 3703 844; baseline -0.002 -19"><span class='ocrx_word' id='word_1_227' title='bbox 2122 788 2231 826; x_wconf 91' lang='lat' dir='ltr'><strong>non</strong></span> <span class='ocrx_word' id='word_1_228' title='bbox 2262 782 2512 842; x_wconf 69' lang='lat' dir='ltr'><strong>cxzequet</strong></span> <span class='ocrx_word' id='word_1_229' title='bbox 2546 784 2709 844; x_wconf 88' lang='lat' dir='ltr'><strong>atque</strong></span> <span class='ocrx_word' id='word_1_230' title='bbox 2748 776 2929 828; x_wconf 86' lang='lat' dir='ltr'><strong>minor</strong></span> <span class='ocrx_word' id='word_1_231' title='bbox 2956 774 3047 840; x_wconf 90' lang='lat' dir='ltr'><strong>sit,</strong></span> <span class='ocrx_word' id='word_1_232' title='bbox 3075 789 3254 843; x_wconf 89' lang='lat' dir='ltr'><strong>neque</strong></span> <span class='ocrx_word' id='word_1_233' title='bbox 3276 775 3345 825; x_wconf 88' lang='lat' dir='ltr'><strong>de</strong></span> <span class='ocrx_word' id='word_1_234' title='bbox 3387 788 3489 827; x_wconf 89' lang='lat' dir='ltr'><strong>suo</strong></span> <span class='ocrx_word' id='word_1_235' title='bbox 3535 771 3703 841; x_wconf 84' lang='lat' dir='ltr'><strong>quid—</strong></span> 
     </span>
    </p>
   </div>
   <div class='ocr_carea' id='block_1_38' title="bbox 2121 860 3708 934">
    <p class='ocr_par' dir='ltr' id='par_1_38' title="bbox 2121 860 3708 934">
     <span class='ocr_line' id='line_1_38' title="bbox 2121 860 3708 934; baseline -0.003 -17"><span class='ocrx_word' id='word_1_236' title='bbox 2121 878 2284 933; x_wconf 82' lang='lat' dir='ltr'><strong>quam</strong></span> <span class='ocrx_word' id='word_1_237' title='bbox 2308 863 2464 927; x_wconf 86' lang='lat' dir='ltr'><strong>dent,</strong></span> <span class='ocrx_word' id='word_1_238' title='bbox 2483 880 2660 934; x_wconf 89' lang='lat' dir='ltr'><strong>neque</strong></span> <span class='ocrx_word' id='word_1_239' title='bbox 2687 880 2717 920; x_wconf 91' lang='lat' dir='ltr'><strong>e</strong></span> <span class='ocrx_word' id='word_1_240' title='bbox 2737 864 2943 920; x_wconf 79' lang='lat' dir='ltr'><strong>diverso</strong></span> <span class='ocrx_word' id='word_1_241' title='bbox 2977 879 3045 920; x_wconf 77' lang='lat' dir='ltr'><strong>ex</strong></span> <span class='ocrx_word' id='word_1_242' title='bbox 3066 863 3316 919; x_wconf 73' lang='lat' dir='ltr'><strong>mulieris</strong></span> <span class='ocrx_word' id='word_1_243' title='bbox 3346 862 3508 918; x_wconf 86' lang='lat' dir='ltr'><strong>bonis</strong></span> <span class='ocrx_word' id='word_1_244' title='bbox 3542 860 3708 932; x_wconf 88' lang='lat' dir='ltr'><strong>quid-</strong></span> 
     </span>
    </p>
   </div>
   <div class='ocr_carea' id='block_1_39' title="bbox 2123 958 2613 1028">
    <p class='ocr_par' dir='ltr' id='par_1_39' title="bbox 2123 958 2613 1028">
     <span class='ocr_line' id='line_1_39' title="bbox 2123 958 2613 1028; baseline 0.01 -20"><span class='ocrx_word' id='word_1_245' title='bbox 2123 971 2289 1027; x_wconf 84' lang='lat' dir='ltr'><strong>quam</strong></span> <span class='ocrx_word' id='word_1_246' title='bbox 2314 958 2613 1028; x_wconf 85' lang='lat' dir='ltr'><strong>accipiant.</strong></span> 
     </span>
    </p>
   </div>
   <div class='ocr_carea' id='block_1_40' title="bbox 2497 1131 3322 1192">
    <p class='ocr_par' dir='ltr' id='par_1_40' title="bbox 2497 1131 3322 1192">
     <span class='ocr_line' id='line_1_40' title="bbox 2497 1131 3322 1192; baseline -0.006 -1"><span class='ocrx_word' id='word_1_247' title='bbox 2497 1132 2964 1192; x_wconf 72' lang='lat' dir='ltr'><strong>CONSTITUTIO</strong></span> <span class='ocrx_word' id='word_1_248' title='bbox 3032 1131 3322 1188; x_wconf 77' lang='lat' dir='ltr'><strong>LXXXVI.</strong></span> 
     </span>
    </p>
   </div>
   <div class='ocr_carea' id='block_1_41' title="bbox 2129 1225 3712 1297">
    <p class='ocr_par' dir='ltr' id='par_1_41' title="bbox 2129 1225 3712 1297">
     <span class='ocr_line' id='line_1_41' title="bbox 2129 1225 3712 1297; baseline -0.003 -16"><span class='ocrx_word' id='word_1_249' title='bbox 2129 1226 2202 1284; x_wconf 82' lang='lat' dir='ltr'><strong>De</strong></span> <span class='ocrx_word' id='word_1_250' title='bbox 2225 1243 2375 1297; x_wconf 71' lang='lat' dir='ltr'><strong>paena</strong></span> <span class='ocrx_word' id='word_1_251' title='bbox 2398 1228 2786 1295; x_wconf 82' lang='lat' dir='ltr'><strong>episcoporum.</strong></span> <span class='ocrx_word' id='word_1_252' title='bbox 2825 1226 3160 1281; x_wconf 74' lang='lat' dir='ltr'><strong>sacerdotum</strong></span> <span class='ocrx_word' id='word_1_253' title='bbox 3189 1234 3247 1297; x_wconf 12' lang='lat' dir='ltr'><strong>et;</strong></span> <span class='ocrx_word' id='word_1_254' title='bbox 3269 1225 3581 1297; x_wconf 83' lang='lat' dir='ltr'><strong>clericorum</strong></span> <span class='ocrx_word' id='word_1_255' title='bbox 3621 1226 3712 1286; x_wconf 83' lang='lat' dir='ltr'><strong>qui</strong></span> 
     </span>
    </p>
   </div>
   <div class='ocr_carea' id='block_1_42' title="bbox 2194 1295 3713 1365">
    <p class='ocr_par' dir='ltr' id='par_1_42' title="bbox 2194 1295 3713 1365">
     <span class='ocr_line' id='line_1_42' title="bbox 2194 1295 3713 1365; baseline -0.003 -12"><span class='ocrx_word' id='word_1_256' title='bbox 2194 1295 2724 1361; x_wconf 57' lang='lat' dir='ltr'><strong>“advocationibus,</strong></span> <span class='ocrx_word' id='word_1_257' title='bbox 2752 1298 3125 1365; x_wconf 77' lang='lat' dir='ltr'><strong>sponsionibus</strong></span> <span class='ocrx_word' id='word_1_258' title='bbox 3154 1295 3507 1365; x_wconf 72' lang='lat' dir='ltr'><strong>redempturis</strong></span> <span class='ocrx_word' id='word_1_259' title='bbox 3563 1296 3713 1349; x_wconf 77' lang='lat' dir='ltr'><strong>aliis-</strong></span> 
     </span>
    </p>
   </div>
   <div class='ocr_carea' id='block_1_43' title="bbox 2195 1369 2939 1439">
    <p class='ocr_par' dir='ltr' id='par_1_43' title="bbox 2195 1369 2939 1439">
     <span class='ocr_line' id='line_1_43' title="bbox 2195 1369 2939 1439; baseline 0 -15"><span class='ocrx_word' id='word_1_260' title='bbox 2195 1385 2252 1424; x_wconf 78' lang='lat' dir='ltr'><strong>ve</strong></span> <span class='ocrx_word' id='word_1_261' title='bbox 2277 1369 2540 1424; x_wconf 79' lang='lat' dir='ltr'><strong>similibus</strong></span> <span class='ocrx_word' id='word_1_262' title='bbox 2571 1369 2769 1423; x_wconf 83' lang='lat' dir='ltr'><strong>dedunt</strong></span> <span class='ocrx_word' id='word_1_263' title='bbox 2803 1369 2939 1439; x_wconf 73' lang='lat'><strong>(‘27).</strong></span> 
     </span>
    </p>
   </div>
   <div class='ocr_carea' id='block_1_44' title="bbox 2195 1530 3183 1617">
    <p class='ocr_par' dir='ltr' id='par_1_44' title="bbox 2195 1530 3183 1617">
     <span class='ocr_line' id='line_1_44' title="bbox 2195 1530 3183 1617; baseline -0.004 -30"><span class='ocrx_word' id='word_1_264' title='bbox 2195 1530 2341 1617; x_wconf 56' lang='lat' dir='ltr'><strong>[dem</strong></span> <span class='ocrx_word' id='word_1_265' title='bbox 2375 1532 2674 1603; x_wconf 80' lang='lat' dir='ltr'><strong>imperator</strong></span> <span class='ocrx_word' id='word_1_266' title='bbox 2699 1530 2874 1586; x_wconf 88' lang='lat' dir='ltr'><strong>eidem</strong></span> <span class='ocrx_word' id='word_1_267' title='bbox 2909 1530 3183 1602; x_wconf 73' lang='lat' dir='ltr'><strong>Styliano.</strong></span> 
     </span>
    </p>
   </div>
   <div class='ocr_carea' id='block_1_45' title="bbox 2194 1620 3705 1689">
    <p class='ocr_par' dir='ltr' id='par_1_45' title="bbox 2194 1620 3705 1689">
     <span class='ocr_line' id='line_1_45' title="bbox 2194 1620 3705 1689; baseline 0.001 -13"><span class='ocrx_word' id='word_1_268' title='bbox 2194 1620 2296 1689; x_wconf 83' lang='lat' dir='ltr'><strong>Qui</strong></span> <span class='ocrx_word' id='word_1_269' title='bbox 2327 1637 2356 1676; x_wconf 90' lang='lat' dir='ltr'><strong>a</strong></span> <span class='ocrx_word' id='word_1_270' title='bbox 2381 1622 2564 1677; x_wconf 87' lang='lat' dir='ltr'><strong>divina</strong></span> <span class='ocrx_word' id='word_1_271' title='bbox 2598 1621 2842 1677; x_wconf 76' lang='lat' dir='ltr'><strong>bonitate</strong></span> <span class='ocrx_word' id='word_1_272' title='bbox 2871 1624 2937 1677; x_wconf 73' lang='lat' dir='ltr'><strong>ad</strong></span> <span class='ocrx_word' id='word_1_273' title='bbox 2969 1624 3214 1678; x_wconf 85' lang='lat' dir='ltr'><strong>divinum</strong></span> <span class='ocrx_word' id='word_1_274' title='bbox 3247 1632 3705 1681; x_wconf 87' lang='lat' dir='ltr'><strong>sacrosanctum-</strong></span> 
     </span>
    </p>
   </div>
   <div class='ocr_carea' id='block_1_46' title="bbox 2124 1714 3715 1787">
    <p class='ocr_par' dir='ltr' id='par_1_46' title="bbox 2124 1714 3715 1787">
     <span class='ocr_line' id='line_1_46' title="bbox 2124 1714 3715 1787; baseline 0.003 -21"><span class='ocrx_word' id='word_1_275' title='bbox 2124 1730 2228 1787; x_wconf 90' lang='lat' dir='ltr'><strong>que</strong></span> <span class='ocrx_word' id='word_1_276' title='bbox 2286 1716 2454 1769; x_wconf 86' lang='lat' dir='ltr'><strong>altare</strong></span> <span class='ocrx_word' id='word_1_277' title='bbox 2511 1714 2703 1770; x_wconf 89' lang='lat' dir='ltr'><strong>delecti</strong></span> <span class='ocrx_word' id='word_1_278' title='bbox 2757 1723 2906 1781; x_wconf 82' lang='lat' dir='ltr'><strong>sunt,</strong></span> <span class='ocrx_word' id='word_1_279' title='bbox 2949 1716 3050 1771; x_wconf 92' lang='lat' dir='ltr'><strong>hos</strong></span> <span class='ocrx_word' id='word_1_280' title='bbox 3109 1731 3220 1770; x_wconf 93' lang='lat' dir='ltr'><strong>non</strong></span> <span class='ocrx_word' id='word_1_281' title='bbox 3254 1718 3414 1771; x_wconf 89' lang='lat' dir='ltr'><strong>modo</strong></span> <span class='ocrx_word' id='word_1_282' title='bbox 3443 1734 3474 1771; x_wconf 90' lang='lat' dir='ltr'><strong>a</strong></span> <span class='ocrx_word' id='word_1_283' title='bbox 3508 1718 3715 1787; x_wconf 88' lang='lat' dir='ltr'><strong>peccati</strong></span> 
     </span>
    </p>
   </div>
   <div class='ocr_carea' id='block_1_47' title="bbox 2125 1803 3717 1874">
    <p class='ocr_par' dir='ltr' id='par_1_47' title="bbox 2125 1803 3717 1874">
     <span class='ocr_line' id='line_1_47' title="bbox 2125 1803 3717 1874; baseline 0.001 -15"><span class='ocrx_word' id='word_1_284' title='bbox 2125 1803 2459 1874; x_wconf 84' lang='lat' dir='ltr'><strong>turpitudine</strong></span> <span class='ocrx_word' id='word_1_285' title='bbox 2484 1804 2716 1859; x_wconf 83' lang='lat' dir='ltr'><strong>mundos</strong></span> <span class='ocrx_word' id='word_1_286' title='bbox 2752 1822 2894 1869; x_wconf 83' lang='lat' dir='ltr'><strong>esse,</strong></span> <span class='ocrx_word' id='word_1_287' title='bbox 2915 1822 3108 1860; x_wconf 89' lang='lat' dir='ltr'><strong>verum</strong></span> <span class='ocrx_word' id='word_1_288' title='bbox 3142 1808 3307 1862; x_wconf 89' lang='lat' dir='ltr'><strong>etiam</strong></span> <span class='ocrx_word' id='word_1_289' title='bbox 3340 1823 3368 1861; x_wconf 89' lang='lat' dir='ltr'><strong>a</strong></span> <span class='ocrx_word' id='word_1_290' title='bbox 3404 1807 3717 1862; x_wconf 88' lang='lat' dir='ltr'><strong>communis</strong></span> 
     </span>
    </p>
   </div>
   <div class='ocr_carea' id='block_1_48' title="bbox 2126 1897 3712 1967">
    <p class='ocr_par' dir='ltr' id='par_1_48' title="bbox 2126 1897 3712 1967">
     <span class='ocr_line' id='line_1_48' title="bbox 2126 1897 3712 1967; baseline 0.001 -16"><span class='ocrx_word' id='word_1_291' title='bbox 2126 1898 2253 1952; x_wconf 70' lang='lat' dir='ltr'><strong>vitae</strong></span> <span class='ocrx_word' id='word_1_292' title='bbox 2285 1897 2518 1967; x_wconf 81' lang='lat' dir='ltr'><strong>negotiis</strong></span> <span class='ocrx_word' id='word_1_293' title='bbox 2539 1905 2593 1951; x_wconf 91' lang='lat' dir='ltr'><strong>et</strong></span> <span class='ocrx_word' id='word_1_294' title='bbox 2618 1897 2882 1953; x_wconf 79' lang='lat' dir='ltr'><strong>molcStiis</strong></span> <span class='ocrx_word' id='word_1_295' title='bbox 2935 1914 3129 1955; x_wconf 88' lang='lat' dir='ltr'><strong>vacare</strong></span> <span class='ocrx_word' id='word_1_296' title='bbox 3177 1901 3357 1955; x_wconf 88' lang='lat' dir='ltr'><strong>decet.</strong></span> <span class='ocrx_word' id='word_1_297' title='bbox 3390 1898 3544 1953; x_wconf 86' lang='lat' dir='ltr'><strong>Sicut</strong></span> <span class='ocrx_word' id='word_1_298' title='bbox 3564 1898 3712 1953; x_wconf 90' lang='lat' dir='ltr'><strong>enim</strong></span> 
     </span>
    </p>
   </div>
   <div class='ocr_carea' id='block_1_49' title="bbox 2125 1989 3715 2060">
    <p class='ocr_par' dir='ltr' id='par_1_49' title="bbox 2125 1989 3715 2060">
     <span class='ocr_line' id='line_1_49' title="bbox 2125 1989 3715 2060; baseline 0 -16"><span class='ocrx_word' id='word_1_299' title='bbox 2125 1989 2231 2044; x_wconf 87' lang='lat' dir='ltr'><strong>alia</strong></span> <span class='ocrx_word' id='word_1_300' title='bbox 2298 1989 2713 2044; x_wconf 80' lang='lat' dir='ltr'><strong>incontaminati</strong></span> <span class='ocrx_word' id='word_1_301' title='bbox 2786 1991 3040 2060; x_wconf 89' lang='lat' dir='ltr'><strong>sacrique</strong></span> <span class='ocrx_word' id='word_1_302' title='bbox 3103 1991 3289 2045; x_wconf 90' lang='lat' dir='ltr'><strong>eultus</strong></span> <span class='ocrx_word' id='word_1_303' title='bbox 3362 2000 3715 2045; x_wconf 85' lang='lat' dir='ltr'><strong>monumenta</strong></span> 
     </span>
    </p>
   </div>
   <div class='ocr_carea' id='block_1_50' title="bbox 2125 2081 3719 2152">
    <p class='ocr_par' dir='ltr' id='par_1_50' title="bbox 2125 2081 3719 2152">
     <span class='ocr_line' id='line_1_50' title="bbox 2125 2081 3719 2152; baseline -0.001 -17"><span class='ocrx_word' id='word_1_304' title='bbox 2125 2081 2334 2152; x_wconf 76' lang='lat' dir='ltr'><strong>vulgari</strong></span> <span class='ocrx_word' id='word_1_305' title='bbox 2363 2082 2796 2137; x_wconf 84' lang='lat' dir='ltr'><strong>contrectatione</strong></span> <span class='ocrx_word' id='word_1_306' title='bbox 2830 2081 3109 2151; x_wconf 74' lang='lat' dir='ltr'><strong>profanari</strong></span> <span class='ocrx_word' id='word_1_307' title='bbox 3134 2083 3387 2139; x_wconf 85' lang='lat' dir='ltr'><strong>nonlicct</strong></span> <span class='ocrx_word' id='word_1_308' title='bbox 3419 2102 3433 2139; x_wconf 91' lang='lat'><strong>:</strong></span> <span class='ocrx_word' id='word_1_309' title='bbox 3472 2083 3537 2137; x_wconf 87' lang='lat' dir='ltr'><strong>ad</strong></span> <span class='ocrx_word' id='word_1_310' title='bbox 3561 2098 3719 2137; x_wconf 87' lang='lat' dir='ltr'><strong>eum-</strong></span> 
     </span>
    </p>
   </div>
   <div class='ocr_carea' id='block_1_51' title="bbox 2126 2173 3715 2244">
    <p class='ocr_par' dir='ltr' id='par_1_51' title="bbox 2126 2173 3715 2244">
     <span class='ocr_line' id='line_1_51' title="bbox 2126 2173 3715 2244; baseline -0.004 -13"><span class='ocrx_word' id='word_1_311' title='bbox 2126 2175 2247 2231; x_wconf 90' lang='lat' dir='ltr'><strong>dem</strong></span> <span class='ocrx_word' id='word_1_312' title='bbox 2281 2174 2501 2228; x_wconf 86' lang='lat' dir='ltr'><strong>modum</strong></span> <span class='ocrx_word' id='word_1_313' title='bbox 2551 2189 2729 2244; x_wconf 90' lang='lat' dir='ltr'><strong>neque</strong></span> <span class='ocrx_word' id='word_1_314' title='bbox 2788 2174 3030 2228; x_wconf 86' lang='lat' dir='ltr'><strong>animata</strong></span> <span class='ocrx_word' id='word_1_315' title='bbox 3082 2174 3421 2228; x_wconf 86' lang='lat' dir='ltr'><strong>immaculati</strong></span> <span class='ocrx_word' id='word_1_316' title='bbox 3486 2173 3715 2228; x_wconf 84' lang='lat' dir='ltr'><strong>sacrarii</strong></span> 
     </span>
    </p>
   </div>
   <div class='ocr_carea' id='block_1_52' title="bbox 2126 2264 3711 2334">
    <p class='ocr_par' dir='ltr' id='par_1_52' title="bbox 2126 2264 3711 2334">
     <span class='ocr_line' id='line_1_52' title="bbox 2126 2264 3711 2334; baseline -0.004 -12"><span class='ocrx_word' id='word_1_317' title='bbox 2126 2275 2447 2322; x_wconf 88' lang='lat' dir='ltr'><strong>ornamenta</strong></span> <span class='ocrx_word' id='word_1_318' title='bbox 2500 2265 2779 2321; x_wconf 84' lang='lat' dir='ltr'><strong>communi</strong></span> <span class='ocrx_word' id='word_1_319' title='bbox 2811 2282 2912 2320; x_wconf 90' lang='lat' dir='ltr'><strong>usu</strong></span> <span class='ocrx_word' id='word_1_320' title='bbox 2940 2264 3283 2331; x_wconf 79' lang='lat' dir='ltr'><strong>dedecorari,</strong></span> <span class='ocrx_word' id='word_1_321' title='bbox 3345 2266 3438 2320; x_wconf 88' lang='lat' dir='ltr'><strong>sed</strong></span> <span class='ocrx_word' id='word_1_322' title='bbox 3467 2264 3518 2318; x_wconf 92' lang='lat' dir='ltr'><strong>in</strong></span> <span class='ocrx_word' id='word_1_323' title='bbox 3547 2280 3711 2334; x_wconf 87' lang='lat' dir='ltr'><strong>quem</strong></span> 
     </span>
    </p>
   </div>
   <div class='ocr_carea' id='block_1_53' title="bbox 2127 2356 3716 2421">
    <p class='ocr_par' dir='ltr' id='par_1_53' title="bbox 2127 2356 3716 2421">
     <span class='ocr_line' id='line_1_53' title="bbox 2127 2356 3716 2421; baseline -0.004 -6"><span class='ocrx_word' id='word_1_324' title='bbox 2127 2360 2376 2416; x_wconf 89' lang='lat' dir='ltr'><strong>ordinem</strong></span> <span class='ocrx_word' id='word_1_325' title='bbox 2411 2366 2734 2415; x_wconf 83' lang='lat' dir='ltr'><strong>consecrata</strong></span> <span class='ocrx_word' id='word_1_326' title='bbox 2758 2368 2906 2421; x_wconf 90' lang='lat' dir='ltr'><strong>sunt,</strong></span> <span class='ocrx_word' id='word_1_327' title='bbox 2933 2356 2985 2411; x_wconf 88' lang='lat' dir='ltr'><strong>in</strong></span> <span class='ocrx_word' id='word_1_328' title='bbox 3010 2360 3202 2412; x_wconf 89' lang='lat' dir='ltr'><strong>eodem</strong></span> <span class='ocrx_word' id='word_1_329' title='bbox 3236 2358 3716 2413; x_wconf 79' lang='lat' dir='ltr'><strong>consecrationem</strong></span> 
     </span>
    </p>
   </div>
   <div class='ocr_carea' id='block_1_54' title="bbox 2128 2450 3722 2523">
    <p class='ocr_par' dir='ltr' id='par_1_54' title="bbox 2128 2450 3722 2523">
     <span class='ocr_line' id='line_1_54' title="bbox 2128 2450 3722 2523; baseline -0.003 -17"><span class='ocrx_word' id='word_1_330' title='bbox 2128 2467 2322 2523; x_wconf 89' lang='lat' dir='ltr'><strong>puram</strong></span> <span class='ocrx_word' id='word_1_331' title='bbox 2353 2466 2685 2507; x_wconf 83' lang='lat' dir='ltr'><strong>conservare</strong></span> <span class='ocrx_word' id='word_1_332' title='bbox 2710 2450 2990 2505; x_wconf 81' lang='lat' dir='ltr'><strong>convenit.</strong></span> <span class='ocrx_word' id='word_1_333' title='bbox 3020 2450 3324 2505; x_wconf 83' lang='lat' dir='ltr'><strong>Admodum</strong></span> <span class='ocrx_word' id='word_1_334' title='bbox 3343 2450 3722 2519; x_wconf 78' lang='lat' dir='ltr'><strong>igiturdecen—</strong></span> 
     </span>
    </p>
   </div>
   <div class='ocr_carea' id='block_1_55' title="bbox 2129 2539 3722 2615">
    <p class='ocr_par' dir='ltr' id='par_1_55' title="bbox 2129 2539 3722 2615">
     <span class='ocr_line' id='line_1_55' title="bbox 2129 2539 3722 2615; baseline -0.003 -16"><span class='ocrx_word' id='word_1_335' title='bbox 2129 2553 2213 2601; x_wconf 91' lang='lat' dir='ltr'><strong>ter</strong></span> <span class='ocrx_word' id='word_1_336' title='bbox 2249 2545 2651 2615; x_wconf 86' lang='lat' dir='ltr'><strong>apostolorum,</strong></span> <span class='ocrx_word' id='word_1_337' title='bbox 2708 2558 3021 2614; x_wconf 65' lang='lat' dir='ltr'><strong>prteconum</strong></span> <span class='ocrx_word' id='word_1_338' title='bbox 3080 2539 3198 2602; x_wconf 78' lang='lat' dir='ltr'><strong>Dei.</strong></span> <span class='ocrx_word' id='word_1_339' title='bbox 3270 2541 3722 2611; x_wconf 87' lang='lat' dir='ltr'><strong>decretum,cpi-</strong></span> 
     </span>
    </p>
   </div>
   <div class='ocr_carea' id='block_1_56' title="bbox 2131 2633 3723 2708">
    <p class='ocr_par' dir='ltr' id='par_1_56' title="bbox 2131 2633 3723 2708">
     <span class='ocr_line' id='line_1_56' title="bbox 2131 2633 3723 2708; baseline -0.005 -15"><span class='ocrx_word' id='word_1_340' title='bbox 2131 2652 2351 2708; x_wconf 89' lang='lat' dir='ltr'><strong>scopos,</strong></span> <span class='ocrx_word' id='word_1_341' title='bbox 2387 2634 2723 2699; x_wconf 82' lang='lat' dir='ltr'><strong>sacerdotes,</strong></span> <span class='ocrx_word' id='word_1_342' title='bbox 2744 2642 2797 2689; x_wconf 87' lang='lat' dir='ltr'><strong>et</strong></span> <span class='ocrx_word' id='word_1_343' title='bbox 2824 2634 3080 2697; x_wconf 86' lang='lat' dir='ltr'><strong>clericos,</strong></span> <span class='ocrx_word' id='word_1_344' title='bbox 3134 2635 3227 2704; x_wconf 91' lang='lat' dir='ltr'><strong>qui</strong></span> <span class='ocrx_word' id='word_1_345' title='bbox 3253 2650 3312 2688; x_wconf 89' lang='lat' dir='ltr'><strong>se</strong></span> <span class='ocrx_word' id='word_1_346' title='bbox 3344 2633 3723 2687; x_wconf 82' lang='lat' dir='ltr'><strong>advocationi-</strong></span> 
     </span>
    </p>
   </div>
   <div class='ocr_carea' id='block_1_57' title="bbox 2131 2726 3727 2799">
    <p class='ocr_par' dir='ltr' id='par_1_57' title="bbox 2131 2726 3727 2799">
     <span class='ocr_line' id='line_1_57' title="bbox 2131 2726 3727 2799; baseline -0.001 -17"><span class='ocrx_word' id='word_1_347' title='bbox 2131 2729 2239 2784; x_wconf 87' lang='lat' dir='ltr'><strong>bus</strong></span> <span class='ocrx_word' id='word_1_348' title='bbox 2289 2727 2424 2798; x_wconf 78' lang='lat'><strong>(‘28),</strong></span> <span class='ocrx_word' id='word_1_349' title='bbox 2462 2726 2855 2799; x_wconf 85' lang='lat' dir='ltr'><strong>sponsionibus</strong></span> <span class='ocrx_word' id='word_1_350' title='bbox 2887 2726 2997 2797; x_wconf 74' lang='lat'><strong>(‘29)</strong></span> <span class='ocrx_word' id='word_1_351' title='bbox 3031 2726 3401 2796; x_wconf 84' lang='lat' dir='ltr'><strong>redempturis</strong></span> <span class='ocrx_word' id='word_1_352' title='bbox 3439 2727 3550 2797; x_wconf 86' lang='grc'><strong>(50)</strong></span> <span class='ocrx_word' id='word_1_353' title='bbox 3603 2726 3727 2781; x_wconf 85' lang='lat' dir='ltr'><strong>idvc</strong></span> 
     </span>
    </p>
   </div>
   <div class='ocr_carea' id='block_1_58' title="bbox 2131 2818 3726 2892">
    <p class='ocr_par' dir='ltr' id='par_1_58' title="bbox 2131 2818 3726 2892">
     <span class='ocr_line' id='line_1_58' title="bbox 2131 2818 3726 2892; baseline -0.004 -17"><span class='ocrx_word' id='word_1_354' title='bbox 2131 2837 2304 2892; x_wconf 82' lang='lat' dir='ltr'><strong>genus</strong></span> <span class='ocrx_word' id='word_1_355' title='bbox 2356 2820 2480 2877; x_wconf 87' lang='lat' dir='ltr'><strong>aliis</strong></span> <span class='ocrx_word' id='word_1_356' title='bbox 2534 2819 2645 2889; x_wconf 80' lang='lat'><strong>(5|)</strong></span> <span class='ocrx_word' id='word_1_357' title='bbox 2679 2819 2845 2874; x_wconf 86' lang='lat' dir='ltr'><strong>rebus</strong></span> <span class='ocrx_word' id='word_1_358' title='bbox 2880 2818 3112 2882; x_wconf 89' lang='lat' dir='ltr'><strong>dedunt,</strong></span> <span class='ocrx_word' id='word_1_359' title='bbox 3139 2833 3300 2873; x_wconf 81' lang='lat' dir='ltr'><strong>sacro</strong></span> <span class='ocrx_word' id='word_1_360' title='bbox 3327 2818 3519 2873; x_wconf 86' lang='lat' dir='ltr'><strong>ordine</strong></span> <span class='ocrx_word' id='word_1_361' title='bbox 3551 2818 3726 2871; x_wconf 84' lang='lat' dir='ltr'><strong>denu-</strong></span> 
     </span>
    </p>
   </div>
   <div class='ocr_carea' id='block_1_59' title="bbox 2131 2908 3724 2979">
    <p class='ocr_par' dir='ltr' id='par_1_59' title="bbox 2131 2908 3724 2979">
     <span class='ocr_line' id='line_1_59' title="bbox 2131 2908 3724 2979; baseline -0.005 -11"><span class='ocrx_word' id='word_1_362' title='bbox 2131 2913 2245 2968; x_wconf 86' lang='lat' dir='ltr'><strong>dat.</strong></span> <span class='ocrx_word' id='word_1_363' title='bbox 2275 2913 2377 2979; x_wconf 80' lang='lat' dir='ltr'><strong>Qui</strong></span> <span class='ocrx_word' id='word_1_364' title='bbox 2412 2913 2556 2966; x_wconf 89' lang='lat' dir='ltr'><strong>enim</strong></span> <span class='ocrx_word' id='word_1_365' title='bbox 2573 2912 2891 2965; x_wconf 84' lang='lat' dir='ltr'><strong>attributam</strong></span> <span class='ocrx_word' id='word_1_366' title='bbox 2930 2909 3033 2964; x_wconf 88' lang='lat' dir='ltr'><strong>sibi</strong></span> <span class='ocrx_word' id='word_1_367' title='bbox 3062 2926 3091 2963; x_wconf 86' lang='lat' dir='ltr'><strong>a</strong></span> <span class='ocrx_word' id='word_1_368' title='bbox 3117 2918 3476 2964; x_wconf 84' lang='lat' dir='ltr'><strong>sacrosancto</strong></span> <span class='ocrx_word' id='word_1_369' title='bbox 3515 2908 3724 2979; x_wconf 89' lang='lat' dir='ltr'><strong>Spiritu</strong></span> 
     </span>
    </p>
   </div>
   <div class='ocr_carea' id='block_1_60' title="bbox 2132 2999 3725 3076">
    <p class='ocr_par' dir='ltr' id='par_1_60' title="bbox 2132 2999 3725 3076">
     <span class='ocr_line' id='line_1_60' title="bbox 2132 2999 3725 3076; baseline -0.002 -17"><span class='ocrx_word' id='word_1_370' title='bbox 2132 3005 2455 3076; x_wconf 79' lang='lat' dir='ltr'><strong>dignitatem</strong></span> <span class='ocrx_word' id='word_1_371' title='bbox 2518 3002 2656 3057; x_wconf 87' lang='lat' dir='ltr'><strong>adeo</strong></span> <span class='ocrx_word' id='word_1_372' title='bbox 2688 3002 3078 3066; x_wconf 86' lang='lat' dir='ltr'><strong>dehonestant,</strong></span> <span class='ocrx_word' id='word_1_373' title='bbox 3111 3008 3166 3056; x_wconf 92' lang='lat' dir='ltr'><strong>et</strong></span> <span class='ocrx_word' id='word_1_374' title='bbox 3199 3010 3465 3073; x_wconf 83' lang='lat' dir='ltr'><strong>quantum</strong></span> <span class='ocrx_word' id='word_1_375' title='bbox 3499 2999 3553 3054; x_wconf 87' lang='lat' dir='ltr'><strong>in</strong></span> <span class='ocrx_word' id='word_1_376' title='bbox 3588 3000 3725 3069; x_wconf 86' lang='lat' dir='ltr'><strong>ipsis</strong></span> 
     </span>
    </p>
   </div>
   <div class='ocr_carea' id='block_1_61' title="bbox 2135 3090 3726 3165">
    <p class='ocr_par' dir='ltr' id='par_1_61' title="bbox 2135 3090 3726 3165">
     <span class='ocr_line' id='line_1_61' title="bbox 2135 3090 3726 3165; baseline -0.005 -13"><span class='ocrx_word' id='word_1_377' title='bbox 2135 3108 2247 3161; x_wconf 87' lang='lat' dir='ltr'><strong>est,</strong></span> <span class='ocrx_word' id='word_1_378' title='bbox 2292 3095 2687 3152; x_wconf 79' lang='lat' dir='ltr'><strong>sublimitatem</strong></span> <span class='ocrx_word' id='word_1_379' title='bbox 2738 3093 2929 3165; x_wconf 70' lang='lat' dir='ltr'><strong>gratiae</strong></span> <span class='ocrx_word' id='word_1_380' title='bbox 2963 3092 3304 3163; x_wconf 87' lang='lat' dir='ltr'><strong>deprimunt,</strong></span> <span class='ocrx_word' id='word_1_381' title='bbox 3338 3093 3533 3146; x_wconf 88' lang='lat' dir='ltr'><strong>merito</strong></span> <span class='ocrx_word' id='word_1_382' title='bbox 3562 3090 3726 3159; x_wconf 84' lang='lat' dir='ltr'><strong>cujus</strong></span> 
     </span>
    </p>
   </div>
   <div class='ocr_carea' id='block_1_62' title="bbox 449 3176 2030 3262">
    <p class='ocr_par' dir='ltr' id='par_1_62' title="bbox 449 3180 2030 3262">
     <span class='ocr_line' id='line_1_62' title="bbox 449 3180 2030 3262; baseline -0.004 -19"><span class='ocrx_word' id='word_1_383' title='bbox 449 3190 667 3254; x_wconf 80' lang='grc' dir='ltr'>νοῦντες</span> <span class='ocrx_word' id='word_1_384' title='bbox 704 3191 800 3261; x_wconf 80' lang='grc' dir='ltr'><strong>τῆς</strong></span> <span class='ocrx_word' id='word_1_385' title='bbox 835 3190 1080 3262; x_wconf 72' lang='grc' dir='ltr'>χάριτος,</span> <span class='ocrx_word' id='word_1_386' title='bbox 1156 3186 1381 3250; x_wconf 81' lang='grc' dir='ltr'>δικαίως</span> <span class='ocrx_word' id='word_1_387' title='bbox 1430 3180 1518 3239; x_wconf 76' lang='grc' dir='ltr'>οἷα</span> <span class='ocrx_word' id='word_1_388' title='bbox 1555 3187 1653 3255; x_wconf 79' lang='grc' dir='ltr'>τῆς</span> <span class='ocrx_word' id='word_1_389' title='bbox 1712 3183 2030 3255; x_wconf 84' lang='grc' dir='ltr'>εὐεργεσίας</span> 
     </span>
    </p>
   </div>
   <div class='ocr_carea' id='block_1_63' title="bbox 2135 3176 3726 3262">
    <p class='ocr_par' dir='ltr' id='par_1_63' title="bbox 2138 3184 3726 3257">
     <span class='ocr_line' id='line_1_63' title="bbox 2138 3184 3726 3257; baseline -0.004 -13"><span class='ocrx_word' id='word_1_390' title='bbox 2138 3187 2385 3244; x_wconf 82' lang='lat' dir='ltr'><strong>beneﬁcii</strong></span> <span class='ocrx_word' id='word_1_391' title='bbox 2438 3186 2869 3257; x_wconf 74' lang='lat' dir='ltr'><strong>magnitudinem</strong></span> <span class='ocrx_word' id='word_1_392' title='bbox 2922 3200 3032 3241; x_wconf 89' lang='lat' dir='ltr'><strong>non</strong></span> <span class='ocrx_word' id='word_1_393' title='bbox 3058 3185 3324 3252; x_wconf 89' lang='lat' dir='ltr'><strong>sentiunt,</strong></span> <span class='ocrx_word' id='word_1_394' title='bbox 3376 3200 3442 3240; x_wconf 92' lang='lat' dir='ltr'><strong>eo</strong></span> <span class='ocrx_word' id='word_1_395' title='bbox 3481 3192 3541 3239; x_wconf 93' lang='lat' dir='ltr'><strong>ut</strong></span> <span class='ocrx_word' id='word_1_396' title='bbox 3579 3184 3726 3239; x_wconf 86' lang='lat' dir='ltr'><strong>indi-</strong></span> 
     </span>
    </p>
   </div>
   <div class='ocr_carea' id='block_1_64' title="bbox 451 3277 2031 3355">
    <p class='ocr_par' dir='ltr' id='par_1_64' title="bbox 451 3277 2031 3355">
     <span class='ocr_line' id='line_1_64' title="bbox 451 3277 2031 3355; baseline -0.006 -18"><span class='ocrx_word' id='word_1_397' title='bbox 451 3285 682 3350; x_wconf 70' lang='grc' dir='ltr'>ἀνᾱιξιοι,</span> <span class='ocrx_word' id='word_1_398' title='bbox 703 3278 769 3355; x_wconf 82' lang='grc' dir='ltr'>ἦς</span> <span class='ocrx_word' id='word_1_399' title='bbox 788 3281 848 3335; x_wconf 80' lang='grc' dir='ltr'><strong>τὸ</strong></span> <span class='ocrx_word' id='word_1_400' title='bbox 876 3282 1106 3352; x_wconf 78' lang='grc' dir='ltr'>μέγεθος</span> <span class='ocrx_word' id='word_1_401' title='bbox 1130 3280 1229 3333; x_wconf 74' lang='grc' dir='ltr'><strong>οὐκ</strong></span> <span class='ocrx_word' id='word_1_402' title='bbox 1261 3278 1633 3343; x_wconf 85' lang='grc' dir='ltr'>αἰσθάνονται,</span> <span class='ocrx_word' id='word_1_403' title='bbox 1666 3278 1764 3348; x_wconf 85' lang='grc' dir='ltr'><strong>τὴν</strong></span> <span class='ocrx_word' id='word_1_404' title='bbox 1797 3277 2031 3349; x_wconf 77' lang='grc' dir='ltr'>ἀφαίρε-</span> 
     </span>
    </p>
   </div>
   <div class='ocr_carea' id='block_1_65' title="bbox 449 3371 2036 3448">
    <p class='ocr_par' dir='ltr' id='par_1_65' title="bbox 449 3371 2036 3448">
     <span class='ocr_line' id='line_1_65' title="bbox 449 3371 2036 3448; baseline -0.005 -17"><span class='ocrx_word' id='word_1_405' title='bbox 449 3394 532 3431; x_wconf 88' lang='grc' dir='ltr'><strong>σιν</strong></span> <span class='ocrx_word' id='word_1_406' title='bbox 551 3377 994 3448; x_wconf 85' lang='grc' dir='ltr'>κατακρίνονται.</span> <span class='ocrx_word' id='word_1_407' title='bbox 1026 3375 1173 3446; x_wconf 74' lang='grc' dir='ltr'>Πλὴν</span> <span class='ocrx_word' id='word_1_408' title='bbox 1209 3373 1324 3426; x_wconf 79' lang='grc' dir='ltr'>ἀλλ’</span> <span class='ocrx_word' id='word_1_409' title='bbox 1357 3372 1545 3444; x_wconf 80' lang='grc' dir='ltr'>ἐπειδὴ</span> <span class='ocrx_word' id='word_1_410' title='bbox 1568 3372 1705 3444; x_wconf 78' lang='grc' dir='ltr'>πρὸς</span> <span class='ocrx_word' id='word_1_411' title='bbox 1746 3372 1843 3443; x_wconf 83' lang='grc' dir='ltr'>τὴν</span> <span class='ocrx_word' id='word_1_412' title='bbox 1869 3371 2036 3441; x_wconf 80' lang='grc' dir='ltr'>ἀκρό-</span> 
     </span>
    </p>
   </div>
   <div class='ocr_carea' id='block_1_66' title="bbox 448 3462 2029 3543">
    <p class='ocr_par' dir='ltr' id='par_1_66' title="bbox 448 3462 2029 3543">
     <span class='ocr_line' id='line_1_66' title="bbox 448 3462 2029 3543; baseline -0.009 -16"><span class='ocrx_word' id='word_1_413' title='bbox 448 3491 586 3543; x_wconf 88' lang='grc' dir='ltr'>τητα</span> <span class='ocrx_word' id='word_1_414' title='bbox 613 3470 707 3525; x_wconf 83' lang='grc' dir='ltr'>τοῦ</span> <span class='ocrx_word' id='word_1_415' title='bbox 738 3469 1136 3539; x_wconf 83' lang='grc' dir='ltr'>πολιτεύματος</span> <span class='ocrx_word' id='word_1_416' title='bbox 1160 3468 1269 3521; x_wconf 88' lang='grc' dir='ltr'><strong>τῶν</strong></span> <span class='ocrx_word' id='word_1_417' title='bbox 1296 3466 1457 3521; x_wconf 88' lang='grc' dir='ltr'>Θείων</span> <span class='ocrx_word' id='word_1_418' title='bbox 1479 3465 1705 3519; x_wconf 74' lang='grc' dir='ltr'>ἐκείνων</span> <span class='ocrx_word' id='word_1_419' title='bbox 1719 3462 2029 3535; x_wconf 79' lang='grc' dir='ltr'>νομοθετῶν</span> 
     </span>
    </p>
   </div>
   <div class='ocr_carea' id='block_1_67' title="bbox 447 3546 2037 3635">
    <p class='ocr_par' dir='ltr' id='par_1_67' title="bbox 447 3546 2037 3635">
     <span class='ocr_line' id='line_1_67' title="bbox 447 3546 2037 3635; baseline -0.011 -16"><span class='ocrx_word' id='word_1_420' title='bbox 447 3566 477 3619; x_wconf 83' lang='grc' dir='ltr'><strong>δ</strong></span> <span class='ocrx_word' id='word_1_421' title='bbox 511 3562 703 3635; x_wconf 88' lang='grc' dir='ltr'>παρὼν</span> <span class='ocrx_word' id='word_1_422' title='bbox 744 3562 861 3633; x_wconf 84' lang='grc' dir='ltr'>βίος</span> <span class='ocrx_word' id='word_1_423' title='bbox 907 3558 1245 3614; x_wconf 74' lang='grc' dir='ltr'>ἐντείνεσθαι</span> <span class='ocrx_word' id='word_1_424' title='bbox 1302 3554 1659 3626; x_wconf 81' lang='grc' dir='ltr'>ἀτονώτερος,</span> <span class='ocrx_word' id='word_1_425' title='bbox 1701 3554 1758 3605; x_wconf 79' lang='grc' dir='ltr'>ὲν</span> <span class='ocrx_word' id='word_1_426' title='bbox 1822 3546 1901 3614; x_wconf 76' lang='grc' dir='ltr'>οἷς</span> <span class='ocrx_word' id='word_1_427' title='bbox 1937 3551 2037 3603; x_wconf 86' lang='grc' dir='ltr'><strong>οὐκ</strong></span> 
     </span>
    </p>
   </div>
   <div class='ocr_carea' id='block_1_68' title="bbox 452 3644 2033 3725">
    <p class='ocr_par' dir='ltr' id='par_1_68' title="bbox 452 3644 2033 3725">
     <span class='ocr_line' id='line_1_68' title="bbox 452 3644 2033 3725; baseline -0.011 -14"><span class='ocrx_word' id='word_1_428' title='bbox 452 3654 835 3725; x_wconf 83' lang='grc' dir='ltr'>ἁσύγγνωστον</span> <span class='ocrx_word' id='word_1_429' title='bbox 852 3654 896 3685; x_wconf 84' lang='grc'><strong>⁸⁸</strong></span> <span class='ocrx_word' id='word_1_430' title='bbox 915 3653 974 3705; x_wconf 73' lang='grc' dir='ltr'><strong>τδ</strong></span> <span class='ocrx_word' id='word_1_431' title='bbox 993 3652 1319 3723; x_wconf 77' lang='grc' dir='ltr'>ἁμάρτημα,</span> <span class='ocrx_word' id='word_1_432' title='bbox 1348 3646 1526 3720; x_wconf 74' lang='grc' dir='ltr'>οἶμαι,</span> <span class='ocrx_word' id='word_1_433' title='bbox 1548 3647 1649 3699; x_wconf 72' lang='grc' dir='ltr'><strong>οὐκ</strong></span> <span class='ocrx_word' id='word_1_434' title='bbox 1669 3644 1824 3699; x_wconf 76' lang='grc' dir='ltr'>ἔσται</span> <span class='ocrx_word' id='word_1_435' title='bbox 1854 3644 2033 3706; x_wconf 76' lang='grc' dir='ltr'>αὐτοῖς</span> 
     </span>
    </p>
   </div>
   <div class='ocr_carea' id='block_1_69' title="bbox 452 3736 2037 3825">
    <p class='ocr_par' dir='ltr' id='par_1_69' title="bbox 452 3736 2037 3825">
     <span class='ocr_line' id='line_1_69' title="bbox 452 3736 2037 3825; baseline -0.011 -22"><span class='ocrx_word' id='word_1_436' title='bbox 452 3747 769 3825; x_wconf 76' lang='grc' dir='ltr'>ἀπαρέσκον</span> <span class='ocrx_word' id='word_1_437' title='bbox 824 3744 1054 3816; x_wconf 85' lang='grc' dir='ltr'>μετρίαν</span> <span class='ocrx_word' id='word_1_438' title='bbox 1123 3742 1245 3796; x_wconf 82' lang='grc' dir='ltr'>τινὰ</span> <span class='ocrx_word' id='word_1_439' title='bbox 1278 3739 1463 3795; x_wconf 75' lang='grc' dir='ltr'>δοῦναι</span> <span class='ocrx_word' id='word_1_440' title='bbox 1512 3736 1848 3808; x_wconf 84' lang='grc' dir='ltr'>συγγνώμην</span> <span class='ocrx_word' id='word_1_441' title='bbox 1924 3737 2037 3797; x_wconf 83' lang='grc' dir='ltr'>τοῖς</span> 
     </span>
    </p>
   </div>
   <div class='ocr_carea' id='block_1_70' title="bbox 456 3840 878 3911">
    <p class='ocr_par' dir='ltr' id='par_1_70' title="bbox 456 3840 878 3911">
     <span class='ocr_line' id='line_1_70' title="bbox 456 3840 878 3911; baseline -0.007 -15"><span class='ocrx_word' id='word_1_442' title='bbox 456 3840 878 3911; x_wconf 66' lang='grc' dir='ltr'>σφαλλομένοις.</span> 
     </span>
    </p>
   </div>
   <div class='ocr_carea' id='block_1_71' title="bbox 514 3923 2034 4003">
    <p class='ocr_par' dir='ltr' id='par_1_71' title="bbox 514 3923 2034 4003">
     <span class='ocr_line' id='line_1_71' title="bbox 514 3923 2034 4003; baseline -0.01 -14"><span class='ocrx_word' id='word_1_443' title='bbox 514 3935 614 3990; x_wconf 66' lang='grc' dir='ltr'><strong>Διὰ</strong></span> <span class='ocrx_word' id='word_1_444' title='bbox 662 3933 824 3988; x_wconf 80' lang='grc' dir='ltr'>τοῦτο</span> <span class='ocrx_word' id='word_1_445' title='bbox 853 3934 1009 4003; x_wconf 71' lang='grc' dir='ltr'>ἡμεῖς</span> <span class='ocrx_word' id='word_1_446' title='bbox 1055 3932 1157 3984; x_wconf 81' lang='grc' dir='ltr'><strong>οὐκ</strong></span> <span class='ocrx_word' id='word_1_447' title='bbox 1196 3924 1743 3998; x_wconf 80' lang='grc' dir='ltr'>ἀντινομοθετοῦντες</span> <span class='ocrx_word' id='word_1_448' title='bbox 1782 3923 2034 3991; x_wconf 81' lang='grc' dir='ltr'>(ἄπαγε),</span> 
     </span>
    </p>
   </div>
   <div class='ocr_carea' id='block_1_72' title="bbox 454 4015 2040 4097">
    <p class='ocr_par' dir='ltr' id='par_1_72' title="bbox 454 4015 2040 4097">
     <span class='ocr_line' id='line_1_72' title="bbox 454 4015 2040 4097; baseline -0.009 -16"><span class='ocrx_word' id='word_1_449' title='bbox 454 4028 593 4081; x_wconf 79' lang='grc' dir='ltr'>ἀλλὰ</span> <span class='ocrx_word' id='word_1_450' title='bbox 627 4026 827 4097; x_wconf 81' lang='grc' dir='ltr'>μᾶλλον</span> <span class='ocrx_word' id='word_1_451' title='bbox 871 4024 950 4096; x_wconf 78' lang='grc' dir='ltr'>τῷ</span> <span class='ocrx_word' id='word_1_452' title='bbox 999 4022 1131 4093; x_wconf 81' lang='grc' dir='ltr'>ἱερῷ</span> <span class='ocrx_word' id='word_1_453' title='bbox 1163 4018 1500 4089; x_wconf 85' lang='grc' dir='ltr'>θεσπίσματι</span> <span class='ocrx_word' id='word_1_454' title='bbox 1535 4015 1916 4086; x_wconf 80' lang='grc' dir='ltr'>συνεπόμενοι,</span> <span class='ocrx_word' id='word_1_455' title='bbox 1945 4015 2040 4068; x_wconf 72' lang='grc' dir='ltr'>καὶ</span> 
     </span>
    </p>
   </div>
   <div class='ocr_carea' id='block_1_73' title="bbox 455 4107 2039 4189">
    <p class='ocr_par' dir='ltr' id='par_1_73' title="bbox 455 4107 2039 4189">
     <span class='ocr_line' id='line_1_73' title="bbox 455 4107 2039 4189; baseline -0.009 -15"><span class='ocrx_word' id='word_1_456' title='bbox 455 4121 601 4174; x_wconf 78' lang='grc' dir='ltr'>ὥστε</span> <span class='ocrx_word' id='word_1_457' title='bbox 651 4118 787 4189; x_wconf 81' lang='grc' dir='ltr'>μηδὲ</span> <span class='ocrx_word' id='word_1_458' title='bbox 820 4117 1096 4188; x_wconf 84' lang='grc' dir='ltr'>πρόφασιν</span> <span class='ocrx_word' id='word_1_459' title='bbox 1130 4112 1429 4180; x_wconf 85' lang='grc' dir='ltr'>ἀπολογίας</span> <span class='ocrx_word' id='word_1_460' title='bbox 1463 4107 1876 4181; x_wconf 85' lang='grc' dir='ltr'>περιλείπεσθαι</span> <span class='ocrx_word' id='word_1_461' title='bbox 1926 4109 2039 4172; x_wconf 87' lang='grc' dir='ltr'>τοῖς</span> 
     </span>
    </p>
   </div>
   <div class='ocr_carea' id='block_1_74' title="bbox 458 4198 2020 4276">
    <p class='ocr_par' dir='ltr' id='par_1_74' title="bbox 458 4198 2020 4276">
     <span class='ocr_line' id='line_1_74' title="bbox 458 4198 2020 4276; baseline -0.01 -10"><span class='ocrx_word' id='word_1_462' title='bbox 458 4209 735 4266; x_wconf 81' lang='grc' dir='ltr'>ὑπἀὐτοῦ</span> <span class='ocrx_word' id='word_1_463' title='bbox 765 4206 1307 4276; x_wconf 78' lang='grc' dir='ltr'>καταδικαζομένοις,</span> <span class='ocrx_word' id='word_1_464' title='bbox 1342 4202 1616 4275; x_wconf 78' lang='grc' dir='ltr'>ὁρίζομεν,</span> <span class='ocrx_word' id='word_1_465' title='bbox 1648 4200 1776 4264; x_wconf 81' lang='grc' dir='ltr'>τοὺς</span> <span class='ocrx_word' id='word_1_466' title='bbox 1803 4198 1900 4270; x_wconf 77' lang='grc' dir='ltr'>τὴν</span> <span class='ocrx_word' id='word_1_467' title='bbox 1941 4200 2020 4251; x_wconf 82' lang='grc' dir='ltr'>οἱ·</span> 
     </span>
    </p>
   </div>
   <div class='ocr_carea' id='block_1_75' title="bbox 457 4290 2039 4373">
    <p class='ocr_par' dir='ltr' id='par_1_75' title="bbox 457 4290 2039 4373">
     <span class='ocr_line' id='line_1_75' title="bbox 457 4290 2039 4373; baseline -0.01 -14"><span class='ocrx_word' id='word_1_468' title='bbox 457 4305 613 4359; x_wconf 86' lang='grc' dir='ltr'>κείαν</span> <span class='ocrx_word' id='word_1_469' title='bbox 634 4303 789 4368; x_wconf 79' lang='grc' dir='ltr'>τάξιν</span> <span class='ocrx_word' id='word_1_470' title='bbox 811 4302 1089 4373; x_wconf 82' lang='grc' dir='ltr'>ἀρχιερεῖς</span> <span class='ocrx_word' id='word_1_471' title='bbox 1114 4299 1146 4367; x_wconf 84' lang='grc' dir='ltr'><strong>ἦ</strong></span> <span class='ocrx_word' id='word_1_472' title='bbox 1183 4297 1346 4367; x_wconf 85' lang='grc' dir='ltr'>ἱερεῖς</span> <span class='ocrx_word' id='word_1_473' title='bbox 1373 4295 1406 4366; x_wconf 83' lang='grc' dir='ltr'><strong>ἢ</strong></span> <span class='ocrx_word' id='word_1_474' title='bbox 1435 4294 1574 4356; x_wconf 82' lang='grc' dir='ltr'>ὅλως</span> <span class='ocrx_word' id='word_1_475' title='bbox 1623 4292 1744 4346; x_wconf 62' lang='grc' dir='ltr'>τινὰ</span> <span class='ocrx_word' id='word_1_476' title='bbox 1776 4290 2039 4362; x_wconf 81' lang='grc' dir='ltr'>κληρικδν</span> 
     </span>
    </p>
   </div>
   <div class='ocr_carea' id='block_1_76' title="bbox 455 4382 2040 4462">
    <p class='ocr_par' dir='ltr' id='par_1_76' title="bbox 455 4382 2040 4462">
     <span class='ocr_line' id='line_1_76' title="bbox 455 4382 2040 4462; baseline -0.009 -14"><span class='ocrx_word' id='word_1_477' title='bbox 455 4395 544 4448; x_wconf 71' lang='grc' dir='ltr'><strong>διὰ</strong></span> <span class='ocrx_word' id='word_1_478' title='bbox 591 4390 922 4462; x_wconf 85' lang='grc' dir='ltr'>συνηγορίας</span> <span class='ocrx_word' id='word_1_479' title='bbox 984 4386 1247 4459; x_wconf 80' lang='grc' dir='ltr'>ἣέγγύης</span> <span class='ocrx_word' id='word_1_480' title='bbox 1289 4384 1463 4456; x_wconf 79' lang='grc' dir='ltr'>ἡτῶν</span> <span class='ocrx_word' id='word_1_481' title='bbox 1514 4382 1774 4436; x_wconf 75' lang='grc' dir='ltr'>τοιούτων</span> <span class='ocrx_word' id='word_1_482' title='bbox 1819 4382 2040 4453; x_wconf 87' lang='grc' dir='ltr'>τρόπων</span> 
     </span>
    </p>
   </div>
   <div class='ocr_carea' id='block_1_77' title="bbox 458 4474 2038 4551">
    <p class='ocr_par' dir='ltr' id='par_1_77' title="bbox 458 4474 2038 4551">
     <span class='ocr_line' id='line_1_77' title="bbox 458 4474 2038 4551; baseline -0.009 -12"><span class='ocrx_word' id='word_1_483' title='bbox 458 4484 785 4547; x_wconf 83' lang='grc' dir='ltr'>ἁθετοῦντας</span> <span class='ocrx_word' id='word_1_484' title='bbox 818 4479 1174 4551; x_wconf 80' lang='grc' dir='ltr'>ἀφορίζεσθαι</span> <span class='ocrx_word' id='word_1_485' title='bbox 1201 4477 1295 4530; x_wconf 70' lang='grc' dir='ltr'>καὶ</span> <span class='ocrx_word' id='word_1_486' title='bbox 1315 4474 1597 4546; x_wconf 74' lang='grc' dir='ltr'>σχολάζειν</span> <span class='ocrx_word' id='word_1_487' title='bbox 1636 4474 1729 4527; x_wconf 78' lang='grc' dir='ltr'><strong>ἐπί</strong></span> <span class='ocrx_word' id='word_1_488' title='bbox 1766 4491 1887 4527; x_wconf 87' lang='grc' dir='ltr'>τινα</span> <span class='ocrx_word' id='word_1_489' title='bbox 1914 4474 2038 4545; x_wconf 80' lang='grc' dir='ltr'>χρό·</span> 
     </span>
    </p>
   </div>
   <div class='ocr_carea' id='block_1_78' title="bbox 456 4565 2045 4639">
    <p class='ocr_par' dir='ltr' id='par_1_78' title="bbox 456 4565 2045 4639">
     <span class='ocr_line' id='line_1_78' title="bbox 456 4565 2045 4639; baseline -0.008 -8"><span class='ocrx_word' id='word_1_490' title='bbox 456 4595 549 4631; x_wconf 88' lang='grc' dir='ltr'><strong>νον</strong></span> <span class='ocrx_word' id='word_1_491' title='bbox 579 4576 673 4630; x_wconf 79' lang='grc' dir='ltr'><strong>τοῦ</strong></span> <span class='ocrx_word' id='word_1_492' title='bbox 701 4577 770 4628; x_wconf 81' lang='grc' dir='ltr'>τὰ</span> <span class='ocrx_word' id='word_1_493' title='bbox 791 4573 909 4627; x_wconf 90' lang='grc' dir='ltr'>θεῖα</span> <span class='ocrx_word' id='word_1_494' title='bbox 926 4572 1167 4639; x_wconf 79' lang='grc' dir='ltr'>ἐνεργεῖν</span> <span class='ocrx_word' id='word_1_495' title='bbox 1188 4584 1203 4601; x_wconf 77' lang='grc' dir='ltr'><strong>ο</strong></span> <span class='ocrx_word' id='word_1_496' title='bbox 1229 4569 1322 4621; x_wconf 76' lang='grc' dir='ltr'>καὶ</span> <span class='ocrx_word' id='word_1_497' title='bbox 1351 4566 1526 4629; x_wconf 68' lang='grc' dir='ltr'>οὕτως</span> <span class='ocrx_word' id='word_1_498' title='bbox 1552 4566 1710 4631; x_wconf 82' lang='grc' dir='ltr'>ἀξίαν</span> <span class='ocrx_word' id='word_1_499' title='bbox 1738 4565 1830 4619; x_wconf 82' lang='grc' dir='ltr'>τοῦ</span> <span class='ocrx_word' id='word_1_500' title='bbox 1861 4568 2045 4637; x_wconf 83' lang='grc' dir='ltr'>ἁμαρ-</span> 
     </span>
    </p>
   </div>
   <div class='ocr_carea' id='block_1_79' title="bbox 459 4658 2043 4741">
    <p class='ocr_par' dir='ltr' id='par_1_79' title="bbox 459 4658 2043 4741">
     <span class='ocr_line' id='line_1_79' title="bbox 459 4658 2043 4741; baseline -0.007 -19"><span class='ocrx_word' id='word_1_501' title='bbox 459 4672 527 4741; x_wconf 79' lang='grc' dir='ltr'>τή</span> <span class='ocrx_word' id='word_1_502' title='bbox 537 4687 707 4741; x_wconf 83' lang='grc' dir='ltr'>ματος</span> <span class='ocrx_word' id='word_1_503' title='bbox 733 4664 1163 4735; x_wconf 79' lang='grc' dir='ltr'>ἑπιδεδειγμένοι</span> <span class='ocrx_word' id='word_1_504' title='bbox 1196 4661 1491 4731; x_wconf 79' lang='grc' dir='ltr'>μετάνοιαν</span> <span class='ocrx_word' id='word_1_505' title='bbox 1521 4659 1602 4723; x_wconf 91' lang='grc' dir='ltr'><strong>εἱς</strong></span> <span class='ocrx_word' id='word_1_506' title='bbox 1622 4659 1720 4731; x_wconf 80' lang='grc' dir='ltr'><strong>τὴν</strong></span> <span class='ocrx_word' id='word_1_507' title='bbox 1748 4659 1855 4712; x_wconf 90' lang='grc' dir='ltr'><strong>τῶν</strong></span> <span class='ocrx_word' id='word_1_508' title='bbox 1884 4658 2043 4713; x_wconf 77' lang='grc' dir='ltr'>θείων</span> 
     </span>
    </p>
   </div>
   <div class='ocr_carea' id='block_1_80' title="bbox 465 4751 2042 4834">
    <p class='ocr_par' dir='ltr' id='par_1_80' title="bbox 465 4751 2042 4834">
     <span class='ocr_line' id='line_1_80' title="bbox 465 4751 2042 4834; baseline -0.008 -17"><span class='ocrx_word' id='word_1_509' title='bbox 465 4762 843 4834; x_wconf 82' lang='grc' dir='ltr'>μεταχείρισιν</span> <span class='ocrx_word' id='word_1_510' title='bbox 871 4756 1300 4825; x_wconf 79' lang='grc' dir='ltr'>εἰσαγέσθωσαν,</span> <span class='ocrx_word' id='word_1_511' title='bbox 1350 4752 1602 4814; x_wconf 85' lang='grc' dir='ltr'>ἁκοίνους</span> <span class='ocrx_word' id='word_1_512' title='bbox 1622 4751 1667 4781; x_wconf 84' lang='grc'><strong>⁸⁷</strong></span> <span class='ocrx_word' id='word_1_513' title='bbox 1698 4751 1927 4815; x_wconf 69' lang='grc' dir='ltr'>ἑαυτοὺς</span> <span class='ocrx_word' id='word_1_514' title='bbox 1978 4753 2042 4804; x_wconf 82' lang='grc' dir='ltr'>ἐκ</span> 
     </span>
    </p>
   </div>
   <div class='ocr_carea' id='block_1_81' title="bbox 2073 4525 2126 4585">
    <p class='ocr_par' dir='ltr' id='par_1_81' title="bbox 2073 4525 2126 4585">
     <span class='ocr_line' id='line_1_81' title="bbox 2073 4525 2126 4585; baseline 0 0"><span class='ocrx_word' id='word_1_515' title='bbox 2073 4525 2126 4585; x_wconf 90' lang='lat' dir='ltr'><strong>D</strong></span> 
     </span>
    </p>
   </div>
   <div class='ocr_carea' id='block_1_82' title="bbox 2139 3276 3722 3354">
    <p class='ocr_par' dir='ltr' id='par_1_82' title="bbox 2139 3276 3722 3354">
     <span class='ocr_line' id='line_1_82' title="bbox 2139 3276 3722 3354; baseline -0.004 -18"><span class='ocrx_word' id='word_1_516' title='bbox 2139 3282 2252 3354; x_wconf 80' lang='lat' dir='ltr'><strong>gni,</strong></span> <span class='ocrx_word' id='word_1_517' title='bbox 2283 3279 2538 3351; x_wconf 81' lang='lat' dir='ltr'><strong>privandi</strong></span> <span class='ocrx_word' id='word_1_518' title='bbox 2593 3277 2937 3349; x_wconf 75' lang='lat' dir='ltr'><strong>iudicantur.</strong></span> <span class='ocrx_word' id='word_1_519' title='bbox 2987 3276 3379 3333; x_wconf 82' lang='lat' dir='ltr'><strong>Verumtamen</strong></span> <span class='ocrx_word' id='word_1_520' title='bbox 3411 3277 3541 3347; x_wconf 91' lang='lat' dir='ltr'><strong>quia</strong></span> <span class='ocrx_word' id='word_1_521' title='bbox 3575 3291 3722 3330; x_wconf 89' lang='lat' dir='ltr'><strong>nunc</strong></span> 
     </span>
    </p>
   </div>
   <div class='ocr_carea' id='block_1_83' title="bbox 2090 3356 3727 3444">
    <p class='ocr_par' dir='ltr' id='par_1_83' title="bbox 2090 3356 3727 3444">
     <span class='ocr_line' id='line_1_83' title="bbox 2090 3356 3727 3444; baseline -0.004 -15"><span class='ocrx_word' id='word_1_522' title='bbox 2090 3387 2108 3409; x_wconf 84' lang='lat'>&#39;</span> <span class='ocrx_word' id='word_1_523' title='bbox 2140 3372 2401 3444; x_wconf 89' lang='lat' dir='ltr'><strong>temporis</strong></span> <span class='ocrx_word' id='word_1_524' title='bbox 2466 3372 2752 3425; x_wconf 88' lang='lat' dir='ltr'><strong>hominum</strong></span> <span class='ocrx_word' id='word_1_525' title='bbox 2782 3384 2977 3440; x_wconf 78' lang='lat' dir='ltr'><strong>genus,</strong></span> <span class='ocrx_word' id='word_1_526' title='bbox 3014 3384 3177 3439; x_wconf 88' lang='lat' dir='ltr'><strong>quam</strong></span> <span class='ocrx_word' id='word_1_527' title='bbox 3214 3376 3276 3424; x_wconf 93' lang='lat' dir='ltr'><strong>ut</strong></span> <span class='ocrx_word' id='word_1_528' title='bbox 3297 3356 3373 3422; x_wconf 81' lang='lat' dir='ltr'><strong>ad</strong></span> <span class='ocrx_word' id='word_1_529' title='bbox 3404 3368 3727 3424; x_wconf 64' lang='lat' dir='ltr'><strong>constitutae</strong></span> 
     </span>
    </p>
   </div>
   <div class='ocr_carea' id='block_1_84' title="bbox 2138 3459 3721 3533">
    <p class='ocr_par' dir='ltr' id='par_1_84' title="bbox 2138 3459 3721 3533">
     <span class='ocr_line' id='line_1_84' title="bbox 2138 3459 3721 3533; baseline -0.005 -13"><span class='ocrx_word' id='word_1_530' title='bbox 2138 3480 2169 3520; x_wconf 85' lang='lat' dir='ltr'><strong>a</strong></span> <span class='ocrx_word' id='word_1_531' title='bbox 2192 3465 2393 3521; x_wconf 84' lang='lat' dir='ltr'><strong>divinis</strong></span> <span class='ocrx_word' id='word_1_532' title='bbox 2418 3464 2541 3521; x_wconf 87' lang='lat' dir='ltr'><strong>istis</strong></span> <span class='ocrx_word' id='word_1_533' title='bbox 2565 3461 2975 3533; x_wconf 74' lang='lat' dir='ltr'><strong>legislatoribus</strong></span> <span class='ocrx_word' id='word_1_534' title='bbox 2998 3460 3211 3515; x_wconf 86' lang='lat' dir='ltr'><strong>vivendi</strong></span> <span class='ocrx_word' id='word_1_535' title='bbox 3250 3459 3482 3515; x_wconf 88' lang='lat' dir='ltr'><strong>rationis</strong></span> <span class='ocrx_word' id='word_1_536' title='bbox 3511 3461 3721 3528; x_wconf 86' lang='lat' dir='ltr'><strong>apicem</strong></span> 
     </span>
    </p>
   </div>
   <div class='ocr_carea' id='block_1_85' title="bbox 2138 3551 3725 3630">
    <p class='ocr_par' dir='ltr' id='par_1_85' title="bbox 2138 3551 3725 3630">
     <span class='ocr_line' id='line_1_85' title="bbox 2138 3551 3725 3630; baseline -0.004 -18"><span class='ocrx_word' id='word_1_537' title='bbox 2138 3560 2433 3630; x_wconf 72' lang='lat' dir='ltr'><strong>pertingat,</strong></span> <span class='ocrx_word' id='word_1_538' title='bbox 2494 3555 2822 3611; x_wconf 86' lang='lat' dir='ltr'><strong>imbecillius</strong></span> <span class='ocrx_word' id='word_1_539' title='bbox 2883 3560 2970 3609; x_wconf 88' lang='lat' dir='ltr'><strong>est</strong></span> <span class='ocrx_word' id='word_1_540' title='bbox 3004 3571 3017 3607; x_wconf 92' lang='lat'><strong>:</strong></span> <span class='ocrx_word' id='word_1_541' title='bbox 3050 3568 3159 3608; x_wconf 90' lang='lat' dir='ltr'><strong>non</strong></span> <span class='ocrx_word' id='word_1_542' title='bbox 3216 3553 3352 3622; x_wconf 91' lang='lat' dir='ltr'><strong>ipsis</strong></span> <span class='ocrx_word' id='word_1_543' title='bbox 3403 3551 3481 3623; x_wconf 92' lang='lat' dir='ltr'><strong>(ni</strong></span> <span class='ocrx_word' id='word_1_544' title='bbox 3536 3552 3725 3618; x_wconf 81' lang='lat' dir='ltr'><strong>fallor)</strong></span> 
     </span>
    </p>
   </div>
   <div class='ocr_carea' id='block_1_86' title="bbox 2137 3642 3727 3717">
    <p class='ocr_par' dir='ltr' id='par_1_86' title="bbox 2137 3642 3727 3717">
     <span class='ocr_line' id='line_1_86' title="bbox 2137 3642 3727 3717; baseline -0.005 -14"><span class='ocrx_word' id='word_1_545' title='bbox 2137 3647 2450 3717; x_wconf 84' lang='lat' dir='ltr'><strong>displiceat,</strong></span> <span class='ocrx_word' id='word_1_546' title='bbox 2484 3645 2529 3699; x_wconf 88' lang='lat' dir='ltr'><strong>si</strong></span> <span class='ocrx_word' id='word_1_547' title='bbox 2566 3653 2837 3713; x_wconf 84' lang='lat' dir='ltr'><strong>quatenus</strong></span> <span class='ocrx_word' id='word_1_548' title='bbox 2875 3644 2928 3697; x_wconf 91' lang='lat' dir='ltr'><strong>id</strong></span> <span class='ocrx_word' id='word_1_549' title='bbox 2958 3642 3218 3697; x_wconf 88' lang='lat' dir='ltr'><strong>delictum</strong></span> <span class='ocrx_word' id='word_1_550' title='bbox 3289 3642 3518 3697; x_wconf 89' lang='lat' dir='ltr'><strong>omnino</strong></span> <span class='ocrx_word' id='word_1_551' title='bbox 3567 3642 3727 3696; x_wconf 82' lang='lat' dir='ltr'><strong>venia</strong></span> 
     </span>
    </p>
   </div>
   <div class='ocr_carea' id='block_1_87' title="bbox 2138 3734 3728 3812">
    <p class='ocr_par' dir='ltr' id='par_1_87' title="bbox 2138 3734 3728 3812">
     <span class='ocr_line' id='line_1_87' title="bbox 2138 3734 3728 3812; baseline -0.006 -16"><span class='ocrx_word' id='word_1_552' title='bbox 2138 3740 2425 3812; x_wconf 76' lang='lat' dir='ltr'><strong>indignant</strong></span> <span class='ocrx_word' id='word_1_553' title='bbox 2455 3753 2566 3793; x_wconf 89' lang='lat' dir='ltr'><strong>non</strong></span> <span class='ocrx_word' id='word_1_554' title='bbox 2593 3745 2700 3805; x_wconf 88' lang='lat' dir='ltr'><strong>est,</strong></span> <span class='ocrx_word' id='word_1_555' title='bbox 2729 3735 2999 3792; x_wconf 86' lang='lat' dir='ltr'><strong>modicam</strong></span> <span class='ocrx_word' id='word_1_556' title='bbox 3052 3734 3349 3806; x_wconf 88' lang='lat' dir='ltr'><strong>quamdam</strong></span> <span class='ocrx_word' id='word_1_557' title='bbox 3380 3734 3485 3806; x_wconf 88' lang='lat' dir='ltr'><strong>ipsi</strong></span> <span class='ocrx_word' id='word_1_558' title='bbox 3512 3734 3728 3791; x_wconf 82' lang='lat' dir='ltr'><strong>veniam</strong></span> 
     </span>
    </p>
   </div>
   <div class='ocr_carea' id='block_1_88' title="bbox 2141 3833 2476 3904">
    <p class='ocr_par' dir='ltr' id='par_1_88' title="bbox 2141 3833 2476 3904">
     <span class='ocr_line' id='line_1_88' title="bbox 2141 3833 2476 3904; baseline -0.006 -16"><span class='ocrx_word' id='word_1_559' title='bbox 2141 3833 2476 3904; x_wconf 87' lang='lat' dir='ltr'><strong>impertiam.</strong></span> 
     </span>
    </p>
   </div>
   <div class='ocr_carea' id='block_1_89' title="bbox 2210 3916 3719 3990">
    <p class='ocr_par' dir='ltr' id='par_1_89' title="bbox 2210 3916 3719 3990">
     <span class='ocr_line' id='line_1_89' title="bbox 2210 3916 3719 3990; baseline -0.006 -13"><span class='ocrx_word' id='word_1_560' title='bbox 2210 3923 2369 3978; x_wconf 88' lang='lat' dir='ltr'><strong>Certe</strong></span> <span class='ocrx_word' id='word_1_561' title='bbox 2392 3921 2621 3985; x_wconf 87' lang='lat' dir='ltr'><strong>ideirco,</strong></span> <span class='ocrx_word' id='word_1_562' title='bbox 2656 3936 2765 3976; x_wconf 89' lang='lat' dir='ltr'><strong>non</strong></span> <span class='ocrx_word' id='word_1_563' title='bbox 2798 3919 2943 3990; x_wconf 89' lang='lat' dir='ltr'><strong>quod</strong></span> <span class='ocrx_word' id='word_1_564' title='bbox 2972 3918 3309 3975; x_wconf 86' lang='lat' dir='ltr'><strong>contrarium</strong></span> <span class='ocrx_word' id='word_1_565' title='bbox 3345 3916 3514 3988; x_wconf 91' lang='lat' dir='ltr'><strong>(quod</strong></span> <span class='ocrx_word' id='word_1_566' title='bbox 3547 3916 3719 3987; x_wconf 86' lang='lat' dir='ltr'><strong>absit)</strong></span> 
     </span>
    </p>
   </div>
   <div class='ocr_carea' id='block_1_90' title="bbox 2141 4008 3729 4082">
    <p class='ocr_par' dir='ltr' id='par_1_90' title="bbox 2141 4008 3729 4082">
     <span class='ocr_line' id='line_1_90' title="bbox 2141 4008 3729 4082; baseline -0.005 -10"><span class='ocrx_word' id='word_1_567' title='bbox 2141 4021 2407 4078; x_wconf 74' lang='lat' dir='ltr'><strong>statuere,</strong></span> <span class='ocrx_word' id='word_1_568' title='bbox 2445 4014 2540 4069; x_wconf 85' lang='lat' dir='ltr'><strong>sed</strong></span> <span class='ocrx_word' id='word_1_569' title='bbox 2597 4012 2782 4082; x_wconf 89' lang='lat' dir='ltr'><strong>potius</strong></span> <span class='ocrx_word' id='word_1_570' title='bbox 2818 4013 2966 4081; x_wconf 91' lang='lat' dir='ltr'><strong>quod</strong></span> <span class='ocrx_word' id='word_1_571' title='bbox 3017 4025 3228 4065; x_wconf 80' lang='lat' dir='ltr'><strong>sacram</strong></span> <span class='ocrx_word' id='word_1_572' title='bbox 3261 4008 3606 4065; x_wconf 88' lang='lat' dir='ltr'><strong>sanctionem</strong></span> <span class='ocrx_word' id='word_1_573' title='bbox 3640 4023 3729 4064; x_wconf 83' lang='lat' dir='ltr'><strong>se-</strong></span> 
     </span>
    </p>
   </div>
   <div class='ocr_carea' id='block_1_91' title="bbox 2140 4101 3729 4178">
    <p class='ocr_par' dir='ltr' id='par_1_91' title="bbox 2140 4101 3729 4178">
     <span class='ocr_line' id='line_1_91' title="bbox 2140 4101 3729 4178; baseline -0.006 -16"><span class='ocrx_word' id='word_1_574' title='bbox 2140 4108 2257 4178; x_wconf 90' lang='lat' dir='ltr'><strong>qui,</strong></span> <span class='ocrx_word' id='word_1_575' title='bbox 2293 4104 2586 4175; x_wconf 85' lang='lat' dir='ltr'><strong>nuilasque</strong></span> <span class='ocrx_word' id='word_1_576' title='bbox 2627 4105 2740 4160; x_wconf 88' lang='lat' dir='ltr'><strong>illis</strong></span> <span class='ocrx_word' id='word_1_577' title='bbox 2770 4104 2863 4174; x_wconf 93' lang='lat' dir='ltr'><strong>qui</strong></span> <span class='ocrx_word' id='word_1_578' title='bbox 2890 4104 2957 4159; x_wconf 86' lang='lat' dir='ltr'><strong>ab</strong></span> <span class='ocrx_word' id='word_1_579' title='bbox 2988 4103 3079 4157; x_wconf 86' lang='lat' dir='ltr'><strong>illa</strong></span> <span class='ocrx_word' id='word_1_580' title='bbox 3133 4101 3595 4167; x_wconf 88' lang='lat' dir='ltr'><strong>condemnantur,</strong></span> <span class='ocrx_word' id='word_1_581' title='bbox 3629 4116 3729 4156; x_wconf 78' lang='lat' dir='ltr'><strong>cx-</strong></span> 
     </span>
    </p>
   </div>
   <div class='ocr_carea' id='block_1_92' title="bbox 2152 4192 3723 4268">
    <p class='ocr_par' dir='ltr' id='par_1_92' title="bbox 2152 4192 3723 4268">
     <span class='ocr_line' id='line_1_92' title="bbox 2152 4192 3723 4268; baseline -0.008 -7"><span class='ocrx_word' id='word_1_582' title='bbox 2152 4204 2498 4261; x_wconf 89' lang='lat' dir='ltr'><strong>cusationum</strong></span> <span class='ocrx_word' id='word_1_583' title='bbox 2541 4196 3021 4268; x_wconf 74' lang='lat' dir='ltr'><strong>tergiversationes</strong></span> <span class='ocrx_word' id='word_1_584' title='bbox 3048 4192 3281 4264; x_wconf 89' lang='lat' dir='ltr'><strong>relinqui</strong></span> <span class='ocrx_word' id='word_1_585' title='bbox 3318 4194 3587 4249; x_wconf 75' lang='lat' dir='ltr'><strong>velimus:</strong></span> <span class='ocrx_word' id='word_1_586' title='bbox 3625 4195 3723 4249; x_wconf 86' lang='lat' dir='ltr'><strong>de-</strong></span> 
     </span>
    </p>
   </div>
   <div class='ocr_carea' id='block_1_93' title="bbox 2153 4286 3724 4359">
    <p class='ocr_par' dir='ltr' id='par_1_93' title="bbox 2153 4286 3724 4359">
     <span class='ocr_line' id='line_1_93' title="bbox 2153 4286 3724 4359; baseline -0.004 -11"><span class='ocrx_word' id='word_1_587' title='bbox 2153 4294 2448 4359; x_wconf 83' lang='lat' dir='ltr'><strong>cernimus,</strong></span> <span class='ocrx_word' id='word_1_588' title='bbox 2476 4300 2535 4345; x_wconf 92' lang='lat' dir='ltr'><strong>ut</strong></span> <span class='ocrx_word' id='word_1_589' title='bbox 2555 4289 2598 4345; x_wconf 91' lang='lat' dir='ltr'><strong>si</strong></span> <span class='ocrx_word' id='word_1_590' title='bbox 2625 4296 2721 4343; x_wconf 88' lang='lat' dir='ltr'><strong>aut</strong></span> <span class='ocrx_word' id='word_1_591' title='bbox 2742 4288 2985 4358; x_wconf 86' lang='lat' dir='ltr'><strong>primarii</strong></span> <span class='ocrx_word' id='word_1_592' title='bbox 3008 4286 3364 4343; x_wconf 80' lang='lat' dir='ltr'><strong>inferioresve</strong></span> <span class='ocrx_word' id='word_1_593' title='bbox 3386 4286 3724 4350; x_wconf 84' lang='lat' dir='ltr'><strong>sacerdotes.</strong></span> 
     </span>
    </p>
   </div>
   <div class='ocr_carea' id='block_1_94' title="bbox 2154 4379 3725 4453">
    <p class='ocr_par' dir='ltr' id='par_1_94' title="bbox 2154 4379 3725 4453">
     <span class='ocr_line' id='line_1_94' title="bbox 2154 4379 3725 4453; baseline -0.003 -14"><span class='ocrx_word' id='word_1_594' title='bbox 2154 4394 2248 4439; x_wconf 85' lang='lat' dir='ltr'><strong>aut</strong></span> <span class='ocrx_word' id='word_1_595' title='bbox 2292 4386 2516 4438; x_wconf 88' lang='lat' dir='ltr'><strong>omnino</strong></span> <span class='ocrx_word' id='word_1_596' title='bbox 2551 4382 2783 4437; x_wconf 89' lang='lat' dir='ltr'><strong>clericus</strong></span> <span class='ocrx_word' id='word_1_597' title='bbox 2821 4383 3113 4453; x_wconf 85' lang='lat' dir='ltr'><strong>quispiam,</strong></span> <span class='ocrx_word' id='word_1_598' title='bbox 3146 4380 3231 4435; x_wconf 91' lang='lat' dir='ltr'><strong>vel</strong></span> <span class='ocrx_word' id='word_1_599' title='bbox 3269 4379 3577 4451; x_wconf 56' lang='lat' dir='ltr'><strong>prastando</strong></span> <span class='ocrx_word' id='word_1_600' title='bbox 3611 4380 3725 4449; x_wconf 71' lang='grc'><strong>(52)</strong></span> 
     </span>
    </p>
   </div>
   <div class='ocr_carea' id='block_1_95' title="bbox 2159 4472 3727 4545">
    <p class='ocr_par' dir='ltr' id='par_1_95' title="bbox 2159 4472 3727 4545">
     <span class='ocr_line' id='line_1_95' title="bbox 2159 4472 3727 4545; baseline -0.003 -15"><span class='ocrx_word' id='word_1_601' title='bbox 2159 4477 2211 4530; x_wconf 91' lang='lat' dir='ltr'><strong>in</strong></span> <span class='ocrx_word' id='word_1_602' title='bbox 2238 4476 2429 4531; x_wconf 85' lang='lat' dir='ltr'><strong>litibus</strong></span> <span class='ocrx_word' id='word_1_603' title='bbox 2456 4475 2783 4545; x_wconf 89' lang='lat' dir='ltr'><strong>patrocinio,</strong></span> <span class='ocrx_word' id='word_1_604' title='bbox 2812 4474 2897 4530; x_wconf 90' lang='lat' dir='ltr'><strong>vel</strong></span> <span class='ocrx_word' id='word_1_605' title='bbox 2928 4472 3270 4543; x_wconf 84' lang='lat' dir='ltr'><strong>spondendo,</strong></span> <span class='ocrx_word' id='word_1_606' title='bbox 3304 4472 3388 4528; x_wconf 87' lang='lat' dir='ltr'><strong>vel</strong></span> <span class='ocrx_word' id='word_1_607' title='bbox 3420 4472 3530 4528; x_wconf 87' lang='lat' dir='ltr'><strong>alio</strong></span> <span class='ocrx_word' id='word_1_608' title='bbox 3558 4472 3727 4527; x_wconf 86' lang='lat' dir='ltr'><strong>simili</strong></span> 
     </span>
    </p>
   </div>
   <div class='ocr_carea' id='block_1_96' title="bbox 2159 4563 3730 4636">
    <p class='ocr_par' dir='ltr' id='par_1_96' title="bbox 2159 4563 3730 4636">
     <span class='ocr_line' id='line_1_96' title="bbox 2159 4563 3730 4636; baseline -0.004 -14"><span class='ocrx_word' id='word_1_609' title='bbox 2159 4566 2321 4622; x_wconf 88' lang='lat' dir='ltr'><strong>modo</strong></span> <span class='ocrx_word' id='word_1_610' title='bbox 2353 4566 2420 4621; x_wconf 90' lang='lat' dir='ltr'><strong>de</strong></span> <span class='ocrx_word' id='word_1_611' title='bbox 2450 4566 2534 4621; x_wconf 91' lang='lat' dir='ltr'><strong>sui</strong></span> <span class='ocrx_word' id='word_1_612' title='bbox 2564 4565 2778 4620; x_wconf 87' lang='lat' dir='ltr'><strong>ordinis</strong></span> <span class='ocrx_word' id='word_1_613' title='bbox 2829 4566 3095 4636; x_wconf 78' lang='lat' dir='ltr'><strong>dignitate</strong></span> <span class='ocrx_word' id='word_1_614' title='bbox 3146 4563 3461 4629; x_wconf 86' lang='lat' dir='ltr'><strong>detrahant,</strong></span> <span class='ocrx_word' id='word_1_615' title='bbox 3504 4578 3730 4617; x_wconf 82' lang='lat' dir='ltr'><strong>excom-</strong></span> 
     </span>
    </p>
   </div>
   <div class='ocr_carea' id='block_1_97' title="bbox 2160 4650 3730 4726">
    <p class='ocr_par' dir='ltr' id='par_1_97' title="bbox 2160 4650 3730 4726">
     <span class='ocr_line' id='line_1_97' title="bbox 2160 4650 3730 4726; baseline -0.004 -14"><span class='ocrx_word' id='word_1_616' title='bbox 2160 4657 2529 4723; x_wconf 87' lang='lat' dir='ltr'><strong>municentur,</strong></span> <span class='ocrx_word' id='word_1_617' title='bbox 2580 4667 2637 4711; x_wconf 89' lang='lat' dir='ltr'><strong>et</strong></span> <span class='ocrx_word' id='word_1_618' title='bbox 2680 4656 2748 4710; x_wconf 91' lang='lat' dir='ltr'><strong>ad</strong></span> <span class='ocrx_word' id='word_1_619' title='bbox 2785 4655 3004 4726; x_wconf 86' lang='lat' dir='ltr'><strong>aliquod</strong></span> <span class='ocrx_word' id='word_1_620' title='bbox 3056 4664 3271 4724; x_wconf 83' lang='lat' dir='ltr'><strong>tempus</strong></span> <span class='ocrx_word' id='word_1_621' title='bbox 3304 4668 3334 4706; x_wconf 86' lang='lat' dir='ltr'><strong>a</strong></span> <span class='ocrx_word' id='word_1_622' title='bbox 3382 4650 3730 4707; x_wconf 86' lang='lat' dir='ltr'><strong>celebrandis</strong></span> 
     </span>
    </p>
   </div>
   <div class='ocr_carea' id='block_1_98' title="bbox 2161 4740 3728 4818">
    <p class='ocr_par' dir='ltr' id='par_1_98' title="bbox 2161 4740 3728 4818">
     <span class='ocr_line' id='line_1_98' title="bbox 2161 4740 3728 4818; baseline -0.007 -15"><span class='ocrx_word' id='word_1_623' title='bbox 2161 4749 2333 4804; x_wconf 85' lang='lat' dir='ltr'><strong>sacris</strong></span> <span class='ocrx_word' id='word_1_624' title='bbox 2366 4749 2782 4818; x_wconf 67' lang='lat' dir='ltr'><strong>supersedcant.</strong></span> <span class='ocrx_word' id='word_1_625' title='bbox 2815 4749 2993 4817; x_wconf 81' lang='lat' dir='ltr'><strong>Atque</strong></span> <span class='ocrx_word' id='word_1_626' title='bbox 3028 4747 3119 4800; x_wconf 89' lang='lat' dir='ltr'><strong>ubi</strong></span> <span class='ocrx_word' id='word_1_627' title='bbox 3152 4746 3222 4800; x_wconf 89' lang='lat' dir='ltr'><strong>ita</strong></span> <span class='ocrx_word' id='word_1_628' title='bbox 3256 4759 3355 4812; x_wconf 90' lang='lat' dir='ltr'><strong>pro</strong></span> <span class='ocrx_word' id='word_1_629' title='bbox 3388 4741 3589 4797; x_wconf 86' lang='lat' dir='ltr'><strong>delicto</strong></span> <span class='ocrx_word' id='word_1_630' title='bbox 3637 4740 3728 4794; x_wconf 61' lang='lat' dir='ltr'><strong>die</strong></span> 
     </span>
    </p>
   </div>
   <div class='ocr_carea' id='block_1_99' title="bbox 458 4832 2030 4925">
    <p class='ocr_par' dir='ltr' id='par_1_99' title="bbox 458 4832 2030 4925">
     <span class='ocr_line' id='line_1_99' title="bbox 458 4832 2030 4925; baseline -0.01 -16"><span class='ocrx_word' id='word_1_631' title='bbox 458 4832 556 4921; x_wconf 82' lang='grc' dir='ltr'>τῆς</span> <span class='ocrx_word' id='word_1_632' title='bbox 581 4854 845 4925; x_wconf 80' lang='grc' dir='ltr'>βιωτικῆς</span> <span class='ocrx_word' id='word_1_633' title='bbox 876 4848 1235 4920; x_wconf 81' lang='grc' dir='ltr'>συγχρήσεως</span> <span class='ocrx_word' id='word_1_634' title='bbox 1266 4844 1404 4913; x_wconf 72' lang='grc' dir='ltr'>πρὸς</span> <span class='ocrx_word' id='word_1_635' title='bbox 1435 4843 1504 4895; x_wconf 79' lang='grc' dir='ltr'>τὰ</span> <span class='ocrx_word' id='word_1_636' title='bbox 1548 4842 1740 4896; x_wconf 76' lang='grc' dir='ltr'>ἔπειτα</span> <span class='ocrx_word' id='word_1_637' title='bbox 1764 4842 1914 4916; x_wconf 77' lang='grc' dir='ltr'>πάσῃ</span> <span class='ocrx_word' id='word_1_638' title='bbox 1942 4843 2030 4897; x_wconf 78' lang='grc' dir='ltr'>δυ·</span> 
     </span>
    </p>
   </div>
   <div class='ocr_carea' id='block_1_100' title="bbox 2135 4832 3735 4925">
    <p class='ocr_par' dir='ltr' id='par_1_100' title="bbox 2147 4832 3735 4913">
     <span class='ocr_line' id='line_1_100' title="bbox 2147 4832 3735 4913; baseline -0.005 -18"><span class='ocrx_word' id='word_1_639' title='bbox 2147 4856 2308 4913; x_wconf 76' lang='lat' dir='ltr'><strong>gnam</strong></span> <span class='ocrx_word' id='word_1_640' title='bbox 2360 4841 2740 4911; x_wconf 77' lang='lat' dir='ltr'><strong>pcenitentiam</strong></span> <span class='ocrx_word' id='word_1_641' title='bbox 2809 4840 3042 4907; x_wconf 79' lang='lat' dir='ltr'><strong>egerint,</strong></span> <span class='ocrx_word' id='word_1_642' title='bbox 3068 4834 3343 4905; x_wconf 87' lang='lat' dir='ltr'><strong>promisso</strong></span> <span class='ocrx_word' id='word_1_643' title='bbox 3376 4832 3541 4895; x_wconf 81' lang='lat' dir='ltr'><strong>facto,</strong></span> <span class='ocrx_word' id='word_1_644' title='bbox 3574 4848 3633 4888; x_wconf 90' lang='lat' dir='ltr'><strong>se</strong></span> <span class='ocrx_word' id='word_1_645' title='bbox 3663 4832 3735 4887; x_wconf 86' lang='lat' dir='ltr'><strong>ab</strong></span> 
     </span>
    </p>
   </div>
   <div class='ocr_carea' id='block_1_101' title="bbox 466 4925 2030 5017">
    <p class='ocr_par' dir='ltr' id='par_1_101' title="bbox 466 4935 2030 5017">
     <span class='ocr_line' id='line_1_101' title="bbox 466 4935 2030 5017; baseline -0.007 -17"><span class='ocrx_word' id='word_1_646' title='bbox 466 4950 620 5017; x_wconf 67' lang='grc' dir='ltr'>νέμει</span> <span class='ocrx_word' id='word_1_647' title='bbox 650 4945 934 5015; x_wconf 77' lang='grc' dir='ltr'>συντηρεῖν</span> <span class='ocrx_word' id='word_1_648' title='bbox 952 4939 1517 5012; x_wconf 84' lang='grc' dir='ltr'>καθομολογήσαντες.</span> <span class='ocrx_word' id='word_1_649' title='bbox 1540 4935 1600 4989; x_wconf 83' lang='grc' dir='ltr'>Εἰ</span> <span class='ocrx_word' id='word_1_650' title='bbox 1631 4935 1688 4988; x_wconf 82' lang='grc' dir='ltr'><strong>δὲ</strong></span> <span class='ocrx_word' id='word_1_651' title='bbox 1737 4935 1901 4989; x_wconf 82' lang='grc' dir='ltr'>πάλιν</span> <span class='ocrx_word' id='word_1_652' title='bbox 1924 4939 2030 5000; x_wconf 86' lang='grc' dir='ltr'>τοῖς</span> 
     </span>
    </p>
   </div>
   <div class='ocr_carea' id='block_1_102' title="bbox 2135 4925 3734 5017">
    <p class='ocr_par' dir='ltr' id='par_1_102' title="bbox 2145 4925 3734 5004">
     <span class='ocr_line' id='line_1_102' title="bbox 2145 4925 3734 5004; baseline -0.006 -12"><span class='ocrx_word' id='word_1_653' title='bbox 2145 4935 2513 4992; x_wconf 87' lang='lat' dir='ltr'><strong>humanorum</strong></span> <span class='ocrx_word' id='word_1_654' title='bbox 2576 4934 2917 5004; x_wconf 80' lang='lat' dir='ltr'><strong>negotiorum</strong></span> <span class='ocrx_word' id='word_1_655' title='bbox 2982 4927 3314 4983; x_wconf 87' lang='lat' dir='ltr'><strong>commercio</strong></span> <span class='ocrx_word' id='word_1_656' title='bbox 3366 4941 3466 4997; x_wconf 87' lang='lat' dir='ltr'><strong>pro</strong></span> <span class='ocrx_word' id='word_1_657' title='bbox 3518 4925 3734 4982; x_wconf 79' lang='lat' dir='ltr'><strong>viribus</strong></span> 
     </span>
    </p>
   </div>
   <div class='ocr_carea' id='block_1_103' title="bbox 1804 5047 2494 5106">
    <p class='ocr_par' dir='ltr' id='par_1_103' title="bbox 1804 5047 2494 5106">
     <span class='ocr_line' id='line_1_103' title="bbox 1804 5047 2494 5106; baseline 0 -3"><span class='ocrx_word' id='word_1_658' title='bbox 1804 5050 2041 5106; x_wconf 76' lang='lat' dir='ltr'><strong>VARI/E</strong></span> <span class='ocrx_word' id='word_1_659' title='bbox 2086 5047 2494 5106; x_wconf 81' lang='lat' dir='ltr'><strong>LECTIONES.</strong></span> 
     </span>
    </p>
   </div>
   <div class='ocr_carea' id='block_1_104' title="bbox 531 5142 2809 5223">
    <p class='ocr_par' dir='ltr' id='par_1_104' title="bbox 531 5142 2809 5223">
     <span class='ocr_line' id='line_1_104' title="bbox 531 5142 2809 5223; baseline -0.007 -15"><span class='ocrx_word' id='word_1_660' title='bbox 531 5158 575 5195; x_wconf 76' lang='grc'><strong>⁸⁵</strong></span> <span class='ocrx_word' id='word_1_661' title='bbox 612 5153 731 5218; x_wconf 83' lang='lat' dir='ltr'><strong>Ecl,</strong></span> <span class='ocrx_word' id='word_1_662' title='bbox 761 5152 858 5223; x_wconf 83' lang='grc' dir='ltr'>τῆς</span> <span class='ocrx_word' id='word_1_663' title='bbox 877 5150 1137 5221; x_wconf 70' lang='grc' dir='ltr'>γυναικὸς</span> <span class='ocrx_word' id='word_1_664' title='bbox 1174 5147 1485 5220; x_wconf 78' lang='grc' dir='ltr'>ὑπᾶρξεων.</span> <span class='ocrx_word' id='word_1_665' title='bbox 1553 5153 1599 5185; x_wconf 71' lang='grc' dir='ltr'>ιε</span> <span class='ocrx_word' id='word_1_666' title='bbox 1630 5145 1722 5202; x_wconf 89' lang='lat' dir='ltr'><strong>Sic</strong></span> <span class='ocrx_word' id='word_1_667' title='bbox 1751 5160 1897 5201; x_wconf 87' lang='lat' dir='ltr'><strong>corr.</strong></span> <span class='ocrx_word' id='word_1_668' title='bbox 1926 5145 2265 5214; x_wconf 86' lang='lat' dir='ltr'><strong>Stephanus,</strong></span> <span class='ocrx_word' id='word_1_669' title='bbox 2312 5144 2474 5201; x_wconf 84' lang='lat' dir='ltr'><strong>codd.</strong></span> <span class='ocrx_word' id='word_1_670' title='bbox 2512 5142 2809 5212; x_wconf 70' lang='grc' dir='ltr'>ἄγνωστον.</span> 
     </span>
    </p>
   </div>
   <div class='ocr_carea' id='block_1_105' title="bbox 1970 5236 2206 5295">
    <p class='ocr_par' dir='ltr' id='par_1_105' title="bbox 1970 5236 2206 5295">
     <span class='ocr_line' id='line_1_105' title="bbox 1970 5236 2206 5295; baseline 0.004 -2"><span class='ocrx_word' id='word_1_671' title='bbox 1970 5236 2206 5295; x_wconf 68' lang='lat' dir='ltr'><strong>NOTAE.</strong></span> 
     </span>
    </p>
   </div>
   <div class='ocr_carea' id='block_1_106' title="bbox 2914 5133 3475 5197">
    <p class='ocr_par' dir='ltr' id='par_1_106' title="bbox 2914 5133 3475 5197">
     <span class='ocr_line' id='line_1_106' title="bbox 2914 5133 3475 5197; baseline -0.007 -6"><span class='ocrx_word' id='word_1_672' title='bbox 2914 5138 2960 5171; x_wconf 76' lang='grc'><strong>⁸⁷</strong></span> <span class='ocrx_word' id='word_1_673' title='bbox 3010 5137 3173 5190; x_wconf 87' lang='lat' dir='ltr'><strong>Forte</strong></span> <span class='ocrx_word' id='word_1_674' title='bbox 3197 5133 3475 5197; x_wconf 85' lang='grc' dir='ltr'>ἁποίνους.</span> 
     </span>
    </p>
   </div>
   <div class='ocr_carea' id='block_1_107' title="bbox 2150 5318 3648 5402">
    <p class='ocr_par' dir='ltr' id='par_1_107' title="bbox 2150 5318 3648 5402">
     <span class='ocr_line' id='line_1_107' title="bbox 2150 5318 3648 5402; baseline -0.012 -16"><span class='ocrx_word' id='word_1_675' title='bbox 2150 5342 2298 5386; x_wconf 77' lang='lat' dir='ltr'><strong>vetat</strong></span> <span class='ocrx_word' id='word_1_676' title='bbox 2347 5345 2664 5402; x_wconf 74' lang='lat' dir='ltr'><strong>episcOpum</strong></span> <span class='ocrx_word' id='word_1_677' title='bbox 2716 5340 2769 5384; x_wconf 92' lang='lat' dir='ltr'><strong>et</strong></span> <span class='ocrx_word' id='word_1_678' title='bbox 2812 5328 3073 5402; x_wconf 68' lang='lat' dir='ltr'><strong>clericum</strong></span> <span class='ocrx_word' id='word_1_679' title='bbox 3141 5319 3421 5402; x_wconf 51' lang='grc' dir='ltr'>μισθωτὴν</span> <span class='ocrx_word' id='word_1_680' title='bbox 3468 5318 3648 5402; x_wconf 42' lang='grc' dir='ltr'>’τελῶν</span> 
     </span>
    </p>
   </div>
   <div class='ocr_carea' id='block_1_108' title="bbox 2148 5388 3737 5472">
    <p class='ocr_par' dir='ltr' id='par_1_108' title="bbox 2148 5388 3737 5472">
     <span class='ocr_line' id='line_1_108' title="bbox 2148 5388 3737 5472; baseline -0.008 -17"><span class='ocrx_word' id='word_1_681' title='bbox 2148 5388 2446 5472; x_wconf 77' lang='grc' dir='ltr'>ἀλλοτρίών</span> <span class='ocrx_word' id='word_1_682' title='bbox 2504 5388 2751 5471; x_wconf 71' lang='grc' dir='ltr'>κτήσεων</span> <span class='ocrx_word' id='word_1_683' title='bbox 2801 5396 2958 5472; x_wconf 75' lang='grc' dir='ltr'>εἶναι.</span> <span class='ocrx_word' id='word_1_684' title='bbox 3003 5388 3240 5472; x_wconf 46' lang='lat' dir='ltr'><strong>Can.&#39;_5,</strong></span> <span class='ocrx_word' id='word_1_685' title='bbox 3271 5388 3396 5472; x_wconf 78' lang='lat' dir='ltr'><strong>can.</strong></span> <span class='ocrx_word' id='word_1_686' title='bbox 3453 5390 3510 5472; x_wconf 50' lang='grc' dir='ltr'>ξ,</span> <span class='ocrx_word' id='word_1_687' title='bbox 3543 5388 3737 5472; x_wconf 47' lang='lat' dir='ltr'><strong>synodi</strong></span> 
     </span>
    </p>
   </div>
   <div class='ocr_carea' id='block_1_109' title="bbox 2148 5458 3738 5554">
    <p class='ocr_par' dir='ltr' id='par_1_109' title="bbox 2148 5458 3738 5554">
     <span class='ocr_line' id='line_1_109' title="bbox 2148 5458 3738 5554; baseline -0.009 -26"><span class='ocrx_word' id='word_1_688' title='bbox 2148 5458 2613 5554; x_wconf 72' lang='lat' dir='ltr'><strong>Chalcedonensis</strong></span> <span class='ocrx_word' id='word_1_689' title='bbox 2664 5489 2676 5524; x_wconf 93' lang='lat'>:</span> <span class='ocrx_word' id='word_1_690' title='bbox 2735 5486 2786 5527; x_wconf 91' lang='lat' dir='ltr'><strong>c.</strong></span> <span class='ocrx_word' id='word_1_691' title='bbox 2854 5470 2919 5524; x_wconf 84' lang='grc'><strong>16</strong></span> <span class='ocrx_word' id='word_1_692' title='bbox 2993 5466 3187 5540; x_wconf 77' lang='lat' dir='ltr'><strong>synod.</strong></span> <span class='ocrx_word' id='word_1_693' title='bbox 3227 5458 3392 5533; x_wconf 9' lang='lat' dir='ltr'><strong>isept.</strong></span> <span class='ocrx_word' id='word_1_694' title='bbox 3448 5458 3738 5529; x_wconf 74' lang='lat' dir='ltr'><strong>Carthagi-</strong></span> 
     </span>
    </p>
   </div>
   <div class='ocr_carea' id='block_1_110' title="bbox 2153 5558 2363 5598">
    <p class='ocr_par' dir='ltr' id='par_1_110' title="bbox 2153 5558 2363 5598">
     <span class='ocr_line' id='line_1_110' title="bbox 2153 5558 2363 5598; baseline 0 -1"><span class='ocrx_word' id='word_1_695' title='bbox 2153 5558 2363 5598; x_wconf 83' lang='lat' dir='ltr'><strong>nenSIs.</strong></span> 
     </span>
    </p>
   </div>
   <div class='ocr_carea' id='block_1_111' title="bbox 2230 5600 3734 5681">
    <p class='ocr_par' dir='ltr' id='par_1_111' title="bbox 2230 5600 3734 5681">
     <span class='ocr_line' id='line_1_111' title="bbox 2230 5600 3734 5681; baseline -0.009 -14"><span class='ocrx_word' id='word_1_696' title='bbox 2230 5614 2344 5681; x_wconf 86' lang='grc'><strong>(51)</strong></span> <span class='ocrx_word' id='word_1_697' title='bbox 2382 5610 2741 5667; x_wconf 66' lang='lat' dir='ltr'><strong>Saecularibus</strong></span> <span class='ocrx_word' id='word_1_698' title='bbox 2787 5625 2987 5681; x_wconf 78' lang='lat' dir='ltr'><strong>canon.</strong></span> <span class='ocrx_word' id='word_1_699' title='bbox 3043 5610 3077 5665; x_wconf 90' lang='lat'><strong><em>6</em></strong></span> <span class='ocrx_word' id='word_1_700' title='bbox 3128 5613 3285 5677; x_wconf 89' lang='lat' dir='ltr'><strong>apost</strong></span> <span class='ocrx_word' id='word_1_701' title='bbox 3317 5646 3332 5669; x_wconf 90' lang='lat'><strong>,</strong></span> <span class='ocrx_word' id='word_1_702' title='bbox 3369 5602 3594 5673; x_wconf 79' lang='lat' dir='ltr'><strong>publicis</strong></span> <span class='ocrx_word' id='word_1_703' title='bbox 3635 5600 3734 5654; x_wconf 76' lang='lat' dir='ltr'><strong>rut-</strong></span> 
     </span>
    </p>
   </div>
   <div class='ocr_carea' id='block_1_112' title="bbox 2157 5680 3217 5751">
    <p class='ocr_par' dir='ltr' id='par_1_112' title="bbox 2157 5680 3217 5751">
     <span class='ocr_line' id='line_1_112' title="bbox 2157 5680 3217 5751; baseline -0.006 -15"><span class='ocrx_word' id='word_1_704' title='bbox 2157 5680 2662 5747; x_wconf 79' lang='lat' dir='ltr'><strong>ministrationibus,</strong></span> <span class='ocrx_word' id='word_1_705' title='bbox 2700 5698 2899 5737; x_wconf 88' lang='lat' dir='ltr'><strong>canon.</strong></span> <span class='ocrx_word' id='word_1_706' title='bbox 2932 5680 3002 5751; x_wconf 84' lang='lat'><strong>80</strong></span> <span class='ocrx_word' id='word_1_707' title='bbox 3030 5689 3217 5751; x_wconf 63' lang='lat' dir='ltr'><strong>apost.</strong></span> 
     </span>
    </p>
   </div>
   <div class='ocr_carea' id='block_1_113' title="bbox 2227 5741 3735 5880">
    <p class='ocr_par' dir='ltr' id='par_1_113' title="bbox 2227 5741 3735 5880">
     <span class='ocr_line' id='line_1_113' title="bbox 2227 5741 3735 5880; baseline -0.007 -72"><span class='ocrx_word' id='word_1_708' title='bbox 2227 5753 2471 5880; x_wconf 49' lang='lat' dir='ltr'><strong>(3225At1</strong></span> <span class='ocrx_word' id='word_1_709' title='bbox 2532 5741 2884 5825; x_wconf 82' lang='grc' dir='ltr'>συνηγορίας,</span> <span class='ocrx_word' id='word_1_710' title='bbox 2938 5741 3091 5807; x_wconf 66' lang='grc' dir='ltr'>ίιιιιίό</span> <span class='ocrx_word' id='word_1_711' title='bbox 3130 5748 3405 5811; x_wconf 81' lang='lat' dir='ltr'><strong>Pltutium,</strong></span> <span class='ocrx_word' id='word_1_712' title='bbox 3455 5744 3489 5799; x_wconf 90' lang='lat'>8</span> <span class='ocrx_word' id='word_1_713' title='bbox 3526 5741 3735 5800; x_wconf 79' lang='lat' dir='ltr'><strong>Nomo-</strong></span> 
     </span>
     <span class='ocr_line' id='line_1_114' title="bbox 2227 5844 2391 5880; baseline 0.006 -1"><span class='ocrx_word' id='word_1_714' title='bbox 2227 5844 2276 5879; x_wconf 77' lang='grc' dir='ltr'><strong>ιι.</strong></span> <span class='ocrx_word' id='word_1_715' title='bbox 2379 5867 2391 5880; x_wconf 96' lang='grc'><strong>.</strong></span> 
     </span>
    </p>
   </div>
   <div class='ocr_carea' id='block_1_114' title="bbox 2155 5827 2391 5881">
    <p class='ocr_par' dir='ltr' id='par_1_114' title="bbox 2155 5827 2391 5881">
     <span class='ocr_line' id='line_1_115' title="bbox 2155 5827 2391 5881; baseline 0 0"><span class='ocrx_word' id='word_1_716' title='bbox 2155 5842 2276 5881; x_wconf 81' lang='lat' dir='ltr'><strong>can.</strong></span> <span class='ocrx_word' id='word_1_717' title='bbox 2308 5827 2391 5881; x_wconf 82' lang='grc'><strong>15.</strong></span> 
     </span>
    </p>
   </div>
   <div class='ocr_carea' id='block_1_115' title="bbox 535 5337 1423 5410">
    <p class='ocr_par' dir='ltr' id='par_1_115' title="bbox 535 5337 1423 5410">
     <span class='ocr_line' id='line_1_116' title="bbox 535 5337 1423 5410; baseline -0.008 -12"><span class='ocrx_word' id='word_1_718' title='bbox 535 5343 646 5410; x_wconf 78' lang='lat'><strong>(‘26)</strong></span> <span class='ocrx_word' id='word_1_719' title='bbox 680 5342 778 5394; x_wconf 75' lang='lat' dir='ltr'><strong>Vid</strong></span> <span class='ocrx_word' id='word_1_720' title='bbox 808 5337 947 5410; x_wconf 80' lang='lat' dir='ltr'><strong>Nov.</strong></span> <span class='ocrx_word' id='word_1_721' title='bbox 979 5339 1070 5402; x_wconf 76' lang='lat'><strong>20,</strong></span> <span class='ocrx_word' id='word_1_722' title='bbox 1095 5352 1260 5407; x_wconf 89' lang='lat' dir='ltr'><strong>supra</strong></span> <span class='ocrx_word' id='word_1_723' title='bbox 1300 5337 1423 5410; x_wconf 69' lang='lat' dir='ltr'><strong>eod.</strong></span> 
     </span>
    </p>
   </div>
   <div class='ocr_carea' id='block_1_116' title="bbox 539 5400 2038 5482">
    <p class='ocr_par' dir='ltr' id='par_1_116' title="bbox 539 5400 2038 5482">
     <span class='ocr_line' id='line_1_117' title="bbox 539 5400 2038 5482; baseline -0.007 -14"><span class='ocrx_word' id='word_1_724' title='bbox 539 5400 648 5482; x_wconf 58' lang='grc' dir='ltr'><strong>Θῆ</strong></span> <span class='ocrx_word' id='word_1_725' title='bbox 669 5412 806 5468; x_wconf 87' lang='lat' dir='ltr'><strong>Nov.</strong></span> <span class='ocrx_word' id='word_1_726' title='bbox 836 5481 845 5482; x_wconf 16' lang='grc' dir='ltr'>ί</span> <span class='ocrx_word' id='word_1_727' title='bbox 873 5408 1017 5465; x_wconf 88' lang='lat' dir='ltr'><strong>Just.</strong></span> <span class='ocrx_word' id='word_1_728' title='bbox 1060 5400 1292 5482; x_wconf 56' lang='lat' dir='ltr'><strong>&#39;125,_c.</strong></span> <span class='ocrx_word' id='word_1_729' title='bbox 1320 5406 1562 5482; x_wconf 35' lang='lat' dir='ltr'><strong>6,Al._l&#39;i,</strong></span> <span class='ocrx_word' id='word_1_730' title='bbox 1593 5402 1727 5459; x_wconf 87' lang='lat' dir='ltr'><strong>Cod.</strong></span> <span class='ocrx_word' id='word_1_731' title='bbox 1762 5400 1837 5482; x_wconf 63' lang='lat' dir='ltr'><strong>pe</strong></span> <span class='ocrx_word' id='word_1_732' title='bbox 1866 5404 2038 5473; x_wconf 88' lang='lat' dir='ltr'><strong>episc.</strong></span> 
     </span>
    </p>
   </div>
   <div class='ocr_carea' id='block_1_117' title="bbox 463 5473 1848 5551">
    <p class='ocr_par' dir='ltr' id='par_1_117' title="bbox 463 5473 1848 5551">
     <span class='ocr_line' id='line_1_118' title="bbox 463 5473 1848 5551; baseline -0.009 -10"><span class='ocrx_word' id='word_1_733' title='bbox 463 5473 601 5541; x_wconf 70' lang='lat' dir='ltr'><strong>(Ian.</strong></span> <span class='ocrx_word' id='word_1_734' title='bbox 624 5473 677 5549; x_wconf 70' lang='grc' dir='ltr'><strong>θ,</strong></span> <span class='ocrx_word' id='word_1_735' title='bbox 704 5484 792 5547; x_wconf 85' lang='lat' dir='ltr'><strong>l9,</strong></span> <span class='ocrx_word' id='word_1_736' title='bbox 823 5481 911 5543; x_wconf 81' lang='lat'><strong>80.</strong></span> <span class='ocrx_word' id='word_1_737' title='bbox 942 5487 1146 5551; x_wconf 48' lang='grc' dir='ltr'>προεὶς,</span> <span class='ocrx_word' id='word_1_738' title='bbox 1177 5478 1337 5551; x_wconf 76' lang='lat' dir='ltr'><strong>Phot.</strong></span> <span class='ocrx_word' id='word_1_739' title='bbox 1363 5477 1396 5531; x_wconf 92' lang='lat'><strong>8</strong></span> <span class='ocrx_word' id='word_1_740' title='bbox 1425 5473 1848 5551; x_wconf 59' lang='lat' dir='ltr'><strong>Noinocan.j_5.</strong></span> 
     </span>
    </p>
   </div>
   <div class='ocr_carea' id='block_1_118' title="bbox 537 5544 2039 5622">
    <p class='ocr_par' dir='ltr' id='par_1_118' title="bbox 537 5544 2039 5622">
     <span class='ocr_line' id='line_1_119' title="bbox 537 5544 2039 5622; baseline -0.006 -13"><span class='ocrx_word' id='word_1_741' title='bbox 537 5544 1022 5622; x_wconf 67' lang='grc' dir='ltr'>(28)’Συνηγορίσῖς</span> <span class='ocrx_word' id='word_1_742' title='bbox 1085 5549 1207 5622; x_wconf 57' lang='lat' dir='ltr'><strong>Scr.</strong></span> <span class='ocrx_word' id='word_1_743' title='bbox 1267 5546 1406 5622; x_wconf 74' lang='lat' dir='ltr'><strong>Nov.</strong></span> <span class='ocrx_word' id='word_1_744' title='bbox 1459 5545 1663 5622; x_wconf 81' lang='lat' dir='ltr'><strong>J_u_stin._</strong></span> <span class='ocrx_word' id='word_1_745' title='bbox 1696 5544 1837 5622; x_wconf 66' lang='grc' dir='ltr'><strong>Δ125,</strong></span> <span class='ocrx_word' id='word_1_746' title='bbox 1879 5560 1932 5601; x_wconf 87' lang='lat' dir='ltr'><strong>c.</strong></span> <span class='ocrx_word' id='word_1_747' title='bbox 1985 5545 2039 5622; x_wconf 66' lang='grc' dir='ltr'>(ξ,</span> 
     </span>
    </p>
   </div>
   <div class='ocr_carea' id='block_1_119' title="bbox 465 5613 2045 5694">
    <p class='ocr_par' dir='ltr' id='par_1_119' title="bbox 465 5613 2045 5694">
     <span class='ocr_line' id='line_1_120' title="bbox 465 5613 2045 5694; baseline -0.009 -12"><span class='ocrx_word' id='word_1_748' title='bbox 465 5613 719 5694; x_wconf 72' lang='lat' dir='ltr'><strong>prohibet</strong></span> <span class='ocrx_word' id='word_1_749' title='bbox 738 5613 1060 5693; x_wconf 66' lang='lat' dir='ltr'><strong>episcopum</strong></span> <span class='ocrx_word' id='word_1_750' title='bbox 1095 5620 1129 5691; x_wconf 78' lang='grc' dir='ltr'><strong>ἢ</strong></span> <span class='ocrx_word' id='word_1_751' title='bbox 1155 5620 1436 5690; x_wconf 78' lang='grc' dir='ltr'>διοικητὴν</span> <span class='ocrx_word' id='word_1_752' title='bbox 1462 5618 1496 5689; x_wconf 78' lang='grc' dir='ltr'>ἢ</span> <span class='ocrx_word' id='word_1_753' title='bbox 1528 5616 1750 5670; x_wconf 83' lang='grc' dir='ltr'>ὲντολέα</span> <span class='ocrx_word' id='word_1_754' title='bbox 1789 5616 1945 5686; x_wconf 87' lang='grc' dir='ltr'>δίκης</span> <span class='ocrx_word' id='word_1_755' title='bbox 1968 5613 2045 5669; x_wconf 85' lang='grc' dir='ltr'><strong>εἷ-</strong></span> 
     </span>
    </p>
   </div>
   <div class='ocr_carea' id='block_1_120' title="bbox 464 5715 576 5756">
    <p class='ocr_par' dir='ltr' id='par_1_120' title="bbox 464 5715 576 5756">
     <span class='ocr_line' id='line_1_121' title="bbox 464 5715 576 5756; baseline -0.036 0"><span class='ocrx_word' id='word_1_756' title='bbox 464 5715 576 5756; x_wconf 82' lang='grc' dir='ltr'>ναι.</span> 
     </span>
    </p>
   </div>
   <div class='ocr_carea' id='block_1_121' title="bbox 537 5759 1413 5835">
    <p class='ocr_par' dir='ltr' id='par_1_121' title="bbox 537 5759 1413 5835">
     <span class='ocr_line' id='line_1_122' title="bbox 537 5759 1413 5835; baseline -0.008 -15"><span class='ocrx_word' id='word_1_757' title='bbox 537 5764 651 5835; x_wconf 71' lang='grc'><strong>(29)</strong></span> <span class='ocrx_word' id='word_1_758' title='bbox 680 5764 813 5835; x_wconf 68' lang='lat' dir='ltr'><strong>Qan.</strong></span> <span class='ocrx_word' id='word_1_759' title='bbox 847 5763 911 5819; x_wconf 84' lang='lat' dir='ltr'><strong>l9</strong></span> <span class='ocrx_word' id='word_1_760' title='bbox 950 5760 1231 5835; x_wconf 86' lang='lat' dir='ltr'><strong>apost.,_d.</strong></span> <span class='ocrx_word' id='word_1_761' title='bbox 1273 5776 1325 5835; x_wconf 85' lang='lat' dir='ltr'><strong>c.</strong></span> <span class='ocrx_word' id='word_1_762' title='bbox 1348 5759 1413 5835; x_wconf 22' lang='grc'><strong>46.</strong></span> 
     </span>
    </p>
   </div>
   <div class='ocr_carea' id='block_1_122' title="bbox 540 5828 2041 5904">
    <p class='ocr_par' dir='ltr' id='par_1_122' title="bbox 540 5828 2041 5904">
     <span class='ocr_line' id='line_1_123' title="bbox 540 5828 2041 5904; baseline -0.005 -11"><span class='ocrx_word' id='word_1_763' title='bbox 540 5828 654 5904; x_wconf 78' lang='grc'><strong>(50)</strong></span> <span class='ocrx_word' id='word_1_764' title='bbox 689 5833 890 5892; x_wconf 85' lang='lat' dir='ltr'><strong>Eodem</strong></span> <span class='ocrx_word' id='word_1_765' title='bbox 943 5828 1105 5889; x_wconf 81' lang='lat' dir='ltr'><strong>modo</strong></span> <span class='ocrx_word' id='word_1_766' title='bbox 1160 5831 1508 5887; x_wconf 85' lang='lat' dir='ltr'><strong>Justinianus</strong></span> <span class='ocrx_word' id='word_1_767' title='bbox 1559 5828 1694 5887; x_wconf 84' lang='lat' dir='ltr'><strong>Nov.</strong></span> <span class='ocrx_word' id='word_1_768' title='bbox 1736 5830 1852 5899; x_wconf 73' lang='grc'><strong>125,</strong></span> <span class='ocrx_word' id='word_1_769' title='bbox 1896 5845 1943 5885; x_wconf 90' lang='lat' dir='ltr'><strong>c.</strong></span> <span class='ocrx_word' id='word_1_770' title='bbox 1974 5829 2041 5896; x_wconf 78' lang='grc'>6,</span> 
     </span>
    </p>
   </div>
  </div>
