4048 6430
434 368 535 435 601

1545 371 1914 437 NOVELL/E
1953 373 2407 436 CONSTITUTl
2424 377 2639 437 UNES.

3624 390 3733 452 602

436 492 623 563 τιμαῖς
670 488 1025 560 ίεροπρεπέσι
1057 486 1696 563 κατασεμνύνεσθαι.Ὦν
1723 494 1840 547 ἐστί
1867 510 1930 562 γε
1961 495 2028 548 τὰ

2138 495 2340 559 lantur,
2378 511 2609 565 quorum
2657 499 2769 553 lucc
2791 506 2919 553 sunt
2946 502 3165 558 nomina
3199 523 3209 557 :
3238 505 3571 561 Athanasius
3599 509 3731 578 (40),

432 585 677 653 ὀνόματα
696 580 1059 646 ’⁹Λθανάσιος,
1085 579 1115 633 ὁ
1141 583 1199 636 ὲν
1225 582 1549 653 ἀρχιερεῦσι
1581 582 1719 637 Θεοῦ
1755 584 2031 656 περιώνυ-

435 690 568 747 per
598 674 905 737 Βασίλειος,
940 676 973 745 ἡ
1005 673 1277 744 βασίλειος
1327 676 1424 746 τῆς
1460 676 1792 747 Ἐκκλησξας
1831 678 2031 747 σεμνό-

432 786 530 840 της
550 785 565 800 ⁸
598 767 922 839 Γρηγόριος,
950 768 979 821 ὁ
1006 767 1105 838 τῆς
1150 768 1429 837 θεολογίας
1470 768 1791 841 ὲπώνυμοςυ
1824 770 2041 842 Γρηγόέ

437 878 587 933 ριος,
612 860 643 913 ὁ
675 859 885 929 γλυκὺς
910 858 1010 929 τῆς
1048 859 1380 932 Ἐκκλησίας
1423 860 1671 932 ποταμὸς
1720 862 1815 915 καὶ
1864 862 2033 930 ὑπέρ-

433 952 688 1023 λαμπρος
706 966 722 981 ⁶
766 949 1019 1020 Ἰωάννης
1043 991 1056 1013 ,
1089 949 1152 1004 τὺ
1181 951 1499 1022 πάγχρυσον
1528 952 1705 1023 στόμα
1731 952 1826 1006 τοῦ
1862 952 2032 1007 Πνεύ-

436 1061 633 1118 ματος·
670 1044 765 1097 καὶ
800 1044 897 1097 σὺν
923 1042 1136 1107 τούτοις
1163 1043 1434 1115 Κύριλλος
1464 1048 1559 1099 καὶ
1593 1045 1928 1115 Ἑπιφάνιος,
1953 1038 2031 1101 ὧν

434 1139 526 1193 καὶ
575 1137 645 1192 τὰ
691 1135 1098 1208 κατορθώματα
1151 1138 1245 1191 καὶ
1273 1138 1335 1191 τὸ
1382 1139 1539 1202 κλέος
1573 1141 1685 1204 τοῖς
1715 1140 2030 1211 εἰρημένοις

433 1228 752 1301 εφᾶμιλλον.

989 1320 1304 1375 ΔΙΑΤΔΞΙΣ
1342 1318 1471 1376 ΠΘ’.

434 1413 569 1482 Περὶ
602 1412 709 1467 τοῦ
737 1411 809 1466 τὰ
831 1410 1193 1482 συνοικέσια
1225 1409 1375 1482 ἄγευ
1407 1409 1519 1479 τῆς
1552 1409 1714 1481 ἱερᾶς
1743 1410 2026 1481 εὐλογίας

1003 1481 1090 1551 μὴ
1144 1480 1461 1551 tenacem.

493 1577 554 1629 Ὀ
584 1576 747 1637 αὐτὸς
778 1574 1037 1646 βασιλεὺς
1066 1573 1347 1644 Στυλιανῷ
1377 1573 1457 1645 τῷ
1485 1573 1659 1645 αὐτῷ.

500 1669 715 1740 ’Ὠσπερ
764 1668 833 1721 τὰ
876 1670 977 1739 τῆς
1026 1665 1392 1737 υίοθετήσεως
1436 1668 1742 1738 πράγματα
1788 1667 1924 1739 πρὸς
1966 1668 2029 1723 τὸ

429 1762 724 1834 ἀδιάφορον
766 1761 1087 1831 διακείμενα
1113 1762 1372 1832 παρεῖδεν
1399 1762 1433 1831 η
1466 1762 1787 1831 ἀρχαιότης,
1822 1763 1889 1832 ἢν
1914 1780 2023 1832 χωο

2138 588 2328 659 inclyti
2350 588 2440 643 ille
2466 589 2517 642 in
2544 589 2888 661 principibus
2915 591 3006 648 Dei
3031 596 3418 655 sacerdotibus
3451 600 3693 653 nominis
3720 620 3730 631 -

2136 677 2370 736 Basilius
2397 681 2531 756 (41),
2565 684 2775 754 regium
2810 685 2941 739 illttd
2978 686 3241 744 Ecclesiae
3280 690 3491 746 decus:
3526 690 3733 763 Grego-

2136 771 2273 836 rius,
2299 774 2632 843 cognomine
2668 775 2983 848 Theologus
3019 796 3032 832 :
3072 778 3373 851 Gregorius
3400 782 3515 854 (l2)
3550 784 3732 838 dulcis

2136 864 2226 920 ille
2255 873 2310 921 et
2341 866 2573 923 illustris
2625 868 2883 925 Ecclesia:
2941 870 3063 927 fons
3102 873 3383 931 :Joannes
3414 890 3640 946 prorsus
3666 878 3732 929 il-

2134 955 2229 1011 lud
2302 958 2534 1030 spiritus
2581 976 2813 1018 aureum
2867 964 2980 1037 (45)
3006 982 3117 1024 os:
3205 980 3423 1037 unaque
3511 985 3637 1025 cum
3662 970 3731 1025 iis

2132 1046 2369 1119 Cyrillus
2405 1052 2517 1123 (44)
2547 1060 2599 1107 et
2623 1052 2964 1125 Epiphanius
2990 1058 3125 1129 (45),
3161 1060 3254 1131 qui
3287 1060 3567 1131 praeclaris
3596 1060 3729 1117 faci-

2134 1142 2362 1201 noribus
2390 1144 2673 1218 gloriaque
2701 1148 2811 1206 illis
2845 1166 3006 1222 pares
3047 1163 3198 1209 sunt.

2520 1330 2991 1394 CONSTITUTIO
3053 1337 3342 1396 LXXXIX.

2129 1423 2209 1477 Ne
2236 1424 2580 1481 matrimonia
2606 1429 2742 1481 citro
2775 1428 2893 1567 #6)
2922 1448 3136 1488 sacram
3164 1434 3575 1491 benedictionem
3603 1454 3728 1493 con-

2820 1513 3082 1556 nitentur.

2820 1513 3082 1556 rutentur.

2201 1585 2348 1643 ldem
2384 1586 2685 1659 imperator
2708 1592 2886 1647 eidem
2923 1594 3191 1665 Styliano.

2201 1676 2673 1744 Quemadmodum
2717 1682 3073 1755 adoptionem
3125 1690 3441 1759 promiscue
3486 1691 3729 1746 habitam

2132 1769 2370 1839 neglexit
2401 1780 2668 1837 vetustas,
2704 1788 2867 1843 quam
2898 1778 3119 1832 tametsi
3161 1778 3285 1833 sine
3311 1780 3426 1850 (47)
3465 1783 3729 1853 precibus

334 1889 346 1903 .
434 1856 518 1925 ρὶς
544 1854 719 1925 εὐχῶν
749 1853 843 1906 καὶ
866 1852 1092 1921 τελετῆς
1120 1852 1273 1922 ἱερᾶς
1303 1850 1574 1905 τελεῖσθαι
1606 1851 1903 1922 νομίζουσα
1927 1855 2021 1907 οὐ-

2138 1862 2413 1932 ;acrisque
2461 1865 2793 1921 ceremoniis
2845 1869 3028 1937 peragi
3064 1869 3180 1940 lege
3224 1850 3590 1941 permitteret,
3618 1890 3727 1929 non

427 1948 516 2002 δὲν
568 1948 741 2002 ἐδόκει
789 1948 1097 2019 ὀλιγωρεῖν,
1132 1944 1310 2010 οὕτως
1354 1944 1500 2000 ἔοικε
1550 1947 1647 2001 καὶ
1692 1946 1793 2018 τὴν
1822 1948 2026 2020 ἀκριῦῆ

426 2042 536 2095 τῶν
566 2040 919 2095 συνοικεσίων
951 2039 1375 2110 παρεωρακέναι
1419 2031 1756 2093 κατάστασιν
1778 2040 1872 2092 καὶ
1904 2039 2027 2109 δίχα

427 2134 528 2206 τῆς
579 2134 978 2205 νενομισμένης
1025 2131 1280 2201 εὐλογίας
1324 2131 1468 2185 αὐτὰ
1519 2133 1846 2204 συγχωρεῖν.
1867 2133 2028 2187 Ἀλλὰ

426 2227 541 2290 τοῖς
594 2226 694 2297 μὲν
740 2224 992 2296 ἀρχαίοις
1042 2224 1175 2288 ἴσως
1220 2222 1289 2277 ἂν
1334 2222 1612 2296 πρόφασίς
1648 2241 1732 2288 τις
1774 2223 2025 2295 εὑρεθείη

430 2320 826 2391 προαιρέσεως,
858 2321 992 2391 ἡμῖν
1025 2319 1081 2373 δὲ
1106 2319 1229 2392 θείᾳ
1256 2318 1442 2390 χάριτι
1470 2320 1611 2389 πρὸς
1645 2318 2029 2390 κοσμιωτέραν

429 2412 611 2483 πολλῷ
656 2412 753 2465 καὶ
805 2412 1107 2483 ἱερωτέραν
1148 2412 1389 2465 ἐπίδοσιν
1413 2410 1509 2464 τοῦ
1540 2410 1657 2481 βίου
1688 2409 2028 2479 καθεστηκόο

426 2521 539 2558 των
572 2503 682 2557 τῶν
726 2504 1075 2575 πραγμάτων
1109 2503 1221 2558 οὐδ’
1258 2502 1448 2574 ἓτερον
1477 2501 1627 2569 ἄξιον
1660 2501 1771 2557 τῶν
1800 2502 2029 2574 εἰρημέ-

428 2616 536 2653 νων
567 2599 938 2671 παροφθῆναι.

497 2691 807 2764 Τοιγαροῦν
836 2691 1094 2762 καθάπερ
1116 2690 1211 2744 ἐπὶ
1232 2691 1440 2744 τέκνων
1466 2687 1831 2758 εἰσποιήσεως
1854 2688 2029 2759 ίεραῖς

428 2784 750 2855 ἐπικλήσεσι
777 2785 877 2855 τὴν
899 2782 1209 2854 εἰσποίησιν
1236 2779 1560 2853 προϐαίνειν
1579 2778 1942 2852 διορισάμεθα
1958 2782 2024 2843 ’³,

428 2878 572 2932 οὕτω
606 2877 670 2950 δὴ
719 2880 815 2933 καὶ
857 2879 927 2933 τὰ
956 2878 1271 2932 συνοικέσια
1318 2879 1382 2948 τῇ
1437 2874 1717 2947 μαρπρίᾳ
1746 2874 1844 2944 τῆς
1876 2875 2031 2943 ἱερᾶς

428 2968 682 3038 εὐλογίας
713 2969 991 3041 ἐρρῶσθαι
1025 2968 1348 3039 κελεύομεν,
1378 2966 1453 3031 ὡς
1489 2966 1619 3021 ἔνθα
1653 2983 1717 3035 γε
1749 2966 1825 3038 μὴ
1853 2965 2030 3037 ὁρῷτο

427 3064 541 3127 τοῖς
572 3065 840 3117 συνοικεῖν
869 3062 1217 3134 βουλομένοις
1241 3059 1467 3132 τοιαύτη
1497 3058 1760 3114 διαιτῶσα
1785 3058 2024 3129 ἁρμογὴ,

429 3154 550 3208 οὐδὲ
582 3154 681 3227 τὴν
708 3155 886 3227 ἀρχὴν
933 3154 1231 3227 ῥηθήσεται
1276 3152 1639 3218 συνοικὲσιον,
1669 3149 1781 3205 οὐδ’
1806 3148 2029 3203 ἐπιτεύ-

2132 1962 2315 2009 tamen
2346 1955 2496 2011 illam
2537 1972 2596 2013 se
2626 1958 2781 2028 parvi
2840 1960 3079 2029 pendere
3120 1963 3346 2031 putabat
3378 1981 3393 2019 :
3433 1964 3508 2018 ita
3542 1971 3596 2019 et
3628 1965 3728 2019 ah-

2132 2046 2367 2102 solutam
2433 2049 2772 2106 matrimonii
2816 2054 3298 2121 constitutionem,
3350 2055 3477 2110 dutn
3536 2056 3589 2112 id
3647 2058 3731 2113 ci-

2130 2146 2215 2192 tra
2263 2136 2375 2210 (48)
2425 2138 2539 2210 jam
2604 2150 2878 2214 receptam
2936 2144 3047 2214 (49)
3114 2144 3552 2203 benedictionem
3597 2148 3727 2203 iniri

2130 2226 2358 2293 sineret,
2429 2231 2739 2301 neglexisse
2786 2233 3026 2289 videtur.
3092 2236 3197 2290 Sed
3240 2237 3519 2293 veteribus
3552 2237 3718 2293 istius

2132 2317 2426 2376 voluntatis
2488 2321 2724 2380 fortasse
2774 2325 2920 2380 ratio
2953 2325 3190 2382 inveniri
3238 2328 3452 2397 possit:
3487 2343 3519 2383 a
3568 2330 3727 2387 nobis

2130 2425 2280 2474 vero,
2314 2426 2437 2467 cum
2489 2412 2673 2469 divina
2703 2414 2880 2485 gratia
2925 2416 2992 2470 ad
3045 2416 3336 2473 honestius
3394 2418 3568 2473 multo
3601 2435 3729 2473 san-

2130 2501 2389 2573 ctiusque
2422 2504 2548 2559 vitm
2577 2508 2895 2563 institutum
2945 2508 3057 2578 jam
3112 2525 3199 2565 res
3225 2521 3555 2582 comparatae
3592 2512 3725 2578 sint,

2133 2603 2387 2651 neutrum
2415 2598 2687 2654 dictorum
2722 2600 2922 2673 negligi
2956 2602 3238 2658 convenit.

2203 2686 2389 2761 Itaque
2421 2692 2873 2761 quemadmodum
2926 2693 3192 2751 adhibitis
3236 2696 3410 2753 sacris
3462 2696 3729 2767 depreca-

2131 2781 2375 2838 tionibus
2409 2782 2756 2852 adoptionem
2787 2786 2973 2854 perﬁci
3003 2787 3351 2858 prtecipimus
3378 2788 3590 2857 (50-51)
3613 2808 3625 2842 :
3647 2790 3728 2844 sic

2131 2890 2264 2931 sane
2314 2876 2479 2929 etiam
2544 2890 2718 2931 sacrae
2774 2877 3179 2934 benedictionis
3231 2880 3345 2952 (52)
3404 2881 3728 2936 testimonio

2132 2964 2480 3019 matrimonia
2533 2966 2851 3022 conﬁrmari
2932 2968 3194 3038 jubemus
3295 2971 3446 3025 Adeo
3525 2981 3623 3033 ut,
3680 2970 3728 3024 si

2130 3057 2224 3127 qui
2280 3056 2419 3110 citra
2452 3056 2595 3113 hanc
2639 3059 3051 3114 matrimonium
3095 3061 3296 3126 ineant,
3320 3061 3371 3116 id
3391 3076 3457 3117 nc
3505 3063 3572 3116 ab
3620 3061 3726 3115 itii-

2133 3150 2208 3203 tio
2246 3147 2467 3219 quidem
2508 3151 2582 3206 ita
2626 3151 2759 3218 dici,
2799 3166 2974 3224 neque
3022 3154 3147 3209 illos
3195 3154 3251 3210 in
3292 3154 3418 3210 vitae
3462 3154 3554 3209 illa
3595 3168 3728 3209 con-

1723 3280 1958 3337 VARUE
2005 3281 2412 3342 LECTIONES.

499 3427 548 3460 "
574 3425 704 3484 Scil.
732 3428 967 3485 Constit.
1015 3427 1206 3491 XXIV,

1672 3612 1698 3657 ι

508 3718 618 3790 (40)
645 3719 1075 3782 Alexandrinus,
1110 3716 1271 3790 cuius
1293 3721 1473 3790 exstat
1504 3714 1833 3790 symbolum.

510 3786 622 3858 (41)
645 3791 1111 3861 Archiepiscopus
1138 3788 1408 3861 Caesarea:
1427 3786 1807 3861 Cappadociae.

1952 3568 2184 3631 NOTAE}.

2053 3719 2097 3779 ο
2135 3715 2338 3781 ﬁciam,
2405 3716 2602 3789 inquit,
2628 3716 2694 3772 ad
2724 3718 3090 3773 enarrandam
3157 3726 3363 3771 tantam
3402 3718 3722 3775 felicitatem

2133 3789 2490 3853 matrimonii,
2535 3789 2680 3857 quod
2739 3789 2980 3844 Ecclesia
3034 3789 3317 3851 conciliat,
3362 3796 3409 3840 t-t
3438 3790 3727 3844 conﬁrmat.

506 3862 620 3929 (ιιι)
673 3857 954 3932 Nyssenus
1002 3859 1181 3924 torte;
1215 3857 1404 3932 [uitet
1470 3858 1611 3912 alius
1659 3862 2027 3927 cognomento
2127 3859 2356 3932 oblatio,
2377 3868 2444 3932 et
2477 3860 2827 3932 obsignatum
2847 3860 3023 3929 angeli
3044 3860 3443 3914 renuntiant?»
3478 3860 3728 3914 Concilio

431 3928 905 4002 Thaumaturgus.
932 3932 1059 3984 item
1087 3938 1144 3986 et
1181 3928 1320 4002 alius
1355 3928 1748 4002 Damascenus.

507 4002 620 4072 (45)
664 4002 737 4056 Τὸ
784 3997 1111 4072 πάγχρυσον
1152 3999 1351 4071 στόμα.
1385 3997 1642 4068 lntelligit
1696 3999 2026 4071 Chrysosto-

648 4142 1076 4207 Alexandrinus,
1108 4143 1145 4196 l.
1181 4140 1216 4196 3
1246 4138 1275 4213 δ
1310 4141 1367 4205 3,
1395 4138 1458 4195 C.
1486 4138 1562 4195 De
1584 4154 1801 4197 summa
1844 4138 2024 4195 Trini-

438 4221 622 4422 ηῗίὸ)
649 4282 955 4353 Episcopus
980 4281 1341 4341 Constantina.
1372 4280 1672 4350 provincia:
1701 4280 1891 4352 Cypri.

529 4353 616 4422 46)
674 4354 821 4411 Adde
850 4353 904 4417 4,
947 4352 1209 4409 ﬂat-men.
1266 4352 1300 4406 4
1327 4349 1469 4407 Nov.
1503 4351 1681 4409 Alexii
1754 4353 1886 4409 Cont

529 4349 616 4426 46)
674 4349 821 4411 Ᾱάιιο
850 4349 904 4417 4,
947 4352 1209 4409 ﬂat-men.
1266 4352 1300 4406 4
1327 4349 1469 4407 Nov.
1503 4351 1681 4409 Alexii
1748 4349 2026 4409 Contneni

434 4425 626 4578 194.7)
657 4496 808 4578 Aside
832 4493 968 4550 Nov.
1004 4494 1096 4562 at,
1124 4507 1295 4563 supra
1328 4493 1455 4549 θοάο
1499 4490 1636 4549 Νονο
1681 4492 1771 4560 ⁹δ’
1828 4494 1883 4549 ί¹¹
1942 4510 2025 4565 ¹’”

438 4566 799 4705 ω’(ῐῖὃῗῗὲίο,
838 4651 948 4692 non
971 4638 1109 4691 citra
1147 4634 1608 4705 benedictionem,
1634 4634 1746 4690 vid.
1771 4651 1893 4705 quae
1914 4634 2027 4690 dixi

435 4703 573 4762 Nov.
607 4707 746 4764 Just.
782 4707 870 4773 74,
904 4723 954 4762 c.
988 4706 1041 4772 4,
1078 4705 1105 4778 §
1145 4706 1191 4769 l,
1226 4705 1296 4761 ibi
1341 4722 1358 4758 :
1403 4703 1505 4778 Ille
1538 4713 1727 4778 niuem
1775 4703 2029 4760 adhibens

437 4790 543 4832 tres
580 4788 674 4833 aut
706 4788 937 4847 quatuor
978 4775 1167 4833 exinde
1202 4775 1761 4831 revereudim'morum
1806 4778 2028 4832 clerico-

437 4864 578 4908 rum,
615 4850 1015 4904 attestatiouem
1061 4848 1334 4917 conficiat.

508 4917 627 4992 (lt-9)
662 4919 774 4975 Usu
793 4921 1047 4992 scilicet.

509 4990 725 5061 (ὅθ-51)
760 4990 899 5046 Nov.
928 4990 1018 5053 74,
1048 5003 1240 5059 supra.

2129 3929 2554 4000 Carthaginensi
2590 3931 2646 3987 4.
2677 3944 2727 3984 c.
2762 3931 2850 3991 15,
2884 3932 3273 3990 constitutum.
3307 3938 3363 3983 ut
3403 3944 3642 4000 sponsus
3670 3944 3724 3987 et

2131 3998 2419 4069 sponsa'in
2450 4001 2713 4069 templum
2768 4000 3116 4057 deducantur
3150 4000 3218 4054 ad
3272 3998 3717 4057 benedictionem

2130 4068 2434 4126 sacerdotis
2451 4068 2835 4141 recipiendam.
2860 4069 3249 4137 AmbrosiusD,
3270 4071 3430 4138 epist.
3459 4072 3546 4131 7n,
3589 4090 3609 4123 ε
3644 4070 3729 4141 lp-

2132 4142 2541 4211 suni,‘inquit,
2606 4142 2924 4210 coniugium
2986 4143 3257 4197 velamine
3312 4142 3644 4196 sacerdotali
3674 4153 3728 4196 ct

2130 4209 2515 4268 benedictione
2573 4209 2904 4268 sanetiﬁcari
2932 4220 3168 4281 oportet.
3202 4229 3220 4263 ι
3258 4211 3554 4269 Scholiast.
3579 4212 3721 4266 llar-

2132 4296 2351 4352 menop.
2384 4284 2437 4348 4,
2467 4286 2548 4338 tit.
2570 4285 2621 4347 4,
2644 4293 2802 4352 negat
2831 4283 2976 4338 nudo
3006 4298 3283 4340 consensu
3313 4282 3724 4352 matrimonium

2131 4350 2385 4407 contrahi
2418 4372 2431 4407 :
2464 4356 2539 4409 ita
2572 4363 2632 4409 ut
2665 4350 2769 4408 nisi
2810 4370 3025 4409 sacrum
3064 4354 3155 4407 Dei
3185 4354 3411 4408 verbum
3446 4350 3610 4408 fuerit
3643 4370 3727 4408 re-

2131 4423 2384 4487 citatum,
2408 4440 2586 4492 neque
2619 4425 2825 4494 nuptiae
2851 4425 3182 4486 consistant,
3200 4439 3376 4493 neque
3392 4426 3725 4492 prohibean-

2131 4500 2224 4548 tur
2249 4496 2644 4564 contrahentes
2677 4512 2707 4549 a
2742 4512 2803 4550 se
2829 4504 3018 4550 mutuo
3054 4498 3323 4564 separari.
3359 4495 3505 4548 Idem
3528 4496 3729 4563 proba-

2135 4574 2225 4619 tur
2257 4565 2325 4618 ab
2366 4563 2686 4621 Innocentio
2745 4566 2834 4632 lll,
2860 4581 2912 4621 c.
2940 4566 2995 4632 4,
3031 4563 3186 4622 extra
3250 4564 3318 4620 de
3345 4566 3722 4634 sponsalibus.

2132 4635 2272 4708 illud
2326 4637 2628 4708 notandum
2673 4648 2779 4698 est,
2832 4633 3515 4708 proclamatioues“(quas
3542 4633 3727 4708 Banna

2133 4703 2552 4776 Longobardico
2615 4703 2887 4763 vocabulo
2943 4709 3180 4777 appellat
3196 4723 3258 4777 _c.
3290 4703 3404 4767 27,7
3437 4713 3592 4760 extra
3655 4705 3730 4777 lle

2133 4774 2438 4845 sponsalib.
2466 4793 2519 4834 c.
2555 4777 2652 4833 ult.
2709 4779 2783 4835 De
2811 4774 3141 4832 clandestin.
3193 4775 3268 4829 De
3299 4789 3503 4843 sponsa
3538 4789 3597 4845 7c.
3626 4774 3725 4828 ult.

2132 4844 2235 4914 Qui
2276 4850 2683 4916 matrimonium
2718 4850 3004 4916 accusare)
3040 4849 3091 4901 in
3132 4846 3385 4901 ecclesiis
3433 4844 3564 4916 ﬁeri;
3595 4845 3729 4916 soli-

2135 4928 2242 4990 tas.
2278 4915 2539 4989 Ponipatn
2573 4918 2796 4990 quidem
2828 4934 2933 4973 non
2962 4914 3282 4990 requiritin
3305 4914 3603 4990 _nn_ptiis__l._
3630 4914 3726 4977 ‘22,

2133 4989 2196 5044 C.
2226 4990 2301 5044 De
2330 4986 2509 5059 nttpt.,
2545 4986 2639 5045 sed
2698 4998 2878 5045 tamen
2932 4986 3128 5043 eodem
3176 4986 3262 5041 tit.
3304 4988 3340 5042 l.
3369 4988 3462 5052 24,
3494 4986 3724 5059 dicitur,

512 5057 815 5133 (52Hth
844 5061 956 5116 Leo
982 5057 1428 5135 benedictionem
1465 5058 1676 5135 nuptiis
1730 5057 2024 5135 adhiberi:
2064 5081 2106 5135 ι)
2137 5074 2243 5113 non
2276 5057 2441 5135 aliter
2494 5060 2740 5135 conditio
2792 5059 3109 5135 nuptiarum
3127 5059 3443 5135 _e_venis_sc,
3486 5072 3655 5135 quam
3679 5057 3726 5109 si

437 5130 617 5202 quem
651 5135 817 5189 ritum
871 5135 1064 5203 probat
1114 5147 1183 5188 ex
1230 5130 1555 5203 adoptionis
1596 5130 1940 5185 solemnibus
1964 5131 2020 5185 d.

437 5203 572 5261 Nov.
604 5206 697 5261 24.
729 5202 1155 5268 Ιίιαιιοοηειει,
1188 5202 1332 5272 apud
1371 5203 1625 5256 ethnicos
1673 5209 2023 5272 sacramenta

438 5276 583 5346 ignis
606 5287 660 5332 ct
699 5290 856 5344 aqua
885 5274 1094 5345 nuptiis
1133 5269 1403 5346 a_dl_iihita,_
1434 5273 1473 5328 l.
1506 5288 1629 5346 pen_.
1668 5272 1722 5324 in
1754 5269 1920 5324 ﬁn.ﬁ'.
1948 5270 2025 5346 βο

437 5342 570 5405 don.
602 5342 980 5404 ititer’virum.’
1013 5344 1175 5411 Apud
1201 5344 1549 5399 Christianos
1599 5342 1743 5396 Deus
1805 5343 2027 5411 nuptia-

438 5432 563 5473 rum
593 5418 921 5474 conciliator
952 5411 1202 5472 creditur
1233 5414 1400 5469 Marc.
1427 5431 1496 5480 ις
1532 5411 1785 5482 coujugia
1848 5413 2024 5481 preci-

443 5490 544 5543 bus
571 5500 626 5545 et
652 5487 1038 5545 benedictione
1091 5486 1414 5542 conﬁrmata
1448 5483 1619 5539 fuisse
1642 5482 1785 5553 apud
1814 5492 2024 5538 veteres

440 5559 621 5616 innuit
651 5561 879 5615 historia
902 5557 1089 5613 Tobite
1108 5573 1163 5619 ν,
1194 5572 1294 5618 vti,
1318 5570 1437 5620 vm,
1460 5564 1515 5611 et
1542 5553 1828 5609 Evaristus
1855 5554 2024 5608 refert

438 5630 529 5695 δῦ,
554 5646 611 5703 q.
638 5632 692 5694 5,
722 5647 773 5685 c.
809 5632 862 5695 l,
893 5628 1012 5685 Non
1036 5630 1195 5684 aliter
1212 5627 1518 5703 legitimum
1537 5624 1854 5695 conjugium
1876 5640 2020 5689 esse,

435 5696 603 5770 quam
638 5704 683 5759 si
730 5718 838 5756 suo
890 5711 1138 5770 tempore
1195 5696 1634 5759 sacerdotalitcr,
1667 5706 1729 5770 ut
1768 5710 1886 5770 moti
1911 5705 2016 5770 est.

434 5763 564 5828 cum
633 5774 890 5843 precibus
921 5779 983 5843 et
1004 5763 1401 5843 'oblationihus
1435 5783 1465 5821 a
1511 5765 1799 5843 sacerdote
1825 5763 2020 5843 lactis

436 5833 824 5911 benedicatur;
855 5852 907 5899 ct
943 5842 1172 5898 Tertull.
1202 5841 1257 5908 2,
1288 5840 1355 5895 ad
1387 5853 1627 5902 uxorem,
1658 5855 1674 5885 ι
1716 5833 1871 5891 Unde
1897 5836 2015 5891 suf-

2134 5130 2449 5200 nuptiarum
2466 5130 2760 5185 accesserit
2802 5126 3093 5184 festivitas.
3127 5126 3726 5200 Tridentinasynodus

2133 5196 2380 5255 sessione
2412 5216 2534 5268 pen.
2563 5200 2795 5268 requirit
2836 5202 3187 5272 prtesentiam
3248 5196 3558 5272 parnt-hiet
3587 5196 3731 5272 diio-

2134 5286 2257 5325 rutn
2284 5272 2368 5325 vel
2405 5266 2569 5325 trium
2596 5266 3141 5340 te’stittmfllogerius
3187 5266 3280 5340 rex
3324 5284 3382 5321 ιιι
3447 5266 3718 5340 Νοοροϋι.

2134 5351 2312 5396 const.
2355 5341 2445 5404 ἦ,
2478 5342 2830 5396 matrimonia
2891 5336 3013 5397 sine
3069 5339 3397 5397 sacerdotali
3463 5336 3723 5391 benedic-

2133 5412 2291 5481 tione
2341 5412 2559 5481 publica
2612 5412 2874 5481 (maxime
2935 5414 3079 5467 inter
3141 5410 3379 5476 nobiles)
3424 5408 3540 5461 vult
3598 5419 3725 5481 esse

2134 5477 2476 5537 clandestina
2499 5489 2554 5537 et
2582 5477 2804 5538 illicita:
2834 5500 2933 5538 nec
2971 5486 3082 5537 ullo
3113 5495 3247 5537 casu
3282 5486 3612 5535 testamento
3632 5477 3726 5531 vel

2134 5553 2416 5617 intestato,
2457 5555 2676 5623 nuptias
2729 5554 3048 5624 littjusmodi
3073 5546 3553 5624 contrahentibus,
3579 5561 3728 5624 _s_uc-

2132 5624 2251 5679 cedi
2286 5642 2298 5677 :
2330 5618 2590 5679 mulieres
2647 5618 2818 5692 ipsas'
2861 5626 3018 5680 dotes
3067 5624 3350 5687 amittere,
3400 5620 3508 5692 nisi
3542 5618 3722 5692 viduae

2132 5695 2243 5750 sint
2281 5702 2333 5749 et
2364 5696 2590 5750 nubant.
2629 5689 2785 5751 Adde
2831 5696 2904 5750 De
2950 5692 3313 5751 clandestinis
3351 5689 3725 5746 matrimoniis

2132 5762 2286 5821 Extr.
2325 5765 2398 5821 De
2451 5766 2812 5825 clandestinis
2847 5768 3053 5838 nuptiis
3097 5766 3274 5823 dicam
3313 5764 3378 5818 ad
3410 5763 3446 5819 l.
3472 5762 3503 5814 7
3543 5760 3609 5816 Ο.
3643 5756 3722 5815 De

2132 5846 2285 5909 nupt.
