4048 6472
321 378 431 443 603

1565 384 1843 444 LEONIS
1882 383 2347 445 PHILOSOPHI

3512 376 3622 447 604

320 494 614 552 suetudine
649 494 983 549 matrimonii
1012 492 1135 564 jure
1168 495 1333 563 potiri
1372 497 1622 554 velimus.
1652 499 1797 555 Nihil
1827 502 1910 554 in-

2025 502 2169 566 ξεται
2203 502 2313 553 τῶν
2345 500 2592 554 τοιούτου
2607 499 2653 532 ⁸³
2682 498 2911 553 δικαίων
2951 499 2984 569 ἡ
3017 498 3241 571 τοιαύτη
3277 500 3611 571 συμϐίωσις.

321 596 405 642 ter
456 590 601 641 cnim
657 587 971 642 ccelibatum
1024 596 1078 642 et
1130 589 1586 656 matrimonium,
1646 593 1792 662 quod
1830 609 1914 647 re-

323 683 585 751 prehendi
625 697 732 736 non
758 681 1243 746 debeat,medium
1276 683 1548 738 invenias.
1582 684 1913 754 Conjugalis

322 780 447 827 vita:
500 774 777 829 desiderio
814 773 1064 828 teneris?
1090 773 1349 844 Conjugii
1408 775 1557 846 leges
1599 792 1785 831 serves
1815 791 1912 830 ne-

321 881 478 923 cesse
504 873 608 920 est.
650 865 953 936 Displicent
982 867 1317 921 matrimonii
1350 867 1665 923 molestiaa?
1692 868 1912 924 C(elebs

318 961 494 1022 vivas,
535 974 707 1028 neque
745 960 1154 1013 matrimonium
1205 960 1503 1026 adulteres,
1563 976 1743 1030 neque
1776 962 1913 1017 falso

321 1054 614 1107 cmlibatus
646 1053 867 1107 nomine
890 1052 1106 1121 culpam
1149 1061 1444 1121 przetexas.

808 1138 1280 1195 CONSTITUTIO
1318 1139 1428 1196 XC.

334 1231 404 1285 Ut
456 1241 543 1302 qui
604 1235 816 1286 tertium
854 1233 1065 1302 (53-55)
1122 1234 1525 1287 matrimonium
1571 1236 1911 1302 contrahunt,

450 1306 592 1356 sacri
641 1305 861 1358 canonis
913 1305 1026 1375 (56)
1067 1320 1235 1375 pwnre
1281 1306 1393 1375 (57)
1434 1307 1647 1359 obnoxii
1674 1308 1801 1359 sint.

397 1396 542 1450 Idem
578 1398 877 1466 imperator
909 1398 1090 1453 eidem
1126 1398 1399 1470 Styliano.

399 1489 702 1557 Oportebat
740 1505 863 1554 nos,
904 1491 1230 1546 cumdivina
1251 1508 1415 1545 manu
1441 1490 1664 1546 formati
1701 1501 1914 1545 mente-

328 1596 437 1648 que
469 1594 535 1633 ac
568 1580 780 1634 ratione
812 1579 1024 1649 praediti
1052 1580 1250 1646 simus,
1302 1580 1672 1651 quorumdam
1723 1580 1915 1633 bruto-

331 1688 449 1727 rum
484 1674 818 1743 praestantiae
855 1687 965 1726 non
994 1672 1211 1727 cedere.
1246 1671 1364 1726 Non
1422 1673 1568 1726 enim
1604 1672 1695 1726 illa
1746 1673 1917 1725 imbe-

327 1765 531 1820 cillitas
569 1765 1002 1835 reprehensione
1062 1775 1241 1828 vacat,
1276 1780 1456 1834 neque
1487 1780 1518 1817 a
1579 1764 1746 1833 justis
1775 1766 1916 1819 vitu-

2017 594 2238 657 Μεταξὺ
2287 595 2397 664 γάρ
2444 592 2691 662 άγαμίας
2740 592 2835 645 καὶ
2884 591 3063 661 γάμου
3112 593 3211 645 οὐκ
3259 592 3408 645 ἔστιν
3436 594 3621 661 εὑρεῖν

2017 686 2439 757 ἀκατηγόρητον
2470 686 2531 738 τὺ
2560 684 3041 754 γινόμενον.Ἔστι
3076 700 3159 736 σοι
3187 687 3434 755 γαμικῆς
3467 685 3623 738 πολι-

2004 780 2168 845 ,τείας
2195 780 2414 848 Eccam;
2463 779 2705 846 Ἀνάγκη
2751 777 2821 831 τά
2870 776 2964 830 τοῦ
3013 777 3195 848 γάμου
3238 779 3466 847 τηρεῖν
3496 777 3623 830 ἀλλ’

2018 871 2323 937 ἀπαρέσκει
2382 867 2475 920 τοῦ
2523 868 2702 936 γάμου
2742 865 2812 919 τὰ
2855 865 3203 935 πράγματα·
3253 862 3529 916 διοικείτω
3561 879 3620 915 σε

2018 962 2235 1030 ἀγαμία
2252 978 2265 991 ·
2299 959 2394 1013 καὶ
2427 960 2565 1031 μήτε
2590 959 2770 1028 γάμον
2795 956 3179 1027 κιϐδηλεύσῃς,
3208 955 3344 1026 μήτε
3366 954 3562 1024 ψεῦδος
3575 956 3624 985 ἰ

1929 1099 1948 1110 .
2017 1053 2116 1124 τὴν
2145 1053 2392 1123 ἀγαμίαν
2422 1049 2726 1121 ὑποκοριζῃ
2747 1052 2817 1103 ³⁸.

2600 1141 2916 1195 ΔιΑΤΑΞιΣ
2956 1145 3025 1207 ιιι.

2019 1237 2156 1303 Περὶ
2199 1237 2304 1289 τοῦ
2332 1236 2474 1300 τοὺς
2500 1238 2587 1300 εἷς
2634 1234 2951 1303 τριγαμίαν
3004 1232 3426 1303 καταστάντας
3454 1229 3527 1299 τῇ
3555 1231 3623 1283 ἐκ

2196 1307 2304 1360 τοῦ
2328 1306 2488 1373 lepor?
2522 1301 2783 1371 κανόνος
2827 1303 3191 1358 ὑποκεῖσθαι
3230 1301 3436 1369 ποινῇ.

2086 1397 2143 1450 Ὀ
2173 1397 2334 1459 αὐτὸς
2368 1396 2625 1467 βασιλεὺς
2654 1394 2932 1464 Στυλιανῷ
2970 1393 3048 1464 τῷ
3082 1393 3253 1463 αὐτῷ.

2093 1489 2240 1541 Ἔδει
2273 1489 2337 1560 δὴ
2354 1490 2399 1521 ⁸⁸
2432 1488 2658 1556 πλάσμα
2703 1485 2805 1553 τῆς
2855 1485 3007 1548 Θείας
3051 1486 3201 1555 ἡμᾶς
3222 1483 3493 1565 ,παλάμης
3523 1484 3620 1536 καὶ

2018 1583 2092 1652 νῷ
2132 1584 2226 1635 καὶ
2250 1582 2397 1652 λόγῳ
2421 1580 2826 1652 τετιμημένους
2856 1578 2930 1650 μὴ
2958 1578 3061 1648 τῆς
3091 1577 3403 1648 προσούσης
3445 1576 3503 1629 ἕν
3536 1590 3616 1630 τι·

2020 1694 2105 1730 σιν
2136 1676 2355 1745 ἀλόγοις
2378 1676 2581 1745 ἀρετῆς
2601 1672 2868 1745 ἡττᾶσθαι
2893 1690 2905 1702 ·
2933 1672 2996 1725 οὐ
3022 1671 3132 1742 γάρ
3156 1670 3262 1735 ἔξω
3287 1671 3624 1741 κατηγορίας

2017 1768 2078 1821 τὸ
2120 1768 2364 1837 ἥττημα,
2416 1766 2538 1820 οὐδὲ
2587 1764 2799 1835 μώμων
2843 1763 3070 1817 δικαίων
3125 1761 3432 1832 ἐλεύθερον,
3487 1762 3625 1814 ἀλλά

328 1858 708 1928 perationibns
740 1857 913 1911 libera
942 1865 1061 1912 cst:
1093 1857 1187 1912 sed
1231 1865 1386 1911 tanto
1408 1857 1704 1921 obnoxior,
1742 1872 1917 1926 quan-

2025 1855 2277 1909 τοσοῦτον
2308 1856 2585 1920 ὑπόδικον,
2608 1856 2733 1908 ὅσον
2762 1854 2863 1923 τῆς
2888 1854 3090 1922 ἀλόγου
3124 1853 3340 1921 φύσεως
3368 1853 3400 1922 ἡ
3431 1851 3624 1921 λογικὴ

330 1959 444 2003 tum
473 1949 671 2005 brutali
716 1960 926 2004 natura:
971 1949 1318 2005 rationabilis
1345 1948 1640 2019 prudentia
1675 1949 1917 2003 antecel—

329 2040 412 2095 lit.
439 2040 761 2111 Oportebat,
811 2041 1058 2112 inquam,
1101 2042 1348 2097 homines
1374 2057 1501 2096 cum
1535 2040 1588 2095 in
1624 2041 1767 2106 aliis,
1806 2052 1920 2094 tum

331 2136 607 2203 pracipue
642 2135 693 2187 in
726 2136 980 2190 castitate
1034 2135 1428 2189 matrimoniali
1486 2149 1515 2187 a
1565 2134 1744 2190 brutis
1803 2132 1919 2204 (58)

330 2242 440 2279 non
477 2227 643 2281 vinci.
672 2226 839 2281 Multa
867 2237 1052 2282 autem
1085 2228 1375 2282 brutorum
1421 2227 1791 2281 animantium
1820 2243 1918 2296 ge-

333 2331 462 2370 nera
492 2316 630 2385 (59),
656 2315 889 2387 conjuge
940 2327 1181 2382 mortuo,
1218 2325 1542 2386 perpetuam
1601 2317 1919 2371 viduitatem

332 2408 783 2477 amplectuntur,
856 2409 1154 2479 alterisquc
1216 2410 1427 2479 nuptiis
1492 2409 1707 2479 priores
1772 2409 1922 2463 velut.

332 2512 597 2568 congeSta
635 2506 783 2552 terra
835 2498 1096 2569 obtegere
1153 2499 1372 2553 nolunt.
1399 2497 1603 2553 Verum
1660 2499 1921 2568 quoniam

333 2588 923 2644 hancimbecillitatem
976 2599 1190 2661 turpem
1253 2608 1362 2646 non
1417 2608 1540 2649 esse
1580 2594 1921 2663 (quanquam

332 2681 652 2750 turpissima
686 2681 777 2751 sit)
809 2681 1136 2738 existimans
1167 2694 1388 2751 natura,
1424 2686 1603 2755 primo
1638 2685 1921 2740 matrimo-

333 2772 427 2827 nio
454 2782 711 2827 contenta
744 2789 853 2828 non
880 2786 987 2840 est,
1037 2775 1135 2831 sed
1208 2779 1363 2832 nullo
1400 2778 1608 2848 pudore
1655 2786 1803 2832 tacta
1854 2779 1921 2833 ad

331 2867 635 2921 secundum
658 2868 823 2923 etiam
855 2869 1110 2939 procedit
1149 2888 1162 2925 :
1197 2872 1329 2941 quin
1358 2887 1481 2926 cum
1520 2871 1669 2926 illam
1703 2873 1790 2926 hic
1816 2872 1925 2928 salo

333 2967 444 3014 tem
474 2960 671 3015 sistere
692 2961 941 3028 deberet,
974 2978 1081 3017 non
1115 2973 1298 3018 tamen
1325 2965 1375 3018 id
1429 2964 1596 3020 facit:
1626 2973 1702 3030 et,
1738 2980 1920 3034 quan-

332 3066 497 3118 quam
525 3064 621 3119 per
651 3066 867 3105 sacram
899 3053 1073 3122 legem
1101 3069 1210 3108 non
1242 3056 1428 3117 liceat,
1457 3070 1486 3107 a
1528 3055 1775 3110 secundo
1801 3071 1915 3107 ma-

334 3139 600 3193 trimonio
628 3140 695 3194 ad
730 3143 953 3195 tertium
987 3145 1334 3214 prorumpit:
1377 3145 1524 3199 haud
1562 3145 1726 3199 dubie
1784 3161 1917 3198 con-

334 3231 584 3285 stitutam
618 3233 671 3286 in
707 3234 931 3288 tertium
1003 3236 1415 3291 matrimonium
1476 3252 1719 3307 poenam,
1770 3239 1919 3308 quod

336 3337 447 3375 non
508 3332 854 3387 exerceatur,
915 3328 1255 3395 contemptui
1322 3326 1578 3381 habens:
1640 3327 1806 3398 idque
1858 3341 1922 3380 eo

334 3416 499 3468 etiam
532 3417 706 3485 magis
737 3417 881 3487 quod
917 3418 1097 3473 civilis
1129 3419 1237 3482 lcv,
1264 3435 1370 3487 qua
1413 3421 1600 3474 nescio
1630 3419 1697 3475 de
1725 3436 1917 3485 causa,

336 3504 579 3575 Spiritus
605 3522 824 3578 poenam
860 3509 1254 3564 constituentis
1284 3511 1508 3565 decreto
1551 3526 1657 3564 non
1693 3526 1926 3566 consen-

334 3600 453 3666 tiat,
489 3600 585 3655 sed
642 3601 744 3655 hos
780 3617 807 3655 a
858 3603 1290 3672 reprehensione
1334 3620 1498 3675 porro
1556 3605 1774 3669 liberat,
1828 3607 1922 3673 qui

335 3699 461 3759 post
482 3692 713 3745 alterum
750 3694 1153 3748 matrimoniale
1185 3695 1526 3749 consortium
1573 3710 1601 3747 a
1630 3696 1919 3749 matrimo-

338 3785 447 3839 niis
472 3785 751 3840 abstinerc
783 3786 994 3840 nolint:
1027 3786 1235 3842 idcirco
1261 3804 1361 3843 nos
1384 3804 1507 3858 qua:
1537 3787 1767 3857 Spiritui
1804 3789 1920 3856 pla-

335 3884 463 3930 cent
482 3884 801 3943 sequentes,
836 3877 1155 3942 statuimus,
1184 3888 1243 3930 ut
1274 3879 1365 3947 qui
1396 3879 1462 3932 ad
1525 3879 1745 3932 tertium
1804 3892 1922 3931 ma-

342 3970 660 4023 trimonium
696 3971 1069 4038 pervenerint,
1102 3985 1277 4041 ptenae
1303 3985 1469 4040 quam
1497 3970 1550 4023 in
1577 3971 1730 4039 ipsos
1759 3984 1918 4025 sacer

334 4074 510 4115 canon
534 4059 647 4130 (60)
682 4061 1067 4130 promulgavit,
1112 4063 1332 4116 obnoxii
1357 4063 1487 4117 sint.

814 4151 1287 4208 CONSTITUTIO
1319 4152 1454 4207 XCI.

519 4244 586 4298 Ut
626 4246 977 4299 concubinam
1022 4246 1211 4299 habere
1242 4262 1346 4299 non
1382 4246 1537 4299 liceat
1599 4245 1735 4316 (6!).

408 4335 553 4390 Idem
584 4336 883 4406 imperator
921 4337 1098 4392 eidem
1144 4337 1417 4407 Styliano.

2027 1950 2159 2020 περὶ
2184 1948 2243 2002 τὸ
2269 1950 2494 2019 ἄμεινον
2514 1948 2744 2001 θ⁷.Ἔδει
2773 1942 2868 2000 οὖν
2912 1947 2982 2001 τά
3027 1963 3088 1999 τε
3126 1945 3261 1998 ἄλλα
3290 1945 3385 1999 καὶ
3427 1946 3484 1997 ὲν
3513 1946 3623 2005 τοῖς

2023 2043 2281 2110 γαμικοῖς
2316 2040 2392 2111 μὴ
2437 2040 2499 2092 τὸ
2547 2039 2771 2092 ἔλαττον
2819 2037 2920 2106 τῆς
2956 2038 3015 2091 ὲν
3048 2036 3233 2099 αὐτοῖς
3268 2035 3621 2105 σωφροσύνης

2024 2135 2307 2204 προσεῖναι
2352 2132 2683 2204 ἀνθρώποις.
2733 2130 2912 2185 Πολλά
2955 2131 3064 2201 γὰρ
3107 2130 3216 2183 τῶν
3263 2129 3475 2197 ἀλόγων
3528 2129 3621 2181 τοῦ

2023 2227 2295 2297 ὁμοζύγου
2328 2225 2853 2298 προαποφθαρέντος
2876 2224 2965 2278 διὰ
3000 2224 3116 2293 βίου
3141 2224 3241 2293 τὴν
3274 2223 3502 2293 χηρείαν
3531 2224 3626 2276 ἀι.-

2024 2320 2415 2384 ασπάξεται⁹⁸,
2450 2319 2548 2372 καὶ
2593 2318 2867 2389 δευτέροις
2913 2317 3016 2369 οὐκ
3065 2316 3238 2369 ἐθέλει
3290 2316 3491 2383 γάμοις
3533 2315 3626 2368 τὸν

2025 2412 2245 2483 πρῶτον
2278 2412 2469 2483 ὥσπερ
2502 2410 2931 2482 καταχωννύειν.
2950 2410 3104 2463 Ἐπεὶ
3146 2410 3203 2463 δὲ
3233 2409 3334 2478 τὴν
3365 2406 3625 2474 τοιαύτην

2023 2500 2194 2577 ἧτταν
2222 2506 2253 2573 ἡ
2289 2504 2453 2572 φύσις
2482 2504 2541 2557 οὐ
2577 2504 2803 2574 βαρεῖαν
2832 2502 3153 2571 νομίζουσα,
3177 2503 3356 2555 καίτοι
3385 2498 3626 2569 βαρυτά-

2023 2612 2144 2664 την,
2163 2596 2229 2663 τῇ
2264 2592 2456 2665 πρώτῃ
2483 2594 2582 2645 οὐκ
2606 2593 2856 2662 ἀρκεῖται
2888 2593 3099 2661 γαμικῇ
3132 2588 3338 2659 ὁμιλίᾳ,
3372 2586 3507 2640 ἀλλά
3533 2584 3632 2644 καὶ

2026 2688 2162 2759 πρὸς
2209 2685 2471 2756 δευτέραν
2521 2684 2675 2738 οὐδὲν
2716 2684 3008 2753 αἰδουμένη
3069 2684 3273 2752 χωρεῖ,
3306 2681 3404 2733 καὶ
3460 2681 3628 2750 μέχρι

2024 2779 2215 2833 τούτου
2264 2780 2323 2831 τὸ
2368 2777 2567 2846 ἑαυτῆς
2612 2776 2843 2844 ὤφειλεν
2896 2773 3103 2846 ὁρίζειν
3146 2773 3471 2843 ἐλάττωμα·
3508 2773 3622 2827 ἀλλ’

2025 2873 2126 2941 οὐχ
2148 2870 2294 2923 οὕτω
2325 2872 2490 2932 ποιεῖ,
2522 2869 2639 2923 ἀλλ’
2663 2867 2784 2920 οὔτε
2818 2866 3152 2937 συγγνώμην
3193 2866 3252 2930 ἐξ
3278 2866 3427 2935 ἱεροῦ
3458 2866 3625 2935 νόμου

2025 2964 2119 3017 ἐπὶ
2140 2963 2218 3033 τῷ
2245 2961 2591 3031 ὲλαττώματι
2622 2960 2915 3031 λαμϐάνει,
2944 2960 3040 3013 καὶ
3076 2960 3212 3030 πρὸς
3245 2960 3427 3029 τρίτον
3449 2959 3624 3028 γάμον

2028 3058 2092 3109 ἐκ
2139 3055 2235 3107 τοῦ
2287 3055 2545 3125 δευτέρου
2597 3055 2919 3124 προάγεται,
2948 3053 3025 3123 τῷ
3064 3054 3139 3123 μὴ
3173 3053 3330 3123 δίκην
3358 3054 3417 3105 ὲν
3446 3053 3621 3121 τούτῳ

2026 3150 2398 3220 άπαιτηθῆναι
2419 3190 2433 3215 ,
2466 3150 2558 3201 καὶ
2590 3148 2689 3215 τῆς
2722 3148 2983 3217 κειμένης
3013 3148 3105 3201 ἐπὶ
3132 3146 3209 3216 τῷ
3248 3146 3414 3217 τρίτῳ
3444 3147 3620 3198 ἐπιτι-

2030 3243 2248 3311 μήσεως
2266 3242 2311 3272 ”
2340 3242 2828 3308 καταφρονήσασα,
2866 3239 3101 3308 μάλιστά
3129 3255 3191 3306 γε
3222 3239 3316 3290 καὶ
3346 3238 3623 3291 πολιτικοῦ

2022 3336 2188 3405 νόμου
2228 3334 2349 3402 (οὐκ
2382 3329 2476 3385 οἷδ’
2504 3334 2675 3401 ὅπως)
2714 3333 2788 3403 μὴ
2820 3334 3133 3402 συμφωνεῖν
3164 3329 3522 3399 ἐθελήσαντος
3547 3328 3626 3399 τῷ

2023 3427 2256 3498 δόγματι
2285 3425 2379 3479 τοῦ
2411 3424 2551 3477 Πνεύ
2562 3442 2752 3494 ματος,
2779 3423 2914 3477 ἀλλὰ
2943 3424 3203 3494 μέμψεως
3226 3423 3475 3491 ἀφιέντος
3499 3422 3625 3483 τοὺς

2033 3520 2197 3590 μέχρι
2225 3521 2324 3588 τῆς
2361 3517 2623 3587 δευτέρας
2667 3516 2915 3586 γαμικῆς
2958 3515 3033 3586 μὴ
3067 3513 3397 3585 στέρξαντας
3433 3531 3627 3565 κοινω-

2027 3613 2185 3676 νίας·
2214 3611 2505 3683 τοιγαροῦν
2553 3612 2717 3681 ἡμεῖς
2764 3612 2878 3673 τοῖς
2923 3608 3002 3678 τῷ
3052 3608 3333 3701 Πνεύμαέι
3379 3606 3627 3659 δοκοῦσιν

2029 3703 2286 3773 ἑπόμενοι
2318 3702 2605 3776 ὁρίζομεν,
2638 3704 2765 3765 τοὺς
2794 3704 2875 3765 εἰς
2904 3703 3211 3774 τριγαμίαν
3248 3700 3626 3759 καταστάντας

2031 3796 2354 3849 ὑποκεῖσθαι
2400 3797 2468 3867 τῇ
2515 3796 2661 3866 δίκῃ,
2703 3796 2880 3865 ἥνπερ
2910 3795 3127 3849 αὐτῶνι
3174 3797 3203 3847 ὁ
3249 3794 3393 3865 ἱερὸς
3442 3789 3625 3845 κανὼν

2029 3888 2366 3960 ἐξενήνοχεν.

2599 4150 2912 4205 ΔιΑτΑειε
2949 4150 3067 4219 ιιΑν.

2180 4244 2316 4312 Περὶ
2345 4245 2451 4297 τοῦ
2480 4243 2565 4313 μὴ
2600 4245 3079 4310 συμφθείρεσθαι.
3117 4239 3482 4305 παλλακαῖς.

2121 4339 2178 4391 '0
2206 4338 2368 4400 αὐτὸς
2407 4338 2659 4407 βασιλεὺς
2690 4334 2967 4405 Στυλιανῷ
2998 4333 3075 4403 τῷ
3115 4334 3283 4405 αὐτῷ.

1652 4479 1885 4537 νΑιιιίΕ
1922 4480 2328 4537 LECTIONES.

391 4600 440 4631 ”
473 4599 660 4669 Steph.
705 4599 849 4669 conj.
879 4600 1091 4671 τούτου.
1126 4658 1139 4671 Ι
1167 4601 1215 4633 9"
1248 4601 1437 4671 Steph.
1465 4602 1697 4671 ψευδῶς.

337 4668 508 4725 Codd.
562 4671 802 4739 Ἐπειδὴ.

337 4755 386 4807 c,
421 4743 473 4796 '5.
507 4741 566 4796 ὃ.
599 4741 784 4797 Basilii
812 4756 861 4797 c.
894 4741 945 4807 4,
982 4741 1071 4810 50,
1108 4742 1196 4798 80.
1281 4741 1320 4775 ⁷⁸
1362 4743 1546 4798 Malim
1584 4741 1789 4806 αὐτοῖς.

1775 4602 1820 4634 ⁸⁸
1853 4601 1943 4656 Sic
1972 4599 2239 4667 Stephan.
2288 4600 2460 4655 Codd.
2525 4598 2841 4667 ὑποκορίζοι
2877 4614 2975 4648 σοι.

916 4673 960 4703 ⁸⁷
987 4658 1176 4742 Steph.
1205 4674 1330 4742 περὶ
1348 4658 1410 4725 τὸ
1442 4658 1673 4741 φ’ρονεῖν
1721 4671 1964 4742 ἄμεινον.

3078 4597 3122 4627 ⁹⁰
3151 4594 3308 4661 Con].
3344 4590 3530 4661 Steph.
3574 4619 3628 4636 -ι

2074 4662 2123 4713 “-
2154 4671 2343 4742 Steph.
2373 4669 2520 4740 conj.
2554 4662 2985 4733 ἀντισπάζεται.
3086 4668 3129 4697 ⁹⁹
3179 4664 3308 4735 Syn.
3377 4662 3623 4719 Neocms.

1859 4833 2093 4891 NOTAE.

412 4929 624 4998 (53-55)
662 4930 738 4985 De
786 4930 965 5000 tertiis
1011 4928 1242 5000 nuptiis,
1288 4929 1412 4984 vide
1466 4929 1921 5000 constitutionem
1955 4929 1999 4984 Ι)

337 4996 833 5069 Porphyrogeneta:
853 4999 989 5055 Nov.
1032 4996 1161 5061 Ife.
1201 5001 1256 5063 2,
1287 5016 1433 5055 vers.
1474 4996 1546 5052 Ut
1578 5007 1783 5053 autem.

412 5068 526 5137 (56)
561 5068 654 5124 Sc}
688 5070 1172 5127 Neoewsariensis.

412 5140 526 5209 (57)
556 5138 797 5211 Tempus
855 5141 1078 5210 aliquod
1108 5140 1413 5209 paenitendi
1461 5139 1698 5211 higamis
1730 5147 1784 5193 et
1815 5138 1921 5211 tr_i-

338 5212 513 5277 gamis
544 5208 865 5280 imponitur.
901 5208 1039 5266 Illud
1070 5208 1440 5279 adjiciendum
1467 5208 1599 5264 the.
1630 5209 1739 5264 2et
1770 5224 1820 5262 c.
1855 5208 1914 5270 7,

338 5280 584 5353 ejusdem
610 5281 831 5353 synodi,
863 5282 1037 5336 vetari
1066 5283 1445 5353 presbyteros
1490 5281 1760 5353 interesse
1816 5294 1921 5353 nu-

340 5352 467 5415 ptiis
510 5350 655 5418 ejus,
704 5367 829 5422 quae
868 5352 1116 5409 secundo
1173 5350 1351 5407 nubit.
1420 5350 1715 5422 Privabant
1772 5350 1918 5422 enim

339 5422 590 5475 nonnulli
635 5420 1016 5478 benedictione
1047 5423 1321 5477 secundas
1348 5423 1585 5489 nuptias,
1630 5420 1750 5473 vide
1780 5421 1919 5486 Aug.

341 5506 451 5545 scr.
481 5492 610 5555 245,
645 5494 900 5547 Ambros.
928 5494 982 5546 in
1018 5508 1141 5561 cap.
1174 5508 1245 5546 vn
1302 5493 1315 5545 I
1368 5492 1448 5545 Ad
1484 5491 1737 5545 Corinth.
1774 5500 1829 5541 et
1865 5490 1921 5541 in

344 5576 400 5614 ιιι
440 5577 561 5630 cap.
591 5564 781 5629 prima:
807 5562 877 5617 ad
908 5563 1185 5627 Corinth.,
1218 5563 1514 5617 concilium
1554 5561 1927 5615 Lateranense

341 5633 448 5700 sub,
477 5632 794 5686 Alexandro
823 5632 911 5696 III,
951 5635 1038 5689 tit.
1068 5633 1143 5687 De
1179 5634 1416 5689 secund.
1443 5639 1597 5700 nupt.
1634 5648 1684 5685 c.
1714 5634 1762 5685 I.

415 5699 539 5773 (53)
570 5700 871 5773 Hincillud
913 5702 1268 5768 Nazianzeni,
1316 5704 1378 5756 τὸ
1408 5699 1623 5773 πρῶτον
1672 5699 1926 5756 συνοικέ-

349 5770 667 5843 σιονΙνόμονο
690 5771 752 5843 τὸ
774 5771 1021 5843 δεύτερον
1052 5775 1418 5843 συγχωρήσις,
1450 5770 1512 5826 τὸ
1544 5772 1721 5843 τρίτον
1749 5788 1927 5841 παρα-

347 5835 633 5900 νομίαίτδ
656 5840 913 5910 τέταρτον
933 5835 1205 5914 ’χοιρώδης
1234 5835 1363 5912 βίος.

2104 4925 2217 4996 (59)
2252 4923 2322 4979 Ut
2355 4933 2621 4980 turtures.

2108 4993 2220 5066 (ϐυ)
2253 4996 2465 5049 Canon.
2500 4998 2553 5057 5,
2582 4997 2642 5066 7.
2677 4993 3115 5066 Neocmsariens.
3149 4996 3344 5064 synod.
3374 4995 3411 5047 l.
3442 4994 3531 5066 5i,
3566 5010 3622 5060 q.

2027 5066 2085 5129 2,
2118 5064 2172 5121 ι».
2213 5067 2286 5138 De
2319 5067 2415 5138 _l_|is
2444 5067 2537 5135 qui
2570 5083 2584 5131 ;
2624 5065 2857 5121 Basilius
2880 5080 2931 5119 c.
2963 5064 2998 5118 4
3034 5064 3101 5119 ad
3152 5064 3623 5138 Amphilochium,

2032 5138 2121 5191 ubi
2167 5136 2289 5190 vide
2319 5136 2729 5190 Balsamonem.

2101 5209 2215 5274 (6|)
2251 5207 2630 5261 Concubinam
2684 5206 2886 5260 habere
2939 5220 3049 5260 non
3110 5208 3259 5272 licet,
3320 5217 3380 5261 ut
3415 5202 3526 5267 hic,
3571 5210 3626 5257 et

2030 5279 2104 5332 ita
2136 5273 2434 5347 abrogatur
2456 5277 2539 5331 tit.
2587 5276 2641 5330 Π.
2680 5277 2750 5329 De
2783 5276 2957 5331 adult.
2985 5284 3039 5329 et
3065 5281 3297 5333 similes.
3331 5277 3474 5331 Olim
3499 5273 3626 5347 qui-

2030 5349 2151 5403 dem
2206 5346 2500 5402 constante
2554 5346 2931 5409 matrimonio,
2992 5350 3362 5404 concubinam
3423 5346 3625 5399 habere

2034 5434 2144 5473 non
2176 5419 2350 5472 licuit.
2386 5416 2522 5471 Nov.
2560 5418 2645 5479 I8,
2679 5433 2730 5470 c.
2759 5418 2813 5479 5.
2846 5417 2983 5469 Nov.
3014 5418 3104 5479 89,
3138 5437 3186 5471 e.
3221 5420 3308 5483 1'2,
3343 5416 3371 5488 ᾗ
3400 5418 3454 5471 5.
3505 5414 3625 5467 Cac-

2032 5499 2209 5543 terum
2279 5488 2584 5542 concubina
2643 5502 2673 5541 a
2731 5489 3019 5543 meretrice
3083 5489 3360 5557 discrepat
3407 5504 3421 5541 :
3495 5499 3628 5539 con-

2034 5561 2236 5614 cubiua
2259 5559 2427 5613 unius
2459 5566 2668 5612 tantum
2734 5559 3138 5614 consuetudine
3179 5560 3353 5613 utitur
3390 5575 3406 5613 :
3440 5570 3617 5608 mere-

2030 5631 2138 5684 trix
2164 5645 2295 5683 vero
2316 5630 2576 5697 plurium.
2607 5628 2926 5684 Cuncubina
2960 5646 3085 5683 cum
3109 5647 3218 5684 uno
3247 5638 3459 5684 tantum
3497 5638 3624 5693 pec-

2033 5710 2141 5765 cat,
2176 5700 2434 5754 meretrix
2467 5714 2592 5752 cum
2620 5700 2889 5766 pluribus.
2950 5700 3240 5755 Balsamon
3291 5701 3358 5755 ad
3414 5710 3621 5755 canon.

2033 5773 2103 5826 26
2133 5772 2293 5841 epist.
2330 5770 2517 5826 Basilii
2540 5770 2607 5823 ad
2642 5771 3109 5841 Amphilochium.
3141 5772 3319 5827 Gow.
