4048 6434
335 333 444 397 605

1459 329 1827 393 ΝΟνΕΙᾸΑΕ
1852 333 2531 399 CONSTITUTIONES.

3522 349 3632 414 606

412 443 547 497 Ἀπὸ
584 441 679 511 τῆς
709 440 877 512 αὐτῆς
914 441 1239 514 ἀδιαφορίας
1280 446 1375 498 καὶ¹
1411 445 1511 515 τὴν
1544 448 1672 517 περὶ
1713 447 1924 501 παλλα-

2101 451 2291 524 Neque
2318 456 2503 510 minus
2528 469 2592 510 ea
2627 453 2713 510 les
2749 448 2862 524 (6‘2)
2892 472 3015 527 quae
3042 457 3313 527 probrose
3341 471 3467 513 cum
3494 475 3632 515 con-

337 542 432 610 Αῆς
467 536 649 608 κρίσιν
674 536 871 605 ὁρᾶται
899 535 1222 606 ποιούμενος
1244 538 1272 590 ὁ
1302 539 1415 601 τοῖς
1440 537 1617 603 οὕτως
1647 540 1931 609 ἐπιψόγως

338 626 766 701 συμφθείρεσθαι
792 628 1101 693 παλλακαῖς
1122 630 1224 683 οὑκ
1255 630 1597 701 αἰδουμένοις
1624 632 1931 704 συγχωρῶν

341 727 515 795 νόμος.

403 819 614 872 οὐκοῦν
659 818 781 872 οὐδὲ
829 816 1037 887 ταύτην
1070 816 1163 870 τοῦ
1213 816 1511 887 νομοθέτου
1551 818 1651 887 τὴν
1686 819 1928 889 διαμαρ-

335 912 453 965 τίαν
485 912 731 982 ὑϐρίζειν
763 910 863 981 τὴν
892 909 1169 980 ἡμετέραν
1200 910 1477 963 πολιτείαν
1507 910 1712 981 ἐῶμεν,
1753 911 1872 965 ἀλλ’
1900 913 1929 964 ὁ

339 1005 435 1075 μὲν
467 1006 640 1059 ἀΐδιον
674 1006 848 1075 ἐχέτω
884 1005 1066 1075 σιγὴν,
1100 1004 1235 1072 ἡμῖν
1269 1002 1315 1055 δ’
1345 1002 1753 1073 ἀπαγορεύεται
1786 1003 1929 1057 κατὰ

332 1096 397 1149 τὰ
450 1097 573 1152 θεία
628 1099 722 1151 καὶ
779 1098 1059 1165 πρέποντα
1116 1097 1465 1167 Χριστιανοῖς
1516 1096 1831 1168 ἐντάλματα
1894 1100 1927 1169 ἡ

333 1189 559 1260 τοιαύτη
608 1189 764 1261 ὑὸρις
808 1191 868 1241 οὑ
908 1189 1070 1259 μόνον
1119 1191 1219 1259 τῆς
1248 1187 1487 1252 πίστεως
1520 1189 1659 1242 ἀλλά
1700 1192 1795 1242 καὶ
1828 1191 1927 1260 τῆς

332 1282 569 1350 φύσεως.
620 1281 683 1334 Εἰ
735 1282 833 1352 μὲν
867 1282 977 1351 γὰρ
1012 1280 1153 1334 κατὰ
1181 1280 1244 1334 τὺ
1270 1280 1450 1349 λόγιον
1476 1282 1653 1335 οἰκεία
1688 1282 1925 1352 ὑπάρχει

331 1375 503 1444 πηγὴ,
527 1376 591 1426 ἐκ
615 1373 722 1426 τῶν
755 1373 976 1426 οἰκείων
1003 1371 1257 1443 ἀπαρύου
1284 1374 1577 1445 σωφρόνως
1613 1373 1773 1447 (ὅθεν
1804 1374 1927 1440 ἐξὸν

333 1467 594 1537 καθαρῶν
624 1465 1031 1534 ἁπογεύεσθαι²
1063 1466 1345 1537 ναμάτων,
1379 1466 1444 1520 σὺ
1486 1468 1805 1539 προκρίνεις
1833 1467 1925 1521 τὸν

337 1557 656 1629 βόρϐορον)⁶
708 1561 756 1612 εἰ
798 1559 843 1612 δ’
892 1559 992 1628 οὑχ
1042 1559 1313 1630 ὑπάρχει,
1348 1558 1467 1613 ἀλλ’
1507 1560 1610 1612 οὑκ
1667 1559 1783 1613 ἐστι
1814 1560 1925 1615 τῶν

330 1652 663 1723 ἀπορρήτων
691 1654 724 1721 ἡ
774 1650 993 1722 κτῆσις,
1044 1652 1104 1705 ού
1145 1652 1382 1723 χαλεπὸν
1418 1652 1475 1705 δὲ
1523 1652 1623 1724 τὴν
1663 1653 1924 1708 κοινωνὸν

332 1741 429 1793 τοῦ
463 1741 580 1811 βίου
609 1740 813 1812 εὑρεῖν.

866 1834 1183 1888 ΔιΑΤΑΞιΣ
1229 1833 1323 1903 ιε’
1347 1837 1386 1888 ι.

578 1923 718 1993 Πρρί
748 1924 853 1979 τοῦ
886 1921 1401 1995 ἑκτυφλώσαντος
1429 1925 1655 1980 ἐκοντί.

424 2090 486 2143 ’0
515 2090 680 2154 αὐτὸς
714 2090 968 2161 βασιλεὺς
994 2090 1272 2162 Στυλιανῷ
1306 2090 1384 2162 τῷ
1424 2091 1594 2162 αὐτῷ.

404 2184 469 2236 Εἰ
502 2182 598 2237 καὶ
623 2182 799 2245 ἄλλως
831 2183 963 2251 ἡμῖν
992 2182 1239 2253 περὶτοῦ
1270 2182 1397 2245 τοὺς
1425 2182 1741 2254 ὀφθαλμοὺς
1770 2184 1928 2256 χερσὶ

329 2276 668 2347 βιαιοτάταις
692 2274 1047 2345 ἐξορύξαντος
1065 2274 1143 2345 τῷ
1164 2275 1302 2345 πρὸς
1327 2274 1744 2347 ἀμφισϐήτησιν
1776 2275 1927 2347 αύτῷ

327 2368 726 2439 καθισταμένῳ
754 2369 785 2438 ή
818 2369 1000 2438 κρίσις
1033 2367 1321 2439 ἐξηνέχθη,
1354 2368 1387 2439 ἧ
1412 2369 1485 2429 ὡς
1511 2370 1558 2421 oi
1588 2368 1812 2423 παλαιοὶ
1841 2370 1927 2424 νό-

330 2477 427 2532 μοι
474 2460 846 2523 θεσπίζουσιν,
884 2459 997 2512 ἀλλ’
1031 2461 1134 2513 οὑκ
1167 2456 1330 2529 ἦλθεν
1379 2459 1525 2513 κατὰ
1568 2460 1809 2514 διάνοιαν
1846 2463 1928 2525 είς

327 2552 499 2622 νόμον
524 2550 623 2621 τὴν
653 2550 907 2619 τοιαύτην
936 2552 1281 2605 διατυπῶσαι
1312 2552 1514 2623 κρίσιν.
1566 2553 1792 2624 Ἐκρίθη
1826 2555 1927 2623 μὲν

328 2645 441 2715 γὰρ
476 2646 632 2713 ἡμῖν,
669 2642 859 2714 ὥσπερ
898 2645 993 2695 καὶ
1044 2642 1264 2714 ἐκρίθη.
1314 2644 1764 2716 συμπαθέστερόν
1808 2662 1927 2708 πως

328 2739 421 2790 ἐπὶ
443 2735 527 2805 τῷ
553 2735 717 2789 πάθει
737 2733 1184 2803 διατεθειμένοις,
1218 2734 1312 2787 καὶ
1342 2734 1645 2806 ἐπειδήπερ
1669 2737 1769 2787 οὑκ
1798 2736 1925 2805 ἐνῆν

330 2828 722 2883 ἀνακαλεῖσθαι
753 2826 851 2897 τὴν
882 2826 1087 2897 ζημίαν
1116 2826 1224 2879 τῶν
1255 2826 1552 2896 ὀφθαλμῶν
1588 2827 1668 2898 τῷ
1700 2826 1925 2891 τούτους

329 2921 745 2985 ἀπολωλεκότι,
796 2920 970 2987 ἔγνων
1009 2918 1085 2989 μὴ
1127 2918 1219 2972 τὸν
1262 2918 1640 2989 ζημιώσαντα,
1688 2919 1793 2973 κᾶν
1845 2920 1926 2972 δί-

331 3031 488 3077 καιος
525 3014 784 3082 ὑποσχεῖν
814 3012 915 3082 τὴν
944 3012 1119 3082 αὐτὴν
1163 3010 1390 3082 ζημίαν,
1426 3009 1504 3080 τῷ
1532 3012 1707 3082 ὁμοίῳ
1740 3012 1925 3066 σκότει

332 3106 676 3177 περιὸαλεῖν,
707 3103 823 3157 ἀλλ’
854 3104 948 3156 ἐπὶ
977 3103 1233 3157 τοσοῦτον
1265 3105 1448 3174 ὁρίσαι
1476 3104 1572 3175 τὴν
1608 3104 1921 3175 εἴσπραξιν,

328 3198 469 3252 ὥστε
502 3197 597 3249 καὶ
621 3195 714 3248 τὸν
766 3193 1050 3265 πράξαντα
1098 3193 1287 3266 φέρειν
1320 3197 1525 3265 σημεῖα
1548 3193 1569 3225 ⁸
1602 3195 1700 3264 τῆς
1749 3213 1923 3266 τιμω-
1953 3181 1995 3240 C

331 3291 454 3362 ρίας
474 3330 491 3353 ,
529 3289 621 3341 καὶ
650 3288 740 3341 τὸν
765 3287 1010 3340 παθόντα
1035 3285 1383 3358 παραμύθιόν
1409 3304 1484 3350 τι,
1511 3286 1586 3351 ὼς
1613 3288 1671 3340 ἐν
1701 3287 1927 3360 τοιαύτῃ

331 3382 593 3454 συμφορᾷ
620 3380 717 3434 καὶ
740 3380 897 3450 βαθεῖ
917 3376 1060 3432 οὕτω
1088 3372 1270 3432 σκότει
1298 3380 1363 3433 ἐκ
1383 3379 1491 3433 τῶν
1521 3379 1698 3433 πόνων
1729 3380 1928 3452 κεκτῆ-

330 3477 455 3530 σθαι
490 3472 588 3527 τοῦ
630 3474 692 3525 τὸ
734 3472 927 3535 σκότος
975 3470 1123 3542 αὑτῷ
1172 3471 1701 3542 δημιουργήσαντος.
1767 3473 1929 3527 vim

328 3569 435 3639 γὰρ
484 3568 537 3620 εί
585 3567 679 3620 καὶ
736 3564 881 3617 οὕτω
926 3563 1208 3634 κέκριται,
1245 3564 1345 3616 οὐκ
1382 3560 1470 3635 ἦν,
1512 3563 1702 3636 ὥσπερ
1749 3559 1926 3632 εἷπον,

328 3660 531 3732 γνώμη
562 3661 622 3713 τὸ
672 3659 861 3730 κριθὲν
907 3661 1085 3711 ποιεῖν
1133 3657 1504 3728 νομοθέτημα.
1554 3657 1773 3729 Ἐπειδὴ
1798 3657 1854 3710 δὲ
1900 3659 1928 3710 ὁ

328 3756 435 3808 τῶν
464 3756 530 3805 ἐν
561 3756 671 3815 τοῖς
695 3752 860 3815 θείοις
887 3750 1044 3823 ήμῶν
1074 3750 1487 3822 άποφερόμενος
1505 3751 1525 3781 ³
1558 3744 1657 3821 (οὗ
1678 3749 1789 3819 ἐγὼ
1809 3750 1927 3813 πῶς

328 3850 397 3903 ἄν
427 3845 832 3916 ἀποπέμψαιμι
863 3845 963 3916 τὴν
1011 3843 1313 3911 ἀξίωσιν;)
1364 3844 1447 3906 είς
1495 3843 1692 3915 νόμους
1747 3842 1926 3907 dato!“

325 3941 426 4013 τὴν
457 3939 724 4008 τοιαύτην
757 3938 942 4009 κρίσιν
972 3937 1435 4008 διασκευασθῆναι
1472 3937 1560 3991 διὰ
1593 3937 1653 3990 τὸ
1674 3938 1774 4008 τῆς
1807 3937 1924 3991 δια-

330 4034 541 4097 θέσεως
577 4031 987 4103 φιλάνθρωπον,
1018 4031 1094 4096 ὡς
1126 4034 1192 4086 ἂν
1227 4033 1337 4086 ἀπό
1362 4050 1426 4102 γε
1458 4031 1552 4085 τοῦ
1583 4031 1679 4085 νῦν
1711 4032 1765 4085 εί
1792 4032 1924 4086 ποτέ

325 4142 376 4179 τι
411 4127 695 4198 συμπέσοι
739 4124 983 4179 τοιοῦτον
1027 4126 1285 4196 τοιαύτης
1327 4124 1922 4198 ὲπιτεύξηταιδιακρί-

326 4235 494 4285 σεως,
528 4218 617 4272 οἵα
648 4219 754 4272 κάν
783 4218 863 4290 τῷ
895 4215 1126 4288 παρόντι
1157 4217 1237 4287 τῷ
1275 4217 1598 4287 ἀδικήσαντι
1627 4216 1857 4292 ὥρισται
1891 4220 1924 4288 ἡ

326 4312 547 4383 ζημία,
594 4312 897 4383 πειθόμεθα
940 4328 1000 4364 τε
1041 4313 1108 4382 τῇ
1140 4314 1449 4383 προτροπῇ,
1499 4311 1596 4365 καὶ
1639 4312 1701 4365 τὸ
1747 4311 1924 4382 δόγμα

320 4405 614 4478 ὁρίζομεν.

395 4502 749 4573 Τοιγαροῦν⁷
781 4503 865 4557 εἴθ
899 4503 982 4567 τίς
1014 4520 1144 4556 ποτε
1179 4503 1259 4567 είς
1290 4501 1601 4572 όφθαλμὸν⁹
1636 4501 1922 4571 ἐπενέγκοι

321 4602 430 4655 τινὶ
480 4598 715 4668 ζημίαν,
760 4596 951 4651 τοῦτον
988 4596 1304 4667 κελεύομεν,
1338 4598 1387 4650 εἰ
1421 4595 1521 4666 μὲν
1570 4594 1689 4660 ἕνα,
1735 4593 1812 4666 τῷ
1841 4596 1922 4649 ἐνὶ

322 4695 421 4748 καὶ
448 4691 681 4747 αὑτὸν¹⁰
708 4689 1037 4760 ζημιοῦσθαι
1062 4690 1161 4760 τὴν
1192 4690 1314 4759 ῑσην
1346 4690 1619 4759 ὑπέχοντα
1646 4689 1824 4760 δίκην.
1861 4689 1923 4741 Εἰ

320 4784 380 4839 δὲ
407 4782 562 4851 κατὰ
595 4782 705 4836 τῶν
731 4783 824 4837 δύο
857 4782 956 4847 τάς
987 4782 1333 4855 κακούργους
1362 4782 1603 4855 ἐπιϐάλῃ
1624 4784 1662 4813 ¹¹
1699 4784 1919 4852 χεῖρας,

1949 4550 2004 4610 D

2039 545 2262 601 cubinis
2308 546 2611 603 immisceri
2656 562 2764 603 non
2814 550 3273 606 erubescentibus
3305 552 3357 607 id
3410 553 3639 623 permit-

2041 639 2261 694 tendum
2291 640 2583 710 judicavit,
2610 641 2958 699 honestatem
2987 660 3194 715 susque
3211 646 3387 716 deque
3422 647 3635 702 habuit.

2108 827 2334 901 Neergo
2383 831 2485 886 hoc
2533 831 2867 902 legislatoris
2922 843 3133 889 reatum
3183 835 3461 892 dedecore
3525 852 3625 893 u0«

2038 932 2205 978 stram
2263 923 2660 992 rempublicam
2710 924 2927 981 allicere
2977 928 3251 985 sinamus.
3313 932 3506 1001 Itaque
3545 935 3631 987 lex

2037 1014 2129 1068 illa
2191 1015 2246 1068 in
2279 1024 2546 1069 aeternum
2596 1016 2779 1072 silcto.
2824 1017 2908 1071 Ab
2960 1018 3050 1071 illa
3108 1019 3254 1073 enim
3307 1036 3416 1077 non
3470 1024 3634 1077 modo

2036 1090 2472 1175 religionis(65),
2507 1122 2697 1161 verum
2722 1108 2888 1162 etiam
2944 1118 3154 1164 natura:
3194 1111 3394 1179 injuria
3426 1129 3632 1168 secun-

2035 1194 2164 1249 dum
2202 1196 2390 1250 divina
2422 1196 2841 1267 Chistianisque
2896 1202 3285 1257 convenientia
3348 1213 3631 1274 prterrpta

2034 1285 2416 1356 prohibemur.
2455 1286 2520 1340 Et
2566 1288 2791 1357 quidem
2850 1291 2895 1345 si
2960 1306 3084 1345 cum
3143 1293 3344 1347 fontem
3401 1294 3627 1358 habeas,

2035 1378 2222 1434 sobrie
2264 1379 2393 1435 inde
2444 1380 2671 1437 haurire
2741 1382 2929 1437 divino
2994 1397 3268 1453 praecepto
3320 1400 3626 1441 moueare:

2032 1487 2141 1543 qua
2176 1473 2388 1528 ratione
2415 1515 2429 1539 ,
2458 1488 2582 1528 cum
2620 1489 2788 1543 puras
2818 1489 2991 1544 aquas
3034 1476 3258 1530 haurire
3306 1477 3466 1530 liceat
3488 1518 3502 1542 ,
3535 1484 3622 1531 tu-

2033 1572 2150 1619 tum
2179 1573 2235 1619 tu
2273 1566 2484 1621 mavis?
2503 1565 2642 1621 Tum
2675 1568 2893 1623 tametsi
2959 1568 3165 1624 fontem
3232 1584 3343 1623 non
3396 1570 3625 1634 habeas,

2032 1657 2202 1714 rebus
2230 1667 2417 1715 tamen
2458 1662 2640 1717 vetitis
2673 1663 2749 1716 uti
2800 1678 2906 1717 non
2970 1673 3146 1734 potes.
3204 1663 3473 1719 Caeterum
3504 1666 3628 1719 vitae

2034 1763 2349 1810 consortem
2383 1753 2632 1810 invenire
2663 1754 2881 1810 diﬂiclle
2919 1772 3029 1810 non
3071 1764 3175 1812 est.

2494 1845 2971 1904 CONSTITUTlO
2999 1847 3158 1905 XCII.

2172 1939 2252 1995 De
2295 1956 2448 2009 poena
2496 1941 2611 2011 ejus
2662 1943 2753 2012 qui
2804 1944 3034 2011 aliquem
3081 1944 3265 1999 dedita
3322 1959 3483 2013 opera

2596 2015 2880 2067 cxcwcavit
2912 2015 3049 2084 (6i).

2099 2103 2246 2160 Idem
2277 2104 2578 2175 imperator
2604 2105 2781 2162 eidem
2816 2106 3089 2179 Styliano.

2101 2194 2347 2251 Tametsi
2374 2197 2535 2252 aliter
2564 2214 2730 2268 quam
2776 2209 2988 2256 veteres
3014 2200 3159 2271 leges
3191 2202 3307 2274 (65)
3339 2202 3618 2268 sauciant,

2028 2289 2097 2344 de
2119 2304 2186 2345 eo
2212 2290 2305 2360 qui
2337 2291 2498 2345 alteri
2558 2292 2822 2347 violentis
2879 2294 3139 2349 manibus
3172 2296 3368 2350 oculos
3391 2296 3622 2353 eiTodis-

2028 2387 2132 2443 set,
2167 2393 2292 2433 cum
2321 2378 2438 2449 ipse
2468 2378 3020 2448 judiciointeresset,
3060 2399 3087 2437 a
3133 2385 3293 2440 nobis
3332 2388 3611 2442 sententia

2028 2471 2138 2525 lata
2202 2472 2319 2526 sit:
2353 2487 2630 2542 nunquam
2664 2481 2848 2528 tamen
2913 2475 2966 2529 in
3019 2477 3191 2547 legem
3230 2478 3379 2533 illam
3434 2488 3621 2535 trans-

2029 2564 2271 2619 formare
2299 2564 2514 2619 animus
2545 2564 2667 2618 fuit.
2710 2565 2977 2621 Nonnihil
3024 2569 3171 2623 enim
3234 2572 3620 2630 misericordia

2029 2658 2163 2713 moti
2193 2657 2270 2724 (id
2302 2657 2449 2729 quod
2471 2659 2588 2729 ipsa
2619 2674 2709 2715 res
2740 2660 2904 2715 etiam
2935 2661 3165 2732 indicat)
3198 2673 3329 2719 tunc
3359 2665 3431 2719 ita
3463 2664 3619 2735 judi-

2028 2751 2275 2807 cavimus
2318 2769 2331 2805 :
2386 2751 2648 2822 quoniam
2692 2752 2860 2819 oculi,
2913 2753 2961 2808 ei
3012 2755 3108 2825 qui
3139 2756 3266 2813 illos
3307 2757 3620 2833 amisisset,

2027 2843 2248 2898 restitui
2288 2858 2398 2898 non
2422 2854 2672 2914 possent,
2715 2861 2839 2901 eum
2867 2847 2961 2916 qui
3003 2848 3054 2901 id
3102 2847 3289 2902 damni
3343 2850 3612 2916 dedisset,

2026 2950 2343 3007 quanquam
2399 2930 2494 3007 qui
2554 2936 2699 2993 idem
2754 2946 3055 3009 pateretur,
3083 2940 3284 3010 dignus
3325 2951 3494 3008 esset,
3554 2945 3611 2999 in

2028 3028 2281 3084 eamdem
2315 3044 2439 3085 esse
2463 3032 2767 3086 ciuitatem
2793 3032 3205 3101 conjiciendum
3234 3050 3345 3089 non
3406 3038 3619 3105 putavi.

2029 3121 2252 3177 Interim
2284 3130 2467 3176 tamen
2516 3132 2721 3177 tantam
2770 3140 2991 3193 pinnam
3047 3127 3340 3191 constitui,
3398 3138 3458 3181 ut
3526 3132 3620 3199 qui

2030 3213 2221 3267 oculos
2247 3214 2413 3276 eruit,
2458 3213 2581 3283 ejus
2606 3215 2763 3284 signa
2799 3215 2975 3271 ferat:
3031 3227 3086 3272 et
3136 3218 3228 3272 cui
3277 3219 3420 3273 eruti
3471 3234 3621 3286 sunt,

2032 3306 2086 3359 in
2120 3316 2269 3361 tanta
2312 3307 2627 3362 calamitate
2650 3307 2902 3379 adeoque
2942 3310 3216 3380 profunda
3246 3312 3520 3381 caecitate,
3553 3330 3621 3368 ex

2030 3400 2316 3455 laboribus
2339 3401 2483 3470 ejus,
2510 3402 2603 3471 qui
2638 3401 2730 3455 illa
2762 3403 2940 3471 ipsum
2975 3402 3178 3469 alit-cit,
3207 3402 3447 3474 aliquam
3481 3420 3618 3459 con-

2031 3492 2360 3547 solationcm
2399 3490 2617 3546 habeat.
2646 3491 3039 3546 Verumtamen
3097 3492 3223 3547 licet
3281 3493 3353 3545 ita
3399 3493 3623 3563 judica-

2031 3594 2143 3637 tum
2170 3589 2322 3637 esset
2339 3596 2405 3636 ex
2439 3597 2497 3636 re
2508 3581 2758 3650 judicata
2786 3581 2960 3651 legem
3020 3582 3203 3638 facere
3234 3583 3623 3654 (quemadmo-

2043 3679 2172 3731 dum
2209 3674 2346 3744 dixi)
2390 3689 2499 3729 non
2550 3683 2731 3729 tamen
2758 3675 2977 3728 anitnus
3032 3686 3170 3730 erat.
3205 3676 3312 3731 Sed
3356 3678 3620 3747 quoniam

2029 3768 2124 3838 qui
2161 3766 2277 3836 (66)
2313 3766 2455 3819 inter
2487 3780 2644 3819 sacra
2674 3775 2861 3819 nostra
2881 3763 3055 3820 cilicia
3089 3767 3297 3822 relatus
3320 3778 3403 3821 est
3435 3768 3621 3838 (cujus

2030 3874 2131 3929 ego
2176 3873 2286 3929 qua
2330 3858 2543 3913 ratione
2604 3857 3040 3929 postulationem
3091 3859 3404 3928 rejiciam?)
3468 3860 3617 3914 illam

2029 3952 2382 4018 sententiam,
2437 3950 2583 4021 quod
2634 3950 2784 4005 mitis
2847 3950 2940 4015 sit,
2976 3950 3120 4007 inter
3148 3952 3296 4023 leges
3351 3952 3617 4008 collocari

2030 4045 2186 4116 petit,
2224 4059 2333 4115 quo
2360 4042 2642 4113 deinceps.
2674 4043 2719 4099 si
2759 4044 2984 4113 quando
3030 4044 3137 4098 tale
3161 4043 3447 4115 quidpiam
3473 4044 3616 4098 inci-

2028 4138 2145 4202 dat,
2177 4136 2418 4208 qualiter
2452 4136 2507 4189 in
2565 4135 2822 4205 praesenti
2858 4135 2912 4189 in
2969 4133 3235 4204 injurium
3285 4150 3447 4206 paena
3479 4152 3617 4192 con-

2028 4228 2220 4283 stituta
2257 4234 2364 4289 est,
2419 4227 2606 4291 taliter
2648 4241 2712 4281 ca
2746 4240 2837 4281 res
2901 4225 3288 4294 dijudicetur:
3344 4230 3619 4298 postulato

2030 4337 2310 4393 paremus,
2369 4320 2746 4390 judicialeque
2788 4321 3073 4376 decretum
3123 4320 3257 4390 legis
3287 4323 3619 4377 auctoritate

2027 4418 2320 4471 donamus.

2102 4507 2161 4562 Si
2194 4508 2322 4578 quis
2348 4522 2479 4578 ergo
2511 4507 2841 4578 cujusquam
2874 4507 3051 4562 visum
3081 4508 3312 4575 lmserit,
3360 4508 3528 4574 hunc,
3570 4509 3617 4562 si

2033 4617 2199 4655 unum
2235 4601 2455 4655 oculum
2517 4600 2807 4664 ademerit,
2847 4615 2959 4654 uno
3010 4600 3268 4655 similiter
3309 4601 3620 4669 eodemque

2033 4693 2264 4763 privari,
2301 4708 2364 4753 ac
2380 4693 2605 4748 talionis
2636 4706 2856 4761 poenam
2882 4692 3071 4746 subire
3099 4691 3382 4759 jubemus.
3408 4690 3465 4744 Si
3486 4704 3618 4743 vero

2039 4786 2309 4840 ambobus
2356 4786 2534 4840 oculis
2576 4783 2855 4839 iualelicas
2906 4798 3102 4838 manus
3150 4782 3419 4851 injecerit,
3474 4797 3614 4853 quo-

1664 4926 1907 4982 VAlilIE
1948 4926 2243 4983 lECTlON
2251 4926 2354 4979 ES.

394 5054 417 5086 '
453 5054 553 5109 Sic
612 5053 809 5107 Zuich.
862 5050 1170 5105 ctMecrm.
1244 5048 1480 5121 Scrimg.
1548 5047 2015 5120 ἁπαγορεύεσθαι.
2087 5045 2278 5112 Steph.
2338 5043 2646 5112 ronjecerat
2697 5038 3062 5106 ἁπαρύεσοαι.

394 5138 446 5150 ι..
511 5125 569 5150 ιε
603 5134 648 5150 ..ι
688 5125 888 5150 ..:........
919 5122 990 5150 ιιι.
1039 5116 1104 5150 νι
1166 5121 1226 5150 ιιι
1308 5136 1324 5150 .
1400 5136 1502 5150 ...ιη
1562 5123 1581 5150 ι
1710 5120 1731 5150 ι
1767 5120 1936 5150 νι..;,.ιι
1997 5128 2046 5150 nl
2079 5116 2277 5150 llam»...
2331 5115 2400 5150 an"
2428 5114 2627 5150 κνιηςῗη
2765 5110 2786 5140 ⁵
2820 5109 2945 5150 “sua
2986 5124 3062 5150 om

1307 5136 1346 5184 I,
1400 5115 1523 5191 pag.
1554 5123 1609 5176 4.
1681 5115 1926 5173 ’δ’Ζηὶυιῖ

1272 5192 1294 5222 ⁷
1328 5190 1466 5245 Cod.
1494 5192 1547 5245 tl.
1583 5192 1631 5243 εί
1661 5190 1771 5260 γὰρ
1810 5186 1924 5245 οὖν.

2033 5116 2300 5171 tMeerm.
2331 5115 2402 5166 τὰ
2428 5115 2649 5183 σημεῖα.
2765 5115 2786 5140 ⁵
2820 5115 2945 5164 meo
2986 5115 3242 5192 corrupta
3287 5123 3411 5163 esse
3446 5117 3612 5192 patet.

2033 5187 2287 5260 nendavit
2319 5184 2510 5254 Steph.
2583 5181 2604 5211 ⁸
2637 5181 2747 5236 Inc.
2777 5178 2994 5251 Ecloga.
3069 5178 3092 5212 ’
3127 5177 3245 5233 Ecl.
3278 5178 3614 5248 ὀφθαλμούς.

939 5265 979 5295 ¹¹
1018 5263 1128 5321 Ecl.
1168 5261 1331 5316 modo
1364 5261 1638 5328 ἐπιϐάλοι,
1665 5258 1827 5316 nitido
1855 5258 2115 5328 ἐπιλάϐῃ.

326 5122 469 5179 Nov.
500 5125 573 5179 45
598 5134 653 5179 et
685 5125 888 5177 citatur
919 5122 1011 5176 lib.
1039 5116 1129 5183 Vl,
1166 5121 1252 5174 tit.
1307 5136 1357 5191 ι,
1400 5116 1523 5191 pag.
1554 5123 1609 5176 4.

326 5194 348 5224 ⁸
383 5194 589 5249 Zuiclt.
623 5203 677 5250 et
707 5194 928 5249 Meerm.
956 5192 1162 5256 ἀξιοῦν.

328 5265 372 5298 ¹⁶
406 5266 651 5337 Scrimg.
684 5264 857 5335 αὑτῷ.

3166 5036 3305 5093 ³Εει
3357 5037 3411 5093 in
3472 5037 3614 5101 ECL,

2765 5109 2945 5192 χΙΙ-πο
2986 5115 3242 5192 cor_rqpt_a
3287 5117 3612 5192 esse‘patet.

1826 5398 2063 5456 NOTAE.

420 5520 519 5582 62)
542 5518 660 5575 Vid.
684 5518 891 5577 Goodd.
916 5519 982 5573 ad
1001 5519 1174 5574 lli“.
1201 5517 1257 5573 ﬂ'.
1283 5516 1356 5588 De
1380 5517 1443 5573 V.
1470 5517 1762 5589 signiﬁcat.
1784 5517 1913 5572 Aas.

420 5522 519 5582 6‘2)
542 5522 660 5575 Vid.
684 5522 891 5577 Goodd.
916 5522 982 5573 ad
1001 5522 1174 5574 lii“.
1201 5522 1257 5573 Π.
1283 5522 1356 5588 De
1380 5522 1443 5573 V.
1470 5522 1762 5589 signiﬁcat.
1784 5522 1913 5572 Aas.

397 5522 523 5664 £65)
561 5591 977 5664 Concubinatusﬁ
998 5590 1122 5664 jure
1146 5590 1336 5664 digitio
1366 5592 1721 5664 reprobatur,
1774 5590 1915 5645 adde

328 5659 747 5734 Clar.'.’i,isent.
780 5661 807 5734 §
842 5659 1307 5734 l‘ornicatio.AVAi_d.
1332 5671 1387 5716 et
1420 5659 1473 5713 in
1502 5676 1587 5731 pr.

405 5733 527 5801 (64)
559 5731 748 5788 Exstat
770 5730 1006 5800 epitome
1034 5732 1177 5800 apud
1219 5730 1684 5800 ilarmcnopulum
1732 5730 1786 5793 6,
1824 5731 1908 5786 tit.

336 5805 383 5859 i.
417 5806 445 5877 §
480 5805 537 5860 6.
575 5803 858 5875 Explicare
888 5804 1108 5859 videtur
1138 5816 1355 5872 pinnam
1398 5804 1643 5869 talionis,
1701 5803 1770 5857 de
1802 5817 1911 5872 qua

2238 5531 2403 5658 me
2443 5582 2807 5658 forte,_Exod.
2847 5597 2956 5646 xxi,
3008 5585 3103 5634 aut
3141 5577 3236 5633 XII
3260 5577 3496 5644 tabular,
3544 5578 3615 5636 de

2025 5655 2135 5730 qua
2161 5655 2227 5712 ad
2252 5656 2484 5730 Easdem
2507 5655 2674 5730 dis-in
3138 5721 3186 5730 __
3228 5721 3240 5730 _
3572 5718 3584 5729 υ

2100 5730 2214 5799 (66)
2250 5727 2411 5784 Forte
2445 5726 2703 5798 intelligit
2758 5736 3043 5781 sacrorum
3095 5721 3401 5780 ofﬁciorum
3446 5721 3618 5792 inagi-

2026 5808 2225 5855 strum.
