4048 6424
379 395 490 458 609

1482 397 1844 458 NOVELL/E
1878 399 2437 460 CONSTITUTION
2446 400 2552 460 ES.

3527 401 3642 468 610

385 509 637 580 σαμένοις
660 510 761 564 οὒκ
781 507 876 564 οἷδ’
901 511 960 566 δν
982 528 1101 565 τινα
1129 510 1330 582 τρόπον
1353 510 1453 563 οὐκ
1481 513 1560 573 είς
1583 511 1644 563 τὸ
1672 510 1959 581 ἁκριϐὲςη

2070 524 2272 576 larunt,
2329 528 2438 582 quo
2488 513 2674 568 nescio
2733 513 2892 568 modo
2923 527 2984 568 ea
3035 513 3102 567 de
3128 527 3187 567 re
3238 526 3347 568 non
3395 513 3645 575 absolute

383 601 498 672 ἔχει
530 601 599 654 τὰ
640 602 976 672 διωρισμένα
1014 602 1159 671 (εἴτε
1185 601 1260 671 μὴ
1291 601 1660 671 βουληθέντων
1692 617 1963 671 συμπερι-

384 689 570 743 λαδεῖν
603 691 695 742 καὶ
725 689 882 742 τοῦτο
907 691 1034 760 περὶ
1061 683 1121 742 οὗ
1151 689 1246 744 νῦν
1293 688 1558 759 μέλλομεν
1590 689 1868 750 θεσπίζειν
1903 690 1962 740 ἐν

384 783 497 844 τοῖς
525 781 655 850 περὶ
704 781 997 850 μνηστείας
1034 780 1350 844 διαλύσεως,
1395 780 1428 850 ἢ
1477 778 1553 850 μὴ
1588 781 1962 849 γεγενημένης

388 870 744 941 περιπετείας
770 871 1027 941 τοιαύτης
1072 872 1231 924 ὁποία
1272 870 1368 924 νῦν
1398 871 1456 923 ὲν
1488 870 1565 939 τῷ
1603 870 1833 939 παρόντι
1861 887 1965 938 φα-

387 964 540 1014 νεῖσα
587 959 681 1013 τοῦ
730 961 896 1031 νόμου
943 962 1042 1031 τὴν
1073 962 1290 1014 ἔκθεσιν
1335 962 1612 1031 ἀπαιτεῖ),
1659 963 1822 1032 ἡμεῖς
1867 964 1964 1016 καὶ

386 1053 562 1120 τούτῳ
583 1051 659 1122 τῷ
691 1051 844 1122 μέρει
863 1052 929 1104 τὸ
953 1052 1137 1106 λεῖπον
1159 1051 1601 1122 ἀναπληροῦντες
1624 1053 1683 1107 ὲν
1703 1052 1782 1123 τῷ
1807 1055 1964 1122 ἀκρι-

386 1142 472 1195 δεῖ
504 1145 573 1195 τὰ
613 1143 744 1212 περ).
775 1146 1074 1211 μνηστείας
1120 1143 1478 1212 καθίσταμεν.
1519 1142 1585 1195 Ἦ
1614 1143 1717 1213 μὲν
1739 1143 1833 1196 οὖν
1861 1145 1962 1214 ἀρ-

385 1235 518 1304 χαία
539 1233 781 1297 διάταξις
816 1233 932 1286 λύει
969 1233 1069 1302 τὴν
1103 1235 1399 1303 μνηστείαν
1436 1233 1714 1303 διαφόροις
1762 1233 1964 1297 αἰτίαις

389 1326 411 1396 (
432 1325 574 1394 φημὶ
597 1325 655 1378 δὲ
681 1321 759 1392 τῷ
784 1324 1077 1395 ἐτεροδόξῳ
1105 1324 1199 1377 τοῦ
1232 1324 1594 1393 σεϐάσματος,
1628 1325 1722 1377 καὶ
1755 1325 1803 1376 εί
1827 1323 1962 1392 φρέ-

390 1433 478 1479 νες
501 1413 609 1468 εἷεν
635 1415 892 1485 μανιώδει
915 1415 1078 1469 πάθει
1103 1419 1440 1486 περιπετεῖς,
1463 1414 1544 1468 ἔτι
1568 1415 1626 1467 δὲ
1654 1416 1746 1469 καὶ
1777 1416 1964 1480 ἄλλαις

391 1508 498 1559 τισί
519 1521 533 1538 ο
553 1507 758 1559 τούτων
784 1507 892 1577 γὰρ
912 1507 1172 1577 ὁποτέρου
1191 1507 1238 1536 ³⁸
1264 1507 1443 1558 αίτίαν
1471 1504 1683 1576 ἔχοντος
1711 1504 1804 1559 τοῦ
1845 1508 1966 1571 ἑνὸς

389 1602 497 1654 τῶν
523 1600 885 1652 συνελθόντων
914 1600 994 1661 είς
1033 1599 1129 1668 τὴν
1170 1597 1465 1668 μνηστείαν
1501 1599 1722 1668 μέρους,
1751 1598 1963 1652 κελεύει

387 1693 490 1763 τὴν
524 1692 749 1761 ἑνότητα
803 1691 1158 1761 ῥήγνυσθαι),
1210 1689 1238 1742 ὃ
1265 1690 1321 1743 δὲ
1348 1689 1444 1742 νῦν
1487 1691 1618 1760 παρ’
1655 1691 1813 1761 ἡμῶν
1840 1694 1963 1745 ἐπι-

393 1780 637 1847 σκέψεως
654 1780 906 1848 ἠξίωται,
937 1777 970 1849 ἢ
993 1777 1066 1848 μὴ
1099 1779 1485 1847 γεγενημένον,
1509 1778 1697 1850 ὥσπερ
1721 1779 1825 1850 ἔφη
1834 1798 1959 1850 μεν,

389 1872 510 1924 κατ’
552 1872 729 1924 ἐκεῖνο
769 1869 984 1940 καιροῦ,
1017 1869 1049 1939 ἥ
1085 1868 1160 1939 μὴ
1194 1870 1259 1922 ἂν
1301 1868 1487 1938 οίηθὲν
1517 1871 1626 1923 τῶν
1647 1874 1692 1902 ³⁷
1719 1870 1960 1936 ἔσεσθαι,

2069 616 2446 678 praeceperunt
2496 605 2806 676 (sive-quod
2839 605 2943 659 hoc
2965 603 3031 658 de
3053 618 3163 674 quo
3193 619 3340 659 nunc
3378 609 3640 661 sancituri

2067 713 2281 762 sumus,
2310 698 2453 751 inter
2482 711 2679 752 causas
2704 695 3176 751 dissolvendarum
3238 697 3642 767 sponsaliorum

2062 787 2533 858 comprehendere
2589 787 2890 851 noluerint,
2931 788 3045 842 sive
3068 787 3213 856 quod
3241 788 3352 842 tale
3369 787 3632 856 quiddam

2063 880 2223 950 quale
2248 877 2740 948 impraesentiarum
2773 885 3023 931 exortum
3070 875 3205 944 legis
3247 878 3642 947 promulgatio-

2063 985 2184 1025 nem
2245 969 2500 1039 requirit,
2561 977 2676 1022 tum
2742 968 2982 1021 nondum
3036 966 3315 1037 inciderit)
3345 983 3463 1033 nos,
3497 967 3644 1037 quod

2064 1061 2168 1114 hac
2214 1061 2269 1114 in
2331 1069 2485 1129 parte
2529 1059 2684 1113 deest
2713 1097 2729 1122 ,
2787 1059 3184 1127 adimplentes,
3233 1059 3644 1130 sponsaliorum

2063 1157 2358 1205 tractatum
2395 1147 2461 1202 ad
2482 1147 2686 1218 justam
2709 1147 3110 1203 absolutionem
3155 1149 3500 1205 deducimus.
3533 1147 3642 1204 Ve-

2064 1250 2150 1296 tus
2171 1248 2354 1295 autem
2386 1240 2711 1294 constitutio
2741 1238 2856 1309 (75)
2898 1240 3176 1310 sponsalia
3229 1240 3462 1305 dirimit,
3523 1241 3644 1295 aliis

2063 1341 2227 1402 atque
2248 1331 2372 1386 aliis
2399 1332 2468 1385 de
2499 1331 2683 1387 causis
2717 1350 2731 1385 :
2763 1333 2835 1386 ob
2868 1333 3142 1388 diversam
3191 1333 3443 1388 videlicet
3470 1334 3538 1387 de
3562 1348 3647 1388 re-

2064 1425 2266 1493 ligione
2324 1422 2662 1492 opinionem,
2719 1424 2824 1478 etsi
2851 1423 2990 1477 alter
3040 1423 3270 1478 insanire
3328 1424 3518 1477 morbo
3549 1437 3648 1476 ca-

2065 1515 2268 1584 piatur,
2301 1527 2365 1566 ac
2394 1514 2617 1583 insuper
2641 1513 2711 1568 ob
2739 1513 3034 1569 nonnullas
3057 1513 3216 1579 alias,
3251 1521 3415 1582 atque
3448 1513 3643 1566 harum

2065 1604 2382 1658 utramlibet
2434 1611 2777 1672 utercunque
2842 1605 3315 1674 desponsatorum
3375 1604 3647 1668 haberet,

2067 1692 2357 1763 sponsalia
2379 1691 2568 1746 divelli
2595 1692 2772 1761 jubet.
2798 1691 2956 1757 Quod
2985 1688 3114 1747 vero
3138 1708 3283 1747 nunc
3314 1693 3365 1746 in
3395 1693 3648 1747 conside-

2065 1783 2330 1837 rationem
2382 1789 2627 1836 nostram
2675 1783 2845 1847 venit,
2897 1784 3012 1837 sive
3073 1791 3204 1837 tunc
3228 1783 3642 1852 temporis,uti

2063 1874 2322 1936 diximus,
2373 1871 2614 1926 nondum
2683 1873 2796 1943 ('76)
2827 1874 3092 1938 evenerit,
3145 1874 3259 1929 sive
3302 1874 3647 1945 legislatores

390 1963 424 2033 ἤ
461 1963 549 2016 διὰ
594 1963 753 2016 ποίαν
795 1961 961 2032 ἄλλην
1013 1961 1192 2013 αἰτίαν
1243 1963 1303 2015 ού
1337 1963 1635 2017 τέθειται²⁸
1669 1965 1809 2032 μετὰ
1854 1964 1962 2016 τῶν

2070 1978 2173 2019 non
2203 1973 2530 2018 eventurum
2591 1965 2844 2019 arbitrati
2879 1966 3009 2030 sint,
3045 1968 3159 2021 sive
3197 1981 3307 2036 qua
3340 1966 3447 2021 alia
3480 1981 3651 2021 causa

389 2054 616 2124 μνήμης
638 2054 978 2123 ὴξιωμέ-.ων.
1016 2055 1170 2108 Ἔστι
1203 2054 1260 2106 δὲ
1304 2055 1574 2106 τοιοῦτονο
1609 2070 1952 2124 μεμνηστευ-

394 2145 530 2214 μένη
557 2145 775 2214 ἔλεγχον
803 2144 985 2198 δίδωσι
1019 2145 1385 2215 προελθούσης
1415 2146 1512 2215 ἤδη
1540 2147 1640 2215 τῆς
1667 2147 1962 2215 μνηστείας

390 2234 686 2303 ἀλλοτρίων
719 2233 1049 2305 σπερμάτων
1083 2235 1411 2298 ὑποκλόπιος
1443 2232 1599 2299 οὖσα,
1630 2235 1729 2306 τὴν
1759 2253 1961 2306 νυμφι-

391 2325 497 2395 κὴν
529 2325 926 2394 ὑποκρινομένη
963 2325 1332 2394 καθαρότητα.

1989 2007 2036 2065 Β

2066 2057 2184 2124 ejus
2207 2054 2428 2110 silentio
2455 2056 2822 2123 praetereundi
2855 2056 3040 2122 fuerit,
3071 2058 3215 2112 inter
3236 2058 3414 2114 dictas
3442 2072 3645 2113 causas

2071 2161 2178 2200 non
2210 2155 2694 2200 commemoratur.
2740 2147 2840 2202 Est
2866 2156 3048 2224 autem
3074 2147 3386 2205 istiusmodi
3431 2167 3444 2203 :
3488 2164 3654 2220 spon-

2069 2251 2186 2291 sam
2217 2236 2510 2306 quamdam
2557 2237 2774 2293 furtivis
2830 2240 3209 2310 complexibus
3263 2241 3334 2296 ab
3381 2241 3490 2296 alio
3531 2256 3656 2297 esse

2070 2327 2433 2396 gravidatam,
2497 2341 2620 2380 cum
2672 2327 2764 2382 illa
2835 2330 3054 2384 interim
3093 2332 3404 2400 sponsalem
3456 2347 3566 2401 pra:
3597 2347 3655 2386 se

386 2419 771 2473 castimoniam
803 2418 989 2482 ferret.
1011 2418 1416 2489 sponsaliorum
1434 2425 1685 2491 tempore
1716 2431 2055 2492 compertum
2086 2426 2191 2478 est.
2227 2418 2538 2492 Atque'hoc
2561 2419 2792 2492 quidem
2843 2421 2979 2478 illud
3037 2430 3124 2479 est
3176 2423 3324 2494 quod
3382 2424 3656 2480 veteribus

392 2511 603 2582 legibus
637 2513 1092 2579 comprehensum
1118 2526 1225 2564 non
1259 2518 1362 2566 est.

464 2651 537 2704 Τὸ
561 2652 657 2720 μὲν
680 2645 771 2703 οὖν
797 2652 908 2713 τοῖς
935 2649 1183 2719 ἀρχαίοις
1207 2648 1392 2719 νόμοις
1412 2648 1782 2720 ἀπερίληπτον
1805 2648 1964 2702 τοῦτό

389 2739 531 2802 ἐστι,
562 2740 721 2808 ἡμεῖς
754 2737 810 2790 δὲ
843 2738 904 2790 τδ
955 2738 1129 2801 ἐνδεὲς
1180 2738 1560 2808 προστιθέντες
1589 2737 1962 2807 ψηφιζόμεθα,

392 2828 474 2899 μὴ
520 2829 678 2897 μόνον
729 2828 808 2899 τῷ
855 2827 997 2881 κατὰ
1046 2828 1229 2881 πίστιν
1259 2829 1512 2898 ἐτέρῳ¹⁹,
1556 2829 1692 2899 μηδὲ
1734 2831 1800 2899 τῇ
1851 2829 1961 2882 τῶν

394 2920 612 2990 φρενῶν
657 2920 912 2974 ἐκστάσει
958 2919 991 2989 ἢ
1031 2921 1149 2982 ταῖς
1195 2919 1382 2982 ἄλλαις
1419 2920 1656 2983 αἰτίαις,
1709 2921 1844 2974 ἀλλὰ
1876 2921 1969 2973 καὶ

389 3013 569 3082 τούτῳ
597 3011 759 3081 μηδὲν
781 3012 824 3042 ³ο
862 3010 1102 3074 ἔλαττον,
1132 3011 1180 3062 εί
1212 3011 1287 3081 μὴ
1316 3010 1536 3080 μᾶλλον,
1570 3011 1967 3081 ὲναντιουμένῳ

387 3107 462 3174 τῇ
513 3103 828 3173 συνοικεσίᾳ
882 3101 1297 3170 διαζεύγνυσθαι
1360 3102 1455 3165 οὓς
1512 3103 1842 3173 ἡδοκοῦσα,
1893 3105 1968 3174 μὴ

387 3191 532 3248 οὖσα
560 3194 636 3260 δὲ,
677 3193 886 3262 συνῆψε
937 3189 1219 3262 μνηστεία.
1250 3191 1357 3243 Ποῦ
1392 3191 1500 3261 γὰρ
1544 3197 1806 3262 μνηστεία
1841 3194 1971 3263 ἀλη-

390 3285 520 3354 θὴς,
545 3279 672 3335 ἔνθα
700 3282 761 3334 τὺ
790 3282 994 3351 ταύτης
1025 3279 1225 3348 ἀληθὲς
1260 3282 1358 3351 οὐχ
1386 3283 1612 3351 όρᾶταις
1647 3282 1747 3335 ποῦ
1784 3283 1839 3336 δὲ
1868 3300 1969 3351 γα-

2142 2650 2254 2706 Nos
2287 2650 2451 2722 igitur
2467 2651 2612 2722 quod
2645 2651 2787 2705 desit
2821 2650 3167 2720 adjicientes,
3190 2652 3562 2716 decernimus,
3597 2661 3659 2705 ut

2073 2758 2176 2796 non
2189 2740 2340 2794 modo
2362 2752 2583 2809 propter
2602 2740 2976 2796 diversitatem
3012 2742 3316 2812 religionis.
3337 2757 3516 2811 neque
3535 2756 3652 2810 pro-

2072 2840 2194 2902 pter
2223 2832 2422 2886 mentis
2440 2832 2795 2896 emotionem,
2823 2841 2916 2884 aut
2978 2832 3115 2887 alias
3167 2833 3237 2886 ob
3270 2848 3465 2887 causas
3499 2832 3612 2901 (77)
3640 2851 3652 2885 :

2073 2937 2261 2976 verum
2295 2922 2459 2976 etiam
2522 2929 2744 2990 propter
2791 2921 2916 2986 hoc,
2956 2936 3064 2990 quo
3098 2921 3232 2974 nihil
3281 2922 3659 2992 inagismatri-

2078 3013 2262 3066 monio
2315 3013 2663 3077 adversatur,
2698 3027 2836 3081 quos
2858 3012 3264 3080 sponsaliorum
3301 3013 3508 3082 opinio,
3548 3028 3655 3066 non

2073 3103 2275 3158 veritas
2330 3104 2624 3172 eopulavit,
2692 3103 3101 3173 disiungantur.
3167 3103 3453 3169 Quomodo
3503 3105 3650 3159 enim

2079 3209 2202 3250 vera
2235 3196 2509 3264 sponsalia
2543 3201 2694 3260 sunt,
2728 3195 2782 3247 in
2815 3195 3017 3263 quibus
3072 3195 3211 3249 nihil
3239 3211 3429 3250 verum
3479 3212 3658 3265 neque

2079 3286 2373 3354 genuinum
2403 3284 2785 3353 conspicitur?
2819 3284 2910 3337 ubi
2938 3285 3305 3338 meretricium
3341 3284 3451 3354 (78)
3480 3300 3540 3339 se
3570 3287 3656 3338 of-

397 3373 538 3443 μικὴ
565 3371 809 3440 ὁμόνοια,
853 3369 956 3422 ποῦ
987 3369 1043 3422 δὲ
1084 3371 1286 3438 στοργὴ
1317 3370 1533 3441 καθαρὰ
1565 3372 1659 3422 καὶ
1690 3371 1962 3441 νυμφική,

2072 3376 2177 3431 fert
2201 3375 2403 3443 scelus,
2441 3377 2532 3430 ubi
2561 3390 2740 3431 causa:
2773 3383 2903 3428 sunt
2934 3374 3287 3429 dissidiorum
3309 3385 3363 3430 et
3392 3376 3523 3442 odii,
3557 3377 3652 3430 ubi

395 3463 530 3517 ἔνθα
556 3463 815 3534 πορνικὸν
847 3461 978 3530 ἄγος
1009 3462 1106 3514 καὶ
1135 3459 1474 3524 διαστάσεως
1502 3462 1725 3531 ἀφορμὴ
1759 3463 1850 3514 καὶ
1876 3462 1968 3532 μί-

396 3573 529 3618 σους
563 3555 818 3617 ὑπόθεσις
840 3555 881 3585 “
911 3556 1006 3606 κα)⁸
1048 3553 1422 3623 ἀλλοτριότης;
1461 3553 1637 3606 πάντα
1665 3553 1772 3623 γὰρ
1798 3553 1971 3608 ταῦτά

393 3649 548 3700 ἐστιν
595 3648 654 3699 ὲν
697 3648 762 3716 τῇ
801 3645 911 3698 τῶν
936 3645 1104 3697 νόθων
1148 3646 1240 3696 καὶ
1287 3644 1583 3712 ἀλλοτρίων
1639 3643 1971 3714 σπερμάτων

395 3739 636 3808 ὑποδοχῇ
657 3739 718 3791 ³⁸.
747 3739 821 3790 Οὐ
845 3736 949 3806 μὴν
973 3736 1092 3788 οὐδὲ
1108 3735 1264 3803 λόγον
1290 3735 1402 3804 ἔχει
1431 3735 1525 3805 τὴν
1556 3735 1742 3804 ἐτέρου
1768 3735 1972 3803 σπορὰν

395 3831 583 3900 ἑαυτῷ
605 3829 1003 3883 ύποὸάλλεσθαι
1024 3828 1231 3898 ἕτερον,
1260 3827 1379 3879 οὐδέ
1398 3844 1461 3894 γε
1490 3826 1660 3890 ἄξιον,
1689 3825 1780 3878 τὸν
1815 3825 1914 3894 μὲν
1927 3826 1971 3858 ³³

395 3921 651 3990 γαμέτην
685 3919 859 3972 ἐλπίδι
905 3919 1152 3987 καθαρᾶς
1187 3917 1536 3980 ἀπολαύσεως
1573 3917 1672 3986 τῆς
1714 3918 1778 3968 ὲκ
1803 3915 1911 3971 τῶν
1928 3915 1975 3947 ³⁵

394 4010 661 4082 καθαρῶν
687 4009 1130 4079 παραγινομένης
1159 4007 1354 4077 γάμων
1375 4009 1441 4079 ἢν
1464 4008 1733 4061 ὑπέλαϐεν
1758 4010 1976 4078 νύμφην

393 4102 823 4166 εἰσοικίσασθαι,
872 4100 968 4170 τὴν
1013 4100 1070 4152 δὲ
1122 4099 1609 4169 κατορχησαμένην
1655 4098 1764 4151 τῶν
1794 4115 1977 4169 γαμη-

390 4195 534 4250 λίων
569 4193 806 4263 θεσμῶν,
833 4193 927 4246 καὶ
955 4192 1052 4262 τὴν
1086 4191 1277 4244 ἐλπίδα
1304 4190 1404 4260 τῆς
1433 4189 1775 4260 εὐφροσύνης
1799 4190 1977 4256 δείξα-

396 4304 505 4339 σαν
551 4285 755 4356 τέφραν
805 4283 953 4354 αὐτῷ
999 4284 1064 4335 ἐκ
1121 4282 1213 4336 τοῦ
1264 4283 1434 4354 ἑτέρῳ
1474 4281 1974 4352 συνδιαφ-θαρῆναι,

399 4378 546 4448 μετὰ
598 4376 690 4431 τοῦ
754 4374 1015 4448 πορνικοῦ
1074 4375 1357 4445 ἀγωγίμου
1417 4373 1782 4446 γνωρίζεσθαι
1849 4374 1976 4428 σύν-

393 4487 573 4525 οικον.

2068 3467 2376 3520 animorum
2409 3467 2666 3521 alienatio
2691 3468 2832 3535 (quas
2857 3466 2997 3519 mala
3024 3465 3321 3520 acervatim
3345 3466 3529 3520 omnia
3553 3482 3652 3536 pa-

2068 3560 2201 3613 riter
2217 3573 2341 3611 cum
2365 3557 2669 3627 peregrino,
2686 3556 2971 3626 alienoque
2989 3557 3196 3612 semine
3217 3557 3615 3628 suscipiuntur)
3639 3577 3652 3613 :

2071 3648 2345 3718 quomodo
2394 3648 2465 3702 ibi
2513 3647 2932 3702 matrimonialis
2976 3647 3270 3702 concordia
3305 3689 3321 3714 ,
3381 3650 3655 3718 quomodo

2074 3754 2244 3808 purus
2297 3739 2677 3808 sponsalisque
2739 3747 2824 3793 est
2867 3740 3061 3794 amor?
3092 3739 3235 3805 Quin
3268 3749 3328 3794 ut
3374 3739 3650 3809 quispiam

2075 3830 2304 3883 alterius
2331 3826 2498 3882 fetum
2537 3828 2644 3882 sibi
2671 3828 2951 3897 subjiciat,
2981 3827 3033 3881 id
3070 3843 3200 3882 vero
3237 3827 3381 3881 ratio
3412 3844 3517 3881 non
3554 3843 3657 3897 pa-

2077 3922 2230 3975 titur.
2285 3920 2474 3990 Neque
2527 3921 2654 3974 item
2710 3919 2917 3988 justum
2949 3928 3055 3984 est,
3081 3928 3142 3972 ut
3171 3920 3260 3988 qui
3290 3933 3388 3988 spe
3415 3919 3657 3973 honestas

2078 4012 2214 4067 casti
2249 4010 2585 4065 matrimonii
2615 4009 3004 4064 oblectationis
3032 4023 3296 4079 sponsam
3333 4010 3387 4063 in
3421 4009 3656 4063 domici-

2079 4104 2211 4158 lium
2235 4118 2394 4158 suum
2429 4101 2671 4170 recipere
2697 4101 3070 4165 constituerit,
3095 4101 3142 4156 si
3174 4100 3265 4154 illa
3313 4099 3653 4154 matrimonii

2079 4194 2291 4265 legibus
2343 4193 2599 4257 insultet,
2661 4199 2718 4247 et
2783 4207 2910 4246 cum
2957 4191 3072 4262 (79)
3112 4191 3234 4247 aliis
3299 4190 3657 4252 lasciviendo,

2080 4286 2464 4342 oblectationis
2493 4299 2644 4356 spem
2676 4283 2963 4340 evanidam
2998 4284 3103 4356 ipsi
3144 4283 3360 4351 reddat,
3395 4283 3452 4338 in
3478 4296 3659 4339 mere-

2081 4377 2242 4430 tricia
2290 4377 2383 4430 illa
2444 4375 2710 4432 facilitate
2736 4377 2910 4446 ipsam
2972 4391 3198 4432 uxorem
3232 4389 3537 4446 agnoscere
3557 4373 3653 4429 de-

2011 4481 2056 4535 ι)
2085 4465 2234 4521 beat.

1698 4654 1935 4712 VARle
1971 4652 2385 4710 LECTIONES.

473 4836 520 4867 ”
542 4833 636 4889 Sic
689 4848 835 4889 corr.
892 4830 1202 4901 Stephanus
1237 4846 1253 4893 ;
1285 4826 1457 4901 Codd.
1506 4820 2356 4901 dammam“?Stephgtn‘lgyl.
2407 4818 2555 4890 conj.
2602 4818 3000 4901 διεοτερςινειῦν.Δ
3060 4815 3299 4901 ’τᾷνιιιεο
3330 4815 3657 4901 ,οἰηθέντων

398 4908 452 4943 ³⁸
475 4906 710 4974 Scrimg.
751 4894 1007 4974 siderat.-
1089 4897 1357 4974 ”§t_eph.
1403 4896 1553 4974 conj.
1583 4894 1920 4974 ἑτεροδόξιρ.

399 4980 446 5012 ³⁸
474 4966 710 5041 δςτίιιιᾷ.
739 4971 1071 5033 ὑποθέσεως.
1095 5039 1103 5041 _
1149 4967 1191 5000 "
1219 4966 1359 5041 idem
1393 4966 1546 5020 άποδ.

401 5051 468 5102 ἐκ
494 5047 594 5116 τῆς
632 5037 761 5096 τῶν.
795 5043 901 5096 Sed
923 5041 1020 5109 τῆς
1058 5037 1318 5094 abundat.

2015 4893 2059 4928 ⁸⁰
2082 4881 2358 4945 Ceddi}!
2389 4881 2518 4945 ante

1648 4955 1897 5019 u'Cod'd'.
1927 4961 2134 5016 addunt
2163 4963 2294 5033 γὰρ,
2320 4961 2468 5033 quod
2494 4955 2782 5016 delendum
2837 4971 2960 5012 esse
2986 4955 3124 5011 vidit

2582 4890 2748 4960 μηδὲν
2771 4885 2783 4889 ’
2806 4888 3007 4941 habent
3107 4885 3390 4960 expu'nﬁit.
3466 4885 3658 4960 Steph-

3209 4957 3317 5027 ενι.
3414 4957 3460 4990 ³⁸
3483 4955 3658 5013 Codd.

1913 5165 2147 5222 NOTAE.

405 5335 462 5378 ut
490 5335 612 5391 quae
635 5330 894 5391 sponsam
920 5315 1095 5391 stupri
1127 5318 1466 5391 compertam
1485 5309 1779 5391 lapidibus.
1806 5309 1970 5364 vellet

403 5377 564 5448 obr'ui
590 5407 605 5443 :
639 5377 732 5442 sed
762 5398 943 5439 tamen
975 5377 1088 5437 hz'ec
1114 5377 1438 5436 constitutio
1455 5377 1691 5448 pertinet
1715 5377 1782 5430 ad
1807 5393 1974 5446 spon-

409 5479 525 5515 smn
554 5475 658 5512 non
694 5466 906 5509 tantum
939 5455 1138 5519 stupri,
1171 5451 1262 5505 sed
1291 5451 1572 5518 gravidam
1611 5458 1970 5519 compertam.

397 5529 529 5584 Vid.
575 5529 902 5592 Harmenop.
933 5522 984 5586 5,
1012 5518 1105 5592 ιιι.
1133 5521 1187 5584 2,
1248 5521 1374 5592 περὶ
1403 5519 1610 5592 λύσεως
1655 5518 1971 5588 μνηστείας,

400 5601 547 5654 adde
575 5613 698 5667 quae
731 5587 1034 5667 scripsiad
1062 5593 1095 5644 I.
1126 5592 1229 5667 il,_
1249 5587 1458 5667 §M1Lﬂl
1492 5587 1564 5667 De
1605 5595 1756 5641 cont.
1819 5602 1968 5656 emp.

402 5672 442 5722 Ι.
485 5657 868 5746 χιλξαὸἰηηιιςιέ
891 5657 1453 5746 γίνβίιιξιιιᾼῇ-ῼΞεξ-
1482 5663 1591 5710 act.
1613 5672 1761 5726 elnp.

478 5728 776 5808 (τδγιμεξ
816 5731 937 5808 ᾗῌί,
1072 5729 1146 5783 De
1174 5728 1480 5808 sponsalib.

2076 5305 2457 5379 esse_collige.
2589 5378 2594 5379 γ
2776 5368 2806 5379 Α,

2152 5376 2266 5442 (77)
2292 5363 2450 5440 Quod
2485 5368 2992 5442 eraticonstitutum
3024 5364 3080 5419 d.
3115 5363 3142 5435 ᾗ
3177 5363 3232 5416 1.
3365 5438 3377 5442 _
3419 5429 3431 5441 .
3594 5429 3606 5441 ο
3647 5429 3660 5442 υ

2149 5437 2262 5513 (78)
2303 5437 2468 5497 Ἡὶηο
2519 5440 2778 5513 colligere
2825 5437 3031 5506 possis,
3062 5450 3186 5489 cum
3214 5437 3524 5513 meretrice,
3552 5437 3662 5513 nisi

2081 5496 2404 5583 resipiscat,
2426 5496 2772 5583 iconnub‘ium
2819 5496 2928 5583 non
2958 5496 3104 5568 esse,
3145 5517 3196 5557 ο.
3236 5501 3366 5583 an.
3407 5496 3528 5552 Non
3581 5507 3662 5583 est

2084 5570 2393 5653 culpandus
2423 5582 2515 5653 52,
2552 5596 2606 5648 q.
2638 5580 2696 5653 l_,_
2726 5591 2848 5644 cap.
2885 5576 3030 5653 inter
3067 5585 3235 5644 opera
3286 5570 3360 5625 De
3391 5570 3646 5638 sponsali-

2093 5648 2196 5709 bus
2221 5669 2271 5706 c.
2300 5656 2398 5722 ult.
2427 5652 2500 5722 De
2518 5648 2744 5722 _cond_it.
2773 5648 3013 5715 apposit.
3064 5712 3080 5722 _
3184 5709 3228 5722 υ
3359 5709 3372 5722 _
3454 5709 3486 5722 Α,

2160 5721 2272 5792 (79)
2310 5721 2460 5792 Facit
2490 5719 2625 5792 Nov.
2667 5709 2953 5792 ξιξ-ᾔδοντο
2979 5712 3104 5792 eod.
3132 5728 3147 5778 ;
3184 5709 3323 5766 Nov.
3347 5709 3550 5767 Justin.
3575 5710 3663 5774 22,

475 5782 586 5879 (ἦέ)
615 5782 788 5874 viiii;
817 5782 1074 5854 oNovella:
1113 5782 1299 5852 cas'um
1360 5795 1655 5853 admodum
1693 5794 1984 5865 specialem
2096 5782 2218 5862 cap.
2252 5782 2338 5859 15,
2365 5790 2391 5862 §
2422 5791 2478 5858 2,
2510 5789 2646 5846 Nov.
2672 5788 2796 5856 117,
2832 5782 2952 5855 cap.
2985 5782 3040 5840 8.

721 5901 992 5962 PATROL.
1030 5893 1148 5955 GR.
1199 5891 1386 5953 CVII.

3227 5873 3307 5933 20
