4048 6430
530 376 634 437 613

1637 373 1686 433 Ν
1691 372 2001 435 (ΝΕΙᾹΑΕ
2024 371 2695 437 CONSTITUTIONES.

3689 376 3795 440 614

528 486 622 545 οὗν
652 492 717 543 ἐκ
735 488 845 541 τῶν
886 490 945 542 ἐν
974 489 1074 561 βίῳ
1103 488 1466 561 πραγμάτων,
1496 487 1683 557 ὥσπερ
1721 486 1950 556 ἔφημεν,
2000 486 2112 547 τοῖς

2219 486 2379 554 gotiis
2417 486 2901 557 (quemadmodum
2967 489 3231 560 diximus)
3296 489 3509 562 legibus
3533 492 3793 546 nascendi

532 583 715 653 νόμοις
768 582 802 652 ἡ
856 583 1081 651 ἀφορμὴ
1133 583 1233 650 τῆς
1289 581 1577 649 γενέσεως,
1608 581 1799 650 χρείαν
1839 579 2035 649 καινὴν
2065 579 2110 610 ’⁵⁸

528 675 766 745 ὁρῶντες
816 677 976 744 ἡμεῖς
1008 675 1096 727 διά
1142 692 1289 736 τινος
1339 673 1633 741 καινότητα
1669 672 1991 741 πράγματος
2019 671 2112 722 καὶ

528 767 597 837 ἢν
617 769 719 819 οὑκ
742 766 823 819 ἔνι
852 767 989 835 πρὸς
1022 767 1257 836 ἀρχαίαν
1296 767 1475 835 ψῆφον
1498 764 1794 833 ἀναφέρειν
1846 763 1891 793 ⁸⁷
1943 763 2108 830 νόμου

527 860 818 928 γενέσεως,
848 858 923 922 ὡς
974 858 1061 922 ἂν,
1094 860 1273 912 εἴποτε
1322 859 1415 910 καὶ
1438 857 1626 914 ἄλλοτε
1656 855 1866 909 τοιοῦτό
1886 873 1939 908 τι
1968 873 2111 924 συμ-

528 951 683 1021 ϐαίη,
729 950 828 1021 ἔχῃ
883 950 931 983 ⁸⁸
968 950 1029 1003 τὸ
1076 950 1292 1020 συμϐὰν
1321 950 1567 1020 νομίμως
1618 965 1682 1016 γε
1732 949 1779 980 δ’
1838 947 2111 1015 διακρίνε-

529 1040 674 1104 σθαι,
731 1040 1059 1111 ὲκτιθέμεθα
1103 1043 1267 1112 νόμον
1326 1041 1464 1111 πρὸς
1510 1040 1610 1111 τὴν
1657 1038 1752 1092 τοῦ
1784 1039 2109 1109 πραγμάτος

527 1133 823 1204 σύμϐασιν.

598 1226 694 1289 Τίς
716 1222 817 1279 οὖν
834 1225 1042 1296 όνόμος
1067 1243 1082 1289 ;
1118 1224 1329 1295 Ἀγρῶν
1353 1224 1603 1295 ἀλλήλοις
1628 1224 1888 1292 διαφόρου
1918 1224 2111 1276 δεσπο-

527 1321 677 1384 τείας
739 1320 1185 1389 παρακειμένων,
1249 1320 1343 1371 ita).
1391 1317 1487 1371 τοῦ
1543 1319 1640 1388 μὲν
1703 1317 2108 1390 ὑπερκειμένην

527 1412 743 1481 ἔχοντος
765 1410 971 1480 χώραν,
1007 1410 1101 1463 τοῦ
1131 1411 1187 1463 δὲ
1218 1410 1581 1478 ὑποκειμένου
1610 1411 1761 1471 ὄντος
1794 1410 1887 1462 καὶ
1911 1412 1972 1462 ὲν
1991 1410 2108 1461 ἐπι-

533 1503 677 1572 πέδῳ
710 1501 1049 1571 ὁριζομένου,
1081 1500 1177 1554 ἐὰν
1223 1503 1251 1553 ὁ
1304 1499 1699 1570 ὑπερκείμενος
1742 1499 1913 1568 ἀγρὸς
1949 1499 2105 1568 μέρει

532 1594 637 1645 τινὶ
668 1591 1182 1659 συγκατασπασθεὶς
1211 1590 1244 1659 ἦ
1277 1592 1373 1643 σὺν
1402 1592 1588 1657 φυτοῖς
1617 1590 1663 1621 ⁸⁸
1708 1590 1740 1658 ἢ
1767 1588 1974 1641 τούτων
2002 1606 2108 1656 χω-

532 1684 618 1753 ρὶς
644 1681 733 1733 τὸν
762 1680 1124 1749 ὑποκείμενον
1146 1679 1204 1731 τὸ
1228 1680 1417 1749 ῥῆγμα
1444 1678 1738 1747 δεξάμενον
1769 1676 2103 1747 ὲπικαλύψῃ,

2215 578 2438 631 occasio
2457 578 2695 644 exsistit,
2725 590 2783 635 et
2811 596 2943 636 vero
2980 588 3206 652 propter
3252 596 3448 638 novam
3479 583 3793 653 quampiam

2213 684 2351 733 rem,
2384 685 2504 737 quze
2540 671 2607 724 ad
2636 679 2872 727 veterem
2923 674 3166 743 aliquam
3223 674 3395 744 legem
3439 674 3631 728 referri
3684 690 3794 728 nou

2212 767 2415 826 potest,
2445 762 2560 831 lege
2579 761 2787 831 (89-90)
2811 778 2950 832 opus
2965 778 3091 819 esse
3118 764 3518 833 videmus,quo
3544 763 3800 819 videlicet

2214 852 2259 906 si
2282 852 2418 907 alias
2445 868 2662 923 quoque
2715 856 3025 912 istiusmodi
3078 856 3287 927 aliquid
3315 858 3620 927 contingat,
3642 856 3697 911 id
3722 858 3799 910 le-

2213 943 2403 1011 gitime
2467 945 2757 1012 dijudicari
2779 950 2956 1016 possit
2988 968 3003 1003 :
3029 950 3201 1019 legem
3242 946 3343 1018 pro
3372 950 3690 1006 conditione
3717 950 3798 1005 rei

2213 1033 2269 1087 in
2298 1050 2477 1090 rerum
2512 1044 2765 1091 naturam
2803 1040 3186 1109 producimus.

2279 1223 2349 1272 At
2379 1237 2498 1292 qua}
2526 1223 2618 1275 illa
2640 1222 2768 1278 lex?
2802 1222 3033 1289 Quando
3056 1226 3258 1283 diversi
3287 1226 3517 1283 dominii
3545 1228 3663 1299 agri
3691 1228 3798 1285 sibi

2211 1310 2445 1365 invicem
2481 1313 2754 1380 adjacent,
2793 1323 2846 1367 et
2867 1315 3004 1369 alter
3034 1317 3321 1385 superiore
3351 1318 3494 1383 loco,
3525 1320 3661 1372 alter
3692 1335 3791 1374 aue

2211 1412 2320 1459 tem
2362 1403 2627 1473 depresso
2648 1414 2703 1459 et
2733 1407 3029 1475 campestri
3080 1407 3225 1462 situs
3272 1419 3380 1476 est,
3417 1409 3463 1465 si
3490 1411 3798 1479 superioris

2210 1504 2263 1551 et
2294 1496 2663 1566 impendentis
2711 1498 2826 1567 agri
2854 1513 2984 1568 pars
3020 1498 3204 1569 aliqua
3227 1514 3355 1557 cum
3382 1501 3679 1557 arboribus
3707 1513 3801 1556 aut

2210 1590 2437 1645 sineltis
2458 1600 2753 1661 praerupta,
2796 1592 3174 1659 subjacentem
3210 1609 3425 1665 agrum,
3458 1594 3557 1664 qui»
3582 1595 3801 1649 ruinam

2206 1683 2440 1751 excepit,
2492 1682 2737 1752 obtegat,
2771 1698 2840 1736 ne
2866 1684 3223 1752 simpliciter,
3288 1699 3467 1754 neque
3520 1685 3803 1741 inferioris

530 1774 607 1844 μὴ
648 1771 831 1836 ἅπλῶς
861 1772 1006 1843 ἔχειν
1035 1772 1221 1827 ἄδειαν
1250 1771 1388 1841 μήτε
1423 1771 1516 1823 τὸν
1544 1770 1815 1839 δεσπότην
1841 1767 1937 1822 τοῦ
1974 1769 2102 1822 ὑπο-

2219 1774 2327 1843 agri
2374 1774 2634 1829 dominus
2679 1776 2930 1830 avulsam
2983 1777 3272 1831 materiam
3340 1785 3609 1847 tanquam
3638 1792 3800 1833 suam

527 1841 824 1937 ϐεϐηκότος
867 1841 1040 1933 ἀγροῦ
1089 1863 1167 1926 ὡς
1198 1862 1333 1926 ἰδίας
1363 1862 1761 1917 ἀντιποιεῖσθαι
1788 1862 1891 1931 τῆς
1938 1878 2110 1915 κατα-

2219 1864 2456 1920 vindicet
2490 1879 2707 1934 :neque
2769 1866 3075 1935 superioris
3098 1866 3384 1933 dominus,
3418 1868 3513 1938 qui
3551 1868 3799 1924 avulsio-

528 1955 863 2024 σπασθείσης
889 1954 1043 2023 ὕλης,
1071 1955 1156 2007 ὅτι
1186 1955 1245 2007 ὲν
1274 1956 1388 2017 τοῖς
1418 1953 1584 2007 αὑτοῦ
1614 1952 1784 2025 ὁρίοις
1811 1954 2106 2017 ἐπίκειται,

531 2048 670 2118 μήτε
693 2047 801 2117 μὴν
821 2048 913 2098 τὸν
946 2044 1042 2099 τοῦ
1082 2046 1481 2115 ὑπερκειμένου
1524 2045 1716 2118 κύριον
1750 2048 1843 2100 καὶ
1881 2047 1979 2117 τὴν
2010 2046 2109 2117 ῥῆ-

528 2140 612 2201 ξιν
680 2137 992 2191 πεπονθότα
1048 2138 1301 2191 κάκεῖνον
1366 2138 1412 2169 ⁸⁸
1474 2140 1944 2208 προσφιλονεικεῖν
1998 2138 2110 2192 τῶν

442 2260 455 2277 κ
528 2232 693 2304 ὁρίων
742 2232 1038 2303 κυριεύειν,
1065 2231 1101 2285 ὃ.
1131 2232 1195 2284 τὸ
1226 2233 1414 2302 ῥῆγμα
1448 2232 1833 2296 ὲπιπεπτωκδς
1862 2234 2111 2288 ὑποδέδε-

529 2342 676 2387 κται,
711 2324 847 2377 ἀλλὰ
892 2322 983 2375 τὸν
1036 2321 1135 2391 μὲν
1166 2321 1259 2375 τοῦ
1304 2323 1667 2392 ὑποκειμένου
1695 2322 1867 2391 ἀγροῦ
1919 2321 2110 2391 κύριον

529 2417 879 2488 παραχωρεῖν
917 2414 996 2485 τῷ
1024 2413 1116 2467 τοῦ
1146 2413 1602 2484 ὑπερτεθειμένου
1623 2415 1668 2447 ⁵⁸
1699 2412 1871 2482 ἀγροῦ
1906 2415 2107 2485 κυρίῳ,

527 2512 577 2564 εί
605 2510 848 2581 βούλοιτο
872 2548 887 2571 ,
919 2508 1020 2577 τὴν
1058 2506 1644 2575 συγκατασπασθεῖσαν
1690 2506 1736 2537 ⁸³
1787 2504 1944 2576 ὕλην,
1998 2508 2109 2559 εἴτε

531 2601 809 2673 σύμφυτος
837 2600 921 2670 ετη
972 2598 1083 2652 εἴτε
1124 2598 1307 2667 φυτῶν
1349 2596 1556 2667 ἔρημος
1587 2596 1655 2661 ⁸⁸,
1689 2596 1982 2650 ἁναλαὸεῖν
2016 2598 2112 2650 καὶ

530 2690 983 2762 ἀνακομίξεσθαι,
1015 2690 1105 2743 τὸν
1132 2691 1190 2743 δὲ
1217 2689 1324 2742 τῶν
1350 2686 1445 2741 δύο
1494 2687 1769 2757 αἱρεῖσθαι
1814 2689 1873 2741 τὸ
1899 2689 2109 2759 ἓτερον,

529 2785 565 2856 ἢ
590 2784 689 2856 τὴν
723 2784 855 2854 ὓλην
876 2783 1111 2835 λαϐόντα
1139 2779 1323 2843 καθὼς
1346 2779 1405 2840 ἐξ
1426 2780 1599 2850 ἀρχῆς
1629 2778 1911 2843 δεσπόζειν
1940 2781 2113 2849 αὐτῆς

530 2875 787 2945 κειμένης
822 2876 878 2927 ὲν
901 2876 1011 2937 τοῖς
1048 2872 1195 2937 ἰδίοις
1228 2873 1546 2943 ὁρίοις,ἢ,εί
1568 2872 1726 2923 τοῦτο
1744 2872 1818 2942 μὴ
1848 2870 2109 2942 βούλοιτο,

529 2966 827 3037 ἀπέχεσθαι
860 2965 1140 3027 παντελῶς
1177 2964 1342 3017 αὑτὸν
1385 2964 1524 3034 μετὰ
1567 2965 1666 3033 τῆς
1716 2961 1849 3032 ὕλης
1876 2964 1970 3016 καὶ
2005 2964 2113 3014 τῶν

528 3058 837 3128 δεξαμένων
860 3059 1065 3128 ταύτην
1086 3056 1271 3127 ὁρίων,
1295 3056 1392 3108 καὶ
1418 3057 1491 3125 μὴ
1520 3054 1780 3125 παρέχειν
1806 3054 2113 3123 πράγματα

529 3150 607 3220 τῷ
652 3148 746 3201 τοῦ
787 3146 1190 3216 ὑποδεξαμένου
1240 3145 1409 3217 ἀγροῦ
1434 3146 1504 3198 τὰ
1557 3143 2115 3214 συγκατασπασθέντα

528 3242 863 3304 δεσπόζοντι.
902 3242 1113 3311 Ὠσπερ
1136 3240 1245 3310 γὰρ
1289 3238 1475 3292 οίκιῶν
1500 3237 1926 3309 παρακειμένων
1953 3238 2118 3308 ἀλλή-

529 3333 667 3396 λαις,
699 3334 792 3384 καὶ
820 3332 918 3403 τῆς
959 3332 1056 3402 μὲν
1080 3332 1311 3402 ἐχούσης
1344 3330 1788 3399 ὑπερανέχουσαν
1808 3329 1907 3399 τὴν
1943 3346 2115 3382 κατα-

533 3423 733 3494 σκευὴν
767 3424 864 3493 τῆς
894 3424 949 3475 δὲ
982 3424 1376 3493 ὑποκειμένην,
1412 3422 1457 3473 εἰ
1497 3421 1741 3490 συμϐαίη
1776 3420 1876 3489 τῆς
1910 3420 2117 3474 ἄνωθεν

532 3515 954 3585 καταπεσούσης
984 3516 1161 3578 οἰκίας
1206 3515 1240 3585 ἢ
1276 3515 1375 3583 τὴν
1408 3513 1823 3581 κατενεχθεῖσαν
1849 3512 1981 3583 ὓλην
2018 3512 2116 3566 λα-

526 3608 649 3662 ϐεῖν
686 3608 752 3673 ⁵⁸,
776 3607 832 3677 ἢ,
866 3609 913 3660 εί
941 3607 1019 3678 μὴ
1053 3610 1367 3677 προαιροῖτο
1399 3605 1604 3667 λαϐεῖν,
1640 3603 1951 3670 ἐξίστασθαι
1985 3606 2117 3661 καθ-

535 3700 704 3765 άπαξ,
733 3701 829 3753 καὶ
863 3700 1030 3770 μηδὲν
1056 3700 1193 3762 ὅλως
1219 3697 1573 3767 παρενοχλεῖν
1602 3697 1797 3765 ἐκείνῳ
1820 3696 1899 3767 τῷ
1933 3698 2111 3768 μέρει,

2215 1971 2340 2011 nem
2376 1971 2569 2026 passus
2594 1964 2700 2020 est,
2726 1956 2795 2010 de
2852 1957 3041 2011 ﬁnium
3081 1958 3176 2027 qui
3210 1958 3431 2012 ruinam
3467 1960 3799 2014 incidentem

2215 2060 2566 2119 exceperunt,
2625 2050 2898 2114 dominio,
2936 2050 3013 2104 illi
3065 2050 3218 2106 litem
3243 2057 3461 2106 moveat
3494 2051 3631 2107 :sed
3662 2051 3803 2107 infe-

2216 2142 2380 2196 rioris
2411 2142 2530 2211 agri
2587 2142 2847 2197 dominus
2896 2142 3203 2212 superioris
3227 2142 3344 2214 agri
3375 2142 3621 2206 domino,
3654 2144 3701 2198 si
3720 2142 3801 2197 di-

2216 2234 2427 2287 vulsam
2480 2234 2768 2287 materiam
2825 2234 2967 2303 (sive
2993 2234 3289 2289 arboribus
3322 2234 3539 2288 consita
3564 2235 3657 2298 sit,
3690 2234 3804 2288 sive

2219 2325 2327 2379 illis
2356 2325 2534 2395 vacet)
2558 2322 2804 2394 recipere
2820 2332 2874 2379 et
2898 2334 3194 2395 apportare
3218 2326 3371 2392 velit,
3391 2325 3447 2380 id
3480 2329 3760 2395 permittat
3789 2346 3801 2379 :

2218 2417 2309 2472 ille
2347 2428 2532 2471 autem
2559 2419 2836 2486 optionem
2862 2418 3061 2472 habeat
3105 2425 3290 2471 utrum
3325 2428 3627 2488 receptam,
3654 2420 3802 2474 suis-

2218 2524 2325 2578 que
2353 2508 2555 2562 linibus
2602 2509 2910 2562 restitutam
2954 2508 3266 2577 materiam,
3337 2510 3803 2579 quemadmodum

2219 2602 2361 2657 solet
2386 2600 2673 2655 obtinere:
2713 2615 2780 2654 an
2812 2615 2945 2655 vero
3008 2600 3081 2672 (si
3131 2601 3283 2654 illam
3340 2612 3624 2671 asportare
3650 2605 3807 2675 nolit)

2220 2709 2448 2765 prorsus
2480 2700 2595 2745 tum
2625 2707 2653 2745 a
2681 2693 2935 2755 materia,
2965 2701 3079 2745 tum
3109 2708 3139 2746 a
3168 2693 3371 2747 ﬁnibus
3399 2695 3503 2763 qui
3532 2694 3680 2747 illam
3710 2709 3808 2748 ex-

2219 2793 2508 2855 ceperunt,
2542 2784 2846 2847 abstinere,
2892 2798 3070 2853 neque
3098 2785 3213 2852 agri
3239 2784 3332 2854 qui
3363 2786 3578 2841 divulsa
3616 2801 3808 2840 susce-

2220 2876 2318 2945 pit,
2365 2876 2592 2930 domino
2616 2875 2895 2945 negotium
2940 2873 3214 2930 facessere
3251 2876 3403 2932 velit.
3438 2875 3808 2943 Quemadmo-

2220 2967 2349 3021 dum
2406 2967 2549 3021 enim
2597 2981 2723 3019 cum
2778 2965 2976 3022 domus
3006 2968 3112 3023 sibi
3162 2970 3397 3025 invicem
3450 2969 3723 3039 adjacent,
3754 2982 3809 3026 et

2222 3056 2447 3110 alterius
2475 3063 2751 3109 structura
2804 3058 3201 3127 supereminet,
3251 3059 3480 3115 alterius
3508 3060 3730 3115 humilis
3756 3070 3809 3115 et

2225 3164 2415 3217 pressa
2463 3157 2569 3213 est,
2605 3148 2651 3203 si
2704 3149 3128 3206 eminentiorem
3184 3151 3408 3206 domum
3462 3154 3515 3207 in
3546 3153 3807 3207 humilem

2222 3242 2420 3298 collabi
2459 3242 2767 3311 contingat,
2824 3242 3082 3298 dominus
3113 3245 3234 3313 ejus
3265 3252 3359 3298 aut
3392 3241 3500 3315 (91)
3527 3243 3806 3315 delapsam

2222 3334 2508 3389 materiam
2535 3333 2799 3403 recipere,
2837 3342 2953 3397 aut,
2986 3335 3032 3390 si
3066 3335 3117 3388 id
3146 3336 3303 3398 nolit,
3333 3336 3422 3389 illa
3455 3351 3683 3405 prorsus
3715 3352 3811 3390 ca-

2221 3426 2384 3482 dere:
2422 3440 2595 3494 neque
2628 3424 2828 3478 domus
2856 3441 2979 3495 quas
3014 3440 3201 3481 casum
3245 3427 3482 3496 excepit.
3517 3427 3801 3480 dominum

2221 3516 2525 3587 inquietare
2559 3514 2741 3579 debet,
2767 3514 2841 3568 ita
2902 3514 2989 3570 hic
3019 3530 3240 3587 quoque
3271 3531 3338 3571 co
3364 3516 3431 3570 ad
3455 3531 3805 3587 consequen-

2222 3608 2350 3661 tiam
2385 3617 2437 3661 et
2463 3607 2772 3676 exemplum
2804 3613 3002 3671 tracto,
3059 3607 3199 3664 idem
3245 3608 3515 3664 custodiri
3541 3618 3595 3664 et
3617 3608 3809 3664 obser-

2220 3698 2336 3753 vari
2378 3696 2654 3750 convenit.

532 3794 564 3847 ὃ
596 3794 655 3846 τὸ
696 3793 1009 3863 σύμπτωμα
1044 3790 1369 3854 ὑπεδέξατο,
1421 3787 1566 3841 οὑτω
1619 3788 1684 3856 δὴ
1736 3787 1832 3839 κοιλ¹
1882 3788 2118 3844 ἐνταῦθα
2156 3780 2402 3863 προσῆκε
2428 3788 2474 3819 ⁸⁸
2504 3787 2605 3855 τὴν
2638 3787 2810 3853 αὑτὴν
2840 3787 3165 3865 ἀκολουθίαν
3213 3790 3309 3843 καὶ
3365 3791 3653 3861 τηρεῖσθαι
3718 3791 3810 3845 καὶ

536 3887 919 3956 φυλάττεσθαι.

1087 3971 1398 4028 ΔιΑτΑΞιΣ
1428 3972 1560 4041 aq’.

537 4067 675 4135 Περὶ
703 4064 815 4133 τῆς
849 4064 970 4120 τῶν
998 4064 1613 4135 διερευνωμένωνᾉτὰς
1648 4061 1767 4119 τῶν
1798 4065 2120 4120 ἀποσιούν-

984 4153 1103 4189 ’των
1122 4135 1314 4201 θήκας
1345 4133 1677 4199 κολάσεως,

614 4229 677 4281 Ὂ
710 4228 873 4291 αὑτὸς
899 4226 1151 4297 βασιλεὺς
1178 4223 1452 4294 Στυλιανῷ
1476 4224 1553 4294 τῷ
1578 4225 1749 4292 αὑτῷ.

609 4321 801 4375 Ἔστιν
861 4320 1223 4387 ἀσύγγνωστα
1276 4318 1388 4369 τῶν
1434 4317 1850 4387 ἁμαρτημάτων
1900 4318 1995 4369 καὶ
2043 4317 2123 4380 είς

537 4413 731 4482 ποινῆς
757 4410 1025 4480 ἐπιφορὰν
1048 4409 1416 4481 ἀπαραίτητα,
1442 4409 1542 4461 ὅσα
1580 4409 1748 4479 μόνην
1778 4408 1978 4462 κακίαν
2010 4409 2123 4478 ἔχει

540 4505 640 4570 τῆς
668 4503 915 4573 γνώμης,
943 4503 1039 4555 καὶ
1062 4502 1302 4571 φυσικῆς
1324 4501 1570 4569 ἀνάγκης
1604 4500 1951 4569 ἀπολογίαςή
1983 4502 2123 4571 πρᾶ-

544 4596 623 4663 ξις
654 4595 1046 4665 ὲστέρηται.¹Ἀ
1079 4593 1136 4644 δὲ
1164 4592 1237 4662 μὴ
1265 4591 1527 4654 ὁλοτελῶς
1556 4593 1671 4643 ἐστι
1702 4591 1801 4658 τῆς
1834 4590 2119 4661 πονηρίας,

542 4689 656 4741 ἀλλ’
690 4689 805 4757 ἔχει
835 4686 929 4740 καί
957 4703 1078 4739 τινα
1115 4685 1261 4754 μῖξιν
1292 4686 1526 4754 φυσικῆς
1563 4684 1898 4755 τυραννίδος,
1947 4682 2121 4735 ταῦτα

2683 3973 3149 4031 (ῘΟΝΞἸἸΤΠΤΙΟ
3177 3975 3337 4031 XCVI
3364 4017 3379 4032 .

2651 4065 2730 4120 De
2759 4066 2997 4135 sepulcro
3028 4069 3223 4122 violato
3247 4069 3383 4141 (9‘2).

2296 4226 2439 4283 Idem
2466 4227 2764 4295 imperator
2784 4223 2959 4280 eidem
2994 4224 3263 4297 Styliano.

2299 4318 2430 4384 Qua:
2460 4317 2659 4371 delicta
2721 4316 2836 4371 sola
2887 4315 3059 4369 animi
3094 4318 3339 4387 nequitia
3364 4319 3810 4379 committuntur.

2228 4412 2487 4481 nullaque
2520 4409 2760 4463 naturali
2790 4406 3119 4462 necessitate
3142 4409 3395 4462 excusari
3437 4419 3688 4478 possunt,
3727 4410 3814 4464 his

2226 4518 2405 4571 neque
2456 4502 2617 4557 venia
2680 4501 2970 4557 tribuenda
3038 4517 3217 4571 neque
3282 4502 3581 4558 inferenda:
3642 4519 3814 4573 poena:

2227 4592 2484 4661 eﬂ'ugium
2520 4590 2933 4645 concedendum
2970 4599 3074 4645 est.
3108 4594 3242 4657 Qua:
3288 4607 3416 4645 vero
3449 4608 3553 4646 non
3588 4594 3814 4646 munitm

2225 4698 2253 4736 a
2280 4684 2483 4737 malitia
2513 4682 2842 4752 procedunt,
2868 4684 2964 4738 sed
2995 4684 3220 4736 mixtam
3252 4693 3464 4737 naturae
3496 4684 3811 4737 violentiam

542 4780 823 4843 τοίςκατὰ
864 4782 1061 4851 μέτρον
1089 4778 1185 4847 τῆς
1219 4778 1277 4830 ὲν
1309 4779 1374 4847 τῇ
1410 4775 1571 4846 φύσει
1601 4776 1885 4846 δυνάμεως
1914 4775 2112 4846 κρίνειι

2231 4775 2457 4841 habent,
2509 4776 2594 4831 Itis
2660 4776 2849 4845 utique
2880 4774 3101 4837 abillis,
3126 4774 3219 4845 qui
3258 4775 3541 4844 proposita
3579 4776 3684 4829 sibi
3719 4790 3813 4829 na-

542 4870 1002 4942 προαιρουμένοις
1048 4866 1380 4938 συγγνώμης
1431 4868 1531 4921 οὑκ
1585 4865 1969 4929 ἀποτεύξεται.
2033 4865 2112 4919 'E:

2233 4876 2369 4921 turre
2394 4868 2444 4921 vi
2471 4867 2723 4936 judicare
2754 4868 2959 4931 volent,
2992 4866 3149 4920 venia
3183 4880 3291 4919 non
3325 4865 3709 4938 denegabitur.
3736 4866 3814 4919 Ex

1816 5023 2053 5081 VARUE
2082 5023 2375 5081 LECTION
2385 5024 2488 5080 ES.

648 5172 897 5228 “'Codd.
928 5172 1024 5225 καὶ
1052 5171 1166 5225 νῦν.
1223 5171 1271 5203 ⁵⁷
1295 5169 1467 5225 Codd.
1495 5171 1834 5239 ἀναφαίνειν.
1884 5169 1953 5239 ,⁸⁸
1980 5168 2096 5221 Ecl.
2129 5168 2261 5239 ἔχοι.
2336 5170 2380 5202 ⁸⁸
2415 5168 2527 5223 Ecl.
2556 5167 2672 5239 καί.
2746 5164 3017 5239 ⁸⁸ᾃΖιιίο1ι.
3046 5174 3104 5220 et
3164 5165 3403 5239 Mearm.
3441 5165 3558 5239 Erl.
3595 5166 3813 5239 συμφὺ-

648 5183 897 5228 “L‘mltl.
928 5183 1024 5225 καὶ
1052 5190 1166 5225 νυν.
1223 5183 1267 5203 ’⁷
1295 5183 1467 5225 uoau.
1495 5183 1834 5239 αναφαινειν.
1906 5183 1953 5201 ’⁸
1980 5183 2096 5221 1901.
2129 5183 2261 5239 εχοι.
2336 5183 2380 5202 ’⁸
2417 5183 2527 5223 luet.
2556 5183 2672 5221 και.
2746 5183 2792 5197 ’ν
2825 5183 3017 5220 Lutcn.
3046 5183 3104 5220 et
3164 5183 3386 5220 met-rm.
3441 5183 3558 5219 nrt.
3595 5183 3813 5287 συμφυ-

546 5262 677 5307 τοις.
761 5246 802 5275 ⁸¹
834 5242 1372 5314 Videturlegendum
1401 5242 1732 5314 away/cev,
1776 5249 1836 5293 ut
1883 5238 2047 5314 habet
2069 5256 2211 5314 unus
2261 5256 2326 5314 ex
2365 5240 2504 5314 “Ecl.
2543 5238 2722 5314 Codd.
2809 5237 2855 5314 '_'
2883 5235 3132 5314 δυξξῐῃβ..
3148 5247 3202 5292 et
3250 5236 3450 5314 Zuich.
3487 5236 3813 5314 Oniprow.

546 5315 593 5347 ⁸³
614 5304 728 5370 Ecl.
761 5330 1001 5366 κατασπ.
1052 5312 1097 5345 ⁸⁸
1129 5304 1297 5381 Vulgo
1321 5311 1525 5380 ἐρήμη.
1563 5310 1677 5364 Ecl.
1707 5309 1933 5381 ἔρημος,
1996 5310 2047 5341 ⁸⁸
2066 5310 2223 5380 Agyl.
2257 5309 2460 5377 ὀφείλει
2482 5307 2725 5376 suppleti
2749 5307 2884 5362 vult.
2948 5306 2995 5338 "
3030 5304 3208 5379 V'ulgo
3245 5307 3534 5381 προσήκει.
3567 5304 3673 5361 Sed
3693 5304 3815 5359 cum

551 5384 662 5439 Ecl.
692 5386 933 5457 προσῆκε
962 5379 1308 5437 scribendum
1355 5379 1453 5434 l'uit
1484 5388 1703 5455 prapter
1729 5379 1990 5451 συμϐαίη.

2050 5494 2277 5551 NOTAE.

630 5598 837 5667 (89-90)
866 5596 1093 5651 Videtur
1122 5592 1537 5667 Leoignorasse
1570 5592 1743 5667 legem
1776 5592 1831 5657 θ,
1862 5592 1970 5667 ἑᾷ,
2003 5592 2077 5667 ibi
2116 5613 2128 5646 :

551 5668 606 5720 Si
634 5662 698 5721 ex
733 5662 901 5722 fundo
937 5674 1032 5719 tuo
1061 5675 1248 5720 crusta
1283 5668 1433 5733 lapsa
1474 5664 1546 5717 sit
1580 5664 1635 5714 in
1670 5678 1850 5716 meum
1872 5662 2130 5716 ’fundum

550 5738 606 5792 ιτ.
648 5738 719 5791 De
745 5737 968 5791 damno.

620 5808 733 5876 (9i)
764 5806 824 5860 L.
860 5808 914 5873 7,
948 5807 974 5877 §
1008 5806 1104 5860 ult.
1138 5805 1175 5858 1.
1202 5806 1255 5871 9,
1293 5803 1347 5857 ff.
1384 5804 1455 5858 De
1486 5802 1688 5857 damno
1718 5802 1905 5858 infect.

2314 5588 2425 5659 (92)
2456 5588 2523 5642 Et
2554 5588 2675 5654 ejus
2715 5588 2897 5643 delicti
2926 5602 3087 5657 pmna
3120 5588 3174 5643 in
3209 5599 3496 5645 tonsuram
3526 5598 3579 5644 et
3604 5587 3821 5645 fustua—

2242 5662 2382 5727 rjum
2416 5668 2647 5721 mutata,
2676 5674 2796 5711 cum
2822 5660 2951 5713 olim
2989 5659 3352 5714 criminaliter
3387 5668 3439 5712 et
3464 5661 3821 5728 pecunialiter

2184 5748 2197 5761 ο
2243 5730 2311 5781 de.
2342 5745 2408 5782 eo
2437 5741 2711 5799 ageretur,
2752 5731 2784 5784 1.
2826 5731 2879 5794 8,
2914 5730 2952 5783 l.
2991 5730 3047 5795 9,
3078 5729 3137 5784 Π.
3163 5728 3238 5785 De
3270 5730 3446 5802 sepul.
3476 5730 3607 5784 τίοι.
