4048 6434
343 363 448 428 615

1573 359 1847 421 LEONIS
1885 360 2340 422 PHILOSOPHI

3497 363 3602 428 616

341 481 444 533 hac
481 491 582 548 ego
607 478 818 532 ratione
862 475 1021 530 civile
1055 488 1386 544 sacrumque
1442 472 1746 537 decretum,
1796 475 1906 526 dun

2029 476 2234 546 ταύτης
2253 477 2365 545 ἐγὼ
2388 476 2484 547 τῆς
2514 476 2739 548 γνώμης
2774 479 3104 550 στοχάζομαι
3139 480 3201 533 τό
3234 497 3294 532 τε
3325 482 3603 533 πολιτικὸν

342 569 412 624 de
437 569 814 638 sepulcrorum
841 566 1346 637 perscrutatoribus
1365 571 1638 626 statuunt,
1664 563 1769 617 sibi
1794 578 1918 616 mu-

342 666 439 712 tuo
489 672 598 711 non
665 656 1042 710 contradicere
1093 654 1354 724 conjicio.
1427 651 1622 707 Civilis
1685 668 1924 722 namque

343 750 426 804 lex
449 746 683 816 (95-94),
701 748 899 801 malam
917 746 1251 800 voluntatem
1280 744 1660 799 tantummodo
1680 747 1922 810 intuens,

344 848 536 908 negata
574 854 800 908 prorsus
833 837 1016 900 venia,
1061 837 1115 891 id
1167 837 1427 892 delictum
1464 839 1620 906 punit
1649 837 1762 906 (95)
1793 851 1924 890 :sa-

337 945 428 984 cra
451 929 563 1000 (96)
597 945 724 984 vero
743 928 834 997 (ad
852 935 1246 998 paupertatem,
1275 944 1398 998 qua:
1426 930 1720 983 humanam
1751 929 1922 983 vitam

338 1021 536 1075 misere
590 1028 769 1085 vexat,
820 1035 1075 1090 saepeque
1125 1036 1346 1090 pressos
1390 1035 1500 1074 non
1539 1018 1793 1074 audenda
1821 1034 1923 1074 au-

337 1111 464 1166 dere
516 1111 684 1182 cogit,
734 1111 790 1165 ni
838 1112 1030 1176 fallor,
1092 1112 1413 1182 respiciens)
1466 1126 1683 1182 pusuam
1733 1111 1789 1166 in
1830 1111 1924 1167 de-

339 1201 636 1268 prehensos
669 1216 776 1256 non
809 1203 1123 1258 constituit.

405 1379 518 1438 Nos
569 1383 755 1453 itaque
792 1384 859 1438 ad
887 1392 1179 1454 utrumque
1224 1383 1506 1439 decretum
1555 1399 1658 1440 nos
1713 1392 1924 1438 accom'

337 1473 647 1539 modanles,
678 1489 765 1538 ac,
791 1475 972 1545 quoad
1006 1473 1121 1530 fieri
1151 1483 1352 1546 potest,
1391 1490 1610 1546 pmnam
1638 1483 1807 1545 atque
1832 1491 1924 1529 ve-

337 1562 482 1616 niam
544 1563 689 1618 inter
729 1578 850 1619 sese
903 1565 1323 1635 coniungentes,
1378 1566 1682 1630 sancimus,
1709 1574 1769 1620 ut
1820 1565 1914 1635 qui

334 1653 506 1708 semel
541 1655 806 1708 duntaxat
827 1655 878 1710 id
900 1657 1021 1711 ausi
1049 1656 1278 1722 fuerint,
1322 1657 1432 1710 leni
1462 1656 1919 1725 misericordique

333 1745 606 1800 sententia
669 1744 987 1800 feriantur:
1030 1746 1124 1815 qui
1179 1761 1316 1800 vero
1361 1761 1429 1800 ex
1476 1746 1769 1802 clementia
1825 1746 1916 1801 illa

2028 568 2121 620 καὶ
2172 568 2317 638 ἱερὸν
2348 568 2604 639 ψήφισμα
2655 569 2792 641 πρὸς
2844 570 3151 637 ἀντιλογίαν
3175 570 3418 642 ἀλλήλων
3450 570 3598 636 ίδεῖν,

2025 658 2083 709 ἐν
2111 658 2220 727 ὅσῳ
2251 659 2379 729 περὶ
2411 659 2520 711 τῶν
2559 659 3002 729 διερευνωμένων
3029 660 3128 722 τὰς
3161 661 3270 713 τῶν
3311 661 3604 714 άποὸιούν-

2023 764 2132 800 των
2159 748 2328 818 θήκας
2373 747 2720 820 ψηφίζονται.
2755 750 2814 804 '0
2869 751 2968 819 μὲν
2993 751 3100 819 γάρ
3131 752 3406 814 πολιτικὸς
3437 751 3601 821 νόμος

2024 837 2163 908 πρὸς
2194 838 2362 907 μόνην
2383 839 2480 907 τὴν
2512 838 2811 908 δύστροπον
2837 840 3232 910 άποσκοπήσας
3279 839 3600 910 προαίρεσιν

2021 932 2123 1002 τὴν
2156 931 2415 1002 τοιαύτην
2441 933 2714 1004 ἁμαρτίαν
2741 935 2959 998 κολάζει
2996 932 3327 1004 συγγνώμης
3367 932 3602 984 ἀποστε-

2025 1023 2155 1094 ρῶν,
2182 1024 2210 1076 ὁ
2241 1025 2286 1077 δ’
2322 1024 2465 1094 ἱερὸς
2500 1023 2676 1096 (οἶμαι
2720 1027 2858 1097 πρὸς
2889 1027 2986 1098 τὴν
3016 1025 3332 1095 διοχλοῦσαν
3359 1023 3448 1092 ,τῷ
3499 1023 3600 1094 βίῳ

2023 1115 2215 1171 πενίαν
2273 1116 2417 1182 ίδὼν,
2480 1119 2515 1189 ἢ
2576 1119 2702 1183 τοὺς
2748 1120 3278 1191 στενοχωρουμένους
3335 1116 3598 1179 πολλάκις

2021 1207 2226 1278 τολμᾷν
2279 1209 2512 1278 προάγει
2545 1211 2851 1282 ἀτόλμητα)
2892 1212 3166 1283 τιμωρίαν
3213 1212 3328 1275 τοῖς
3375 1207 3598 1264 ἁλοῦσιν

2021 1299 2121 1352 οὐκ
2151 1300 2362 1366 ἔταξεν.

2104 1391 2296 1461 Ἡμεῖς
2322 1387 2417 1447 οὖν
2459 1392 2597 1465 πρὸς
2624 1394 2722 1466 τὴν
2760 1396 3027 1467 ἐκατέρου
3067 1394 3422 1468 ψηφίσματος
3465 1407 3596 1458 συγ-

2021 1483 2246 1553 γνώμην
2286 1485 2652 1557 ἁρμοζόμενοι
2691 1489 2789 1542 καὶ
2818 1488 2939 1542 καθ’
2973 1489 3096 1542 ὅσον
3125 1483 3236 1541 οἶόν
3262 1503 3322 1540 τε
3344 1480 3414 1556 ἦν
3441 1483 3598 1548 δίκην

2023 1573 2115 1625 καὶ
2169 1573 2500 1646 συγγνώμην
2535 1579 2616 1641 είς
2633 1577 2692 1630 ἒν
2734 1580 3115 1641 συνάπτοντες,
3157 1577 3285 1640 τοὺς
3322 1574 3422 1645 μὲν
3448 1572 3598 1636 ἅπαξ

2020 1664 2179 1717 τοῦτο
2205 1666 2582 1736 τολμήσαντας
2606 1669 2933 1739 θεσπίζομεν
2964 1668 3229 1739 εὐμενοῦς
3257 1668 3351 1721 καὶ
3386 1681 3597 1737 μακρο-

2022 1756 2303 1827 θυμούσης
2328 1759 2464 1828 πρὸς
2493 1760 2554 1812 τὸ
2575 1763 2934 1831 τιμωρεῖσθαι
2956 1761 3246 1831 τυγχάνειν
3273 1760 3375 1829 τῆς
3411 1759 3592 1829 δίκης,

333 1838 528 1889 iterum
555 1837 814 1904 peccandi
846 1837 1194 1891 occasionem
1227 1836 1474 1906 rapiunt,
1505 1852 1606 1891 nec
1631 1837 1756 1892 inde
1779 1852 1906 1907 pru-

2019 1812 2144 1908 τούς
2176 1846 2234 1899 δὲ
2357 1812 2644 1918 συμπαθὲς
2970 1812 3380 1921 ὲτςξιῖσᾲμένοὸξ
3410 1812 3596 1902 δευτίέζ

331 1927 609 1981 «lentiores
639 1927 771 1981 facti
807 1942 836 1982 a
864 1928 1073 1981 malitia
1103 1927 1401 1992 desistunt,
1454 1929 1622 1984 nullis
1648 1929 1907 1998 precibus

332 2017 587 2074 admissis
644 2034 860 2089 poenam
924 2022 1258 2076 sustineant.
1317 2021 1412 2075 llla
1464 2031 1640 2077 autem
1671 2023 1724 2076 in
1754 2023 1904 2078 dorsi

335 2109 717 2166 verberatione
749 2111 958 2182 (97-98)
985 2113 1334 2183 criniumque
1356 2112 1467 2182 (99)
1493 2113 1747 2171 tonsione
1772 2128 1907 2170 con-

330 2200 516 2256 sistet.

763 2293 1230 2352 CONSTITUTIO
1260 2297 1470 2353 XCVII.

394 2376 464 2434 Ut
491 2380 545 2434 in
580 2380 654 2450 (Ι)
687 2385 1230 2460 οοηιεε-ιαιὶιοιιειὸιὶε,
1261 2387 1754 2460 el‘ytagiatratuum
1791 2384 1870 2460 (Ξ)

856 2453 1008 2504 initio
1051 2453 1265 2521 juretur
1314 2453 1411 2524 (5).

400 2539 548 2594 Idem
589 2541 893 2611 imperator
925 2542 1105 2596 eidem
1142 2544 1415 2615 Styliano.

403 2630 646 2688 Tametsi
727 2633 850 2695 lex,
925 2647 1046 2702 quae
1106 2634 1162 2688 in
1235 2635 1646 2704 magistratuum
1718 2638 1905 2706 initio,

332 2720 617 2791 litiumque
675 2723 1082 2778 contestatione
1137 2723 1434 2792 jurandum
1501 2727 1770 2795 praecipit.
1820 2729 1907 2783 di-

327 2811 454 2867 vino
481 2811 660 2880 jussui
724 2812 816 2880 qui
869 2812 1258 2882 jusjurandum
1313 2829 1537 2874 prorsus
1585 2817 1903 2872 evitandum

327 2902 656 2969 praescribit,
722 2902 909 2972 aliquo
965 2904 1126 2959 modo
1170 2906 1552 2962 contradicere
1605 2907 1900 2965 videatur:

331 3001 509 3046 tamen
542 2993 588 3047 si
619 2993 743 3063 quis
779 2995 1070 3050 verborum
1097 3006 1336 3052 mentem
1386 3000 1673 3069 perspicit,
1700 3017 1809 3056 non
1845 3002 1901 3058 in

325 3085 664 3139 contrarium
705 3085 854 3140 illam
888 3095 1133 3156 rogatam
1167 3103 1313 3154 esse,
1362 3091 1457 3144 sed
1484 3106 1516 3146 e
1573 3091 1794 3148 diverso
1813 3094 1904 3163 ju-

2012 1954 2106 2005 ρου
2139 1937 2508 2008 τολμήματος,
2533 1941 2668 1994 ἀλλὰ
2699 1943 2772 2011 μὴ
2797 1941 2920 1996 νοῦν
2951 1942 2996 1974 ⁸⁷
3023 1942 3288 2003 λαϐόντας
3311 1943 3376 1993 ἐκ
3397 1939 3592 1993 τούτου

2007 2027 2086 2089 εἰς
2143 2028 2492 2100 ἀναχώρησιν
2567 2033 2665 2101 τῆς
2719 2035 3002 2103 πονηρίας,
3059 2035 3450 2105 ἀπαραιτήτως
3499 2032 3598 2102 τὴν

2005 2118 2276 2188 τιμωρίαν
2303 2120 2649 2189 ὑφίστασθαι.
2675 2123 2820 2195 Αὕτη
2851 2125 3072 2192 μάστιξι
3113 2129 3232 2190 ταῖς
3256 2126 3394 2180 κατὰ
3424 2123 3594 2180 νώτου

2007 2209 2101 2262 καὶ
2124 2210 2327 2280 τριχῶν
2370 2212 2717 2284 ὁρισθήσεται
2763 2217 3004 2288 κουρείᾳ.

2529 2301 2844 2356 ΔιΑΤΑΞιΣ
2875 2307 2967 2371 ιιΖο
2991 2306 3060 2360 ω.

2009 2386 2151 2456 Περὶ
2181 2389 2701 2471 τοῦριινύεψῇτὸν
2721 2395 3040 2471 κριτὴνῌέν
3082 2397 3241 2471 ἀρχῇ
3270 2397 3381 2466 τῆς
3418 2400 3594 2471 δίκης

2217 2459 2317 2512 καὶ
2349 2464 2436 2526 εις
2463 2464 2527 2516 τὸ
2567 2464 2611 2495 ⁸⁸
2651 2459 3067 2535 προϐλήθῆναι
3093 2459 3379 2538 dp'ibwiz'.

2091 2548 2149 2601 Ὀ
2169 2550 2333 2613 αὐτὸς
2363 2551 2618 2620 βασιλεὺς
2647 2555 2919 2628 Στυλιανῷ
2947 2559 3024 2629 τῷ
3047 2561 3216 2631 αὐτῷ.

2082 2643 2144 2695 El
2188 2644 2284 2698 καὶ
2330 2645 2478 2699 δοκεί
2523 2665 2641 2712 πως
2674 2651 3163 2719 ἐναντιολογεῖσθαι
3211 2655 3272 2709 τὸ
3312 2657 3595 2720 παντελῶς

2006 2732 2275 2787 ἐκκλίνειν
2325 2736 2471 2806 τῷ⁶⁰
2522 2743 2921 2810 προστάσσοντι
2975 2746 3105 2817 θείῳ
3143 2747 3479 2818 κελεύσματι
3530 2748 3593 2801 τὸ

2005 2823 2286 2893 ὀμνύναιό
2330 2828 2418 2881 ἐπ’
2452 2831 2637 2901 ἀρχῶν
2672 2835 2964 2904 προϐολαῖς
3012 2839 3104 2891 καὶ
3139 2838 3294 2909 δίκης
3336 2841 3592 2894 συστάσει

2003 2915 2206 2983 ὁρίζων
2253 2917 2480 2988 ὀμνύειν
2525 2925 2689 2995 νόμος
2738 2929 2804 2992 ⁶¹,
2833 2929 2949 2982 ἀλλ’
2983 2932 3031 2983 εί
3068 2931 3166 3001 τὴν
3212 2917 3438 3001 γνώμην
3479 2932 3590 2985 τῶν

2003 3007 2178 3075 λόγων
2225 3028 2307 3075 τις
2336 3014 2728 3085 διασκέψαιτο,
2755 3020 2855 3074 οὐκ
2903 3023 2983 3086 είς
3035 3024 3384 3095 ἐναντιότητα
3434 3026 3588 3095 γνοίη

2003 3097 2191 3153 τοῦτον
2216 3101 2674 3176 ἀποκεκριμένον,
2713 3110 3021 3166 τούναντίον
3058 3113 3114 3167 δέ
3142 3115 3319 3168 ἐκεῖνο
3349 3116 3590 3187 σπουδὴν

336 3175 635 3245 risjurandi
686 3177 1036 3246 susceptione
1086 3178 1228 3232 idem
1269 3180 1416 3248 quod
1462 3180 1583 3249 ejus
1648 3183 1896 3251 prohibi-

2011 3190 2334 3260 ποιούμενον
2375 3200 2783 3268 καταπράττειν
2824 3202 2913 3256 διὰ
2941 3203 3040 3275 τῆς
3079 3208 3173 3258 τοῦ
3207 3207 3370 3277 ὅρκου
3408 3225 3588 3278 παρα-

327 3267 475 3321 tione
507 3282 662 3321 sacra
695 3268 777 3322 lex
819 3268 984 3338 (4-5),
1018 3268 1231 3325 eﬂicere
1283 3273 1463 3326 conati
1509 3273 1900 3342 deprehendat.

325 3359 540 3414 Etenim
589 3360 704 3415 haec
735 3361 979 3430 quidem,
1016 3377 1128 3431 quo
1172 3364 1459 3419 mendacio
1496 3380 1728 3434 prorsus
1757 3369 1899 3422 viam

325 3451 642 3522 prmeludat,
681 3453 733 3507 in
759 3455 1078 3509 universum
1139 3455 1215 3525 (6)
1246 3456 1438 3525 jurare
1488 3466 1670 3512 vetat:
1705 3460 1796 3514 illa
1823 3461 1899 3533 (7)

321 3559 473 3608 vero,
502 3544 630 3598 dum
653 3545 755 3599 hoc
776 3546 954 3616 ipsum
979 3547 1115 3614 vult,
1137 3547 1204 3601 ad
1222 3547 1521 3620 fugandum
1553 3553 1897 3608 mendacium

317 3631 708 3700 jusjurandum
739 3636 793 3689 in
827 3637 1091 3691 auxilium
1130 3639 1387 3694 assumit.
1423 3641 1771 3712 Quapropter
1795 3659 1896 3697 no-

322 3721 410 3775 bis
433 3737 542 3775 non
574 3723 629 3776 in
657 3725 947 3778 verborum
972 3726 1224 3792 formam,
1262 3728 1356 3783 sed
1394 3732 1736 3799 propositum
1774 3734 1897 3787 illo-

321 3827 443 3866 rum
476 3813 639 3867 finem
674 3816 1034 3885 cogitationes
1063 3817 1429 3889 adigentibus,
1463 3838 1570 3876 non
1612 3825 1898 3893 aspernari

318 3901 480 3956 civile
547 3903 851 3969 decretum,
924 3913 1182 3976 tanquam
1252 3923 1374 3962 cum
1440 3911 1626 3967 divino
1684 3924 1735 3968 et
1792 3913 1900 3967 Do-

322 3992 458 4046 mini
488 3996 662 4048 nostri
699 3996 961 4050 mandato
992 4008 1227 4068 pugnet:
1257 4001 1352 4054 sed
1388 4012 1645 4072 tanquam
1698 4006 1893 4059 eodem

320 4094 530 4154 vergat,
567 4086 644 4139 illi
682 4087 949 4143 honorem
999 4105 1329 4146 conservare
1375 4094 1551 4148 visum
1582 4103 1688 4150 est.
1717 4095 1895 4152 Caete-

318 4177 515 4244 roquin
567 4178 730 4230 etiam
769 4179 873 4232 hnc
907 4182 1203 4247 sentimus,
1240 4183 1455 4239 Domini
1510 4186 1729 4254 jussum
1778 4205 1886 4243 non

318 4267 640 4335 simpliciter
665 4268 731 4320 ad
762 4272 1094 4325 moderanda
1148 4276 1458 4331 communis
1499 4280 1624 4332 vitm
1658 4281 1893 4347 negotia,

319 4353 414 4407 sed
441 4355 507 4407 ad
560 4358 1014 4413 constituendum
1075 4361 1208 4423 illis,
1231 4363 1323 4431 qui
1361 4365 1425 4418 ad
1455 4366 1674 4420 beatam
1738 4370 1887 4422 illam

2008 3276 2244 3368 λήψεως,
2290 3281 2425 3353 ὅπερ
2453 3287 2480 3337 ὀ
2527 3283 2668 3349 θεῖος
2706 3288 2954 3357 βούλεται
2993 3293 3160 3362 νόμος
3193 3276 3251 3346 ἐν
3283 3299 3346 3367 τῇ
3379 3276 3588 3368 τοῦ-μὴ

2005 3367 2228 3436 ὀμνύειν
2247 3372 2520 3446 ἐπιτροπῇ
2557 3377 2823 3443 ἐξανύειν.
2859 3383 2970 3436 Καὶ
3001 3384 3109 3455 γὰρ
3141 3387 3169 3438 ὀ
3212 3388 3312 3456 μὲν
3343 3389 3419 3458 τῷ
3449 3367 3585 3459 ψεύ-

2004 3459 2084 3551 ὀει
2125 3461 2381 3528 καθάπαξ
2412 3467 2719 3523 ἀποκλείων
2743 3473 2841 3542 τὴν
2873 3476 3107 3546 πάροδον
3131 3479 3465 3551 ἀπαγορεύει
3493 3484 3586 3536 τέ-

2005 3549 2122 3641 λεον
2168 3552 2486 3623 ὀμνύεσθαι,
2515 3561 2542 3611 ὀ
2582 3559 2639 3612 δὲ
2677 3561 2738 3615 τὺ
2791 3565 2922 3618 αὐτὸ
2951 3567 3111 3621 τοῦτο
3149 3549 3475 3641 βουλόμενος
3503 3576 3585 3639 είς

2006 3640 2188 3735 ὀίωξιν
2233 3645 2463 3713 ψεύδους
2488 3649 2579 3705 τὸν
2607 3652 2770 3723 ὅρκον
2810 3656 3103 3730 σύμμαχον
3138 3640 3578 3735 παραλαμϐάνει.

2223 3740 2317 3831 καὶ
2371 3744 2503 3811 ἡμῖν
2556 3747 2617 3799 οὐ
2669 3749 2806 3820 πρὸς
2841 3752 2902 3805 τὸ
2931 3755 3121 3824 σχῆμα
3147 3732 3257 3810 τῶν
3295 3732 3579 3831 ῥημάτων,

2008 3823 2142 3920 αλλὰ
2173 3828 2309 3897 πρὸς
2333 3831 2426 3920 τὶν
2485 3835 2804 3906 ἐγκείμενον
2841 3823 3054 3896 σκοπὸν
3087 3823 3432 3916 ἀπρείόουίσι
3482 3823 3582 3920 τὴν

2005 3915 2262 3984 διάνοιαν,
2287 3919 2464 3986 ἔδοξεν
2494 3926 2591 3997 οὐχ
2628 3929 2702 3991 ὼς
2732 3934 3047 4004 μαχομένην
3077 3937 3154 4007 τῷ
3186 3915 3314 4010 θείῳ
3359 3941 3454 3994 καὶ
3481 3915 3580 3995 Δέ-

2008 4009 2251 4081 σποτικῷ
2311 4017 2730 4088 παραγγέλματι
2789 4021 2888 4094 τὴν
2949 4026 3232 4098 πολιτικὴν
3288 4009 3580 4101 ἀτιμάζειν

1999 4099 2202 4168 ψῆφον,
2251 4103 2365 4156 ἀλλ’
2399 4106 2475 4169 ὡς
2526 4111 2663 4180 πρὸς
2702 4112 2764 4165 τὸ
2790 4115 2923 4167 αὐτὸ
2966 4119 3239 4189 φερούσης
3291 4099 3579 4193 συντηρεῖν

1999 4193 2171 4263 αὐτῆς
2206 4199 2250 4227 δ’
2280 4197 2378 4267 τὴν
2402 4205 2588 4270 τιμήν.
2629 4203 2835 4269 Ἀλλως
2869 4224 2928 4259 τε
2949 4208 3005 4261 δὲ
3035 4211 3128 4263 καὶ
3158 4211 3315 4266 τοῦτο
3345 4215 3575 4267 συνείδο-

2001 4301 2121 4352 μεν,
2160 4286 2235 4347 ὡς
2272 4287 2334 4340 τὸ
2380 4292 2706 4347 Δεσποτικὸν
2756 4299 3189 4371 παρακέλευσμα
3241 4305 3337 4373 οὐχ
3389 4305 3577 4369 ἁπλῶς

1997 4376 2115 4428 οὐδὲ
2165 4378 2300 4447 πρὸς
2336 4380 2605 4449 βιωτικῶν
2636 4390 2978 4458 πραγμάτων
3004 4392 3266 4463 ἐξηνέχθη
3302 4396 3576 4449 κατάστα-

317 4444 703 4501 sublimitatem
731 4447 1025 4504 ascendere
1054 4451 1390 4521 desiderant,
1422 4457 1477 4511 in
1513 4459 1890 4526 perfectiorem

2210 4444 2221 4447 _
2336 4444 2346 4449 _
2678 4444 2689 4455 ,
2762 4444 2803 4458 ,,
3045 4444 3544 4463 ,πληηηνηπ

2011 4483 2106 4528 τιν,
2160 4468 2298 4522 ἀλλὰ
2347 4472 2486 4541 πρὸς
2533 4475 2878 4549 τελειοτέρας
2916 4483 3193 4548 πολιτείας
3226 4489 3337 4551 τοῖς
3363 4489 3572 4544 ἀνιέναι

1604 4617 1836 4675 νΑιιιίΕ
1861 4621 2271 4683 LECTIONES.

399 4722 455 4812 ξ’τᾷ
475 4723 674 4812 Codd.“
700 4725 978 4812 μῆν’-οὗνἔ
1021 4729 1371 4812 .Eme'ndavit
1417 4733 1603 4812 Steph.
1649 4739 1728 4812 __"
1761 4740 1873 4812 Ecl.
1924 4743 2061 4801 Nov.
2095 4746 2184 4801 45.
2245 4749 2290 4780 ⁸9
2320 4747 2484 4806 Forte
2539 4756 2595 4807 ἐν
2635 4757 2729 4812 τῶ.

314 4802 506 4862 προστ.
560 4797 598 4826 ⁶¹
633 4794 802 4851 Now.
832 4796 1128 4854 Justiniani
1164 4801 1219 4864 8,
1250 4817 1299 4855 c.
1332 4796 1436 4859 τοι
1469 4794 1538 4859 49
1565 4822 1613 4861 c.
1648 4809 1700 4863 5.
1753 4812 1798 4841 δ’
1825 4794 1998 4867 Codd:
2022 4794 2214 4888 ἇιὲἦξρ.
2248 4794 2598 4894 Αέγῖίξύτῇί
2645 4794 2692 4826 ﬂ;

2799 4762 2843 4798 ⁶⁰
2869 4761 3060 4820 Melius
3091 4766 3171 4837 τῷ
3208 4785 3367 4824 παντ.
3414 4770 3564 4826 ἐκκλ-

1812 4949 2038 5007 NOT/E.

626 5043 774 5122 με.
797 5046 835 5122 _l_.
869 5047 922 5110 9,
952 5047 1006 5102 tl.
1035 5050 1108 5105 De
1138 5067 1250 5122 sep.
1291 5055 1420 5109 viol.

378 5112 916 5190 (95)__Criminaliter
980 5127 1033 5190 ρι
1090 5112 1404 5190 pecuniaria

313 5182 468 5254 Phot.
495 5183 794 5240 Nomocan.
816 5185 907 5252 27,
928 5182 1169 5254 et15,'c.
1201 5193 1291 5254 ‘23.
1321 5196 1409 5248 ubi

305 5253 396 5321 jus
426 5255 834 5310 constitutionis
855 5253 1185 5313 mentionem
1221 5253 1369 5317 facit.

381 5323 655 5400 (ρειγν.
670 5326 889 5400 Petrum
924 5326 1086 5400 βεδε·
1120 5330 1208 5395 55,
1245 5342 1392 5400 sym.
1419 5334 1506 5396 ιι,
1546 5336 1633 5400 is,
1678 5339 1763 5392 te.

375 5394 591 5469 (97-98)
622 5394 1116 5469 Sepulcri_violafor
1142 5394 1237 5469 per
1267 5394 1592 5459 fustuarium
1614 5394 1666 5461 et
1691 5420 1880 5463 Ionva-

308 5465 708 5541 rampunitur,
746 5467 950 5541 ut_hic,
977 5465 1284 5541 _l3alsamon
1324 5473 1410 5535 15,
1445 5473 1742 5530 Nomocan.
1787 5479 1877 5541 25,

307 5532 476 5615 Basil.
501 5535 666 5615 epist.
705 5535 770 5588 ad
795 5535 1101 5615 Amphiloc.
1130 5539 1217 5604 66,
1247 5532 1499 5615 undecim
1526 5549 1684 5600 annis
1703 5532 1880 5615 privat

306 5605 742 5686 communione;
782 5605 940 5686 adde}
963 5605 1268 5686 Nyssennun
1300 5614 1458 5682 epist.
1505 5618 1569 5668 ad
1623 5605 1876 5686 Lytoium

308 5669 621 5742 episcopum
655 5669 959 5742 )litylenes,
989 5669 1041 5729 (δ’.
1073 5677 1127 5740 6,
1159 5679 1211 5742 7,
1237 5682 1289 5733 8.

379 5736 492 5804 (99)
524 5739 630 5791 Καὶ
643 5736 843 5810 τριχῶν
871 5736 1220 5815 ὁρισθήσεται
1243 5750 1466 5822 κουρείᾳ
1486 5794 1499 5819 ,
1564 5754 1700 5811 adde
1739 5756 1873 5812 Nov.

1490 5141 1635 5190 mna,
1667 5128 1724 5183 d.
1757 5130 1792 5182 I.
1822 5132 1876 5193 9,

1486 5197 1729 5252 alsamon
1777 5200 1880 5254 hu-

1983 5065 2072 5124 96,
2108 5082 2271 5136 supra
2299 5070 2423 5122 eod.
2451 5079 2504 5125 et
2544 5072 2666 5135 l05,
2705 5075 2845 5130 infra
2877 5081 2999 5134 eod.

2057 5136 2283 5232 92...Ἑεὶ
2297 5140 2771 5232 ἑξκῆ.ῖῆς,ἒί3ιη.ςο
2797 5150 2984 5232 θεείεεειι
3034 5163 3211 5232 νεοίη»
3274 5159 3430 5232 δίκης
3460 5165 3555 5217 σύ-

1986 5221 2202 5280 στασιν,
2233 5208 2373 5262 infra
2398 5208 2529 5264 eod.
2567 5214 2678 5266 vid.
2705 5208 2841 5270 Nov.
2880 5220 2966 5280 49,
3005 5237 3054 5275 c.
3079 5225 3132 5278 5.

2055 5275 2272 5371 (aliis;
2316 5280 2395 5342 εις
2429 5281 2491 5333 τὸ
2535 5285 2931 5357 προεληθῆναι,
2958 5275 3042 5345 'sic
3078 5275 3220 5352 intra
3261 5299 3348 5353 ἐπ’
3376 5302 3560 5371 ἀρχῶν

1983 5346 2273 5414 προϐολῆς.

2060 5415 2158 5512 (ᾖ)
2177 5416 2738 5512 βιαιοορεοτναιυι·
2766 5426 2960 5512 titulus
2984 5430 3306 5512 C_otlicis_de
3334 5437 3558 5512 jureju-

1985 5486 2408 5568 rando’prppter
2433 5491 2785 5568 calumniam,
2811 5497 2947 5555 Nov.
3005 5503 3097 5568 49,

2044 5555 2187 5626 (1-5)
2220 5555 2411 5613 Matth.
2441 5576 2494 5626 γ,
2522 5576 2573 5616 v.
2605 5564 2694 5619 54.

2053 5623 2128 5691 (6)
2162 5627 2294 5681 Ibid.

2048 5697 2125 5762 (7i
2150 5695 2336 5753 Civilis
2360 5713 2438 5755 sc.
