4048 6430
436 407 538 466 617

1543 400 1906 463 NOVELLAI‘.
1939 399 2612 459 CONSTI'I‘UTIONES.

3576 403 3686 464 618

437 511 572 580 πρὸς
605 510 666 561 τὸ
698 508 968 580 μακάριον
1004 509 1184 561 ἐκεῖνο
1217 505 1349 578 ὕψος
1403 505 1663 560 ποθοῦσιν
1716 504 2004 567 ἀνάϐασιν,

2114 504 2506 575 rempublicam
2567 503 2798 575 gradum
2851 519 2975 560 esse
3035 507 3459 576 promulgatum.
3515 510 3687 579 Cujus

434 602 625 672 ὥσπερ
659 602 753 654 καὶ⁸
796 603 864 656 τὰ
905 601 1060 662 ἀλλα,
1113 596 1226 655 οἷον
1267 599 1464 666 τὸ,Μὴ
1499 596 1907 667 μεριμνήσητε
1933 595 2006 662 τῇ

435 692 607 762 ψυχῇ
638 693 697 746 τί
716 693 942 762 φάγητε
963 709 975 721 ·
998 693 1114 757 καὶ,
1135 691 1232 760 Μὴ
1263 690 1645 760 θησαυρίζετε
1665 686 2008 756 θησαυροὺς

434 784 658 852 ἐπὶτῆς
695 785 828 853 γῆς,
863 785 956 838 καὶ
991 785 1093 838 ὃσα
1111 783 1449 855 όμοδύναμα.
1488 781 1674 834 Ταῦτα
1698 779 1809 848 γὰρ
1831 780 1925 832 καὶ
1939 777 2008 830 τὰ

434 876 656 928 τοιαῦτα
701 877 1106 947 ἀφωρισμένοις
1147 878 1261 939 τοῖς
1312 874 1674 946 τελειοτέροις
1712 870 1870 942 φέρει
1907 868 2008 940 τὴν

433 961 680 1032 γνώμην.

499 1049 600 1102 Διά
627 1049 671 1080 ⁸³
693 1047 851 1102 τοῦτο
907 1048 973 1119 δὴ
1043 1048 1142 1120 τὴν
1193 1048 1346 1118 ίσχύν
1393 1048 1602 1100 οἰκείαν
1625 1045 1671 1078 ⁸⁸
1708 1043 2003 1115 ἀμείωτον,

430 1138 620 1208 ὥσπερ
646 1137 804 1208 ἔφην,
836 1137 914 1208 τῷ
947 1137 1139 1209 πολίτῃ
1164 1139 1208 1170 ⁸⁵
1223 1137 1613 1209 συντηροῦντες
1638 1136 1788 1207 νόμῳ
1822 1133 2010 1187 θεσπί-

434 1231 598 1301 ζομεν
633 1231 728 1284 καὶ
753 1233 934 1301 ἡμεῖς,
974 1231 1102 1290 τούς
1133 1248 1193 1283 τε
1220 1229 1662 1300 καθισταμένους
1717 1228 1799 1291 είς
1829 1227 2008 1296 ἀρχῆς

433 1323 706 1394 προϐολὴν
763 1323 860 1376 καὶ
907 1323 988 1385 εἰς
1041 1323 1222 1392 κρίσιν
1260 1318 1778 1391 ἀμφισϐητουμένου
1823 1317 2006 1387 πράγ-

432 1433 603 1485 ματος
630 1415 897 1471 εἰσιόντας
921 1413 988 1467 δι’
1023 1415 1203 1486 ὅρκων
1241 1412 1590 1477 πιστοῦσθαι,
1619 1411 1698 1474 ὡς
1757 1409 1820 1463 τὸ
1866 1409 2003 1478 ἀληα

431 1508 522 1570 θὲς
560 1505 668 1576 πρὸ
695 1507 790 1558 τοῦ
823 1505 1052 1575 ψεύδους
1109 1506 1425 1575 τιμήσουσι,
1482 1504 1577 1558 καὶ
1603 1502 1856 1573 οὐδαμῶς
1908 1502 2008 1570 τῆς

428 1597 646 1660 εὐθείας
679 1597 1049 1666 ἐκτραπέντες
1083 1597 1180 1650 ἐπὶ
1227 1596 1326 1667 τὴν
1378 1594 1602 1650 σκολιὰν
1629 1595 1730 1670 τῆς
1790 1592 2008 1662 ἀπάτης

429 1684 615 1753 τρίϐον
640 1685 1007 1757 χωρήσουσιν.

950 1795 1250 1851 ΑιΑΤΑΞιΣ
1302 1794 1402 1863 ιη’
1426 1795 1492 1849 σι.
1524 1854 1526 1857 ,

609 1906 748 1975 Περί
768 1907 875 1960 τοῦ
904 1905 991 1975 μὴ
1040 1907 1373 1974 εὐνούχους
1405 1902 1840 1975 ἐγγαμίζεσθαι.

514 2022 574 2072 '0
599 2022 761 2085 αὐτὸς
791 2021 1044 2090 βασιλεὺς
1072 2019 1346 2089 Στυλιανῷ
1382 2019 1458 2089 τῷ
1489 2019 1659 2089 αὐτῷ.

513 2113 577 2166 Ἦ
600 2113 707 2165 τῶν
731 2115 914 2181 νόμιον
943 2113 1158 2179 γένεσις
1198 2113 1292 2165 καὶ
1344 2113 1684 2166 κατάστασιν
1712 2112 1812 2182 τῆς
1855 2112 2009 2165 πολι.⁹

427 2203 581 2265 τείας
615 2201 816 2254 σκοπὸν
846 2199 1269 2252 ὐποϐάλλεται⁶⁷
1334 2201 1429 2252 καὶ
1456 2200 1500 2231 ⁸⁸
1534 2203 1599 2270 τῇ
1647 2199 1806 2268 φύσει
1838 2201 2010 2252 ἐνίοτε

428 2291 760 2361 ἀδικουμένῃ
804 2289 1019 2360 βοηθεῖν
1066 2290 1488 2357 ἐπαγγέλλεται.
1540 2291 1750 2344 Οὐκοῦν
1803 2292 2012 2345 δίκαιον

385 2428 402 2441 η
429 2383 528 2436 καὶ
558 2381 652 2434 νῦν
675 2384 802 2452 περὶ
829 2382 928 2451 τῆς
959 2380 1303 2451 ζητουμένης
1332 2380 1644 2445 ὑποθέσεως
1669 2383 1722 2453 (ἠ
1756 2382 1813 2435 δέ
1839 2384 2010 2450 ἐστιν,

429 2475 482 2526 εί
517 2473 728 2538 ἔξεστιν
763 2472 1042 2542 εὐνούχοις
1083 2471 1220 2541 πρὸς
1252 2473 1434 2542 γάμον
1479 2471 1874 2541 συνάπτεσθαι)
1929 2473 2013 2525 νό-

430 2582 536 2636 μον
552 2566 734 2633 τυχεῖν
764 2563 1049 2631 γενέσεως.
1101 2562 1263 2614 Ἀλλά
1291 2562 1396 2632 πρὸ
1423 2562 1526 2630 τῆς
1555 2562 1650 2614 τοῦ
1700 2563 1866 2632 νόμου
1917 2565 2012 2616 ὲκ-

428 2656 636 2719 θέσεως
659 2655 808 2721 ἄξιον
831 2656 967 2724 πρὸς
1007 2653 1255 2720 ἐξέτασιν
1297 2655 1639 2725 καταστῆναι
1689 2653 1786 2707 τοῦ
1827 2655 2009 2725 πράγ-

429 2765 626 2819 ματος,
663 2751 754 2800 καὶ
787 2747 1041 2810 συνιδεῖν,
1072 2748 1121 2799 εί
1155 2746 1381 2800 δυνατὸν
1427 2749 1528 2818 τὴν
1573 2748 1832 2818 τοιαύτην
1889 2766 2012 2802 συν-

431 2841 638 2908 άφειαν
659 2838 1027 2910 ἀποφέρεσθαι
1057 2839 1236 2909 γάμου
1261 2839 1472 2909 κλῆσιν,
1490 2839 1689 2908 μᾶλλον
1716 2840 1773 2893 δὲ
1804 2841 1852 2893 εί
1877 2841 2013 2904 ὅλως

423 2932 521 2984 ἐπ’
544 2931 682 3000 αὐτῇ
713 2930 868 3000 θέμις
888 2929 1185 2993 τελεῖσθαι,
1219 2929 1256 2984 ἃ.
1282 2929 1359 2998 τῷ
1390 2931 1555 3000 γάμῳ
1577 2930 1839 2994 τελεῖται,
1898 2924 2012 2982 οἷον

423 3024 600 3095 εὐχὴν
636 3024 786 3093 ἱερὰν
838 3023 872 3093 ἢ
916 3021 1138 3092 τελετὴν
1169 3021 1202 3092 ἢ
1235 3021 1584 3093 ἀνθρωπίνην
1639 3021 1761 3074 τινὰ
1818 3021 2012 3091 τέρψιν

423 3119 527 3172 καὶ
576 3117 863 3186 θυμηδίαν,
913 3116 1009 3168 καὶ
1050 3116 1150 3168 ὅσα
1201 3115 1294 3166 ἐπὶ
1342 3114 1611 3185 μνηστείᾳ
1676 3113 1912 3181 γίνεται.
1955 3113 2012 3164 '0

2111 607 2246 648 sane
2261 593 2480 663 generis
2503 594 2768 648 nonnulla
2792 594 2958 649 etiam
2978 595 3084 647 alia
3106 605 3258 660 sunt,
3277 605 3336 650 ut
3363 597 3640 671 uocas-9)
3668 617 3684 652 :

2113 681 2196 736 Ne
2224 684 2446 738 solliciti
2466 685 2585 738 sitis
2613 685 2808 738 anima:
2832 693 3038 750 vestra,
3063 685 3188 754 quid
3219 687 3576 753 inanducetis,
3609 701 3685 754 et,

2114 771 2196 828 Ne
2228 776 2504 843 reportatis'
2534 777 2810 831 thesauros
2851 777 2908 829 in
2949 785 3116 842 terra,
3151 785 3284 842 ete.,
3332 794 3456 848 qua:
3493 781 3683 834 eodem

2111 865 2260 920 dicta
2291 875 2440 921 sunt.
2473 865 2599 922 Hec
2619 869 2766 923 enim
2799 877 2855 924 et
2883 867 3084 923 similia
3114 883 3363 924 seorsum
3399 871 3686 938 perfectio-

2110 957 2267 1012 ribus
2293 958 2720 1014 demandantur.

2195 1046 2270 1101 Ea
2303 1057 2527 1119 propter
2563 1064 2665 1105 nos
2695 1050 2844 1104 civili
2896 1051 2998 1123 legi
3034 1066 3191 1107 suam
3232 1050 3342 1104 vim
3387 1049 3688 1121 (quomodo

2111 1136 2376 1208 diximus)
2428 1139 2774 1194 imminutam
2827 1150 3244 1205 conservantes,
3302 1142 3586 1197 sancimus
3629 1155 3688 1196 ut

2110 1230 2204 1298 qui
2235 1231 2620 1300 magistratum
2648 1233 2860 1300 ineunt,
2878 1234 3101 1289 litemve
3131 1241 3518 1288 contestantur
3549 1235 3687 1304 (10).

2111 1320 2459 1375 severitatem
2509 1323 2800 1378 mendacio
2852 1325 3195 1394 praelaturos,
3245 1339 3348 1378 nec
3378 1325 3490 1378 ullo
3525 1326 3689 1378 modo

2111 1416 2260 1463 recta
2291 1409 2380 1463 via
2414 1409 2711 1477 declinata,
2757 1411 2811 1464 in
2847 1411 3128 1480 obliquam
3163 1411 3377 1466 fraudis
3429 1411 3680 1466 semitam

2111 1512 2501 1568 concessuros,
2527 1500 2897 1572 jurejurando
2929 1500 3224 1556 aﬂirment.

2530 1793 2998 1852 CONSTITUTIO
3028 1793 3264 1852 XCVIII.

2291 1905 2366 1961 De
2387 1921 2538 1975 paena
2576 1907 2955 1970 cunuchorum,
2986 1908 3033 1961 si
3055 1923 3248 1962 uxores
3290 1905 3511 1961 ducant.

2183 2020 2326 2075 Idem
2351 2021 2652 2090 imperator
2675 2021 2852 2077 eidem
2879 2020 3150 2092 Styliano.

2183 2111 2387 2182 Legum
2412 2120 2589 2177 ortus,
2629 2121 2743 2166 tum
2785 2122 2844 2166 ut
2877 2113 3158 2182 republica
3185 2120 3332 2168 recte
3381 2111 3688 2166 constitua-

2113 2211 2225 2266 tur,
2266 2205 2415 2258 hunc
2475 2204 2578 2259 sibi
2621 2205 2781 2258 linem
2812 2205 3091 2275 pr0ponit,
3136 2214 3248 2258 tum
3287 2204 3561 2257 interdum
3589 2217 3688 2256 na-

2111 2303 2252 2349 tura:
2285 2295 2490 2364 injuria
2535 2295 2744 2350 allectat
2799 2295 3068 2350 auxilium
3120 2293 3301 2348 olfert.
3336 2292 3552 2348 Justum
3609 2303 3688 2347 est

2111 2402 2263 2457 ergo,
2295 2395 2357 2440 ut
2381 2401 2528 2441 nunc
2587 2388 2753 2441 etiam
2788 2387 2856 2442 de
2887 2388 2992 2441 hac
3025 2387 3233 2456 specie,
3274 2401 3345 2440 an
3407 2385 3690 2441 eunuchos

2115 2476 2168 2530 in
2205 2477 2619 2531 matrimonium
2667 2477 2930 2546 conjungi
2989 2477 3172 2540 liceat,
3228 2475 3282 2528 in
3334 2475 3689 2544 quaestionem

2113 2567 2300 2633 ducta,
2333 2566 2420 2620 lex
2444 2577 2760 2622 enascatur.
2789 2567 2894 2621 Sed
2952 2567 3275 2635 priusquam
3342 2565 3432 2618 illa
3490 2579 3687 2634 propo-

2113 2664 2302 2720 natur,
2336 2671 2448 2710 rem
2471 2659 2808 2722 examinare,
2837 2666 2892 2710 et
2929 2672 2997 2709 an
3023 2655 3332 2710 istiusmodi
3380 2653 3691 2722 conjunctio

2115 2748 2526 2801 matrimonium
2555 2747 2816 2818 appellari
2853 2747 3052 2816 possit,
3090 2747 3200 2800 imo
3232 2761 3300 2799 an
3332 2747 3557 2800 omnino
3574 2759 3691 2814 qum

2113 2837 2168 2890 in
2200 2835 2552 2890 matrimonio
2604 2844 2946 2904 peraguntur
2983 2835 3001 2902 (
3031 2850 3152 2903 qua:
3195 2840 3326 2889 sunt
3379 2841 3550 2888 sacrae
3581 2832 3692 2902 (11)

2113 2941 2325 2997 preces,
2353 2925 2712 2990 sacrificium,
2742 2926 2982 2979 carnalis
3003 2925 3302 2978 oblectatio
3333 2939 3399 2977 ac
3421 2923 3691 2992 voluptas,

2113 3025 2167 3071 et
2194 3031 2536 3086 quaecunque
2581 3016 2634 3069 in
2665 3015 3020 3068 matrimonio
3074 3015 3258 3083 ﬁunt).
3283 3013 3365 3067 fas
3398 3014 3471 3071 sit
3509 3013 3566 3068 in
3600 3015 3690 3068 illa

2115 3108 2326 3179 perlici.
2394 3108 2664 3162 Sacerdos
2735 3108 2898 3176 igitur
2973 3106 3041 3160 ad
3102 3106 3461 3161 imitationem
3525 3105 3692 3160 caele-

425 3209 535 3280 μὲν
560 3208 669 3279 γάρ
703 3209 880 3279 ἱερεὺς
913 3206 1057 3261 κατά
1089 3205 1321 3275 μίμησιν
1343 3206 1440 3274 τῆς
1473 3205 1681 3259 ἀνωθεν
1717 3206 1870 3276 παρά
1913 3204 2008 3258 τοῦ

2114 3199 2264 3254 stisa
2302 3199 2592 3253 conditore
2618 3199 2917 3268 (quisexus
2936 3198 3003 3252 ad
3037 3199 3249 3266 (IS-I3)
3281 3197 3691 3266 multiplicatio-

421 3303 738 3364 πλάσαντος
769 3302 1023 3368 εὐλογίας
1050 3299 1146 3353 τοῦ
1173 3300 1311 3370 πρὸς
1338 3299 1571 3370 αὐξησιν
1604 3299 1673 3352 τὰ
1723 3299 1854 3368 γένη
1882 3316 2009 3351 συν-

420 3394 771 3465 αρμόσαντος
803 3392 1034 3461 ἔστηκεν
1087 3390 1395 3461 ίερολογῶν,
1424 3391 1458 3459 ἡ
1507 3389 1566 3442 δὲ
1591 3389 1648 3455 ἐξ
1706 3388 2011 3459 ἀνθρώπων

420 3482 702 3555 προϊοῦσα
741 3481 980 3553 θυμηδία
1008 3481 1101 3534 καὶ
1129 3481 1453 3550 ἀγαλλίασις
1508 3482 1646 3551 πρὸς
1672 3481 1732 3534 τὸ
1755 3481 1856 3551 τῆς
1885 3498 2009 3550 γεν-

420 3571 628 3643 αρχίας
654 3573 700 3604 ⁶⁹
727 3571 878 3633 τέλος
932 3569 1192 3640 ἀφορῶσα
1235 3569 1328 3622 καὶ
1369 3567 1463 3622 τοῦ
1526 3569 1718 3636 γένους
1774 3571 2008 3623 ἑκάστου

420 3652 793 3735 τὴνβλάστην
811 3662 854 3692 "°
872 3660 1141 3731 λαμϐάνει
1163 3661 1263 3731 τὴν
1292 3660 1518 3728 πρόοδον
1536 3676 1549 3690 ·
1591 3660 1644 3712 οἵ
1673 3676 1732 3711 τε
1758 3659 1867 3729 γὰρ
1898 3659 2008 3712 τῶν

421 3756 686 3827 νυμφίων
724 3755 1068 3825 γεννήτορες,
1108 3754 1165 3806 ὲν
1226 3752 1438 3805 ἐλπίσιν
1492 3753 1644 3815 ὄντες
1703 3752 1796 3805 τοῦ
1853 3752 2016 3824 γονὴν

422 3845 741 3916 ἐπόψεσθαι
762 3846 869 3898 τῶν
899 3846 1117 3898 οἰκείων
1152 3844 1498 3913 σπλάγχνων,
1534 3843 1588 3895 οἵ
1612 3860 1670 3896 τε
1709 3861 2014 3913 νυμφαγω-

422 3937 698 4009 γοῦμενοι
729 3937 825 3991 τοῦ
880 3937 1063 3991 δοῦναι
1094 3936 1173 4007 τῷ
1223 3936 1321 4006 βίῳ
1359 3935 1549 4004 γένους
1592 3935 1862 4006 διαδοχὴν,
1914 3936 2015 4004 τῆς

425 4023 874 4098 περισταζούσης
909 4024 1107 4088 αὐτοὺς
1156 4022 1524 4080 ἀπολαύουσιν
1577 4021 1792 4093 ἡδονῆς.
1827 4015 1898 4093 ᾯ
1956 4021 2012 4074 δὲ

2120 3307 2240 3346 nem
2259 3289 2556 3360 copulavit)
2584 3291 2942 3360 pronuntiare
2982 3289 3393 3344 benedictionis
3423 3289 3540 3359 (U)
3574 3303 3692 3343 ver-

2119 3381 2186 3436 ba
2216 3395 2374 3435 sacra
2403 3380 2623 3433 effatur.
2655 3378 2892 3432 Humani
2929 3387 3114 3433 autem
3167 3377 3372 3446 ingenii
3437 3377 3694 3446 voluptas

2117 3483 2173 3528 et
2209 3473 2398 3528 lzetitia
2432 3473 2498 3527 ad
2533 3473 2778 3542 geniales
2837 3472 3177 3540 complexus,
3203 3480 3256 3526 et
3307 3471 3430 3541 (l5).
3484 3470 3691 3525 utrius-

2118 3581 2226 3635 que
2271 3581 2436 3620 sexus
2505 3564 2674 3618 fetum
2729 3564 3074 3633 respiciens,
3133 3579 3486 3634 progressum
3540 3563 3692 3617 facit.

2120 3658 2458 3728 Sponsorum
2518 3658 2664 3712 enim
2731 3666 3023 3726 parentes,
3096 3658 3224 3712 dum
3291 3673 3350 3712 se
3424 3657 3694 3712 viscerum

2119 3763 2346 3802 suorum
2393 3749 2613 3804 visuros
2675 3748 2879 3811 fetum,
2913 3755 2968 3802 et
3011 3748 3200 3818 sponsi
3245 3748 3384 3817 ipsi,
3447 3745 3578 3800 dum
3639 3762 3694 3800 se

2117 3838 2173 3891 in
2231 3837 2414 3891 lucem
2463 3837 2709 3892 edituros
2755 3838 2974 3908 generis
3031 3852 3385 3892 successores
3443 3845 3687 3905 sperant,

2118 3928 2408 3998 multiplici
2440 3929 2722 3998 voluptate
2748 3928 3177 3998 perfunduntur.
3201 3930 3270 3981 At
3305 3929 3396 3982 hic
3429 3927 3564 3982 nihil
3587 3927 3695 3984 tale

2117 4018 2329 4076 subest.
2350 4018 2522 4085 Quale
2538 4020 2682 4075 enim
2711 4035 2836 4076 cum
2864 4020 3143 4077 oblatione
3163 4020 3239 4076 illi
3260 4019 3464 4091 (lli-l7)
3495 4033 3693 4075 conve-

1727 4223 1965 4280 VARIIE
2007 4223 2414 4282 LECTIONES.

494 4395 547 4431 ⁸³
578 4395 697 4453 Inc.
737 4394 972 4466 Eeloga.
1022 4396 1067 4427 ⁸⁸
1100 4394 1212 4466 Ecl.
1246 4393 1345 4466 τὴν
1374 4395 1584 4466 οἰκείαν
1622 4394 1796 4464 ίσχύν.
1855 4394 1902 4427 ⁸⁸
1932 4393 2137 4466 Steph.
2163 4392 2626 4466 σουλ-πολιτικῷ.
2663 4395 2769 4452 Sed
2804 4403 2859 4452 et
2895 4393 3440 4466 Εοίρπολίτηιιεὺει.
3518 4393 3564 4425 ⁶⁶
3584 4391 3698 4466 Ecl.

431 4464 574 4547 ῌον.
607 4467 700 4547 49.
783 4462 1092 4547 'Z_S_cri_mg.
1119 4462 1481 4547 dno6..,'quod_
1495 4465 1549 4519 in
1584 4462 1746 4547 προϐ.
1776 4462 2081 4547 mutaverat
2113 4462 2532 4547 égy'l._Vet"iora
2566 4462 2936 4547 praestiterunt
2961 4465 3148 4521 Zuiclt.
3182 4462 3510 4547 einIeerm.
3552 4462 3606 4547 ,⁸⁸
3627 4463 3700 4547 li_-

426 4537 556 4592 dem
589 4537 714 4607 κάν.
806 4536 850 4567 ⁸⁸
887 4533 1066 4607 Vulgo
1097 4533 1391 4606 γεωργίας.
1441 4533 1682 4606 Reposui
1731 4536 2048 4606 γεναρχίας.

427 4605 891 4664 emendaverunt.

2130 4537 2176 4566 "°
2199 4533 2376 4606 Vulgo
2403 4533 2642 4605 ἑκάστην
2673 4538 2774 4610 τὴν
2802 4536 3026 4608 βλάϐην,
3056 4535 3202 4607 quod
3237 4534 3426 4605 Steph.
3461 4540 3517 4589 et
3541 4533 3696 4602 Agyl.

1990 4758 2226 4817 NOTAE.

505 4901 888 4977 (81-9)_M_atth.
918 4917 1078 4977 vl,__v.
1101 4901 1196 4977 25.

496 4969 618 5047 (10)
641 4969 838 5042 Cujac.
873 4972 941 5028 ad
998 4971 1133 5047 Nov.
1160 4969 1378 5047 -Justi‘n.
1408 4971 1498 5037 47,
1546 4971 1754 5047 colligit
1794 4986 1858 5026 ex
1902 4970 2009 5026 hoc

427 5041 559 5102 loco
595 5041 982 5113 juramentum
1001 5041 1068 5096 de
1092 5041 1368 5095 calumnia
1401 5057 1508 5113 non
1536 5057 1659 5096 esse
1675 5041 1742 5096 de
1760 5056 2011 5110 quacun-

2041 4905 2086 4959 D
2116 4902 2299 4966 modo,
2331 4901 2440 4956 ulla
2473 4901 2528 4957 in
2559 4915 2727 4958 causa
2753 4900 2964 4970 iurare.
3001 4899 3100 4954 Hic
3128 4899 3270 4956 adde
3296 4899 3334 4954 l.
3363 4899 3414 4966 1,
3442 4901 3479 4955 l.
3536 4902 3593 4967 2,
3628 4903 3693 4956 (Ξ.

2117 4972 2191 5027 De
2208 4972 2513 5041 jurament.
2550 4973 2789 5026 calumn.
2841 4971 2900 5025 lu
2929 4971 3312 5039 spiritualibus
3333 4970 3401 5025 de
3419 4971 3697 5027 calumnia

2109 5043 2287 5112 jurari
2354 5058 2465 5098 non
2517 5043 2636 5097 vult
2689 5041 2970 5109 Eugenius
3003 5055 3054 5096 c.
3100 5041 3155 5094 2.
3193 5050 3337 5096 extr.
3375 5041 3452 5097 De
3487 5041 3696 5112 juram.

429 5132 546 5184 que
579 5111 660 5177 re,
716 5113 812 5167 sed
865 5112 943 5184 de,
972 5111 1150 5184 litium
1209 5111 1625 5184 contestatione!
1663 5119 1904 5184 tantum,
1949 5119 2015 5184 et
2113 5111 2358 5184 ealumn.
2389 5112 2518 5184 i_n6.

430 5181 558 5240 dari
586 5185 641 5238 in
672 5184 860 5238 causis
898 5182 1154 5236 civilibus
1182 5189 1417 5247 tantum,
1455 5197 1562 5234 non
1614 5182 1668 5234 in
1705 5181 2012 5234 criminali-

433 5256 566 5316 bus.
601 5262 660 5307 ut
691 5255 792 5307 hac
813 5251 1033 5307 Novella
1065 5259 1306 5319 constat,
1334 5259 1389 5305 et
1432 5253 1546 5311 107.
1584 5251 1762 5315 infra;
1789 5266 1912 5304 nam
1955 5251 2012 5304 in

431 5323 828 5392 criminalibus
879 5320 1080 5378 sufficit
1119 5319 1784 5392 inscriptionFriderieus
1827 5329 2009 5392 tamen

431 5395 668 5449 constit.
732 5391 810 5446 De
861 5407 996 5462 pace
1029 5388 1308 5454 tenenda,'
1337 5401 1390 5444 et
1439 5389 1511 5444 De
1551 5388 2008 5462 incendiariis,id

431 5466 608 5518 etiam
629 5464 797 5532 exigit
825 5461 880 5516 in
910 5463 1095 5517 causis
1121 5462 1525 5532 criminalibus,
1575 5475 1683 5514 non
1715 5462 1823 5532 (ut_
1849 5461 2014 5529 pleri-

431 5528 889 5605 queiopina'ntur)
930 5533 1093 5588 etiam
1131 5530 1351 5605 llenric.
1403 5532 1441 5584 l.
1499 5531 1535 5583 2
1592 5528 1772 5605 legunt
1802 5528 2013 5605 Longo-

435 5598 948 5673 bardoirum,cuj'us
998 5602 1451 5673 constitutionem
1482 5598 1668 5673 retulit
1731 5598 2012 5673 Honorius

432 5689 488 5752 c_._
517 5673 575 5752 I_,
614 5671 687 5752 ρο
745 5668 1065 5752 juramento
1120 5672 1431 5726 calumniae.
1461 5668 1692 5752 _Nequ'e.
1725 5671 1871 5725 enim
1910 5671 2013 5751 hoc

434 5743 576 5798 dicit
615 5740 905 5808 Henricus,
938 5745 1195 5803 clericos,
1237 5757 1416 5811 neque
1460 5741 1521 5796 in
1549 5740 1719 5803 civili,
1747 5755 1924 5809 neque
1957 5740 2012 5793 in

2181 5183 2296 5252 (11)
2345 5178 2470 5235 Οἷον
2500 5181 2668 5253 εὐχὴν
2699 5179 2908 5249 ἱερὰν-ἥ
2952 5179 3218 5251 τελετήν.
3255 5187 3392 5248 etc.,
3417 5179 3535 5233 vid.
3557 5177 3696 5236 Nov.

2114 5250 2207 5313 89,
2242 5267 2408 5322 supra
2445 5250 2571 5322 eod.

2183 5318 2400 5393 (ιε-ιω
2433 5319 2577 5393 Gen.
2606 5337 2644 5387 ι,
2674 5335 2820 5393 vers.
2851 5319 2946 5383 28,
2974 5330 3104 5393 etc.
3152 5335 3228 5393 ix,
3251 5335 3416 5393 vers.
3447 5318 3500 5374 1.

2188 5389 2301 5463 (14)
2347 5390 2672 5463 Ἐοιτηυιαιιι
2733 5392 2975 5446 divinam
3034 5390 3289 5460 intelligit
3327 5406 3341 5442 :
3376 5389 3606 5444 Crescite
3651 5400 3701 5444 et

2121 5461 2419 5529 multiplica
2429 5461 2580 5513 mini.

2194 5528 2308 5602 (15)
2340 5531 2452 5603 Καὶ
2483 5530 2832 5603 τούμγένουςλ
2872 5531 3114 5603 ἑκάστην
3141 5530 3240 5602 τὴν
3287 5528 3511 5600 βλάϐην.
3577 5528 3699 5585 Scr.

2121 5600 2356 5690 ἑκάστου
2382 5602 2483 5725 τίὲν
2515 5600 2966 5684 βλάστηνηΑεγΙ.
3068 5600 3078 5603 ⁷
3198 5600 3207 5602 “
3322 5671 3333 5684 ⁸

2194 5672 2410 5725 (Ib-l7)
2480 5675 2687 5725 unucbt
2717 5674 2842 5725 SCII.
2861 5687 2988 5725 sues
3012 5671 3333 5725 nrocreandI

2194 5672 2410 5745 (l6:l7)
2434 5671 2687 5745 Eunuchi
2717 5672 2842 5745 scil.
2861 5671 2988 5745 spes
3012 5671 3334 5745 procreandi
3355 5671 3508 5745 deest
3527 5685 3703 5745 euntis

2121 5739 2248 5817 cbo.
2286 5739 2419 5817 Ejus
2455 5744 2639 5817 itaque
2677 5739 3322 5817 conjunctio'praecipua
3350 5741 3701 5814 conjunctio-

435 5813 718 5870 criminali
749 5829 922 5871 causa
951 5813 1140 5883 jurare
1166 5811 1235 5868 de
1272 5812 1571 5880 calumnia,
1601 5811 1696 5868 sed
1737 5812 1888 5866 nullo
1921 5825 2020 5867 eos
2133 5812 2220 5868 nis
2247 5813 2526 5879 voluptate
2559 5811 2908 5871 destituitur.
