4022 6438
335 403 444 469 619

1600 398 1876 459 LEONIS
1913 399 2378 461 PHILOSOPHI

3490 395 3594 460 69.0

338 514 536 568 iiiant?
565 509 729 582 quale
763 508 876 581 (18)
909 505 1243 564 sacriﬁcium
1276 503 1385 575 (l9)
1422 519 1612 559 eorum
1643 519 1911 574 aggrega-

2029 507 2190 578 μηδὲν
2208 507 2405 561 ὕπεστι
2433 506 2698 573 τοιοῦτον,
2737 506 2868 578 ποίᾳ
2905 507 3002 578 μὲν
3028 506 3342 579 ἀνθρωπίνῃ
3394 506 3591 576 εὐφρο-

340 604 540 657 tionem
565 595 1010 655 stabiliat‘iCum
1063 602 1248 650 autem
1305 594 1524 648 illormn
1585 593 1912 662 conjunetio

337 693 475 747 adeo
505 689 655 746 omni
683 688 1090 743 oblectamento
1112 693 1293 751 vacet,
1335 693 1390 740 et
1445 685 1911 748 consecrationis,

337 779 759 841 sacriﬁciorum,
810 774 1327 844 benedictionisque
1380 771 1516 826 adeo
1571 787 1682 825 non
1739 785 1912 841 capax

339 871 432 932 sit,
456 867 733 938 quomodo
753 865 810 920 in
854 865 1006 935 ipsos
1040 863 1378 918 matrimonii
1430 861 1726 932 appellatio
1772 875 1912 930 qua-

339 959 553 1015 drahit?
609 959 724 1013 lmo
786 956 1062 1027 quomodo
1121 970 1228 1010 non
1281 955 1465 1025 aliqua
1518 969 1641 1024 quae
1687 951 1914 1006 nefariis

339 1052 591 1116 debetur,
621 1049 787 1119 idque
808 1063 876 1104 ex
907 1048 1025 1117 lege
1056 1047 1209 1115 ipsos
1243 1060 1406 1116 ptena
1461 1042 1762 1112 sequetur?
1813 1043 1914 1094 At-

337 1160 446 1214 que
469 1141 706 1212 quod,ne
732 1139 803 1193 ab
837 1138 999 1192 initio
1029 1137 1253 1205 quidem
1292 1133 1706 1190 matrimonium
1732 1133 1914 1185 vocari

345 1235 550 1305 possit,
594 1230 838 1287 breviter
876 1231 951 1283 ita
993 1228 1202 1283 dictum
1260 1228 1355 1283 sit.
1397 1226 1503 1281 Sed
1563 1225 1738 1294 magis
1783 1238 1916 1276 exa-

338 1330 599 1395 ctiusque
625 1325 706 1380 rei
734 1322 1121 1393 indignitatem
1153 1321 1334 1375 oratio
1383 1321 1657 1388 exploret.
1709 1315 1912 1370 Rerum

342 1421 612 1477 Conditor
641 1432 768 1472 cum
807 1417 966 1469 initio
991 1429 1198 1468 marem
1227 1423 1281 1468 et
1319 1413 1579 1467 feminam
1621 1409 1914 1464 consocia-

343 1522 426 1568 ret
458 1511 526 1566 ad
556 1511 762 1580 largum
795 1507 941 1576 quod
975 1506 1098 1560 inde
1128 1507 1404 1560 exiturum
1420 1511 1587 1567 esset,
1609 1502 1918 1556 incremen-

344 1611 454 1656 tum
472 1597 1259 1670 respiciens,consociationem
1276 1596 1422 1649 illam
1438 1593 1702 1659 faciebat}
1707 1589 1918 1660 20-21).

344 1693 485 1758 Quin
537 1702 591 1745 et
645 1697 855 1742 natura:
904 1694 1045 1756 (qua:
1095 1695 1354 1754 tanquam
1405 1685 1625 1747 famula,
1651 1693 1916 1751 quantum

342 1789 600 1854 potest,a
649 1780 943 1835 Conditore
994 1777 1192 1831 tradita
1228 1785 1497 1847 praecepta
1544 1773 1822 1844 observat)
1862 1783 1921 1826 ut

2020 593 2156 664 σύνῃ
2189 594 2530 662 συνέλθοι⁷³;
2565 595 2697 666 ποία
2726 595 2771 648 δ’
2813 596 2934 666 ἱερᾷ
2977 594 3403 664 συνεπιλήψεται
3437 594 3592 647 τελε-

2015 685 2115 754 τῇς
2142 685 2288 738 οὕτω
2316 685 2371 739 δὲ
2401 687 2503 755 τῆς
2535 686 2832 754 συναφείας
2879 687 3169 756 όρωμένης
3207 685 3588 755 ἀνευφράντου

2017 776 2116 828 καὶ
2151 776 2370 846 ἀνιέρου
2403 777 2498 830 καὶ
2529 776 2824 830 ἀτελέστου
2855 779 2952 830 καὶ
2976 776 3282 847 ἀμεθέκτου
3319 775 3591 843 εὐλογίας,

2009 867 2135 929 πῶς
2153 869 2184 936 ἡ
2203 868 2472 939 γαμήλιος
2496 868 2692 936 κλῆσις
2715 868 2984 938 ἁρμόσει;
3014 866 3214 937 μᾶλλον
3244 867 3304 921 δὲ
3349 867 3470 929 πῶς
3496 867 3596 936 οὐχ
3667 932 3676 941 _

2017 959 2104 1010 οἵα
2137 960 2230 1010 καὶ
2271 959 2590 1029 ἐκθέσμῳτί
2623 952 2843 1022 κόλασις
2872 958 3065 1028 ἕψεται
3096 961 3128 1028 ἡ
3191 958 3285 1011 ἐπὶ
3335 961 3451 1020 τοῖς
3504 959 3596 1010 ὲκ-

2019 1049 2243 1120 θέσμοις
2275 1050 2630 1119 ὀφειλομένης
2680 1050 2794 1103 ἀλλ’
2823 1051 2906 1103 ὅτι
2952 1051 3050 1119 μὲν
3098 1050 3219 1103 οὐδὲ
3266 1049 3364 1121 τὴν
3421 1047 3599 1126 ἀρχὴν

2017 1141 2194 1209 γάμος
2221 1142 2438 1195 δύναιτο
2464 1142 2530 1195 ἂν
2550 1142 2828 1210 λέγεσθαι,
2849 1142 2923 1204 ὡς
2956 1143 3014 1194 ὲν
3037 1141 3193 1210 τύπῳ
3221 1140 3393 1203 οὕτως
3417 1155 3431 1169 ⁶
3464 1127 3600 1192 θεω-

2023 1235 2186 1303 ρείτω
2218 1233 2270 1286 δὲ
2299 1233 2500 1303 μᾶλλον
2521 1235 2548 1286 ό
2577 1233 2733 1301 λόγος
2759 1234 2854 1287 καὶ
2886 1233 3178 1304 ἀκριϐέστε
3189 1249 3282 1302 ρον
3335 1231 3436 1302 τὴν
3483 1231 3600 1284 ἀδι-

2021 1325 2144 1377 κίαν
2171 1325 2264 1376 τοῦ
2295 1326 2618 1395 πράγματος
2640 1343 2653 1354 ·
2690 1326 2753 1378 τὸ
2785 1327 2952 1395 ἄρσεν
2983 1327 3077 1378 καὶ
3135 1324 3269 1393 θῆλυ
3323 1323 3602 1394 συναρμό-

2021 1417 2210 1481 ζωνέξ
2235 1418 2408 1488 ἀρχῆς
2440 1419 2468 1469 ὁ
2499 1418 2751 1488 Πλάστης
2799 1417 2936 1488 πρὸς
2988 1415 3081 1468 τὸν
3129 1414 3338 1468 ἐκεῖθεν
3391 1414 3601 1485 πληθυ-

2022 1509 2160 1577 σμδν
2203 1509 2418 1579 ἀφορῶν
2464 1509 2686 1562 διετίθει
2729 1509 2829 1580 τὴν
2881 1507 3308 1578 συναρμοστίαν,
3343 1508 3438 1560 καὶ
3497 1508 3603 1576 μὴν

2022 1604 2114 1654 καὶ
2134 1605 2199 1671 τῇ
2225 1601 2385 1670 φύσει
2423 1602 2676 1671 (καθόσον
2704 1601 2929 1655 δυνατὸν
2954 1595 3042 1654 οἷα
3061 1600 3224 1671 δούλῃ
3252 1600 3446 1664 σώζειν
3478 1600 3606 1662 τοὺς

2024 1692 2346 1763 δεδομένους
2375 1693 2528 1764 παρὰ
2558 1692 2653 1744 τοῦ
2687 1693 2972 1755 κτίσαντος
3008 1691 3223 1760 λόγους)
3256 1691 3460 1754 σκοπὸς
3509 1691 3598 1742 ἐπ’

2022 1783 2197 1854 τούτῳ
2231 1785 2475 1854 γαμικὴν
2505 1785 2723 1854 ὁμιλίαν
2755 1781 3130 1848 συνίστασθαι,
3153 1783 3237 1850 ἐφ’
3287 1777 3332 1850 ᾧ
3363 1782 3472 1834 τῶν
3501 1798 3601 1850 γε·⁸

345 1877 399 1929 iu
433 1874 535 1928 hoc
565 1871 916 1943 lmatrimouii
954 1869 1308 1924 Consuetudo
1370 1867 1603 1930 ineatur,
1648 1881 1757 1934 quo
1811 1863 1920 1932 (29.)

2029 1876 2130 1928 νῶν
2167 1877 2442 1947 ήδιαδοχὴ
2470 1878 2648 1947 προϊοι
2673 1877 2868 1947 μέχρις
2899 1877 2965 1929 ἂν
3013 1876 3081 1928 δι’
3124 1876 3294 1945 αὐτῆς
3343 1877 3373 1929 ὁ
3414 1874 3604 1935 κτίσας

343 1966 550 2023 sobolis
583 1963 898 2035 procreatio
927 1961 1213 2033 procedat,
1252 1957 1661 2030 quoadquidem
1698 1961 1766 2010 ah
1801 1957 1919 2026 ipsa

345 2059 456 2112 tale
503 2055 871 2110 ministerium
905 2053 1158 2107 conditor
1201 2053 1448 2122 praestari
1484 2051 1632 2111 velit,
1671 2048 1921 2117 proposi-

345 2156 460 2203 tum
490 2154 594 2203 est.
627 2144 685 2200 Si
711 2145 878 2217 igitur
929 2143 1013 2198 vel
1056 2144 1145 2198 hic
1189 2143 1331 2212 quod
1395 2145 1605 2194 natura:
1637 2139 1921 2203 Conditor,

348 2244 576 2312 ipsaque
610 2251 807 2294 natura
841 2239 1011 2292 voluit
1042 2246 1290 2308 apparet,
1317 2234 1466 2305 quod
1513 2234 1920 2303 prohibemluut

347 2333 624 2396 ducimus,
654 2345 722 2385 ne
753 2329 1146 2399 prohibeatur:
1179 2328 1266 2382 sin
1318 2328 1502 2379 minus
1528 2327 1611 2392 (ut
1643 2332 1794 2378 certe
1836 2321 1924 2375 ni-

347 2420 424 2474 hil
463 2415 778 2473 istiusmodi
799 2424 908 2479 est,
952 2415 1048 2470 sed
1103 2413 1384 2468 contraria
1431 2412 1635 2475 eninia,
1685 2418 1740 2464 et
1774 2412 1924 2462 nulla

348 2505 417 2560 ad
438 2503 770 2574 implendam
806 2501 1022 2555 Domini
1059 2501 1398 2553 voluntatem
1431 2501 1513 2552 vis
1543 2507 1595 2550 et
1615 2498 1736 2566 ejus
1757 2512 1924 2565 gene-

349 2600 450 2664 ris,
486 2594 746 2666 quiddam
768 2593 910 2662 quod
935 2601 1130 2646 natura
1155 2607 1261 2646 non
1292 2590 1603 2660 agnoscat),
1623 2604 1794 2658 quare
1819 2604 1926 2642 non

351 2686 604 2740 omnibus
668 2681 847 2735 modis
902 2679 1264 2748 prohibetur?
1313 2678 1470 2742 Quod
1528 2678 1573 2730 si
1628 2675 1752 2744 quis
1799 2691 1928 2729 con-

351 2775 691 2833 tentionibus
703 2772 985 2860 gaudens,
1041 2771 1191 2825 dicat
1239 2770 1286 2823 si
1329 2778 1554 2840 pr0pter
1580 2768 1927 2823 sterilitatem

357 2867 602 2924 eunuchi
651 2881 682 2920 a
747 2865 1004 2934 conjugio
1060 2863 1462 2929 secluduntur,
1525 2864 1712 2918 multis
1761 2861 1927 2918 etiam

351 2962 474 3015 aliis
505 2959 819 3029 conjugium
864 2955 1120 3010 interdici
1147 2955 1376 3019 debere,
1412 2970 1536 3008 cum
1585 2970 1692 3008 non
1736 2969 1931 3009 omnes

351 3052 664 3121 quicunque
694 3051 751 3103 in
777 3049 1094 3118 coniugium
1136 3056 1339 3102 coeunt
1392 3045 1630 3102 fetillcos
1674 3062 1736 3102 se
1788 3063 1926 3118 prae-

353 3152 502 3198 stent
533 3143 641 3198 :ad
669 3142 1073 3195 contentionem
1122 3141 1175 3193 in
1217 3147 1472 3208 promptu
1500 3150 1582 3194 est
1618 3141 1927 3208 responsio,

354 3231 502 3302 quod
578 3231 796 3285 tametsi
870 3230 1054 3285 nullus
1133 3245 1195 3282 ex
1276 3228 1345 3283 iis
1427 3228 1571 3283 fetus
1650 3231 1906 3299 gignatur

354 3341 463 3380 non
505 3335 683 3378 tamen
717 3323 770 3376 in
808 3321 912 3376 hoc
945 3321 1266 3391 congregati
1310 3320 1444 3384 sint,
1483 3336 1550 3374 ne
1574 3337 1736 3388 quam
1777 3337 1930 3374 com-

354 3415 507 3469 muni
550 3412 679 3468 vita:
711 3413 1006 3467 utilitatem
1061 3412 1367 3481 coniugalis
1408 3413 1620 3480 copulae
1660 3413 1928 3469 aﬂ‘erant:

354 3520 479 3558 cum
513 3503 698 3573 potius
725 3511 919 3557 contra
952 3500 1419 3571 procreandorum
1446 3503 1745 3557 liberorum
1773 3503 1924 3559 desi-

357 3597 511 3652 derio
529 3604 896 3665 congregatos
927 3602 1168 3658 constet,
1198 3609 1340 3663 quos
1365 3593 1620 3648 cﬂ‘eetum
1656 3596 1932 3651 desiderio

353 3702 750 3757 responsurum
773 3687 1067 3756 epinantcs
1121 3687 1177 3740 in
1209 3696 1408 3742 eventu
1461 3703 1590 3758 spes
1636 3688 1930 3745 fefellerit:

355 3779 447 3833 hic
481 3792 611 3832 vero
641 3787 699 3830 ut
730 3778 841 3832 tale
875 3777 1082 3846 aliquid
1114 3777 1224 3832 dici
1247 3780 1444 3848 possit,
1476 3783 1812 3849 permultum
1839 3781 1935 3834 ab-

355 3872 450 3935 sit,
483 3883 608 3924 cum
633 3869 728 3939 qui
758 3869 826 3924 ad
877 3870 1220 3938 peregrinam
1281 3871 1431 3924 illam
1490 3873 1932 3928 commistionem

353 3970 774 4026 convenerunt,
858 3960 1069 4030 liquido
1137 3962 1372 4016 scientes
1432 3976 1492 4016 se
1567 3963 1788 4017 steriles
1867 3977 1932 4015 ac

361 4053 429 4106 ad
457 4052 792 4123 gignendum
827 4050 1052 4106 inutiles
1081 4052 1400 4118 convenire,
1436 4060 1649 4105 natura:
1673 4052 1936 4122 quasiin-

359 4143 544 4196 sidiati
576 4145 708 4196 sint.
738 4143 968 4198 Acsane
997 4143 1068 4196 ob
1124 4143 1228 4196 hoc
1280 4143 1550 4196 duntaxat
1592 4143 1722 4197 odio
1769 4143 1934 4198 etiam

360 4234 522 4288 ambo
557 4231 705 4302 digni
730 4241 896 4286 sunt:
935 4234 1132 4288 mulier
1159 4234 1302 4302 quod
1325 4249 1449 4288 cum
1474 4234 1785 4304 conjugalis
1811 4249 1939 4288 con-

360 4323 672 4380 suetudinis
705 4326 903 4394 cupida
960 4325 1198 4381 fecundo
1257 4341 1317 4380 se
1360 4330 1591 4397 jungere
1643 4328 1935 4397 potuisset,

361 4416 718 4471 infecundum
764 4428 820 4472 et
876 4419 1119 4473 sterilem
1153 4419 1454 4490 praetulerit
1488 4421 1810 4476 :eunuchus
1843 4435 1937 4475 ve-

361 4523 447 4574 ro,
473 4507 622 4578 quod
656 4518 714 4562 ut
743 4509 798 4562 in
830 4523 1030 4563 vanum
1063 4511 1339 4578 ,Dominus
1367 4511 1729 4576 benediceret,
1761 4515 1936 4584 impo-

364 4601 534 4656 tentia
596 4615 697 4655 sua
763 4600 1022 4656 effecerit.
1088 4601 1146 4656 Si
1202 4604 1327 4673 quis
1374 4619 1538 4674 porro
1587 4605 1814 4660 fundum
1869 4621 1936 4661 ex

361 4709 472 4763 quo
502 4693 642 4749 alius
664 4694 867 4765 aliquis
907 4693 1124 4749 fructus
1149 4703 1317 4760 meat,
1344 4705 1544 4760 vastet,
1569 4710 1623 4752 et
1659 4698 1930 4753 incultum

364 4783 659 4851 relinquat,
684 4800 752 4838 an
785 4786 930 4838 hunc
963 4793 1222 4854 tanquam
1276 4786 1499 4852 malum,
1532 4797 1694 4856 atque
1746 4790 1936 4858 perni-

363 4873 574 4928 ciosum
600 4874 728 4948 odio
749 4875 1096 4939 habebimus,
1124 4875 1376 4946 ejusque,
1403 4877 1448 4933 si
1481 4878 1596 4931 licri
1623 4890 1820 4947 potest,
1851 4879 1936 4932 in-

2026 1968 2270 2038 βούλοιτο
2298 1970 2396 2038 τὴν
2424 1967 2673 2038 τοιαύτην
2704 1967 2796 2021 ὑπ’
2828 1967 3001 2034 αὐτῆς
3041 1966 3388 2036 λειτουργίαν
3419 1965 3606 2018 διακο-

2023 2059 2252 2112 νεῖσθαι.
2290 2058 2354 2111 El
2381 2058 2475 2112 οὖν
2505 2058 2618 2110 ἔστι
2645 2057 2923 2112 κάνταῦθα
2955 2057 2983 2110 ὃ
3011 2059 3104 2110 καὶ
3131 2056 3210 2126 τῷ
3265 2057 3486 2129 Πλάστῃ
3507 2058 3607 2124 τῆς

2025 2151 2239 2220 φύσεως
2267 2153 2359 2204 καὶ
2397 2153 2464 2222 τῇ
2503 2149 2662 2219 φύσει
2686 2151 2957 2219 νενόηται,
2988 2149 3064 2220 μὴ
3087 2147 3384 2200 κωλυέσθω
3415 2146 3474 2200 τὸ
3498 2163 3608 2198 κω-

2023 2242 2284 2312 λυόμενον
2317 2260 2330 2272 ο
2371 2241 2487 2295 εἶδ’
2518 2243 2618 2294 οὐκ
2665 2241 2816 2294 ἐστιν
2857 2239 3067 2310 (ὥσπερ
3099 2238 3207 2292 οὐδ’
3251 2238 3420 2300 ἔστιν,
3472 2235 3609 2290 ἀλλὰ

2025 2337 2134 2387 πᾶν
2162 2334 2492 2398 τούναντίον,
2523 2333 2727 2404 ἄπορον
2747 2332 2843 2401 μὲν
2872 2333 2953 2393 είς
2983 2331 3265 2401 πλήρωσιν
3282 2332 3378 2400 τῆς
3405 2334 3611 2382 Δεσπο-

2025 2425 2187 2493 τικῆς
2249 2422 2468 2494 βουλῆς,
2508 2425 2740 2492 ἔκφυλον
2776 2423 2833 2476 δὲ
2882 2422 2976 2474 καὶ
3005 2415 3116 2474 οἷον
3171 2422 3246 2492 μὴ
3288 2420 3528 2488 ἔγνωκεν
3575 2420 3609 2489 ἡ

2029 2513 2235 2583 φύσις),
2268 2514 2382 2577 πῶς
2408 2515 2468 2565 οὐ
2492 2514 2657 2566 παντὶ
2684 2511 3063 2582 κωλυθήσεται
3093 2511 3314 2582 τρόπῳ;
3353 2513 3414 2564 Εἰ
3440 2511 3497 2563 δε
3525 2525 3611 2573 τις

2027 2608 2174 2675 λέγοι
2197 2607 2256 2658 τὸ
2285 2607 2610 2674 φιλονεικεῖν
2641 2605 2738 2674 ἡδὺ
2767 2605 3109 2674 ποιούμενος,
3148 2604 3222 2668 ὡς
3249 2605 3300 2656 εἴ
3324 2621 3387 2671 γε
3421 2604 3511 2657 διὰ
3549 2601 3613 2655 τδ

2029 2701 2221 2768 ἄγονον
2253 2697 2602 2751 ἀποκλείεται
2661 2700 2865 2768 γαμεῖν
2918 2699 3218 2767 εὐνούχοις,
3260 2696 3471 2750 πολλῶν
3519 2698 3614 2750 καὶ

2031 2791 2208 2844 ἄλλων
2265 2789 2646 2854 ἁποκωλύσεις
2706 2791 2919 2861 γάμους
2961 2791 3043 2861 (οὐ
3095 2792 3206 2860 γὰρ
3248 2791 3466 2856 πάντες,
3497 2791 3614 2844 ὅσοι

2032 2883 2168 2954 πρὸς
2214 2883 2497 2935 κοινωνίαν
2546 2881 2820 2954 ἔρχονται,
2881 2883 3142 2954 τοιαύτην
3180 2883 3365 2954 φύσιν
3399 2886 3463 2938 ὲκ
3514 2885 3613 2954 τῆς

2033 2973 2315 3037 κοινωνίας
2349 2973 2602 3043 ἔδειξαν),
2629 2973 2765 3044 πρὸς
2808 2972 2906 3043 τὴν
2957 2974 3293 3042 φιλονεικίαν
3339 2974 3612 3044 ἔτοιμοςὴ

2031 3065 2340 3134 ἀπόκρισις,
2375 3065 2455 3116 ὅτι
2496 3065 2580 3116 ἐπ’
2614 3065 2839 3119 ἐκείνων
2892 3065 3014 3136 μὲν,
3047 3069 3096 3119 εί
3154 3067 3248 3120 καὶ
3281 3067 3357 3136 μὴ
3406 3065 3615 3135 καρπὸς

2036 3159 2250 3228 φύεται,
2278 3160 2392 3212 ἀλλ’
2424 3159 2514 3214 οὖν
2543 3160 2642 3212 οὐκ
2662 3160 2756 3212 ἐπὶ
2781 3159 2956 3230 τούτῳ
3007 3159 3269 3228 συνῆλθον
3313 3159 3424 3213 οὐδ’
3475 3158 3616 3211 ὥστε

1914 3271 1930 3297 ’
1959 3238 2001 3295 c
2039 3255 2114 3324 μὴ
2137 3254 2412 3324 δοῦναιτῷ
2447 3254 2546 3324 βίῳ
2578 3255 2674 3324 τῆς
2701 3255 2947 3323 γαμικῆς
2992 3253 3272 3324 γεωργίας
3325 3253 3616 3322 ὠφέλειαν,

2033 3345 2170 3398 ἀλλέι
2197 3345 2356 3414 δῆλον
2380 3347 2455 3408 ὡς
2501 3345 2652 3415 πόθῳ
2697 3345 2794 3416 μὲν
2829 3344 3172 3408 παιδοποιίας
3193 3385 3208 3408 ,
3258 3344 3617 3413 ὑπειληφότες

2032 3437 2088 3489 δὲ
2110 3439 2191 3490 ὅτι
2231 3437 2367 3508 πρὸς
2398 3437 2561 3508 ἔργον
2585 3439 2612 3490 ὁ
2641 3438 2802 3501 πόθος
2827 3439 3088 3508 χωρήσω,
3123 3441 3171 3491 εί
3225 3439 3319 3491 καὶ
3364 3437 3496 3508 πρὸς
3527 3435 3617 3489 ἐκ·

2035 3525 2190 3577 ϐασιν
2211 3526 2483 3594 ἠτύχησεν
2510 3526 2542 3593 ἡ
2578 3523 2734 3588 ἐλπίς
2756 3541 2768 3552 ·
2804 3525 3038 3578 ἐνταῦθα
3073 3526 3130 3578 δὲ
3158 3526 3259 3578 οὐκ
3291 3524 3406 3578 ἔστι
3439 3523 3619 3577 τοιοῦ-

2033 3629 2124 3664 τον
2149 3612 2323 3664 είπεῖν
2357 3611 2576 3680 (πολλοῦ
2610 3628 2673 3678 γε
2706 3611 2802 3663 καὶ
2820 3612 2943 3681 δεῖ),
2975 3612 3090 3665 ἀλλ’
3143 3611 3389 3682 ἀκριϐῶς
3419 3611 3617 3674 εἰδότες

2034 3705 2309 3757 οίκατὰ⁷³
2336 3705 2432 3774 τὴν
2497 3703 2728 3771 ἔκφυλον
2762 3705 3036 3767 συνιόντες
3094 3705 3263 3774 μῖξιν,
3311 3705 3386 3768 ὼς
3433 3706 3617 3772 ἄγονοι

2035 3793 2130 3844 καὶ
2157 3792 2416 3862 ἄκαρποι,
2449 3792 2536 3844 ἐπ’
2554 3790 2684 3843 αὐτὸ
2709 3791 2866 3844 τοῦτο
2897 3795 2990 3844 καὶ
3020 3793 3299 3864 συνῆλθον,
3327 3793 3419 3845 καὶ
3448 3791 3618 3845 καθά.-

2036 3896 2141 3950 περ
2177 3882 2244 3949 τῇ
2313 3879 2469 3944 φύσει
2512 3877 2954 3944 ἐπιϐουλεύοντες
2991 3880 3054 3934 7‘.
3109 3881 3434 3950 Ἀμφότεροι
3507 3879 3617 3932 τοί-

2035 3987 2130 4024 νυν
2160 3971 2253 4025 καὶ
2271 3970 2412 4023 κατὰ
2441 3970 2596 4023 τοῦτο
2641 3973 2804 4039 μόνον
2857 3973 3099 4041 μισητοὶ,
3146 3975 3179 4042 ἡ
3224 3973 3345 4042 μὲν,
3374 3973 3457 4025 δτι
3500 3971 3618 4036 ἐξὸν

2038 4063 2196 4133 αὐτῇ,
2232 4064 2390 4129 εξτὴν
2411 4064 2498 4116 διὰ
2519 4065 2700 4133 γάμου
2731 4063 2998 4132 ἐπόθησεν
3021 4063 3263 4132 ὁμιλίαν,
3289 4064 3618 4132 κοινωνῆσαι

2036 4153 2244 4224 γονίμῳ
2279 4155 2560 4224 φύ-σειτὴν
2591 4156 2785 4223 ἄγονον
2845 4154 3118 4224 ἠλλάξατο
3152 4157 3248 4207 καὶ
3287 4157 3408 4206 ea"
3446 4154 3616 4224 ἄκαρ-

2036 4261 2156 4305 πον,
2182 4246 2210 4297 ὁ
2238 4244 2314 4308 δὲ,
2343 4244 2418 4307 ὼς
2453 4248 2517 4316 τῇ
2552 4245 2744 4297 ἑαυτοῦ
2775 4244 3049 4315 ἀχρηστίᾳ
3087 4245 3385 4315 περιιστῶν
3420 4247 3498 4308 είς
3558 4245 3618 4297 τὸ

2037 4336 2310 4405 ἄχρηστον
2339 4337 2588 4404 εὐλογίας
2619 4339 2862 4404 ἐνεγκεῖν
2890 4335 2966 4407 τῷ
2992 4338 3301 4407 ποιήσαντι.
3333 4333 3464 4390 Εἶτα
3525 4339 3617 4394 καὶ

2040 4426 2222 4496 χώραν
2251 4427 2371 4496 μὲν,
2405 4428 2463 4493 ἐξ
2500 4421 2566 4497 ἥς
2617 4427 2681 4478 ἄν
2711 4444 2795 4489 τις
2833 4426 3020 4497 ἕτερος
3069 4427 3282 4498 καρπὸν
3337 4425 3615 4498 δρέψαιτος,

2041 4517 2200 4580 εἴτις
2221 4518 2414 4587 ὀφθείη
2438 4518 2928 4588 διαλυμαινόμενος
2959 4519 3052 4570 καὶ
3101 4519 3241 4590 πρὸς
3294 4519 3355 4572 τὸ
3381 4521 3551 4589 ἀργὸν
3572 4519 3618 4552 ⁷⁸

2041 4611 2174 4679 αὐτῇ
2213 4607 2517 4679 χρώμενος,
2547 4608 2623 4671 ὠς
2658 4607 2896 4678 πονηρὸν
2941 4609 3034 4660 καὶ
3079 4608 3336 4678 λυμεῶνα
3390 4611 3615 4678 μισήσοί

2043 4717 2141 4770 μεν
2166 4703 2258 4752 καὶ
2279 4701 2328 4751 εἰ
2358 4699 2578 4751 δυνατὸν
2611 4699 2876 4768 ὲφέξομεν
2909 4698 3076 4752 αὐτοῦ
3121 4701 3218 4770 τὴν
3269 4698 3615 4770 προαίρεσιν,

2041 4792 2130 4842 τὸν
2153 4791 2197 4842 δ’
2227 4790 2387 4852 εἴτις
2424 4789 2484 4852 ἐξ
2514 4783 2583 4859 ἧς
2635 4791 2662 4841 ὁ
2686 4789 2907 4857 λογικὸς
2956 4788 3358 4842 ἁναϐλαστάνει
3416 4787 3615 4856 στάχυς

2045 4879 2228 4948 χώραν
2255 4879 2516 4949 ἐξερημοῖ
2549 4881 2644 4932 καὶ
2694 4879 2968 4949 ἄχρηστον
3017 4879 3281 4945 δείκνυσι,
3317 4877 3495 4950 τούτῳ
3545 4877 3617 4940 ὡς

1640 5043 1874 5098 νΑιιιΕ
1897 5044 2300 5101 LECTIONES.

366 5247 377 5257 ἱ
431 5177 476 5260 ’ξ
509 5175 1119 5260 Οεοῃὺτυεςειιςοηίιξ
1149 5181 1282 5260 tota
1311 5182 1414 5260 μὲν
1460 5183 1776 5260 ἀνθρωπίνη
1809 5183 2113 5260 εὐφροσύνη
2148 5183 2396 5260 συνέλθοι
2425 5200 2439 5248 ;
2473 5185 2600 5260 ποία
2635 5185 2680 5238 δ’
2737 5187 3143 5260 ίερᾲέτελετή.
3173 5259 3181 5260 7
3219 5191 3270 5222 "
3300 5189 3452 5259 Agyl.
3506 5192 3615 5244 vult

448 5245 709 5346 ἕεσμιοῦᾌ.
757 5243 994 5346 ’τῖ’(ἶιξιιιιἶ
1025 5243 1153 5346 Scal;
1175 5243 1363 5346 Steph.
1394 5261 1448 5306 et
1485 5243 1637 5332 Ag'yl.
1686 5243 1776 5334 εἰς’
1826 5243 2140 5346 ομιὲιξςοίιιὶ.
2166 5323 2176 5334 .
2211 5255 2264 5346 '1
2285 5253 2398 5346 Nisi
2427 5243 2695 5346 'verl‘i‘um.
2719 5243 3616 5346 όςέἱι,ἐπιϐουλεύουσινιῖοει-Γίιιι.

447 5315 636 5386 Steph.
662 5326 717 5372 et
768 5319 922 5389 Agyl.
945 5320 1044 5390 τὴν
1069 5315 1358 5388 legendum
1397 5315 1892 5377 esse'existimant.
1969 5325 2014 5354 ⁷³
2044 5323 2200 5393 Couj.
2236 5326 2520 5395 Stephani.
2547 5326 2718 5380 Codd.
2749 5315 2939 5399 ἄκρον.

1875 5480 2108 5542 ΝΟΤᾸΕ.

431 5589 554 5675 (18)
580 5599 746 5675 Quasi
769 5601 934 5675 dicat,
963 5618 1127 5675 vana_
1149 5610 1243 5675 et__
1270 5602 1423 5657 irrita
1451 5605 1557 5657 erit
1610 5606 1852 5675 precatio
1881 5615 1936 5659 et

363 5666 628 5743 formula:
661 5671 894 5743 Crescite
918 5682 968 5725 et
1017 5671 1465 5743 multiplicamini,
1490 5675 1539 5730 si
1555 5666 1795 5733 eunuchi
1827 5692 1932 5730 nu-

365 5739 492 5805 ptiis
523 5739 888 5796 benedixeris.

432 5806 543 5875 (t9)
572 5805 738 5863 Moris
768 5812 916 5866 enim
947 5819 1060 5865 erat
1085 5813 1425 5871 sacriﬁcium
1443 5814 1588 5881 fieri,
1627 5815 1737 5870 vid.
1789 5816 1930 5872 Nov.

2044 5609 2137 5670 89,
2165 5625 2210 5660 ς.
2248 5611 2369 5663 eod.

2118 5679 2333 5750 (90-21)
2363 5679 2498 5735 Gen.
2522 5698 2559 5745 ι,
2591 5692 2734 5738 vers.
2757 5683 2849 5737 28.

2119 5751 2232 5823 (22)
2260 5751 2418 5822 Isque
2439 5753 2779 5809 matrimonii
2797 5756 2920 5811 ﬁnis
2949 5758 3280 5830 praecipuus.
