4022 6476
351 357 459 420 623
588 330 591 333 λ
1575 343 1857 409 LEONIS
1886 342 2351 405 PHILOSOPHI
3501 341 3611 407 624

348 487 571 546 cunque
599 471 667 527 ad
697 471 872 528 bonos
911 482 1095 525 mores
1120 466 1415 539 pertinent,
1460 463 1579 519 haec
1610 472 1665 518 et
1694 459 1929 531 singulis

2031 459 2272 529 τρόπων,
2320 477 2496 515 ταυτα
2557 459 2654 514 καὶ
2700 459 2782 513 ἐνὶ
2826 459 3043 531 ἐκάστῳ
3082 459 3176 514 καὶ
3209 457 3289 531 τῷ
3319 457 3486 531 κοινῷ
3506 460 3613 529 τῆς

349 575 406 625 et
435 567 712 627 universae
766 561 1108 633 reipublicae,
1179 573 1303 630 quae
1334 573 1364 612 a
1390 573 1476 613 me
1495 555 1562 610 ad
1602 550 1928 610 invenienda

2034 551 2313 615 πολιτείας
2359 551 2532 623 εὐχὴν
2579 552 2675 606 καὶ
2726 551 3015 623 ἀγώνισμα
3063 552 3285 623 τίθεμαι
3332 555 3430 607 καὶ
3477 555 3608 626 παρ’

350 657 647 715 dummodo
668 653 896 725 possim,
930 659 1025 707 aut
1051 651 1120 706 ab
1158 650 1282 705 aliis
1315 648 1536 703 inventa
1562 646 1614 699 in
1651 643 1928 714 publicum

2032 642 2273 713 ἐμαυτοῦ
2311 644 2817 716 προσεξευρίσκειν,
2840 645 2894 697 εί
2909 644 3247 713 τι,δυναίμην
3272 645 3339 709 ⁸⁵,
3362 645 3460 699 καὶ
3479 648 3611 718 παρ’

352 765 513 806 usum
538 746 859 804 deducenda
892 751 1079 815 petant
1106 749 1162 797 et
1214 739 1571 803 contendant,
1603 737 1659 792 in
1689 734 1929 790 medium

2037 733 2216 788 ἄλλων
2252 734 2631 807 ἐξευραμένων
2647 734 2694 767 ⁸⁸
2722 734 2822 807 τὴν
2866 736 3075 790 οἰκείαν
3139 737 3401 806 παρέχειν
3461 737 3610 806 ὠφέ-

349 851 517 909 pono.
547 834 627 889 Ac
654 833 864 889 idcirco
901 846 1067 902 supra
1097 830 1236 886 alias
1292 829 1410 883 haec
1451 826 1615 883 etiam
1668 826 1779 890 lex,
1810 838 1933 894 quae

2102 843 2204 879 ιαν.
2231 825 2331 881 Διά
2352 825 2512 880 τοῦτο
2546 829 2638 881 ἐπὶ
2684 830 2798 892 τοῖς
2832 828 3014 891 ἀλλοις
3062 828 3159 881 καὶ
3206 822 3364 891 οὗτος
3402 830 3536 899 ἡμῖν
3583 832 3613 883 ό
3684 885 3690 891 ,

348 943 475 986 eum
504 927 598 998 qui
626 926 864 996 aliquem
884 923 951 978 ad
966 922 1266 993 jurandum
1316 920 1506 992 adigit,
1531 935 1593 976 se
1635 918 1748 990 (40)
1780 916 1932 972 nullo

2033 919 2198 988 νόμος
2233 913 2347 972 οἷον
2392 919 2735 990 ἀποφθαρεὶς
2766 921 2951 991 τυχεῖν
3008 918 3360 982 ἀναϐιώσεως
3411 918 3609 985 ἔδοξεν,

349 1017 479 1074 dolo
503 1015 676 1083 malo,
725 1027 906 1085 neque
961 1010 1272 1068 lacessendi
1342 1009 1546 1082 negotii
1604 1008 1811 1073 animo,
1835 1005 1931 1061 sed

2032 1008 2092 1073 ὃς
2132 1009 2347 1063 κελεύει
2373 1010 2467 1063 τὸν
2518 1011 2600 1074 εἰς
2626 1010 2875 1080 ἀνάγκην
2902 1010 2998 1064 τοῦ
3049 1010 3281 1080 ὀμνύναι
3310 1010 3435 1065 τινὰ
3478 1012 3613 1065 καθ-

349 1119 413 1167 ut
434 1110 540 1176 rei,
571 1109 735 1178 cujus
757 1105 1116 1177 ambiguitate
1157 1104 1301 1159 ratio
1330 1104 1506 1175 ipsius
1530 1110 1751 1164 aestuat,
1782 1098 1930 1153 veri-

2036 1099 2273 1155 ιστῶντα
2307 1100 2471 1155 αὐτὸν
2512 1101 2889 1171 ἐπομόσασθαι
2922 1102 3189 1173 πρότερον
3210 1097 3247 1171 ἦ
3284 1101 3391 1172 μὴν
3430 1101 3492 1154 οὐ
3516 1118 3614 1154 κα-

348 1212 519 1259 tatem
541 1208 864 1273 cognoscat,
871 1197 1266 1268 jusjurandum
1297 1196 1539 1267 exigere,
1562 1194 1718 1266 prius
1739 1192 1934 1263 jurare

2036 1191 2272 1263 κουργίᾳ
2296 1192 2388 1245 τὸν
2432 1193 2598 1263 ὅρκον
2645 1194 2839 1253 αἰτεῖν.
2876 1192 2986 1247 οὐδ’
3032 1193 3141 1246 ἀπὸ
3166 1192 3394 1263 γνώμης
3442 1193 3616 1246 δολιό-

286 1274 290 1277 ’
342 1294 500 1365 jubet
528 1310 543 1347 :
573 1308 700 1349 cum
739 1290 889 1346 velut
914 1288 1252 1359 disperierit,
1299 1301 1423 1358 quae
1449 1287 1739 1342 reviviscat
1771 1283 1874 1352 dign

2033 1300 2157 1354 τητι
2178 1285 2226 1316 ⁸⁸
2256 1285 2604 1356 κινουμένης,
2627 1285 2763 1339 ἀλλὰ
2781 1284 3055 1356 ζητούσης
3077 1284 3262 1339 πίστιν
3274 1285 3462 1339 λαϐεῖν
3479 1284 3612 1355 περὶ

347 1385 465 1440 visa
486 1392 591 1440 est.
624 1382 760 1438 Cum
800 1381 946 1437 enim
975 1379 1028 1435 id
1049 1379 1331 1436 decretum
1357 1388 1507 1434 recte
1566 1374 1935 1433 veterioribus

2035 1371 2112 1431 ὧν
2161 1377 2195 1447 ἡ
2240 1375 2544 1447 ἀμφιϐολία
2585 1377 2839 1446 κυμαίνει
2896 1376 3024 1440 τοὺς
3058 1376 3372 1448 λογισμούς.
3415 1377 3614 1440 Καλῶς

351 1474 674 1544 placuisset,
698 1470 1037 1528 recentiores
1067 1469 1191 1538 ejus
1212 1469 1528 1523 cautionem
1566 1464 1931 1536 negligentes,

2036 1469 2147 1539 γὰρ
2179 1468 2276 1521 τοῦ
2298 1468 2546 1522 τοιούτου
2580 1469 2626 1501 ⁸⁷
2656 1467 3027 1538 θεσπίσματος
3058 1467 3310 1533 δόξαντος
3356 1471 3470 1532 τοῖς
3515 1470 3617 1540 ἀρ-

349 1565 534 1620 delato
558 1560 943 1633 jurejurando,
970 1574 1000 1613 a
1059 1573 1169 1627 quo
1205 1558 1461 1628 exigitur,
1518 1556 1667 1611 hunc
1712 1554 1767 1608 id
1801 1552 1936 1608 sub-

2043 1562 2370 1633 χαιοτέροις,
2417 1562 2467 1615 οἰ
2526 1560 2780 1632 νεώτεροι
2840 1560 2994 1631 παρά
3046 1559 3250 1629 φαῦλον
3301 1559 3521 1629 θέμενοι
3556 1562 3618 1613 τὸ

351 1658 433 1712 ire
484 1654 714 1712 volunt:
746 1651 840 1724 qui
892 1666 1025 1709 vero
1070 1649 1265 1722 exigit,
1293 1649 1362 1705 de
1406 1663 1475 1705 eo
1518 1646 1659 1704 nihil
1708 1642 1932 1702 solliciti

2036 1654 2248 1709 ἐκεῖθεν
2281 1652 2546 1723 ἀσφαλὲς,
2604 1651 2868 1724 ὁρκίων⁸⁸
2913 1650 3106 1721 χρείας
3158 1650 3617 1723 προϐεϐλημένης

352 1753 508 1803 sunt.
1966 1794 2006 1819 η
2038 1749 2131 1805 τὸν
2171 1748 2272 1819 μὲν
2305 1745 2707 1815 ἀπαιτούμενον
2741 1743 2986 1812 ἀξιοῦσιν
3018 1744 3245 1815 ὑπέχειν
3288 1744 3381 1797 τὸν
3423 1745 3610 1817 ὅρκον,

1962 1794 2007 1852 Β

2039 1842 2170 1912 περὶ
2193 1842 2249 1894 δὲ
2269 1838 2366 1894 τοῦ
2401 1840 2655 1894 ἀπαιτεῖν
2686 1837 2993 1907 ἐγνωκότος
3018 1837 3171 1891 οὐδὲν
3217 1836 3623 1909 πολυπραγμο-

422 2018 626 2077 Statuit
669 2017 837 2090 igitur
868 2023 1059 2071 nostra
1083 2012 1368 2083 majestas,
1408 2017 1470 2065 ut
1494 2010 1800 2066 secundum
1842 2024 1937 2065 ve-

2103 1955 2246 1991 υσιν.
2837 1955 2842 1957 ·

2038 1955 2098 1994 νο
2141 2026 2344 2099 Ὀρίζει
2377 2021 2470 2081 οὖν
2493 2025 2553 2079 τὸ
2589 2024 2859 2096 ἡμέτερον
2896 2024 3095 2094 κράτος
3138 2023 3280 2076 κατὰ
3325 2023 3387 2076 τὸ
3440 2023 3621 2091 δόγμα

348 2125 526 2171 “Tum
547 2110 660 2183 (Η)
715 2108 1089 2182 ιθεῑειθιοτιιηι
1140 2107 1423 2162 άθθτθῑυητ
1481 2103 1935 2174 ἰυηηῖεηίοτυηι
2036 2119 2148 2174 τῶν
2216 2119 2383 2174 πάλαι
2435 2116 2919 2188 νομοθετησάντων
2979 2115 3072 2168 τὸν
3115 2113 3285 2167 τύπον
3330 2114 3621 2185 τηρεῖσθαι

348 2202 526 2261 forma
558 2209 810 2259 servetur
841 2219 855 2256 :
889 2209 943 2256 et
969 2200 1063 2271 qui
1095 2199 1165 2254 ab
1196 2196 1526 2255 adversario
1557 2196 1779 2251 auferre
1807 2197 1933 2266 jus-

2037 2214 2147 2269 τῶν
2180 2213 2389 2285 ὅρκων,
2430 2214 2524 2267 καὶ
2556 2211 2646 2264 τὸν
2706 2210 2890 2265 λαϐεῖν
2944 2209 3276 2281 ὡρμημένον
3331 2208 3483 2278 παρά
3522 2207 3619 2261 τοῦ

342 2296 641 2367 jurandum
666 2301 920 2355 conatur,
965 2306 1129 2361 quam
1162 2289 1321 2345 ﬁdem
1359 2305 1425 2345 ex
1461 2289 1584 2345 aliis
1611 2290 1830 2359 quaerit,
1868 2289 1930 2344 de

2037 2304 2565 2377 διαμφισϐητοῦντος
2604 2304 2768 2373 ὅρκον
2804 2303 2851 2334 ⁸⁸
2896 2300 3096 2372 μέρους
3139 2299 3301 2354 αὐτὸν
3356 2301 3620 2371 πρότερον

348 2388 595 2444 moribus
620 2386 737 2442 suis
769 2384 922 2456 prius
954 2383 1072 2451 ipse
1095 2389 1317 2452 praestet
1347 2400 1361 2436 :
1398 2380 1548 2451 quod
1601 2396 1797 2449 nempe
1828 2396 1934 2435 non

2038 2396 2068 2449 ὃ
2100 2396 2254 2466 ζητεί
2291 2396 2595 2466 παρασχεῖν
2628 2395 2674 2427 ⁸⁸
2704 2392 2814 2446 τῶν
2841 2392 3059 2445 οἰκείων
3086 2392 3302 2462 τρόπων
3335 2391 3619 2461 ἐχέγγυον,

348 2481 500 2545 dolo,
555 2480 652 2534 sed
711 2476 1030 2533 necessario
1084 2482 1140 2530 et
1190 2473 1490 2529 inevitabili
1539 2471 1607 2527 de
1647 2488 1815 2527 causa
1869 2472 1936 2527 ad

2037 2487 2114 2551 ώς
2145 2488 2206 2541 ού
2229 2487 2653 2557 κακομηχάνως,
2676 2484 2794 2537 ἀλλ’
2837 2483 3153 2552 ἀναγκαίως
3181 2484 3277 2537 καὶ
3307 2483 3404 2536 σὺν
3443 2483 3620 2551 ἀπρο-

350 2572 711 2628 deferendum
783 2567 1177 2639 jusjurandum
1291 2566 1573 2636 procedat.
1670 2564 1938 2619 Existimo

2040 2577 2287 2648 φασίστῳ
2312 2577 2474 2648 χρείᾳ
2506 2576 2643 2647 πρὸς
2667 2576 2767 2647 τὴν
2800 2574 3057 2646 τοιαύτην
3091 2571 3257 2646 ἦλθεν
3300 2575 3622 2643 ἀπαίτησιν.

351 2664 523 2728 enim,
581 2677 707 2717 cum
762 2661 924 2715 ambo
959 2661 1033 2714 ita
1069 2659 1136 2715 ad
1157 2658 1461 2728 jurandum
1520 2657 1811 2728 adigentur
1844 2665 1939 2710 aut

2041 2669 2212 2741 Οἶμαι
2251 2671 2381 2742 γὰρ,
2416 2669 2590 2733 οὕτως
2637 2668 2966 2739 ἀμφοτέρων
3020 2666 3156 2740 πρὸς
3204 2668 3267 2720 τὸ
3321 2666 3623 2737 ἐπομνύναι

352 2754 728 2810 dilucidiorem
755 2754 807 2808 in
827 2752 1156 2822 iuramentis
1188 2750 1460 2806 exituram
1499 2750 1809 2831 veritatem,
1841 2756 1939 2803 aut

2043 2762 2485 2831 καθισταμένων,
2521 2760 2556 2831 ἦ
2615 2760 2833 2825 πάντως
2893 2759 3288 2831 λαμπροτέραν
3342 2758 3438 2812 ἐπὶ
3513 2757 3626 2812 τῶν

350 2848 455 2901 Irus
476 2847 662 2917 aliquo
694 2845 857 2899 modo
890 2843 1293 2911 reprimendas,
1320 2857 1501 2908 neque
1530 2849 1642 2895 tam
1677 2849 1933 2912 prompte

2039 2854 2219 2924 ὅρκων
2244 2853 2493 2923 προϊέναι
2534 2851 2635 2923 τὴν
2667 2851 2953 2921 ἀλήθειαν,
2988 2850 3021 2923 ἢ
3069 2849 3279 2913 τούτοις
3322 2849 3626 2919 ὑποστολὴν

349 2940 629 3011 alacrique
650 2953 865 3007 gressu,
906 2948 1074 3007 atque
1139 2950 1288 2991 nunc
1334 2934 1605 3007 progredi.
1654 2932 1934 3001 videntur,

2040 2962 2161 2999 τινα
2204 2944 2482 3011 δέξασθαι,
2521 2944 2617 2998 καὶ
2658 2943 2758 3015 οὐχ
2804 2943 2980 3007 οὓτως
3001 2943 3310 3014 προχείρως
3346 2940 3442 2995 καὶ
3488 2940 3628 3010 μετά

349 3029 418 3085 ad
439 3028 793 3086 delere-dum
817 3026 1208 3100 jusjurandum
1246 3026 1585 3098 prodituros.

2042 3035 2273 3108 προόδου
2304 3036 2676 3108 ἐτοιμοτὲρας,
2710 3035 2900 3107 ὥσπερ
2928 3033 3026 3089 νῦν
3052 3036 3337 3106 προϊόντες
3367 3032 3623 3104 ὁρῶνται,

1964 3126 2007 3183 C
2042 3130 2403 3201 προάγεσθαι.

844 3210 1314 3268 CONSTITUTIO
1375 3209 1441 3266 C.

2581 3222 2892 3275 ΔΙᾹΤΔΞῘΣ
2921 3220 2977 3274 P’
2994 3221 3063 3275 η.

352 3305 430 3362 De
477 3306 641 3362 servis
695 3303 787 3375 qui
836 3304 1018 3359 liberis
1064 3305 1119 3358 in
1160 3303 1562 3359 matrimonium
1605 3304 1939 3376 conjungln-

965 3384 1052 3429 tur
1084 3373 1325 3444 (42-45).

2042 3312 2183 3383 Περί
2203 3313 2679 3383 συναπτομένων
3072 3308 3412 3381 προσώπων
3454 3309 3630 3363 ἐλευ-

422 3468 572 3526 ldem
598 3469 903 3541 imperator
928 3467 1109 3525 eidem
1150 3466 1422 3541 Styliano.

2128 3472 2185 3530 Ὀ
2210 3475 2372 3540 αὐτὸς
2404 3474 2655 3545 βασιλεὺς
2687 3474 2966 3545 Στυλιανῷ
2987 3472 3063 3543 τῷ
3088 3473 3258 3544 αὐτῷ.

424 3561 615 3634 Leges,
681 3563 810 3634 quia
838 3578 901 3618 ex
936 3561 1176 3632 benigno
1221 3560 1336 3632 (44)
1386 3561 1601 3629 judicio
1656 3568 1940 3632 prognatae

2112 3565 2504 3636 Φιλανθρώπου
2534 3565 2763 3636 γνώμης
2803 3564 2957 3628 ὅντες
3009 3567 3059 3618 οἱ
3100 3564 3257 3635 νόμοι
3291 3562 3629 3632 γεννήματα,

355 3661 514 3720 sunt,
534 3655 671 3710 bona
687 3668 788 3710 sua
811 3653 1158 3709 ordinatione
1179 3660 1235 3708 et
1268 3652 1646 3710 moderamine
1675 3654 1745 3711 iis
1771 3655 1937 3710 etiam

2042 3660 2110 3728 τῇ
2139 3656 2350 3711 ἑαυτῶν
2379 3654 2603 3724 εὐταξίᾳ
2632 3655 2729 3709 καὶ⁷
2751 3655 3093 3725 διευθετήσει
3136 3652 3386 3725 καὶπερὶ
3410 3653 3522 3706 τῶν
3555 3652 3630 3723 μὴ

356 3743 776 3806 controversiis,
807 3757 930 3813 qua:
945 3757 1054 3797 non
1072 3741 1369 3797 admodum
1402 3742 1599 3799 crebro
1628 3743 1743 3815 (45)
1765 3743 1821 3798 in
1849 3758 1938 3799 res

2045 3748 2187 3802 πάνυ
2222 3748 2434 3819 συχνῶς
2476 3746 2951 3820 ἐπιχωριαζόντων
2993 3746 3305 3815 ἀνθρώποις
3345 3743 3632 3814 ἀμφισϐη-

354 3834 627 3891 humanas
660 3834 939 3900 incidunt,
968 3834 1236 3889 auxilium
1303 3833 1446 3890 ferre
1505 3834 1828 3891 instituunt.
1873 3834 1942 3888 At

2043 3840 2304 3911 τημάτων
2338 3839 2656 3909 προαίρεσιν
2684 3837 2964 3891 ποιοῦνται
2981 3837 3325 3904 συνεισάγειν
3353 3834 3628 3905 βοήθειαν.

354 3941 491 3982 νει-ο
549 3942 674 3981 cum
742 3934 908 3981 tanta:
943 3926 1302 3999 benignitatis
1342 3926 1478 3992 sint,
1513 3927 1797 3997 quomodo
1828 3942 1941 3981 non

2046 3932 2315 4002 Τοιαύτης
2344 3931 2389 3985 δ’
2419 3931 2572 3994 ὄντες
2605 3930 3038 4000 φιλανθρωπίας,
3067 3927 3183 3991 πῶς
3212 3927 3273 3981 ού
3302 3927 3438 3980 πολὺ
3470 3924 3634 3979 πλέον

357 4017 519 4089 longe
563 4019 737 4091 magis
758 4034 972 4086 eorum,
1003 4034 1127 4090 qua:
1151 4018 1207 4073 in
1254 4018 1539 4074 hominum
1576 4019 1689 4073 vita
1718 4018 1945 4075 assidue

2048 4026 2274 4087 εἰκότως
2325 4024 2453 4095 περὶ
2502 4024 2613 4077 τῶν
2668 4023 2726 4075 ἐν
2758 4022 2859 4093 βίῳ
2887 4022 2977 4075 διὰ
3018 4021 3223 4083 παντὸς
3248 4019 3636 4093 στρεφομένων

357 4121 691 4180 versantur,
743 4128 933 4168 curam
984 4111 1327 4183 suscipient?
1386 4111 1445 4167 Si
1497 4111 1643 4167 enim
1696 4112 1945 4168 medicus

2049 4117 2147 4188 τὴν
2185 4116 2456 4187 μέριμναν
2487 4113 2887 4184 ἀναλήψονταις
2944 4112 3002 4165 '0
3022 4114 3070 4145 ”
3104 4111 3214 4182 γὰρ
3262 4112 3323 4164 τὸ
3376 4108 3637 4180 ἐπιμελὲς

357 4203 632 4275 quispiam
664 4205 733 4260 iis
770 4221 897 4275 quae
924 4205 1110 4259 minus
1161 4214 1373 4275 angunt
1407 4219 1602 4260 curam
1661 4204 1945 4269 adhibeat,

2049 4208 2319 4278 περὶτῶν
2370 4206 2592 4259 ἔλαττον
2628 4204 2944 4258 λυπούντων
2984 4206 3067 4267 είς
3114 4203 3373 4274 φροντίδα
3426 4203 3633 4272 φέρων,

358 4310 483 4365 qua:
515 4311 647 4351 vero
676 4298 852 4368 magis
885 4305 1119 4367 angunt,
1147 4297 1396 4368 negligat
1438 4314 1455 4351 :
1485 4297 1540 4352 id
1568 4298 1715 4368 quod
1762 4298 1946 4352 minus

2051 4301 2118 4355 τὰ
2148 4299 2349 4371 μᾶλλον
2383 4298 2619 4354 ἀνιῶντα
2652 4297 2915 4368 παρορῶν
2939 4297 3062 4351 οὐδὲ
3090 4297 3191 4367 τὴν
3227 4298 3356 4367 περὶ
3402 4294 3497 4349 τοῦ
3547 4295 3639 4348 λυ-

357 4387 532 4460 angit,
561 4403 672 4444 non
700 4404 799 4461 per
863 4390 1120 4460 peritiam
1152 4396 1209 4445 et
1236 4390 1589 4461 prudentiam
1638 4405 1839 4446 curare
1862 4391 1945 4447 vi-

2054 4391 2283 4457 ποῦντος
2330 4392 2553 4445 ἔλαττον
2607 4389 2927 4461 ἐπιμέλειαν
2963 4389 3166 4456 δόξειεν
3213 4388 3280 4443 ἀν
3337 4391 3403 4443 ἐκ
3446 4387 3642 4441 τούτου

357 4478 591 4534 deatur?

1976 4477 2023 4535 Ι)
2050 4484 2351 4557 προμηθῶς
2393 4482 2685 4537 ποιεῖσθαι.

431 4569 507 4623 Ea
532 4578 760 4643 propter
789 4572 971 4643 legum
996 4572 1250 4643 dignitati
1292 4574 1416 4645 plus
1450 4574 1761 4644 maiestatis
1796 4578 1947 4635 attri-

2124 4578 2224 4632 Διά
2270 4574 2429 4629 τοῦτο
2455 4574 2521 4643 δὴ
2564 4572 2643 4643 τῷ
2691 4571 2801 4625 τῶν
2852 4571 3034 4641 νόμων
3071 4569 3347 4640 ἀξιώματι
3372 4569 3535 4623 πλέον
3560 4569 3640 4631 εἰς

359 4662 627 4733 buentes,
703 4666 850 4738 quod
923 4666 1191 4723 hactenus
1251 4683 1320 4724 ex
1389 4672 1789 4729 consuetudine
1858 4673 1944 4729 di-

2055 4670 2360 4743 σεμνότητα
2401 4668 2681 4738 νέμοντες,
2710 4663 2770 4717 τὸ
2825 4664 2992 4735 μέχρι
3047 4662 3144 4717 νῦν
3196 4661 3302 4715 ὑπὸ
3350 4658 3643 4731 συνηθείας

1671 4877 1909 4937 νΑΙίΙΑΞ
1939 4879 2351 4938 LECTIONES.

407 4992 456 5027 ⁸⁸
643 4993 915 5071 ᾷύναμαιη
951 4995 1005 5071 ⁸⁸-
1025 4994 1139 5052 Ecl.
1187 4996 1557 5071 ἐξευρημένα.
1592 4998 1815 5071 [lectius
1867 5001 2121 5056 fortasse.
2185 5000 2233 5032 ⁸⁸
2270 4998 2344 5053 lta
2378 4996 2687 5071 Eclﬁiulgo
2715 4994 3003 5071 δηλονότιλ
3125 4990 3246 5071 Ecl._
3274 4987 3369 5042 τοῦ
3415 4985 3641 5071 comitiis.

360 5057 1079 5147 ᾼριέάβοεῇεηείιξειίοιιίυξ
1114 5067 1215 5147 τοῦ
1240 5057 1438 5147 ἶΙιιὲξεῖἒ
1518 5070 1564 5102 ⁸⁸
1598 5057 1805 5141 Steph.
1843 5072 2079 5147 e_mend._
2108 5071 2306 5147 ὅρκων,
2385 5069 2429 5102 ⁸³
2451 5069 2567 5147 Ecl.
2591 5057 2801 5147 ῥρκιον.
2848 5062 3081 5147 -.υενερι
3107 5061 3395 5147 παρέχεινἱ
3460 5057 3650 5147 tibist

616 5128 759 5190 Νονῖ
812 5135 903 5191 48.
956 5137 1004 5169 θ’
1037 5137 1153 5194 Ecl.
1190 5140 1321 5212 περὶ
1368 5139 1480 5195 τῶν
1547 5128 1781 5195 συναπτ.
1834 5142 2090 5212 οἰκετικῴ
2122 5128 2404 5212 προσώπῳ
2459 5128 2784 5209 ἐλευθέρων.
2848 5136 2895 5169 ⁸³
2918 5132 3095 5204 Vulgo
3142 5128 3226 5186 οὗ.
3256 5128 3397 5187 "Sed
3459 5128 3646 5199 legen-

438 5467 554 5541 (l0)
570 5467 707 5521 Οὐδὲ
723 5465 833 5520 ἀπὸ
855 5464 1340 5541 γνώμηςᾷηλονρει
1362 5464 1957 5541 κινουμένης-Βοτίως.
2125 5467 2343 5541 (ίΞ-Αὸ)
2370 5467 2435 5541 Et
2463 5481 2655 5523 eorum
2697 5473 2843 5541 statu
2869 5479 2940 5541 ac
2959 5476 3145 5535 pmna.
3348 5529 3362 5541 _
3462 5528 3472 5538 .
3559 5526 3571 5538 υ

363 5529 635 5610 emerim;
665 5529 992 5610 κινουμένης
1015 5529 1206 5610 Cinjac.
1241 5536 1334 5601 l7,
1385 5529 1749 5610 ουδ’-’δείδιε
1789 5547 1844 5592 et
1874 5529 1959 5610 in-
2129 5529 2242 5610 ξιι)
2276 5529 2525 5610 δίιιιιὶιιιιι
2542 5540 2688 5593 enim
2709 5529 2998 5610 in‘dubiis,
3027 5546 3321 5610 causarum
3348 5529 3647 5600 benignior

366 5608 448 5662 {ra
468 5602 757 5691 Eoi/.107,
783 5602 1052 5678 δολιότητι
1087 5606 1336 5677 γνώμης,
1355 5605 1503 5677 quod
1524 5617 1609 5663 est
1631 5608 1759 5663 dolo
1789 5607 1955 5674 malo,
2056 5602 2464 5691 interpretatio,
2490 5610 2602 5664 vid.
2622 5610 2675 5691 _I.
2712 5607 2837 5672 168,
2864 5606 2920 5660 ﬂ".
2961 5605 3036 5662 De
3064 5620 3177 5675 reg.
3208 5602 3322 5674 jur.

374 5680 785 5753 malititmala‘.
840 5747 859 5753 _
911 5750 923 5753 _
1000 5747 1013 5753 _
1062 5747 1076 5753 _
1131 5747 1199 5753 __
1266 5748 1281 5753 _
1338 5752 1347 5753 ί
1412 5750 1430 5753 Α
2131 5678 2244 5753 (45)
2277 5680 2329 5738 ld
2354 5691 2461 5749 est,
2491 5678 2637 5752 quod
2672 5694 2821 5734 raro.

446 5747 562 5816 (ιι)
584 5742 706 5801 Vid.
747 5748 801 5802 d.
836 5747 863 5818 ς
901 5750 951 5813 ι,
980 5747 1033 5801 d.
1062 5747 1098 5801 ι.
1131 5747 1221 5816 57,
1248 5748 1303 5806 ἀ.
1336 5752 1372 5806 ι.
1402 5750 1458 5805 9.

3404 5848 3409 5851 .
3482 5828 3525 5849 Α)
