4022 6476
443 401 550 464 625

1570 395 1935 458 NOVELLIE
1973 394 2646 459 CONSTITUTIONES.

3498 354 3710 465 ’σεε

442 508 839 578 διοικούμενον,
870 507 1094 578 φημίδὲ
1126 506 1188 561 τὸ
1217 506 1348 578 περὶ
1390 506 1501 562 τῶν
1528 506 1590 573 ἐξ
1634 508 1821 562 ἀνίσου
1855 507 2010 580 τύχηι

2124 510 2432 580 iudicatum
2459 515 2567 576 est,
2591 508 2661 564 de
2689 506 2758 564 iis
2780 522 2977 579 nempe
3007 508 3100 579 qui
3129 522 3195 564 ex
3225 507 3480 581 inaequali
3497 509 3714 566 fortuna

440 601 728 670 ιλευθέρου
787 616 850 653 τε
931 600 1027 653 καὶ
1099 598 1459 669 δουλευούσης
1526 600 2029 669 νυμφαγιυγοῦντος

439 691 643 763 ἔρωτος
674 691 812 761 πρὸς
852 690 1117 757 συζυγίαν
1149 690 1491 761 ἁρμόζεσθαι
1538 691 1990 759 φιλονεικούντων
2009 734 2024 759 ,

439 786 506 853 τῇ
554 782 774 852 νομίμῳ
834 781 1121 853 περιλήψει
1203 782 1608 852 ἀποδιδόαμεν,
1670 784 1764 836 καὶ
1830 784 2024 837 θεσπί-

440 874 606 944 ζομεν
649 875 721 938 ⁸⁸,
771 874 869 927 ὲάν
920 874 1204 946 ἐλευθερίᾳ
1257 874 1568 944 τιμώμενον
1600 875 2028 944 πρόσωπονδου-

438 968 597 1037 λικῆς
648 968 823 1020 ἕλοιτο
869 967 1047 1035 γάμον
1098 967 1290 1037 τύχης,
1349 967 1457 1021 ὑπὸ
1510 968 1632 1021 δυσὶ
1673 969 1883 1033 τούτοις
1933 969 2027 1023 τὸν

438 1060 616 1130 γάμον
656 1058 841 1128 ἔχουσι
877 1061 923 1092 ’⁸
976 1059 1267 1129 πράγμασι
1324 1058 1676 1112 συνίστασθαι
1743 1060 1841 1129 τὴν
1903 1077 2024 1114 συνο

436 1153 637 1220 άφειαν
662 1166 677 1181 '
702 1152 735 1222 ἢ
759 1150 868 1220 γὰρ
884 1150 978 1203 καὶ
1007 1150 1107 1216 τὴν
1135 1148 1258 1220 ίσην
1275 1149 1700 1219 ἀναλαμϐανέτω
1722 1149 1931 1219 τύχηνὸ
1946 1150 2026 1222 τῷ

436 1242 670 1312 δουλικῷ
701 1241 981 1312 προσώπῳ
1008 1241 1098 1295 διὰ
1141 1240 1236 1294 τοῦ
1270 1240 1473 1312 ἔρωτος
1524 1242 1952 1310 συναπτόμενος,
1988 1242 2022 1314 ἢ

436 1331 743 1401 καταϐολὴν
781 1330 1257 1403 προσομολογείτω
1291 1332 1624 1400 τιμήματος,
1670 1332 1741 1384 δι’
1771 1325 1833 1385 οὗ
1880 1333 2021 1385 ἀπο-

435 1422 725 1492 λελυμένον
755 1423 854 1492 τῆς
883 1422 1132 1484 δουλείας
1180 1423 1242 1474 τὸ
1305 1421 1397 1475 ὑπ’
1435 1421 1607 1489 αὐτῆς
1659 1423 2022 1493 κατεχόμενον

438 1514 602 1582 μέρος
627 1514 731 1582 τῆς
759 1513 1070 1584 ἐλευθερίας
1102 1514 1391 1582 γενήσεται
1423 1513 1489 1565 ⁸⁸.
1508 1513 1670 1566 Ἀλλά
1700 1513 1876 1567 ταῦτα
1923 1515 2022 1584 μὲν

432 1605 671 1676 ἃδεήσει
701 1606 1031 1659 καταϐαλεῖν
1057 1601 1169 1659 οἷον
1200 1604 1501 1677 ἀρῤαϐὦνά
1525 1623 1645 1658 τινα
1685 1606 1777 1658 τοῦ
1833 1606 2020 1659 ἀνίσου

435 1698 613 1766 γάμου
651 1699 745 1752 τὸν
778 1698 859 1763 είς
889 1698 1177 1751 κοινωνίαν
1224 1698 1541 1751 ὑπεισιὸντα
1595 1696 1846 1766 δουλικῆς
1894 1699 2020 1767 ὁμι-

431 1786 553 1851 λίας
587 1788 659 1854 ’⁷,
686 1790 813 1851 τοὺς
856 1789 913 1843 δέ
950 1806 1014 1858 γε
1047 1789 1308 1852 δεσπότας
1342 1788 1597 1858 ὁρίζομεν
1658 1788 1780 1858 μηδ’
1821 1789 2019 1852 αὐτοὺς

2132 601 2325 674 (libera
2381 599 2637 655 videlicet
2690 608 2746 655 et
2810 600 3022 673 senili)
3082 616 3272 656 amore
3324 602 3627 672 instigante
3658 602 3714 656 in

2131 692 2543 745 matrimonium
2596 690 2857 762 coniungi
2925 692 3288 759 contendunt,
3330 692 3386 746 in
3418 693 3592 763 legem
3626 694 3716 748 in-

2129 785 2425 848 cludimus,
2475 797 2539 837 ac
2563 784 2869 848 sancimus,
2902 789 3029 840 utsi
3085 784 3248 840 homo
3302 785 3441 840 liber
3496 786 3714 841 servilis

2128 890 2370 942 persona:
2386 875 2606 943 nuptias
2646 882 2904 937 sectetur,
2925 876 3027 930 sub
3050 874 3250 945 duplici
3272 875 3374 929 hac
3403 875 3714 930 conditione

2128 967 2541 1020 matrimonium
2580 968 2819 1032 ineatur,
2851 975 2907 1021 ut
2940 968 2988 1021 is
3019 976 3113 1021 aut
3134 969 3399 1036 aequalem
3424 982 3546 1021 cum
3589 982 3710 1020 ser-

2127 1057 2219 1111 vili
2247 1072 2504 1126 persona,
2534 1060 2622 1113 cui
2658 1075 2754 1128 per
2781 1073 3023 1115 amorem
3070 1059 3407 1122 associatur,
3430 1057 3706 1113 fortunam

2125 1150 2414 1217 suscipiat,
2448 1159 2543 1204 aut
2591 1152 2851 1222 pretium,
2883 1166 2995 1222 quo
3044 1151 3138 1205 illa
3165 1151 3432 1206 servitute
3474 1149 3707 1205 liberata

2125 1241 2181 1296 in
2216 1242 2523 1298 libertatem
2560 1246 2869 1313 perveniat,
2904 1245 3121 1300 solvere
3176 1243 3485 1313 promittat.
3533 1244 3709 1305 Atque

2124 1330 2232 1385 hoc
2252 1331 2495 1400 quidem,
2532 1342 2791 1404 tanquam
2817 1333 3101 1403 inaequalis
3129 1332 3460 1387 matrimonii
3487 1332 3705 1385 arrltam

2123 1423 2443 1493 quamdam,
2480 1440 2604 1478 enm
2657 1425 2751 1494 qui
2783 1424 3204 1479 consuetudinis
3224 1424 3547 1479 societatem
3580 1438 3705 1477 cum

2125 1513 2309 1569 servili
2346 1529 2579 1583 persona
2607 1516 2729 1576 init,
2783 1514 3095 1582 persolvere
3141 1513 3442 1583 Oportebit.
3498 1512 3707 1568 Statui-

2123 1620 2250 1660 mus
2282 1620 2413 1659 vero
2438 1606 2626 1672 etiam,
2664 1622 2732 1661 ne
2793 1606 3002 1661 domini
3050 1606 3153 1660 hac
3184 1605 3239 1659 in
3271 1619 3332 1660 re
3364 1619 3424 1659 se
3449 1604 3707 1659 inhuma-

2122 1697 2249 1751 nius
2276 1706 2469 1767 gerant
2503 1716 2516 1752 :
2543 1710 2618 1760 et,
2646 1700 2697 1753 si
2755 1713 2989 1767 persona
3011 1712 3134 1768 qua:
3166 1711 3384 1752 servum
3426 1696 3481 1750 in
3517 1694 3710 1748 matria

2126 1786 2370 1840 monium
2390 1788 2613 1857 delegit,
2631 1786 2841 1842 servire
2856 1788 3033 1851 malit,
3056 1786 3344 1855 utriusque
3360 1784 3597 1841 servitus
3614 1784 3707 1839 do-

432 1883 987 1955 ἀφιλανθρωπότερον
1014 1882 1350 1937 διατίθεσθαι
1369 1923 1384 1946 ,
1420 1882 1559 1935 ἀλλά
1590 1881 1863 1935 δουλεύειν
1919 1881 2010 1951 μὲν

2128 1877 2261 1930 mini
2287 1877 2495 1947 (ιϐ-48)
2520 1887 2698 1933 tnorte
2729 1880 3056 1932 terminetur
3076 1898 3092 1931 ς
3111 1891 3285 1943 eaque
3311 1876 3401 1929 ubi
3426 1875 3702 1938 inciderit,

429 1977 796 2047 προελόμενον
860 1977 923 2031 τὸ
952 1976 1269 2046 πρόσωπον,
1306 1974 1335 2027 ὃ
1362 1973 1457 2026 τοῦ
1509 1972 1782 2026 οίκετικοῦ
1815 1973 2015 2042 μέρους

428 2069 679 2141 ᾐρέτισεν
731 2070 777 2103 ³⁸
826 2070 906 2133 είς
941 2070 1259 2136 συνάφειαν,
1291 2068 1417 2137 ὅρον
1445 2062 1586 2119 εἶναι
1637 2066 1737 2135 τῆς
1771 2065 2013 2129 δουλείας

426 2162 524 2232 τὴν
574 2161 670 2215 τοῦ
730 2162 992 2216 δεσπότου
1044 2159 1502 2229 ἀποτελεύτησιν,
1559 2152 1629 2229 ἧς
1680 2156 2012 2226 ἀπαντώσης

425 2252 748 2323 ἐλευθέρους
764 2253 1024 2323 ἀφίεσθαι
1051 2252 1190 2321 μετά
1209 2250 1317 2303 τῶν
1346 2250 1563 2302 οἰκείων
1601 2247 1828 2312 παίδων,
1851 2248 1906 2300 εί
1946 2264 2011 2314 γε

425 2345 519 2398 καὶ
549 2344 744 2408 παῖδας
803 2345 833 2396 ό
890 2344 1069 2413 γάμος
1125 2342 1309 2405 αὐτοῖς
1364 2338 1662 2409 ἐχαρίσατο
1690 2353 1703 2365 ·
1749 2336 1800 2389 εί
1833 2336 1890 2389 δὲ
1933 2334 2008 2404 μὴ

426 2435 673 2489 σύνθοιτο
734 2435 1029 2497 δουλεύειν,
1090 2435 1229 2503 μήτε
1289 2431 1388 2502 τὴν
1441 2430 1837 2497 ἀποπλήρωσιν
1910 2429 2010 2496 τῆς

422 2528 591 2596 τιμῆς
606 2528 671 2580 ἐκ
702 2526 796 2580 τοῦ
827 2527 1048 2597 ἑτοίμου
1073 2525 1253 2597 ῥᾴδιος
1280 2524 1366 2593 εἴη
1399 2522 1724 2590 παρασχεῖν,
1772 2518 1866 2587 τῆς
1912 2518 2009 2587 μὲν

422 2616 734 2688 ἐλευθερίας
769 2619 910 2672 κατά
943 2618 1064 2687 βίαν
1092 2617 1152 2670 οὐ
1184 2614 1596 2685 ζημιωθήσεται
1633 2613 1702 2675 θ’,
1761 2609 2006 2680 θητεύων

421 2705 480 2758 δὲ
527 2708 682 2777 παρά
725 2707 802 2777 τῷ
846 2707 998 2777 αὐτῷ
1047 2706 1305 2776 δεσπότῃ,
1350 2706 1437 2772 ἐφ’
1476 2702 1694 2772 ἑκάστῳ
1741 2700 1852 2753 ἔτει
1910 2699 2004 2752 τοῦ

425 2797 621 2866 μισθοῦ
698 2798 820 2852 δυσὶ
890 2797 1246 2867 λογιζομένου
1332 2794 1653 2865 νομίσμασι,
1726 2790 2004 2860 διαρκέσει

420 2886 697 2950 τοσούτοις
778 2885 1072 2957 ὑπηρετῶν
1126 2885 1362 2956 χρόνοις,
1449 2883 1565 2935 ὅσοι

2122 1980 2248 2019 cum
2285 1966 2395 2035 (49)
2428 1967 2633 2033 liberis,
2665 1970 2711 2022 si
2741 1967 2885 2036 quod
2922 1968 3059 2036 ipsis
3097 1967 3508 2021 matrimonium
3532 1964 3702 2035 largiv

2120 2065 2233 2112 tum
2260 2065 2365 2122 est,
2395 2058 2738 2113 dimittantur
2772 2058 2930 2112 liberi
2963 2076 2977 2112 :
3007 2061 3089 2112 sin
3128 2059 3181 2112 in
3232 2059 3552 2113 servitutem
3588 2072 3701 2111 non

2119 2150 2453 2213 consentiat,
2484 2153 2727 2220 nequein
2751 2159 3002 2221 promptu
3038 2151 3257 2215 habeat,
3286 2151 3431 2204 unde
3464 2150 3698 2219 pretium

2118 2240 2277 2309 plene
2312 2241 2607 2308 persolvat,
2644 2241 2900 2296 libertate
2948 2257 3045 2311 per
3079 2242 3187 2295 vim
3220 2240 3518 2295 mulctetur
3548 2258 3563 2296 :
3600 2240 3698 2296 sed

2118 2333 2364 2388 serviens
2396 2334 2537 2401 apud
2568 2335 2820 2388 eumdem
2846 2334 3154 2399 dominum,
3217 2332 3472 2388 mercede
3534 2340 3704 2402 quot-

2114 2425 2276 2478 annis
2310 2424 2451 2479 binis
2482 2426 2676 2480 solidis
2702 2425 3054 2491 aestimanda,
3080 2425 3404 2480 servitutem
3438 2434 3515 2480 tot
3539 2424 3702 2479 annis

2114 2512 2292 2578 duret,
2322 2515 2470 2584 quod
2531 2526 2688 2585 pacto
2743 2517 2920 2584 pretio
2946 2516 3000 2569 in
3024 2518 3239 2585 plenam
3288 2531 3562 2571 summam
3604 2517 3701 2570 de-

2112 2605 2281 2660 ducto
2325 2606 2608 2660 dominum
2665 2607 2799 2661 satis
2848 2622 2947 2677 pro
2979 2622 3140 2662 servo
3184 2608 3490 2678 accepisse,
3527 2622 3703 2676 neque

2110 2697 2314 2767 justam
2342 2713 2567 2754 causam
2596 2699 2663 2753 ad
2694 2699 3053 2755 detinendum
3080 2700 3319 2771 amplius
3344 2700 3547 2755 habere
3571 2709 3702 2753 sunt

2110 2790 2409 2845 ostensnri.

1643 2880 1744 2950 τὴν
1799 2877 2233 2949 ὁμολογηθεῖσαν
2308 2877 2326 2909 ¹
2441 2878 2609 2949 τιμὴν
2689 2881 3317 2952 συγκεφαλαιωσάμενοι
3409 2880 3699 2951 μέλλουσιν

419 2984 697 3051 ἀποφῆναι
718 2982 810 3037 τὸν
840 2981 1111 3051 δεσπότην
1142 2979 1364 3042 τελείως
1396 2978 1672 3048 ἀπέχοντα
1714 2976 1815 3046 τὴν
1865 2974 2009 3044 ὑπὲρ
2047 2970 2143 3026 τοῦ
2187 2971 2379 3026 δούλου
2428 2971 2613 3043 λῆψιν,
2667 2975 2763 3027 καὶ
2798 2975 2965 3045 μηδὲν
3027 2974 3250 3045 εὔλογον
3281 2975 3363 3030 ἔτι
3402 2977 3539 3050 πρὸς
3596 2979 3700 3051 τὴν

420 3076 658 3148 κατοχὴν
686 3075 1118 3147 ἀποφερόμενον.

898 3163 1215 3217 ΔΙΑΤᾹΞΙΣ
1257 3163 1347 3215 PA
1384 3167 1430 3218 ‘.

420 3254 561 3324 Περὶ
608 3254 849 3310 δούλων
872 3255 943 3324 ἐν
962 3253 1303 3321 συντροφία
1360 3250 1552 3304 ὄντων
1581 3248 1681 3303 καὶ
1715 3249 1823 3305 τοῦ
1863 3246 2003 3316 ἐνὸς

816 3323 1038 3395 μέρους
1065 3324 1589 3390 ἐλευθερωθέντος.

500 3416 559 3470 ’0
585 3415 747 3480 αὐτὸς
790 3413 1041 3485 βασιλεὺς
1059 3410 1337 3482 Στυλιανῷ
1362 3410 1440 3481 τῷ
1461 3409 1634 3482 αὐτῷ.

485 3508 564 3562 Οὐ
590 3509 751 3577 μόνον
777 3509 806 3561 ό
831 3506 931 3577 τὴν
950 3505 1125 3575 ἀρχὴν
1162 3504 1222 3571 ἐξ
1260 3503 1576 3574 ἐλευθερίας
1619 3502 1713 3556 καὶ
1757 3501 2003 3565 δουλείας

415 3600 701 3670 γινόμενος
729 3600 925 3669 γάμος,
953 3597 1091 3651 ἀλλά
1120 3597 1217 3651 καὶ
1244 3595 1305 3649 δν
1329 3595 1379 3649 oi
1409 3595 1603 3659 κοινῶς
1632 3595 1737 3648 ὑπὸ
1757 3595 2003 3647 δουλείαν

415 3692 699 3756 τελοῦντες
726 3692 822 3745 καὶ
852 3691 940 3744 διὰ
959 3689 1130 3760 τύχης
1174 3688 1368 3757 ὁμοίας
1399 3688 1659 3758 ὑπῆλθον,
1710 3687 1804 3739 καὶ
1849 3680 2003 3749 οὗτος

417 3786 678 3847 πολλάκις
724 3784 841 3848 ἑνὸς
876 3783 1080 3846 αὐτῶν,
1112 3785 1162 3835 εἰ
1208 3780 1352 3834 οὕτω
1399 3780 1560 3851 τύχῃ,
1588 3780 1740 3850 παρά
1777 3778 1873 3832 τοῦ
1922 3779 2004 3830 δε-

416 3878 616 3932 σπότου
668 3875 921 3937 λυθέντος
956 3872 1221 3935 δουλείας,
1239 3869 1333 3924 τοῦ
1394 3870 1584 3941 ἐτέρου
1648 3870 1852 3939 μέρους
1904 3865 2001 3921 τοῦ

413 3968 613 4040 δεσμοῦ
642 3970 718 4039 μὴ
751 3965 1248 4027 συναπολυθέντος,
1282 3965 1364 4026 είς
1400 3960 1692 4031 ἀνισότητα
1741 3961 2002 4014 καθιστά-

417 4077 614 4131 μενος,
673 4061 739 4112 ἐκ
774 4057 1031 4125 τοιαύτης
1061 4054 1239 4117 αίτίας
1286 4052 1388 4105 οὑκ
1433 4051 1619 4121 ὀλίγης
1666 4050 1997 4120 ἀμφιϐολίας

414 4153 509 4206 καὶ
534 4151 817 4221 ζητήσεως
846 4152 910 4203 ὲκ
946 4148 1042 4202 τοῦ
1074 4147 1151 4218 μὴ
1189 4148 1375 4215 τυχεῖν
1410 4144 1641 4213 νομικῆς
1666 4143 1996 4213 διακρίσεως

414 4245 531 4319 ἔριν
580 4246 853 4300 ἀνακινῶν
930 4243 1253 4311 καθορᾶται.
1326 4240 1709 4310 Ὀφειλόμενον
1756 4234 1851 4293 οὖν
1903 4240 2001 4293 καὶ

412 4336 571 4391 τοῦτο
630 4335 887 4407 νομισθὲν
938 4333 1017 4403 τῷ
1066 4331 1321 4404 ἡμετέρῳ
1386 4330 1582 4401 κράτει
1660 4330 1761 4399 τῆς
1826 4346 2002 4400 προσ-

414 4428 657 4499 ηκούσης
697 4429 881 4498 τυχεῖν
932 4425 1230 4487 διαλύσεως
1266 4424 1357 4477 τὸν
1391 4422 1458 4476 δι’
1487 4419 1549 4477 οὗ
1574 4421 2003 4492 ῥυθμισθήσεται

412 4519 577 4590 νόμον
599 4518 888 4590 ἀπείληφε.
936 4516 1002 4571 Τί
1051 4515 1110 4569 δὲ
1154 4515 1217 4568 τὸ
1256 4512 1644 4584 νομοθέτημας

482 4696 795 4769 Κελεύομεν
834 4697 897 4751 τὸ
924 4695 1025 4766 τῆς
1048 4693 1296 4758 δουλείας
1340 4691 1762 4762 ἀπηλλαγμένον
1806 4690 1995 4760 μέρος,

412 4792 479 4846 ἂν
498 4791 599 4863 τὴν
653 4790 790 4861 πρὸς
843 4789 903 4843 τὸ
959 4786 1324 4856 καταλειφθὲν
1371 4782 1645 4839 δουλεύειν
1700 4784 1999 4852 συνάφειαν

412 4884 626 4956 ἀγαπᾷ,
662 4883 806 4937 κατά
852 4883 946 4936 τὸν
977 4879 1472 4950 νενομοθετημένον
1504 4875 1675 4930 τύπον
1697 4877 1718 4907 ³
1748 4874 1844 4929 ἐπὶ
1886 4874 1999 4929 τῶν

413 4977 474 5045 ἐξ
524 4975 840 5048 ἐλευθερίας
889 4972 988 5028 καὶ
1064 4970 1312 5034 δουλείας
1382 4966 1876 5038 συναρμοζομένων
1940 4965 2002 5019 τὸ

2614 3157 3080 3215 CONSTITUTIO
3117 3160 3204 3215 Cl.
3295 3212 3304 3227 ,

2115 3248 2192 3306 De
2221 3251 2386 3305 servis
2420 3250 2731 3322 coniugibus
2753 3252 2800 3305 si
2856 3251 2992 3305 alter
3048 3252 3266 3307 illorum
3323 3254 3569 3311 libertate
3597 3255 3699 3311 doc

2817 3335 2899 3375 ne:
2905 3339 2991 3378 ur.

2179 3411 2329 3468 Idem
2360 3412 2654 3482 imperator
2682 3413 2857 3468 eidem
2893 3414 3163 3485 Styliano.

2178 3501 2301 3557 Non
2338 3504 2513 3559 solum
2547 3504 2694 3574 quod
2753 3503 2896 3559 inter
2925 3520 3215 3574 personant
3253 3507 3480 3565 liberam
3508 3519 3563 3566 et
3582 3526 3700 3568 ser-

2109 3592 2270 3647 vilem
2333 3593 2401 3647 ab
2461 3592 2622 3647 initio
2684 3594 3035 3648 contrahitur
3095 3597 3510 3653 matrimonium
3558 3616 3695 3657 con-

2106 3685 2367 3746 trahitur,
2400 3684 2495 3741 sed
2519 3686 3066 3755 quod-connnuniter
3094 3689 3150 3744 in
3188 3692 3453 3748 servitute
3481 3693 3691 3764 degen-

2105 3786 2189 3833 tes
2215 3779 2270 3832 in
2302 3779 2417 3847 pari
2454 3778 2674 3834 fortuna
2692 3790 3109 3847 centraxerunt,
3149 3783 3255 3838 hoc
3292 3784 3483 3850 etiam,
3513 3787 3694 3843 altero

2106 3868 2324 3923 illorum
2352 3869 2491 3925 forte
2521 3885 2549 3923 a
2579 3871 2805 3925 domino
2834 3873 3090 3928 libertate
3119 3873 3347 3940 donato,
3366 3876 3543 3931 altero
3563 3894 3695 3934 vero

2105 3961 2160 4014 in
2190 3960 2455 4015 servitute
2477 3969 2712 4027 retento,
2742 3962 2808 4017 ad
2836 3962 3263 4032 inaequalitatem
3280 3964 3564 4019 redactum
3586 3978 3692 4034 est.

2104 4066 2171 4105 ex
2208 4052 2521 4107 istiusmodi
2545 4068 2712 4108 causa
2746 4053 2903 4107 valde
2930 4054 3313 4110 contentiosas
3355 4055 3692 4126 ambiguita-

2105 4151 2189 4198 tes
2216 4151 2271 4198 et
2297 4143 2656 4213 qmestiones,
2696 4160 2763 4199 eo
2807 4145 2953 4215 quod
3007 4145 3125 4216 lege
3162 4145 3526 4216 dijudicatum
3578 4165 3689 4204 non

2102 4233 2196 4298 sit,
2236 4248 2477 4303 persaepe
2504 4234 2851 4290 exsuscitare
2890 4236 3254 4305 conspicitur.
3317 4236 3454 4292 Cum
3503 4239 3693 4309 itaque

2104 4324 2207 4379 hoc
2235 4340 2454 4394 quoque
2494 4340 2525 4379 a
2577 4337 2766 4380 nostra
2827 4327 3119 4396 majestate
3168 4327 3288 4400 lege
3336 4339 3691 4402 conceptum,

2102 4417 2495 4472 convenienter
2542 4418 2812 4490 distingui
2868 4420 3134 4489 deberet,
3180 4422 3325 4480 banc
3380 4439 3479 4495 per
3526 4440 3689 4496 quam

2025 4532 2081 4591 ι)
2106 4516 2258 4564 recte
2278 4507 2617 4579 dijudicetur
2648 4511 2822 4583 legem
2856 4514 3094 4586 accepit.
3134 4514 3207 4570 At
3252 4531 3386 4573 vero
3442 4533 3566 4588 quae
3598 4518 3693 4575 illa

2103 4599 2191 4656 lex
2207 4600 2232 4654 ἲ

2177 4690 2465 4757 Jubemus.
2503 4704 2564 4750 ut
2596 4695 2643 4751 si
2672 4697 2941 4753 servitute
2985 4698 3218 4754 liberata
3275 4714 3509 4771 persona
3556 4713 3692 4755 con-

2101 4782 2379 4854 junctioni
2424 4787 2570 4857 eius,
2636 4804 2762 4858 quae
2787 4788 2841 4844 in
2871 4790 3141 4846 servitute
3212 4791 3400 4845 relicta
3448 4798 3556 4855 est,
3596 4805 3692 4845 ac-

2106 4876 2382 4946 quiescat.
2402 4879 2712 4936 secundum
2753 4880 2987 4936 formam
3031 4880 3145 4952 (50)
3182 4880 3253 4936 de
3274 4882 3528 4951 personis
3553 4882 3691 4937 libe-

2109 4967 2188 5022 ris
2249 4975 2306 5023 et
2351 4969 2643 5027 servilibus
2712 4969 3065 5025 matrimonio
3123 4971 3531 5043 conjungendis
3570 4974 3725 5044 lege~

1722 5149 1965 5205 VARIIE
1993 5149 2399 5208 LECTIONES.

472 5278 517 5319 οι
548 5277 660 5335 Inc.
693 5276 911 5346 Ecloga.
983 5276 1028 5307 "
1045 5272 1161 5346 Ecl.
1176 5269 1481 5346 συνέχουσι.
1556 5265 1722 5346 “_§ic_
1746 5264 1860 5320 Ecl.
1899 5266 2149 5346 quamvis
2175 5265 2601 5346 haee-Stephano
2624 5275 2876 5346 suspecta
2915 5267 3100 5346 sint.“
3122 5271 3166 5302 "
3199 5270 3455 5346 Fortasse
3491 5271 3689 5346 adden-
3764 5290 3765 5293 η

412 5351 544 5427 dunt
578 5366 593 5403 :
637 5336 1048 5427 χωρῄσὲιπρδς.
1076 5343 1203 5427 τούς
1242 5336 1531 5427 δεσπότας..
1607 5336 1836 5427 ξθιξρξξι

1970 5334 2177 5405 ρέτισεν
2205 5334 2548 5405 scribivult.
2582 5404 2585 5405 ν
2633 5337 2705 5405 ,",

2768 5336 2837 5391 cl.
2869 5339 3170 5413 teatdﬁlav
3226 5341 3369 5413 ζημ.
3395 5344 3687 5413 negatione

412 5351 544 5428 dunt
578 5366 593 5403 :
637 5335 1035 5428 xmpﬁoztjtpoc
1076 5343 1203 5405 τοὺς
1245 5335 1531 5436 δεσπότας.
1607 5338 1653 5370 ⁸⁸
1690 5336 1891 5460 Spang.
1919 5335 2177 5457 θρέτισεν
2205 5335 2371 5390 scribi
2415 5337 2548 5389 vult.
2659 5337 2705 5368 "
2725 5335 2837 5391 Ecl.
2874 5341 3015 5392 κατά
3050 5339 3170 5410 βίαν
3226 5341 3360 5423 ζημ.
3395 5344 3685 5424 negatione

412 5432 639 5475 omissa.
670 5416 810 5483 Qlﬂd
844 5433 889 5471 SI
920 5413 1063 5467 κατά
1101 5413 1215 5483 βίον
1240 5410 1519 5483 legamus?
1611 5409 1627 5440 ¹
1658 5404 1735 5461 Ita
1767 5408 1844 5461 Ec
1870 5446 1885 5461 .
1967 5404 2091 5476 ulgo
2118 5404 2430 5475 ὁμολογισθ.
2507 5407 2529 5438 ¹
2550 5404 2666 5460 Ecl.
2694 5404 2832 5462 Nov.
2856 5409 2946 5474 Π,
2975 5410 3042 5465 ad
3075 5426 3239 5481 quam
3266 5428 3320 5466 in
3341 5411 3474 5467 Cod.
3505 5411 3685 5470 Pam.

414 5487 557 5545 1555
589 5496 806 5542 notatur
837 5485 1080 5547 ἀδεκτος.

1974 5591 2201 5651 NOTAE.

483 5718 577 5789 (46
600 5718 691 5787 48)
714 5715 850 5771 Nov.
890 5716 1011 5789 lOl,
1036 5714 1080 5789 j.
1109 5715 1231 5789 eod.

490 5781 605 5862 (49)
641 5781 790 5843 Yacnt
827 5790 911 5843 lux
942 5788 998 5851 5,
1021 5781 1074 5841 ΙΙ.
1110 5784 1187 5840 De
1218 5781 1454 5840 liberali.

2180 5708 2295 5779 (50)
2328 5706 2404 5765 De
2436 5723 2541 5779 qua
2572 5707 2779 5766 dictttm
2812 5717 2899 5765 cst
2929 5708 3063 5767 Nov.
3106 5711 3226 5779 100,
3251 5728 3416 5785 supra
3436 5714 3577 5786 cod.
