4022 6450
388 350 491 415 697

1645 344 1925 409 [ΕΘΝῐὸ
1962 345 2422 412 PHILOSOPHI

3561 347 3667 413 628

391 470 847 537 comprehensam
877 460 1286 517 matrimonium
1320 458 1693 529 indisruptum
1728 466 1967 515 maneat.

2104 463 2414 517 ωνοικέσιον
2448 463 2813 539 ἀδιάρῤηκτον
2854 464 3022 536 ἔχειν.
3060 464 3154 518 Δεῖ
3188 463 3355 535 γὰρῆ
3388 464 3491 532 τῆς
3526 462 3670 518 διδομ-

392 557 621 629 Oportet
672 558 843 620 enim,
873 560 1059 609 utaut
1090 552 1275 607 datam
1336 550 1441 607 sibi
1501 551 1809 606 libertatem
1862 566 1971 606 non

395 659 642 722 usurpet,
666 658 720 704 et
740 646 1025 717 aequaliter
1049 660 1175 701 cum
1212 644 1384 700 altera
1434 644 1690 699 libertate
1731 658 1842 697 non
1871 642 1975 698 do-

396 752 525 801 nata
556 742 839 798 servitutis
862 740 1051 809 jugum
1087 739 1305 802 subeat,
1338 737 1516 791 donec
1550 735 1665 807 (51)
1693 745 1977 792 extremus

396 840 521 892 vitae
545 836 665 891 dies
721 833 949 888 domino
986 832 1248 888 obveniat
1271 838 1423 896 :aut,
1458 829 1729 899 siquidem
1756 828 1980 883 liberta-

395 930 467 985 tis
521 928 842 997 dignitatem
874 941 1076 981 exuere
1100 924 1259 988 nolit,
1294 939 1393 994 pro
1413 921 1675 990 adjuncta
1712 920 1815 976 sibi
1853 936 1979 991 per-

396 1035 532 1076 sona
562 1019 798 1089 pretium
826 1033 887 1073 se
922 1018 1229 1073 soluturam
1276 1016 1583 1087 promittat.
1636 1015 1905 1071 Caeterum
1933 1014 1981 1070 si

398 1113 504 1169 hoc
529 1114 787 1182 negliget,
813 1118 869 1166 et
895 1126 959 1167 ex
993 1111 1248 1166 libertate
1280 1125 1382 1166 sua
1414 1108 1712 1164 occasione
1739 1120 1982 1179 arrepta,

400 1207 455 1261 in
478 1205 741 1263 servitute
767 1204 1013 1262 relictam
1045 1218 1337 1275 personam
1369 1205 1424 1259 in
1453 1205 1578 1259 vita:
1627 1219 1741 1259 sua:
1776 1210 1983 1259 statum

400 1300 653 1368 abripere
690 1307 946 1361 conetur,
983 1312 1091 1351 non
1123 1297 1302 1351 solum
1361 1312 1473 1351 non
1524 1297 1628 1350 hac
1670 1295 1986 1365 arrogantia

401 1388 703 1459 quidquam
728 1387 953 1450 elliciat,
1001 1402 1182 1457 neque
1207 1387 1367 1442 alteri
1402 1388 1711 1443 libertatem
1741 1385 1985 1441 donandi

402 1484 732 1547 potestatem
765 1476 962 1532 habeat
989 1494 1003 1530 :
1042 1492 1230 1531 verum
1284 1476 1449 1531 etiam
1478 1476 1597 1546 ipsa
1628 1491 1790 1546 quam
1822 1474 1990 1529 liber-

407 1576 577 1623 tatem
610 1576 767 1621 nacta
794 1575 898 1632 est,
933 1568 1038 1623 hac
1066 1568 1306 1633 excidat,
1337 1582 1672 1638 rursumque
1701 1567 1991 1623 servitutis

406 1659 536 1730 jugo
567 1660 769 1715 collum
835 1658 1297 1729 subdatzutpote
1368 1674 1491 1729 quae
1538 1659 1753 1728 ingrato
1807 1658 1994 1712 animo

408 1752 644 1823 benigne
693 1751 902 1807 domini
937 1752 1023 1807 sui
1058 1766 1123 1805 ac
1146 1750 1405 1807 benefica:
1429 1751 1700 1807 voluntati
1734 1750 1992 1820 injuriam

409 1843 676 1906 intulerit,
700 1843 932 1913 ejusque
956 1843 1253 1912 judicium,
1288 1842 1436 1912 quod
1475 1841 1712 1897 revereri
1745 1849 1800 1897 et
1829 1856 1996 1896 vene-

408 1935 520 1989 rari
558 1934 814 1999 debebat,
848 1943 1113 2006 tanquam
1140 1950 1239 2006 per
1262 1934 1618 1990 rebellionem
1639 1943 1997 1990 contemnere

408 2027 684 2098 cogitarit.

796 2317 1269 2375 CONSTITUTIO
1324 2319 1438 2389 (δε)
1490 2317 1599 2372 cu.

410 2407 489 2465 De
527 2409 742 2479 prwdiis
773 2411 1063 2463 maritimis
1111 2409 1179 2462 ad
1228 2426 1462 2461 remorav
1503 2409 1615 2477 (55)
1675 2411 1997 2478 piscatorios

481 2481 886 2533 constituendas
938 2496 1179 2533 seorsum
1231 2496 1336 2531 non
1388 2480 1882 2546 su/jicientibus:¢t
1940 2491 1997 2533 ut

483 2551 680 2604 invitus
710 2552 870 2605 etiam
894 2550 963 2603 ad
991 2553 1296 2603 societatem
1325 2550 1601 2617 adigatur.

484 2638 632 2695 Idem
676 2640 975 2708 imperator
997 2638 1174 2694 eidem
1211 2639 1481 2708 Styliano.

477 2731 647 2787 Multa
706 2734 818 2803 (54)
868 2733 1186 2787 cumulatim
1214 2731 1354 2785 bona
1379 2730 1693 2784 mortalium
1718 2731 1843 2786 vita:
1872 2746 1999 2786 cnn-

414 2824 524 2880 fert
556 2824 857 2893 prudenter
876 2834 931 2878 et
956 2838 1081 2877 cum
1108 2824 1324 2876 ratione
1348 2822 1593 2876 instituta
1625 2838 1808 2877 rerqu
1843 2838 1997 2877 com-

414 2915 625 2971 munio.
683 2912 895 2968 Etenim
949 2912 1042 2982 qui
1079 2912 1289 2967 viribus
1346 2912 1509 2975 valet,
1575 2911 1621 2964 si
1647 2926 1773 2965 cum
1801 2912 1995 2975 altero,

413 3004 507 3075 qui
548 3003 805 3059 similiter
857 3002 1071 3056 viribus
1130 3001 1333 3065 valeat,
1384 3000 1777 3063 communicet,
1837 3001 1998 3069 longe

416 3093 827 3165 praestantiores
861 3100 1027 3162 atque
1060 3090 1312 3145 utiliores
1333 3088 1457 3158 ejus
1490 3089 1635 3142 vires
1664 3088 1902 3142 fuerint:
1943 3096 1997 3142 et

415 3186 637 3249 divites,
670 3185 717 3240 si
744 3184 969 3241 divitias
994 3198 1317 3239 communes
1358 3181 1587 3245 faciant,
1624 3180 1887 3250 majorem
1937 3196 2004 3236 ex

418 3277 629 3333 divitiis
657 3277 991 3346 voluptatem
1025 3274 1245 3344 capiant
1273 3291 1288 3327 :
1316 3273 1555 3341 denique
1622 3272 1668 3327 si
1708 3280 2003 3341 paupertas

421 3378 659 3440 premat,
704 3383 998 3438 operarum
1047 3366 1369 3422 communio
1440 3365 1846 3428 consolatione,
1897 3379 2001 3433 qua

422 3462 763 3532 paupertatis
809 3460 1087 3515 acerbitas
1148 3459 1465 3529 mitigetur,
1525 3472 1633 3511 non
1715 3456 2002 3526 indigebit.

426 3554 626 3612 Verum
657 3570 785 3609 cum
818 3555 957 3609 adeo
984 3552 1277 3609 commoda
1300 3559 1465 3622 atque
1488 3552 1642 3605 utilis
1666 3551 1720 3604 in
1753 3565 2006 3604 commu-

422 3647 479 3701 ni
518 3646 631 3701 vita
657 3646 977 3702 communio
1021 3652 1077 3699 et
1104 3643 1343 3699 societas
1388 3644 1483 3708 sit,
1555 3641 1826 3695 mirabilis
1852 3655 2007 3710 qua:-

422 3739 550 3794 dam
582 3737 869 3792 hominum
921 3736 1139 3792 animos
1186 3733 1414 3790 subiens
1469 3732 1735 3802 pravitas,
1801 3732 2005 3785 nedum

425 3829 549 3886 aliis
584 3830 653 3884 ad
684 3829 979 3885 utilitatem
1034 3828 1429 3898 impedimento
1465 3834 1574 3891 est,
1607 3840 1801 3881 verum
1838 3823 2005 3878 etiam

425 3919 521 3989 qui
548 3918 725 3990 ipsam
759 3920 969 3986 fovent,
1006 3931 1065 3975 ut
1096 3921 1263 3975 rebus
1313 3919 1431 3973 suis
1464 3918 1679 3981 noceri,
1737 3932 1903 3987 quam
1948 3924 2010 3971 ut

427 4012 561 4067 inita
589 4028 713 4067 cum
743 4013 946 4069 vicinis
980 4012 1248 4070 societate
1278 4012 1414 4082 ipsis
1466 4010 1679 4081 aliquid
1723 4010 1865 4064 lucri
1909 4024 2007 4064 ac-

426 4102 612 4170 cedat,
659 4104 981 4174 permittere
1016 4104 1234 4164 malint.
1261 4102 1584 4172 persuadet.

502 4288 583 4341 Ac
617 4286 729 4342 tale
766 4287 1028 4357 quiddam
1060 4294 1210 4340 certe
1233 4285 1304 4338 de
1339 4284 1623 4340 nonnullis
1669 4285 2007 4352 audivimus,

430 4378 525 4447 qui
553 4392 677 4432 cum
707 4378 982 4432 maritima
1010 4376 1212 4447 praedia
1238 4376 1494 4437 habeant,
1526 4391 1649 4445 qua:
1678 4391 1774 4445 per
1800 4392 1859 4431 se
1886 4393 1997 4431 non

2078 555 2247 627 μένης
2287 556 2600 628 ἐλευθερίας
2645 558 2794 628 αύτῷ
2830 558 2905 629 μὴ
2953 556 3390 621 ἀντιποιεῖσθαι,
3443 556 3559 610 ἀλλ’
3608 557 3669 624 ἐξ

2081 646 2199 701 ίσου
2262 649 2355 702 τὸν
2407 650 2647 704 δούλειον
2699 650 3101 720 ὑποϐεϐηκέναι
3159 649 3323 716 ζυγὸν
3371 648 3451 719 τῷ
3496 648 3671 719 ἑτέρῳ

2082 738 2263 806 μέρει,
2293 738 2453 810 ἄχρις
2482 739 2549 795 ἂν
2577 742 2611 810 ή
2633 740 2839 804 τέλειος
2861 741 3045 811 ἡμέρα
3066 740 3159 795 τοῦ
3193 740 3309 809 βίου
3359 739 3669 810 συναντήσῃ

2080 826 2159 897 τῷ
2190 826 2289 897 τὴν
2346 829 2649 900 κυριότητα
2698 828 2919 900 λαχόντι
2962 829 3058 883 τοῦ
3091 830 3166 900 μὴ
3216 829 3523 899 ἀφειμένου
3566 830 3673 899 τῆς

2082 916 2329 981 δουλείας
2402 918 2720 991 προσώπου,
2779 920 2813 991 ἦ
2892 921 3098 991 ἐάνπερ
3154 920 3218 974 τὸ
3290 920 3509 991 ἀξίωμα
3570 920 3672 990 τῆς

2083 1008 2395 1080 ἐλευθερίας
2451 1011 2553 1065 οὐκ
2578 1011 2918 1081 ἀποδύηται,
2953 1012 3021 1084 ἣν
3054 1013 3075 1045 ’⁵
3110 1012 3252 1083 ὑπὲρ
3300 1011 3398 1065 τοῦ
3434 1010 3674 1080 συζύγου

2088 1102 2289 1173 μέρους
2346 1103 2675 1175 ὁμολογήσει
2742 1106 2911 1178 τιμὴν
2982 1104 3433 1160 συντελέσασθαι.
3496 1104 3560 1157 El
3615 1104 3676 1157 δὲ

2085 1193 2245 1249 τοῦτο
2296 1194 2397 1265 μὲν
2425 1195 2601 1249 όπίσω
2637 1195 2813 1268 ῥίψειε
2851 1197 3153 1267 φροντίδος,
3203 1196 3463 1268 ἀφορμὴν
3518 1196 3576 1250 δὲ
3610 1195 3677 1249 τδ

2087 1288 2287 1340 οἰκεῖον
2314 1290 2641 1359 ποιούμενος
2669 1290 2860 1345 ἄνετον
2885 1289 3023 1362 πρὸς
3046 1290 3108 1343 τδ
3136 1292 3337 1344 οἰκεῖον
3368 1291 3556 1360 σχῆμα
3578 1287 3676 1342 τοῦ

2092 1379 2209 1451 βίου
2232 1381 2573 1453 ἀναρπάζειν
2608 1382 2900 1454 πειραθείη
2948 1383 3011 1437 τὸ
3052 1382 3415 1451 καταλειφθὲν
3443 1384 3523 1447 είς
3556 1382 3680 1435 δου-

2090 1469 2243 1525 λείαν
2294 1471 2482 1541 μέρος,
2534 1472 2609 1543 μὴ
2670 1473 2915 1542 μόνονικ
2962 1473 3064 1543 τῆς
3124 1471 3414 1535 αὐθαδείας
3471 1471 3680 1539 ταύτης

2096 1561 2263 1631 μηδὲν
2303 1561 2546 1626 ὲξανύειν
2597 1564 2721 1634 μηδ’
2752 1564 2906 1635 ἰσχὺν
2947 1563 3091 1634 ἔχειν
3139 1563 3457 1634 ἐλευθερίαν
3497 1562 3678 1634 ἑτέρῳ

2093 1653 2441 1724 χαρίζεσθαι,
2507 1655 2645 1709 ἀλλὰ
2702 1657 2797 1711 καὶ
2863 1656 3031 1710 αὑτὸν
3094 1657 3304 1711 ἐκεῖνον
3368 1652 3439 1728 ἦς
3488 1654 3683 1708 ἔλαϐεν

2096 1746 2387 1801 ἐκπίπτειν
2416 1749 2583 1818 τιμῆς
2603 1749 2696 1803 καὶ
2720 1749 2883 1804 πάλιν
2914 1748 3253 1803 ὑποκύπτειν
3287 1749 3368 1819 τῷ
3388 1747 3537 1817 ζυγῷ
3580 1747 3684 1816 τῆς

2098 1834 2375 1903 δουλείας,
2430 1837 2527 1891 au
2576 1838 2640 1909 δὴ
2694 1838 2891 1913 γνώμῃ
2941 1839 3380 1911 περιυϐρίσαντα
3429 1837 3683 1911 μοχθηρᾷ

2099 1926 2343 1996 χρηστὴν
2390 1926 2485 1980 καὶ
2516 1928 2839 1998 εὐεργέτιδα
2866 1928 2963 1983 τοῦ
2997 1930 3130 1985 ίδίου
3180 1930 3443 1985 δεσπότου
3488 1927 3683 1998 προαί-

2100 2034 2272 2088 ρεσιν,
2320 2019 2415 2072 καὶ
2449 2018 2550 2090 τὴν
2590 2022 2800 2075 ἐκείνου
2851 2022 3035 2093 κρίσιν
3086 2022 3467 2093 ἁπονοηθέντα
3531 2019 3688 2091 παρᾶ

2099 2109 2307 2179 φαῦλον
2346 2112 2703 2182 ποιήσασθαι,
2740 2115 2808 2184 ἢν
2833 2114 3008 2185 ἐχρῆν
3045 2114 3115 2169 δι’
3171 2114 3356 2179 αἰδοῦς
3406 2114 3562 2184 ἄγειν
3592 2115 3693 2167 καὶ

2100 2204 2408 2268 εὐλαϐείας.

2634 2318 2948 2372 ΔΙΑΤᾹΞΙΣ
3002 2318 3103 2372 PB'
3131 2320 3173 2373 ⁸.

2102 2409 2239 2480 Περὶ
2267 2412 2785 2477 παραθαλασσίων
2828 2412 3058 2480 χωρίων
3096 2411 3240 2479 πρὸς
3289 2409 3519 2477 ἐποχῆς
3573 2426 3691 2462 κα-

2172 2479 2475 2533 τάστασιν
2495 2480 2613 2534 ἀνὰ
2642 2479 2926 2548 μέροςίμὴ
2946 2482 3253 2549 ἀρκοῦντα
3293 2481 3313 2511 ⁸
3341 2480 3437 2533 καὶ
3466 2480 3695 2534 ἄκοντα

2175 2550 2282 2603 τὸν
2305 2550 2392 2618 μὴ
2444 2550 2700 2605 θέλοντα
2730 2550 3002 2618 ἄγεσθαι.

2188 2640 2245 2693 'U
2273 2641 2436 2704 αὐτὸς
2462 2642 2712 2710 βασιλεὺς
2742 2641 3016 2713 Στυλιανῷ
3039 2642 3118 2711 τῷ
3146 2641 3315 2712 αὐτῷ.

2177 2734 2337 2801 Μέγα
2363 2735 2382 2766 ⁷
2435 2734 2513 2804 τῷ
2562 2735 2662 2805 βίῳ
2712 2734 2999 2805 χαρίζεται
3044 2738 3077 2806 ὴ
3112 2736 3209 2789 σὺν
3248 2737 3559 2806 φρονήματι
3596 2736 3693 2791 καὶ

2102 2825 2348 2895 λογισμῷ
2380 2827 2489 2879 τῶν
2523 2828 2868 2897 πραγμάτων
2909 2826 3256 2897 κοινώνησις.
3289 2827 3400 2882 Καὶ
3449 2828 3555 2899 γὰρ
3598 2829 3696 2881 καὶ

2100 2916 2384 2986 δυνάμεώς
2431 2934 2539 2971 τινι
2597 2917 2879 2988 παρούσης
2914 2916 2979 2971 ὲκ
3022 2917 3140 2971 τοῦ.
3186 2920 3470 2972 κοινωνεῖν
3522 2919 3704 2988 ἑτέρῳ

2104 3009 2507 3080 παραπλησίως
2547 3009 2877 3081 εὐποροῦντι
2934 3010 3217 3080 δυνάμεως
3269 3011 3472 3080 μᾶλλον
3507 3011 3695 3079 ὀνησι-

2114 3101 2333 3170 μωτέρα
2374 3100 2713 3171 καθέστηκεν
2744 3103 2779 3172 ή
2806 3101 3061 3172 δύναμις,
3102 3103 3197 3157 καὶ
3248 3102 3605 3165 πλουτοῦντες
3636 3101 3693 3154 δὲ

2108 3192 2309 3261 τρόπον
2338 3193 2497 3247 ἄλλον
2526 3192 2618 3247 τὸν
2672 3192 2904 3248 πλοῦτον
2955 3196 3438 3266 κοινοποιήσαντες
3489 3194 3696 3264 γλυκύ-

2107 3300 2267 3352 τερον
2285 3284 2387 3353 τῆς
2415 3283 2525 3337 ἀπὸ
2564 3283 2660 3337 τοῦ
2692 3285 2943 3340 πλουτεῖν
2975 3287 3344 3342 ἀπολαύουσιν
3374 3288 3691 3352 εὐπαθείας,

2108 3374 2205 3427 καὶ
2243 3378 2689 3447 στενοχωρούσης
2735 3377 2929 3441 πενίας
2979 3378 3079 3432 οῦκ
3115 3380 3387 3451 ἀπορήσει
3440 3378 3697 3451 παραμύ-

2110 3463 2222 3517 θιον
2242 3465 2424 3534 εὑρεῖν
2444 3466 2478 3535 ή
2508 3467 2567 3521 ὲν
2587 3469 2703 3531 τοῖς
2750 3467 2934 3539 ἔργοις
2964 3470 3233 3541 κοινότης,
3265 3471 3334 3524 δι’
3368 3464 3431 3525 οὗ
3460 3472 3523 3526 τὸ
3561 3488 3696 3541 σφο-

2108 3556 2234 3625 δρὸν
2262 3556 2617 3627 ἀλυπώτερον
2668 3559 2756 3631 είη
2788 3560 2887 3631 τῆς
2941 3564 3330 3634 στενοχωρίας.
3371 3563 3512 3617 Ἀλλ’
3542 3563 3697 3626 όντος

2108 3647 2253 3701 οὕτω
2285 3648 2451 3702 καλοῦ
2491 3651 2591 3704 καὶ
2624 3652 2907 3723 χρησίμου
2953 3655 3049 3708 τοῦ
3090 3655 3234 3708 κατὰ
3286 3654 3400 3724 βίον
3435 3656 3698 3725 κοινωνή-

2114 3757 2302 3809 ματος,
2331 3740 2453 3812 ξένη
2481 3759 2563 3806 τις
2595 3744 2895 3816 ἐνδυομένη
2914 3747 3084 3801 κακία
3107 3750 3229 3811 ταῖς
3256 3749 3366 3801 τῶν
3391 3746 3699 3818 ἀνθρώπων

2109 3834 2308 3902 ψυχαῖς
2344 3834 2405 3887 οὐ
2439 3835 2601 3905 μόνον
2635 3837 2850 3908 ἑτέροις
2898 3839 3155 3911 ἐμποδὼν
3205 3840 3529 3895 καθίσταται
3559 3840 3697 3910 πρὸς

2110 3926 2411 3994 ὠφέλειαν,
2471 3928 2588 3981 ἀλλ’
2656 3931 2935 4001 αἱρεῖσθαι
2986 3932 3167 3986 πείθει
3215 3933 3345 3998 τοὺς
3391 3934 3700 3996 θάλποντας

2110 4016 2279 4088 αὐτὴν
2335 4020 2555 4089 ἀγαπᾷν
2616 4022 2713 4075 καὶ
2755 4023 2823 4076 τὰ
2872 4024 3050 4077 οίκεῖα
3104 4023 3613 4090 καταδλάπτεσθαι,
3662 4023 3698 4094 ἢ

2117 4113 2420 4178 συγχωρεῖν
2448 4112 2505 4163 ὲν
2542 4112 2620 4182 τῷ
2659 4114 2991 4184 κοινωνῆσαι
3043 4116 3157 4178 τοῖς
3201 4115 3432 4185 πλησίον
3467 4132 3699 4187 προστιο

2114 4201 2267 4255 θέναι
2292 4221 2344 4255 τι
2368 4204 2557 4275 κέρδος
2586 4206 2791 4268 αὐτοῖς.

2186 4294 2438 4347 Τοιοῦτόν
2466 4312 2517 4348 τι
2549 4296 2825 4366 προσῆλθε
2848 4298 2971 4360 ταῖς
3000 4297 3163 4367 ήμῶν
3190 4298 3384 4361 ἀκοαῖς
3413 4296 3709 4367 γινόμενον

2116 4377 2208 4431 ὑπ’
2234 4378 2415 4443 ἐνίων,
2446 4379 2495 4430 οἳ
2535 4379 2821 4433 θαλαττίου
2880 4380 3055 4451 νομῆς
3086 4381 3109 4413 ⁸
3151 4382 3536 4451 εὐποροῦντες,
3575 4379 3701 4435 καθ’

434 4471 510 4525 ita
560 4469 789 4539 Inuitum
822 4470 961 4523 lucri
1018 4468 1274 4533 aderant,
1309 4481 1436 4521 cum
1497 4468 1681 4523 vicino
1744 4477 1926 4522 autem
1962 4484 1992 4523 e

2120 4470 2317 4540 ἑαυτὴν
2356 4471 2455 4540 μὲν
2488 4472 2547 4524 οὐ
2590 4472 2731 4542 μέγα
2760 4489 2813 4525 τι
2854 4472 3046 4541 φέρειν
3088 4472 3280 4545 κέρδος
3314 4472 3702 4543 δεδυνημένηςτ

436 4560 720 4630 adjaceute
808 4560 1014 4632 praedio
1093 4558 1593 4614 communicatione
1680 4559 2015 4628 conjuncta,

2097 4561 2198 4614 σὺν
2243 4562 2302 4614 δὲ
2347 4565 2416 4633 τῇ
2479 4562 2682 4631 γείτονι
2743 4563 2838 4616 καὶ
2903 4565 3441 4637 προσπαρακειμένῃ
3510 4580 3704 4619 κοινω-

1709 4726 1946 4782 VARUE
1986 4727 2395 4787 LECTIONES.

508 4856 531 4888 ³
563 4851 693 4909 Scil.
720 4849 1096 4905 ConstitJOO.
1163 4846 1187 4878 ‘
1217 4823 1364 4919 βοά.
1389 4846 1838 4919 etEcl.rjv.Se_d
1864 4850 2088 4905 omnino
2118 4850 2185 4919 ἢν
2227 4851 2619 4917 reponendum,
2644 4859 2700 4904 ut
2724 4849 2900 4904 oratio
2932 4848 3013 4905 sic
3039 4847 3326 4919 procedat:
3354 4846 3455 4900 δεῖ.
3492 4882 3549 4919 ,1.
3580 4858 3704 4919 συν-

434 4923 759 5004 τελέσασθαι
780 4993 792 5004 .
814 4922 982 5004 τιμῂν
1014 4922 1083 4991 ἢν
1114 4916 1455 5004 ὁμολογήσει.

442 5064 675 5136 μεγάλα.
694 5061 950 5116 Fortasse
979 5062 1201 5116 rectius.

1563 4918 1585 4947 “
1620 4917 1731 4973 Ecl.
1774 4917 1907 4973 Nov.
1942 4919 2029 4974 50.

436 4994 745 5065 emendavit
771 4987 1108 5065 ιὶιρκούντξιιᾷνἶ
1134 4987 1205 5027 4—
1241 4987 1501 5065 Fortasse
1534 5003 1655 5039 mox
1688 4987 1779 5065 τόν
1799 4988 2019 5065 γςτονα
2048 5005 2144 5065 pro
2170 4991 2259 5065 τὸν
2294 4987 2366 5059 μὴ
2396 4992 2614 5065 θέλοντα
2658 4992 2809 5065 legen

2121 4915 2151 4952 ⁸⁷
2172 4915 2423 4990 Plerique
2466 4922 2638 4978 Codd.
2691 4922 2900 4990 Eclogae
2930 4915 3229 4990 ἀρκοῦντος
3262 4915 3705 4990 legunt._§tcph.

2815 4948 2817 4964 '
2854 4938 2900 4975 ῘΒ
2930 4938 3229 4988 αρκουντος
3262 4938 3471 4987 legum.
3516 4938 3705 4979 Dll'pll.

2815 4938 2966 5046 gum.
3069 4988 3311 5043 ’Zuicb.
3373 4997 3429 5042 et
3484 4984 3705 5040 Mecrm.

1306 5059 1327 5089 ⁸
1358 5056 1561 5127 Spang.
1588 5056 1806 5126 νομοῦς.
1847 5058 1984 5113 Beck
2007 5056 2063 5114 et
2084 5056 2422 5131 Oscltbrugg.
2454 5062 2643 5131 νομάς.

1955 5201 2184 5261 NOTAE.

509 5322 624 5392 (51)
663 5322 723 5378 ι).
749 5321 883 5376 Nov.
912 5321 1031 5375 100.

512 5390 626 5463 (Ὤ)
664 5394 791 5447 Haec
836 5390 1168 5463 constitutio
1218 5405 1283 5445 ex
1344 5405 1530 5446 earum
1587 5404 1784 5463 genere
1817 5392 2017 5456 est,de

442 5460 647 5535 quibus
678 5476 804 5518 ante
832 5462 1065 5535 Leonum
1088 5462 1228 5535 nihil
1250 5464 1614 5517 constitutum
1646 5460 1864 5535 iuerat.
1902 5462 2015 5515 Hoc

443 5532 622 5590 autem
673 5535 863 5588 (lciinit
901 5550 914 5585 :
949 5532 1159 5586 vicinos
1220 5532 1418 5585 invitos
1442 5534 1557 5590 cogi
1592 5532 1657 5584 ad
1698 5532 2013 5586 societatem

443 5550 622 5590 autem
673 5550 863 5588 (lcllnll.
901 5550 914 5585 :
949 5550 1159 5586 vlcmos
1220 5550 1418 5585 lllVllOS
1442 5550 1557 5653 cogi
1592 5550 1657 5584 au
1698 5550 2013 5586 soeieiatem

443 5620 784 5659 remorarum
846 5605 1267 5671 piscatoriarum
1318 5620 1333 5654 :
1401 5611 1477 5671 uti
1535 5616 1655 5671 nec?
1691 5602 2015 5655 constitutio

445 5676 564 5743 vice
593 5676 664 5727 sit
685 5670 1025 5743 exceptionis
1074 5671 1142 5743 ad
1176 5674 1281 5743 leg.
1308 5672 1401 5735 (ἐϋ,
1428 5670 1486 5743 7§
1518 5674 1572 5737 4,
1601 5670 1673 5743 θ’.
1725 5671 1803 5743 pe
1847 5671 2014 5726 cond.

449 5741 563 5796 ind.
604 5752 658 5796 et
683 5741 841 5807 alias,
874 5743 940 5798 de
994 5741 1195 5809 quibus
1235 5742 1345 5795 dixi
1376 5742 1441 5795 ad
1487 5743 1519 5794 ι.
1562 5742 1658 5794 ult.
1712 5741 1773 5795 C.
1812 5756 2010 5795 comm.

2127 5326 2305 5467 (ᾐδὲ.)
2349 5396 2487 5467 Περὶ
2520 5392 2732 5467 νέποχῆς
2764 5396 3120 5467 κατάστασιν,
3155 5390 3294 5467 adde
3325 5389 3462 5467 Nov.
3494 5392 3581 5467 {$7.
3614 5406 3712 5467 su-

2122 5463 2216 5547 pra
2247 5463 2473 5533 eodem;
2510 5463 2804 5529 Νονῖἰθό,
2844 5467 2966 5533 104,
3017 5466 3157 5519 infra
3191 5463 3310 5518 cod.
3353 5463 3527 5532 ἐποχή
3584 5464 3707 5515 reti-

2122 5546 2304 5675 Misi)
2347 5606 2420 5660 De
2485 5606 2870 5664 incommodis.
2932 5605 3041 5658 vid.
3077 5605 3114 5658 l.
3151 5605 3243 5667 26,
3302 5602 3355 5657 ίΐ.
3387 5603 3459 5660 De
3517 5602 3709 5657 servit.

2122 5679 2321 5733 urban.
2362 5680 2397 5730 l.
2432 5676 2520 5741 '77,
2559 5676 2717 5746 §17;
2764 5676 2818 5730 Π.
2852 5676 2926 5731 lle
2959 5676 3121 5744 legat.
3145 5676 3199 5730 ‘2.
