4022 6438
280 371 381 436 629

1416 369 1782 432 NOVELL/E
1811 372 1954 433 (ἶοΝ
1960 372 2265 435 STITUTI
2272 374 2372 434 ON
2378 375 2487 436 ES.

3449 382 3556 442 630

275 476 463 548 νούσης
492 474 695 546 μᾶλλον
733 474 831 545 τὴν
867 472 1137 542 ὠφέλειαν
1182 473 1576 545 ἀποδιδούσης,
1618 478 1678 530 οὐ
1729 478 1853 548 βού-

1974 483 2266 537 iheriorem
2298 484 2587 539 utilitatem
2620 483 2883 540 reddant:
2919 485 3239 541 societatem
3262 485 3424 550 inire,
3452 502 3552 542 ne-

273 570 447 624 λονται
487 568 575 620 διὰ
618 567 681 620 τὸ
716 566 1077 634 κακόγνωμον
1132 566 1494 636 ἀναδέχεσθαι
1539 570 1854 635 κοινωνίαν,

272 659 390 714 οὐδὲ
450 658 522 712 τὰ.
585 656 800 711 ἑαυτῶν
865 657 1264 726 καταμιγνύειν
1317 660 1429 723 τοῖς
1489 660 1861 728 γειτονεύουσι

280 753 502 823 χωρίοις
528 791 544 813 ,
612 749 688 812 ὡς
722 749 792 804 ἂν
834 750 1167 820 ἀμφοτέροις
1208 750 1426 823 ὑπάρξῃ
1475 769 1527 805 τι
1578 755 1859 823 κερδᾶναι,

270 846 404 904 ἀλλὰ
445 843 808 915 προκρίνουσι
844 842 940 896 καὶ
981 844 1054 896 τέι
1107 843 1217 895 ῐδια
1265 843 1535 913 ζημιοῦν,
1567 847 1617 899 εί
1648 847 1745 901 καὶ
1783 846 1862 917 τῷ

269 939 468 1007 γείτονι
516 934 823 1004 πεφηνὸτες
862 935 1058 1002 είησαν
1076 933 1383 1005 ἐπιζήμιοι.
1425 935 1589 989 ’Λλλά
1616 936 1748 1009 γὰρ,
1813 940 1863 991 εἰ

271 1028 526 1098 καὶπρὸς
573 1028 675 1096 τὴν
717 1026 928 1079 ἑαυτῶν
979 1026 1189 1096 βλάὅην
1236 1026 1585 1099 ἀναισθήτως
1639 1032 1689 1083 οί
1756 1047 1863 1083 τοι·

268 1122 413 1177 οὗτοι
459 1120 765 1173 διάκεινται
790 1117 885 1171 καὶ
914 1117 1102 1180 κακῶς
1138 1118 1368 1182 ἑαυτοὺς
1394 1120 1728 1185 διατιθέντες
1757 1121 1864 1174 ὑπὸ

270 1212 641 1283 κακοτροπίας
673 1208 1003 1280 ὀλιγωροῦσι
1046 1209 1141 1263 τοῦ
1176 1211 1528 1281 πράγματος,
1559 1212 1750 1285 ὥσπερ
1793 1212 1865 1267 τὰ

267 1306 479 1377 χαλεπὰ
531 1305 645 1357 τῶν
694 1302 901 1373 θηρίων
957 1303 1095 1373 πρὸς
1176 1304 1239 1356 τὸ
1280 1304 1469 1367 κακῶς
1519 1305 1713 1359 παθεῖν
1767 1308 1863 1378 ὀρ-

272 1400 484 1469 μῶντες
507 1401 528 1432 ⁸
567 1398 657 1450 ἶνα
687 1396 1106 1465 κακοποιήσωσι
1152 1398 1279 1460 τοὺς
1314 1398 1675 1461 πελάζοντας,
1715 1400 1865 1468 ὅμως

266 1494 368 1546 οὐκ
406 1492 664 1561 ἀνέχεται
691 1488 955 1559 τοιαύτην
995 1489 1255 1559 κακίανή
1299 1489 1550 1560 βασιλεία
1581 1491 1743 1561 ήμῶν
1785 1490 1864 1561 τῷ

268 1584 367 1653 βίῳ
390 1579 892 1654 παρρησιάζεσθαι.
917 1579 1029 1633 οὐδ’
1054 1580 1137 1659 δτι
1172 1581 1372 1634 ἐκεῖνοι
1429 1582 1688 1651 προνοίας
1716 1582 1863 1650 ὠφε-

266 1674 465 1742 λούσης
507 1673 707 1735 αύτοὺς
759 1671 972 1735 ἀνάξιοι
1012 1674 1219 1740 τυχεῖν,
1267 1672 1358 1725 διὰ
1387 1672 1550 1725 τοῦτο
1603 1672 1864 1726 καταλεί-

263 1766 439 1836 ψομεν
472 1764 831 1834 ἀϐοηθήτους.
855 1763 1039 1833 Μέρος
1060 1761 1117 1815 δέ
1150 1780 1203 1816 τι
1235 1764 1331 1816 καὶ
1362 1765 1505 1836 ὑπὲρ
1537 1765 1719 1819 αὐτῶν
1765 1766 1865 1836 μὲν

1962 588 2067 643 que
2106 575 2196 629 illa
2226 590 2351 628 cum
2386 576 2580 631 vicinis
2611 576 2834 646 praediis
2891 578 3254 633 commiscere
3300 578 3430 649 (qua
3461 594 3553 633 ra-

1963 666 2111 720 tione
2134 667 2298 721 ambo
2329 667 2538 736 aliquid
2564 658 2768 722 lucrari
2798 676 3048 739 possent)
3085 682 3181 738 per
3245 667 3559 739 malignita-

1964 765 2074 810 tem
2107 757 2341 810 nolunt:
2372 759 2465 812 sed
2497 768 2718 822 contra,
2772 759 2988 829 seipsos
3016 759 3182 813 etiam
3237 758 3442 812 damno
3478 757 3556 811 af-

1965 847 2132 903 licere
2191 849 2429 912 malunt,
2472 849 2771 905 dummodo
2829 850 2945 921 (55)
2986 849 3170 904 vicino
3222 859 3555 902 nocumento

1965 940 2100 995 sint.
2132 937 2335 994 Verum
2362 943 2644 997 enimvero
2684 943 2904 998 tametsi
2931 943 3193 996 damnum
3229 956 3391 996 suum
3415 940 3554 995 tales

1964 1045 2268 1100 agnoscere
2317 1032 2516 1098 nolint,
2571 1049 2783 1105 suaque
2841 1033 2982 1087 mala
3046 1032 3553 1094 administrantes,

1967 1121 2263 1177 utilitatem
2325 1138 2427 1193 per
2478 1123 2886 1194 improbitatem
2940 1125 3243 1195 negligant.
3287 1132 3551 1193 tanquam

1964 1210 2235 1268 innnanes
2292 1213 2507 1279 bellum,
2551 1224 2610 1268 ut
2662 1216 3004 1286 prepinquos
3063 1216 3287 1280 liedant,
3336 1215 3391 1267 in
3449 1228 3553 1268 sua

1968 1304 2201 1359 vulnera
2235 1314 2603 1375 proruentes:
2661 1322 2769 1362 non
2804 1318 2987 1362 tamen
3031 1307 3347 1362 istiusmodi
3400 1305 3561 1359 mali-

1969 1396 2233 1466 gnitatem
2268 1395 2323 1448 in
2357 1396 2637 1450 communi
2666 1398 2780 1451 vita
2816 1397 3173 1467 imperatoria
3212 1405 3403 1451 nostra
3434 1410 3555 1449 tua-

1962 1488 2139 1559 jestas
2192 1487 2529 1544 insolescere
2589 1491 2837 1558 patitur:
2903 1504 3084 1559 neque
3133 1488 3262 1559 quia
3298 1487 3375 1540 illi
3436 1485 3557 1539 utili

1967 1595 2102 1635 cura
2144 1580 2295 1649 digni
2322 1596 2431 1635 non
2457 1590 2610 1644 sunt,
2645 1582 2851 1637 auxilio
2905 1596 3114 1636 vacuos
3174 1578 3424 1634 relicturi
3466 1592 3563 1633 su-

1967 1689 2115 1728 mus.
2143 1671 2325 1739 Quare
2355 1673 2541 1743 aliqua
2567 1691 2633 1728 ex
2688 1685 2842 1744 parte
2895 1675 3052 1743 ipsis,
3106 1673 3385 1743 praecipue
3427 1685 3561 1725 vero

1972 1766 2177 1828 vicino,
2197 1780 2361 1835 quem
2404 1765 2510 1820 ista
2539 1766 2918 1821 inhumanitas
2985 1764 3127 1819 male
3180 1771 3403 1832 torquet
3432 1777 3561 1833 pro-

265 1856 693 1927 προνοούμενοι,
759 1855 998 1926 μάλιστα.
1051 1856 1109 1909 δὲ
1175 1856 1269 1908 καὶ
1326 1857 1466 1927 ὑπὲρ
1537 1857 1634 1911 τοῦ
1682 1873 1864 1925 γειτο-

1974 1855 2289 1925 spicientes,
2330 1854 2638 1920 sancimus,
2663 1862 2722 1907 ut
2740 1855 2785 1910 si
2817 1852 3124 1909 istiusmodi
3158 1852 3364 1922 praedia
3408 1864 3562 1905 mare

262 1947 516 2011 νεύοντος
563 1947 805 2018 μέρους,
849 1947 877 2000 δ
924 1946 1250 2016 λυμαίνεται
1306 1947 1493 2010 κακῶς
1538 1950 1570 2018 ἡ
1637 1949 1862 2019 τοιαύτη

263 2039 691 2111 μισανθρωπία,
755 2039 1089 2110 θεσπίζομεν
1142 2040 1223 2099 ¹⁰,
1275 2040 1369 2093 ἐπὶ
1422 2040 1533 2093 τῶν
1603 2042 1865 2095 τοιούτων

261 2131 731 2202 παραθαλασσίων
779 2131 1038 2201 χωρίων,
1090 2130 1176 2199 ἐφ’
1219 2124 1294 2184 ὧν
1354 2130 1462 2183 ίδία
1508 2132 1604 2184 καὶ
1652 2133 1860 2203 ἑκάστη

261 2227 430 2294 μοῖρα
462 2224 599 2294 πρὸς
646 2222 854 2293 ἐποχῆς
900 2224 1001 2275 οὐκ
1053 2222 1278 2292 ἐξαρκεῖ
1319 2222 1695 2288 κατάστασιν,
1724 2226 1860 2278 ἀνα-

259 2316 576 2371 κοινοῦσθαι
604 2316 674 2370 τὰ
700 2317 867 2387 μέρη,
900 2317 1043 2371 ὥστε
1072 2314 1160 2369 διὰ
1198 2315 1299 2384 τῆς
1332 2314 1590 2385 τοιαύτης
1635 2316 1859 2369 ἀνακοι-

258 2407 491 2469 νὼσεως
509 2407 632 2469 τοὺς
650 2407 922 2477 κτήτορας
948 2407 1013 2459 ὲκ
1040 2404 1149 2457 τῶν
1166 2406 1384 2460 οἰκείων
1402 2406 1496 2459 καὶ
1524 2405 1857 2473 ὠφελεῖσθαι

260 2502 588 2570 κτημάτων,
641 2499 737 2553 καὶ
790 2500 866 2570 μὴ
912 2497 1239 2569 βουλομένου
1294 2497 1525 2568 θατέρου
1579 2497 1858 2550 κοινωνεῖν

260 2593 585 2663 προσώπου,
643 2592 780 2662 πρὸς
824 2591 924 2662 τὴν
962 2591 1253 2645 κοινωνίαν
1300 2591 1527 2654 ἄκοντος
1588 2588 1857 2641 συνωθου-

266 2687 455 2756 μένου.
485 2683 875 2754 ⁴ιιιλάνθριινιιτον
908 2683 1018 2755 γὰρ
1043 2684 1136 2737 καὶ
1160 2684 1363 2737 ἄκοντά
1384 2701 1508 2736 τινα
1529 2682 1856 2751 μεταλαχεῑν

264 2777 427 2843 ἴσμεν
460 2774 806 2844 εὐεργεσίας,
858 2772 1097 2827 ἐνταῦθα
1147 2772 1205 2825 δὲ
1254 2773 1389 2827 πολὺ
1429 2774 1631 2843 μείζων
1679 2772 1857 2842 ἡφιλ-

265 2865 578 2935 ανορωπία,
624 2867 698 2933 μὴ
740 2866 900 2934 μόνον
948 2862 1177 2926 ἄκοντος
1242 2863 1703 2931 εὐεργετουμένου
1762 2863 1855 2915 τοῦ

268 2962 342 3029 μὴ
360 2959 636 3022 συνιέντος
651 2958 750 3027 τῆς
767 2957 1113 3026 εὐεργεσίας,
1134 2956 1269 3011 ἀλλά
1294 2958 1390 3010 καὶ
1407 2956 1500 3009 τοῦ
1534 2957 1859 3025 παραλόγως

1971 1962 2186 2011 versus,
2229 1962 2337 2001 non
2371 1947 2507 2001 adeo
2532 1946 2748 2016 singula
2771 1946 2880 1999 lata
2916 1947 3051 2006 sint,
3088 1954 3146 1998 ut
3182 1943 3325 2014 septi
3370 1956 3554 1997 remo-

1964 2041 2159 2095 ratorii
2215 2040 2597 2095 constituendi
2642 2040 2737 2110 jus
2794 2040 3029 2093 habeant
3065 2036 3207 2107 (56),
3263 2037 3385 2106 ejus
3417 2034 3563 2104 juris

1966 2132 2343 2204 consequendi
2366 2147 2533 2187 causa
2566 2132 2954 2189 communione
2982 2129 3393 2200 conjungantur
3413 2141 3430 2179 :
3454 2140 3564 2196 quo

1964 2240 2065 2296 per
2097 2225 2411 2280 istiusmodi
2445 2225 2891 2277 communionem
2944 2221 3155 2277 domini
3190 2236 3257 2275 ex
3288 2220 3405 2273 suis
3430 2232 3560 2288 pos—

1966 2314 2315 2371 sessionihus
2349 2316 2641 2369 utilitatem
2671 2314 2882 2369 sentire
2925 2314 3178 2383 possint:
3237 2310 3343 2365 etsi
3381 2309 3564 2363 domi-

1967 2420 2160 2459 norum
2187 2405 2331 2459 alter
2356 2406 2802 2459 communionem
2824 2404 3004 2458 facere
3023 2404 3186 2465 nolit,
3213 2402 3279 2455 ad
3300 2401 3450 2454 illam
3472 2399 3564 2453 in-

1963 2496 2106 2550 vitus
2121 2495 2232 2566 (57)
2248 2498 2409 2551 etiam
2430 2497 2812 2565 compellatur.
2830 2496 2966 2549 Cum
2991 2496 3137 2549 enim
3158 2492 3408 2562 quamvis
3424 2490 3568 2543 invi-

1965 2592 2054 2639 tus
2071 2583 2274 2653 aliquis
2288 2584 2535 2638 beneficii
2558 2582 2671 2655 (58)
2696 2583 2968 2652 particeps
2993 2581 3072 2643 ﬁt,
3092 2581 3145 2635 id
3174 2580 3565 2650 benignitatem

1962 2676 2129 2729 etiam
2151 2691 2276 2731 esse
2289 2675 2914 2745 persuasumlhabemus.
2933 2672 3031 2727 llic
3054 2680 3237 2726 autem
3258 2671 3419 2740 longe
3450 2682 3567 2721 ma-

1960 2767 2054 2836 jor
2077 2783 2138 2823 se
2156 2767 2353 2823 exierit
2371 2767 2680 2837 benignitas
2699 2767 2787 2821 ubi
2806 2780 2915 2820 non
2940 2765 3220 2833 solumqui
3243 2762 3565 2817 bemelicimn

1965 2877 2073 2917 non
2108 2861 2383 2930 agnoscit,
2408 2860 2503 2913 illo
2530 2868 2712 2913 tamen
2744 2859 2980 2912 aﬂicitur
3010 2874 3025 2911 :
3052 2872 3243 2912 verum
3277 2857 3443 2911 etiam
3473 2851 3569 2924 qui

1969 2956 2063 3010 illo
2088 2956 2277 3025 inique
2302 2954 2639 3026 privabatur,
2671 2954 2722 3008 id
2753 2955 2923 3009 sentit
2951 2963 3005 3008 et
3046 2950 3301 3023 percipit.

264 3053 443 3121 αὐτῆς
492 3051 968 3121 ἀποστερουμένου
1048 3051 1122 3120 μὴ
1163 3051 1263 3120 τὴν
1314 3050 1688 3121 ἀποστέρησιν
1728 3050 2117 3120 ὑπομένοντος.

792 3144 1110 3198 ΔΙΔΤΑΞΙΣ
1150 3142 1245 3197 PI"
1277 3145 1343 3197 “.

268 3239 413 3307 Περὶ
446 3236 569 3291 τῶν
612 3236 684 3289 ἐν
714 3236 1076 3301 θαλασσίοις
1104 3239 1319 3307 ῖομαῖς
1351 3235 1727 3303 ποιουμένων
1753 3252 1868 3289 κοι-

480 3307 714 3363 νωνίαν
756 3308 909 3376 πρὸς
937 3305 1171 3376 ἐποχῆς
1202 3308 1549 3361 ὑπόστασιν
1589 3308 1650 3364 η.

356 3466 422 3519 ’0
451 3463 614 3524 αὐτὸς
646 3462 901 3532 βασιλεὺς
931 3460 1209 3532 Στυλιανῷ
1232 3461 1311 3531 τῷ
1337 3462 1507 3531 αὐτῷ.

346 3554 529 3610 Εἴωθε
560 3554 661 3624 μὲν
693 3554 785 3606 ἐπὶ
812 3552 921 3606 τῶν
951 3551 1252 3623 γινομένων
1288 3554 1717 3622 κοινωνημάτων
1738 3554 1871 3607 πολ-

273 3649 443 3710 λὰκις
483 3647 512 3698 ὁ
536 3646 597 3699 τὸ
634 3644 798 3698 πλέον
825 3643 993 3714 μέρος
1027 3646 1083 3697 ὲν
1114 3647 1180 3714 τῇ
1213 3644 1471 3715 κοινωνία
1500 3646 1872 3715 συνεισφέρων

272 3742 337 3792 τὸ
376 3738 541 3792 πλέον
569 3736 667 3790 τοῦ
704 3736 930 3806 κέρδους
960 3733 1305 3805 πορίζεσθαι,
1352 3737 1446 3789 καὶ
1490 3735 1671 3798 καλῶς
1698 3730 1779 3798 οἷς
1808 3735 1873 3788 ἃν

277 3832 468 3893 οὕτως
496 3828 733 3899 ἀρέσκον
760 3828 899 3899 ὀφθῇ
922 3828 983 3879 τὸ
1022 3829 1259 3898 πρᾶγμα
1288 3827 1519 3897 γίνεται.
1561 3828 1708 3896 Πλὴν
1753 3827 1875 3881 οὐδὲ

278 3924 379 3977 διὰ
408 3923 569 3975 τοῦτο
603 3920 788 3984 καλῶς
832 3921 924 3973 ἐπὶ
950 3919 1060 3973 τῶν
1090 3919 1393 3973 θαλαττίων
1427 3920 1643 3990 χωρίων
1681 3936 1874 3973 κοινω-

277 4016 408 4079 νίας
445 4013 829 4084 γεγενημένης
855 4015 884 4067 ὁ
911 4014 972 4067 τὸ
996 4013 1246 4066 πλεῖστον
1284 4012 1423 4082 ἔχων
1448 4015 1506 4066 ἐν
1538 4012 1615 4083 τῷ
1648 4015 1878 4084 τοιούτῳ

280 4108 479 4181 χωρίῳ
508 4105 601 4161 τοῦ
630 4108 692 4159 τὸ
722 4105 946 4159 ἔλαττον
1002 4105 1222 4175 ἔχοντος
1248 4105 1460 4168 δίκαιος
1504 4106 1877 4175 ἀποφέρεσθαι

282 4199 518 4271 μείζονα
550 4198 778 4270 κέρδους
819 4198 1142 4253 ἀπόλαυσιν.
1180 4193 1304 4250 Οἷον
1343 4198 1396 4250 εί
1434 4197 1511 4269 τῷ
1545 4197 1644 4269 μὲν
1685 4199 1880 4253 ἑκατὸν

281 4292 489 4359 εἴησαν
531 4290 754 4361 ὀργυιαὶ
785 4289 907 4344 κατ’
940 4289 1077 4342 ίδίαν
1112 4288 1363 4353 ἐξουσίαν
1409 4290 1506 4343 καὶ
1547 4293 1738 4362 κτῆσιν
1765 4291 1881 4345 δια-

282 4383 579 4451 φέρουσαι,
606 4382 685 4453 τῴ
710 4383 765 4436 δὲ
802 4382 879 4453 μὴ
907 4382 1195 4447 τοσαῦται,
1221 4382 1356 4437 πολὺ
1390 4382 1446 4435 δὲ
1478 4383 1753 4449 ἐλάττους,
1789 4386 1883 4438 καὶ

2454 3138 2925 3197 CONSTITUTIO
2948 3138 3087 3194 Clll.

1972 3233 2049 3292 De
2093 3235 2157 3287 iis
2206 3236 2296 3303 qui
2326 3234 2391 3287 de
2441 3234 2730 3287 maritimis
2775 3231 2992 3303 prmdiis
3040 3228 3110 3284 ad
3164 3225 3378 3303 (59-60)
3416 3243 3541 3303 cons

2046 3299 2315 3443 titueniéqs)
2384 3321 2624 3359 remoras
2703 3299 3020 3373 piscatoria:
3100 3302 3407 3353 societatem
3485 3299 3570 3350 in-

2043 3378 2221 3437 eunt(
2325 3415 2338 3427 .

2047 3468 2104 3521 lu
2130 3466 2491 3521 societatibus
2526 3465 2789 3519 usitatum
2820 3471 2929 3530 est,
2960 3471 3022 3515 ut
3052 3459 3164 3514 fere
3185 3459 3299 3530 (ϐξ)
3341 3457 3433 3524 qui
3457 3456 3569 3527 (63)

1990 3561 2114 3628 plus
2136 3560 2397 3624 contulit,
2440 3558 2581 3613 idem
2610 3558 2733 3627 plus
2755 3556 2891 3610 lucri
2942 3554 3169 3611 sentiat.
3206 3553 3271 3607 Et
3304 3561 3453 3605 recte
3485 3568 3575 3604 sa-

1983 3667 2055 3705 ne
2084 3650 2363 3721 negutium
2403 3649 2724 3711 instituunt,
2755 3650 2903 3702 inter
2954 3661 3095 3716 quos
3150 3646 3226 3699 ita
3286 3640 3569 3698 convenit.

1984 3741 2380 3797 Verumtamen
2410 3742 2479 3795 de
2508 3741 2800 3795 maritimis
2824 3740 3049 3810 praediis
3111 3737 3377 3793 societate
3409 3734 3569 3793 inita.

1979 3852 2089 3891 non
2121 3835 2246 3889 ideo
2286 3848 2458 3899 recte,
2488 3834 2648 3904 cujus
2686 3834 2956 3904 praadium
2985 3832 3157 3886 latius
3189 3839 3383 3895 est,eo
3410 3828 3575 3896 cujus

1978 3927 2190 3982 arctius
2218 3934 2327 3989 est,
2361 3926 2544 3994 majus
2576 3926 2789 3980 lucrum
2820 3924 3059 3979 auferat.
3086 3920 3337 3991 Exempli
3367 3918 3567 3989 gratia,

1981 4020 2148 4089 hujus
2174 4019 2439 4090 praedium
2469 4026 2692 4073 centum
2712 4030 2915 4086 passus
2942 4015 3116 4069 latum
3143 4014 3239 4077 sit,
3269 4011 3423 4065 illius
3443 4023 3573 4063 vero

1981 4114 2143 4183 longe
2198 4112 2511 4182 angustius,
2568 4111 2614 4165 si
2669 4109 2786 4163 haec
2856 4105 3204 4176 conjungens
3255 4099 3576 4158 communio

1982 4202 2115 4258 inde
2145 4203 2440 4257 utilitatem
2479 4200 2813 4271 suppeditet,
2848 4197 3361 4268 uttequalitermon
3386 4201 3571 4247 autem

1983 4292 2291 4350 secundum
2354 4290 2624 4362 cujusque
2679 4288 3017 4360 portionem,
3068 4294 3376 4357 proventus
3429 4284 3576 4336 inter

1986 4386 2173 4449 socios
2215 4384 2519 4447 dividatur,
2557 4383 2758 4438 rationi
2795 4390 3235 4437 consentaneum
3287 4385 3397 4433 est.
3428 4376 3574 4442 Quid

278 4475 497 4539 ταύτας
527 4476 561 4546 ὴ
615 4476 872 4529 κοινωνία
928 4476 1066 4547 πρὸς
1118 4474 1312 4530 ἕνωσιν
1359 4477 1749 4547 καταστήσασα
1780 4478 1865 4547 τὴι

1984 4478 2096 4535 ita?
2120 4478 2245 4548 quia
2272 4479 2327 4533 in
2351 4476 2474 4532 aliis
2502 4474 2735 4545 negotiis
2764 4472 2842 4542 (in
2886 4473 3182 4527 collatione
3214 4470 3574 4542 pecuniarum

1576 4625 1813 4683 VARIAS
1854 4628 2262 4686 LECTIONES.

371 4744 662 4801 ’Fortasse
689 4744 988 4815 ὀρμῶνται.
1115 4745 1157 4775 ¹⁰
1192 4743 1303 4801 lnc.
1341 4743 1560 4816 Ecloga.

1639 4746 1681 4776 “
1711 4744 1829 4800 Ecl.
1850 4745 1986 4800 Nov.
2024 4748 2114 4802 51.

2193 4748 2235 4778 ”
2269 4747 2381 4803 Ecl.
2422 4763 2527 4801 non
2562 4747 2723 4801 habet
2746 4745 2883 4815 πρὸς
2905 4744 2997 4798 in.
3022 4743 3338 4796 ὑπόστασιν.

1824 4865 2033 4921 ΝΟΤίΕ
2046 4910 2060 4922 .

368 4962 485 5034 (55)
517 4958 871 5032 Malignitatis
901 4961 1129 5017 evidens
1176 4970 1263 5017 cst
1316 4970 1728 5034 argumentum,
1769 4963 1875 5017 sibi

289 5032 499 5091 nocere
531 5035 685 5097 \elle,
742 5042 799 5085 ιιι
841 5034 998 5086 alteri
1044 5049 1270 5090 noceas.
1321 5032 1395 5086 De
1430 5035 1619 5090 vicino
1656 5034 1770 5089 dixi
1805 5036 1877 5090 atl

290 5106 436 5161 Nov.
462 5102 665 5157 Justiti.
695 5103 783 5164 5'),
814 5118 864 5153 c.
899 5105 947 5155 l.

373 5174 487 5247 (576)
518 5173 659 5237 Quid
686 5176 727 5247 si
760 5187 868 5226 non
907 5173 1108 5226 habent
1135 5190 1151 5238 ;
1184 5174 1404 5247 vicinus
1439 5176 1507 5229 de
1530 5190 1635 5228 suo
1660 5180 1882 5247 tenetur

294 5244 583 5305 conferre,
609 5255 665 5296 et
696 5244 901 5296 inimus
926 5259 1051 5297 cum
1095 5259 1164 5298 cu
1197 5245 1337 5299 inire
1370 5247 1646 5301 honorum
1700 5246 1880 5299 socie-

295 5324 497 5376 tatem,
533 5316 578 5368 si
637 5315 800 5367 modo
840 5322 1057 5381 praestet
1091 5314 1166 5369 illi
1210 5327 1527 5384 competens
1569 5318 1785 5370 lucrum
1814 5330 1881 5367 ex

297 5394 489 5451 empto
517 5393 572 5437 ct
606 5384 805 5447 locato,
845 5384 1019 5437 (irasci
1047 5385 1191 5452 apud
1216 5385 1407 5452 Cujac.
1448 5385 1531 5446 14,
1560 5389 1684 5440 obs.
1723 5388 1770 5439 ι.

377 5456 495 5523 (57)
529 5452 585 5506 Si
627 5456 699 5507 ita
739 5463 841 5516 est,
871 5456 1025 5506 inviti
1064 5457 1335 5507 interdum
1376 5458 1785 5524 compelluntur
1810 5456 1876 5510 ad

300 5527 775 5584 communionem,
801 5533 855 5577 et
878 5524 948 5575 ita
975 5526 1327 5591 restringitur
1359 5527 1443 5580 lex
1478 5527 1569 5589 26,
1622 5524 1648 5593 §
1691 5526 1745 5577 Π.
1807 5525 1881 5579 lle

303 5595 474 5649 cond.
505 5595 689 5647 indeh.
740 5604 793 5650 ct
822 5595 942 5649 alite
974 5595 1043 5650 de
1094 5596 1295 5665 quibus
1339 5596 1456 5651 dixi
1504 5598 1575 5652 ad
1622 5599 1662 5651 Ι.
1690 5598 1788 5651 ult.
1816 5597 1878 5649 (3.

303 5680 512 5720 comm.
546 5665 716 5718 tlivitl.
1508 5724 1511 5727 Α

382 5737 498 5803 (58)
543 5733 811 5807 Videqme
833 5736 943 5789 disi
973 5735 1039 5790 ad
1077 5737 1133 5807 l.
1162 5736 1341 5807 59,77ﬂ.
1376 5735 1448 5792 De
1476 5754 1589 5807 reg.
1621 5738 1735 5804 jur.

385 5807 608 5878 χόν-60)
641 5804 715 5860 De
765 5808 1012 5879 rpochis,
1077 5806 1215 5862 adde
1259 5806 1394 5863 Nov.
1450 5804 1715 5874 57,7Nuv.
1764 5808 1879 5871 102,

1977 4964 2191 5020 eodem.
2221 4964 2358 5020 Nov.
2392 4965 2515 5027 104,
2550 4962 2716 5017 infra.

2049 5038 2163 5105 (lii)
2196 5034 2314 5089 Non
2350 5047 2410 5088 ut
2432 5022 2646 5089 caeteris
2676 5029 2923 5105 casibus,
2960 5026 3053 5105 qui
3084 5025 3207 5104 plus
3249 5022 3572 5105 contulitiu

1980 5094 2266 5160 societatis
2306 5104 2778 5159 communionem.
2842 5099 2961 5167 plus
3007 5097 3144 5167 lucri
3199 5094 3454 5167 percipit,
3488 5094 3568 5146 ita

1992 5174 2129 5228 litin
2154 5190 2377 5228 orarum
2414 5174 2815 5228 maritimarum
2843 5164 3237 5219 communione
3284 5184 3296 5217 :
3344 5164 3577 5237 ideoque

1987 5246 2103 5298 lucc
2136 5246 2460 5299 constitutio
2483 5242 2735 5309 exceptio
2760 5242 2850 5312 est
2870 5239 2936 5290 ad
2968 5240 3137 5312 leges,
3168 5249 3295 5312 qua:
3313 5232 3576 5312 poti-ortis

1984 5324 2169 5384 partes
2209 5316 2504 5369 conferunt
2548 5301 2671 5382 plus
2712 5301 3048 5371 contuenti,
3092 5308 3130 5359 l.
3164 5306 3257 5368 80,
3311 5304 3349 5356 Ι.
3390 5301 3486 5365 85,
3513 5302 3570 5361 Π,

2031 5399 2092 5437 1³0
2123 5402 2301 5439 50010.

1990 5402 2346 5524 Ριῗϋξῗιξῖίίιυ
2372 5454 2482 5506 haec
2504 5451 2773 5524 particula
2800 5448 2985 5524 addita
3006 5444 3397 5524 estJnterilum
3423 5438 3573 5524 enim

1989 5510 2083 5593 qui
2135 5528 2260 5595 plus
2299 5510 2544 5595 pccttnia'e
2575 5517 3103 5595 t-ontrihuit,_pac_ti_
3140 5519 3264 5595 jure
3310 5528 3415 5595 non
3446 5510 3579 5595 plus

1991 5579 2221 5663 percipit
2244 5579 2315 5647 ex.
2343 5596 2626 5663 societate,
2645 5605 2810 5663 quam
2834 5579 3047 5663 qui—vel
3081 5579 3285 5663 lililills,
3323 5582 3404 5636 vel
3440 5579 3577 5663 nihil

1993 5647 2240 5734 ioper'atn
2279 5662 2483 5731 tamen)
2518 5647 2776 5721 contulit,
2812 5647 2933 5722 l.'5,
2962 5658 2989 5727 ξ
3018 5663 3065 5722 Ἰ,
3098 5655 3153 5710 lI'.
3182 5647 3282 5725 pro
3309 5670 3426 5710 sn:-
3464 5647 3575 5719 ἑὲ,

1993 5737 2170 5790 instit.
2214 5736 2285 5788 De
2313 5734 2564 5787 societat.

2068 5807 2181 5869 (U5)
2209 5804 2267 5859 U.
2308 5806 2357 5869 6,
2397 5806 2449 5858 ll.
2474 5820 2570 5865 pro
2600 5820 2715 5857 sut'.
