4022 6446
433 388 445 398 ”
470 410 583 478 ωε

1753 392 2033 455 LEONIS
2070 389 2538 451 PHILOSOPHI

3666 392 3777 456 636

477 528 687 582 hensus
714 520 807 585 sit,
842 529 1020 586 neque
1064 526 1195 569 vero
1230 512 1284 567 in
1307 510 1457 565 hunc
1496 509 1695 572 solum,
1724 506 1821 562 sed
1854 506 1911 560 in
1943 504 2068 560 illos

2199 506 2264 559 παὶ
2298 507 2351 558 εἴ
2376 521 2521 567 τινες
2562 501 2711 573 αὐτῷ
2738 502 2991 555 κοινωνοὶ
3017 500 3333 572 γέγόνασιν,
3369 504 3446 567 ὡς
3473 503 3534 557 οὑ
3581 504 3779 574 φιλάν-

474 616 663 677 etiam,
692 610 783 681 qui
806 608 984 664 hacin
1014 622 1073 661 re
1097 607 1173 659 illi
1208 604 1347 661 socii
1380 604 1587 659 fuerint
1620 619 1632 655 :
1661 602 1776 655 haec
1805 586 2099 668 tanquam'

476 708 546 761 ab
572 706 814 759 humano
872 700 1141 770 legalique
1174 699 1394 768 ingenio
1452 696 1651 759 aliena,
1694 709 1799 746 non
1835 690 2071 761 amplius

477 800 531 850 in
575 794 843 864 legalibus
881 789 1372 845 mustitutiouibus
1420 787 1599 840 locum
1638 786 1860 848 habeat,
1887 796 2071 850 neque

477 886 794 939 nominetur
847 880 1094 951 quidem,
1128 887 1185 933 et
1232 878 1382 931 velut
1429 890 1594 945 super
1640 888 1882 927 vacanea
1922 882 2073 926 extra

475 976 870 1047 rempublicam
920 973 1265 1043 projiciatur.
1332 970 1544 1024 Dehinc
1589 982 1720 1022 vero
1757 963 2072 1021 istiusmodi

477 1070 838 1141 magistratus
877 1082 978 1136 pro
1012 1064 1220 1120 liscalis
1277 1064 1353 1117 rei
1389 1062 1539 1116 furto
1593 1059 1862 1129 dignitate
1889 1057 2077 1126 expel-

478 1164 665 1218 lantur
700 1180 713 1216 :
751 1174 985 1230 quaeque
1044 1156 1435 1226 surripuerint,
1488 1155 1604 1207 haec
1635 1154 1689 1206 in
1722 1151 1946 1220 duplum
1980 1149 2074 1204 de—

480 1253 748 1325 pendant.
775 1251 880 1317 Qui
916 1258 1099 1305 autem
1131 1251 1189 1303 in
1215 1249 1319 1303 hoc
1375 1247 1877 1309 commtmicarunt,
1912 1243 1957 1297 si
1992 1242 2077 1296 di-

479 1347 619 1410 vites
642 1346 774 1410 sint,
801 1343 979 1401 eidem
1024 1357 1202 1413 paena:
1258 1340 1571 1397 subdantur
1602 1356 1615 1393 :
1654 1338 1740 1392 sin
1775 1350 2069 1407 pauperes.

481 1440 668 1510 ﬂagris
692 1440 819 1495 czesi
872 1437 1348 1509 ignominioseque
1401 1434 1543 1489 tonsi
1578 1433 1790 1503 (78-81)
1821 1431 2079 1487 exsulare

480 1531 805 1601 jubeautur.

870 1619 1341 1677 CONSTITUTIO
1391 1617 1505 1673 CVI
1538 1617 1675 1689 (se).

489 1714 564 1771 De
589 1714 845 1769 indotatis
882 1715 993 1785 (85)
1023 1713 1613 1785 mulieribusquautum
1675 1708 1891 1785 maritis
1935 1722 2080 1761 mor-

722 1787 829 1839 tuis
860 1779 924 1839 ea:
949 1787 1190 1854 ipsorum
1226 1779 1376 1836 bonis
1402 1783 1677 1834 lucrentur
1708 1779 1843 1849 (84).

557 1936 613 1992 Si
643 1951 755 1991 rem
817 1951 939 2005 quq:
993 1934 1158 1989 modo
1211 1934 1402 2004 aliquo
1428 1931 1692 1997 absurda,
1727 1930 2083 2001 aaquitatique

484 2043 610 2084 esse
648 2027 1002 2082 dissentanea
1053 2032 1302 2096 apparet,
1358 2024 1465 2077 lata
1499 2023 1567 2077 de
1619 2023 1710 2077 illa
1742 2023 1857 2093 lege
1889 2022 1956 2076 ad
1989 2022 2082 2077 de-

486 2126 703 2175 centem
733 2117 1187 2173 constitutionem
1247 2116 1607 2179 deducamus,
1641 2130 1822 2186 opera:
1848 2114 2082 2184 pretium

488 2226 592 2267 nos
643 2211 891 2271 facturos
944 2208 1219 2263 videmur.
1272 2207 1343 2263 At
1384 2224 1504 2279 qua:
1537 2208 1626 2261 illa
1686 2207 1907 2264 tandem
1962 2208 2086 2262 est?

486 2299 649 2366 Quod
692 2314 814 2369 quae
873 2298 1132 2353 mulieres
1176 2299 1369 2367 inopes
1417 2299 1495 2367 (id
1542 2296 1690 2368 quod
1733 2313 1842 2351 non
1895 2312 2084 2351 rarum

488 2392 599 2448 illis
631 2394 737 2459 est)
760 2390 1127 2461 locupletibus
1146 2389 1280 2444 viris
1308 2389 2089 2459 matrimoniojungunturJue

490 2483 765 2539 defunctis
784 2483 1197 2554 provenientem
1218 2497 1285 2536 ex
1305 2482 1550 2551 ipsorum
1584 2482 1745 2537 bonis
1778 2481 2087 2551 portionem

492 2572 767 2643 (provenit
795 2579 1003 2637 autem,
1036 2570 1082 2625 si
1110 2570 1405 2641 pauciores
1466 2580 1710 2639 quatuor
1761 2571 1915 2625 liberi
1956 2571 2087 2636 sint,

490 2663 837 2735 cognominis
854 2663 939 2719 isti
959 2677 1187 2717 numero
1200 2663 1403 2733 portio,
1416 2663 1696 2734 quadrans
1711 2664 1922 2733 (85-86)
1940 2680 2091 2718 nem-

492 2770 561 2826 pe
598 2774 612 2811 :
650 2754 738 2810 sin
771 2763 854 2809 tot
880 2762 976 2809 aut
1000 2754 1228 2823 iplures,
1280 2764 1550 2824 quantum
1601 2755 1837 2825 quisque
1871 2755 2088 2810 illorum

2179 600 2401 669 θρωπος
2430 597 2477 628 ⁸³
2502 596 2597 649 καὶ
2628 594 2865 665 νομικῆς
2903 594 3132 667 γνώμης
3154 595 3420 667 ὑπάρχων
3442 637 3455 660 ,
3491 595 3657 667 ἤρεσε
3701 596 3782 666 τῷ

2181 691 2436 762 ἡμετέρῳ
2467 690 2660 760 κράτει
2686 689 2827 741 ὥστε
2863 688 3063 759 μηκέτι
3090 687 3344 758 νομίμοις
3370 688 3534 741 αὑτὸν
3564 706 3781 757 συμπο-

2182 781 2491 835 λιτεύεσθαι
2522 778 2797 842 διατάξεσι
2820 820 2835 843 ,
2887 777 3022 848 μηδὲ
3054 778 3420 849 χρηματίζειν
3454 778 3623 840 ὅλως,
3662 777 3781 830 ἀλλ’

2183 873 2535 927 ἀπολίτευτον
2563 870 2907 943 ἀπερῤίφθαι
2937 869 3034 923 καὶ
3068 870 3365 940 ἄχρηστον,
3393 869 3552 938 δίκην
3582 869 3691 922 ἀπό
3716 886 3781 935 γε

2179 965 2276 1017 τοῦ
2304 964 2400 1017 νῦν
2448 963 2559 1015 τῶν
2589 962 2849 1015 τοιούτων
2893 961 3175 1032 ἀρχόντων
3216 962 3337 1014 ἀντὶ
3370 961 3469 1030 τῆς
3516 960 3783 1031 δημοσίου

2184 1059 2389 1127 κλοπῆς
2424 1056 2845 1124 ἀπαιτουμένων
2878 1056 2977 1123 τὴν
3012 1054 3289 1106 ἔκπτωσιν
3326 1053 3432 1121 τῆς
3465 1052 3644 1123 ἀρχῆς
3685 1054 3783 1105 καὶ

2182 1150 2283 1219 τὴν
2314 1151 2391 1211 είς
2430 1148 2490 1201 τὸ
2529 1148 2811 1201 διπλάσιον
2859 1146 3171 1198 ἀντέκτισιν
3208 1140 3283 1197 ὧν
3336 1144 3649 1211 ὑφείλοντο,
3687 1146 3786 1197 καὶ

2183 1243 2295 1293 τῶν
2348 1242 2439 1291 ἐπὶ
2492 1238 2667 1307 τούτῳ
2707 1238 2753 1268 ’⁸
2809 1236 3303 1306 κοινωνησάντων,
3368 1235 3621 1305 εὑπὸρων
3684 1236 3785 1303 μὲν

2185 1333 2374 1393 ὄντων,
2408 1330 2545 1400 πρὸς
2579 1330 2677 1400 τὴν
2706 1328 2877 1399 αὐτὴν
2903 1328 3271 1398 ὑπαγομένων
3299 1327 3525 1396 ζημίαν,
3557 1328 3784 1398 ἀπόρων

2185 1423 2242 1475 δὲ
2280 1424 2531 1492 μάστιξιν
2562 1421 2924 1491 αἰκιζομένων
2950 1422 3043 1474 καὶ
3081 1419 3263 1491 ἀτίμῳ
3290 1421 3519 1491 κουρείᾳ
3549 1422 3643 1473 καὶ
3675 1438 3781 1489 φυ-

2187 1519 2308 1583 γαῖς
2335 1517 2667 1587 ὑπερορίοις.

2700 1605 3019 1657 ΔΙΑΤΛΞΙΣ
3057 1605 3174 1670 PC,"
3196 1604 3262 1658 ".

2188 1700 2331 1768 Περὶ
2368 1700 2475 1753 τοῦ
2508 1702 2616 1765 τὰς
2654 1700 2921 1768 ἀπόρους
2960 1698 3253 1767 γυναῖκας
3302 1696 3398 1751 καὶ
3435 1701 3652 1763 προῖκα
3693 1697 3782 1766 μὴ

2256 1772 2760 1838 εἰσενεγκούσας,
2806 1770 3071 1838 καὶπερὶ
3121 1769 3229 1824 τοῦ
3280 1770 3615 1838 λαμϐάνειν
3646 1785 3786 1823 και-

2261 1840 2369 1907 δὸς
2403 1840 2623 1910 μοῖραν
2651 1839 2862 1905 αὐτάς.

2259 1934 2503 2004 Πρᾶγμα
2530 1931 2847 2003 παράλογόν
2879 1949 2997 1995 πως
3020 1930 3215 1985 δοκοῦν
3247 1932 3345 1985 καὶ
3376 1931 3454 2002 τῷ
3480 1931 3679 2003 δικαίῳ
3708 1932 3785 2002 μὴ

2187 2026 2558 2093 συνεπόμενον
2587 2025 2771 2087 καλῶς
2801 2023 2946 2095 ἔχειν
2976 2026 3109 2094 ἡμῖν
3140 2024 3539 2092 καταφαίνεται
3580 2027 3661 2087 είς
3686 2024 3795 2095 τὴν

2187 2120 2505 2187 πρέπουσαν
2555 2118 2895 2187 καταστῆναι
2948 2118 3140 2184 τάξιν,
3188 2117 3355 2187 νόμον
3410 2118 3539 2189 περὶ
3592 2115 3787 2169 τούτου

2186 2210 2549 2281 διαθεμένοις.
2590 2211 2654 2264 Τί
2682 2211 2745 2281 δὴ
2779 2208 2872 2262 οὖν
2916 2209 2977 2262 τὸ
3012 2209 3248 2280 πρᾶγμά
3275 2211 3460 2271 ὲστιν;
3492 2203 3598 2262 Οἷα
3637 2208 3789 2270 είκὸς

2190 2304 2459 2367 πολλάκις
2507 2304 2770 2371 γυναῖκες
2801 2302 3000 2374 ἔρημοι
3034 2301 3268 2355 πλούτου
3304 2301 3397 2355 καὶ
3421 2302 3668 2371 κτήσεως
3694 2301 3791 2354 ἀν-

2192 2396 2380 2466 δράσιν
2416 2394 2739 2458 εὑπλούτοις
2789 2394 3151 2465 ἁρμόζονται.
3193 2385 3365 2447 Αὑται
3398 2393 3493 2446 τοῦ
3540 2393 3785 2463 γαμέτου

2194 2487 2444 2548 λιπόντος
2477 2487 2569 2539 τὸν
2600 2486 2713 2555 βίον
2741 2484 2802 2537 τὸ
2827 2487 2892 2537 ὲκ
2916 2484 3015 2549 τῆς
3048 2483 3257 2537 ἐκείνου
3284 2484 3605 2554 περιουσίας
3631 2484 3790 2554 ὲρχό·

2195 2596 2357 2650 μενον
2413 2578 2579 2649 μέρος
2627 2577 2889 2648 (ἔρχεται
2932 2576 2992 2629 δὲ
3036 2577 3131 2629 ἐπὶ
3169 2576 3271 2646 μὲν
3320 2577 3550 2647 τέτρασι
3599 2576 3790 2630 παισὶν

2193 2669 2485 2740 ὁμώνυμος
2528 2669 2621 2722 τοῦ
2650 2668 2888 2740 ἀριθμοῦ
2922 2667 3111 2723 τούτου
3151 2669 3330 2739 μερὶς,
3362 2670 3455 2721 ἐπὶ
3478 2668 3535 2721 δὲ
3574 2667 3790 2722 πλείοσι

2198 2763 2359 2831 μόνον
2386 2762 2586 2815 τέκνου
2612 2762 2751 2829 ἐνὸς)
2785 2762 2886 2815 οὑκ
2913 2762 2992 2821 είς
3015 2760 3186 2813 ἀΐδιον
3212 2760 3483 2826 ἐξουσίαν,
3516 2760 3626 2814 οὐδ’
3649 2759 3790 2813 ὥστε

491 2847 675 2917 habet)
708 2846 903 2902 nonin
966 2855 1289 2917 perpetuum
1345 2846 1675 2912 dominium,
1737 2862 1918 2916 neque
1945 2846 2088 2902 tttde

2200 2854 2331 2923 περὶ
2364 2852 2530 2905 αὑτοῦ
2559 2852 2724 2922 κῦρπ
2751 2853 2895 2922 ἔχειν
2924 2852 3168 2917 διάταξιν
3193 2852 3445 2906 τίθεσθαι
3470 2852 3631 2905 τοῦτο
3654 2853 3793 2921 λαμ-

494 2939 586 2993 illa
615 2940 807 2993 testari
840 2939 1053 3008 possint
1087 2956 1101 2993 :
1158 2937 1255 2992 sed
1288 2938 1355 2992 ad
1389 2940 1557 2993 vitam
1593 2940 1646 2993 in
1678 2940 2088 2995 usumfruetmu

2199 2944 2443 3003 ϐάνουσι.
2482 2944 2650 3013 μόνης
2677 2944 2721 2974 ¹⁶
2755 2943 2812 2995 δὲ
2842 2944 2940 3013 τῆς
2971 2946 3028 2997 ὲν
3058 2943 3138 3013 τῷ
3167 2943 3267 3013 βίῳ
3296 2943 3549 3013 χρήσεως
3576 2944 3672 2997 καὶ
3696 2942 3792 2996 τοῦ

494 3032 899 3095 tantummodo,
945 3040 1022 3096 et,
1068 3039 1129 3085 ut
1164 3031 1291 3086 inde
1340 3033 1508 3086 vitam
1559 3041 1906 3099 sustentent,
1946 3038 2088 3090 acci-

2199 3036 2410 3089 ὲκεῖθεν
2444 3039 2543 3106 τῆς
2585 3036 2731 3105 ζωῆς
2759 3037 2859 3106 τὴν
2888 3037 3157 3107 χορηγίαν
3186 3035 3540 3105 πορίζεσθαι·
3573 3035 3796 3088 καταλι-

498 3122 649 3193 piant
683 3140 697 3177 :
730 3132 781 3177 et
807 3122 943 3192 ipsis
973 3122 1027 3176 in
1062 3123 1296 3177 mortuis
1321 3122 1373 3175 in
1410 3123 1613 3178 liberos
1662 3123 1829 3193 hujus
1886 3126 2088 3193 portio-

2199 3126 2408 3195 πούσης
2442 3127 2499 3179 δὲ
2530 3127 2629 3196 τὴν
2671 3126 2818 3197 ζωὴν
2849 3129 2929 3189 εἰς
2959 3127 3086 3188 τοὺς
3128 3126 3325 3189 παῖδας
3358 3127 3389 3194 ἡ
3438 3123 3658 3189 ἐξουσία
3698 3125 3793 3179 τοῦ

501 3216 589 3271 nis
621 3215 928 3270 dominium
976 3214 1370 3279 transferatur,
1431 3230 1609 3284 neque
1645 3216 1755 3270 illis
1780 3217 1943 3272 rebus
1976 3218 2088 3272 suis

2199 3218 2442 3272 τοιούτου
2512 3219 2714 3290 μέρους
2778 3219 3137 3288 μεθίσταται·
3198 3219 3273 3290 μὴ
3330 3218 3795 3290 συγχωρουμένης

502 3306 692 3359 utendi
727 3306 1004 3375 quomodo
1056 3304 1226 3361 velint
1273 3314 1520 3375 potestas
1551 3306 1913 3371 concedatur,
1939 3319 2095 3363 extra

500 3412 666 3467 quam
704 3398 748 3452 si
778 3398 911 3451 nulli
951 3398 1108 3452 liberi
1162 3399 1465 3469 supersint,
1520 3398 1666 3468 quod
1729 3399 2095 3456 infortunium

502 3490 625 3545 illas
683 3505 867 3545 rerum
922 3490 1171 3545 dominio
1231 3498 1353 3545 beet
1389 3510 1403 3546 :
1440 3500 1498 3545 ut
1524 3492 1665 3545 haud
1698 3492 1871 3547 sciam
1911 3502 2097 3550 utrum

504 3585 704 3639 mulier
736 3600 799 3639 ex
822 3602 881 3640 se
912 3584 1154 3640 fructum
1213 3585 1401 3640 videre
1432 3597 1725 3656 praceptet,
1768 3604 1835 3643 an
1869 3605 2001 3643 vero
2035 3606 2100 3645 ne

504 3689 763 3732 nascatur
796 3678 1017 3747 aliquis,
1066 3694 1178 3748 quo
1228 3678 1577 3734 devolvenda:
1641 3681 1707 3733 ad
1760 3681 1935 3751 ipsam
1968 3697 2098 3750 por-

505 3768 675 3822 tionis
709 3767 931 3821 domina
971 3767 1083 3826 fiat.
1114 3768 1534 3822 exsecrabunda
1578 3779 1851 3837 precetur.

577 3862 735 3918 lianc
763 3878 892 3916 vero
914 3860 1318 3917 absurditateut
1379 3861 1733 3930 imperatoria
1765 3868 1956 3915 nostra
1982 3876 2101 3914 ma-

504 3952 677 4024 iestas
732 3951 1039 4022 corrigens,
1099 3952 1302 4012 sancit,
1338 3966 1407 4004 ne
1438 3949 1552 4021 (87)
1608 3951 1771 4006 istius
1832 3952 2104 4020 portionis

508 4045 814 4100 dominium
843 4043 1058 4097 mulieri
1092 4043 1402 4107 auferatur,
1456 4044 1646 4111 utique
1676 4044 1790 4111 ipsa
1819 4042 2102 4112 quomodo

511 4136 628 4191 visa
686 4135 782 4199 sit,
818 4134 887 4189 de
929 4134 1021 4187 illa
1048 4142 1280 4197 statuat,
1307 4134 1510 4188 etnihil
1542 4134 1689 4189 aliud
1725 4135 1913 4190 liberis
1935 4150 2104 4205 quam

512 4228 659 4298 quod
695 4244 761 4281 ex
794 4227 1040 4281 Falcidia
1096 4227 1232 4296 ipsis
1292 4227 1577 4297 competit,
1626 4226 1894 4281 debeatur
1954 4245 1969 4284 ι
2019 4236 2108 4282 tao

515 4336 639 4379 men
673 4320 807 4391 (88),
844 4328 903 4373 ut
928 4320 1173 4388 priorum
1205 4319 1522 4388 nuptiarum
1545 4318 1635 4371 illa
1672 4334 1780 4372 non
1810 4320 2108 4373 oblivisca—

520 4423 634 4479 tur,
670 4428 846 4483 neque
883 4413 1111 4467 inducto
1137 4412 1308 4466 altero
1341 4411 1538 4465 marito
1566 4412 1770 4482 prioris
1818 4420 1937 4465 toro
1970 4427 2106 4466 con-

518 4506 798 4560 tumeliam
854 4504 1057 4558 inferat
1112 4521 1125 4557 :

2201 3313 2387 3376 ἁδείας
2423 3317 2491 3383 τῇ
2528 3314 2754 3381 γυναικὶ
2794 3314 2871 3374 ὼς
2907 3313 3130 3375 οἰκείοις
3160 3312 3585 3382 ἀποχρήσασθαι
3615 3311 3798 3382 πράγ-

2203 3424 2363 3476 μασι,
2395 3405 2535 3475 πλὴν
2577 3407 2623 3458 εἰ
2659 3405 2733 3475 μὴ
2759 3404 2985 3459 ἁτεκνία
3014 3407 3215 3476 προσῇ,
3244 3406 3339 3457 καὶ
3367 3404 3455 3457 διὰ
3487 3404 3585 3473 τῆς
3613 3404 3799 3457 τοιαύ-

2201 3515 2301 3567 της
2328 3497 2623 3567 δυστυχίας
2655 3497 2934 3568 εὐτυχήσῃ
2966 3498 3067 3566 τὴν
3094 3497 3203 3548 τῶν
3233 3497 3583 3566 πραγμάτων
3604 3497 3799 3549 δεσπο-

2200 3589 2353 3642 τείαν
2374 3604 2386 3615 ·
2413 3587 2555 3641 ὥστε
2579 3588 2679 3640 οὐκ
2702 3585 2822 3641 οῖδα
2850 3587 3083 3660 πότερον
3110 3586 3325 3652 εὔξεται
3349 3590 3383 3657 ἠ
3416 3586 3553 3655 γυνὴ
3584 3586 3799 3656 καρπὸν

2202 3679 2412 3741 κοιλίας
2449 3680 2598 3745 ἰδεῖν,
2632 3679 2666 3748 ἦ
2708 3678 3085 3748 καταράσεται
3138 3679 3213 3749 μὴ
3255 3678 3422 3747 φῦναι
3470 3678 3684 3743 τοῦτον,
3728 3678 3799 3730 ἶν’

2202 3770 2377 3833 οὑτως
2408 3771 2546 3841 ὀφθῇ
2581 3772 2749 3841 κυρία
2780 3772 2879 3841 τῆς
2904 3770 3275 3842 διαφερούσης
3308 3771 3548 3840 μερίδος.

2276 3865 2494 3935 Ταύτην
2523 3867 2564 3897 ⁸⁷
2602 3865 2657 3918 δὲ
2694 3867 2791 3932 τὴν
2840 3866 3075 3918 ἀτοπίαν
3127 3866 3160 3935 ἡ
3215 3864 3463 3933 βασιλεία
3504 3862 3665 3933 ἡμῶν
3700 3861 3803 3915 ἑπ-

2210 3958 2588 4027 ανορθουμένη
2621 3957 2866 4021 θεσπίζει
2905 3958 3270 4027 ἀναφαίρετον
3311 3956 3576 4027 ἔχειντὴν
3616 3954 3803 4025 κυριό-

2206 4067 2347 4119 τητα
2380 4052 2480 4121 τὴν
2505 4056 2743 4119 γυναῖκα
2776 4050 2869 4103 τοῦ
2901 4052 3147 4104 τοιούτου
3180 4049 3401 4119 μέρους,
3438 4048 3534 4103 καὶ
3555 4050 3682 4119 ὅρον
3709 4049 3803 4099 ἐπὶ

2207 4145 2383 4213 τούτῳ
2434 4144 2691 4213 ἐκφέρειν
2744 4142 2803 4194 ὃν
2824 4143 2869 4173 ³⁸
2916 4142 2984 4194 ἂν
3014 4142 3152 4212 αὐτῇ
3190 4140 3340 4213 δόξῃ,
3379 4139 3609 4209 μηδενὸς
3638 4137 3801 4192 ἄλλου

2208 4238 2323 4298 τοῖς
2347 4235 2540 4289 παισὶν
2562 4234 2916 4305 ὀφειλομένου
2952 4236 3092 4305 πλὴν
3111 4232 3206 4286 τοῦ
3238 4232 3381 4286 κατὰ
3406 4232 3497 4284 τὸν
3521 4231 3802 4299 φαλκίδιον

2208 4327 2398 4390 αὐτοῖς
2428 4327 2926 4394 ὲπιλαγχὰνοντος·
2962 4325 3206 4394 δηλονότι
3258 4324 3333 4393 μὴ
3368 4324 3480 4375 τῶν
3517 4322 3803 4392 προτέρων

2211 4417 2406 4485 γάμων
2437 4416 2872 4485 ἒπιλελησμένης
2900 4419 3000 4484 τῆς
3033 4412 3237 4485 μητρὸς
3275 4412 3408 4482 μηδὲ
3447 4412 3803 4480 ἐπεισαγωγῇ

1182 4504 1327 4573 quod
1380 4503 1424 4558 si
1486 4506 1813 4573 contingat,
1870 4518 1899 4557 a
1946 4504 2088 4558 nobi:

2210 4506 2470 4576 δευτέρου
2498 4506 2689 4575 ἀνδρὸς
2717 4504 2815 4574 τὴν
2849 4504 2942 4556 τοῦ
2973 4504 3190 4573 πρώτου
3225 4502 3413 4569 κοίτην
3449 4502 3550 4553 οὑκ
3581 4502 3638 4551 ἐν
3668 4501 3803 4567 τιμῇ

519 4600 782 4653 attrilmto
838 4595 1085 4651 dominio
1145 4610 1375 4665 prorsus
1433 4596 1651 4649 excidet
1691 4614 1705 4651 :
1749 4596 1951 4666 illaque
1994 4597 2088 4650 [att

2210 4598 2525 4666 τιθεμένης.
2571 4598 2659 4661 Ὣς
2694 4597 2837 4664 εἴγε
2875 4594 3036 4649 τοῦτο
3073 4593 3340 4664 συμϐαίη,
3376 4594 3592 4653 πάντως
3633 4592 3808 4643 ἐκπε-

522 4692 729 4757 functa,
757 4690 911 4745 liberi
944 4704 1128 4744 rerum
1158 4689 1366 4743 domini
1398 4687 1550 4741 fient.

2215 4693 2389 4745 σεῑται
2445 4694 2541 4760 τῆς
2580 4690 2711 4758 παρ’
2764 4689 2921 4759 ἡμῶν
2968 4689 3253 4759 διδομένης
3298 4686 3576 4752 ἔξουσίας,
3623 4684 3717 4737 καὶ
3754 4684 3809 4736 οἱ

519 4786 705 4847 παῖδες
755 4785 853 4855 τῆς
907 4784 1055 4855 ζωῆς
1102 4784 1205 4854 ἢδη
1259 4785 1343 4855 τῇ
1383 4784 1554 4852 μητρὶ
1608 4780 1958 4851 διαλυθείσης
1999 4783 2111 4835 τῶν
2152 4784 2498 4854 πραγμάτων
2529 4782 2927 4871 ὲξουσιάσουσι.

1802 4914 2041 4969 VARle
2070 4914 2479 4975 LECTIONES.

586 5015 633 5087 '_'
665 5014 884 5070 Meerm.
908 5014 1310 5087 φιλανθρώπου.
1386 5016 1432 5047 ’δ
1458 5013 1690 5087 εει-ἰιιιςν.
1721 5011 1945 5066 τούτων.
1980 5012 2208 5087 Emend.
2249 5015 2460 5087 Steplt._
2517 5016 2562 5087 ξ’
2606 5014 2719 5069 Ecl.
2751 5012 2891 5087 Νογ.
2924 5014 3015 5071 55.

520 5084 842 5140 cedentibus
888 5086 1055 5159 κῦρος
1106 5083 1283 5155 ἔχειν,
1322 5101 1424 5140 nec
1468 5101 1609 5154 opus
1645 5083 1731 5138 est
1784 5094 1839 5134 ιιι
1864 5100 1989 5137 cum
2027 5083 2214 5152 Steph.
2244 5094 2299 5140 et
2331 5085 2486 5157 Agyl.
2521 5086 2685 5141 ἕνεκα
2707 5084 2983 5155 suppleas.

521 5156 726 5223 ταύτην
778 5157 877 5223 τὴν
922 5154 1244 5223 νομοθεσίαν
1275 5158 1308 5223 ἡ
1344 5165 1471 5223 pas.
1566 5155 1611 5187 "
1636 5154 1715 5209 Ita
1746 5153 1860 5209 Ecl.
1902 5150 2076 5223 Vulgo
2105 5156 2184 5215 ὃς.

1846 5192 1860 5207 ο
1909 5171 1933 5206 ἴ
1951 5171 2076 5208 υιιζο
2105 5173 2184 5208 οε.

521 5156 726 5228 ταύτην
778 5157 877 5227 τὴν
922 5154 1244 5227 νομοθεσίαν
1275 5158 1308 5227 ἡ
1344 5165 1471 5226 pas.

3092 5013 3139 5047 “
3168 5011 3413 5067 Pendeat
3442 5012 3557 5063 hmo
3588 5022 3615 5060 a
3664 5021 3811 5077 pra:-

3078 5085 3122 5117 ²⁷
3162 5083 3277 5141 Ecl.
3307 5080 3501 5149 incipit
3544 5080 3628 5133 sic
3668 5097 3683 5132 :
3715 5079 3814 5130 καὶ

2054 5266 2290 5323 NOTAE.

599 5369 817 5441 (ιε-ει)
846 5366 984 5441 Nov.
1023 5367 1116 5441 96,
1157 5365 1297 5441 i_ufra
1323 5365 1452 5441 eod.

2294 5357 2508 5432 (85-86)
2534 5359 2608 5414 De
2622 5366 2823 5432 quarta
2848 5374 3016 5432 uxore
3039 5355 3185 5432 inopi
3210 5352 3629 5432 conpetentein
3650 5352 3819 5432 bonis

600 5421 714 5514 (Si)
740 5421 863 5514 ila-53
878 5421 1141 5514 ιδιρίιζδτὶ,
1166 5438 1367 5493 Leonis
1390 5437 1595 5492 dicitur
1614 5436 1687 5491 ab
1708 5432 2120 5505 iiarmcuopulo
2223 5421 2407 5514 mariti
2450 5421 2758 5514 locupletis
2783 5429 3051 5514 defui-seti,
3085 5421 3816 5514 νξὶίῖᾳιιῗεςιξρςίξοῖ

528 5516 582 5579 5,
611 5509 704 5565 't‘u."
732 5513 788 5573 8,
822 5509 847 5579 ς
877 5511 967 5564 95.

601 5582 715 5645 (83)
751 5578 944 5635 Novell
992 5580 1082 5645 55,
1115 5595 1162 5634 c.
1192 5578 1395 5640 6,117,
1425 5594 1473 5633 c.
1503 5580 1555 5633 5.

608 5638 720 5721 (84)
752 5652 1013 5716 Quartam
1048 5638 1166 5703 scil.
1196 5638 1331 5703 etut
1358 5638 1517 5719 pleno
1536 5648 1783 5703 dominio
1804 5646 1874 5701 sit
1904 5638 2121 5721 uxoris,

540 5734 596 5775 ut
618 5714 738 5784 hic,
767 5714 874 5773 non
898 5736 998 5773 usu
1035 5723 1175 5783 solo,
1208 5730 1267 5771 ut
1302 5714 1455 5787 olim,
1484 5730 1536 5774 ct
1562 5722 1634 5773 ita
1662 5721 1960 5787 abrogatur
1983 5714 2117 5767 Nov.

541 5792 667 5853 H7,
699 5808 747 5843 θ.
783 5790 835 5852 Β,
862 5805 1007 5843 vers.
1034 5791 1089 5843 Si
1124 5800 1304 5843 autem
1336 5792 1432 5854 ibi,
1471 5798 1528 5843 ut
1555 5804 1711 5845 usum
1744 5791 1919 5842 solum
1952 5787 2003 5840 itt
2034 5795 2119 5838 ta-

548 5860 643 5913 lib.
668 5861 834 5912 rebus
866 5861 1059 5911 mulier
1094 5861 1308 5913 habeat.

2222 5505 2349 5559 vell.
2382 5496 2596 5555 Justinf
2654 5500 2780 5563 117,
2804 5516 2858 5554 c.
2883 5499 2974 5565 56,
3003 5506 3057 5553 et
3108 5496 3496 5552 Autbcnticam
3549 5502 3817 5563 prauerea

2221 5573 2359 5631 Cod.
2392 5572 2544 5627 Unde
2571 5572 2654 5626 vir
2684 5581 2738 5625 et
2770 5585 2925 5624 tuor.

2298 5643 2412 5713 (87)
2442 5641 2825 5713 Abrogatttrd.
2853 5656 2904 5694 c.
2932 5639 2992 5703 5,
3019 5638 3077 5692 (ί.
3115 5638 3259 5713 loco.

2303 5706 2414 5785 (88)
2448 5713 2507 5768 ld
2546 5706 2652 5779 est,
2683 5711 2756 5767 ita
2793 5719 2973 5766 tamen
3003 5725 3069 5765 nc
3120 5710 3185 5763 ad
3240 5706 3519 5763 secundas
3570 5708 3826 5757 transeat

2232 5793 2469 5857 nuptias.
