4022 6432
268 336 271 339 ’
317 388 427 455 637

855 498 1173 553 ΔΙΑΤΔΞΙΣ
1210 496 1309 551 PZ'
1333 497 1401 551 ”.

320 590 460 658 Περὶ
508 589 616 642 τοῦ
666 589 1071 658 ὲπγράφεσθαι
1128 588 1270 653 τοὺς
1323 586 1681 658 εισὰγοντας
1732 585 1911 658 δίκην

388 653 787 729 ἐγκλήματὸᾷ
820 653 950 727 ἤτοι
975 660 1081 729 τὸν
1104 653 1495 726 ,βουλόμενοίρ
1525 653 1777 711 εἰσιέναι
1818 655 1909 709 δί-

391 728 509 797 κην
551 731 838 798 πρότερον
864 728 1135 798 ἐγγράφῳ
1173 729 1393 782 πίστει.

392 822 650 893 Ἀριστον
692 820 807 874 ἐστι
839 822 969 887 πᾶν,
1010 819 1063 873 εἴ
1082 836 1135 872 τι
1171 820 1336 873 καλὸν
1377 818 1472 872 καὶ
1509 817 1588 889 τῷ
1626 817 1726 889 βίῳ
1770 833 1910 888 συμ-

322 916 486 985 φέρον
509 955 524 980 ,
557 915 837 985 ἀγήρατον
867 913 962 965 κα)⁵
992 912 1243 976 ἀειθαλὲς
1278 912 1577 982 διαμένειν,
1609 911 1706 964 καὶ
1740 910 1908 980 μηδέ-

321 1026 452 1062 ποτε
492 1008 602 1060 τῶν
644 1006 904 1060 τοιούτων
954 1005 1437 1077 ἀπομαραίνεσθαι
1485 1004 1583 1076 τὴν
1618 1005 1907 1073 ὠφέλειαν.

325 1102 387 1153 εἰ
412 1096 458 1153 δ’
490 1098 600 1169 ἄρα
631 1100 725 1152 καὶ
766 1099 973 1169 συμϐῇ,
1001 1096 1255 1165 καθάπερ
1296 1097 1558 1159 πολλάκις
1590 1096 1911 1167 συμϐαίνειν

321 1190 498 1261 φιλεῖ,
532 1189 1020 1261 παραμεληθέντος
1044 1187 1089 1219 ³ο
1127 1189 1470 1261 ἀπορρυῆναι
1500 1188 1562 1241 τὸ
1609 1190 1907 1261 χρήσιμον,

320 1266 456 1336 ἀλλά
515 1281 641 1345 τούς
704 1298 768 1349 γε
817 1279 1074 1349 φροντίδα
1137 1280 1246 1332 τῶν
1310 1279 1675 1349 ἀνθρωπίνων
1728 1279 1910 1333 καλῶν

321 1374 682 1444 ποιουμένους
716 1369 965 1442 προσῆκε
1013 1369 1088 1443 μὴ
1118 1372 1511 1443 κατολιγωρεῖν
1554 1373 1652 1441 τῆς
1694 1371 1911 1425 ἀποκα-

319 1460 637 1527 ταστάσεως
664 1463 758 1516 τοῦ
792 1461 890 1533 τὴν
919 1461 1115 1516 ἑαυτοῦ
1144 1461 1481 1517 λυσιτέλειαν
1531 1459 1608 1532 τῷ
1634 1459 1733 1533 βίῳ
1766 1475 1910 1531 παρ-

320 1552 600 1628 εχομένου.
1200 1602 1205 1603 ν

393 1646 493 1701 Διά
532 1649 573 1679 ³¹
607 1643 768 1700 τοῦτο
802 1645 896 1701 καὶ
943 1645 1005 1698 τὸ
1048 1644 1319 1716 ἡμέτερον
1353 1641 1556 1716 κράτος
1593 1645 1757 1715 νόμον
1789 1644 1911 1699 τινὰ

319 1736 766 1795 λυσιτελέστατον
812 1738 911 1809 μὲν
942 1735 1017 1809 τῷ
1052 1738 1172 1809 βίῳ,
1208 1737 1304 1792 νῦν
1336 1738 1381 1791 δ’
1424 1737 1612 1809 ὥσπερ
1665 1754 1910 1808 γεγηρα-

1424 387 1787 448 NOVELL/E
1819 386 2500 451 CONSTITUTIONES.

1944 499 1994 557 Δ

3494 397 3600 459 G38

2479 499 2949 557 CONSTITUTIO
2978 501 3138 557 CVII.

2018 588 2085 643 Ut
2132 600 2281 645 actor
2319 601 2440 662 ante
2465 592 2575 645 litis
2600 593 3035 647 contestationem
3088 592 3200 659 (89)
3254 607 3496 662 porrecto
3528 599 3599 653 li-

2258 661 2389 714 bello
2412 662 2586 730 judici
2610 663 2769 731 ﬁdem
2812 679 2961 717 suam
2988 665 3171 732 probet
3208 664 3341 735 (90).

2085 816 2139 872 Si
2168 819 2435 889 quidquid
2462 821 2754 876 honestum
2783 823 3018 892 vittaque
3043 824 3296 879 humanae
3325 826 3459 881 utile
3486 836 3594 893 est,

2012 920 2042 962 a
2073 909 2228 964 senio
2275 910 2504 965 liberum
2554 927 2618 965 ac
2647 927 2866 981 semper
2928 929 3165 969 vernans
3219 928 3591 984 permaneret,

2012 1012 2189 1069 neque
2222 1017 2459 1069 unquam
2484 1003 2603 1070 ejus
2636 1006 2842 1059 utilitas
2861 1006 3117 1062 deficeret
3151 1008 3241 1062 :id
3274 1025 3404 1065 vero
3438 1013 3598 1083 longe

2014 1092 2526 1159 priestantissimum
2558 1093 2721 1149 I'oret.
2778 1095 3148 1162 Quamobrem
3190 1102 3408 1156 etiamsi
3458 1117 3597 1157 con-

2012 1182 2186 1250 tingat
2214 1178 2296 1251 (nt
2327 1197 2460 1238 sane
2496 1198 2739 1253 perszepe
2791 1188 3114 1255 contingere
3143 1190 3305 1258 solet.)
3330 1200 3474 1244 uteo
3502 1208 3600 1246 ne-

2012 1275 2190 1343 glecto
2223 1275 2433 1331 utilitas
2495 1280 2774 1346 depereat.
2846 1295 3080 1349 quorum
3114 1296 3259 1335 curae
3283 1286 3599 1341 communis

2012 1367 2136 1421 vive
2164 1367 2305 1422 bona
2360 1367 2689 1423 incumbunt
2723 1372 2815 1424 :hi
2850 1382 3019 1433 certe,
3050 1382 3107 1425 ut
3135 1389 3203 1427 ne
3236 1373 3289 1427 id
3344 1377 3490 1443 quod
3530 1376 3601 1430 de

2011 1460 2317 1514 semultnm
2360 1462 2616 1518 utilitatis
2641 1463 2695 1517 in
2736 1478 3028 1519 commune
3092 1464 3380 1531 tliIIundat,
3434 1470 3598 1523 resti-

2012 1559 2166 1606 tuere
2188 1553 2490 1622 negligant,
2526 1570 2661 1610 sane
2697 1570 2863 1624 quam
2892 1557 3228 1612 conveniens
3254 1567 3357 1614 est.

2083 1639 2159 1695 Ea
2183 1651 2409 1713 propter
2439 1653 2493 1700 et
2524 1656 2713 1702 nostra
2772 1647 3034 1716 majestas
3094 1648 3265 1718 legem
3298 1650 3597 1719 quamdam

2013 1734 2179 1789 rebus
2209 1736 2461 1791 humanis
2517 1738 2693 1792 multo
2740 1738 3016 1807 quondam
3049 1741 3422 1806 utilissimam,
3451 1759 3601 1798 nunc

323 1835 457 1887 κότα
497 1828 591 1885 καὶ
614 1828 747 1903 πρὸς
766 1832 827 1884 τὸ
848 1832 1120 1901 ἄχρηστον
1144 1830 1562 1884 κινδυνεύσαντα
1591 1833 1910 1901 περιστῆναι

2017 1840 2147 1880 vero
2172 1828 2321 1880 Vrlut
2372 1827 2527 1882 senio
2582 1827 2909 1893 conlectam,
2939 1840 2995 1884 et
3034 1845 3101 1885 ne
3126 1846 3350 1900 prorsus
3386 1834 3599 1889 inutilis

316 1924 403 1986 εἰς
447 1920 545 1992 τὴν
588 1921 827 1992 ἀρχαίαν
867 1918 1145 1987 ὲπανάγον
1172 1919 1217 1950 ³³
1253 1918 1439 1989 ἰσχὺν,
1470 1919 1531 1971 τὸ
1572 1918 1752 1989 γῆρας
1797 1914 1909 1973 οἷον

319 2012 544 2080 ἀποξέει
596 2013 696 2083 τῆς
746 2012 1050 2083 ἀχρηστίας
1097 2012 1192 2065 καὶ
1240 2011 1581 2076 ἀνακαινίζει
1623 2013 1763 2081 πρὸς
1806 2009 1908 2081 τὴν

318 2105 562 2177 ἀρχῆθεν
585 2103 781 2176 χρῆσιν
814 2105 908 2157 καὶ
938 2103 1039 2173 τῆς
1071 2102 1350 2166 πολιτείας
1380 2102 1670 2172 ὠφέλειαν.
1722 2103 1779 2156 '0
1809 2104 1908 2173 μὲν

318 2196 385 2270 δὴ
434 2199 598 2268 νόμος
639 2196 684 2229 ³³
738 2198 869 2267 περὶ
920 2194 1029 2249 τῶν
1082 2197 1196 2250 ὅσοι
1248 2197 1492 2267 κινήσεις
1542 2194 1908 2264 ἐγκλημάτων

320 2286 658 2359 προάγουσιν
701 2287 745 2318 ³⁵
767 2330 781 2351 ,
812 2286 957 2339 ὥστε
986 2285 1211 2349 τούτους
1254 2286 1386 2357 πρὶν
1418 2287 1498 2349 εἰς
1546 2287 1673 2349 τοὺς
1714 2285 1907 2353 λόγους

320 2379 500 2433 ἐλθεῖν
553 2374 647 2431 τοῦ
705 2378 1022 2449 ζητήματος
1072 2378 1203 2449 περὶ
1256 2379 1355 2447 τῆς
1409 2378 1618 2441 οἰκείας
1650 2377 1909 2448 προαιρέ-

321 2484 463 2531 σεως
492 2467 759 2539 ἐγγράφῳ
808 2466 1192 2523 διαϐεϐαιὼσει
1244 2469 1428 2521 πίστιν
1474 2470 1781 2538 παρασχεῖν
1826 2467 1909 2540 τῷ

319 2561 507 2630 κριτῇ,
535 2560 728 2629 ὅτιπερ
788 2557 914 2611 οὔτε
950 2558 1217 2627 δολιότητι
1251 2556 1644 2629 παρενοχλοῦσι
1681 2557 1909 2627 γνώμης

318 2649 435 2703 οὔτ’
477 2652 571 2703 ἐπὶ
603 2648 953 2721 προλαῦούσῃ
987 2649 1511 2719 καταδεδικασμένοι
1545 2648 1811 2715 ἐξετάσει,
1845 2650 1906 2702 οὐ

324 2742 431 2813 μὴν
455 2741 575 2794 οὐδὲ
608 2740 703 2794 νῦν
740 2740 940 2806 εἰδότες
983 2741 1117 2795 αὐτὸ
1167 2739 1325 2794 τοῦτο
1376 2741 1647 2812 μηδεμίαν
1695 2740 1795 2811 μὲν
1828 2741 1910 2803 εἰς

315 2834 419 2905 τὴν
450 2832 543 2886 τοῦ
574 2834 789 2887 δικαίου
820 2834 1008 2903 χώραν
1039 2832 1244 2886 εἴσοδον
1282 2832 1446 2902 ἔχειν,
1492 2831 1814 2902 κακούργως
1851 2831 1908 2885 δὲ

322 2922 738 2993 βεϐουλευμένοι
792 2924 1097 2993 πράγματα
1154 2924 1418 2993 παρέχειν
1471 2920 1549 2991 τῷ
1600 2923 1908 2993 ἀντικρινο-

322 3016 495 3088 μένῳ,
521 3016 643 3068 οὐδέ
664 3032 726 3083 γε
756 3016 800 3045 ³⁸
820 3015 881 3068 τὸ
912 3016 1112 3085 ἀληθὲς
1133 3016 1479 3084 διαστρέφειν
1501 3013 1685 3083 ψεύδει
1711 3012 1897 3082 πειρά-

322 3126 499 3162 σουσι.
553 3106 738 3160 Ταῦτα
784 3106 883 3177 μὲν
916 3105 1011 3161 τοῦ
1067 3108 1234 3177 νόμου
1291 3105 1360 3158 τὰ
1404 3104 1775 3176 διορίσματα·
1811 3104 1907 3157 καὶ

320 3202 504 3264 καλῶς
534 3199 855 3272 διωρίζετο,
890 3202 986 3255 καὶ
1031 3199 1204 3253 ταῦτα
1251 3200 1331 3269 τῷ
1388 3200 1696 3270 παραϐάντι
1746 3200 1906 3271 ποινὴ
1932 3174 1975 3231 C

326 3290 630 3353 ἓπετίθετο,
682 3291 743 3342 οὐ
782 3290 945 3360 μόνον
991 3290 1070 3351 δὲ,
1100 3288 1239 3343 ἀλλά
1287 3292 1381 3343 καὶ
1414 3292 1543 3353 τοὺς
1579 3291 1913 3362 συνηγόρους

322 3384 354 3435 δ
394 3380 587 3454 ῥηθεὶς
631 3384 725 3435 ἐπὶ
773 3385 888 3445 τοῖς
937 3382 1151 3451 ὁμοίοις
1198 3382 1490 3451 ἐδοκίμαζε
1522 3382 1705 3452 νόμος.
1751 3382 1912 3435 Ἀλλά

322 3473 535 3540 τοῦτον,
554 3472 809 3545 καθάπερ
838 3469 1017 3537 εἶπον,
1064 3472 1253 3543 ὥσπερ
1282 3472 1653 3542 ἀπεφθιμένον
1675 3473 1719 3504 ³⁸
1750 3490 1910 3543 περι-

328 3564 602 3632 ιπηκότα
630 3563 713 3624 εἰς
744 3563 805 3613 τὸ
829 3560 1109 3624 παντελῶς
1137 3561 1411 3632 ἄχρηστον
1435 3562 1470 3629 ή
1495 3561 1739 3630 βασιλεία
1754 3563 1913 3632 ἡμῶν

326 3652 578 3723 καὶπρὸς
605 3652 706 3723 τὴν
733 3651 958 3723 πρώτην
975 3652 1297 3723 ἀνακομίζει
1327 3652 1542 3723 ῥώμην,
1573 3652 1669 3704 καὶ⁹
1697 3652 1799 3721 τὴν
1830 3654 1911 3714 εἰς

325 3744 426 3812 τὴν
458 3744 738 3797 πολιτείαν
783 3745 933 3814 αὐτῷ
979 3746 1293 3815 παρρησίαν
1324 3743 1627 3813 χαρίζεται.
1663 3743 1773 3795 Καὶ
1820 3743 1911 3795 θε-

326 3834 593 3905 σπίζομεν
637 3835 748 3888 ἀπό
803 3853 867 3904 γε
911 3835 1010 3889 τοῦ
1045 3835 1319 3906 παρόντος
1361 3834 1491 3897 τοὺς
1544 3832 1911 3904 βουλομένους

322 3924 485 3995 δίκην
508 3926 860 3995 είσέρχεσθαι
888 3926 997 3997 πρὸ
1022 3926 1125 3995 τῆς
1153 3926 1362 3979 εἰσόδου
1388 3925 1457 3978 τὰ
1490 3924 1595 3978 ὑπὸ
1619 3923 1716 3977 τοῦ
1741 3924 1907 3995 νόμου

326 4015 649 4086 προτιθέναι
687 4016 1040 4087 διοριζόμενα
1062 4016 1126 4069 ³⁷.

836 4108 1151 4161 ΔΙΑΤΑΞΙΣ
1188 4105 1294 4160 PII'
1328 4106 1394 4161 ³³.

327 4198 471 4268 Περὶ
494 4199 605 4254 τοῦ
628 4200 777 4269 μετὰ
798 4200 916 4262 τὴν
944 4199 1191 4267 πρώτην
1235 4198 1507 4263 δήλωσιν
1528 4197 1616 4267 μὴ
1646 4198 1799 4266 πρὸς
1838 4198 1910 4253 τὸ

698 4269 1012 4338 κριτήριον
1041 4270 1529 4335 ἀπαντήσαντος.

402 4358 540 4414 Οὐδὲ
568 4358 728 4414 τοῦτο
773 4361 833 4414 τὸ
883 4359 1445 4431 καταπεφρονημένον
1496 4358 1589 4412 καὶ
1644 4359 1731 4413 διὰ
1760 4376 1907 4430 παρ-

332 4451 583 4522 οράσεως
617 4453 841 4521 γεγονὸς
870 4453 1298 4524 καταλειφθῆναι
1327 4452 1483 4522 θέμις
1525 4452 1906 4523 ἀνεπανόρθω-

2012 1918 2105 1971 Iiat
2134 1918 2561 1987 periclitantem,
2595 1918 2662 1973 ad
2700 1920 2998 1990 pristinum
3068 1922 3240 1977 robur
3301 1922 3596 1990 reducens,

2008 2013 2144 2066 senii
2178 2012 2588 2067 incommodum
2622 2014 2780 2084 quasi
2809 2013 3048 2081 abradit,
3076 2023 3130 2069 et
3165 2015 3231 2069 ad
3258 2016 3596 2085 primitivum

2009 2104 2184 2173 ipsius
2225 2118 2410 2168 usum,
2452 2105 2682 2175 reique
2732 2106 2966 2174 publica:
3012 2106 3304 2161 utilitatem
3346 2116 3596 2163 renouat.

2010 2197 2119 2251 Lex
2168 2206 2352 2251 autem
2381 2197 2449 2252 de
2479 2197 2609 2263 illis,
2638 2198 2732 2269 qui
2782 2199 3056 2255 actionem
3110 2208 3353 2262 movent,
3378 2201 3513 2270 agit,
3536 2210 3599 2254 ut

2008 2284 2064 2339 hi
2097 2287 2416 2355 priusquam
2450 2286 2517 2340 ad
2546 2288 2624 2343 rei
2665 2287 3110 2358 disquisitionem
3141 2290 3496 2354 deveniatnr,
3527 2292 3598 2346 de

2009 2389 2111 2432 Suo
2135 2377 2579 2447 institutojudici
2616 2379 2775 2433 [idem
2808 2380 3035 2442 faciant,
3060 2380 3268 2450 scripto
3298 2382 3596 2451 complexi.

2008 2483 2068 2522 se
2099 2470 2250 2521 nullo
2281 2469 2406 2523 dolo
2441 2472 2586 2525 malo
2613 2472 2991 2526 adversarium
3040 2473 3370 2541 inquietare,
3421 2488 3599 2543 neque

2008 2556 2116 2613 alio
2143 2558 2356 2627 judicio
2384 2560 2783 2615 condemnatos
2836 2577 2980 2625 esse,
3055 2578 3238 2633 neque
3269 2564 3323 2616 in
3352 2579 3597 2633 praesens

2008 2650 2152 2705 scire
2185 2665 2245 2706 se
2281 2653 2494 2706 nullum
2530 2652 2596 2706 ad
2633 2654 2874 2707 tribunal
2908 2655 3115 2709 aditum
3164 2655 3384 2715 habere.
3407 2664 3463 2710 et
3482 2670 3601 2711 ma-

2008 2740 2157 2810 ligno
2182 2742 2418 2797 consilio
2476 2744 2754 2812 negotium
2819 2746 3116 2810 facessere,
3150 2759 3329 2815 neque
3359 2745 3599 2816 denique

2007 2832 2307 2887 mendaciis
2355 2835 2638 2889 veritatem
2694 2835 3057 2890 intervertere
3098 2846 3395 2893 eonaturos
3445 2852 3591 2893 esse.

2004 2923 2182 2992 Atque
2201 2923 2314 2977 haec
2339 2925 2561 2992 quidem
2590 2925 2725 2994 legis
2763 2926 3081 2995 praescripta
3108 2935 3272 2982 sunt:
3298 2943 3423 2997 quae
3453 2944 3589 2984 sane

2006 3021 2155 3067 recte
2181 3028 2304 3067 Sese
2335 3013 2560 3080 habent,
2595 3030 2771 3084 eaque
2801 3016 2892 3085 qui
2932 3018 3430 3085 transgrederetur,
3463 3017 3593 3073 huic

2008 3120 2169 3176 poma
2207 3107 2577 3178 Inﬂigebatur.
2605 3108 2796 3179 Neque
2821 3125 2952 3165 vera
2985 3110 3114 3166 huic
3153 3112 3283 3177 soli,
3316 3112 3416 3168 sed
3458 3128 3594 3169 cau-

2011 3212 2195 3253 sarum
2227 3199 2390 3253 etiam
2417 3207 2677 3269 patronos
2696 3200 2891 3255 iisdem
2916 3200 3063 3255 dicta
3091 3202 3174 3256 lex
3214 3201 3591 3272 adjudicahat.

2012 3291 2203 3359 Itaque
2255 3290 2397 3345 hanc
2451 3291 2932 3361 (quemadmodum
2983 3291 3119 3363 dixi)
3177 3309 3279 3348 ceu
3342 3293 3599 3366 deperdi-

2012 3388 2122 3435 tam
2154 3380 2265 3453 (9I)
2290 3396 2632 3452 prorsusque
2660 3383 2912 3437 inutilem
2951 3383 3246 3448 redditam,
3284 3385 3590 3454 imperato-

2010 3473 2091 3526 ria
2120 3484 2300 3528 nostra
2324 3474 2608 3544 majestas,
2654 3482 2769 3529 tum
2794 3474 2862 3528 ad
2889 3475 3152 3545 pristinas
3181 3475 3327 3531 vires
3352 3475 3591 3541 reducit,

2012 3571 2127 3617 tum
2159 3564 2215 3617 in
2250 3579 2365 3619 rem
2424 3565 2699 3633 publicam
2754 3565 2931 3620 reditu
2964 3566 3153 3620 donat.
3190 3567 3268 3619 Ac
3299 3581 3428 3621 vero
3457 3582 3592 3623 san-

2009 3655 2207 3721 cimus,
2233 3657 2405 3725 utqui
2437 3656 2635 3711 dehinc
2656 3656 2710 3709 in
2735 3655 3009 3726 judicium
3035 3658 3337 3727 procedere
3383 3659 3591 3723 volent,

2010 3752 2138 3799 ante
2169 3745 2454 3802 introitum
2518 3762 2643 3817 quae
2676 3762 2705 3800 a
2735 3748 2854 3818 lege
2914 3749 3374 3819 praseribuntur,
3434 3750 3593 3806 exhi-

2006 3834 2199 3893 beant.

2464 4098 2933 4155 CONSTITUTIO
2955 4100 3136 4159 CVIII.

2003 4193 2088 4251 De
2114 4211 2195 4262 eo,
2223 4193 2317 4264 qui
2350 4194 2433 4253 ad.
2451 4195 2689 4276 primam.
2714 4194 3377 4326 denitgégationsmjudicio
3403 4211 3459 4250 se
3484 4211 3590 4250 non

2644 4274 2784 4318 ststtt
2822 4283 2836 4326 ι
2943 4304 2958 4318 .

2644 4277 2784 4318 mm
2822 4277 2958 4332 (νει).

2078 4355 2264 4427 Neque
2321 4371 2453 4412 vero
2510 4357 2635 4420 hoc,
2682 4357 2902 4412 tametsi
2952 4357 3265 4426 neglectum
3317 4357 3588 4413 hactenus

2007 4448 2447 4518 eontemptuiqne
2470 4449 2716 4502 habitum
2748 4448 2841 4507 sit.
2899 4448 3276 4503 incorrectum
3352 4450 3592 4518 relinqui

330 4517 444 4610 τον,
474 4543 590 4597 ἀλλ’
624 4517 777 4608 ἀξιον
826 4543 959 4597 αὐτὸ
990 4543 1033 4574 ³³
1079 4517 1605 4613 τίθης’προσηκούσης
1655 4517 1906 4611 βοηθείας

2017 4541 2094 4596 l'as
2129 4517 2240 4607 est,
2259 4517 2547 4611 potiusque
2580 4547 2639 4594 ut
2662 4541 3013 4595 convenienti
3064 4541 3273 4595 auxilio
3320 4517 3586 4610 potiatur,

332 4636 541 4704 τυχεῖν,
574 4634 650 4698 ὡς
672 4635 733 4688 ὲν
760 4637 872 4698 τοῖς
894 4634 988 4688 τοῦ
1023 4632 1139 4704 βίου
1173 4634 1464 4706 πράγμασι
1516 4631 1718 4703 πολλὴν
1771 4649 1913 4703 παρ-

334 4725 597 4795 εχόμενον
622 4725 722 4797 τὴν
752 4725 1043 4796 ὠφέλειαν.

406 4816 619 4870 Οὐκοῦν
663 4818 869 4888 ὁμοίως
915 4818 1203 4872 καὶτοῦτο
1258 4816 1396 4886 πρὸς
1444 4814 1732 4884 καινισμδν
1775 4815 1909 4868 καθ-

339 4904 617 4973 ιστῶντες,
642 4906 833 4979 ὥσπερ
858 4910 1038 4963 ἐκεῖνο
1051 4908 1111 4962 τὸ
1129 4907 1292 4979 μέρος
1314 4906 1343 4958 ὃ
1368 4904 1604 4976 περὶτοῦ
1621 4906 1667 4937 ⁸ο
1682 4906 1911 4961 εἰσιέναι

2013 4630 2269 4686 convenit
2303 4648 2317 4686 :
2354 4640 2541 4701 utpote
2566 4631 2711 4703 quod
2757 4631 3014 4687 humanis
3072 4633 3236 4687 rebus
3266 4631 3492 4685 multam
3524 4631 3594 4688 de

2012 4740 2072 4781 se
2100 4724 2390 4778 utilitatem
2418 4724 2678 4794 prebeat.

2079 4815 2189 4871 Nos
2211 4817 2391 4885 itaque
2421 4816 2883 4885 quemadmodum
2913 4814 3274 4877 istractatus,
3314 4812 3410 4883 qui
3435 4813 3589 4869 litem

2010 4907 2301 4961 instituere
2337 4907 2648 4962 volentibus
2685 4908 2913 4960 formam
2938 4904 3267 4974 praescrihit,
3298 4905 3593 4962 innovatus

1638 5036 1873 5094 VARUS
1909 5036 2203 5093 LECTION
2210 5037 2317 5093 ES.

404 5132 453 5165 ”
481 5128 595 5185 Ecl.
629 5128 765 5185 Nov.
800 5129 890 5184 54.
968 5129 1013 5162 ³⁸
1049 5128 1230 5184 Malim
1258 5125 1811 5199 napapekqﬁévmg.
1873 5127 1912 5158 "
1942 5126 2055 5199 Ine.
2091 5128 2311 5199 Ecloga.

337 5201 469 5256 nulli
518 5201 742 5271 Eclogze
759 5200 989 5255 Codices
1010 5201 1285 5271 ἐπανάγον
1314 5197 1445 5271 scil;
1470 5197 1532 5249 τὸ
1549 5197 1724 5271 Διξῖειίέτε
1735 5213 1826 5265 ρον
1851 5197 2076 5271 κράτος.

333 5265 678 5326 διιειίηἰαηΓ
700 5269 835 5324 Nov.
884 5271 954 5324 49
1004 5284 1055 5324 c.
1088 5269 1141 5329 5.
1174 5265 1229 5322 et
1257 5268 1291 5321 l.
1326 5268 1361 5320 2
1407 5268 1467 5320 C.
1546 5266 1590 5296 ³⁷⁵
1612 5265 1727 5335 Ecl.
1796 5268 2030 5335 προσάγ.

758 5338 944 5409 Ψέντά
965 5338 1327 5409 διοριζόμενα.
1360 5335 1475 5389 Ecl.
1501 5333 1817 5409 προτιθέναι
1843 5333 2208 5409 διοριζόμεθα.
2257 5336 2320 5409 ³³
2340 5335 2474 5409 Erl:
2491 5336 2625 5409 Nov.
2822 5338 2867 5369 ³³
2893 5333 3273 5409 διορὴηοοιῄξ
3292 5340 3385 5393 καὶ
3408 5333 3590 5397 ἀύτό.

336 5342 382 5421 ῗῖ
410 5340 583 5421 9044-
615 5356 751 5421 πρατ

2794 5128 2993 5196 νάγων.
3028 5129 3123 5181 sed
3194 5132 3399 5185 rectius
3451 5146 3591 5187 non-

2154 5198 2198 5229 ³³
2223 5196 2617 5267 Osenbruggeri
2660 5198 2881 5267 διορίζει
2914 5199 3219 5252 addendum
3281 5210 3488 5255 censet.
3514 5203 3589 5257 cf.

2126 5267 2172 5341 ss
2202 5267 2379 5341 θρίω-ζ
2419 5268 2622 5341 habent
2660 5268 2803 5341 _j{__a'tp.
2827 5338 2864 5341 η
2897 5267 2948 5341 ³⁸
2979 5267 3089 5341 Ecl.
3140 5269 3590 5341 ἀποφθινόμενον.

2414 5129 2459 5166 ³³
2491 5128 2791 5199 νιιῖεονὲπα

337 5411 384 5442 ⁸ο
404 5410 580 5466 Codd.
602 5402 733 5482 τῶν.
764 5402 1245 5464 Ριιιτειθιηὶειηεη
1276 5421 1496 5462 servare
1524 5402 1639 5457 vult
1671 5402 1885 5472 Steph..
1924 5402 2107 5462 addito
2134 5405 2419 5475 participio
2450 5404 2789 5476 βουλομένων
2834 5408 2913 5463 vel
2946 5402 3266 5474 μελλόντων.

1847 5519 2080 5576 NOTAE.

431 5637 522 5702 89)
548 5636 758 5702 Novell.
794 5635 885 5691 97.
926 5652 974 5690 s.
1007 5635 1131 5690 eod.

431 5638 501 5694 89
548 5637 758 5702 Novell.
794 5637 885 5691 97.
926 5652 974 5690 s.
1007 5637 1131 5690 eod.

334 5797 366 5835 ο
552 5707 610 5763 ld
652 5716 760 5772 est.
808 5707 977 5778 juret,
1025 5704 1309 5760 reducitur
1350 5702 1485 5759 Nov.
1526 5703 1598 5759 49
1624 5743 1639 5770 ,
1689 5702 1897 5762 Justin.

2088 5634 2199 5704 (9l)
2223 5633 2357 5688 Nov.
2386 5633 2531 5690 Just.
2556 5634 2649 5698 47,
2673 5650 2793 5703 cap.
2818 5636 2872 5689 3.

2081 5702 2190 5775 (92)
2226 5704 2295 5775 In
2327 5721 2487 5759 usum
2537 5702 2827 5775 revocatur
2878 5703 3015 5775 Nov.
3071 5703 3273 5759 Justin.
3332 5702 3586 5775 69,c.3,

2006 5772 2215 5829 Novell.
2243 5772 2368 5842 “2,
2392 5790 2513 5845 cap.
2547 5775 2602 5840 5,
2636 5776 2658 5829 1
2694 5774 2855 5830 Ilarm
2916 5774 3020 5846 §6,
3062 5775 3116 5829 in
3143 5776 3234 5830 lin.
