4022 6452
429 415 543 478 639

1710 408 1986 471 LEONIS
2019 407 2486 470 PHILOSOPHI

3607 403 3714 468 640

432 535 540 588 est,
571 521 636 577 ad
669 517 1008 577 consimilem
1038 517 1206 572 etiam
1233 516 1453 573 modum
1482 516 1587 572 hoc
1629 516 2011 580 innnovantes,

2127 518 2265 587 πρὸς
2291 518 2451 590 δίκην
2484 516 2656 570 τύπον
2685 515 2931 587 ἐκφέρει,
2976 516 3312 588 θεσπίζομεν
3341 519 3409 583 δ’,
3442 517 3533 571 τὸν
3563 518 3715 586 ἀπαξ

434 616 736 676 sancimus,
761 622 816 665 ut
841 611 932 680 qui
959 611 1128 666 semel
1157 609 1406 680 judiciali
1434 609 1699 665 citatione
1726 610 1778 664 in
1798 610 1888 680 jus
1909 610 2018 681 (95)

435 709 682 765 vocatus,
716 715 892 769 neque
939 699 1054 769 ipse
1111 709 1288 768 paret,
1344 715 1523 770 neque
1575 699 1742 754 alium
1793 701 1886 770 qui
1921 716 2022 770 pro

437 797 556 863 ipso
615 793 668 846 in
728 793 941 862 judicio
973 808 1032 846 se
1057 791 1271 853 offerat,
1333 792 1524 856 mittit,
1579 791 1779 845 iterum
1824 791 2021 860 judicii

432 885 846 940 denuntiatione
876 884 1214 952 impetatur:
1253 883 1340 936 cui
1381 883 1426 938 si
1465 883 1726 938 similiter
1781 898 1891 937 non
1924 884 2026 938 ob-

431 980 717 1044 temperet,
738 988 917 1042 neque
957 974 1118 1027 tertia
1142 973 1562 1028 denuntiatione
1615 975 1870 1044 indignus
1895 991 2024 1029 cen-

430 1073 620 1119 scatur
652 1080 667 1116 :
703 1070 758 1117 et
788 1064 832 1116 si
866 1061 1111 1131 quidem,
1138 1078 1263 1116 cum
1289 1071 1398 1116 tam
1448 1063 1720 1132 patienter
1741 1062 2024 1130 iudicialis

428 1158 718 1212 clementia
745 1156 925 1224 ipsum
943 1162 1244 1224 exspectet,
1275 1155 1392 1224 ipse
1418 1155 1780 1209 nihilominus
1808 1155 2021 1209 tertiam

429 1248 749 1301 citationem
811 1255 1175 1300 contemnens
1227 1252 1376 1314 (cum
1441 1247 1590 1300 nulla
1641 1246 1794 1316 justa
1853 1261 2022 1299 causa

428 1339 883 1408 comparitionem
911 1337 1034 1405 ejus
1058 1336 1341 1407 impediat)
1394 1353 1570 1406 neque
1607 1354 1702 1408 per
1733 1353 1814 1402 se,
1847 1352 2024 1406 neque

431 1445 528 1499 per
555 1429 727 1483 alium
752 1429 964 1496 judicio
989 1431 1150 1484 sistat
1175 1448 1187 1484 :
1221 1439 1354 1484 tunc
1377 1431 1603 1483 omnino
1630 1430 1793 1484 etiam
1826 1430 2024 1484 absens

429 1521 850 1582 condemnetur,
885 1528 939 1575 et
967 1535 1314 1590 nequaquam
1334 1522 1616 1590 deinceps,
1645 1521 1725 1575 vel
1755 1520 2020 1588 quaestio-

431 1629 554 1667 nem
584 1629 821 1680 movere,
849 1616 931 1668 vel
959 1615 1472 1669 condemnationem
1495 1613 1888 1683 subterfugere
1915 1614 2022 1683 ipsi

428 1704 806 1774 permittatur.

2124 609 2230 661 ὑπὸ
2262 608 2585 678 δικαστικῆς
2621 608 3014 678 προσκλήσεως
3046 609 3140 660 ἐπὶ
3196 609 3298 678 τὴν
3345 609 3530 680 κρίσιν
3577 611 3713 678 κλη-

2124 700 2308 764 θέντα,
2331 699 2424 752 καὶ
2445 700 2568 770 μήτ’
2585 700 2746 754 αὑτὸν
2767 700 3151 754 ὑπακούσαντα
3178 699 3304 771 μήθ’
3323 700 3510 772 ἕτερον
3537 703 3713 771 πρόσ-

2123 805 2272 840 ωπον
2320 789 2435 840 ἀντ’
2467 788 2631 841 αὑτοῦ
2662 788 2707 819 ⁸³
2741 789 2878 858 πρὸς
2897 790 2996 857 τὴν
3050 790 3232 859 κρίσιν
3265 791 3574 860 ἀπαντῆσαι
3629 793 3712 845 δι-

2125 877 2543 939 αποστείλαντα,
2580 877 2743 932 πάλιν
2786 878 3047 948 δευτέρας
3099 879 3379 943 ἀξιοῦσθαι
3403 880 3711 949 δηλώσεως,

2129 969 2512 1038 ἀπειθήσαντα
2537 970 2594 1022 δὲ
2630 970 2726 1022 καὶ
2767 971 2812 1001 ⁸³
2833 971 3028 1042 ταύτῃ,
3061 973 3196 1042 μηδὲ
3237 972 3335 1040 τῆς
3370 975 3560 1044 τρίτης
3581 975 3716 1029 ἀνά-

2129 1059 2237 1126 ξιον
2271 1062 2578 1133 κρίνεσθαι,
2632 1065 2729 1118 καὶ
2782 1065 2950 1135 μέχρι
2977 1065 3235 1117 τοσούτου
3264 1065 3364 1134 τῆς
3387 1067 3712 1138 δικαστικῆς

2125 1154 2434 1217 ἐπιεικείας
2493 1155 2658 1207 αὑτὸν
2693 1154 3075 1226 ὑπομενούσης
3137 1155 3295 1228 εἴπερ
3352 1157 3712 1227 καταφρονῶν

2125 1242 2265 1313 ὀφθῇ
2300 1245 2347 1281 δι
2376 1243 2471 1295 καὶ
2503 1243 2597 1295 τοῦ
2634 1243 2819 1314 τρίτου
2859 1242 3177 1313 μηνύματος
3202 1245 3267 1309 ⁸⁸,
3311 1246 3405 1297 καὶ
3439 1247 3712 1318 μηδεμιᾶς

2127 1335 2351 1401 εὐλόγου
2381 1336 2712 1406 προφάσεως
2745 1334 2843 1405 τὴν
2875 1335 3180 1405 ἀπάντησιν
3228 1335 3544 1407 κωλυούσης
3583 1337 3709 1391 οῦτε

2125 1426 2194 1478 δι’
2221 1426 2416 1480 ἑαυτοῦ
2448 1427 2576 1479 οὔτε
2624 1426 2691 1480 δι’
2724 1428 2913 1497 ἐτέρου
2961 1427 3254 1498 προσώπου
3304 1428 3380 1497 τῷ
3411 1429 3709 1499 δικαστικῷ

2127 1520 2329 1590 βήματι
2357 1522 2637 1590 παραστῇ,
2669 1520 2791 1573 τότε
2855 1518 2920 1589 δὴ
2950 1519 3070 1570 τότε
3099 1520 3191 1570 καὶ
3235 1517 3309 1588 μὴ
3344 1520 3570 1590 παρόντι
3609 1520 3709 1591 τὴν

2125 1608 2603 1672 καταδικάζουσαν
2627 1609 2812 1678 ψῆφον
2857 1608 3008 1678 αὑτῷ
3039 1608 3084 1639 ⁸⁸
3119 1608 3431 1678 λαγχάνειν,
3471 1612 3566 1663 καὶ
3608 1629 3711 1682 μη-

2125 1701 2244 1752 κέτι
2277 1701 2396 1765 ἐξὸν
2430 1697 2569 1754 εἶναι
2604 1701 2727 1753 καθ’
2775 1695 2888 1753 οἷον
2917 1700 2980 1770 δή
3016 1718 3136 1753 τινα
3178 1702 3378 1772 τρόπον
3429 1702 3556 1773 μήτ’
3597 1705 3707 1773 ἀμ-

2127 1793 2412 1860 φισϐητεῖν
2446 1793 2581 1861 μήτε
2616 1791 2714 1860 τὴν
2745 1792 3070 1860 κατάκρισιν
3114 1791 3468 1845 ἀποδύεσθαι.

495 1888 674 1956 Atque
706 1887 810 1942 hoc
855 1887 908 1940 in
945 1893 1243 1957 utrumque
1291 1887 1578 1958 ligatorem
1637 1885 2011 1950 decernimus,

2190 1859 2405 1950 Ταύτην
2440 1859 2614 1951 δὲτὴν
2637 1859 2815 1950 ψῆφον
2844 1859 3098 1951 ὁρίζομεν
3122 1881 3207 1950 ἐφ’
3232 1883 3495 1952 ἐκατέρου
3529 1902 3703 1954 προσ-

311 2029 322 2040 ,
424 1981 541 2034 sive
580 1980 706 2048 quis
744 1980 796 2032 in
825 1979 914 2048 jus
942 1989 1170 2035 vocatus
1237 1994 1556 2049 comparere
1587 1979 1825 2049 negligat
1856 1996 1868 2031 :
1899 1979 2015 2033 sive

421 2073 545 2140 quis
567 2075 780 2126 actione
837 2071 1113 2134 instituta,
1171 2070 1603 2139 adversarioque
1646 2070 1701 2122 in
1738 2068 2006 2136 judicium

423 2163 714 2229 producto,
765 2163 964 2217 deinde
1010 2164 1117 2232 ipsi
1174 2163 1459 2216 molestias
1503 2162 2008 2230 protelationesque

420 2256 534 2309 litis
558 2256 884 2310 macbinans
909 2257 976 2311 ab
1023 2256 1230 2309 intenta
1263 2256 1481 2309 actione
1532 2253 1660 2307 dolo
1690 2253 1833 2306 tnalo
1865 2251 2016 2306 desi-

421 2355 552 2400 stat.
587 2345 801 2401 Etenim
857 2348 946 2400 bic
993 2362 1233 2415 quoque,
1285 2345 1375 2399 ubi
1413 2355 1494 2398 ter
1529 2343 1768 2412 ajudice
1798 2345 2013 2397 citatus

421 2451 531 2490 non
559 2438 900 2505 apparuerit,
929 2437 1132 2492 absens
1165 2436 1647 2498 condemnabitur,
1712 2437 1780 2489 iis
1825 2445 2008 2489 tamen

425 2528 910 2595 (quemadmodum
963 2526 1098 2593 dixi)
1132 2528 1174 2580 si
1223 2529 1370 2580 nulla
1438 2542 1626 2589 causa,
1683 2542 1802 2595 quae
1836 2526 2012 2591 illum,

421 2618 516 2685 Qui
552 2633 610 2673 se
640 2620 695 2672 in
731 2618 941 2686 judicio
972 2634 1078 2672 non
1105 2620 1328 2683 obtulit,
1363 2617 1738 2672 verisimilitcr
1786 2627 2003 2687 purget,

427 2714 494 2768 ad
520 2712 730 2784 justam
761 2713 1178 2780 excusationem
1209 2712 1406 2766 subsit.

903 2990 1368 3048 CONSTITUTIO
1387 2990 1522 3048 CIX.

423 3087 507 3143 Ne
529 3087 676 3141 intra
715 3084 826 3153 (91)
848 3085 1124 3150 septimum
1150 3083 1260 3153 (95)
1285 3085 1478 3136 aztatis'
1503 3100 1698 3136 annum
1737 3084 2011 3151 sponsalia

492 3152 762 3218 ineantur,
793 3152 953 3221 neque
981 3164 1101 3206 ante
1133 3152 1392 3204 decimum
1448 3164 1692 3220 qutntum
1744 3155 2004 3217 maribus,

493 3237 586 3280 aut
613 3226 874 3279 decimum
909 3226 1122 3276 tertium
1153 3223 1361 3291 feminis
1390 3224 1789 3276 matrimonium
1825 3241 2004 3277 conse-

496 3310 692 3350 ετειιιτ.

495 3387 628 3442 Cum
654 3401 814 3442 suum
850 3384 1050 3454 cuique
1084 3384 1162 3438 rei
1200 3392 1414 3453 tempus
1443 3397 1570 3439 esse
1619 3385 1838 3454 sapiens
1895 3384 2008 3455 (96)

421 3481 624 3540 tradat,
657 3478 823 3545 idque
861 3476 1174 3531 communis
1202 3477 1473 3537 omnium,
1506 3475 1598 3542 qui
1621 3475 1782 3528 modo
1810 3475 2010 3528 mentis

420 3579 705 3640 compotes
738 3578 890 3629 sunt,
947 3570 1220 3622 sententia
1279 3577 1393 3622 tum
1449 3569 1834 3637 amplectatur,
1891 3577 2007 3621 tum

419 3662 614 3732 probet
670 3678 684 3715 :
745 3661 798 3714 in
872 3660 1021 3713 omni
1097 3660 1312 3713 actione
1387 3667 1602 3728 tempus
1675 3659 2008 3723 observare,

420 3753 580 3821 longe
614 3750 1045 3821 pulcherrimum
1077 3747 1263 3802 fuerit.
1303 3747 1458 3813 Quod
1484 3749 1531 3802 si
1559 3748 1814 3802 fortasse
1848 3749 2004 3811 alibi,

421 3843 473 3895 in
507 3840 900 3895 contrahendis
938 3848 1088 3893 certe
1115 3839 1506 3906 :matrimoniis
1538 3840 1737 3909 negligi
1762 3855 1869 3892 non
1919 3840 2019 3892 de-

420 3937 529 3988 bet.
587 3936 814 4003 Oportet
873 3932 1148 3997 enim,ut
1199 3946 1308 4000 quo
1357 3946 1422 3985 ea
1475 3947 1563 3985 res
1619 3932 1674 3984 in
1727 3928 2007 3983 communi

417 4027 529 4080 vita
561 4026 738 4096 magis
780 4024 1099 4079 necessaria
1144 4031 1249 4088 est,
1292 4038 1357 4077 eo
1393 4023 1722 4092 prudentius
1761 4024 2008 4078 cautius-

422 4133 531 4187 que
571 4117 639 4170 ad
673 4117 820 4170 illam
851 4114 1207 4183 procedatur.

486 4207 660 4274 Quam
675 4221 808 4262 sane
820 4221 921 4260 nos
937 4207 1005 4258 ob
1019 4220 1242 4258 causam
1259 4205 1559 4259 secundum
1578 4213 1786 4260 veteres
1805 4203 2004 4275 (97-98)

413 4299 510 4368 qui
549 4308 697 4350 recte
720 4298 823 4349 hac
855 4295 923 4349 de
952 4310 1010 4349 re
1033 4295 1150 4362 lege
1200 4296 1306 4347 lata
1340 4303 1652 4349 statuerunt
1680 4337 1694 4358 ,
1720 4295 2005 4350 sancimus

418 4403 488 4442 ne
566 4400 677 4454 quo
751 4385 915 4437 modo
971 4393 1098 4437 ante
1181 4385 1471 4452 septimum
1546 4388 1726 4441 aetatis
1799 4401 2002 4439 annum

418 4478 698 4550 sponsalia
721 4477 1148 4541 constituantur,
1170 4493 1346 4545 neque
1374 4478 1781 4531 matrimonium
1805 4477 1999 4549 (99-1),

2118 1973 2294 2042 ώπου,
2345 1976 2454 2027 εῐτε
2501 1992 2585 2037 τις
2652 1974 3014 2044 προσκληθεὶς
3042 1975 3086 2014 ⁸⁷
3143 1975 3574 2047 κατολιγωρήσει
3603 1978 3708 2047 τῆς

2119 2069 2503 2138 ἀπαντήσεως,
2540 2068 2649 2121 εἴτε
2683 2085 2768 2130 τις
2810 2067 3071 2137 έγκλησιν
3107 2071 3320 2139 ποιήσει
3358 2071 3449 2124 καὶ
3490 2072 3567 2142 τῷ
3606 2071 3707 2144 βή-

2121 2177 2253 2230 ματι
2313 2163 2662 2230 παραστήσει
2726 2161 2788 2212 τὸ
2835 2160 3274 2230 διαμφισῦητοῦν
3338 2162 3522 2232 μέρος,
3584 2161 3706 2218 εἶτα

2121 2255 2260 2321 μετὰ
2305 2253 2404 2322 τὴν
2438 2253 2710 2323 προϐολὴν
2749 2251 2844 2304 τοῦ
2904 2253 3250 2322 ἐγκλήματος
3301 2256 3704 2326 κακομηχάνω;

2116 2344 2353 2413 ἀποστῇ,
2393 2344 2770 2414 ταλαιπωρίαν
2803 2348 2866 2398 ὲκ
2908 2343 3099 2397 τούτου
3151 2345 3228 2415 τῷ
3269 2346 3702 2418 ἀντικρινομένῳ

2116 2437 2385 2505 περινοῶν
2421 2438 2512 2488 καὶ
2543 2438 2810 2510 ἀναϐολὴν
2853 2440 2945 2494 τοῦ
2970 2440 3206 2512 πέρατος
3229 2439 3322 2492 τοῦ
3364 2440 3700 2510 ζητήματος.

2118 2527 2230 2580 Καὶ
2255 2523 2409 2590 οὗτος
2452 2529 2561 2599 γὰρ
2599 2531 2756 2600 παρά
2777 2532 2872 2584 τοῦ
2917 2533 3172 2587 δικαστοῦ
3225 2533 3703 2601 προσκαλούμενος

2116 2619 2245 2688 ἄχρι
2273 2619 2458 2687 τρίτου
2489 2621 2582 2673 καὶ
2616 2621 2692 2691 μὴ
2732 2623 3049 2693 πειθαρχών
3098 2624 3572 2693 κατακεκρίσεται
3609 2627 3702 2678 καὶ

2119 2709 2194 2779 μὴ
2225 2711 2437 2780 παρὼν,
2477 2713 2751 2782 μηδεμιᾶς
2777 2714 2963 2784 ἄλλης,
2998 2713 3186 2782 ὥσπερ
3226 2709 3400 2780 εἷπον,
3441 2713 3702 2785 ἀφορμῆς

2117 2801 2198 2857 είς
2227 2799 2447 2854 δικαίαν
2502 2803 2748 2871 ὑπούσης
2785 2804 3137 2874 παραίτησιν,
3171 2803 3203 2873 ἦ
3242 2803 3529 2872 δυνήσεται
3561 2805 3700 2876 ὑπὲρ

2115 2890 2209 2943 τοῦ
2248 2893 2324 2961 μὴ
2365 2893 2780 2963 ἀπαντήσαντος
2827 2897 2894 2946 τὰ
2942 2895 3128 2946 εἰκότα
3175 2894 3697 2965 διαπολογήσασθαι.

2605 2986 2915 3040 ΔΙΑΤΛΞΙΣ
2943 2986 3041 3039 ΡΘ’
3061 2986 3200 3040 ⁸⁸⁶³⁹.

2113 3078 2250 3148 Περὶ
2308 3079 2415 3132 τοῦ
2463 3079 2548 3148 μὴ
2599 3083 2872 3148 τίνεσθαι
2904 3079 3243 3148 μνηστείαν
3287 3079 3537 3132 ἔνδοθεν
3580 3078 3701 3133 τῶν

2182 3147 2332 3200 ἑπτὰ
2358 3147 2526 3211 ἐτῶν,
2559 3147 2677 3202 εἴτε
2708 3147 3046 3218 ἱερολογίιιν
3071 3148 3319 3201 ἔνδοθεν
3345 3148 3448 3200 τοῦ
3475 3165 3698 3202 τεσσα-

2175 3219 2718 3297 ρεσκαιδεκαετοῦς
2739 3219 2780 3250 ⁸ο
2829 3220 3090 3297 χρόνου,
3143 3219 3242 3270 καὶ
3285 3217 3393 3272 τοῦ
3432 3235 3700 3285 τρισκαι-

2180 3286 2434 3340 δεκάτου
2468 3290 2566 3340 ἐπὶ
2597 3286 2918 3357 γυναικῶν.

2180 3379 2285 3431 Τοῦ
2317 3381 2478 3448 σοφοῦ
2504 3382 2893 3452 παραινοῦντος
2920 3422 2936 3446 ,
2957 3379 3172 3448 Καιρὸς
3203 3379 3281 3446 τῷ
3309 3382 3487 3435 παντὶ
3511 3383 3699 3452 ,πράγ-

2103 3487 2273 3538 putt,
2327 3471 2421 3522 καὶ
2468 3471 2568 3540 τῆς
2620 3473 2806 3541 κοινῆς
2853 3472 3004 3540 παρά
3039 3473 3203 3525 πᾶσιν
3238 3474 3350 3525 ὅσοι
3383 3473 3578 3542 φρενὸς
3605 3475 3697 3525 εὑο

2107 3560 2364 3630 τυχοῦσιν
2399 3562 2719 3632 ὑπολήψεως
2749 3563 2907 3615 τοῦτο
2949 3564 3041 3616 καὶ
3070 3563 3319 3633 τιμώσης
3350 3565 3446 3617 καὶ
3472 3581 3701 3634 συνομο-

2107 3652 2370 3722 λογούσης
2391 3694 2405 3714 ,
2452 3655 2629 3717 καλῶς
2672 3655 2784 3725 ἔχει
2826 3656 3063 3725 μάλιστα
3097 3657 3193 3726 μὲν
3224 3659 3281 3709 ἐν
3314 3659 3460 3727 πάσῃ
3491 3660 3690 3728 πράξει

2105 3748 2294 3814 τηρεῖν
2321 3747 2413 3798 τὸν
2438 3748 2648 3817 καιρὸν,
2682 3749 2728 3800 εἰ
2754 3749 2798 3799 δ’
2820 3745 2912 3801 οὑν
2942 3749 3057 3802 ἀλλ’
3083 3749 3139 3802 έν
3166 3766 3228 3817 γε
3256 3753 3319 3818 τῇ
3347 3753 3486 3802 κατὰ
3509 3755 3688 3818 γάμον

2108 3841 2479 3910 συναρμοστίᾳ
2519 3840 2708 3893 τοῦτον
2754 3843 2830 3911 μὴ
2872 3843 3152 3913 παρορᾷν·
3205 3843 3287 3895 δεῖ
3316 3844 3442 3911 γὰρ,
3477 3845 3600 3897 ὅσον
3630 3847 3691 3896 ὲν

2107 3930 2217 3990 τοῖς
2245 3928 2385 3980 κατά
2411 3929 2500 3981 τὸν
2526 3929 2636 3999 βίον
2665 3932 2986 4003 πράγμασιν
3011 3935 3410 4000 ἀναγκαιοτέρα
3435 3936 3466 4003 ἡ
3487 3937 3692 4004 ἐπιχεί-

2108 4037 2283 4090 ρησις,
2315 4021 2566 4075 τοσοῦτον
2598 4023 2736 4092 μετὰ
2758 4023 2980 4094 γνώμης
3004 4025 3416 4094 ἀσφαλεστέρας
3443 4028 3537 4080 ἐπὶ
3571 4028 3698 4080 ταύ-

2106 4129 2206 4181 την
2237 4116 2460 4182 χωρεῖν.

2178 4204 2380 4256 Τούτου
2401 4205 2466 4274 δὴ
2488 4205 2672 4258 ἕνεκεν
2700 4208 2841 4259 κατὰ
2857 4207 2984 4270 τοὺς
3001 4208 3170 4260 πάλαι
3189 4208 3369 4272 καλῶς
3387 4209 3697 4274 συνειδότας

2109 4297 2238 4364 περὶ
2267 4295 2459 4348 τούτου
2494 4298 2584 4349 καὶ
2615 4298 2776 4366 νόμον
2807 4299 3065 4368 θεμένους
3096 4301 3309 4370 ἡμεῖςΗ
3344 4301 3694 4369 θεσπίζομεν,
3745 4301 3748 4305 ’

2111 4385 2379 4455 μηδαμῶς
2421 4387 2772 4440 συνίστασθαι
2813 4390 3105 4458 μνηστείαν
3150 4392 3240 4442 ἐπὶ
3285 4393 3494 4461 χρόνοις
3537 4393 3693 4446 ὲλάτο

2106 4492 2224 4528 τοσι
2250 4477 2357 4528 τῶν
2382 4477 2541 4542 ἑπτὰ,
2572 4480 2704 4548 μήτε
2749 4480 2856 4548 μὴν
2901 4481 3314 4548 ἱεροτελεστίαις
3347 4483 3694 4549 βεϐαιοῦσθαι

415 4586 616 4641 εροιιδιι
690 4568 1018 4632 duodecim,
1089 4584 1293 4638 sponso
1387 4585 1517 4622 vero
1593 4570 2007 4638 quatuordecim

2123 4566 2212 4637 τὴν
2254 4569 2547 4637 μνηστείαν
2593 4569 2688 4622 τοῦ
2728 4572 3176 4641 τρισκαιδεκάτου
3218 4573 3368 4637 ἔτους
3407 4576 3692 4647 ὲνδεούσης

419 4664 583 4718 annis
632 4663 868 4725 minore,
911 4661 1086 4715 sacris
1119 4661 1452 4714 ceremoniis
1482 4662 1857 4716 confirmetur.
1896 4662 1997 4714 At-

413 4773 520 4826 que
551 4757 656 4811 hoc
703 4755 953 4827 quidem,
999 4761 1266 4824 quantum
1299 4755 1364 4808 ad
1406 4769 1755 4808 communem
1810 4756 1992 4824 publi-

2105 4662 2202 4729 τῆς
2230 4659 2447 4729 νύμφης
2472 4699 2486 4722 ,
2526 4660 2620 4713 τοῦ
2645 4661 2701 4713 δὲ
2731 4664 2966 4732 νυμφίου
2995 4664 3084 4715 τὸν
3106 4667 3693 4735 τεσσαρεσκαιδέκατον

2113 4751 2188 4820 μὴ
2235 4751 2699 4821 διαμετροῦντος·
2772 4753 2910 4806 ἀλλὰ
2959 4755 3116 4807 τοῦτο
3169 4757 3268 4825 μὲν
3315 4759 3691 4840 ἀπηγόρευται

1736 4910 1822 4965 VA
1833 4909 1976 4965 ΒΙιΕ
2017 4909 2424 4965 LECTIONES.

470 5025 513 5057 "
541 5024 656 5079 Ecl.
688 5024 898 5093 incipit.
1004 5022 1048 5053 δ’
1085 5023 1196 5076 Ecl.
1226 5023 1442 5076 ἑαυτοῦ.

410 5091 874 5164 Eclogaacodices.
923 5093 1173 5164 Codices.
1205 5093 1425 5164 _I{ec_te.
1487 5091 1658 5163 Vulgo
1694 5095 1962 5163 μένοντος.

1544 5023 1590 5097 δξ
1614 5023 1687 5077 Ita
1724 5024 1836 5097 Ecl.
1865 5025 2037 5080 Codd.
2059 5027 2255 5097 artato.
2299 5025 2355 5097 δὲ
2389 5025 2613 5097 ταύτην.
2695 5026 2739 5058 ’⁵⁸
2771 5027 2882 5081 Ecl.
2910 5028 3121 5097 ὀφθείη.

3230 5031 3276 5062 ⁸⁵
3307 5031 3380 5085 Ita
3446 5034 3689 5087 nonnulli

2053 5096 2099 5127 ’⁵⁸
2135 5095 2582 5167 Nonnu|_li_Eclog
2618 5097 2775 5150 codd.
2808 5095 3304 5167 napdvtaéabré‘I.
3385 5102 3430 5132 "
3471 5104 3540 5155 Ita
3574 5104 3688 5156 Ecl.

410 5161 834 5244 Yulgoneox)..u
1007 5161 1314 5244 βείίιιΕοι.
1347 5161 1482 5218 Nov.
1516 5161 1616 5229 56;
1649 5161 1824 5220 eistat
1850 5165 1991 5236 apud
2019 5167 2210 5224 Harm.
2232 5166 2325 5221 lib.
2345 5165 2499 5230 1V,it.
2525 5161 2575 5230 ιζ
2597 5167 2846 5237 pag.282.
2890 5161 2966 5200 ’⁸ο
2995 5169 3071 5223 Ita
3095 5185 3158 5224 ex
3189 5169 3302 5224 Ecl.
3336 5171 3424 5226 do.
3453 5171 3684 5244 Scrimg.

410 5232 718 5296 δεκαετοῦς.
794 5233 836 5264 δ’
869 5232 980 5287 Ecl.
1011 5233 1222 5303 incipit.

1924 5369 2158 5429 ΝΟΤιΕ.

484 5486 595 5556 (95)
621 5483 743 5556 Yid.
799 5484 978 5556 tit._ff.
1008 5484 1154 5540 Dein
1191 5484 1478 5556 jusvocat.

485 5554 596 5624 (94)
625 5555 688 5607 Et
719 5555 792 5608 ita
813 5554 1092 5610 reducitur
1118 5557 1154 5608 I.
1183 5558 1268 5620 Μ,
1295 5555 1347 5609 Π.
1383 5556 1456 5610 De
1472 5559 1715 5625 sponsal.
1751 5558 1990 5625 August.

414 5637 571 5677 antea
602 5626 988 5696 constituerat,
1027 5641 1095 5678 ne
1131 5625 1308 5678 minor
1343 5641 1374 5678 ι
1407 5628 1568 5682 annis
1595 5643 1796 5696 sponsa
1822 5627 1992 5682 habe-

416 5702 584 5744 retur.
626 5693 750 5746 Vid.
776 5695 930 5748 Dion.
959 5695 1157 5747 Zonar.
1217 5696 1409 5748 Exstat
1441 5712 1570 5750 vero
1615 5693 1728 5752 Ilaec
1773 5697 1996 5752 Novella

419 5760 918 5833 apnndbﬂarmenop.
943 5765 998 5827 4,
1024 5766 1108 5816 tit.
1151 5765 1201 5827 1,
1241 5765 1267 5833 §
1299 5765 1389 5816 11.

489 5826 599 5893 (95)
638 5826 879 5884 Infantia'
905 5826 992 5886 his
1025 5826 1440 5899 annisdésiuit,
1473 5835 1528 5890 d.
1553 5835 1591 5890 1.
1632 5835 1719 5903 14,
1750 5836 1786 5890 Ι.
1818 5836 1870 5902 1,
1934 5835 1994 5890 ιι.

2099 5489 2174 5562 De
2204 5489 2486 5562 administ.
2510 5498 2614 5545 tut.
2640 5491 2755 5555 LE),
2792 5493 2854 5548 C.
2909 5494 3003 5562 qui
3053 5492 3259 5548 admin.
3316 5495 3352 5545 ι.
3388 5490 3474 5555 18,
3498 5491 3562 5545 C.
3604 5492 3683 5549 De

2094 5561 2218 5629 jure
2249 5560 2342 5629 lib.

2173 5629 2287 5697 (96)
2330 5627 2544 5684 Eccles.
2587 5646 2666 5684 ιιι.

2165 5699 2402 5769 (96-98)
2421 5699 2488 5769 ι).
2525 5700 2562 5754 ι.
2597 5699 2970 5769 14,intel|igit.

2173 5767 2350 5838 (99-1)
2389 5767 2799 5823 Matrimonium
2837 5767 3050 5823 fevmime
3091 5779 3216 5823 ante
3249 5772 3313 5824 12
3346 5788 3549 5826 annum
3571 5789 3679 5830 non

2087 5838 2457 5921 contrahunt,
2495 5839 2728 5919 masculi
2753 5848 2882 5895 ante
2913 5840 3000 5902 Η,
3030 5842 3065 5894 l.
3091 5841 3146 5895 9.
3185 5842 3240 5895 ιι.
3271 5842 3346 5896 De
3379 5859 3569 5914 spons.
