4022 6452
346 413 446 477 Eii

1431 416 1797 477 NOVELLZE
1836 416 2513 480 CUNSTlTUTIONES.

3533 427 3644 493 bii!

350 528 482 599 πρὸς
512 524 611 597 τὴν
636 524 824 597 κοινὴν
851 526 945 578 κει)⁵
968 525 1235 596 δημοσίαν
1261 525 1357 579 τοῦ
1384 526 1786 599 πολιτεύματος
1812 530 1929 601 χρῆι

2048 536 2285 601 rumque
2316 534 2641 603 reipublicae
2672 551 2833 591 usum
2881 539 3100 606 attinet,
3152 541 3226 595 ita
3265 543 3492 598 vetitum
3543 546 3640 601 sit.

349 637 453 675 σιν.
499 618 563 672 Εἰ
594 617 651 671 δὲ
683 616 939 687 βασιλεὺς
964 614 1090 689 (οἶα
1120 617 1294 672 πολλὰ
1322 620 1651 690 συμϐαίνει)
1686 622 1945 691 πράττων

347 710 661 780 οἰκονομίαν
687 712 812 764 τινὰ
848 712 941 764 καὶ
973 710 1273 780 μνηστείαν
1306 712 1403 764 καὶ
1430 712 1527 784 τὴν
1556 714 1615 780 ἐξ
1640 713 1943 783 ίερολογίας

349 804 682 874 συνάρμοσιν
707 807 824 867 τοῖς
850 804 1310 873 μνηστευομένοις
1340 804 1487 859 ἔνδον
1511 805 1621 859 τῶν
1645 805 1945 877 διορισθέν-

345 913 451 949 των
480 894 619 948 ἐτῶν
649 895 1067 964 ἐπιψηφιεῖται,
1113 896 1274 949 τοῦτο
1306 896 1444 968 πρὸς
1473 897 1565 950 τὸν
1591 897 1758 967 νόμον
1786 896 1943 950 οὐδὲν

345 986 736 1041 ἀντικείσεταιδ
772 986 950 1051 ἔξεστι
975 987 1087 1058 γὰρ
1112 990 1227 1051 τοῖς
1256 990 1319 1042 ὲκ
1338 988 1482 1042 θεοῦ
1507 988 1606 1059 τὴν
1628 988 1942 1060 οἰκονομίαν

343 1077 454 1131 τῶν
498 1077 784 1149 κοσμικῶν
828 1078 1335 1148 ὲγκεχειρισμένοις
1381 1080 1726 1149 πραγμάτων
1768 1079 1940 1150 ύπέρ-

339 1185 503 1239 τερον
557 1170 591 1239 ἦ
640 1168 785 1223 κατά
825 1168 992 1238 νόμον
1035 1170 1376 1242 οἰκονομεῖν,
1422 1169 1485 1237 ὃς
1518 1170 1641 1240 ἄγει
1675 1171 1803 1234 τοὺς
1834 1171 1939 1226 ὑπ-

342 1261 560 1333 ηκόους.

884 1446 1199 1501 ΔΙΑΤΛΞΙΣ
1228 1449 1308 1501 Pl'
1324 1449 1389 1501 δ’.

338 1535 482 1603 Περὶ
525 1536 635 1591 τοῦ
673 1534 791 1604 τὴν
819 1537 1076 1606 γυναῖκα
1102 1538 1467 1608 ἀπογραφὴν
1491 1538 1792 1593 ποιεῖσθαι
1824 1535 1937 1608 τῆς

408 1624 477 1660 τε
497 1608 744 1679 Δοἰκείας
784 1609 1176 1679 προικόςλκαί
1211 1607 1322 1675 τῆς
1344 1607 1463 1679 πρὸ
1492 1609 1684 1679 γάμου
1710 1607 1936 1678 δωρεᾶς

408 1677 511 1730 καὶ
560 1675 669 1748 τῆς
703 1678 900 1745 ἄλλης
936 1677 1182 1747 ἀπάσης
1212 1675 1930 1747 ἁνδρῴαςῢποστάάεως,

408 1747 659 1801 ἐπειδὰν
702 1750 816 1818 τὸν
850 1748 1043 1818 γάμον
1081 1750 1344 1817 λυθῆναι
1382 1752 1676 1818 συμϐαίη,
1724 1751 1819 1803 καί
1856 1748 1937 1818 τῇ

406 1818 723 1885 προενέξει
752 1817 864 1886 τῆς
888 1817 1247 1888 ἀπογραφῆς
1272 1817 1567 1886 ἐπιζητεῖν
1592 1821 1647 1873 εἰ
1672 1836 1806 1873 τινα
1829 1820 1932 1874 λέ-

409 1877 504 1958 γοι
539 1877 700 1956 παρὰ
731 1877 1080 1944 coit'ldlovv"ra
1112 1877 1331 1957 ἀνδρὸς
1358 1877 1703 1958 ὑποστῆναι
1732 1907 1934 1943 καινο-
1967 1877 2011 1932 Β

404 1961 625 2031 ινομίαξρ
671 1962 775 2031 sle
799 1958 883 2031 τά
909 1959 1217 2026 ἀνήκοντα
1252 1959 1445 2031 abegi,
1480 1963 1661 2031 χωρὶς
1687 1960 1756 2013 δὲ
1781 1961 1934 2013 ἀπο-

403 2025 641 2099 γραφῆς
673 2029 781 2083 εἰτ’
811 2025 926 2084 οὖν
947 2031 994 2062 ⁵⁸
1016 2025 1315 2099 ἐναργοῦς
1341 2025 1710 2097 ἀποδείξεως
1733 2032 1932 2099 μηδὲν

400 2099 621 2166 ζητεῖν,
652 2100 810 2169 μήτε
839 2099 1142 2169 ζητοῦσαν
1170 2100 1625 2169 ἀπολαμϐάνειν
1637 2103 1703 2156 ⁵³.

401 2191 563 2246 Μετὰ
610 2192 722 2246 τῶν
763 2192 972 2259 ἀλλων,
1019 2192 1123 2245 ὅσα
1160 2191 1292 2261 περὶ
1321 2192 1450 2256 τοὺς
1474 2192 1688 2263 γάμους
1716 2192 1931 2262 εὑαγῶς

329 2287 446 2347 τοῖς
477 2286 732 2356 ἀρχαίοις
758 2285 1144 2357 προνενόηται,
1180 2287 1274 2338 καὶ
1304 2283 1499 2338 τούτου
1529 2285 1759 2356 δεούσης
1792 2304 1929 2356 προ-

330 2379 488 2441 νοίας
528 2378 785 2449 τυχόντος
830 2377 924 2432 τοῦ
964 2378 1167 2449 μέρους
1210 2378 1384 2449 (φημὶ
1412 2375 1478 2448 δὴ
1517 2376 1613 2431 τοῦ
1661 2377 1802 2449 μετὰ
1830 2380 1931 2450 τὴν

332 2470 584 2541 γαμικὴν
611 2470 858 2524 διάλυσιν
890 2470 964 2540 μὴ
993 2470 1092 2541 τὴν
1119 2473 1354 2539 γυναῖκα
1385 2473 1535 2533 ὅπως
1563 2470 1754 2540 ἔτυχεν
1780 2472 1929 2525 ἀντι-

331 2562 609 2616 ποιεῖσθαι
657 2563 762 2633 τῆς
782 2563 910 2616 τῶν
953 2562 1214 2635 ἀνδρῴων
1246 2564 1593 2634 πραγμάτων
1621 2562 1841 2634 λήψεώς
1867 2580 1929 2617 τε

329 2656 427 2709 καὶ
461 2655 875 2726 κατασχέσεως’
915 2656 1032 2710 ἀλλ’
1061 2658 1111 2709 εἰ
1144 2656 1273 2729 περὶ
1294 2656 1503 2709 τούτων
1526 2655 1924 2727 ἀμφισϐητοίη,

331 2746 605 2818 πρότερον
648 2748 890 2821 δημοσίᾳ
936 2749 1038 2816 τῆς
1079 2766 1140 2802 τε
1189 2748 1399 2810 οἰκείας
1434 2748 1662 2817 προικὸς
1705 2748 1928 2818 καὶτῆς

328 2841 437 2910 πρὸ
483 2841 663 2911 γάμου
712 2842 924 2912 δωρεᾶς
967 2843 1065 2897 καὶ
1101 2845 1204 2915 τῆς
1236 2845 1405 2917 ἄλλης
1437 2846 1658 2915 ἁπάσης
1681 2844 1927 2915 ἀνδρῴας

326 2935 657 3005 περιουσίας
704 2934 804 3005 τὴν
842 2935 985 3006 μετὰ
1022 2936 1256 2991 θάνατον
1280 2938 1376 2991 τοῦ
1402 2939 1597 3011 ἀνδρὸς
1620 2936 1927 3007 γεγενημέ-

326 3046 421 3097 νην
475 3028 809 3100 ἀπογραφὴν
850 3028 1192 3099 ἐξενεγκεῖν,
1238 3031 1336 3087 καὶ
1365 3030 1420 3083 εἷ
1442 3047 1494 3084 τι
1524 3033 1584 3084 ὲν
1607 3030 1783 3101 ταύτῃ
1811 3028 1926 3083 δια-

322 3118 658 3187 γινώσκοιτο
703 3120 855 3192 παρά
891 3120 986 3174 τοῦ
1024 3122 1269 3193 γαμέτου
1307 3122 1697 3193 ἀνηλωμένον,
1729 3121 1922 3175 τούτου

2052 622 2254 679 Verum
2302 627 2347 680 si
2391 627 2691 697 imperator
2729 629 2806 699 (οὶ)
2846 628 2930 699 (ιιι
2974 646 3119 701 εωρο
3160 634 3388 705 accidit)
3438 652 3638 694 novam

2048 716 2312 772 familiam
2383 722 2707 787 conticiens,
2764 731 2820 777 et
2880 726 3181 794 sponsalia,
3227 737 3282 781 et
3338 742 3639 784 consecra-

2048 810 2196 867 tione
2248 815 2613 885 peragendam
2646 817 3098 886 conjunctionem
3154 822 3301 875 intra
3359 824 3640 892 prmstitu-

2046 919 2140 959 ros
2175 918 2353 960 annos
2396 907 2804 976 desponsandis
2866 909 3095 966 decreto
3131 912 3431 981 permittat,
3466 914 3517 967 id
3551 916 3639 968 ni-

2045 994 2121 1049 hil
2149 996 2252 1068 legi
2277 997 2681 1054 adversabitur.
2713 998 2951 1056 Licitum
3008 1002 3156 1057 enim
3196 1011 3304 1068 est,
3331 1015 3392 1057 ut
3429 1006 3637 1073 quibus

2044 1087 2190 1144 Deus
2268 1090 2509 1145 universi
2584 1102 2851 1147 terrarum
2905 1093 3096 1160 orbis,
3159 1103 3418 1164 tanquam
3480 1096 3637 1150 fami—

2042 1180 2129 1235 liae
2189 1181 2498 1251 cuiuspiam
2565 1183 3094 1240 administrationem
3154 1187 3525 1252 deinandavlt,
3580 1188 3635 1241 lii

2041 1289 2200 1329 secus
2229 1290 2390 1342 quam
2425 1276 2507 1331 lex
2534 1292 2656 1346 quae
2686 1278 2936 1334 subditos
2966 1279 3226 1346 devincit,
3287 1282 3632 1351 praescribat,

2038 1362 2281 1421 familias
2318 1375 2542 1436 cogant.

2515 1460 2983 1517 CONSTITUTIO
3035 1463 3151 1516 CX.

2043 1550 2113 1605 Ut
2144 1552 2282 1624 (εξ-ί)
2324 1554 2514 1608 mulier
2541 1555 2715 1609 soluto
2748 1558 3087 1610 matrimonio
3119 1557 3296 1611 dotem
3318 1574 3471 1611 suam
3512 1573 3637 1625 pro-

2107 1634 2323 1697 pterque
2382 1627 2594 1692 nuptias
2643 1626 3005 1690 donationem,
3033 1639 3085 1681 et
3126 1629 3385 1697 reliquam
3428 1646 3636 1683 onmem

2111 1696 2299 1766 mariti
2350 1697 2707 1751 substantiam
2740 1696 3361 1766 in,commentarium(5)
3398 1701 3636 1752 conscri-

2107 1765 2196 1837 bat
2216 1764 2292 1833 (6)
2312 1782 2373 1818 ac
2403 1782 2462 1820 eo
2488 1769 2700 1833 prolato
2737 1770 2988 1821 resarcirt'
3015 1766 3118 1821 sibi
3164 1764 3412 1835 postulet,
3437 1770 3483 1821 si
3505 1769 3634 1837 quid

2107 1836 2290 1888 damni
2342 1838 2397 1888 iu
2434 1841 2589 1890 rebus
2655 1840 2767 1891 suis
2805 1856 2835 1891 a
2872 1840 3067 1891 marito
3099 1856 3154 1891 se
3176 1856 3397 1907 passam
3455 1838 3628 1904 dicat,

2107 1907 2246 1979 citra
2297 1909 2740 1979 (alumentariam
2798 1918 2973 1961 autem
3030 1911 3382 1963 evidentemve
3431 1910 3634 1979 proba-

2110 1976 2310 2033 tionem
2344 1977 2483 2031 nihil
2513 1988 2682 2047 petat,
2735 1991 2827 2033 aut
2864 1981 3090 2049 petendo
3128 1981 3375 2049 aci‘ipiat.

2103 2193 2240 2249 Cum
2292 2204 2489 2264 praeter
2515 2197 2661 2262 alia,
2719 2213 2843 2267 qua:
2897 2206 3092 2254 sancte
3143 2214 3172 2253 a
3232 2199 3513 2255 veteribus
3549 2201 3628 2269 (7)

2032 2286 2102 2341 de
2152 2288 2491 2343 matrimonii
2528 2291 2699 2345 rebus
2757 2298 2993 2346 tractata
3032 2300 3188 2356 sunt,
3226 2292 3356 2348 huic
3401 2308 3629 2363 quoque
3730 2337 3735 2343 .

2030 2381 2296 2434 tractatui
2335 2381 2472 2435 satis
2501 2391 2857 2453 prospectum
2901 2385 3007 2439 sit:
3055 2395 3116 2439 ut
3174 2401 3373 2455 nempe
3426 2388 3630 2441 mulier

2030 2472 2219 2527 soluto
2249 2473 2603 2530 matrimonio
2632 2491 2742 2529 non
2766 2492 2995 2545 quoquo
3030 2477 3195 2531 modo
3215 2493 3303 2532 res
3346 2480 3629 2535 maritales

2032 2564 2423 2634 percipiendas
2482 2575 2539 2620 et
2600 2564 2931 2634 detinendas
2984 2565 3267 2631 vindicet;
3304 2566 3402 2623 sed
3458 2568 3505 2622 si
3558 2569 3631 2623 de

2031 2658 2143 2715 illis
2175 2658 2562 2714 controversia
2613 2669 2922 2723 moveatur,
2957 2658 3277 2713 confectum
3315 2669 3440 2729 post
3475 2674 3627 2713 mor.-

2029 2758 2139 2805 tem
2208 2752 2391 2804 mariti
2457 2751 2527 2805 de
2584 2750 2713 2806 dote
2760 2766 2857 2807 sua
2919 2761 2976 2806 et
3034 2753 3335 2808 donatione
3393 2762 3618 2823 propter

2030 2844 2275 2912 nuptias,
2310 2842 2651 2912 reliquisque
2687 2844 3039 2899 maritalibus
3070 2844 3436 2900 facultatibus
3471 2861 3627 2900 com-

2035 2936 2370 2989 nit-marium
2417 2935 2638 3004 publice
2688 2936 2845 3005 prius
2877 2935 3171 2990 exhibeat:
3225 2945 3280 2990 et
3309 2937 3355 2991 si
3390 2936 3521 3006 quid
3555 2952 3628 2991 ex

2024 3027 2155 3081 dote
2192 3042 2222 3081 a
2266 3028 2469 3082 marito
2526 3038 2925 3099 consumptum
2960 3044 3087 3086 esse
3124 3037 3417 3100 appareat,
3460 3029 3516 3083 id
3553 3045 3624 3085 ex

2026 3118 2205 3189 ipsius
2234 3121 2396 3177 bonis
2441 3128 2677 3191 repetat,
2726 3136 2851 3177 cum
2894 3121 3025 3184 hoc,
3059 3122 3308 3191 inquam,
3342 3122 3627 3190 quomodo

323 3216 419 3285 τὴν
447 3215 844 3286 ἀναπλήρωσιν
866 3216 933 3269 ὲκ
950 3215 1060 3270 τῶν
1082 3216 1295 3270 ἐκείνου
1321 3216 1505 3286 ζητεῖν
1529 3216 1919 3287 πραγμάτων),

2041 3228 2115 3269 ηιιε
2165 3222 2332 3283 atque
2367 3214 2604 3283 aequitas
2654 3214 2925 3284 postulat,
2958 3228 2989 3268 a
3020 3215 3301 3270 veteribus
3351 3215 3627 3269 constituo-

323 3310 414 3363 καὶ
470 3308 666 3361 τούτου
709 3307 776 3378 δὴ
826 3308 1081 3379 καθάπερ
1126 3304 1197 3379 ἧν
1240 3309 1467 3379 θεμιτὸν
1514 3312 1627 3373 τοῖς
1671 3310 1924 3380 ἀρχαίοις

320 3401 693 3473 διωρισμένου
715 3442 729 3464 ,
756 3402 874 3456 νυνὶ
907 3401 951 3454 δ’
973 3401 1244 3473 ὀλιγωρίᾳ
1272 3401 1701 3471 παραδοθέντος,
1734 3402 1924 3471 ἐπειδὴ

321 3497 417 3565 τῆς
462 3495 575 3548 τῶν
604 3493 851 3565 ἀρχαίων
883 3494 1144 3566 προνοίας
1187 3494 1251 3548 τὸ
1288 3495 1561 3566 χρήσιμον
1606 3494 1924 3564 συνείδομεν

322 3589 476 3652 ἄξιον
520 3586 824 3652 σώζεσθαι,
873 3586 935 3639 τὸ
972 3587 1199 3640 ἐκείνων
1224 3586 1614 3658 ἀνανεούμενοι
1642 3587 1925 3656 θέσπισμα

323 3681 617 3751 ὁρίζομεν,
670 3679 779 3733 ἀπό
814 3694 881 3748 γε
920 3679 1018 3732 τοῦ
1057 3678 1330 3750 παρόντος
1372 3680 1700 3750 ἀπογραφὰς
1732 3681 1831 3747 τῆς
1860 3695 1920 3731 τε

324 3772 560 3841 προικὸς
603 3771 700 3824 καὶ
739 3772 839 3840 τῆς
888 3770 997 3841 πρὸ
1037 3771 1219 3840 γάμου
1248 3770 1461 3842 δωρεᾶς
1498 3770 1595 3823 καὶ
1626 3769 1726 3839 τῆς
1752 3767 1922 3838 ἀλλης

323 3865 551 3933 ἀπάσης
595 3861 691 3915 τοῦ
740 3861 940 3932 ἀνδρὸς
981 3862 1304 3932 περιουσίας
1354 3863 1419 3914 ὲκ
1467 3860 1671 3924 παντὸς
1714 3860 1919 3931 τρόπου

322 3956 474 4025 παρὰ
506 3956 634 4015 ταῖς
662 3953 877 4022 γυναιξὶ
905 3953 1334 4017 σπουδάζεσθαι·
1368 3951 1464 4017 ὼς,
1500 3952 1593 4007 ἐάν
1618 3968 1750 4005 ποτε
1779 3952 1918 4024 γυνὴ

323 4048 458 4117 πρὸς
509 4045 773 4113 τοιαύτην
821 4044 1161 4114 φιλονεικίας
1207 4042 1469 4097 ὑπόθεσιν
1519 4045 1768 4112 καταστῇ
1824 4041 1919 4097 καὶ

321 4140 458 4209 πρὸς
510 4136 610 4208 τὴν
647 4136 897 4209 άνδρῴαν
942 4138 1143 4206 χωρεῖν
1180 4135 1415 4206 ὓπαρξιν
1450 4135 1571 4190 ἀντὶ
1602 4135 1714 4188 τῶν
1746 4152 1919 4187 κατα-

322 4233 574 4284 στάντων
618 4231 698 4294 si;
744 4230 973 4300 μείωσιν
1016 4228 1237 4281 οἰκείων
1272 4228 1449 4293 ἀξιοῖ,
1485 4227 1547 4291 ἐξ
1571 4226 1788 4296 ἐκείνης
1818 4227 1918 4296 τῆς

319 4320 658 4392 ἀπογραφῆς
706 4320 826 4391 ἢτοι
875 4318 1205 4382 ἀποδείξεως
1252 4317 1315 4369 τὸ
1354 4317 1563 4370 δίκαιον
1601 4316 1711 4369 τῶν
1743 4316 1917 4385 λόγων

319 4409 692 4482 γνωρίζεσθαι
743 4411 885 4464 κατὰ
924 4410 1128 4481 τρόπον
1171 4408 1632 4478 ἀντιποιουμένης
1673 4406 1783 4459 τῶν
1821 4406 1914 4459 τοῦ

321 4501 567 4570 συζύγου
617 4502 999 4573 πραγμάτων,
1060 4500 1112 4552 εί
1155 4516 1220 4567 γε
1263 4498 1394 4568 παρ’
1426 4496 1637 4549 ἐκείνου
1672 4497 1916 4565 φαίνοιτο

2030 3317 2145 3361 tum
2189 3309 2282 3373 sit,
2316 3321 2381 3361 ac
2408 3322 2541 3362 vero
2582 3323 2730 3363 nunc
2774 3306 2898 3377 ejus
2930 3308 3081 3363 nulla
3121 3309 3267 3361 ratio
3313 3308 3622 3364 habeatur:

2030 3403 2297 3470 quoniam
2334 3409 2577 3455 veterum
2612 3401 2923 3470 prudentiae
2959 3401 3249 3454 utilitatem
3281 3414 3625 3455 conservan—

2026 3492 2153 3546 dam
2220 3492 2519 3554 ducimus,
2591 3493 2809 3547 illorum
2870 3492 3216 3547 sanctionem
3282 3500 3623 3548 renovantes

2025 3584 2323 3640 statuimus
2363 3594 2422 3637 ut
2450 3583 2656 3638 dehinc
2684 3584 2946 3638 omnibus
2988 3584 3171 3638 modis
3200 3583 3270 3639 de
3308 3585 3459 3651 dote,
3490 3601 3622 3655 pro-

2026 3683 2259 3745 pterque
2298 3675 2519 3744 nuptias
2579 3674 2902 3738 donatione,
2939 3682 2994 3729 et
3028 3675 3153 3730 aliis
3191 3675 3621 3745 quibuscunque

2025 3768 2379 3822 maritalibus
2456 3767 2627 3822 rebus
2681 3781 2711 3819 a
2791 3766 3122 3821 mulieribus
3183 3767 3619 3821 commentarius

2024 3861 2380 3916 conﬁciatur:
2431 3874 2541 3929 quo
2603 3860 2650 3914 si
2702 3860 2951 3929 quando,
2996 3859 3067 3913 ad
3125 3859 3440 3915 istiusmodi
3486 3874 3621 3913 eon-

2026 3954 2312 4009 troversiae
2344 3953 2585 4022 speciem
2626 3951 2946 4021 adigantur,
2973 3960 3028 4005 et
3067 3951 3136 4005 ad
3187 3966 3277 4005 res
3310 3952 3617 4012 maritales,

2021 4060 2123 4116 pro
2159 4061 2225 4101 eo
2256 4053 2526 4116 quantum
2560 4045 2809 4114 ipsarum
2870 4059 2962 4098 res
3029 4042 3339 4098 deteriores
3386 4043 3619 4097 reddita:

2021 4146 2189 4203 sunt,
2242 4138 2543 4209 procedere
2599 4137 2800 4190 velint:
2836 4151 2902 4190 ex
2960 4151 3027 4190 eo
3072 4136 3479 4197 commentario
3523 4148 3620 4189 aut

2021 4232 2351 4302 probatione
2399 4229 2684 4299 petitionis
2717 4228 2961 4297 mquitas
3008 4236 3400 4298 cognoscatur,
3428 4239 3615 4284 utrum

2022 4330 2177 4378 recte
2221 4338 2311 4377 res
2342 4322 2675 4375 maritorum
2723 4320 3007 4377 vindicent
3035 4360 3050 4383 ,
3082 4321 3306 4390 quando
3338 4337 3619 4376 emunien-

2022 4412 2165 4468 tario
2210 4412 2614 4481 comprehensa
2648 4412 2717 4466 ab
2756 4412 2869 4465 illis
2914 4411 3196 4481 insumpta
3231 4428 3356 4467 esse
3392 4422 3618 4466 consta-

2018 4502 2121 4557 bit.
2149 4502 2300 4556 Citra
2328 4502 2711 4556 commentarii
2759 4511 2945 4557 autem
2987 4503 3395 4567 testimonium,
3435 4519 3616 4573 neque

317 4596 427 4651 τῶν
453 4598 515 4649 ἐν
541 4597 607 4667 τῇ
633 4595 933 4665 ἀπογραφῇ
957 4593 1230 4663 κειμένων
1254 4592 1524 4655 ἀνάλωσις
1544 4606 1744 4660 γεγενη
1754 4590 1910 4660 μένη.

2041 4594 2215 4649 ietitio
2262 4595 2442 4647 locum
2479 4594 2764 4659 inveniat,-
2790 4608 2968 4664 neque
3019 4595 3111 4648 illa
3139 4595 3489 4650 contentiose
3521 4610 3615 4662 pe.-

321 4694 489 4747 'Avsu
522 4692 583 4745 δὲ
616 4692 715 4762 τῆς
743 4690 956 4747 ἐκεῖθεν
988 4689 1325 4761 μαρτυρίας,
1381 4688 1520 4759 μήτε
1553 4686 1653 4757 τὴν
1682 4684 1911 4756 ζήτησιν

318 4782 507 4853 χώραν
531 4783 832 4853 εὑρίσκειν,
868 4783 1005 4852 μήτε
1031 4779 1302 4851 ζητούσης
1324 4776 1696 4847 φιλονείκωςῆ
1715 4775 1912 4847 ἀκροά-

319 4893 457 4939 σεως
484 4875 780 4945 τυγχάνειν
814 4875 849 4945 ἡ
879 4892 933 4927 τι
962 4873 1071 4927 τῶν
1096 4870 1545 4943 ἐπιζητουμένων
1573 4869 1903 4941 λαμϐάνειν·

2023 4694 2204 4741 tentes
2245 4693 2340 4737 aut
2375 4683 2697 4745 audiantur,
2745 4693 2841 4738 aut
2891 4685 3196 4757 quidquam
3260 4700 3452 4739 eorum
3485 4702 3613 4754 qua:

2022 4786 2218 4849 petunt
2265 4786 2703 4848 consequantur.
2767 4777 2940 4832 Porro
2994 4778 3385 4831 commentarii
3431 4782 3610 4830 conti-

2019 4872 2199 4925 eiendi
2253 4882 2469 4940 tempus
2517 4870 2852 4926 statuimus:
2894 4878 2953 4922 ut
3020 4870 3168 4922 intra
3211 4878 3323 4923 tres
3362 4868 3611 4937 (8)1nt-u-

1640 5003 1876 5060 VARI/E
1907 5003 2317 5060 LECTIONES.

416 5103 464 5137 δ’
494 5105 688 5160 Exsmt
734 5104 786 5158 in
826 5102 986 5158 codd.
1020 5100 1333 5171 Synepseos
1363 5095 1918 5171 Bienerianotl’aris,

318 5175 372 5247 in
415 5179 545 5231 eod.
592 5192 714 5247 syu.
754 5174 929 5232 Paris.
985 5160 1116 5225 15:31
1174 5160 1350 5227 Elea-st.
1427 5168 1583 5223 “Sic
1631 5160 1755 5223 eod.
1799 5160 2166 5225 Pal-isf'laﬁl.
2221 5169 2452 5239 Stil'illlg.
2503 5160 2612 5220 εἴτε
2649 5164 2762 5221 οὖν.

318 5242 486 5315 λαμὸ.

1979 5114 2060 5167 gr.
2103 5099 2231 5157 1551
2265 5107 2319 5152 et
2373 5098 2509 5153 1557
2536 5098 2603 5161 Α,
2625 5105 2707 5167 et_
2725 5095 2846 5149 Val.
2876 5094 3000 5167 859..

3105 5094 3149 5126 ⁴³
3179 5093 3413 5147 Verbum
3477 5093 3607 5152 ἰδῖου

2840 5167 2886 5198 ⁸³
2924 5166 2999 5219 Ita
3034 5164 3208 5219 Paris.
3244 5165 3397 5218 l35l.
3438 5164 3608 5233 Virgo

1915 5351 2148 5411 NOT/E.

391 5460 471 5528 (Ξ)
503 5459 622 5514 νεά.
653 5457 789 5514 Nov.
831 5460 1001 5517 Isaaci
1040 5458 1304 5527 Angelic.
1334 5454 1392 5521 2,
1428 5452 1524 5507 iui.

392 5522 537 5604 (:54)
567 5531 765 5586 Exstat
793 5533 941 5604 apud
978 5522 1450 5599 Haruicuopulum
1479 5526 1578 5582 lib.
1621 5525 1673 5588 l,
1705 5524 1789 5577 tit.
1822 5522 1909 5588 15,

546 5673 932 5745 ’Ἀπογραφήν,
968 5678 1097 5726 nota
1128 5667 1195 5726 de
1248 5668 1557 5726 mveutario
1594 5683 1775 5722 rerum
1807 5664 1911 5720 «ιυ-

347 5764 356 5771 .
498 5760 536 5801 ι’

318 5745 640 5883 Nigrinus
672 5823 785 5868 tres
816 5829 1060 5878 incuses,
1094 5824 1153 5867 ut
1176 5811 1317 5866 infra
1345 5811 1467 5866 end.

395 5878 474 5956 (7)
510 5883 939 5939 iurisconsultis
980 5894 1035 5939 et
1088 5886 1514 5953 imperatoribus
1576 5881 1714 5937 adde
1762 5878 1911 5932 Plio-

634 5984 910 6047 Ριιῑιιοι..
953 5983 1070 6045 Gn.
1117 5982 1306 6044 CV’ll.

2020 5455 2155 5508 tium
2187 5454 2240 5528 9,
2269 5451 2579 5528 Nomocan.
2615 5453 2707 5517 ‘28,
2742 5453 2812 5508 9.9
2844 5462 2904 5528 ct
2932 5468 3073 5528 seq._
3236 5527 3241 5528 ν
3323 5516 3333 5528 .

2091 5528 2166 5593 (8)
2228 5526 2369 5579 Idem
2436 5528 2697 5595 temporis
2765 5517 3027 5593 spatium'
3063 5517 3375 5595 iuvenlarig
3423 5517 3607 5595 PDN-91-

2020 5587 2416 5650 rum'defuneti
2447 5587 2702 5649 faciendo
2720 5587 3018 5665 praestituit
3044 5595 3129 5647 lex
3165 5588 3479 5665 u‘lt.‘§“.‘!.__C.
3532 5587 3609 5643 De

2015 5667 2139 5736 jure
2161 5668 2333 5722 tlelib.
2358 5677 2406 5721 ct
2440 5657 2750 5720 inventario
2783 5671 3055 5719 bonorum
3083 5657 3306 5736 pupilli;
3326 5660 3358 5712 5
3382 5657 3607 5736 Ηιιτιιιος

2021 5728 2151 5806 imp.
2184 5739 2271 5803 Η,
2296 5755 2346 5793 c.
2387 5737 2517 5807 περὶ
2542 5738 2944 5807 κεκωλυμένων
3003 5728 3414 5807 ἐπίτροπεύειν,
3459 5728 3603 5807 Quod

2020 5802 2321 5867 Aeetirsius
2355 5802 2472 5864 non
2500 5810 2689 5882 probat
2728 5802 2781 5869 in
2813 5810 2849 5863 Ι.
2879 5808 2968 5873 2i,
3004 5807 3064 5862 C.
3104 5806 3175 5860 De
3204 5802 3602 5864 adminismut,

3130 5970 3197 6032 21

3126 6017 3163 6039 ν
