4022 6446
376 356 483 424 6ίῦ

1460 354 1826 417 ΝονΕιικΕ
1855 350 2529 415 (ΣΟΝΞΤΙΤΗΤΙΟΝΕΞ.

3515 353 3627 417 646

374 488 494 534 τας.
548 468 705 525 Καλά
744 470 844 540 μιν
872 467 1069 536 ταῦτα,
1099 470 1135 525 ἃ
1160 470 1280 523 θεῖα
1306 469 1511 542 cupa"
1539 469 1677 523 Θεοῦ
1707 470 1944 541 εἴρηται,

2055 466 2268 536 intidem
2295 464 2695 529 haecetdivina,
2715 473 2904 536 utpote
2927 481 3049 535 quae
3078 482 3106 520 a
3131 466 3241 523 Deo
3274 471 3628 538 pronuntiata

374 564 435 615 οὐ
463 561 644 626 καλῶς
670 562 715 616 δ’
744 562 885 616 αὑτά
917 563 1037 615 οὐδὲ
1067 562 1209 617 κατά
1236 563 1325 616 τὸν
1348 562 1492 615 θεῖον
1513 562 1715 616 σκοπὸν
1740 562 1790 615 οί
1815 577 1948 633 προ-

374 653 679 724 τεινόμενοι
722 653 957 706 ἐνταῦθα
990 654 1092 725 τὴν
1121 654 1328 707 τούτων
1355 654 1635 709 ποιοῦνται
1660 654 1945 724 πρότασιν.

376 744 436 798 Ei
486 745 587 813 μὲν
630 744 740 815 γάρ
789 746 823 815 ἡ
871 746 1139 816 μνηστεία
1169 746 1423 817 τοιαύτην
1454 744 1618 810 σώζει
1645 744 1746 816 τὴν
1774 743 1949 799 κατά·

374 851 561 890 οτασιν
608 836 801 889 ὁποίαν
847 837 910 902 ἐξ
949 837 1126 908 ἀρχῆς
1170 840 1203 909 ὴ
1243 837 1611 909 νυμφοστόλος
1644 838 1949 909 παρέσχεν,

369 927 552 987 ἄδικος
588 928 617 979 ὁ
642 925 893 997 χωρίζων
912 965 928 991 ,
980 926 1075 981 καί
1106 927 1208 999 τὴν
1241 927 1450 999 μέμψιν
1480 928 1543 982 οὐ
1572 925 1866 999 φεύξεται·
1901 928 1953 981 εί

368 1018 415 1070 δ’
440 1018 547 1072 ὑπὸ
594 1019 695 1089 τῆς
744 1018 944 1089 μανίας
985 1018 1109 1073 οὐδὲ
1144 1019 1393 1089 φθογγῆς
1424 1019 1573 1074 εστιν
1600 1018 1954 1091 ἀνθρωπίνης

368 1108 593 1164 ἀκούειν
619 1111 721 1178 τῆς
750 1109 1066 1184 ἀνθρώπου,
1101 1111 1178 1181 μὴ
1206 1111 1289 1165 ὅτι
1313 1128 1379 1180 γε
1404 1110 1567 1164 ἀλλου
1596 1110 1739 1174 τινὸς
1768 1112 1953 1181 τυχεῖν

368 1202 476 1269 τῶν
503 1203 606 1255 ὅσα
648 1201 915 1272 μνηστεία
953 1202 1090 1274 πρὸς
1124 1202 1342 1275 ίλαρίαν
1372 1201 1697 1275 χαρίζεται,
1736 1203 1822 1264 τίς
1851 1200 1955 1253 οὐκ

368 1295 621 1366 ἐθελήσει
660 1294 899 1351 διαλύειν
927 1295 1028 1369 τὴν
1054 1295 1196 1359 οὕτω
1223 1296 1431 1368 πικρὰν
1463 1296 1558 1350 καὶ
1585 1292 1827 1366 φευκτὴν
1859 1309 1952 1345 συ-

369 1387 566 1457 ζυγίαν
585 1404 602 1456 ;

437 1565 541 1620 Διά
587 1565 747 1619 τοῦτο
804 1565 1159 1636 θεσπίζομεν,
1218 1565 1328 1630 ὡς,
1386 1565 1442 1618 εί
1483 1580 1614 1618 ποτε
1668 1562 1808 1635 μετά
1856 1561 1955 1635 τὴν

366 1654 656 1710 κοινωνίαν
706 1655 801 1710 τοῦ
846 1656 1028 1725 γάμου
1083 1654 1219 1726 πρὸς
1258 1654 1458 1724 μανίαν
1496 1656 1530 1725 ὴ
1560 1653 1698 1726 γυνὴ
1725 1654 1955 1726 περιπέ-

367 1766 493 1811 σοι,
549 1742 729 1819 ’μέχρι
788 1747 973 1818 τρίτου
1032 1746 1187 1811 ἔτους
1252 1746 1444 1818 φέρειν
1504 1746 1603 1817 τὴν
1660 1746 1953 1816 δυστυχίαν

365 1842 460 1895 τὸν
491 1817 662 1909 ἀνδρα
699 1842 796 1893 καὶ
830 1817 931 1909 τῆς
963 1837 1266 1909 κατηφείας
1296 1817 1598 1892 ἀπολαύειν
1621 1877 1638 1904 ,
1678 1838 1774 1891 καὶ
1807 1837 1859 1891 εἴ
1886 1854 1950 1906 γε
1983 1817 2027 1873 Β

366 1935 445 2005 μὴ
475 1935 535 1986 ὲν
560 1934 738 2004 χρόνῳ
760 1931 1002 2001 τοσούτῳ
1017 1931 1171 1995 λύσις
1192 1931 1278 2003 εἴη
1303 1931 1398 1985 τοῦ
1426 1930 1623 1993 κακοῦ,
1652 1931 1786 2002 μηδὲ
1811 1929 1950 2001 πρὸς

363 2024 466 2087 τὰς
487 2023 696 2085 οἰκείας
725 2020 1013 2076 ἐπανέλθοι
1050 2019 1256 2092 φρένας
1280 2020 1314 2091 ή
1342 2020 1443 2092 τὴν
1473 2019 1669 2092 μανίαν
1695 2020 1947 2086 νοσοῦσα,

363 2113 669 2181 τηνικαῦτα
724 2112 1057 2167 διασπᾶσθαι
1115 2114 1216 2184 τὴν
1272 2112 1558 2166 κοινωνίαν
1585 2112 1680 2165 καὶ
1718 2111 1819 2183 τῆς
1855 2114 1950 2166 ἀν-

365 2206 627 2261 υποίστου
660 2207 945 2277 συμφορᾶς
967 2203 1386 2274 ἐλευθεροῦσθαι
1410 2203 1501 2256 τὸν
1526 2202 1716 2274 ἀνδρα.
1751 2203 1950 2256 Τοσοῦ-

361 2315 458 2352 τον
501 2296 1020 2369 προσδιοριζομένου
1081 2294 1177 2347 τοῦ
1224 2294 1619 2365 θεσπίσματος.
1680 2293 1822 2347 ὥστε
1878 2294 1949 2347 δι’

365 2390 598 2461 ἐρεύνης
658 2389 760 2462 τὴν
812 2387 1008 2459 μανίαν
1053 2387 1149 2441 καὶ
1197 2386 1500 2451 ἐξετάσεως
1534 2385 1805 2454 γίνεσθαι,
1839 2388 1949 2455 μή·

362 2505 498 2542 ποτε
529 2484 648 2540 κατ’
681 2484 979 2555 ἐπιϐουλὴν
1006 2483 1166 2554 ὤφθη
1195 2482 1438 2536 συστᾶσα
1491 2481 1526 2553 ἢ
1561 2481 1727 2535 αὐτοῦ
1762 2497 1825 2550 γε
1853 2480 1948 2534 τοῦ

361 2580 559 2650 ἀνδρὸς
588 2579 620 2650 ἢ
654 2577 766 2632 τῶν
795 2578 989 2648 ἐκείνῳ
1022 2576 1144 2630 κατ’
1176 2577 1487 2645 οἰκειότητα
1524 2574 1950 2645 συναπτομένων

362 2672 395 2742 ἦ
427 2688 594 2724 τινων
627 2669 861 2742 ἑτέρων·
916 2669 994 2732 ὡς
1031 2669 1084 2721 εῐ
1118 2684 1182 2737 γε
1214 2668 1262 2699 ⁵³
1284 2666 1527 2722 τοιοῦτόν
1556 2684 1610 2720 τι
1642 2666 1947 2737 φωραθείη,

359 2766 406 2817 εί
428 2765 497 2817 ὲκ
531 2763 878 2835 κακουργίας
895 2761 989 2814 τοῦ
1030 2760 1245 2830 ἀνδρὸς,
1270 2760 1463 2813 τοῦτον
1491 2758 1749 2830 ὁρίζομεν
1778 2776 1952 2829 τιμω-

363 2856 487 2925 ρίαν
525 2858 622 2925 τῆς
657 2853 794 2919 ἰδίας
828 2854 1085 2923 ὑποσχεῖν
1111 2850 1314 2915 κακίας
1348 2850 1442 2904 τὸν
1472 2852 1553 2914 είς
1598 2850 1692 2903 τὸν
1735 2850 1949 2922 μονήρη

362 2945 479 3016 βίον
547 2942 1096 3015 μετασχηματισμδν,
1143 2940 1238 2995 καὶ
1297 2940 1524 3004 ἄκοντος
1578 2939 1745 2993 αὐτοῦ
1793 2956 1952 3009 μονα·

362 3036 576 3108 στηρίῳ
601 3035 1049 3108 περιοριζομίνου
1075 3034 1169 3087 καὶ
1197 3036 1264 3104 τῇ
1296 3033 1361 3085 ὲκ
1380 3032 1489 3084 τῶν
1521 3031 1683 3103 ἱερῶν
1711 3031 1950 3084 κανόνων

2048 559 2180 613 sint:
2194 573 2378 613 verum
2407 573 2516 611 non
2536 564 2706 625 recte,
2721 573 2901 628 neque
2918 559 3220 615 secundum
3243 560 3488 616 divinum
3507 576 3634 633 pro-

2049 650 2287 720 positum
2308 650 2396 704 hic
2416 650 2467 704 in
2487 650 2725 706 medium
2757 648 3146 707 aﬂ‘cruntur.Si
3171 653 3317 708 enim
3345 654 3631 711 matrimo-

2051 744 2203 799 nium
2229 744 2388 798 talem
2408 752 2613 800 statum
2633 742 3347 815 conservaret,qualemejus
3360 747 3412 802 in
3426 747 3633 818 princi-

2051 832 2143 903 pio
2169 832 2416 903 pronuba
2444 833 3076 904 exhibuisset,quisquis
3107 836 3633 908 scpararet,impro-

2052 924 2156 981 bus
2187 925 2435 997 profecto
2463 934 2635 990 esset.
2678 942 2858 997 neque
2908 925 3398 995 reprehensionem
3428 927 3633 1002 effuge-

2053 1028 2175 1085 ret;
2202 1018 2315 1089 jam
2342 1033 2475 1074 vero
2495 1032 2621 1073 cum
2653 1034 2765 1090 pra:
2814 1019 3018 1074 furore'
3056 1034 3125 1075 ne
3176 1034 3369 1077 vocem
3407 1022 3633 1093 quidem

2054 1109 2348 1176 humanam
2375 1123 2406 1163 a
2432 1110 2661 1166 muliere
2688 1110 2901 1177 audias,
2933 1110 3136 1167 nedum
3155 1111 3303 1168 aliud
3327 1115 3635 1187 quidquam

2053 1211 2269 1264 eorum,
2297 1214 2420 1270 quae
2458 1201 2528 1256 ad
2560 1201 3027 1257 oblectamentum
3063 1210 3118 1256 et
3152 1201 3487 1259 hilaritatem
3513 1219 3637 1259 ma-

2056 1290 2381 1346 trimonium
2442 1292 2697 1363 largitur,
2747 1293 2815 1348 ab
2861 1293 2954 1346 illa
3009 1292 3284 1362 obtineas,
3329 1296 3460 1366 quis
3498 1295 3638 1351 adeo

2054 1380 2317 1436 acerbum
2344 1381 2793 1453 horrendumque
2818 1383 3230 1437 matrimonium
3252 1384 3513 1439 dirimere
3541 1401 3639 1441 no-

2056 1470 2119 1526 lit
2145 1472 2169 1525 ?

2126 1564 2203 1621 Ea
2239 1576 2457 1636 propter
2487 1567 2792 1634 sancimus,
2829 1577 2908 1633 ιιι,
2940 1567 2987 1622 si
3014 1566 3234 1637 quando
3266 1576 3390 1636 post
3433 1567 3637 1622 initum

2057 1656 2469 1713 matrimonium
2499 1657 2699 1711 mulier
2751 1658 2807 1712 in
2846 1657 3089 1713 furorem
3145 1657 3373 1722 incidat,
3402 1657 3468 1711 ad
3527 1668 3638 1714 tres

2056 1763 2232 1804 annos
2273 1747 2639 1802 infortunium
2695 1749 2929 1803 maritus
2978 1747 3138 1815 ferat,
3198 1748 3638 1819 mmstitiamque

2056 1842 2290 1895 toleret:
2328 1848 2383 1894 et
2415 1839 2524 1894 nisi
2558 1840 2767 1894 interea
2810 1840 3073 1911 temporis
3103 1839 3173 1894 ab
3206 1839 3315 1894 isto
3370 1842 3517 1895 malo
3544 1840 3637 1896 illa

2054 1932 2340 1997 liberetur,
2370 1945 2549 2000 neque
2581 1931 2649 1985 ad
2686 1940 2922 1986 mentem
2956 1930 3165 1996 redeat,
3198 1939 3330 1986 tunc
3354 1934 3639 1989 matrimo-

2055 2024 2205 2078 nium
2239 2022 2553 2090 divellatur,
2580 2023 2925 2093 maritusque
2952 2019 3023 2077 ab
3052 2023 3388 2081 intolerabili
3431 2023 3523 2079 illa
3543 2038 3639 2080 ca-

2056 2113 2302 2168 lamitate
2333 2123 2676 2168 exoneretur.
2721 2112 2823 2168 Cui
2866 2114 3139 2169 sanctioni
3190 2115 3296 2171 hoc
3343 2115 3636 2185 adjicimus

2057 2214 2117 2260 ut
2158 2205 2361 2261 furoris
2406 2220 2572 2261 causa
2606 2204 2988 2277 inrestigetur,
3027 2206 3080 2260 in
3121 2221 3354 2278 eamque
3387 2209 3636 2278 inquira—

2051 2305 2183 2362 tur,
2225 2314 2357 2352 num
2418 2298 2558 2353 forte
2615 2298 2821 2361 mariti,
2879 2308 2973 2354 aut
3022 2298 3141 2369 ipso
3196 2300 3421 2355 conscio
3472 2298 3634 2354 fami-

2051 2390 2270 2445 liarium
2300 2390 2423 2461 ejus
2456 2390 2760 2445 aliorumve
2785 2391 3159 2461 quorumlibet
3221 2391 3438 2445 technis
3468 2399 3635 2460 atque

2053 2479 2179 2536 dolo
2212 2482 2284 2537 sit
2313 2479 2607 2537 conﬂatus.
2643 2480 2801 2546 Quod
2827 2482 2872 2536 si
2909 2482 2987 2534 sic
3014 2494 3139 2535 esse
3164 2479 3633 2550 deprehendatur,

2052 2581 2108 2626 et
2135 2572 2356 2643 quidem
2376 2574 2606 2630 maritus
2627 2572 2844 2642 (l8-2l)
2868 2572 3117 2627 maleﬁcii
3138 2581 3402 2643 arguatur
3425 2590 3439 2628 :
3470 2582 3528 2625 ut
3547 2571 3638 2627 hic

2054 2662 2111 2716 in
2178 2662 2509 2717 monachum
2562 2660 3016 2727 transformatus,
3069 2661 3380 2731 noleusque
3443 2662 3637 2715 volens

2054 2753 2391 2808 monasterio
2446 2752 2721 2817 inclusus,
2776 2754 3040 2823 nequitiae
3098 2768 3212 2808 sua:
3243 2768 3436 2824 pmnas
3498 2754 3634 2816 luat.

2055 2846 2414 2915 manantique
2465 2862 2531 2900 ex
2586 2845 2762 2901 sacris
2797 2844 3109 2900 canonibus
3130 2846 3329 2900 animae
3358 2845 3636 2901 curationi

2056 2937 2337 3007 subjectus
2373 2936 2465 2998 sit,
2497 2936 2873 2991 decernimus.
2908 2938 2973 2990 At
3003 2936 3049 2991 si
3088 2950 3119 2989 a
3151 2936 3404 3006 cognatis
3437 2935 3632 3005 ipsius,

2055 3039 2152 3084 aut
2175 3030 2395 3083 aliunde
2453 3029 2574 3099 ipso
2603 3029 2830 3085 conscio
2868 3043 3015 3084 noxa
3054 3039 3176 3083 orta
3231 3029 3323 3094 sit,
3356 3028 3636 3084 maleﬁcos

360 3127 806 3198 ὑποσαλλομένου
861 3126 963 3196 τῆς
1021 3124 1199 3196 ψυχῆς
1249 3122 1625 3193 θεραπείᾳέί
1654 3121 1699 3175 δ’
1738 3123 1804 3175 ὲκ
1839 3119 1950 3174 τῶν

580 3216 605 3229 η
674 3208 772 3233 τη.
885 3216 899 3233 .
949 3213 1082 3233 (uno
1158 3213 1182 3233 ς.
1226 3211 1486 3233 μιμημ
1530 3210 1688 3233 ψη--.
1726 3211 1816 3233 ---ε
1851 3212 1903 3233 μ,

2055 3122 2234 3194 poenis
2308 3124 2573 3193 legalibus
2629 3123 2829 3193 subjici
2898 3123 3183 3194 iubemus,
3261 3122 3634 3193 maritumque

360 3216 647 3288 συγγενῶν
672 3208 840 3289 ἦλθεν
875 3216 910 3287 ἡ
948 3213 1120 3285 βλάὸη
1154 3213 1188 3285 ἢ
1222 3211 1487 3284 ἑτέρωθεν
1526 3210 1690 3264 ποθεν
1726 3211 1822 3265 καὶ
1845 3212 1945 3265 αὒ-

357 3309 449 3362 τοῦ
496 3305 801 3369 συνειδότος
843 3303 937 3357 τοῦ
991 3302 1184 3376 ἀνδρὸς
1222 3302 1290 3367 ⁸⁸,
1321 3302 1446 3364 τοὺς
1481 3300 1578 3371 μὲν
1609 3300 1947 3372 αὐτουργοὺς

358 3403 453 3473 τῆς
480 3398 754 3470 πονηρίας
794 3400 914 3461 ταῖς
947 3397 1014 3449 ὲκ
1045 3395 1156 3449 τῶν
1186 3394 1369 3466 νόμων
1383 3393 1695 3463 ὑπάγεσθαι
1725 3393 1947 3448 κελεύο⁴

362 3511 461 3565 μεν
492 3489 812 3562 τιμωρίαις,
860 3486 1221 3559 τιμωρεῖσθαι
1271 3485 1328 3538 δὲ
1390 3486 1488 3539 καὶ
1543 3486 1634 3539 τὸν
1670 3486 1838 3557 ἄνδρα
1878 3488 1946 3557 τῇ

359 3588 463 3640 τῶν
491 3582 713 3638 οἰκείων
775 3579 1064 3651 ἀφαιρέσει
1114 3578 1476 3649 πραγμάτων,
1526 3575 1563 3630 ἀ
1596 3577 1779 3649 δεήσει
1812 3577 1947 3647 πρὸς

360 3674 718 3749 παραμύθιον
752 3672 899 3743 ζωῆς
916 3671 1016 3742 τῆς
1042 3668 1569 3740 ἑπιδεὸουλευμὲνης
1598 3668 1909 3740 ἀφωρίσθαι
1930 3709 1946 3735 ,

358 3770 644 3841 διαμένειν
664 3766 720 3821 δὲ
743 3764 905 3820 αὑτὸν
955 3763 1001 3797 ⁵⁵
1054 3762 1150 3816 καί¹
1207 3759 1298 3814 διὰ
1349 3760 1467 3830 βίον
1536 3760 1726 3830 ἑτέρου
1769 3760 1946 3831 γάμου

360 3861 769 3928 ἁκοινὼνητονυ
824 3856 874 3909 εί
919 3853 975 3907 δὲ
1016 3853 1111 3907 καὶ
1160 3852 1424 3923 τολμήσει
1487 3852 1622 3921 πρὸς
1665 3852 1948 3906 κοινωνίαν

359 3950 727 4020 καταστῆναι,
764 3945 860 4002 καὶ
904 3946 1108 4000 ἄκοντα
1142 3945 1278 4014 πρὸς
1315 3942 1406 3996 τὸν
1447 3942 1648 4014 μονάδα
1678 3958 1949 4013 μετασχη-

362 4036 701 4114 ματίζεσθαι
736 4039 873 4110 βίον.
896 4036 1019 4091 Τῶν
1049 4034 1303 4108 μέντοιγε
1333 4033 1432 4103 τὴν
1467 4032 1802 4104 κακουργίαν
1846 4050 1949 4085 πεο

358 4133 684 4206 ¹ιιοιημνένων
726 4132 994 4203 ἀμέτοχος
1036 4124 1294 4191 καθάπαξ
1327 4125 1619 4196 ὑπάρχων,
1655 4125 1749 4178 καὶ
1783 4124 1949 4193 μηδὲν

359 4228 497 4300 πρὸς
532 4224 632 4297 τὴν
662 4223 764 4293 τῆς
796 4221 1057 4292 γυναικὸς
1087 4218 1382 4289 ἐπιϐουλὴν
1419 4216 1453 4289 ἢ
1499 4217 1878 4287 αὑτουργήσας
1912 4216 1947 4288 ἢ

360 4323 546 4385 ἄλλοις
562 4316 1026 4392 πονηρευομένοις
1051 4312 1486 4383 συνδιεγνωκὼς,
1510 4313 1776 4383 κρείττων
1797 4312 1950 4365 ἔσται

364 4419 457 4471 καὶ
487 4409 768 4484 τιμωρίας
808 4409 905 4464 καὶ
959 4406 1163 4478 ζημίας
1190 4406 1260 4469 ⁸⁸,
1287 4406 1384 4460 καὶ
1412 4404 1551 4475 μετά
1589 4401 1950 4474 παραδρομὴν

2060 3217 2243 3286 ipsum
2290 3216 2368 3270 rei
2415 3215 2703 3270 familiaris
2759 3214 3240 3270 administratione
3286 3212 3512 3282 privari,
3576 3220 3638 3267 ut

2052 3305 2375 3361 insidiarum
2404 3321 2541 3376 quas
2562 3306 2753 3361 alicnm
2791 3305 2916 3360 vitae
2939 3304 3163 3369 struxit,
3193 3303 3286 3359 det
3313 3318 3526 3374 positas,
3555 3303 3634 3360 ita

2049 3405 2112 3452 ut
2138 3413 2232 3469 per
2259 3399 2523 3470 reliquam
2552 3398 2718 3453 vitam
2742 3397 3019 3453 connubio
3047 3412 3107 3451 se
3134 3395 3429 3461 abstineat,
3455 3403 3510 3451 et
3539 3396 3632 3451 ubi

2049 3489 2327 3544 contraire
2343 3504 2514 3544 ausus
2535 3488 2721 3553 fuerit,
2754 3486 2821 3541 ad
2845 3486 3094 3542 caelibem
3120 3484 3289 3539 vitam
3315 3485 3401 3541 vel
3429 3486 3634 3541 invitus

2052 3582 2348 3653 redigatur.
2398 3581 2494 3636 Siti
2545 3590 2726 3635 autem
2774 3579 3000 3636 sceleris
3033 3576 3313 3633 commissi
3359 3579 3634 3650 particeps

2052 3688 2160 3729 non
2185 3682 2294 3739 est,
2330 3672 2375 3727 si
2405 3674 2594 3728 uxoris
2639 3674 2763 3727 vitae
2798 3671 2931 3727 nihil
2982 3669 3276 3727 insidiatus
3303 3678 3409 3735 est,
3452 3686 3633 3742 neque

2053 3764 2121 3818 iis
2152 3763 2243 3833 qui
2281 3763 2328 3819 ei
2366 3763 2601 3820 insidias
2644 3771 2933 3833 pararunt,
2959 3763 3220 3819 conscius
3269 3771 3376 3827 est,
3410 3778 3630 3835 poenam

2053 3855 2288 3925 patietur
2332 3855 2562 3921 nullam,
2612 3857 2723 3911 imo
2766 3862 2891 3927 post
2948 3856 3171 3912 tertium
3232 3858 3359 3914 inde
3388 3873 3418 3912 a
3450 3859 3635 3912 soluto

2053 3946 2406 4001 matrimonio
2473 3962 2677 4001 annum
2721 3962 2861 4002 novo
2911 3961 2972 4003 se
3008 3949 3357 4005 matrimonio
3401 3949 3637 4021 iungere

2054 4035 2275 4106 impune
2310 4037 2530 4108 poterit.
2578 4036 2769 4092 Trium
2832 4037 3059 4109 proinde
3100 4038 3319 4094 illorum
3361 4053 3634 4095 annorum

2055 4128 2169 4183 haec
2208 4129 2313 4183 erit
2352 4128 2513 4182 ratio.
2546 4127 2733 4183 Primo
2761 4128 2982 4199 quidem
3024 4144 3171 4184 anno
3217 4131 3363 4185 vivet
3395 4137 3451 4185 et
3481 4129 3637 4184 habi-

2054 4219 2189 4273 tabit
2217 4234 2342 4273 cum
2370 4218 2606 4289 conjuge
2625 4219 2847 4285 misera,
2874 4219 2947 4273 ita
2964 4219 3184 4290 quidem
3209 4219 3423 4291 utlnihil
3452 4219 3633 4275 inten-

2054 4318 2228 4365 tatum
2264 4312 2539 4381 relinquat
2558 4312 2703 4382 quod
2729 4311 2990 4382 adipsius
3019 4313 3362 4368 sanationem
3382 4311 3637 4368 conferre

2056 4404 2256 4473 possit.
2303 4402 2535 4460 Biennio
2588 4404 2864 4475 sequenti,
2910 4404 2957 4461 si
3002 4405 3229 4461 morbus
3293 4406 3636 4461 medicorum

362 4508 455 4562 τοῦ
481 4506 672 4578 τρίτου
699 4502 852 4567 ἔτους
885 4500 1142 4570 λυθείσης
1193 4500 1291 4570 τῆς
1328 4496 1614 4566 συζυγίας,
1653 4493 1947 4558 ἀκωλύτως

2056 4498 2161 4552 arti
2217 4496 2450 4562 resistit,
2493 4496 2784 4568 coniugem
2829 4496 3037 4567 poterit
3055 4496 3339 4561 deserere,
3380 4496 3633 4551 caelibem

363 4600 500 4666 πρὸς
564 4598 745 4668 γάμον
805 4594 965 4650 ἀλλον
1032 4588 1409 4645 συναπτὲσθω.
1466 4589 1711 4658 Λήψεται
1765 4586 1820 4640 δὲ
1888 4587 1950 4640 τὸ

362 4691 472 4746 τῶν
504 4688 677 4761 τριῶν
709 4686 847 4740 ἑτῶν
875 4682 1133 4753 τοιαύτην
1155 4680 1277 4735 τινὰ
1300 4679 1379 4750 τῷ
1393 4679 1765 4751 παραμένοντι
1796 4678 1951 4748 ἀνδρὶ

363 4782 462 4853 τὴν
494 4780 853 4835 κατάστασιν.
911 4777 985 4829 Τὸ
1040 4776 1139 4845 μὲν
1182 4769 1275 4828 οὖν
1314 4772 1373 4827 ἓν
1409 4773 1528 4836 ἔτος
1560 4771 1603 4804 ³⁷
1635 4771 1951 4826 συνδιαιτῶν

365 4878 460 4930 καὶ
506 4870 773 4928 συνοικῶν
828 4870 924 4924 καὶ
976 4864 1686 4936 συνδιαταλαιπωρούμενος
1732 4864 1824 4917 καὶ
1852 4862 1952 4933 τὴν

364 4966 729 5038 ὀφειλομένην
779 4964 926 5018 ἴασιν
984 4959 1122 5031 πρὸς
1173 4959 1319 5012 ἴασιν
1380 4957 1474 5010 τοῦ
1548 4957 1750 5010 οἰκείου
1803 4956 1950 5027 πάσῃ

2056 4590 2221 4643 vitam
2251 4599 2502 4645 acturus.
2526 4588 2630 4644 Ubi
2667 4600 2847 4644 autem
2879 4590 3041 4645 tertio
3070 4605 3293 4660 qttoquc
3321 4604 3469 4644 anno
3485 4603 3635 4644 mor-

2061 4682 2165 4738 bus
2224 4697 2332 4737 uou
2370 4681 2621 4747 cessarit,
2664 4681 2732 4737 ad
2786 4680 3057 4738 secundas
3131 4694 3358 4751 pergere
3410 4678 3634 4748 nuptias

2056 4774 2280 4844 poterit.
2338 4771 2404 4826 Et
2460 4771 2576 4827 haec
2642 4772 2864 4842 quidem
2926 4771 2994 4826 de
3042 4770 3281 4826 divortio
3331 4769 3635 4838 alterisque

2056 4866 2286 4939 nuptiis.
2310 4865 2466 4934 Quod
2489 4866 2534 4920 si
2556 4866 2748 4921 mulier
2770 4864 2976 4920 furiosa
2998 4871 3251 4933 parentes
3273 4862 3468 4915 habeat
3492 4872 3633 4914 con-

2054 4960 2398 5024 sobrinosvc,
2419 4955 2485 5011 ad
2511 4957 2677 5014 hosce
2698 4953 3030 5027 perducetur
3059 4961 3247 5024 utpote
3275 4952 3398 5032 ejus
3423 4959 3633 5007 tutores

1679 5113 1912 5169 VARIA‘I
1955 5113 2361 5171 LECTIONES.

439 5298 692 5355 “Zuich.
724 5296 946 5354 Meerm.
983 5297 1078 5351 καὶ
1109 5294 1279 5367 παρά.
1312 5292 1465 5348 liaud
1494 5293 1675 5367 inepte
1747 5293 1795 5326 ⁸³
1824 5294 1978 5365 Agyl.
2011 5297 2060 5348 εἰ
2097 5294 2196 5364 μέν
2227 5294 2342 5367 vult
2366 5292 2491 5367 legi.
2576 5291 2623 5321 ”
2653 5288 2807 5367 Apud
2835 5286 3072 5367 Scrimg.
3093 5275 3626 5367 sequetttiadesungt.

372 5346 711 5440 ειιιιρἶέἑιῖὖιι
725 5346 1424 5440 ’éif'z'iiicig'e_t‘_'ii;sé.i.ii.;
1465 5346 1680 5440 quirea
1710 5346 2027 5440 mimi-Eni."
2049 5346 2501 5440 ﬁpaugeyberﬁio
2530 5368 2671 5416 teste
2701 5346 3057 5415 'iutercalan't
3093 5346 3329 5409 Novella:
3356 5346 3621 5421 sequenti.

370 5441 418 5472 ³³
438 5432 615 5503 codd.
632 5439 977 5506 5U‘JG16V.A“
1012 5437 1161 5494 Codd
1194 5436 1463 5506 τιμωρίαν
1485 5432 1606 5487 ’καὶ
1648 5432 1874 5505 ζημίαν.
1965 5435 2009 5465 ⁸⁷
2051 5432 2225 5487 Fone
2261 5432 2432 5485 ἔσται.

1898 5592 2130 5649 NOTAE.

447 5739 653 5814 (i8-2l)
685 5741 836 5797 Adde
867 5738 1002 5795 Nov.
1033 5738 1124 5809 22,
1158 5756 1207 5795 c.
1275 5736 1360 5799 lb’,
1394 5736 1420 5807 ἓ
1452 5738 1499 5801 l.
1526 5736 1580 5798 5.
1625 5736 1659 5790 l.
1691 5735 1743 5791 θ’.
1779 5736 1844 5792 ad
1884 5736 1919 5791 Ι.
1952 5735 2118 5792 Corn.
2156 5731 2226 5789 De
2270 5730 2539 5789 Sicaniis»
