4022 6434
382 354 487 418 649

1474 363 1836 426 NOVELL/E
1874 365 2192 455 CONSTIT
2202 368 2330 431 UTI
2342 368 2558 431 ONES.

3534 384 3663 450 650'

379 473 472 523 καὶ
497 468 572 539 μὴ
597 469 695 539 τῆς
728 470 1101 544 ταλαιπωρίας
1133 475 1421 545 οἰκτείρειν
1452 476 1645 542 αύτόν;
1675 477 1863 548 ὥσπερ
1904 479 1949 532 εί

2056 478 2211 545 Quod
2258 482 2482 551 perinde
2543 485 2656 557 (25)
2708 487 2800 553 sit,
2836 498 3001 560 atque
3024 494 3069 546 si
3120 496 3265 564 quis,
3320 498 3641 567 prius-plani

379 578 463 624 τις
494 560 590 614 καὶ
619 559 726 631 πρὸ
750 562 849 631 μὲν
876 563 971 615 τοῦ
1003 565 1143 636 νόσῳ
1195 566 1465 636 ληφθῆναί
1492 585 1614 622 τινα
1642 569 1753 623 δεῖν
1780 569 1952 624 οἴεται

379 652 679 724 προσάγειν
735 670 834 724 την
887 653 1231 724 ἐπιμέλειαν,
1285 660 1692 730 κατασχεθέντα
1735 661 1793 715 δὲ
1822 661 1950 733 θνή-

378 761 528 797 σκειν
548 746 663 816 ὲᾷν,
692 745 1075 817 ἀπαγορεύσας
1122 749 1221 818 τὴν
1268 750 1585 822 θεραπείαν.
1634 752 1795 809 Ἀλλά
1818 754 1950 825 γὰρ,

376 834 513 905 ὅπερ
537 830 715 901 εἷπον,
772 837 1185 906 ἐπιμέμφεσθαι
1224 841 1326 909 μὲν
1365 845 1480 907 τοῖς
1505 843 1822 913 νομοθέταις
1848 845 1949 900 ούκ

374 926 501 996 ἔχω,
536 926 828 997 σύμψηφος
855 929 913 982 δὲ
961 931 1170 996 τούτοις
1201 928 1342 987 εἶναι
1373 934 1568 987 πολλοῦ
1608 953 1672 1004 γε
1702 936 1798 990 καὶ
1822 937 1947 1004 δέω,

374 1020 468 1073 καὶ
499 1020 737 1087 μάλιστα
766 1022 980 1076 πολλῶν
1009 1025 1213 1095 ἐτέρων
1236 1028 1455 1097 τρόπων
1486 1029 1621 1098 πρὸς
1652 1030 1948 1100 μνηστείας

372 1103 526 1164 λύσιν
584 1111 1044 1183 διατεταγμένων,
1097 1109 1172 1170 ὧν
1227 1119 1403 1182 οὐδεὶς
1444 1120 1580 1189 πρὸς
1612 1121 1673 1173 τὸ
1713 1121 1948 1191 χαλεπὸν

370 1200 473 1270 τῆς
504 1202 704 1271 μανίας
763 1205 845 1268 είς
906 1206 1194 1277 σύγκρισιν
1231 1208 1421 1273 ἱκανὸς
1449 1210 1495 1241 ⁸⁸
1528 1212 1840 1281 παρελθεῖν.
1874 1214 1949 1268 Τὸ

369 1293 478 1367 γὰρ
507 1292 598 1347 διὰ
634 1293 734 1365 τὴν
762 1294 856 1349 τοῦ
882 1299 1190 1368 μνηστῆρος
1218 1300 1506 1367 ἀσωτείαν,
1539 1304 1571 1374 ἢ
1601 1304 1688 1358 διὰ
1714 1307 1772 1358 τὸ
1805 1308 1948 1362 κατά

368 1383 468 1455 τὴν
489 1386 676 1441 πίστιν
712 1388 990 1460 διάφορον,
1024 1390 1057 1462 ἦ
1103 1391 1191 1445 διὰ
1217 1393 1278 1447 τὸ
1300 1395 1438 1466 πρὸς
1459 1396 1675 1467 ὁμιλίαν
1703 1399 1802 1469 τὴν
1840 1418 1945 1469 φυ-

372 1476 530 1547 σικὴν
560 1476 767 1550 άπορον
825 1481 921 1534 καὶ
967 1483 1363 1554 ἀνεπιτήδειον,
1424 1491 1518 1540 καὶ
1564 1488 1617 1542 εί
1662 1506 1715 1542 τι
1758 1490 1946 1563 ἕτερον

368 1566 582 1631 τούτοις
605 1570 1019 1640 συναριθμεῖται
1048 1576 1386 1646 κεκτημένον
1412 1578 1563 1648 ἰσχὺν
1591 1580 1729 1649 πρὸς
1766 1586 1945 1652 γάμου

365 1653 660 1721 διάζευξιν,
696 1652 807 1712 οἷον
833 1661 881 1713 εί
923 1662 966 1693 ⁸⁷
1022 1661 1274 1735 δουλικῆς
1318 1667 1668 1737 ἀναφαίνοιτο
1713 1672 1883 1743 τύχης
1917 1674 1947 1727 ὁ

369 1749 834 1822 μνηστευόμενος,
872 1753 921 1807 εί
954 1753 1063 1807 τῶν
1103 1756 1499 1829 ὑπεσχημένων
1547 1762 1606 1813 ἐν
1638 1765 1751 1827 τοῖς
1778 1782 1947 1835 γαμι-

369 1841 487 1901 κοῖς
511 1841 826 1911 συμφώνοις
845 1844 903 1911 ἐξ
928 1845 1159 1916 ἀπορίας
1196 1848 1273 1918 μὴ
1300 1850 1545 1921 πρόεισιν
1576 1854 1609 1923 ἡ
1645 1854 1946 1922 τελείωσις,

367 1930 545 1986 ταῦτα
570 1928 664 1987 οὖν
692 1934 788 1988 καὶ
843 1936 910 1989 τὰ
971 1938 1349 2008 παραπλήσια,
1395 1940 1431 1996 ἃ.
1470 1943 1514 1975 ⁸³
1546 1944 1948 2017 διανενόμισται

365 2025 468 2096 τὴν
496 2026 739 2098 γαμικὴν
773 2029 1058 2083 κοινωνίαν
1090 2030 1349 2100 διαλύειν,
1381 2033 1486 2088 ποῦ
1516 2036 1652 2106 πρὸς
1672 2037 1772 2108 τὴν
1806 2056 1947 2110 συμ·

366 2116 545 2185 φορὰν
614 2119 715 2189 τῆς
780 2121 981 2191 μανίας
1044 2122 1183 2188 ὅλως
1233 2123 1333 2197 τὴν
1406 2126 1695 2199 σύγκρισιν
1755 2130 1950 2185 ἀναδέ-

363 2228 522 2281 χεται
543 2228 559 2278 ;

435 2304 744 2377 Τοιγαροῦν
802 2305 1133 2380 θεσπίζομεν
1176 2310 1338 2381 ἡμεῖς
1390 2312 1518 2384 περὶ
1551 2313 1652 2383 τῆς
1692 2314 1831 2385 μετά
1858 2316 1949 2371 τὸν

365 2394 547 2467 γάμον
598 2397 933 2469 ἐπελθούσης
975 2401 1212 2470 μανίας,
1275 2402 1417 2458 ὥστε
1470 2402 1556 2475 ἐφ’
1606 2406 1749 2471 ὅλοις
1803 2406 1949 2463 ἔτεσι

362 2486 531 2540 πέντε
558 2489 687 2553 τοὺς
734 2492 1177 2561 συναπτομένους
1237 2494 1314 2565 μὴ
1356 2494 1805 2565 διαζεύγνυσθαι·
1854 2500 1951 2553 καὶ

362 2580 477 2650 γάρ
502 2577 694 2652 ὥσπερ
731 2582 794 2634 τὸ
850 2584 927 2654 μὴ
957 2583 1046 2638 διά
1077 2584 1196 2655 βίου
1247 2583 1698 2661 θεραπευομένης
1721 2588 1824 2660 τῆς
1853 2608 1953 2662 μα-

362 2672 487 2735 νίας
516 2672 714 2727 άλυτον
748 2672 890 2727 εἶναι
915 2674 1007 2729 τὸν
1036 2672 1215 2746 γάμον
1254 2674 1430 2746 βίαιον
1470 2677 1649 2749 ὤφθη,
1677 2680 1821 2733 οὕτω
1854 2684 1952 2737 καὶ

360 2765 393 2833 ἠ
421 2763 485 2816 ὲν
520 2764 758 2835 τοσούτῳ
814 2764 993 2837 χρόνῳ
1042 2767 1286 2838 ἀναμονὴ
1334 2769 1428 2822 καὶ
1471 2773 1951 2843 προσκαρτὲρησις

361 2855 644 2924 ἀναγκαία
671 2855 818 2911 ἐστίν
837 2872 852 2886 ·
884 2857 1023 2912 εἰδὲ
1058 2859 1200 2926 μετά
1222 2860 1321 2931 τὴν
1354 2861 1449 2913 τοῦ
1470 2862 1724 2916 τοσούτου
1755 2865 1950 2935 χρόνου

362 2946 629 3016 περίοδον.
679 2947 1013 3019 μὴεγένηταί
1052 2966 1137 3013 τις
1186 2949 1476 3022 ἀπαλλαγή
1500 2952 1599 3023 τῆς
1632 2953 1947 3024 δυστυχίας,

365 3038 507 3109 μηδὲ
556 3038 691 3108 πρὸς
739 3038 1195 3111 ἀνασωφρόνησιν
1242 3041 1271 3094 ό
1319 3040 1580 3111 μεμηνὼς
1621 3044 1967 3115 κατασταίη,

2016 568 2019 571 ’
2064 574 2255 627 morbo
2274 576 2545 645 quispiam
2566 579 2920 649 corripiatur,
2945 584 3315 641 adhibendum
3336 592 3639 647 remedium

2061 666 2355 732 existimet,
2388 678 2444 722 at
2468 669 2579 737 jam
2630 682 2942 741 correptum
2979 684 3177 745 negato
3230 680 3472 735 remedio
3502 683 3642 737 mori

2062 755 2229 809 sinat.
2284 757 2671 815 Verumtamen
2730 762 2807 827 id,
2837 766 2985 833 quod
3043 767 3181 831 disi,
3237 771 3643 838 reprehendere

2056 846 2486 916 jurisconsultos
2512 866 2620 907 non
2646 866 2728 909 est
2751 856 2970 911 animus
2997 873 3009 909 :
3044 866 3105 911 ut
3140 866 3329 914 tamen
3384 861 3521 929 ipsis
3550 863 3643 917 ad:

2060 940 2313 1008 stipuler,
2365 945 2697 1011 permultum
2743 948 2921 1003 abest.
2952 947 3261 1005 Praesertim
3316 969 3445 1009 vero
3514 970 3639 1011 cum

2061 1032 2216 1086 multi
2248 1034 2338 1087 alii
2371 1036 2514 1090 modi
2540 1036 2607 1090 ad
2631 1038 2955 1094 solvendum
2985 1044 3398 1098 matrimonium
3424 1048 3639 1103 consti-

2058 1124 2159 1175 tuti
2205 1124 2338 1193 sint,
2394 1142 2628 1196 quorum
2683 1131 2867 1186 nullus
2922 1131 3034 1203 (26)
3077 1149 3202 1189 cum
3262 1135 3465 1193 furoris
3494 1140 3640 1195 malo

2058 1214 2296 1268 conferri
2320 1224 2467 1270 recte
2496 1220 2692 1287 possit.
2714 1220 3001 1287 Quomodo
3027 1225 3138 1295 (27)
3164 1240 3401 1296 namque
3450 1231 3639 1286 mariti

2058 1302 2438 1372 prodigalitas,
2464 1315 2558 1359 aut
2588 1308 2876 1377 religionis
2910 1311 3024 1383 (28)
3060 1314 3384 1381 diversitas.
3449 1330 3545 1375 aut
3580 1319 3641 1376 in

2056 1393 2296 1446 naturali
2353 1397 2754 1452 consuetudine
2791 1399 3117 1470 impotentia
3162 1411 3217 1459 et
3257 1404 3637 1477 imbecillitas,

2057 1492 2151 1536 aut
2177 1485 2365 1554 siquid
2394 1486 2541 1541 aliud
2592 1489 2676 1544 his
2730 1502 3185 1560 connumeratur,
3243 1498 3391 1566 quod
3424 1501 3497 1555 ad
3523 1502 3640 1559 dis?

2056 1576 2375 1631 solvendum
2411 1578 2818 1636 matrimonium
2862 1584 3039 1641 valeat
3079 1586 3411 1658 (cujusmodi
3436 1602 3544 1658 est,
3588 1595 3641 1652 si

2055 1667 2272 1721 servilis
2299 1670 2631 1727 conditionis
2679 1674 2969 1746 conjugem
3024 1693 3147 1735 esse
3202 1691 3484 1751 appareat,
3513 1687 3637 1741 etsi

2056 1772 2183 1826 quae
2214 1757 2328 1829 (29)
2354 1759 2408 1812 in
2436 1762 2785 1830 pactionibus
2821 1768 3159 1838 nuptialibus
3183 1773 3457 1840 promissa
3479 1784 3641 1842 sunt,

2053 1858 2276 1919 propter
2292 1860 2665 1922 paupertatem
2695 1856 2851 1925 plene
2876 1861 3121 1928 praestari
3147 1864 3467 1934 nequeant),
3495 1866 3635 1933 hmo,

2051 1938 2297 2009 inquam,
2329 1949 2381 1997 et
2402 1942 2627 2009 similia,
2678 1946 2898 2014 quibus.
2928 1951 3280 2009 matrimonia
3329 1955 3635 2020 dissolvere

2051 2027 2168 2099 lege
2231 2031 2498 2087 tributum
2539 2044 2643 2101 est,
2664 2037 2945 2101 quomodo
2990 2042 3209 2098 tandem
3260 2059 3387 2102 cum
3426 2041 3633 2110 furoris

2050 2120 2362 2179 calamitate
2388 2127 2699 2197 comparari
2733 2130 3003 2198 possunt?

2122 2298 2233 2356 Nos
2289 2300 2475 2372 itaque
2519 2305 2820 2371 sancimus,
2860 2315 2918 2361 ut
2950 2309 2995 2363 si
3049 2310 3205 2364 furor
3256 2320 3378 2380 post
3438 2314 3629 2370 initum

2051 2393 2460 2448 matrimonium
2486 2398 2857 2466 superveniat,
2906 2413 2974 2454 ne
3014 2398 3157 2454 intra
3183 2403 3425 2473 quinque
3455 2420 3632 2464 annos

2052 2486 2317 2555 conjuges
2343 2487 2748 2559 disjungantur.
2766 2490 2942 2545 Etiam
2967 2493 3430 2561 quemadmodum
3456 2513 3635 2566 quan-

2051 2575 2121 2631 do
2143 2594 2240 2648 per
2259 2593 2476 2634 omnem
2514 2581 2678 2635 vitam
2706 2580 2859 2638 furor
2890 2583 3139 2651 duraret,
3169 2601 3269 2641 nec
3304 2598 3483 2643 tamen
3519 2605 3635 2649 ma?

2054 2669 2373 2725 trimonium
2430 2671 2617 2727 dirimi
2682 2684 2886 2745 posset,
2916 2676 2970 2733 id
3001 2677 3200 2735 durum
3261 2688 3316 2734 ct
3369 2682 3630 2741 acerbum

2051 2775 2175 2817 esse
2201 2761 2380 2816 visum
2408 2770 2544 2818 est:
2595 2763 2666 2818 ita
2714 2772 3001 2835 tantopere
3049 2778 3368 2837 exspectare
3421 2782 3474 2826 et
3517 2788 3634 2842 per-

2053 2868 2307 2908 severare
2358 2868 2586 2910 necesse
2608 2862 2710 2909 est.
2744 2856 2812 2909 At
2843 2858 2887 2912 si
2931 2867 3220 2928 postquam
3256 2869 3466 2915 tantum
3491 2871 3633 2917 tem-

2054 2944 2201 3014 poris
2231 2944 2557 3010 decurrerit,
2613 2947 2817 3001 malum
2854 2963 2914 3004 se
2963 2964 3068 3003 non
3114 2950 3410 3017 remiserit,
3453 2969 3633 3024 neque

2056 3036 2302 3092 furiosus
2343 3039 2682 3108 rcsipnerit:
2718 3055 2845 3095 cum
2892 3044 3144 3097 neutrius
3196 3047 3488 3101 commodo
3536 3057 3633 3101 aut

359 3129 669 3201 τηνικαῦτα
719 3129 1103 3201 διατέμνεσθαι
1151 3131 1252 3202 τὴν
1304 3132 1576 3203 γαμήλιον
1624 3136 1947 3201 κοινωνίαν,

2054 3129 2401 3185 incommodo
2424 3129 2739 3202 conjugium
2791 3132 3108 3189 dirimatur.
3162 3136 3343 3206 Atque
3374 3136 3490 3192 haec
3518 3142 3634 3210 qui-

362 3222 642 3293 μηδεμιᾶς
698 3223 823 3294 μηδ’
880 3222 1055 3295 ἑτέρῳ
1089 3224 1245 3294 μέρει
1278 3226 1719 3297 προσγινομένης
1760 3246 1949 3283 καινο-

358 3313 582 3387 τομίας.
619 3315 728 3368 Kal.
756 3314 939 3369 ταῦτα
972 3314 1073 3386 μὲν
1098 3315 1408 3387 διορίζομεν
1438 3317 1499 3370 οὐ
1533 3317 1670 3387 πρὸς
1697 3318 1951 3392 διαϐολὴν

360 3407 467 3459 τῶν
529 3404 636 3477 πρὸ
688 3404 848 3476 ἡμῶν
899 3405 1405 3478 νομοθετησάντων,
1438 3406 1555 3462 ἀλλ’
1592 3409 1671 3472 είς
1698 3411 1950 3484 ἀποπλή-
1986 3440 1991 3445 -

363 3513 536 3567 ρωσιν
575 3496 677 3567 τῆς
715 3496 847 3567 περὶ
902 3497 964 3550 τὸ
994 3497 1234 3567 ὑπήκοον
1261 3497 1621 3568 ὀφειλομένης
1656 3501 1785 3570 ἡμῖν
1817 3519 1951 3573 προ-

362 3589 536 3652 νοίας.
568 3588 635 3642 Ἦ
675 3588 732 3642 δέ
764 3606 829 3657 γε
863 3590 985 3641 κατ’
1043 3589 1215 3661 αὐτὴν
1266 3588 1671 3657 ὲπιγνωσθεϊσα
1713 3590 1811 3661 τὴν
1853 3593 1948 3645 τοῦ

360 3684 547 3753 γάμου
590 3682 805 3752 ἡμέραν
864 3681 1034 3751 μανία
1096 3680 1246 3735 οὐδὲν
1296 3681 1788 3752 ὑπεναντιούμενον
1834 3683 1949 3754 ἔχει

362 3775 504 3845 πρὸς
535 3772 636 3840 τὴν
673 3771 869 3826 αὐτίκα
901 3772 1167 3838 διάλυσιν,
1200 3774 1249 3827 εί
1284 3774 1381 3826 καὶ
1417 3773 1694 3845 προῆλθεν
1717 3776 1762 3807 "
1791 3778 1823 3846 ὴ
1857 3793 1947 3830 νε-

360 3861 669 3933 νομισμένη
735 3860 918 3922 αὐτοῖς
974 3860 1269 3931 ίερολογία,
1319 3860 1435 3915 ἀλλ’
1490 3863 1693 3933 ὁμοίως
1730 3866 1795 3934 τῇ
1840 3865 1949 3936 πρὸ

357 3956 454 4025 τῆς
481 3954 784 4026 μνηστείας
805 3954 1126 4027 ὲγνωσμένη
1152 3954 1287 4025 πρὸς
1303 3955 1363 4008 τὸ
1393 3953 1755 4027 ἀκοινώνητον
1777 3974 1949 4010 κατα-

361 4047 627 4116 στήσεται
652 4045 746 4099 καὶ
772 4045 1136 4115 ἀνάρμοστον.
1164 4046 1324 4109 Ἴσως
1354 4046 1453 4115 μὲν
1476 4042 1569 4100 οὖν
1592 4064 1700 4100 τισι
1720 4047 1860 4112 δόξει
1883 4049 1944 4102 τὺ

362 4139 507 4207 μετὰ
534 4138 636 4207 τὴν
692 4137 994 4207 ίερολογίαν
1035 4136 1457 4206 διαζεύγνυσθαι
1509 4138 1740 4209 κρίσεως
1778 4139 1946 4211 ὀρθῆς

358 4229 778 4295 ἀπολείπεσθαι,
804 4229 881 4292 ὡς
914 4229 1054 4293 δέον,
1077 4230 1202 4282 ἐπεὶ
1233 4229 1322 4282 διά
1363 4230 1465 4299 τῆς
1498 4232 1943 4303 συναρμοστικῆς

359 4318 590 4389 τελετῆς
616 4317 674 4371 ἓν
699 4316 859 4389 σῶμα
899 4317 1179 4387 γεγόνασι,
1212 4317 1288 4387 μὴ
1342 4318 1651 4388 διατέμνειν
1717 4320 1939 4388 αὐτοὺς,

360 4411 473 4465 ἀλλ’
529 4411 848 4482 ἡνωμένους
903 4410 1021 4482 ὲᾷν,
1078 4409 1173 4463 καὶ
1218 4409 1454 4480 μάλιστά
1491 4428 1555 4479 γε
1603 4413 1941 4484 κυριωτέρου

2052 3219 2173 3274 dem
2203 3221 2520 3287 statuimus,
2546 3238 2654 3276 non
2686 3238 2798 3294 quo
2827 3225 3657 3296 superioribuslegislatoribus~

2051 3310 2586 3367 obtrectemus:sed
2619 3322 2869 3383 utquam
2934 3315 3172 3372 subditis
3215 3331 3408 3372 curam
3464 3319 3631 3375 debe-

2051 3414 2197 3466 mus,
2228 3398 2648 3469 adlmpleamus.
2673 3398 2793 3455 Jam
2825 3417 2955 3458 vero
2981 3404 3027 3457 si
3060 3403 3216 3459 furor
3248 3406 3363 3475 ipse
3405 3409 3629 3477 nuptia-

2050 3507 2172 3544 rum
2224 3490 2312 3547 die
2387 3492 2901 3560 animadvertatur,
2980 3495 3278 3563 quominus
3336 3498 3627 3553 confestim

2052 3583 2485 3648 matrimonium,
2511 3583 2729 3638 tametsi
2767 3599 2929 3640 sacro
2959 3586 3071 3639 ritu
3107 3585 3493 3641 conﬁrmatum
3534 3590 3628 3653 sit,

2050 3675 2407 3740 dissolvatur,
2440 3675 2577 3729 nihil
2610 3675 2887 3731 obstiterit
2916 3694 2928 3730 :
2958 3677 3298 3749 perindeque
3329 3695 3393 3733 ac
3419 3680 3465 3735 si
3502 3690 3629 3735 ante

2050 3765 2269 3832 nuptias
2331 3763 2486 3818 furor
2540 3764 2963 3821 animadversus
2992 3773 3163 3833 esset,
3212 3768 3624 3824 matrimonium

2050 3854 2105 3907 in
2150 3853 2368 3907 irritum
2425 3854 2658 3921 recidet,
2708 3864 2871 3925 atque
2910 3855 3264 3912 distrahetur.
3306 3858 3413 3914 Sed
3481 3863 3626 3930 quod

2046 3953 2172 4016 post
2210 3946 2680 4002 consecrationem
2727 3947 3123 4018 disjungendos
3181 3964 3304 4005 esse
3365 3952 3629 4022 oonjuges

2049 4039 2275 4104 dicitur,
2302 4038 2539 4093 fortasse
2563 4040 2614 4093 id
2644 4039 2929 4095 nonnullis
2977 4040 3361 4111 rectojudicio
3400 4043 3625 4100 destitui

2047 4130 2362 4185 videbitur:
2391 4129 2582 4200 quasi,
2629 4140 2981 4200 posteaquam
3027 4133 3298 4188 sacriﬁcio
3359 4134 3541 4203 juncti
3570 4137 3626 4189 in

2047 4237 2215 4275 unum
2246 4237 2447 4291 corpus
2498 4222 2767 4286 coierunt,
2795 4237 2905 4277 non
2926 4222 3109 4278 dirimi
3135 4224 3282 4292 illos,
3314 4226 3408 4282 sed
3434 4227 3625 4282 unitos

2048 4314 2155 4370 sini
2180 4321 2447 4384 oporteat.
2484 4314 2547 4367 Et
2580 4316 2882 4385 praesertim
2907 4316 3129 4386 quidem
3160 4332 3286 4371 cum
3354 4327 3626 4389 praestan—

2046 4406 2155 4461 tius
2172 4407 2499 4471 membrum,
2534 4406 2779 4476 adeoque
2804 4416 2969 4477 caput
2995 4409 3212 4479 (ὅθ-51)
3239 4412 3469 4465 maritus
3515 4411 3625 4475 sit;

362 4476 565 4572 μέλους
585 4476 681 4554 καλ
701 4476 1299 4571 κεφαλῆςψύπάρχοντος
1320 4498 1413 4552 τοῦ
1436 4476 1648 4570 ἀνδρός.
1671 4476 1805 4554 post
1836 4476 1943 4571 γὰρ

2052 4514 2228 4569 neque
2263 4498 2537 4569 pracipua
2567 4498 2821 4568 corporis
2847 4476 3115 4564 membra,
3148 4476 3201 4556 si
3224 4503 3419 4557 morbo
3440 4503 3629 4571 aliquo

361 4595 419 4648 ἐν
443 4594 658 4663 σώματι
688 4592 757 4645 τὰ
774 4592 883 4645 τῶν
933 4592 1112 4663 μελῶν
1143 4590 1454 4662 κυριώτερα
1501 4591 1606 4644 ύπό
1639 4608 1783 4654 τινος
1807 4609 1943 4646 κατ-

2052 4603 2407 4663 occupentur,
2462 4593 2740 4663 amputari
2803 4593 3039 4650 soleant.
3099 4594 3263 4663 Atqui
3311 4595 3427 4650 haec
3458 4596 3624 4661 ratio,

361 4686 643 4757 εσχημένα
686 4685 895 4749 πάθους
936 4683 1285 4738 ἐκκόπτεται.
1336 4682 1479 4757 Ἀλλ’
1521 4676 1678 4747 οὗτος
1725 4686 1753 4736 ό
1782 4682 1941 4751 λόγος

2052 4684 2177 4739 dum
2205 4699 2235 4737 a
2271 4683 2667 4754 conjunctione
2716 4692 2887 4750 stare,
2931 4694 3097 4755 atque
3136 4687 3287 4740 illam
3326 4686 3626 4743 defendere

361 4777 532 4833 δοκῶν
573 4778 713 4848 ὑπὲρ
757 4778 858 4848 τῆς
902 4776 1146 4839 ὲνὼσεως
1204 4775 1482 4842 ἵστασθαι,
1534 4776 1751 4845 ἀγνοεῖν
1796 4774 1942 4829 ἔοικε

2052 4790 2106 4829 se
2155 4783 2328 4845 putat,
2374 4772 2506 4845 quid
2548 4773 2651 4830 sibi
2699 4773 3008 4829 benedictio
3032 4775 3161 4829 velit
3190 4774 3444 4845 ignorare
3470 4776 3625 4832 vide-

362 4869 461 4941 τῆς
493 4869 795 4942 ἱερολογίας
822 4870 883 4924 τὸ
921 4869 1191 4941 βούλημα.
1207 4869 1272 4923 Ἦ
1298 4869 1398 4940 μὲν
1420 4869 1553 4941 γὰρ,
1584 4870 1652 4923 τὰ
1678 4867 1943 4923 κάλλιστα

2052 4876 2157 4921 tur.
2209 4864 2336 4922 Haec
2363 4866 2510 4922 enim
2564 4864 3017 4936 praestantissima
3066 4880 3299 4937 quaeque
3346 4867 3625 4924 connubio

1699 5057 1933 5113 VARUE
1980 5054 2389 5116 LECTIONES.

431 5244 478 5275 ⁸⁸
492 5244 684 5300 Ζυίοιι.
725 5255 779 5301 et
813 5244 1034 5300 Meerm.
1074 5245 1296 5308 ἱκανῶς.
1384 5246 1427 5277 ⁸⁷
1458 5244 1624 5301 Iidem
1658 5244 1733 5300 illi
1760 5246 1808 5299 el
1832 5246 2112 5301 omittunt.
2190 5247 2235 5278 ⁸³
2270 5243 2439 5302 Iidem
2465 5244 2501 5298 ἃ
2529 5258 2635 5298 non
2662 5242 2884 5297 habent.
2964 5244 3007 5275 '9
3026 5240 3206 5298 Codd.
3235 5242 3577 5314 προσῆλθεν..

1910 5409 2143 5467 NOTAE.

2127 5568 2240 5640 (28)
2277 5568 2474 5640 νῑάᾼ.
2504 5566 2559 5632 2,
2600 5568 2653 5623 in
2690 5569 2783 5623 tin.
2825 5570 2888 5623 C.
2942 5568 3015 5626 De
3057 5569 3428 5640 sponsalibus,
3482 5570 3627 5628 adde

2051 5638 2256 5696 PhorJ
2273 5681 2287 5703 ,
2312 5639 2367 5694 2.
2386 5638 2757 5694 Nomocanon.
2791 5640 2878 5695 15.

2122 5710 2235 5779 (eo)
2267 5710 2391 5764 Vid.
2423 5708 2560 5763 Nov.
2580 5708 2672 5771 ea,
2694 5725 2744 5764 c.
2780 5712 2867 5765 18.

2134 5782 2335 5854 {30-51)
2358 5782 2535 5852 Caput
2570 5780 2760 5837 uxoris
2792 5781 3022 5839 maritus
3051 5784 3071 5837 Ι
3120 5783 3247 5841 Cor.
3269 5798 3329 5848 ιι,
3362 5793 3507 5840 vers.
3534 5781 3622 5839 13.

440 5568 553 5640 (25)
578 5570 973 5640 Argumentum
1002 5571 1136 5625 satis
1173 5571 1391 5624 firmum
1414 5571 1491 5625 ad-
1518 5570 1682 5640 lmjus
1704 5569 1942 5626 Novella:
1984 5575 2002 5593 '

370 5639 839 5713 eonfirmationem
871 5642 1143 5713 observa._
1174 5710 1190 5713 _
1593 5639 1608 5713 ξ
1676 5710 1679 5713 Α

440 5708 556 5775 (26)
579 5712 971 5775 Argumentum
999 5710 1144 5764 aliud
1165 5710 1378 5764 firmum
1407 5714 1542 5765 satis
1558 5710 1813 5767 observa.

441 5779 554 5846 l27)
581 5778 700 5838 Vid.
726 5781 862 5837 Nov.
894 5782 986 5847 22,
1012 5796 1134 5853 cap.
1179 5782 1262 5850 15,
1296 5779 1435 5836 Nov.
1470 5782 1591 5847 H7,
1623 5799 1670 5837 c.
1700 5783 1753 5848 8,
1786 5787 1836 5839 9.
