  <div class='ocr_page' id='page_1' title='image "/cluster/home/n/w/nwhite01/storage/ocr_20150623/107/coo.31924054870112/373.png"; bbox 0 0 4022 6462; ppageno 0'>
   <div class='ocr_carea' id='block_1_1' title="bbox 353 347 463 411">
    <p class='ocr_par' dir='ltr' id='par_1_1' title="bbox 353 347 463 411">
     <span class='ocr_line' id='line_1_1' title="bbox 353 347 463 411; baseline -0.027 0"><span class='ocrx_word' id='word_1_1' title='bbox 353 347 463 411; x_wconf 66' lang='lat'><strong>635</strong></span> 
     </span>
    </p>
   </div>
   <div class='ocr_carea' id='block_1_2' title="bbox 1618 332 2395 399">
    <p class='ocr_par' dir='ltr' id='par_1_2' title="bbox 1618 332 2395 399">
     <span class='ocr_line' id='line_1_2' title="bbox 1618 332 2395 399; baseline -0.01 0"><span class='ocrx_word' id='word_1_2' title='bbox 1618 337 1892 399; x_wconf 84' lang='lat' dir='ltr'><strong>LEONIS</strong></span> <span class='ocrx_word' id='word_1_3' title='bbox 1929 332 2395 395; x_wconf 86' lang='lat' dir='ltr'><strong>PIIlLOSOPHI</strong></span> 
     </span>
    </p>
   </div>
   <div class='ocr_carea' id='block_1_3' title="bbox 3521 327 3627 388">
    <p class='ocr_par' dir='ltr' id='par_1_3' title="bbox 3521 327 3627 388">
     <span class='ocr_line' id='line_1_3' title="bbox 3521 327 3627 388; baseline 0.009 -1"><span class='ocrx_word' id='word_1_4' title='bbox 3521 327 3627 388; x_wconf 75' lang='grc'>656</span> 
     </span>
    </p>
   </div>
   <div class='ocr_carea' id='block_1_4' title="bbox 348 432 1940 526">
    <p class='ocr_par' dir='ltr' id='par_1_4' title="bbox 348 447 1934 526">
     <span class='ocr_line' id='line_1_4' title="bbox 348 447 1934 526; baseline -0.006 -17"><span class='ocrx_word' id='word_1_5' title='bbox 348 466 599 526; x_wconf 86' lang='lat' dir='ltr'><strong>tempore</strong></span> <span class='ocrx_word' id='word_1_6' title='bbox 630 455 821 525; x_wconf 77' lang='lat' dir='ltr'><strong>elapso</strong></span> <span class='ocrx_word' id='word_1_7' title='bbox 850 455 925 508; x_wconf 83' lang='lat' dir='ltr'><strong>ita</strong></span> <span class='ocrx_word' id='word_1_8' title='bbox 955 461 1010 509; x_wconf 90' lang='lat' dir='ltr'><strong>et</strong></span> <span class='ocrx_word' id='word_1_9' title='bbox 1037 452 1205 507; x_wconf 79' lang='lat' dir='ltr'><strong>vieini</strong></span> <span class='ocrx_word' id='word_1_10' title='bbox 1232 451 1625 515; x_wconf 79' lang='lat' dir='ltr'><strong>excluduntur,</strong></span> <span class='ocrx_word' id='word_1_11' title='bbox 1678 447 1807 502; x_wconf 87' lang='lat' dir='ltr'><strong>dum</strong></span> <span class='ocrx_word' id='word_1_12' title='bbox 1845 453 1934 500; x_wconf 91' lang='lat' dir='ltr'><strong>at-</strong></span> 
     </span>
    </p>
   </div>
   <div class='ocr_carea' id='block_1_5' title="bbox 2048 432 3629 526">
    <p class='ocr_par' dir='ltr' id='par_1_5' title="bbox 2048 432 3629 507">
     <span class='ocr_line' id='line_1_5' title="bbox 2048 432 3629 507; baseline -0.006 -13"><span class='ocrx_word' id='word_1_13' title='bbox 2048 442 2099 494; x_wconf 76' lang='grc' dir='ltr'><strong>τὸ</strong></span> <span class='ocrx_word' id='word_1_14' title='bbox 2125 440 2365 494; x_wconf 81' lang='grc' dir='ltr'>τοιοῦτον</span> <span class='ocrx_word' id='word_1_15' title='bbox 2396 439 2656 507; x_wconf 74' lang='grc' dir='ltr'>ἀκίνητον</span> <span class='ocrx_word' id='word_1_16' title='bbox 2680 453 2691 465; x_wconf 89' lang='grc'><strong>·</strong></span> <span class='ocrx_word' id='word_1_17' title='bbox 2728 436 2921 489; x_wconf 83' lang='grc' dir='ltr'>τούτου</span> <span class='ocrx_word' id='word_1_18' title='bbox 2946 434 3001 488; x_wconf 80' lang='grc' dir='ltr'>δὲ</span> <span class='ocrx_word' id='word_1_19' title='bbox 3064 432 3509 505; x_wconf 77' lang='grc' dir='ltr'><strong>παραδραμόντος</strong></span> <span class='ocrx_word' id='word_1_20' title='bbox 3535 435 3629 486; x_wconf 79' lang='grc' dir='ltr'>καὶ</span> 
     </span>
    </p>
   </div>
   <div class='ocr_carea' id='block_1_6' title="bbox 348 541 1659 615">
    <p class='ocr_par' dir='ltr' id='par_1_6' title="bbox 348 541 1659 615">
     <span class='ocr_line' id='line_1_6' title="bbox 348 541 1659 615; baseline -0.003 -17"><span class='ocrx_word' id='word_1_21' title='bbox 348 546 615 602; x_wconf 73' lang='lat' dir='ltr'><strong>tribuitur</strong></span> <span class='ocrx_word' id='word_1_22' title='bbox 643 545 879 615; x_wconf 76' lang='lat' dir='ltr'><strong>emptori</strong></span> <span class='ocrx_word' id='word_1_23' title='bbox 914 543 1192 613; x_wconf 74' lang='lat' dir='ltr'><strong>possessio</strong></span> <span class='ocrx_word' id='word_1_24' title='bbox 1223 545 1301 598; x_wconf 92' lang='lat' dir='ltr'><strong>rei</strong></span> <span class='ocrx_word' id='word_1_25' title='bbox 1336 541 1659 597; x_wconf 88' lang='lat' dir='ltr'><strong>immobilis.</strong></span> 
     </span>
    </p>
   </div>
   <div class='ocr_carea' id='block_1_7' title="bbox 811 738 1474 798">
    <p class='ocr_par' dir='ltr' id='par_1_7' title="bbox 811 738 1474 798">
     <span class='ocr_line' id='line_1_7' title="bbox 811 738 1474 798; baseline -0.005 -1"><span class='ocrx_word' id='word_1_26' title='bbox 811 738 1282 798; x_wconf 83' lang='lat' dir='ltr'><strong>CONSTITUTIO</strong></span> <span class='ocrx_word' id='word_1_27' title='bbox 1313 740 1474 797; x_wconf 77' lang='lat' dir='ltr'><strong>CXV.</strong></span> 
     </span>
    </p>
   </div>
   <div class='ocr_carea' id='block_1_8' title="bbox 917 835 1367 890">
    <p class='ocr_par' dir='ltr' id='par_1_8' title="bbox 917 835 1367 890">
     <span class='ocr_line' id='line_1_8' title="bbox 917 835 1367 890; baseline 0 -1"><span class='ocrx_word' id='word_1_28' title='bbox 917 836 997 890; x_wconf 86' lang='lat' dir='ltr'><strong>De</strong></span> <span class='ocrx_word' id='word_1_29' title='bbox 1037 835 1367 889; x_wconf 76' lang='lat' dir='ltr'><strong>Tabulariis.</strong></span> 
     </span>
    </p>
   </div>
   <div class='ocr_carea' id='block_1_9' title="bbox 351 902 1942 974">
    <p class='ocr_par' dir='ltr' id='par_1_9' title="bbox 351 902 1942 974">
     <span class='ocr_line' id='line_1_9' title="bbox 351 902 1942 974; baseline -0.007 -8"><span class='ocrx_word' id='word_1_30' title='bbox 351 904 665 966; x_wconf 82' lang='lat' dir='ltr'><strong>Edictorum</strong></span> <span class='ocrx_word' id='word_1_31' title='bbox 701 908 845 960; x_wconf 85' lang='lat' dir='ltr'><strong>circa</strong></span> <span class='ocrx_word' id='word_1_32' title='bbox 882 907 1098 973; x_wconf 82' lang='lat' dir='ltr'><strong>politica</strong></span> <span class='ocrx_word' id='word_1_33' title='bbox 1135 906 1339 974; x_wconf 85' lang='lat' dir='ltr'><strong>objecta</strong></span> <span class='ocrx_word' id='word_1_34' title='bbox 1378 904 1714 971; x_wconf 77' lang='lat' dir='ltr'><strong>imperatoris</strong></span> <span class='ocrx_word' id='word_1_35' title='bbox 1740 902 1942 955; x_wconf 79' lang='lat' dir='ltr'><strong><em>domini</em></strong></span> 
     </span>
    </p>
   </div>
   <div class='ocr_carea' id='block_1_10' title="bbox 693 975 1592 1046">
    <p class='ocr_par' dir='ltr' id='par_1_10' title="bbox 693 975 1592 1046">
     <span class='ocr_line' id='line_1_10' title="bbox 693 975 1592 1046; baseline -0.001 -16"><span class='ocrx_word' id='word_1_36' title='bbox 693 976 884 1031; x_wconf 79' lang='lat' dir='ltr'><strong>Leonis</strong></span> <span class='ocrx_word' id='word_1_37' title='bbox 922 978 1155 1046; x_wconf 86' lang='lat' dir='ltr'><strong>primum</strong></span> <span class='ocrx_word' id='word_1_38' title='bbox 1179 978 1241 1028; x_wconf 86' lang='lat' dir='ltr'><strong>de</strong></span> <span class='ocrx_word' id='word_1_39' title='bbox 1275 975 1592 1039; x_wconf 76' lang='lat' dir='ltr'><strong>tabulariis;</strong></span> 
     </span>
    </p>
   </div>
   <div class='ocr_carea' id='block_1_11' title="bbox 422 1054 1943 1139">
    <p class='ocr_par' dir='ltr' id='par_1_11' title="bbox 422 1054 1943 1139">
     <span class='ocr_line' id='line_1_11' title="bbox 422 1054 1943 1139; baseline -0.007 -14"><span class='ocrx_word' id='word_1_40' title='bbox 422 1071 588 1139; x_wconf 82' lang='lat' dir='ltr'><strong>Cujus</strong></span> <span class='ocrx_word' id='word_1_41' title='bbox 630 1077 791 1137; x_wconf 84' lang='lat' dir='ltr'><strong>caput</strong></span> <span class='ocrx_word' id='word_1_42' title='bbox 810 1054 1041 1135; x_wconf 66' lang='lat' dir='ltr'><strong>primum</strong></span> <span class='ocrx_word' id='word_1_43' title='bbox 1068 1065 1196 1119; x_wconf 88' lang='lat' dir='ltr'><strong>dicit</strong></span> <span class='ocrx_word' id='word_1_44' title='bbox 1222 1081 1242 1120; x_wconf 80' lang='lat'><strong>.&#39;</strong></span> <span class='ocrx_word' id='word_1_45' title='bbox 1278 1063 1378 1130; x_wconf 87' lang='lat' dir='ltr'><strong>Qui</strong></span> <span class='ocrx_word' id='word_1_46' title='bbox 1429 1063 1805 1118; x_wconf 75' lang='lat' dir='ltr'><strong>admittendus</strong></span> <span class='ocrx_word' id='word_1_47' title='bbox 1858 1070 1943 1116; x_wconf 85' lang='lat' dir='ltr'><strong>est</strong></span> 
     </span>
    </p>
   </div>
   <div class='ocr_carea' id='block_1_12' title="bbox 351 1153 1943 1225">
    <p class='ocr_par' dir='ltr' id='par_1_12' title="bbox 351 1153 1943 1225">
     <span class='ocr_line' id='line_1_12' title="bbox 351 1153 1943 1225; baseline -0.008 -9"><span class='ocrx_word' id='word_1_48' title='bbox 351 1161 663 1217; x_wconf 81' lang='lat' dir='ltr'><strong>tabularius</strong></span> <span class='ocrx_word' id='word_1_49' title='bbox 700 1159 866 1213; x_wconf 88' lang='lat' dir='ltr'><strong>debet</strong></span> <span class='ocrx_word' id='word_1_50' title='bbox 901 1155 1168 1225; x_wconf 72' lang='lat' dir='ltr'><strong>suffragio</strong></span> <span class='ocrx_word' id='word_1_51' title='bbox 1196 1165 1251 1211; x_wconf 92' lang='lat' dir='ltr'><strong>et</strong></span> <span class='ocrx_word' id='word_1_52' title='bbox 1283 1156 1527 1211; x_wconf 80' lang='lat' dir='ltr'><strong>examini</strong></span> <span class='ocrx_word' id='word_1_53' title='bbox 1561 1153 1860 1225; x_wconf 88' lang='lat' dir='ltr'><strong>primicerii</strong></span> <span class='ocrx_word' id='word_1_54' title='bbox 1888 1161 1943 1206; x_wconf 91' lang='lat' dir='ltr'><strong>et</strong></span> 
     </span>
    </p>
   </div>
   <div class='ocr_carea' id='block_1_13' title="bbox 349 1242 1939 1322">
    <p class='ocr_par' dir='ltr' id='par_1_13' title="bbox 349 1242 1939 1322">
     <span class='ocr_line' id='line_1_13' title="bbox 349 1242 1939 1322; baseline -0.008 -13"><span class='ocrx_word' id='word_1_55' title='bbox 349 1269 543 1309; x_wconf 91' lang='lat' dir='ltr'><strong>eorum</strong></span> <span class='ocrx_word' id='word_1_56' title='bbox 594 1252 686 1322; x_wconf 85' lang='lat' dir='ltr'><strong>qui</strong></span> <span class='ocrx_word' id='word_1_57' title='bbox 737 1266 861 1305; x_wconf 90' lang='lat' dir='ltr'><strong>cum</strong></span> <span class='ocrx_word' id='word_1_58' title='bbox 908 1242 1174 1303; x_wconf 32' lang='lat' dir='ltr'><strong>illo&#39;sunt</strong></span> <span class='ocrx_word' id='word_1_59' title='bbox 1223 1249 1627 1303; x_wconf 89' lang='lat' dir='ltr'><strong>tabulariorum</strong></span> <span class='ocrx_word' id='word_1_60' title='bbox 1665 1244 1939 1307; x_wconf 80' lang='lat' dir='ltr'><strong>submitti,</strong></span> 
     </span>
    </p>
   </div>
   <div class='ocr_carea' id='block_1_14' title="bbox 351 1338 1941 1414">
    <p class='ocr_par' dir='ltr' id='par_1_14' title="bbox 351 1338 1941 1414">
     <span class='ocr_line' id='line_1_14' title="bbox 351 1338 1941 1414; baseline -0.006 -14"><span class='ocrx_word' id='word_1_61' title='bbox 351 1348 427 1400; x_wconf 87' lang='lat' dir='ltr'><strong>ita</strong></span> <span class='ocrx_word' id='word_1_62' title='bbox 465 1353 524 1398; x_wconf 91' lang='lat' dir='ltr'><strong>ut</strong></span> <span class='ocrx_word' id='word_1_63' title='bbox 554 1344 923 1414; x_wconf 89' lang='lat' dir='ltr'><strong>cognitionem</strong></span> <span class='ocrx_word' id='word_1_64' title='bbox 962 1350 1015 1397; x_wconf 90' lang='lat' dir='ltr'><strong>et</strong></span> <span class='ocrx_word' id='word_1_65' title='bbox 1086 1338 1369 1398; x_wconf 74' lang='lat' dir='ltr'><strong>scientiam</strong></span> <span class='ocrx_word' id='word_1_66' title='bbox 1413 1341 1593 1410; x_wconf 79' lang='lat' dir='ltr'><strong>legum</strong></span> <span class='ocrx_word' id='word_1_67' title='bbox 1632 1338 1849 1402; x_wconf 81' lang='lat' dir='ltr'><strong>habeat,</strong></span> <span class='ocrx_word' id='word_1_68' title='bbox 1887 1345 1941 1391; x_wconf 90' lang='lat' dir='ltr'><strong>et</strong></span> 
     </span>
    </p>
   </div>
   <div class='ocr_carea' id='block_1_15' title="bbox 350 1429 1943 1503">
    <p class='ocr_par' dir='ltr' id='par_1_15' title="bbox 350 1429 1943 1503">
     <span class='ocr_line' id='line_1_15' title="bbox 350 1429 1943 1503; baseline -0.006 -14"><span class='ocrx_word' id='word_1_69' title='bbox 350 1451 552 1499; x_wconf 81' lang='lat' dir='ltr'><strong>manus</strong></span> <span class='ocrx_word' id='word_1_70' title='bbox 597 1436 873 1503; x_wconf 86' lang='lat' dir='ltr'><strong>scriptura</strong></span> <span class='ocrx_word' id='word_1_71' title='bbox 924 1434 1136 1488; x_wconf 84' lang='lat' dir='ltr'><strong>caeteris</strong></span> <span class='ocrx_word' id='word_1_72' title='bbox 1173 1437 1415 1502; x_wconf 82' lang='lat' dir='ltr'><strong>praestet,</strong></span> <span class='ocrx_word' id='word_1_73' title='bbox 1443 1442 1545 1483; x_wconf 89' lang='lat' dir='ltr'><strong>nec</strong></span> <span class='ocrx_word' id='word_1_74' title='bbox 1565 1429 1815 1497; x_wconf 88' lang='lat' dir='ltr'><strong>garrulus</strong></span> <span class='ocrx_word' id='word_1_75' title='bbox 1848 1436 1943 1480; x_wconf 85' lang='lat' dir='ltr'><strong>aut</strong></span> 
     </span>
    </p>
   </div>
   <div class='ocr_carea' id='block_1_16' title="bbox 352 1518 1941 1595">
    <p class='ocr_par' dir='ltr' id='par_1_16' title="bbox 352 1518 1941 1595">
     <span class='ocr_line' id='line_1_16' title="bbox 352 1518 1941 1595; baseline -0.006 -14"><span class='ocrx_word' id='word_1_76' title='bbox 352 1528 618 1595; x_wconf 79' lang='lat' dir='ltr'><strong>pervicax</strong></span> <span class='ocrx_word' id='word_1_77' title='bbox 681 1532 777 1579; x_wconf 89' lang='lat' dir='ltr'><strong>aut</strong></span> <span class='ocrx_word' id='word_1_78' title='bbox 827 1526 954 1580; x_wconf 78' lang='lat' dir='ltr'><strong>vitae</strong></span> <span class='ocrx_word' id='word_1_79' title='bbox 984 1523 1268 1579; x_wconf 80' lang='lat' dir='ltr'><strong>dissolutae</strong></span> <span class='ocrx_word' id='word_1_80' title='bbox 1308 1520 1562 1584; x_wconf 80' lang='lat' dir='ltr'><strong>exsistat,</strong></span> <span class='ocrx_word' id='word_1_81' title='bbox 1605 1519 1701 1574; x_wconf 87' lang='lat' dir='ltr'><strong>sed</strong></span> <span class='ocrx_word' id='word_1_82' title='bbox 1757 1518 1941 1588; x_wconf 87' lang='lat' dir='ltr'><strong>potius</strong></span> 
     </span>
    </p>
   </div>
   <div class='ocr_carea' id='block_1_17' title="bbox 353 1608 1941 1683">
    <p class='ocr_par' dir='ltr' id='par_1_17' title="bbox 353 1608 1941 1683">
     <span class='ocr_line' id='line_1_17' title="bbox 353 1608 1941 1683; baseline -0.007 -14"><span class='ocrx_word' id='word_1_83' title='bbox 353 1616 606 1670; x_wconf 88' lang='lat' dir='ltr'><strong>moribus</strong></span> <span class='ocrx_word' id='word_1_84' title='bbox 666 1617 1004 1683; x_wconf 90' lang='lat' dir='ltr'><strong>conspicuus</strong></span> <span class='ocrx_word' id='word_1_85' title='bbox 1041 1624 1094 1669; x_wconf 92' lang='lat' dir='ltr'><strong>et</strong></span> <span class='ocrx_word' id='word_1_86' title='bbox 1145 1610 1434 1683; x_wconf 84' lang='lat' dir='ltr'><strong>prudentia</strong></span> <span class='ocrx_word' id='word_1_87' title='bbox 1493 1608 1941 1677; x_wconf 86' lang='lat' dir='ltr'><strong>irreprebensus,</strong></span> 
     </span>
    </p>
   </div>
   <div class='ocr_carea' id='block_1_18' title="bbox 356 1694 1942 1771">
    <p class='ocr_par' dir='ltr' id='par_1_18' title="bbox 356 1694 1942 1771">
     <span class='ocr_line' id='line_1_18' title="bbox 356 1694 1942 1771; baseline -0.007 -16"><span class='ocrx_word' id='word_1_88' title='bbox 356 1702 581 1771; x_wconf 82' lang='lat' dir='ltr'><strong>sapiens</strong></span> <span class='ocrx_word' id='word_1_89' title='bbox 615 1709 670 1755; x_wconf 83' lang='lat' dir='ltr'><strong>et</strong></span> <span class='ocrx_word' id='word_1_90' title='bbox 714 1701 1051 1769; x_wconf 82' lang='lat' dir='ltr'><strong>intelligens,</strong></span> <span class='ocrx_word' id='word_1_91' title='bbox 1094 1707 1149 1753; x_wconf 90' lang='lat' dir='ltr'><strong>et</strong></span> <span class='ocrx_word' id='word_1_92' title='bbox 1183 1698 1250 1751; x_wconf 88' lang='lat' dir='ltr'><strong>ad</strong></span> <span class='ocrx_word' id='word_1_93' title='bbox 1289 1696 1625 1766; x_wconf 89' lang='lat' dir='ltr'><strong>loquendum</strong></span> <span class='ocrx_word' id='word_1_94' title='bbox 1681 1694 1855 1747; x_wconf 89' lang='lat' dir='ltr'><strong>solers</strong></span> <span class='ocrx_word' id='word_1_95' title='bbox 1886 1698 1942 1745; x_wconf 88' lang='lat' dir='ltr'><strong>et</strong></span> 
     </span>
    </p>
   </div>
   <div class='ocr_carea' id='block_1_19' title="bbox 2043 526 3630 599">
    <p class='ocr_par' dir='ltr' id='par_1_19' title="bbox 2043 526 3630 599">
     <span class='ocr_line' id='line_1_19' title="bbox 2043 526 3630 599; baseline -0.005 -13"><span class='ocrx_word' id='word_1_96' title='bbox 2043 532 2217 595; x_wconf 77' lang='grc' dir='ltr'>οὕτως</span> <span class='ocrx_word' id='word_1_97' title='bbox 2231 530 2279 563; x_wconf 76' lang='grc' dir='ltr'><strong>⁸ο</strong></span> <span class='ocrx_word' id='word_1_98' title='bbox 2298 533 2348 584; x_wconf 80' lang='lat' dir='ltr'><strong>oi</strong></span> <span class='ocrx_word' id='word_1_99' title='bbox 2361 529 2702 599; x_wconf 78' lang='grc' dir='ltr'><strong>γειτνιῶντες</strong></span> <span class='ocrx_word' id='word_1_100' title='bbox 2715 527 3117 591; x_wconf 82' lang='grc' dir='ltr'><strong>ἀποκλείονται,</strong></span> <span class='ocrx_word' id='word_1_101' title='bbox 3139 526 3630 596; x_wconf 80' lang='grc' dir='ltr'>προσκυρουμένης</span> 
     </span>
    </p>
   </div>
   <div class='ocr_carea' id='block_1_20' title="bbox 2045 617 3323 695">
    <p class='ocr_par' dir='ltr' id='par_1_20' title="bbox 2045 617 3323 695">
     <span class='ocr_line' id='line_1_20' title="bbox 2045 617 3323 695; baseline -0.007 -17"><span class='ocrx_word' id='word_1_102' title='bbox 2045 624 2125 695; x_wconf 81' lang='grc' dir='ltr'>τῷ</span> <span class='ocrx_word' id='word_1_103' title='bbox 2157 621 2562 692; x_wconf 79' lang='grc' dir='ltr'>ὲξωνησαμένῳ</span> <span class='ocrx_word' id='word_1_104' title='bbox 2583 619 2681 689; x_wconf 83' lang='grc' dir='ltr'><strong>τῆς</strong></span> <span class='ocrx_word' id='word_1_105' title='bbox 2705 619 2879 689; x_wconf 82' lang='grc' dir='ltr'>νομῆς</span> <span class='ocrx_word' id='word_1_106' title='bbox 2911 617 3007 671; x_wconf 80' lang='grc' dir='ltr'>τοῦ</span> <span class='ocrx_word' id='word_1_107' title='bbox 3039 618 3323 687; x_wconf 81' lang='grc' dir='ltr'>ἀκινήτου.</span> 
     </span>
    </p>
   </div>
   <div class='ocr_carea' id='block_1_21' title="bbox 2575 734 3092 789">
    <p class='ocr_par' dir='ltr' id='par_1_21' title="bbox 2575 734 3092 789">
     <span class='ocr_line' id='line_1_21' title="bbox 2575 734 3092 789; baseline -0.006 0"><span class='ocrx_word' id='word_1_108' title='bbox 2575 735 2889 789; x_wconf 78' lang='grc' dir='ltr'><strong>ΔΙΑΤΑΞΙΣ</strong></span> <span class='ocrx_word' id='word_1_109' title='bbox 2944 734 3092 788; x_wconf 84' lang='grc' dir='ltr'><strong>Ρ1Ε’.</strong></span> 
     </span>
    </p>
   </div>
   <div class='ocr_carea' id='block_1_22' title="bbox 2052 822 3630 900">
    <p class='ocr_par' dir='ltr' id='par_1_22' title="bbox 2052 822 3630 900">
     <span class='ocr_line' id='line_1_22' title="bbox 2052 822 3630 900; baseline -0.008 -11"><span class='ocrx_word' id='word_1_110' title='bbox 2052 834 2177 889; x_wconf 81' lang='grc' dir='ltr'><strong>Τῶν</strong></span> <span class='ocrx_word' id='word_1_111' title='bbox 2210 833 2344 900; x_wconf 78' lang='grc' dir='ltr'>περὶ</span> <span class='ocrx_word' id='word_1_112' title='bbox 2384 829 2712 885; x_wconf 78' lang='grc' dir='ltr'><strong>πολιτικῶν</strong></span> <span class='ocrx_word' id='word_1_113' title='bbox 2752 828 3120 900; x_wconf 14' lang='grc' dir='ltr'>ίσωμοτείων</span> <span class='ocrx_word' id='word_1_114' title='bbox 3159 824 3490 900; x_wconf 52' lang='grc' dir='ltr'>διατάξεως</span> <span class='ocrx_word' id='word_1_115' title='bbox 3522 822 3630 900; x_wconf 69' lang='grc' dir='ltr'>τοῦ</span> 
     </span>
    </p>
   </div>
   <div class='ocr_carea' id='block_1_23' title="bbox 2110 896 3627 1041">
    <p class='ocr_par' dir='ltr' id='par_1_23' title="bbox 2110 896 3627 1041">
     <span class='ocr_line' id='line_1_23' title="bbox 2110 896 3627 1026; baseline -0.017 -66"><span class='ocrx_word' id='word_1_116' title='bbox 2110 896 2413 1026; x_wconf 53' lang='grc' dir='ltr'><strong>,ξεσὶλξὲιέξ</strong></span> <span class='ocrx_word' id='word_1_117' title='bbox 2462 900 2651 968; x_wconf 83' lang='grc' dir='ltr'>κυροῦ</span> <span class='ocrx_word' id='word_1_118' title='bbox 2681 899 2944 964; x_wconf 81' lang='grc' dir='ltr'>Λέοντος</span> <span class='ocrx_word' id='word_1_119' title='bbox 2974 896 3175 964; x_wconf 79' lang='grc' dir='ltr'>πρώτη</span> <span class='ocrx_word' id='word_1_120' title='bbox 3209 896 3344 964; x_wconf 72' lang='grc' dir='ltr'>περὶ</span> <span class='ocrx_word' id='word_1_121' title='bbox 3371 896 3627 948; x_wconf 71' lang='grc' dir='ltr'><strong>ταὸουλ-</strong></span> 
     </span>
     <span class='ocr_line' id='line_1_24' title="bbox 2119 991 2603 1041; baseline -0.01 -15"><span class='ocrx_word' id='word_1_122' title='bbox 2119 1013 2131 1026; x_wconf 91' lang='grc'>.</span> <span class='ocrx_word' id='word_1_123' title='bbox 2195 991 2235 1041; x_wconf 84' lang='grc' dir='ltr'><strong>ρ</strong></span> <span class='ocrx_word' id='word_1_124' title='bbox 2264 992 2307 1025; x_wconf 86' lang='grc' dir='ltr'><strong>ω</strong></span> <span class='ocrx_word' id='word_1_125' title='bbox 2414 1010 2428 1025; x_wconf 95' lang='grc'><strong>.</strong></span> <span class='ocrx_word' id='word_1_126' title='bbox 2600 1038 2603 1041; x_wconf 93' lang='lat'><em>_</em></span> 
     </span>
    </p>
   </div>
   <div class='ocr_carea' id='block_1_24' title="bbox 2118 1052 3629 1134">
    <p class='ocr_par' dir='ltr' id='par_1_24' title="bbox 2118 1052 3629 1134">
     <span class='ocr_line' id='line_1_25' title="bbox 2118 1052 3629 1134; baseline -0.009 -12"><span class='ocrx_word' id='word_1_127' title='bbox 2118 1061 2225 1131; x_wconf 86' lang='grc' dir='ltr'>Ἧς</span> <span class='ocrx_word' id='word_1_128' title='bbox 2239 1067 2308 1120; x_wconf 78' lang='grc' dir='ltr'><strong><em>ἐν</em></strong></span> <span class='ocrx_word' id='word_1_129' title='bbox 2323 1066 2403 1131; x_wconf 83' lang='grc' dir='ltr'>τῷ</span> <span class='ocrx_word' id='word_1_130' title='bbox 2419 1072 2471 1120; x_wconf 84' lang='grc' dir='ltr'>α’</span> <span class='ocrx_word' id='word_1_131' title='bbox 2486 1082 2620 1133; x_wconf 71' lang='grc' dir='ltr'>κεφ.</span> <span class='ocrx_word' id='word_1_132' title='bbox 2640 1063 2851 1134; x_wconf 67' lang='grc' dir='ltr'>φησίνυ</span> <span class='ocrx_word' id='word_1_133' title='bbox 2871 1060 2928 1115; x_wconf 92' lang='lat' dir='ltr'><strong>&#39;O</strong></span> <span class='ocrx_word' id='word_1_134' title='bbox 2949 1059 3156 1132; x_wconf 77' lang='grc' dir='ltr'><strong>μέλλων</strong></span> <span class='ocrx_word' id='word_1_135' title='bbox 3181 1052 3629 1129; x_wconf 60' lang='grc' dir='ltr'>πῳχειρισθῆναι</span> 
     </span>
    </p>
   </div>
   <div class='ocr_carea' id='block_1_25' title="bbox 2045 1144 3629 1229">
    <p class='ocr_par' dir='ltr' id='par_1_25' title="bbox 2045 1144 3629 1229">
     <span class='ocr_line' id='line_1_26' title="bbox 2045 1144 3629 1229; baseline -0.008 -18"><span class='ocrx_word' id='word_1_136' title='bbox 2045 1158 2429 1229; x_wconf 78' lang='grc' dir='ltr'>ταὸουλλάριος</span> <span class='ocrx_word' id='word_1_137' title='bbox 2475 1155 2682 1226; x_wconf 78' lang='grc' dir='ltr'><strong>ὀφείλει</strong></span> <span class='ocrx_word' id='word_1_138' title='bbox 2731 1152 2898 1223; x_wconf 76' lang='grc' dir='ltr'><strong>ψήφῳ</strong></span> <span class='ocrx_word' id='word_1_139' title='bbox 2950 1150 3046 1203; x_wconf 73' lang='grc' dir='ltr'><strong>καὶ</strong></span> <span class='ocrx_word' id='word_1_140' title='bbox 3091 1148 3380 1217; x_wconf 76' lang='grc' dir='ltr'><strong>διαγνώσει</strong></span> <span class='ocrx_word' id='word_1_141' title='bbox 3422 1144 3517 1200; x_wconf 79' lang='grc' dir='ltr'>τοῦ</span> <span class='ocrx_word' id='word_1_142' title='bbox 3567 1164 3629 1200; x_wconf 87' lang='grc' dir='ltr'><strong>τε</strong></span> 
     </span>
    </p>
   </div>
   <div class='ocr_carea' id='block_1_26' title="bbox 2045 1232 3629 1320">
    <p class='ocr_par' dir='ltr' id='par_1_26' title="bbox 2045 1232 3629 1320">
     <span class='ocr_line' id='line_1_27' title="bbox 2045 1232 3629 1320; baseline -0.005 -19"><span class='ocrx_word' id='word_1_143' title='bbox 2045 1248 2458 1320; x_wconf 86' lang='grc' dir='ltr'>πριμμικηρίου</span> <span class='ocrx_word' id='word_1_144' title='bbox 2492 1244 2588 1300; x_wconf 68' lang='grc' dir='ltr'>καὶ</span> <span class='ocrx_word' id='word_1_145' title='bbox 2602 1245 2711 1299; x_wconf 86' lang='grc' dir='ltr'><strong>τῶν</strong></span> <span class='ocrx_word' id='word_1_146' title='bbox 2744 1245 2841 1297; x_wconf 79' lang='grc' dir='ltr'><strong>σὺν</strong></span> <span class='ocrx_word' id='word_1_147' title='bbox 2865 1241 3013 1313; x_wconf 80' lang='grc' dir='ltr'>αὐτῴ</span> <span class='ocrx_word' id='word_1_148' title='bbox 3041 1240 3208 1295; x_wconf 78' lang='grc' dir='ltr'>ὅντων</span> <span class='ocrx_word' id='word_1_149' title='bbox 3224 1232 3629 1309; x_wconf 79' lang='grc' dir='ltr'>ταὸουλλαρίων</span> 
     </span>
    </p>
   </div>
   <div class='ocr_carea' id='block_1_27' title="bbox 2045 1330 3630 1409">
    <p class='ocr_par' dir='ltr' id='par_1_27' title="bbox 2045 1330 3630 1409">
     <span class='ocr_line' id='line_1_28' title="bbox 2045 1330 3630 1409; baseline -0.008 -16"><span class='ocrx_word' id='word_1_150' title='bbox 2045 1340 2385 1409; x_wconf 80' lang='grc' dir='ltr'>ἐγγίνεσθαι,</span> <span class='ocrx_word' id='word_1_151' title='bbox 2436 1337 2585 1391; x_wconf 84' lang='grc' dir='ltr'>ὼσὰν</span> <span class='ocrx_word' id='word_1_152' title='bbox 2636 1336 2732 1389; x_wconf 76' lang='grc' dir='ltr'>καὶ</span> <span class='ocrx_word' id='word_1_153' title='bbox 2789 1334 2993 1401; x_wconf 84' lang='grc' dir='ltr'>γνῶσιν</span> <span class='ocrx_word' id='word_1_154' title='bbox 3050 1333 3147 1385; x_wconf 56' lang='grc' dir='ltr'><strong>καί⁹</strong></span> <span class='ocrx_word' id='word_1_155' title='bbox 3206 1332 3384 1400; x_wconf 89' lang='grc' dir='ltr'>νόμων</span> <span class='ocrx_word' id='word_1_156' title='bbox 3425 1330 3630 1401; x_wconf 79' lang='grc' dir='ltr'>εἴδησιν</span> 
     </span>
    </p>
   </div>
   <div class='ocr_carea' id='block_1_28' title="bbox 2043 1416 3631 1503">
    <p class='ocr_par' dir='ltr' id='par_1_28' title="bbox 2043 1416 3631 1503">
     <span class='ocr_line' id='line_1_29' title="bbox 2043 1416 3631 1503; baseline -0.01 -15"><span class='ocrx_word' id='word_1_157' title='bbox 2043 1434 2177 1503; x_wconf 77' lang='grc' dir='ltr'>ἔχοι,</span> <span class='ocrx_word' id='word_1_158' title='bbox 2238 1434 2333 1487; x_wconf 71' lang='grc' dir='ltr'><strong>καὶ</strong></span> <span class='ocrx_word' id='word_1_159' title='bbox 2364 1430 2545 1503; x_wconf 81' lang='grc' dir='ltr'>χειρὸς</span> <span class='ocrx_word' id='word_1_160' title='bbox 2568 1424 2755 1502; x_wconf 83' lang='grc' dir='ltr'>γραφῇ</span> <span class='ocrx_word' id='word_1_161' title='bbox 2780 1425 2890 1478; x_wconf 83' lang='grc' dir='ltr'>τῶν</span> <span class='ocrx_word' id='word_1_162' title='bbox 2914 1423 3119 1477; x_wconf 83' lang='grc' dir='ltr'>λοιπῶν</span> <span class='ocrx_word' id='word_1_163' title='bbox 3146 1417 3509 1492; x_wconf 86' lang='grc' dir='ltr'>πρωτερεύοι,</span> <span class='ocrx_word' id='word_1_164' title='bbox 3534 1416 3631 1473; x_wconf 71' lang='grc' dir='ltr'><strong>καὶ</strong></span> 
     </span>
    </p>
   </div>
   <div class='ocr_carea' id='block_1_29' title="bbox 2046 1512 3627 1595">
    <p class='ocr_par' dir='ltr' id='par_1_29' title="bbox 2046 1512 3627 1595">
     <span class='ocr_line' id='line_1_30' title="bbox 2046 1512 3627 1595; baseline -0.018 -14"><span class='ocrx_word' id='word_1_165' title='bbox 2046 1526 2125 1595; x_wconf 83' lang='grc' dir='ltr'>μὴ</span> <span class='ocrx_word' id='word_1_166' title='bbox 2154 1524 2433 1593; x_wconf 81' lang='grc' dir='ltr'><strong>στωμύλος</strong></span> <span class='ocrx_word' id='word_1_167' title='bbox 2462 1522 2495 1591; x_wconf 82' lang='grc' dir='ltr'>ἢ</span> <span class='ocrx_word' id='word_1_168' title='bbox 2523 1515 2809 1588; x_wconf 80' lang='grc' dir='ltr'>αὐθάδηςῆ</span> <span class='ocrx_word' id='word_1_169' title='bbox 2836 1515 2951 1586; x_wconf 84' lang='grc' dir='ltr'>βίου</span> <span class='ocrx_word' id='word_1_170' title='bbox 2976 1512 3377 1585; x_wconf 71' lang='grc' dir='ltr'>διεφθαρμένου</span> <span class='ocrx_word' id='word_1_171' title='bbox 3413 1512 3627 1582; x_wconf 75' lang='grc' dir='ltr'>τυγχά-</span> 
     </span>
    </p>
   </div>
   <div class='ocr_carea' id='block_1_30' title="bbox 2046 1603 3629 1685">
    <p class='ocr_par' dir='ltr' id='par_1_30' title="bbox 2046 1603 3629 1685">
     <span class='ocr_line' id='line_1_31' title="bbox 2046 1603 3629 1685; baseline -0.011 -12"><span class='ocrx_word' id='word_1_172' title='bbox 2046 1637 2149 1684; x_wconf 89' lang='grc' dir='ltr'>νοι,</span> <span class='ocrx_word' id='word_1_173' title='bbox 2178 1612 2315 1670; x_wconf 80' lang='grc' dir='ltr'>ἀλλὰ</span> <span class='ocrx_word' id='word_1_174' title='bbox 2372 1608 2572 1685; x_wconf 80' lang='grc' dir='ltr'>μᾶλλον</span> <span class='ocrx_word' id='word_1_175' title='bbox 2624 1611 2820 1681; x_wconf 80' lang='grc' dir='ltr'>σεμνὸς</span> <span class='ocrx_word' id='word_1_176' title='bbox 2844 1610 2905 1663; x_wconf 81' lang='grc' dir='ltr'><strong>τὸ</strong></span> <span class='ocrx_word' id='word_1_177' title='bbox 2954 1605 3084 1678; x_wconf 79' lang='grc' dir='ltr'>ἦθος</span> <span class='ocrx_word' id='word_1_178' title='bbox 3144 1608 3238 1660; x_wconf 67' lang='grc' dir='ltr'>καὶ</span> <span class='ocrx_word' id='word_1_179' title='bbox 3264 1604 3332 1677; x_wconf 80' lang='grc' dir='ltr'>τῇ</span> <span class='ocrx_word' id='word_1_180' title='bbox 3364 1603 3629 1675; x_wconf 79' lang='grc' dir='ltr'>φρονήσει</span> 
     </span>
    </p>
   </div>
   <div class='ocr_carea' id='block_1_31' title="bbox 2044 1694 3634 1777">
    <p class='ocr_par' dir='ltr' id='par_1_31' title="bbox 2044 1694 3634 1777">
     <span class='ocr_line' id='line_1_32' title="bbox 2044 1694 3634 1777; baseline -0.009 -16"><span class='ocrx_word' id='word_1_181' title='bbox 2044 1708 2321 1777; x_wconf 86' lang='grc' dir='ltr'>ἀκέραιος,</span> <span class='ocrx_word' id='word_1_182' title='bbox 2365 1706 2543 1773; x_wconf 88' lang='grc' dir='ltr'>λόγιός</span> <span class='ocrx_word' id='word_1_183' title='bbox 2575 1720 2635 1756; x_wconf 85' lang='grc' dir='ltr'><strong>τε</strong></span> <span class='ocrx_word' id='word_1_184' title='bbox 2657 1703 2754 1757; x_wconf 79' lang='grc' dir='ltr'><strong>καὶ</strong></span> <span class='ocrx_word' id='word_1_185' title='bbox 2816 1700 3040 1762; x_wconf 85' lang='grc' dir='ltr'>συνετὸς</span> <span class='ocrx_word' id='word_1_186' title='bbox 3080 1698 3174 1752; x_wconf 75' lang='grc' dir='ltr'>καὶ</span> <span class='ocrx_word' id='word_1_187' title='bbox 3209 1697 3338 1766; x_wconf 61' lang='grc' dir='ltr'><strong>περ)⁸</strong></span> <span class='ocrx_word' id='word_1_188' title='bbox 3360 1696 3460 1768; x_wconf 82' lang='grc' dir='ltr'><strong>τὴν</strong></span> <span class='ocrx_word' id='word_1_189' title='bbox 3488 1694 3634 1759; x_wconf 77' lang='grc' dir='ltr'>λέξιν</span> 
     </span>
    </p>
   </div>
   <div class='ocr_carea' id='block_1_32' title="bbox 357 1782 1940 1867">
    <p class='ocr_par' dir='ltr' id='par_1_32' title="bbox 357 1782 1940 1857">
     <span class='ocr_line' id='line_1_33' title="bbox 357 1782 1940 1857; baseline -0.006 -15"><span class='ocrx_word' id='word_1_190' title='bbox 357 1790 426 1842; x_wconf 86' lang='lat' dir='ltr'><strong>ad</strong></span> <span class='ocrx_word' id='word_1_191' title='bbox 493 1788 938 1843; x_wconf 87' lang='lat' dir='ltr'><strong>ratiocinandum</strong></span> <span class='ocrx_word' id='word_1_192' title='bbox 999 1796 1182 1857; x_wconf 86' lang='lat' dir='ltr'><strong>aptus,</strong></span> <span class='ocrx_word' id='word_1_193' title='bbox 1227 1795 1285 1839; x_wconf 92' lang='lat' dir='ltr'><strong>ut</strong></span> <span class='ocrx_word' id='word_1_194' title='bbox 1336 1799 1447 1839; x_wconf 90' lang='lat' dir='ltr'><strong>non</strong></span> <span class='ocrx_word' id='word_1_195' title='bbox 1488 1783 1654 1838; x_wconf 80' lang='lat' dir='ltr'><strong>facile</strong></span> <span class='ocrx_word' id='word_1_196' title='bbox 1719 1782 1849 1835; x_wconf 90' lang='lat' dir='ltr'><strong>hinc</strong></span> <span class='ocrx_word' id='word_1_197' title='bbox 1894 1787 1940 1834; x_wconf 91' lang='lat' dir='ltr'><strong>et</strong></span> 
     </span>
    </p>
   </div>
   <div class='ocr_carea' id='block_1_33' title="bbox 2048 1782 3634 1867">
    <p class='ocr_par' dir='ltr' id='par_1_33' title="bbox 2055 1787 3634 1867">
     <span class='ocr_line' id='line_1_34' title="bbox 2055 1787 3634 1867; baseline -0.007 -15"><span class='ocrx_word' id='word_1_198' title='bbox 2055 1796 2352 1867; x_wconf 72' lang='grc' dir='ltr'>εὕστροφος</span> <span class='ocrx_word' id='word_1_199' title='bbox 2400 1797 2494 1851; x_wconf 76' lang='grc' dir='ltr'><strong>καὶ</strong></span> <span class='ocrx_word' id='word_1_200' title='bbox 2528 1795 2657 1867; x_wconf 74' lang='grc' dir='ltr'>περὶ</span> <span class='ocrx_word' id='word_1_201' title='bbox 2688 1795 2780 1848; x_wconf 86' lang='grc' dir='ltr'><strong>τὸν</strong></span> <span class='ocrx_word' id='word_1_202' title='bbox 2831 1793 2987 1861; x_wconf 88' lang='grc' dir='ltr'>λόγον</span> <span class='ocrx_word' id='word_1_203' title='bbox 3043 1790 3384 1861; x_wconf 82' lang='grc' dir='ltr'>εὐάρμοστος</span> <span class='ocrx_word' id='word_1_204' title='bbox 3431 1788 3527 1841; x_wconf 78' lang='grc' dir='ltr'><strong>τοῦ</strong></span> <span class='ocrx_word' id='word_1_205' title='bbox 3555 1787 3634 1859; x_wconf 73' lang='grc' dir='ltr'>μὴ</span> 
     </span>
    </p>
   </div>
   <div class='ocr_carea' id='block_1_34' title="bbox 356 1874 1944 1948">
    <p class='ocr_par' dir='ltr' id='par_1_34' title="bbox 356 1874 1944 1948">
     <span class='ocr_line' id='line_1_35' title="bbox 356 1874 1944 1948; baseline -0.003 -17"><span class='ocrx_word' id='word_1_206' title='bbox 356 1874 485 1933; x_wconf 79' lang='lat' dir='ltr'><strong>inde</strong></span> <span class='ocrx_word' id='word_1_207' title='bbox 534 1877 957 1933; x_wconf 90' lang='lat' dir='ltr'><strong>circumferatur</strong></span> <span class='ocrx_word' id='word_1_208' title='bbox 1012 1895 1110 1948; x_wconf 90' lang='lat' dir='ltr'><strong>per</strong></span> <span class='ocrx_word' id='word_1_209' title='bbox 1148 1876 1498 1931; x_wconf 89' lang='lat' dir='ltr'><strong>falsariorum</strong></span> <span class='ocrx_word' id='word_1_210' title='bbox 1553 1876 1857 1944; x_wconf 87' lang='lat' dir='ltr'><strong>scripturas</strong></span> <span class='ocrx_word' id='word_1_211' title='bbox 1889 1881 1944 1928; x_wconf 91' lang='lat' dir='ltr'><strong>et</strong></span> 
     </span>
    </p>
   </div>
   <div class='ocr_carea' id='block_1_35' title="bbox 358 1966 1944 2039">
    <p class='ocr_par' dir='ltr' id='par_1_35' title="bbox 358 1966 1944 2039">
     <span class='ocr_line' id='line_1_36' title="bbox 358 1966 1944 2039; baseline -0.003 -15"><span class='ocrx_word' id='word_1_212' title='bbox 358 1979 665 2025; x_wconf 87' lang='lat' dir='ltr'><strong>astutorum</strong></span> <span class='ocrx_word' id='word_1_213' title='bbox 700 1979 1058 2039; x_wconf 85' lang='lat' dir='ltr'><strong>argumenta;</strong></span> <span class='ocrx_word' id='word_1_214' title='bbox 1087 1969 1163 2022; x_wconf 92' lang='lat' dir='ltr'><strong>ita</strong></span> <span class='ocrx_word' id='word_1_215' title='bbox 1206 1975 1263 2021; x_wconf 92' lang='lat' dir='ltr'><strong>ut</strong></span> <span class='ocrx_word' id='word_1_216' title='bbox 1297 1968 1343 2024; x_wconf 92' lang='lat' dir='ltr'><strong>si</strong></span> <span class='ocrx_word' id='word_1_217' title='bbox 1378 1967 1501 2037; x_wconf 90' lang='lat' dir='ltr'><strong>quis</strong></span> <span class='ocrx_word' id='word_1_218' title='bbox 1534 1966 1772 2020; x_wconf 74' lang='lat' dir='ltr'><strong>fortasse</strong></span> <span class='ocrx_word' id='word_1_219' title='bbox 1814 1966 1944 2019; x_wconf 83' lang='lat' dir='ltr'><strong>talia</strong></span> 
     </span>
    </p>
   </div>
   <div class='ocr_carea' id='block_1_36' title="bbox 356 2056 1945 2133">
    <p class='ocr_par' dir='ltr' id='par_1_36' title="bbox 356 2056 1945 2133">
     <span class='ocr_line' id='line_1_37' title="bbox 356 2056 1945 2133; baseline -0.006 -16"><span class='ocrx_word' id='word_1_220' title='bbox 356 2073 513 2117; x_wconf 79' lang='lat' dir='ltr'><strong>extra</strong></span> <span class='ocrx_word' id='word_1_221' title='bbox 573 2062 744 2133; x_wconf 82' lang='lat' dir='ltr'><strong>legem</strong></span> <span class='ocrx_word' id='word_1_222' title='bbox 778 2070 835 2117; x_wconf 89' lang='lat' dir='ltr'><strong>et</strong></span> <span class='ocrx_word' id='word_1_223' title='bbox 868 2061 1270 2116; x_wconf 82' lang='lat' dir='ltr'><strong>conventiones</strong></span> <span class='ocrx_word' id='word_1_224' title='bbox 1318 2068 1371 2114; x_wconf 88' lang='lat' dir='ltr'><strong>et</strong></span> <span class='ocrx_word' id='word_1_225' title='bbox 1419 2072 1540 2128; x_wconf 62' lang='lat' dir='ltr'><strong>quat</strong></span> <span class='ocrx_word' id='word_1_226' title='bbox 1580 2056 1749 2112; x_wconf 90' lang='lat' dir='ltr'><strong>scribi</strong></span> <span class='ocrx_word' id='word_1_227' title='bbox 1784 2069 1945 2108; x_wconf 87' lang='lat' dir='ltr'><strong>man-</strong></span> 
     </span>
    </p>
   </div>
   <div class='ocr_carea' id='block_1_37' title="bbox 357 2147 1946 2218">
    <p class='ocr_par' dir='ltr' id='par_1_37' title="bbox 357 2147 1946 2218">
     <span class='ocr_line' id='line_1_38' title="bbox 357 2147 1946 2218; baseline -0.004 -9"><span class='ocrx_word' id='word_1_228' title='bbox 357 2152 484 2209; x_wconf 86' lang='lat' dir='ltr'><strong>data</strong></span> <span class='ocrx_word' id='word_1_229' title='bbox 531 2154 735 2209; x_wconf 83' lang='lat' dir='ltr'><strong>fuerint</strong></span> <span class='ocrx_word' id='word_1_230' title='bbox 768 2155 1079 2208; x_wconf 87' lang='lat' dir='ltr'><strong>inveniatur</strong></span> <span class='ocrx_word' id='word_1_231' title='bbox 1109 2152 1457 2217; x_wconf 87' lang='lat' dir='ltr'><strong>machinans,</strong></span> <span class='ocrx_word' id='word_1_232' title='bbox 1492 2164 1618 2204; x_wconf 90' lang='lat' dir='ltr'><strong>cum</strong></span> <span class='ocrx_word' id='word_1_233' title='bbox 1670 2147 1946 2218; x_wconf 86' lang='lat' dir='ltr'><strong>probitate</strong></span> 
     </span>
    </p>
   </div>
   <div class='ocr_carea' id='block_1_38' title="bbox 360 2243 1338 2299">
    <p class='ocr_par' dir='ltr' id='par_1_38' title="bbox 360 2243 1338 2299">
     <span class='ocr_line' id='line_1_39' title="bbox 360 2243 1338 2299; baseline -0.002 -3"><span class='ocrx_word' id='word_1_234' title='bbox 360 2253 616 2299; x_wconf 83' lang='lat' dir='ltr'><strong>acturum</strong></span> <span class='ocrx_word' id='word_1_235' title='bbox 651 2244 800 2298; x_wconf 88' lang='lat' dir='ltr'><strong>hunc</strong></span> <span class='ocrx_word' id='word_1_236' title='bbox 826 2244 914 2299; x_wconf 84' lang='lat' dir='ltr'><strong>isti</strong></span> <span class='ocrx_word' id='word_1_237' title='bbox 948 2243 1338 2299; x_wconf 85' lang='lat' dir='ltr'><strong>testiiicentur.</strong></span> 
     </span>
    </p>
   </div>
   <div class='ocr_carea' id='block_1_39' title="bbox 438 2418 1944 2490">
    <p class='ocr_par' dir='ltr' id='par_1_39' title="bbox 438 2418 1944 2490">
     <span class='ocr_line' id='line_1_40' title="bbox 438 2418 1944 2490; baseline -0.001 -17"><span class='ocrx_word' id='word_1_238' title='bbox 438 2418 504 2473; x_wconf 82' lang='lat' dir='ltr'><strong>In</strong></span> <span class='ocrx_word' id='word_1_239' title='bbox 560 2421 619 2473; x_wconf 73' lang='lat'><strong>2°</strong></span> <span class='ocrx_word' id='word_1_240' title='bbox 648 2421 835 2490; x_wconf 85' lang='lat' dir='ltr'><strong>Capitc</strong></span> <span class='ocrx_word' id='word_1_241' title='bbox 874 2420 1050 2473; x_wconf 87' lang='lat' dir='ltr'><strong>dicit:</strong></span> <span class='ocrx_word' id='word_1_242' title='bbox 1080 2418 1185 2485; x_wconf 88' lang='lat' dir='ltr'><strong>Qui</strong></span> <span class='ocrx_word' id='word_1_243' title='bbox 1226 2418 1608 2474; x_wconf 87' lang='lat' dir='ltr'><strong>admittendus</strong></span> <span class='ocrx_word' id='word_1_244' title='bbox 1641 2428 1727 2475; x_wconf 83' lang='lat' dir='ltr'><strong>est</strong></span> <span class='ocrx_word' id='word_1_245' title='bbox 1782 2419 1944 2475; x_wconf 88' lang='lat' dir='ltr'><strong>debet</strong></span> 
     </span>
    </p>
   </div>
   <div class='ocr_carea' id='block_1_40' title="bbox 358 2510 1945 2582">
    <p class='ocr_par' dir='ltr' id='par_1_40' title="bbox 358 2510 1945 2582">
     <span class='ocr_line' id='line_1_41' title="bbox 358 2510 1945 2582; baseline -0.001 -16"><span class='ocrx_word' id='word_1_246' title='bbox 358 2513 427 2567; x_wconf 84' lang='lat' dir='ltr'><strong>ad</strong></span> <span class='ocrx_word' id='word_1_247' title='bbox 496 2528 720 2566; x_wconf 85' lang='lat' dir='ltr'><strong>manum</strong></span> <span class='ocrx_word' id='word_1_248' title='bbox 755 2514 958 2566; x_wconf 88' lang='lat' dir='ltr'><strong>habere</strong></span> <span class='ocrx_word' id='word_1_249' title='bbox 991 2510 1061 2565; x_wconf 69' lang='lat'><strong>40</strong></span> <span class='ocrx_word' id='word_1_250' title='bbox 1090 2511 1280 2566; x_wconf 87' lang='lat' dir='ltr'><strong>titulos</strong></span> <span class='ocrx_word' id='word_1_251' title='bbox 1313 2511 1605 2567; x_wconf 89' lang='lat' dir='ltr'><strong>enchiridii</strong></span> <span class='ocrx_word' id='word_1_252' title='bbox 1641 2512 1844 2582; x_wconf 87' lang='lat' dir='ltr'><strong>legum,</strong></span> <span class='ocrx_word' id='word_1_253' title='bbox 1890 2520 1945 2565; x_wconf 89' lang='lat' dir='ltr'><strong>et</strong></span> 
     </span>
    </p>
   </div>
   <div class='ocr_carea' id='block_1_41' title="bbox 359 2598 1941 2672">
    <p class='ocr_par' dir='ltr' id='par_1_41' title="bbox 359 2598 1941 2672">
     <span class='ocr_line' id='line_1_42' title="bbox 359 2598 1941 2672; baseline 0 -15"><span class='ocrx_word' id='word_1_254' title='bbox 359 2598 430 2657; x_wconf 84' lang='lat'><strong>60</strong></span> <span class='ocrx_word' id='word_1_255' title='bbox 462 2604 722 2657; x_wconf 89' lang='lat' dir='ltr'><strong>librorum</strong></span> <span class='ocrx_word' id='word_1_256' title='bbox 764 2602 1158 2672; x_wconf 82' lang='lat' dir='ltr'><strong>cognitionem,</strong></span> <span class='ocrx_word' id='word_1_257' title='bbox 1192 2604 1481 2659; x_wconf 83' lang='lat' dir='ltr'><strong>universas</strong></span> <span class='ocrx_word' id='word_1_258' title='bbox 1548 2604 1828 2663; x_wconf 80' lang='lat' dir='ltr'><strong>doctrinas</strong></span> <span class='ocrx_word' id='word_1_259' title='bbox 1863 2603 1941 2657; x_wconf 88' lang='lat' dir='ltr'><strong>di-</strong></span> 
     </span>
    </p>
   </div>
   <div class='ocr_carea' id='block_1_42' title="bbox 359 2693 1941 2767">
    <p class='ocr_par' dir='ltr' id='par_1_42' title="bbox 359 2693 1941 2767">
     <span class='ocr_line' id='line_1_43' title="bbox 359 2693 1941 2767; baseline 0.002 -19"><span class='ocrx_word' id='word_1_260' title='bbox 359 2695 581 2759; x_wconf 76' lang='lat' dir='ltr'><strong>dicisse,</strong></span> <span class='ocrx_word' id='word_1_261' title='bbox 631 2711 698 2751; x_wconf 86' lang='lat' dir='ltr'><strong>ne</strong></span> <span class='ocrx_word' id='word_1_262' title='bbox 731 2694 984 2750; x_wconf 88' lang='lat' dir='ltr'><strong>mendam</strong></span> <span class='ocrx_word' id='word_1_263' title='bbox 1022 2693 1271 2750; x_wconf 84' lang='lat' dir='ltr'><strong>admittat</strong></span> <span class='ocrx_word' id='word_1_264' title='bbox 1315 2696 1369 2750; x_wconf 91' lang='lat' dir='ltr'><strong>in</strong></span> <span class='ocrx_word' id='word_1_265' title='bbox 1411 2698 1724 2767; x_wconf 87' lang='lat' dir='ltr'><strong>scripturis,</strong></span> <span class='ocrx_word' id='word_1_266' title='bbox 1757 2705 1849 2751; x_wconf 89' lang='lat' dir='ltr'><strong>aut</strong></span> <span class='ocrx_word' id='word_1_267' title='bbox 1888 2698 1941 2751; x_wconf 90' lang='lat' dir='ltr'><strong>in</strong></span> 
     </span>
    </p>
   </div>
   <div class='ocr_carea' id='block_1_43' title="bbox 357 2776 1943 2856">
    <p class='ocr_par' dir='ltr' id='par_1_43' title="bbox 357 2776 1943 2856">
     <span class='ocr_line' id='line_1_44' title="bbox 357 2776 1943 2856; baseline 0.003 -20"><span class='ocrx_word' id='word_1_268' title='bbox 357 2776 586 2839; x_wconf 46' lang='lat' dir='ltr'><strong>vocibus</strong></span> <span class='ocrx_word' id='word_1_269' title='bbox 605 2784 1095 2854; x_wconf 75' lang='lat' dir='ltr'><strong>:equivocationem</strong></span> <span class='ocrx_word' id='word_1_270' title='bbox 1125 2788 1365 2856; x_wconf 89' lang='lat' dir='ltr'><strong>patiatur</strong></span> <span class='ocrx_word' id='word_1_271' title='bbox 1384 2788 1585 2843; x_wconf 88' lang='lat' dir='ltr'><strong>habere</strong></span> <span class='ocrx_word' id='word_1_272' title='bbox 1608 2788 1771 2843; x_wconf 90' lang='lat' dir='ltr'><strong>etiam</strong></span> <span class='ocrx_word' id='word_1_273' title='bbox 1805 2796 1943 2841; x_wconf 89' lang='lat' dir='ltr'><strong>tem-</strong></span> 
     </span>
    </p>
   </div>
   <div class='ocr_carea' id='block_1_44' title="bbox 360 2876 1941 2945">
    <p class='ocr_par' dir='ltr' id='par_1_44' title="bbox 360 2876 1941 2945">
     <span class='ocr_line' id='line_1_45' title="bbox 360 2876 1941 2945; baseline 0.003 -18"><span class='ocrx_word' id='word_1_274' title='bbox 360 2892 462 2945; x_wconf 87' lang='lat' dir='ltr'><strong>pus</strong></span> <span class='ocrx_word' id='word_1_275' title='bbox 480 2876 862 2944; x_wconf 85' lang='lat' dir='ltr'><strong>plenissimum</strong></span> <span class='ocrx_word' id='word_1_276' title='bbox 892 2878 1112 2931; x_wconf 89' lang='lat' dir='ltr'><strong>utelare</strong></span> <span class='ocrx_word' id='word_1_277' title='bbox 1141 2879 1510 2941; x_wconf 85' lang='lat' dir='ltr'><strong>examinetur,</strong></span> <span class='ocrx_word' id='word_1_278' title='bbox 1542 2886 1726 2932; x_wconf 89' lang='lat' dir='ltr'><strong>mente</strong></span> <span class='ocrx_word' id='word_1_279' title='bbox 1744 2888 1797 2933; x_wconf 91' lang='lat' dir='ltr'><strong>et</strong></span> <span class='ocrx_word' id='word_1_280' title='bbox 1816 2894 1941 2933; x_wconf 87' lang='lat' dir='ltr'><strong>cor-</strong></span> 
     </span>
    </p>
   </div>
   <div class='ocr_carea' id='block_1_45' title="bbox 359 2966 1939 3038">
    <p class='ocr_par' dir='ltr' id='par_1_45' title="bbox 359 2966 1939 3038">
     <span class='ocr_line' id='line_1_46' title="bbox 359 2966 1939 3038; baseline 0.004 -20"><span class='ocrx_word' id='word_1_281' title='bbox 359 2982 511 3032; x_wconf 83' lang='lat' dir='ltr'><strong>pore.</strong></span> <span class='ocrx_word' id='word_1_282' title='bbox 563 2966 756 3021; x_wconf 78' lang='lat' dir='ltr'><strong>Manus</strong></span> <span class='ocrx_word' id='word_1_283' title='bbox 796 2983 926 3022; x_wconf 79' lang='lat' dir='ltr'><strong>vero</strong></span> <span class='ocrx_word' id='word_1_284' title='bbox 959 2969 1245 3038; x_wconf 67' lang='lat' dir='ltr'><strong>scripturae</strong></span> <span class='ocrx_word' id='word_1_285' title='bbox 1277 2970 1564 3024; x_wconf 86' lang='lat' dir='ltr'><strong>incumbat</strong></span> <span class='ocrx_word' id='word_1_286' title='bbox 1596 2970 1650 3024; x_wconf 90' lang='lat' dir='ltr'><strong>iu</strong></span> <span class='ocrx_word' id='word_1_287' title='bbox 1677 2973 1939 3037; x_wconf 87' lang='lat' dir='ltr'><strong>concilio,</strong></span> 
     </span>
    </p>
   </div>
   <div class='ocr_carea' id='block_1_46' title="bbox 358 3058 1939 3132">
    <p class='ocr_par' dir='ltr' id='par_1_46' title="bbox 358 3058 1939 3132">
     <span class='ocr_line' id='line_1_47' title="bbox 358 3058 1939 3132; baseline 0.006 -23"><span class='ocrx_word' id='word_1_288' title='bbox 358 3072 538 3125; x_wconf 84' lang='lat' dir='ltr'><strong>neque</strong></span> <span class='ocrx_word' id='word_1_289' title='bbox 567 3072 632 3111; x_wconf 75' lang='lat' dir='ltr'><strong>ex</strong></span> <span class='ocrx_word' id='word_1_290' title='bbox 659 3058 959 3126; x_wconf 84' lang='lat' dir='ltr'><strong>improviso</strong></span> <span class='ocrx_word' id='word_1_291' title='bbox 992 3068 1287 3125; x_wconf 82' lang='lat' dir='ltr'><strong>exerceat;</strong></span> <span class='ocrx_word' id='word_1_292' title='bbox 1322 3061 1367 3115; x_wconf 88' lang='lat' dir='ltr'><strong>si</strong></span> <span class='ocrx_word' id='word_1_293' title='bbox 1403 3076 1533 3116; x_wconf 82' lang='lat' dir='ltr'><strong>vero</strong></span> <span class='ocrx_word' id='word_1_294' title='bbox 1558 3061 1939 3132; x_wconf 86' lang='lat' dir='ltr'><strong>deprehenda-</strong></span> 
     </span>
    </p>
   </div>
   <div class='ocr_carea' id='block_1_47' title="bbox 358 3147 1019 3215">
    <p class='ocr_par' dir='ltr' id='par_1_47' title="bbox 358 3147 1019 3215">
     <span class='ocr_line' id='line_1_48' title="bbox 358 3147 1019 3215; baseline 0.006 -17"><span class='ocrx_word' id='word_1_295' title='bbox 358 3154 471 3211; x_wconf 92' lang='lat' dir='ltr'><strong>tur,</strong></span> <span class='ocrx_word' id='word_1_296' title='bbox 505 3162 534 3200; x_wconf 89' lang='lat' dir='ltr'><strong>a</strong></span> <span class='ocrx_word' id='word_1_297' title='bbox 572 3147 745 3215; x_wconf 88' lang='lat' dir='ltr'><strong>gradu</strong></span> <span class='ocrx_word' id='word_1_298' title='bbox 780 3148 1019 3203; x_wconf 87' lang='lat' dir='ltr'><strong>decidat.</strong></span> 
     </span>
    </p>
   </div>
   <div class='ocr_carea' id='block_1_48' title="bbox 430 3338 1936 3413">
    <p class='ocr_par' dir='ltr' id='par_1_48' title="bbox 430 3338 1936 3413">
     <span class='ocr_line' id='line_1_49' title="bbox 430 3338 1936 3413; baseline 0.004 -20"><span class='ocrx_word' id='word_1_299' title='bbox 430 3338 581 3395; x_wconf 69' lang='lat'><strong>1:139</strong></span> <span class='ocrx_word' id='word_1_300' title='bbox 616 3344 783 3408; x_wconf 80' lang='lat' dir='ltr'><strong>capite</strong></span> <span class='ocrx_word' id='word_1_301' title='bbox 842 3342 970 3396; x_wconf 85' lang='lat' dir='ltr'><strong>dicit</strong></span> <span class='ocrx_word' id='word_1_302' title='bbox 1025 3359 1043 3396; x_wconf 90' lang='lat'><strong><em>:</em></strong></span> <span class='ocrx_word' id='word_1_303' title='bbox 1071 3342 1301 3413; x_wconf 85' lang='lat' dir='ltr'><strong>Oportet</strong></span> <span class='ocrx_word' id='word_1_304' title='bbox 1342 3346 1555 3399; x_wconf 88' lang='lat' dir='ltr'><strong>admitti</strong></span> <span class='ocrx_word' id='word_1_305' title='bbox 1616 3345 1768 3400; x_wconf 93' lang='lat' dir='ltr'><strong>illum</strong></span> <span class='ocrx_word' id='word_1_306' title='bbox 1822 3348 1936 3401; x_wconf 88' lang='lat' dir='ltr'><strong>sic:</strong></span> 
     </span>
    </p>
   </div>
   <div class='ocr_carea' id='block_1_49' title="bbox 354 3430 1940 3510">
    <p class='ocr_par' dir='ltr' id='par_1_49' title="bbox 354 3430 1940 3510">
     <span class='ocr_line' id='line_1_50' title="bbox 354 3430 1940 3510; baseline 0.005 -24"><span class='ocrx_word' id='word_1_307' title='bbox 354 3430 484 3488; x_wconf 80' lang='lat' dir='ltr'><strong>Post</strong></span> <span class='ocrx_word' id='word_1_308' title='bbox 534 3436 977 3490; x_wconf 83' lang='lat' dir='ltr'><strong>testiticationem</strong></span> <span class='ocrx_word' id='word_1_309' title='bbox 1027 3446 1081 3492; x_wconf 92' lang='lat' dir='ltr'><strong>et</strong></span> <span class='ocrx_word' id='word_1_310' title='bbox 1137 3437 1575 3505; x_wconf 87' lang='lat' dir='ltr'><strong>inquisitionem,</strong></span> <span class='ocrx_word' id='word_1_311' title='bbox 1614 3451 1940 3510; x_wconf 84' lang='lat' dir='ltr'><strong>praesentem</strong></span> 
     </span>
    </p>
   </div>
   <div class='ocr_carea' id='block_1_50' title="bbox 312 3524 1941 3603">
    <p class='ocr_par' dir='ltr' id='par_1_50' title="bbox 312 3524 1941 3603">
     <span class='ocr_line' id='line_1_51' title="bbox 312 3524 1941 3603; baseline 0.003 -26"><span class='ocrx_word' id='word_1_312' title='bbox 312 3602 315 3603; x_wconf 13' lang='grc' dir='ltr'><em>ν</em></span> <span class='ocrx_word' id='word_1_313' title='bbox 354 3524 634 3580; x_wconf 66' lang='grc' dir='ltr'>ίίετὶοοιιιιι</span> <span class='ocrx_word' id='word_1_314' title='bbox 697 3526 940 3580; x_wconf 88' lang='lat' dir='ltr'><strong>concilio</strong></span> <span class='ocrx_word' id='word_1_315' title='bbox 970 3526 1369 3581; x_wconf 88' lang='lat' dir='ltr'><strong>tabu&#39;ariorum</strong></span> <span class='ocrx_word' id='word_1_316' title='bbox 1411 3537 1467 3582; x_wconf 92' lang='lat' dir='ltr'><strong>et</strong></span> <span class='ocrx_word' id='word_1_317' title='bbox 1493 3529 1812 3597; x_wconf 88' lang='lat' dir='ltr'><strong>primicerio</strong></span> <span class='ocrx_word' id='word_1_318' title='bbox 1842 3544 1941 3582; x_wconf 89' lang='lat' dir='ltr'><strong>co-</strong></span> 
     </span>
    </p>
   </div>
   <div class='ocr_carea' id='block_1_51' title="bbox 353 3618 1938 3690">
    <p class='ocr_par' dir='ltr' id='par_1_51' title="bbox 353 3618 1938 3690">
     <span class='ocr_line' id='line_1_52' title="bbox 353 3618 1938 3690; baseline 0.003 -19"><span class='ocrx_word' id='word_1_319' title='bbox 353 3632 473 3671; x_wconf 84' lang='lat' dir='ltr'><strong>ram</strong></span> <span class='ocrx_word' id='word_1_320' title='bbox 518 3618 902 3673; x_wconf 90' lang='lat' dir='ltr'><strong>illustrissimo</strong></span> <span class='ocrx_word' id='word_1_321' title='bbox 956 3620 1112 3674; x_wconf 86' lang='lat' dir='ltr'><strong>urbis</strong></span> <span class='ocrx_word' id='word_1_322' title='bbox 1168 3621 1450 3689; x_wconf 77' lang='lat' dir='ltr'><strong>przefceto,</strong></span> <span class='ocrx_word' id='word_1_323' title='bbox 1505 3629 1626 3690; x_wconf 85' lang='lat' dir='ltr'><strong>toga</strong></span> <span class='ocrx_word' id='word_1_324' title='bbox 1664 3621 1938 3687; x_wconf 89' lang='lat' dir='ltr'><strong>indutum,</strong></span> 
     </span>
    </p>
   </div>
   <div class='ocr_carea' id='block_1_52' title="bbox 353 3708 1936 3779">
    <p class='ocr_par' dir='ltr' id='par_1_52' title="bbox 353 3708 1936 3779">
     <span class='ocr_line' id='line_1_53' title="bbox 353 3708 1936 3779; baseline 0.003 -17"><span class='ocrx_word' id='word_1_325' title='bbox 353 3708 481 3763; x_wconf 87' lang='lat' dir='ltr'><strong>istis</strong></span> <span class='ocrx_word' id='word_1_326' title='bbox 502 3708 823 3775; x_wconf 78' lang='lat' dir='ltr'><strong>iurantibus</strong></span> <span class='ocrx_word' id='word_1_327' title='bbox 851 3726 947 3779; x_wconf 92' lang='lat' dir='ltr'><strong>per</strong></span> <span class='ocrx_word' id='word_1_328' title='bbox 991 3711 1162 3766; x_wconf 89' lang='lat' dir='ltr'><strong>Deum</strong></span> <span class='ocrx_word' id='word_1_329' title='bbox 1192 3723 1245 3766; x_wconf 89' lang='lat' dir='ltr'><strong>et</strong></span> <span class='ocrx_word' id='word_1_330' title='bbox 1276 3713 1671 3779; x_wconf 80' lang='lat' dir='ltr'><strong>imperatorum</strong></span> <span class='ocrx_word' id='word_1_331' title='bbox 1699 3714 1936 3768; x_wconf 86' lang='lat' dir='ltr'><strong>salutem</strong></span> 
     </span>
    </p>
   </div>
   <div class='ocr_carea' id='block_1_53' title="bbox 355 3799 1946 3873">
    <p class='ocr_par' dir='ltr' id='par_1_53' title="bbox 355 3799 1946 3873">
     <span class='ocr_line' id='line_1_54' title="bbox 355 3799 1946 3873; baseline 0.001 -20"><span class='ocrx_word' id='word_1_332' title='bbox 355 3814 418 3853; x_wconf 86' lang='lat' dir='ltr'><strong>sc</strong></span> <span class='ocrx_word' id='word_1_333' title='bbox 475 3814 587 3851; x_wconf 91' lang='lat' dir='ltr'><strong>non</strong></span> <span class='ocrx_word' id='word_1_334' title='bbox 623 3799 695 3853; x_wconf 87' lang='lat' dir='ltr'><strong>ob</strong></span> <span class='ocrx_word' id='word_1_335' title='bbox 724 3800 889 3853; x_wconf 86' lang='lat' dir='ltr'><strong>ullam</strong></span> <span class='ocrx_word' id='word_1_336' title='bbox 924 3802 1154 3870; x_wconf 82' lang='lat' dir='ltr'><strong>gratiam</strong></span> <span class='ocrx_word' id='word_1_337' title='bbox 1208 3811 1301 3855; x_wconf 88' lang='lat' dir='ltr'><strong>aut</strong></span> <span class='ocrx_word' id='word_1_338' title='bbox 1330 3801 1687 3857; x_wconf 82' lang='lat' dir='ltr'><strong>favoremaut</strong></span> <span class='ocrx_word' id='word_1_339' title='bbox 1718 3804 1946 3873; x_wconf 91' lang='lat' dir='ltr'><strong>propin-</strong></span> 
     </span>
    </p>
   </div>
   <div class='ocr_carea' id='block_1_54' title="bbox 354 3892 1943 3965">
    <p class='ocr_par' dir='ltr' id='par_1_54' title="bbox 354 3892 1943 3965">
     <span class='ocr_line' id='line_1_55' title="bbox 354 3892 1943 3965; baseline 0.004 -23"><span class='ocrx_word' id='word_1_340' title='bbox 354 3892 622 3960; x_wconf 71' lang='lat' dir='ltr'><strong>quitatem</strong></span> <span class='ocrx_word' id='word_1_341' title='bbox 679 3901 774 3946; x_wconf 86' lang='lat' dir='ltr'><strong>aut</strong></span> <span class='ocrx_word' id='word_1_342' title='bbox 834 3895 1133 3947; x_wconf 87' lang='lat' dir='ltr'><strong>amicitiam</strong></span> <span class='ocrx_word' id='word_1_343' title='bbox 1177 3895 1323 3949; x_wconf 90' lang='lat' dir='ltr'><strong>hunc</strong></span> <span class='ocrx_word' id='word_1_344' title='bbox 1356 3896 1422 3948; x_wconf 91' lang='lat' dir='ltr'><strong>ad</strong></span> <span class='ocrx_word' id='word_1_345' title='bbox 1456 3895 1685 3964; x_wconf 87' lang='lat' dir='ltr'><strong>gradum</strong></span> <span class='ocrx_word' id='word_1_346' title='bbox 1719 3910 1943 3965; x_wconf 89' lang='lat' dir='ltr'><strong>promo—</strong></span> 
     </span>
    </p>
   </div>
   <div class='ocr_carea' id='block_1_55' title="bbox 352 3984 1940 4056">
    <p class='ocr_par' dir='ltr' id='par_1_55' title="bbox 352 3984 1940 4056">
     <span class='ocr_line' id='line_1_56' title="bbox 352 3984 1940 4056; baseline 0.003 -21"><span class='ocrx_word' id='word_1_347' title='bbox 352 3998 509 4049; x_wconf 69' lang='lat' dir='ltr'><strong>vere,</strong></span> <span class='ocrx_word' id='word_1_348' title='bbox 531 3984 626 4039; x_wconf 90' lang='lat' dir='ltr'><strong>sed</strong></span> <span class='ocrx_word' id='word_1_349' title='bbox 660 3986 731 4039; x_wconf 84' lang='lat' dir='ltr'><strong>ob</strong></span> <span class='ocrx_word' id='word_1_350' title='bbox 782 3985 1062 4046; x_wconf 83' lang='lat' dir='ltr'><strong>virtutem,</strong></span> <span class='ocrx_word' id='word_1_351' title='bbox 1119 3986 1407 4039; x_wconf 79' lang='lat' dir='ltr'><strong>scientiam</strong></span> <span class='ocrx_word' id='word_1_352' title='bbox 1466 3994 1520 4040; x_wconf 89' lang='lat' dir='ltr'><strong>et</strong></span> <span class='ocrx_word' id='word_1_353' title='bbox 1570 3988 1940 4056; x_wconf 83' lang='lat' dir='ltr'><strong>prudentiam,</strong></span> 
     </span>
    </p>
   </div>
   <div class='ocr_carea' id='block_1_56' title="bbox 346 4076 1945 4148">
    <p class='ocr_par' dir='ltr' id='par_1_56' title="bbox 346 4076 1945 4148">
     <span class='ocr_line' id='line_1_57' title="bbox 346 4076 1945 4148; baseline 0 -17"><span class='ocrx_word' id='word_1_354' title='bbox 346 4076 572 4147; x_wconf 75' lang='lat' dir='ltr'><strong>ethunc</strong></span> <span class='ocrx_word' id='word_1_355' title='bbox 594 4087 780 4144; x_wconf 89' lang='lat' dir='ltr'><strong>aptum</strong></span> <span class='ocrx_word' id='word_1_356' title='bbox 812 4093 933 4133; x_wconf 89' lang='lat' dir='ltr'><strong>esse</strong></span> <span class='ocrx_word' id='word_1_357' title='bbox 968 4079 1021 4131; x_wconf 89' lang='lat' dir='ltr'><strong>in</strong></span> <span class='ocrx_word' id='word_1_358' title='bbox 1057 4079 1346 4143; x_wconf 85' lang='lat' dir='ltr'><strong>omnibus;</strong></span> <span class='ocrx_word' id='word_1_359' title='bbox 1382 4089 1436 4132; x_wconf 91' lang='lat' dir='ltr'><strong>et</strong></span> <span class='ocrx_word' id='word_1_360' title='bbox 1487 4088 1613 4148; x_wconf 87' lang='lat' dir='ltr'><strong>post</strong></span> <span class='ocrx_word' id='word_1_361' title='bbox 1658 4078 1945 4147; x_wconf 72' lang='lat' dir='ltr'><strong>iuramen-</strong></span> 
     </span>
    </p>
   </div>
   <div class='ocr_carea' id='block_1_57' title="bbox 352 4167 1945 4239">
    <p class='ocr_par' dir='ltr' id='par_1_57' title="bbox 352 4167 1945 4239">
     <span class='ocr_line' id='line_1_58' title="bbox 352 4167 1945 4239; baseline 0.004 -21"><span class='ocrx_word' id='word_1_362' title='bbox 352 4177 537 4219; x_wconf 86' lang='lat' dir='ltr'><strong>torum</strong></span> <span class='ocrx_word' id='word_1_363' title='bbox 588 4167 1006 4223; x_wconf 83' lang='lat' dir='ltr'><strong>aﬂirmationem</strong></span> <span class='ocrx_word' id='word_1_364' title='bbox 1045 4170 1228 4238; x_wconf 79' lang='lat' dir='ltr'><strong>sigillo</strong></span> <span class='ocrx_word' id='word_1_365' title='bbox 1266 4170 1411 4223; x_wconf 82' lang='lat' dir='ltr'><strong>hunc</strong></span> <span class='ocrx_word' id='word_1_366' title='bbox 1442 4169 1663 4223; x_wconf 88' lang='lat' dir='ltr'><strong>admitti</strong></span> <span class='ocrx_word' id='word_1_367' title='bbox 1702 4170 1756 4223; x_wconf 90' lang='lat' dir='ltr'><strong>in</strong></span> <span class='ocrx_word' id='word_1_368' title='bbox 1802 4185 1945 4239; x_wconf 72' lang='lat' dir='ltr'><strong>prte-</strong></span> 
     </span>
    </p>
   </div>
   <div class='ocr_carea' id='block_1_58' title="bbox 350 4257 1939 4328">
    <p class='ocr_par' dir='ltr' id='par_1_58' title="bbox 350 4257 1939 4328">
     <span class='ocr_line' id='line_1_59' title="bbox 350 4257 1939 4328; baseline 0.004 -20"><span class='ocrx_word' id='word_1_369' title='bbox 350 4257 599 4309; x_wconf 77' lang='lat' dir='ltr'><strong>i&#39;eetorali</strong></span> <span class='ocrx_word' id='word_1_370' title='bbox 654 4257 865 4311; x_wconf 81' lang='lat' dir='ltr'><strong>oﬂicina</strong></span> <span class='ocrx_word' id='word_1_371' title='bbox 927 4259 996 4311; x_wconf 90' lang='lat' dir='ltr'><strong>ab</strong></span> <span class='ocrx_word' id='word_1_372' title='bbox 1050 4274 1116 4313; x_wconf 93' lang='lat' dir='ltr'><strong>eo</strong></span> <span class='ocrx_word' id='word_1_373' title='bbox 1177 4261 1269 4328; x_wconf 83' lang='lat' dir='ltr'><strong>qui</strong></span> <span class='ocrx_word' id='word_1_374' title='bbox 1330 4260 1691 4314; x_wconf 82' lang='lat' dir='ltr'><strong>directionem</strong></span> <span class='ocrx_word' id='word_1_375' title='bbox 1745 4261 1939 4327; x_wconf 87' lang='lat' dir='ltr'><strong>habet;</strong></span> 
     </span>
    </p>
   </div>
   <div class='ocr_carea' id='block_1_59' title="bbox 353 4347 1945 4407">
    <p class='ocr_par' dir='ltr' id='par_1_59' title="bbox 353 4347 1945 4407">
     <span class='ocr_line' id='line_1_60' title="bbox 353 4347 1945 4407; baseline 0.004 -8"><span class='ocrx_word' id='word_1_376' title='bbox 353 4347 552 4400; x_wconf 84' lang='lat' dir='ltr'><strong>deinde</strong></span> <span class='ocrx_word' id='word_1_377' title='bbox 603 4348 676 4400; x_wconf 87' lang='lat' dir='ltr'><strong>ita</strong></span> <span class='ocrx_word' id='word_1_378' title='bbox 713 4350 977 4402; x_wconf 88' lang='lat' dir='ltr'><strong>collocari</strong></span> <span class='ocrx_word' id='word_1_379' title='bbox 1010 4352 1063 4404; x_wconf 89' lang='lat' dir='ltr'><strong>iu</strong></span> <span class='ocrx_word' id='word_1_380' title='bbox 1098 4352 1343 4405; x_wconf 85' lang='lat' dir='ltr'><strong>concilio</strong></span> <span class='ocrx_word' id='word_1_381' title='bbox 1373 4360 1425 4404; x_wconf 90' lang='lat' dir='ltr'><strong>et</strong></span> <span class='ocrx_word' id='word_1_382' title='bbox 1453 4353 1804 4407; x_wconf 87' lang='lat' dir='ltr'><strong>adnumerari</strong></span> <span class='ocrx_word' id='word_1_383' title='bbox 1865 4361 1945 4405; x_wconf 82' lang='lat' dir='ltr'><strong>ta-</strong></span> 
     </span>
    </p>
   </div>
   <div class='ocr_carea' id='block_1_60' title="bbox 2049 1877 3634 1960">
    <p class='ocr_par' dir='ltr' id='par_1_60' title="bbox 2049 1877 3634 1960">
     <span class='ocr_line' id='line_1_61' title="bbox 2049 1877 3634 1960; baseline -0.006 -16"><span class='ocrx_word' id='word_1_384' title='bbox 2049 1892 2223 1960; x_wconf 81' lang='grc' dir='ltr'>ρᾷστα</span> <span class='ocrx_word' id='word_1_385' title='bbox 2255 1882 2359 1943; x_wconf 81' lang='grc' dir='ltr'>ὧδε</span> <span class='ocrx_word' id='word_1_386' title='bbox 2402 1889 2626 1942; x_wconf 83' lang='grc' dir='ltr'>κάκεῖσε</span> <span class='ocrx_word' id='word_1_387' title='bbox 2671 1882 3063 1956; x_wconf 85' lang='grc' dir='ltr'>περιφέρεσθαι</span> <span class='ocrx_word' id='word_1_388' title='bbox 3104 1881 3185 1943; x_wconf 80' lang='grc' dir='ltr'><strong>είς</strong></span> <span class='ocrx_word' id='word_1_389' title='bbox 3214 1896 3273 1932; x_wconf 87' lang='grc' dir='ltr'><strong>τε</strong></span> <span class='ocrx_word' id='word_1_390' title='bbox 3317 1880 3363 1911; x_wconf 75' lang='grc'>⁸⁸</span> <span class='ocrx_word' id='word_1_391' title='bbox 3396 1878 3495 1943; x_wconf 85' lang='grc' dir='ltr'>τὰς</span> <span class='ocrx_word' id='word_1_392' title='bbox 3522 1877 3634 1934; x_wconf 83' lang='grc' dir='ltr'>τῶν</span> 
     </span>
    </p>
   </div>
   <div class='ocr_carea' id='block_1_61' title="bbox 2046 1966 3633 2052">
    <p class='ocr_par' dir='ltr' id='par_1_61' title="bbox 2046 1966 3633 2052">
     <span class='ocr_line' id='line_1_62' title="bbox 2046 1966 3633 2052; baseline -0.009 -16"><span class='ocrx_word' id='word_1_393' title='bbox 2046 1981 2418 2052; x_wconf 79' lang='grc' dir='ltr'>φαλσαμάτων</span> <span class='ocrx_word' id='word_1_394' title='bbox 2451 1978 2666 2050; x_wconf 80' lang='grc' dir='ltr'>γραφὰς</span> <span class='ocrx_word' id='word_1_395' title='bbox 2720 1977 2815 2030; x_wconf 75' lang='grc' dir='ltr'><strong>καὶ</strong></span> <span class='ocrx_word' id='word_1_396' title='bbox 2854 1971 2954 2038; x_wconf 82' lang='grc' dir='ltr'>τὰς</span> <span class='ocrx_word' id='word_1_397' title='bbox 2983 1974 3095 2026; x_wconf 82' lang='grc' dir='ltr'>τῶν</span> <span class='ocrx_word' id='word_1_398' title='bbox 3120 1966 3501 2042; x_wconf 77' lang='grc' dir='ltr'>δελεασμάτων</span> <span class='ocrx_word' id='word_1_399' title='bbox 3524 1981 3633 2023; x_wconf 86' lang='grc' dir='ltr'>πα-</span> 
     </span>
    </p>
   </div>
   <div class='ocr_carea' id='block_1_62' title="bbox 2047 2060 3635 2145">
    <p class='ocr_par' dir='ltr' id='par_1_62' title="bbox 2047 2060 3635 2145">
     <span class='ocr_line' id='line_1_63' title="bbox 2047 2060 3635 2145; baseline -0.008 -18"><span class='ocrx_word' id='word_1_400' title='bbox 2047 2072 2359 2145; x_wconf 79' lang='grc' dir='ltr'>ραγραφὰς,</span> <span class='ocrx_word' id='word_1_401' title='bbox 2390 2070 2465 2134; x_wconf 83' lang='grc' dir='ltr'>ὡς</span> <span class='ocrx_word' id='word_1_402' title='bbox 2482 2072 2528 2103; x_wconf 81' lang='grc'><strong>⁸³</strong></span> <span class='ocrx_word' id='word_1_403' title='bbox 2568 2070 2618 2123; x_wconf 84' lang='grc' dir='ltr'><strong>εί</strong></span> <span class='ocrx_word' id='word_1_404' title='bbox 2641 2068 2704 2136; x_wconf 80' lang='grc' dir='ltr'><strong>γέ</strong></span> <span class='ocrx_word' id='word_1_405' title='bbox 2746 2084 2877 2120; x_wconf 87' lang='grc' dir='ltr'>ποτε</span> <span class='ocrx_word' id='word_1_406' title='bbox 2911 2063 3138 2120; x_wconf 70' lang='grc' dir='ltr'>τοιαῦτα</span> <span class='ocrx_word' id='word_1_407' title='bbox 3186 2082 3273 2127; x_wconf 87' lang='grc' dir='ltr'><strong>τις</strong></span> <span class='ocrx_word' id='word_1_408' title='bbox 3326 2063 3484 2134; x_wconf 79' lang='grc' dir='ltr'>παρὰ</span> <span class='ocrx_word' id='word_1_409' title='bbox 3536 2060 3635 2115; x_wconf 78' lang='grc' dir='ltr'>τὸν</span> 
     </span>
    </p>
   </div>
   <div class='ocr_carea' id='block_1_63' title="bbox 2044 2153 3634 2232">
    <p class='ocr_par' dir='ltr' id='par_1_63' title="bbox 2044 2153 3634 2232">
     <span class='ocr_line' id='line_1_64' title="bbox 2044 2153 3634 2232; baseline -0.005 -17"><span class='ocrx_word' id='word_1_410' title='bbox 2044 2163 2205 2232; x_wconf 90' lang='grc' dir='ltr'>νόμον</span> <span class='ocrx_word' id='word_1_411' title='bbox 2230 2161 2323 2216; x_wconf 79' lang='grc' dir='ltr'>καὶ</span> <span class='ocrx_word' id='word_1_412' title='bbox 2355 2161 2423 2214; x_wconf 80' lang='grc' dir='ltr'><strong>τὰ</strong></span> <span class='ocrx_word' id='word_1_413' title='bbox 2446 2157 2891 2230; x_wconf 78' lang='grc' dir='ltr'>συμσιὸασθέντα</span> <span class='ocrx_word' id='word_1_414' title='bbox 2924 2156 3019 2210; x_wconf 77' lang='grc' dir='ltr'>καὶ</span> <span class='ocrx_word' id='word_1_415' title='bbox 3037 2155 3317 2225; x_wconf 85' lang='grc' dir='ltr'>γραφῆναι</span> <span class='ocrx_word' id='word_1_416' title='bbox 3345 2153 3634 2225; x_wconf 83' lang='grc' dir='ltr'>ὁρισθέντα</span> 
     </span>
    </p>
   </div>
   <div class='ocr_carea' id='block_1_64' title="bbox 2043 2246 3634 2326">
    <p class='ocr_par' dir='ltr' id='par_1_64' title="bbox 2043 2246 3634 2326">
     <span class='ocr_line' id='line_1_65' title="bbox 2043 2246 3634 2326; baseline -0.004 -20"><span class='ocrx_word' id='word_1_417' title='bbox 2043 2254 2293 2326; x_wconf 79' lang='grc' dir='ltr'>εὑρεθείη</span> <span class='ocrx_word' id='word_1_418' title='bbox 2353 2252 2847 2324; x_wconf 77' lang='grc' dir='ltr'>διαπραττόμενος,</span> <span class='ocrx_word' id='word_1_419' title='bbox 2889 2250 2982 2302; x_wconf 78' lang='grc' dir='ltr'>ὑπ’</span> <span class='ocrx_word' id='word_1_420' title='bbox 3012 2248 3246 2320; x_wconf 83' lang='grc' dir='ltr'>εὐθύνην</span> <span class='ocrx_word' id='word_1_421' title='bbox 3279 2247 3502 2301; x_wconf 80' lang='grc' dir='ltr'>ἔσεσθαι</span> <span class='ocrx_word' id='word_1_422' title='bbox 3536 2246 3634 2300; x_wconf 72' lang='grc' dir='ltr'><strong>καὶ</strong></span> 
     </span>
    </p>
   </div>
   <div class='ocr_carea' id='block_1_65' title="bbox 2044 2344 2887 2416">
    <p class='ocr_par' dir='ltr' id='par_1_65' title="bbox 2044 2344 2887 2416">
     <span class='ocr_line' id='line_1_66' title="bbox 2044 2344 2887 2416; baseline -0.002 -16"><span class='ocrx_word' id='word_1_423' title='bbox 2044 2346 2177 2410; x_wconf 83' lang='grc' dir='ltr'>τοὺς</span> <span class='ocrx_word' id='word_1_424' title='bbox 2209 2346 2372 2399; x_wconf 81' lang='grc' dir='ltr'>αὐτὸν</span> <span class='ocrx_word' id='word_1_425' title='bbox 2404 2344 2887 2416; x_wconf 76' lang='grc' dir='ltr'>μαρτυρήσαντας.</span> 
     </span>
    </p>
   </div>
   <div class='ocr_carea' id='block_1_66' title="bbox 2127 2430 3635 2504">
    <p class='ocr_par' dir='ltr' id='par_1_66' title="bbox 2127 2430 3635 2504">
     <span class='ocr_line' id='line_1_67' title="bbox 2127 2430 3635 2504; baseline -0.005 -14"><span class='ocrx_word' id='word_1_426' title='bbox 2127 2437 2223 2490; x_wconf 83' lang='grc' dir='ltr'>Ἐν</span> <span class='ocrx_word' id='word_1_427' title='bbox 2245 2436 2313 2490; x_wconf 80' lang='grc' dir='ltr'>δὲ</span> <span class='ocrx_word' id='word_1_428' title='bbox 2336 2434 2413 2501; x_wconf 87' lang='grc' dir='ltr'>τῷ</span> <span class='ocrx_word' id='word_1_429' title='bbox 2424 2435 2485 2501; x_wconf 81' lang='grc' dir='ltr'><strong>β’</strong></span> <span class='ocrx_word' id='word_1_430' title='bbox 2510 2452 2645 2504; x_wconf 61' lang='grc' dir='ltr'>κερ.</span> <span class='ocrx_word' id='word_1_431' title='bbox 2663 2435 2857 2504; x_wconf 75' lang='grc' dir='ltr'>φησιν</span> <span class='ocrx_word' id='word_1_432' title='bbox 2884 2450 2899 2466; x_wconf 70' lang='grc'>⁸</span> <span class='ocrx_word' id='word_1_433' title='bbox 2942 2434 3004 2487; x_wconf 85' lang='lat'><strong>&#39;0</strong></span> <span class='ocrx_word' id='word_1_434' title='bbox 3044 2430 3635 2503; x_wconf 83' lang='grc' dir='ltr'>προχειρισθησόμενος</span> 
     </span>
    </p>
   </div>
   <div class='ocr_carea' id='block_1_67' title="bbox 2043 2523 3637 2597">
    <p class='ocr_par' dir='ltr' id='par_1_67' title="bbox 2043 2523 3637 2597">
     <span class='ocr_line' id='line_1_68' title="bbox 2043 2523 3637 2597; baseline -0.002 -17"><span class='ocrx_word' id='word_1_435' title='bbox 2043 2528 2247 2597; x_wconf 77' lang='grc' dir='ltr'>ὀφείλει</span> <span class='ocrx_word' id='word_1_436' title='bbox 2314 2528 2409 2580; x_wconf 75' lang='grc' dir='ltr'>ἐπὶ</span> <span class='ocrx_word' id='word_1_437' title='bbox 2460 2527 2729 2597; x_wconf 85' lang='grc' dir='ltr'>στόματος</span> <span class='ocrx_word' id='word_1_438' title='bbox 2769 2526 2915 2597; x_wconf 76' lang='grc' dir='ltr'>ἔχειν</span> <span class='ocrx_word' id='word_1_439' title='bbox 2937 2525 3065 2587; x_wconf 81' lang='grc' dir='ltr'>τοὺς</span> <span class='ocrx_word' id='word_1_440' title='bbox 3094 2531 3148 2594; x_wconf 89' lang='grc' dir='ltr'>μ’</span> <span class='ocrx_word' id='word_1_441' title='bbox 3173 2524 3385 2587; x_wconf 88' lang='grc' dir='ltr'>τίτλους</span> <span class='ocrx_word' id='word_1_442' title='bbox 3423 2523 3517 2576; x_wconf 80' lang='grc' dir='ltr'>τοῦ</span> <span class='ocrx_word' id='word_1_443' title='bbox 3540 2525 3637 2592; x_wconf 81' lang='grc' dir='ltr'><strong>ὲγ-</strong></span> 
     </span>
    </p>
   </div>
   <div class='ocr_carea' id='block_1_68' title="bbox 2042 2614 3634 2691">
    <p class='ocr_par' dir='ltr' id='par_1_68' title="bbox 2042 2614 3634 2691">
     <span class='ocr_line' id='line_1_69' title="bbox 2042 2614 3634 2691; baseline -0.003 -20"><span class='ocrx_word' id='word_1_444' title='bbox 2042 2618 2299 2691; x_wconf 82' lang='grc' dir='ltr'>χειριδίου</span> <span class='ocrx_word' id='word_1_445' title='bbox 2350 2617 2583 2688; x_wconf 81' lang='grc' dir='ltr'>νομίμου</span> <span class='ocrx_word' id='word_1_446' title='bbox 2636 2615 2870 2671; x_wconf 76' lang='grc' dir='ltr'>καὶτῶν</span> <span class='ocrx_word' id='word_1_447' title='bbox 2902 2614 2943 2680; x_wconf 80' lang='grc' dir='ltr'><strong>ξ’</strong></span> <span class='ocrx_word' id='word_1_448' title='bbox 2976 2614 3197 2685; x_wconf 77' lang='grc' dir='ltr'>βιϐλίων</span> <span class='ocrx_word' id='word_1_449' title='bbox 3250 2614 3348 2685; x_wconf 84' lang='grc' dir='ltr'><strong>τὴν</strong></span> <span class='ocrx_word' id='word_1_450' title='bbox 3402 2614 3634 2683; x_wconf 85' lang='grc' dir='ltr'>γνῶσιν,</span> 
     </span>
    </p>
   </div>
   <div class='ocr_carea' id='block_1_69' title="bbox 2042 2704 3627 2779">
    <p class='ocr_par' dir='ltr' id='par_1_69' title="bbox 2042 2704 3627 2779">
     <span class='ocr_line' id='line_1_70' title="bbox 2042 2704 3627 2779; baseline -0.003 -16"><span class='ocrx_word' id='word_1_451' title='bbox 2042 2710 2396 2779; x_wconf 79' lang='grc' dir='ltr'>παιδευθῆναι</span> <span class='ocrx_word' id='word_1_452' title='bbox 2425 2708 2482 2762; x_wconf 80' lang='grc' dir='ltr'>δὲ</span> <span class='ocrx_word' id='word_1_453' title='bbox 2511 2709 2603 2761; x_wconf 80' lang='grc' dir='ltr'><strong>καὶ</strong></span> <span class='ocrx_word' id='word_1_454' title='bbox 2641 2707 2742 2779; x_wconf 84' lang='grc' dir='ltr'>τὴν</span> <span class='ocrx_word' id='word_1_455' title='bbox 2770 2706 3062 2775; x_wconf 73' lang='grc' dir='ltr'>ἐγκύκλιον</span> <span class='ocrx_word' id='word_1_456' title='bbox 3086 2705 3392 2769; x_wconf 79' lang='grc' dir='ltr'>παίδευσιν,</span> <span class='ocrx_word' id='word_1_457' title='bbox 3444 2704 3519 2768; x_wconf 80' lang='grc' dir='ltr'>ὡς</span> <span class='ocrx_word' id='word_1_458' title='bbox 3549 2704 3627 2776; x_wconf 87' lang='grc' dir='ltr'>μὴ</span> 
     </span>
    </p>
   </div>
   <div class='ocr_carea' id='block_1_70' title="bbox 2041 2793 3632 2873">
    <p class='ocr_par' dir='ltr' id='par_1_70' title="bbox 2041 2793 3632 2873">
     <span class='ocr_line' id='line_1_71' title="bbox 2041 2793 3632 2873; baseline -0.006 -15"><span class='ocrx_word' id='word_1_459' title='bbox 2041 2800 2428 2873; x_wconf 82' lang='grc' dir='ltr'>διαμαρτάνειν</span> <span class='ocrx_word' id='word_1_460' title='bbox 2468 2803 2529 2854; x_wconf 83' lang='grc' dir='ltr'>ὲν</span> <span class='ocrx_word' id='word_1_461' title='bbox 2562 2802 2680 2864; x_wconf 87' lang='grc' dir='ltr'>ταῖς</span> <span class='ocrx_word' id='word_1_462' title='bbox 2712 2800 2990 2853; x_wconf 78' lang='grc' dir='ltr'>ἐκδόσεσιν</span> <span class='ocrx_word' id='word_1_463' title='bbox 3027 2793 3458 2869; x_wconf 74' lang='grc' dir='ltr'>ἢδιολισθαίνειν</span> <span class='ocrx_word' id='word_1_464' title='bbox 3500 2797 3632 2867; x_wconf 77' lang='grc' dir='ltr'>περὶ</span> 
     </span>
    </p>
   </div>
   <div class='ocr_carea' id='block_1_71' title="bbox 2041 2886 3630 2964">
    <p class='ocr_par' dir='ltr' id='par_1_71' title="bbox 2041 2886 3630 2964">
     <span class='ocr_line' id='line_1_72' title="bbox 2041 2886 3630 2964; baseline -0.004 -17"><span class='ocrx_word' id='word_1_465' title='bbox 2041 2898 2139 2964; x_wconf 80' lang='grc' dir='ltr'><strong>τὴν</strong></span> <span class='ocrx_word' id='word_1_466' title='bbox 2178 2894 2343 2959; x_wconf 78' lang='grc' dir='ltr'>λέξιν,</span> <span class='ocrx_word' id='word_1_467' title='bbox 2396 2892 2541 2963; x_wconf 77' lang='grc' dir='ltr'>ἔχειν</span> <span class='ocrx_word' id='word_1_468' title='bbox 2574 2890 2631 2944; x_wconf 84' lang='grc' dir='ltr'>δὲ</span> <span class='ocrx_word' id='word_1_469' title='bbox 2653 2890 2864 2945; x_wconf 74' lang='grc' dir='ltr'>καὶτὸν</span> <span class='ocrx_word' id='word_1_470' title='bbox 2897 2890 3088 2959; x_wconf 83' lang='grc' dir='ltr'>χρόνον</span> <span class='ocrx_word' id='word_1_471' title='bbox 3125 2888 3505 2959; x_wconf 82' lang='grc' dir='ltr'>πληρέστατον</span> <span class='ocrx_word' id='word_1_472' title='bbox 3535 2886 3630 2941; x_wconf 82' lang='grc' dir='ltr'>τοῦ</span> 
     </span>
    </p>
   </div>
   <div class='ocr_carea' id='block_1_72' title="bbox 2041 2976 3635 3055">
    <p class='ocr_par' dir='ltr' id='par_1_72' title="bbox 2041 2976 3635 3055">
     <span class='ocr_line' id='line_1_73' title="bbox 2041 2976 3635 3055; baseline -0.004 -16"><span class='ocrx_word' id='word_1_473' title='bbox 2041 2983 2459 3055; x_wconf 76' lang='grc' dir='ltr'>διατρανοῧσθαι</span> <span class='ocrx_word' id='word_1_474' title='bbox 2503 2983 2597 3035; x_wconf 77' lang='grc' dir='ltr'><strong>καὶ</strong></span> <span class='ocrx_word' id='word_1_475' title='bbox 2633 2980 2712 3051; x_wconf 83' lang='grc' dir='ltr'>τῷ</span> <span class='ocrx_word' id='word_1_476' title='bbox 2741 2980 2817 3049; x_wconf 90' lang='grc' dir='ltr'>νῷ</span> <span class='ocrx_word' id='word_1_477' title='bbox 2845 2982 2937 3035; x_wconf 74' lang='grc' dir='ltr'>καὶ</span> <span class='ocrx_word' id='word_1_478' title='bbox 2980 2980 3059 3050; x_wconf 84' lang='grc' dir='ltr'>τῷ</span> <span class='ocrx_word' id='word_1_479' title='bbox 3086 2977 3320 3047; x_wconf 77' lang='grc' dir='ltr'>σώματιο</span> <span class='ocrx_word' id='word_1_480' title='bbox 3348 2980 3535 3051; x_wconf 85' lang='grc' dir='ltr'>χειρὸς</span> <span class='ocrx_word' id='word_1_481' title='bbox 3575 2976 3635 3033; x_wconf 80' lang='grc' dir='ltr'>δὲ</span> 
     </span>
    </p>
   </div>
   <div class='ocr_carea' id='block_1_73' title="bbox 2044 3071 3638 3147">
    <p class='ocr_par' dir='ltr' id='par_1_73' title="bbox 2044 3071 3638 3147">
     <span class='ocr_line' id='line_1_74' title="bbox 2044 3071 3638 3147; baseline -0.004 -17"><span class='ocrx_word' id='word_1_482' title='bbox 2044 3081 2229 3147; x_wconf 82' lang='grc' dir='ltr'>γραφῇ</span> <span class='ocrx_word' id='word_1_483' title='bbox 2277 3074 2598 3128; x_wconf 80' lang='grc' dir='ltr'>ὲκτυπούτω</span> <span class='ocrx_word' id='word_1_484' title='bbox 2624 3074 2683 3125; x_wconf 82' lang='grc' dir='ltr'><strong>ὲν</strong></span> <span class='ocrx_word' id='word_1_485' title='bbox 2724 3073 2801 3141; x_wconf 83' lang='grc' dir='ltr'>τῷ</span> <span class='ocrx_word' id='word_1_486' title='bbox 2828 3071 3093 3140; x_wconf 83' lang='grc' dir='ltr'>συλλόγῳ,</span> <span class='ocrx_word' id='word_1_487' title='bbox 3132 3072 3263 3140; x_wconf 82' lang='grc' dir='ltr'>μήτι</span> <span class='ocrx_word' id='word_1_488' title='bbox 3306 3072 3416 3124; x_wconf 87' lang='grc' dir='ltr'>τῶν</span> <span class='ocrx_word' id='word_1_489' title='bbox 3447 3072 3638 3141; x_wconf 56' lang='grc' dir='ltr'>ἀδοκίγ</span> 
     </span>
    </p>
   </div>
   <div class='ocr_carea' id='block_1_74' title="bbox 2042 3163 3619 3237">
    <p class='ocr_par' dir='ltr' id='par_1_74' title="bbox 2042 3163 3619 3237">
     <span class='ocr_line' id='line_1_75' title="bbox 2042 3163 3619 3237; baseline -0.001 -16"><span class='ocrx_word' id='word_1_490' title='bbox 2042 3186 2151 3221; x_wconf 87' lang='grc' dir='ltr'><strong>των</strong></span> <span class='ocrx_word' id='word_1_491' title='bbox 2171 3165 2630 3237; x_wconf 79' lang='grc' dir='ltr'>διαπράττεσθαι’</span> <span class='ocrx_word' id='word_1_492' title='bbox 2663 3163 2794 3237; x_wconf 55' lang='lat' dir='ltr'><strong>etot</strong></span> <span class='ocrx_word' id='word_1_493' title='bbox 2840 3163 3149 3235; x_wconf 72' lang='grc' dir='ltr'>φωραθείη,</span> <span class='ocrx_word' id='word_1_494' title='bbox 3180 3164 3481 3217; x_wconf 75' lang='grc' dir='ltr'>ἐκπίπτειν</span> <span class='ocrx_word' id='word_1_495' title='bbox 3524 3163 3619 3219; x_wconf 78' lang='grc' dir='ltr'><strong>τοῦ</strong></span> 
     </span>
    </p>
   </div>
   <div class='ocr_carea' id='block_1_75' title="bbox 2052 3258 2287 3329">
    <p class='ocr_par' dir='ltr' id='par_1_75' title="bbox 2052 3258 2287 3329">
     <span class='ocr_line' id='line_1_76' title="bbox 2052 3258 2287 3329; baseline -0.004 -18"><span class='ocrx_word' id='word_1_496' title='bbox 2052 3258 2287 3329; x_wconf 81' lang='grc' dir='ltr'>βαθμοῦ,</span> 
     </span>
    </p>
   </div>
   <div class='ocr_carea' id='block_1_76' title="bbox 2133 3340 3637 3417">
    <p class='ocr_par' dir='ltr' id='par_1_76' title="bbox 2133 3340 3637 3417">
     <span class='ocr_line' id='line_1_77' title="bbox 2133 3340 3637 3417; baseline -0.003 -17"><span class='ocrx_word' id='word_1_497' title='bbox 2133 3350 2227 3401; x_wconf 81' lang='grc' dir='ltr'><em>Ἐν</em></span> <span class='ocrx_word' id='word_1_498' title='bbox 2248 3348 2315 3400; x_wconf 83' lang='grc' dir='ltr'>δὲ</span> <span class='ocrx_word' id='word_1_499' title='bbox 2342 3347 2422 3413; x_wconf 82' lang='grc' dir='ltr'>τῷ</span> <span class='ocrx_word' id='word_1_500' title='bbox 2444 3355 2491 3417; x_wconf 73' lang='grc' dir='ltr'>γ’</span> <span class='ocrx_word' id='word_1_501' title='bbox 2519 3363 2650 3414; x_wconf 75' lang='grc' dir='ltr'>κεφ.</span> <span class='ocrx_word' id='word_1_502' title='bbox 2676 3346 2900 3415; x_wconf 75' lang='grc' dir='ltr'>φησιν·</span> <span class='ocrx_word' id='word_1_503' title='bbox 2926 3346 3019 3398; x_wconf 87' lang='grc' dir='ltr'><strong>Δεῖ</strong></span> <span class='ocrx_word' id='word_1_504' title='bbox 3048 3344 3490 3415; x_wconf 78' lang='grc' dir='ltr'>προχειρίζεσθαι</span> <span class='ocrx_word' id='word_1_505' title='bbox 3518 3340 3637 3396; x_wconf 82' lang='grc' dir='ltr'><strong>τοῦ-</strong></span> 
     </span>
    </p>
   </div>
   <div class='ocr_carea' id='block_1_77' title="bbox 2044 3435 3637 3509">
    <p class='ocr_par' dir='ltr' id='par_1_77' title="bbox 2044 3435 3637 3509">
     <span class='ocr_line' id='line_1_78' title="bbox 2044 3435 3637 3509; baseline -0.003 -15"><span class='ocrx_word' id='word_1_506' title='bbox 2044 3459 2135 3495; x_wconf 87' lang='grc' dir='ltr'><strong>τον</strong></span> <span class='ocrx_word' id='word_1_507' title='bbox 2165 3440 2385 3493; x_wconf 78' lang='grc' dir='ltr'>οὑτωσί’</span> <span class='ocrx_word' id='word_1_508' title='bbox 2417 3439 2557 3509; x_wconf 80' lang='grc' dir='ltr'>μετὰ</span> <span class='ocrx_word' id='word_1_509' title='bbox 2579 3438 2678 3509; x_wconf 82' lang='grc' dir='ltr'><strong>τὴν</strong></span> <span class='ocrx_word' id='word_1_510' title='bbox 2724 3436 3127 3507; x_wconf 87' lang='grc' dir='ltr'>διαμαρτυρίαν</span> <span class='ocrx_word' id='word_1_511' title='bbox 3152 3437 3248 3489; x_wconf 77' lang='grc' dir='ltr'>καὶ</span> <span class='ocrx_word' id='word_1_512' title='bbox 3278 3435 3375 3506; x_wconf 81' lang='grc' dir='ltr'>τὴν</span> <span class='ocrx_word' id='word_1_513' title='bbox 3406 3435 3637 3504; x_wconf 79' lang='grc' dir='ltr'>ἔρευναν</span> 
     </span>
    </p>
   </div>
   <div class='ocr_carea' id='block_1_78' title="bbox 2045 3521 3638 3598">
    <p class='ocr_par' dir='ltr' id='par_1_78' title="bbox 2045 3521 3638 3598">
     <span class='ocr_line' id='line_1_79' title="bbox 2045 3521 3638 3598; baseline -0.003 -16"><span class='ocrx_word' id='word_1_514' title='bbox 2045 3527 2440 3598; x_wconf 76' lang='grc' dir='ltr'>ἐμφανίζεσθαι</span> <span class='ocrx_word' id='word_1_515' title='bbox 2469 3527 2608 3597; x_wconf 79' lang='grc' dir='ltr'>μετὰ</span> <span class='ocrx_word' id='word_1_516' title='bbox 2641 3527 2736 3579; x_wconf 78' lang='grc' dir='ltr'>τοῦ</span> <span class='ocrx_word' id='word_1_517' title='bbox 2788 3526 3049 3593; x_wconf 88' lang='grc' dir='ltr'>συλλόγου</span> <span class='ocrx_word' id='word_1_518' title='bbox 3077 3525 3187 3578; x_wconf 87' lang='grc' dir='ltr'>τῶν</span> <span class='ocrx_word' id='word_1_519' title='bbox 3228 3521 3638 3594; x_wconf 79' lang='grc' dir='ltr'>ταόουλλαρίων</span> 
     </span>
    </p>
   </div>
   <div class='ocr_carea' id='block_1_79' title="bbox 2045 3612 3637 3687">
    <p class='ocr_par' dir='ltr' id='par_1_79' title="bbox 2045 3612 3637 3687">
     <span class='ocr_line' id='line_1_80' title="bbox 2045 3612 3637 3687; baseline -0.002 -17"><span class='ocrx_word' id='word_1_520' title='bbox 2045 3620 2139 3671; x_wconf 78' lang='grc' dir='ltr'>καὶ</span> <span class='ocrx_word' id='word_1_521' title='bbox 2188 3617 2282 3669; x_wconf 79' lang='grc' dir='ltr'>τοῦ</span> <span class='ocrx_word' id='word_1_522' title='bbox 2348 3616 2756 3687; x_wconf 89' lang='grc' dir='ltr'>πριμμικηρίου</span> <span class='ocrx_word' id='word_1_523' title='bbox 2801 3615 2880 3685; x_wconf 78' lang='grc' dir='ltr'>τῷ</span> <span class='ocrx_word' id='word_1_524' title='bbox 2911 3613 3240 3685; x_wconf 78' lang='grc' dir='ltr'>ἐνδοξοτάτῳ</span> <span class='ocrx_word' id='word_1_525' title='bbox 3271 3616 3496 3685; x_wconf 75' lang='grc' dir='ltr'>ἐπάρχῳ</span> <span class='ocrx_word' id='word_1_526' title='bbox 3537 3612 3637 3685; x_wconf 73' lang='grc' dir='ltr'>τῆς</span> 
     </span>
    </p>
   </div>
   <div class='ocr_carea' id='block_1_80' title="bbox 2046 3703 3651 3778">
    <p class='ocr_par' dir='ltr' id='par_1_80' title="bbox 2046 3703 3651 3778">
     <span class='ocr_line' id='line_1_81' title="bbox 2046 3703 3651 3778; baseline -0.001 -16"><span class='ocrx_word' id='word_1_527' title='bbox 2046 3703 2296 3773; x_wconf 80' lang='grc' dir='ltr'>πόλεως,</span> <span class='ocrx_word' id='word_1_528' title='bbox 2367 3707 2657 3778; x_wconf 80' lang='grc' dir='ltr'>ἐφεστρίδα</span> <span class='ocrx_word' id='word_1_529' title='bbox 2742 3706 3158 3777; x_wconf 74' lang='grc' dir='ltr'>ἠμφιεσμένον,</span> <span class='ocrx_word' id='word_1_530' title='bbox 3240 3707 3651 3777; x_wconf 61' lang='grc' dir='ltr'>ὲπομνυμένωνι</span> 
     </span>
    </p>
   </div>
   <div class='ocr_carea' id='block_1_81' title="bbox 2046 3797 3631 3869">
    <p class='ocr_par' dir='ltr' id='par_1_81' title="bbox 2046 3797 3631 3869">
     <span class='ocr_line' id='line_1_82' title="bbox 2046 3797 3631 3869; baseline -0.001 -16"><span class='ocrx_word' id='word_1_531' title='bbox 2046 3801 2273 3854; x_wconf 77' lang='grc' dir='ltr'>ἐκείνων</span> <span class='ocrx_word' id='word_1_532' title='bbox 2315 3802 2394 3863; x_wconf 87' lang='grc' dir='ltr'><strong>είς</strong></span> <span class='ocrx_word' id='word_1_533' title='bbox 2424 3799 2556 3852; x_wconf 84' lang='grc' dir='ltr'>Θεὸν</span> <span class='ocrx_word' id='word_1_534' title='bbox 2595 3798 2816 3861; x_wconf 77' lang='grc' dir='ltr'>καὶτὰς</span> <span class='ocrx_word' id='word_1_535' title='bbox 2876 3799 3153 3868; x_wconf 85' lang='grc' dir='ltr'>σωτηρίας</span> <span class='ocrx_word' id='word_1_536' title='bbox 3204 3799 3313 3851; x_wconf 85' lang='grc' dir='ltr'><strong>τῶν</strong></span> <span class='ocrx_word' id='word_1_537' title='bbox 3342 3797 3631 3869; x_wconf 87' lang='grc' dir='ltr'>βασιλέων,</span> 
     </span>
    </p>
   </div>
   <div class='ocr_carea' id='block_1_82' title="bbox 2050 3889 3637 3963">
    <p class='ocr_par' dir='ltr' id='par_1_82' title="bbox 2050 3889 3637 3963">
     <span class='ocr_line' id='line_1_83' title="bbox 2050 3889 3637 3963; baseline -0.001 -18"><span class='ocrx_word' id='word_1_538' title='bbox 2050 3893 2125 3963; x_wconf 83' lang='grc' dir='ltr'><strong>μὴ</strong></span> <span class='ocrx_word' id='word_1_539' title='bbox 2156 3893 2244 3946; x_wconf 83' lang='grc' dir='ltr'>διά</span> <span class='ocrx_word' id='word_1_540' title='bbox 2272 3909 2396 3945; x_wconf 88' lang='grc' dir='ltr'>τινα</span> <span class='ocrx_word' id='word_1_541' title='bbox 2426 3892 2586 3962; x_wconf 83' lang='grc' dir='ltr'>χάριν</span> <span class='ocrx_word' id='word_1_542' title='bbox 2620 3889 2653 3961; x_wconf 83' lang='grc' dir='ltr'><strong>ἥ</strong></span> <span class='ocrx_word' id='word_1_543' title='bbox 2687 3890 3038 3960; x_wconf 86' lang='grc' dir='ltr'>παράκλησιν</span> <span class='ocrx_word' id='word_1_544' title='bbox 3068 3891 3101 3961; x_wconf 77' lang='grc' dir='ltr'><strong>ἢ</strong></span> <span class='ocrx_word' id='word_1_545' title='bbox 3128 3890 3452 3959; x_wconf 88' lang='grc' dir='ltr'>συγγένειαν</span> <span class='ocrx_word' id='word_1_546' title='bbox 3484 3891 3517 3961; x_wconf 81' lang='grc' dir='ltr'><strong>ἢ</strong></span> <span class='ocrx_word' id='word_1_547' title='bbox 3547 3907 3637 3959; x_wconf 73' lang='lat' dir='ltr'><strong>cpt-</strong></span> 
     </span>
    </p>
   </div>
   <div class='ocr_carea' id='block_1_83' title="bbox 2046 3980 3639 4054">
    <p class='ocr_par' dir='ltr' id='par_1_83' title="bbox 2046 3980 3639 4054">
     <span class='ocr_line' id='line_1_84' title="bbox 2046 3980 3639 4054; baseline 0 -18"><span class='ocrx_word' id='word_1_548' title='bbox 2046 3984 2166 4037; x_wconf 85' lang='grc' dir='ltr'>λίαν</span> <span class='ocrx_word' id='word_1_549' title='bbox 2195 3984 2383 4038; x_wconf 77' lang='grc' dir='ltr'>τοῦτον</span> <span class='ocrx_word' id='word_1_550' title='bbox 2408 3982 2487 4053; x_wconf 83' lang='grc' dir='ltr'>τῷ</span> <span class='ocrx_word' id='word_1_551' title='bbox 2514 3980 2709 4052; x_wconf 85' lang='grc' dir='ltr'>βαθμῷ</span> <span class='ocrx_word' id='word_1_552' title='bbox 2753 3982 3130 4045; x_wconf 77' lang='grc' dir='ltr'>ἐντάττεσθαι,</span> <span class='ocrx_word' id='word_1_553' title='bbox 3157 3983 3293 4036; x_wconf 81' lang='grc' dir='ltr'>ἀλλὰ</span> <span class='ocrx_word' id='word_1_554' title='bbox 3322 3983 3392 4036; x_wconf 85' lang='grc' dir='ltr'>δι’</span> <span class='ocrx_word' id='word_1_555' title='bbox 3431 3983 3639 4054; x_wconf 78' lang='grc' dir='ltr'>ἀρετὴν</span> 
     </span>
    </p>
   </div>
   <div class='ocr_carea' id='block_1_84' title="bbox 2049 4068 3635 4143">
    <p class='ocr_par' dir='ltr' id='par_1_84' title="bbox 2049 4068 3635 4143">
     <span class='ocr_line' id='line_1_85' title="bbox 2049 4068 3635 4143; baseline -0.001 -15"><span class='ocrx_word' id='word_1_556' title='bbox 2049 4076 2142 4129; x_wconf 76' lang='grc' dir='ltr'>καὶ</span> <span class='ocrx_word' id='word_1_557' title='bbox 2167 4076 2369 4143; x_wconf 87' lang='grc' dir='ltr'>γνῶσιν</span> <span class='ocrx_word' id='word_1_558' title='bbox 2428 4074 2525 4127; x_wconf 73' lang='grc' dir='ltr'><strong>καὶ</strong></span> <span class='ocrx_word' id='word_1_559' title='bbox 2562 4072 2781 4128; x_wconf 84' lang='grc' dir='ltr'>σύνεσιν</span> <span class='ocrx_word' id='word_1_560' title='bbox 2808 4072 2904 4127; x_wconf 69' lang='grc' dir='ltr'><strong>καὶ</strong></span> <span class='ocrx_word' id='word_1_561' title='bbox 2924 4073 2985 4125; x_wconf 84' lang='grc' dir='ltr'><strong>τὸ</strong></span> <span class='ocrx_word' id='word_1_562' title='bbox 3011 4073 3198 4127; x_wconf 85' lang='grc' dir='ltr'>ἰκανὸν</span> <span class='ocrx_word' id='word_1_563' title='bbox 3229 4068 3369 4126; x_wconf 75' lang='grc' dir='ltr'>εἶναι</span> <span class='ocrx_word' id='word_1_564' title='bbox 3400 4074 3458 4126; x_wconf 79' lang='grc' dir='ltr'>ὲν</span> <span class='ocrx_word' id='word_1_565' title='bbox 3480 4074 3635 4126; x_wconf 81' lang='grc' dir='ltr'>πᾶσι·</span> 
     </span>
    </p>
   </div>
   <div class='ocr_carea' id='block_1_85' title="bbox 2048 4165 3640 4237">
    <p class='ocr_par' dir='ltr' id='par_1_85' title="bbox 2048 4165 3640 4237">
     <span class='ocr_line' id='line_1_86' title="bbox 2048 4165 3640 4237; baseline 0 -17"><span class='ocrx_word' id='word_1_566' title='bbox 2048 4169 2144 4221; x_wconf 63' lang='grc' dir='ltr'><strong>κα)⁸</strong></span> <span class='ocrx_word' id='word_1_567' title='bbox 2176 4166 2314 4237; x_wconf 84' lang='grc' dir='ltr'>μετὰ</span> <span class='ocrx_word' id='word_1_568' title='bbox 2351 4165 2449 4236; x_wconf 86' lang='grc' dir='ltr'>τὴν</span> <span class='ocrx_word' id='word_1_569' title='bbox 2499 4166 2610 4219; x_wconf 86' lang='grc' dir='ltr'><strong>τῶν</strong></span> <span class='ocrx_word' id='word_1_570' title='bbox 2635 4166 2816 4234; x_wconf 84' lang='grc' dir='ltr'>ὅρκων</span> <span class='ocrx_word' id='word_1_571' title='bbox 2862 4165 3154 4235; x_wconf 75' lang='grc' dir='ltr'>βεϐαίωσιν</span> <span class='ocrx_word' id='word_1_572' title='bbox 3183 4166 3441 4235; x_wconf 81' lang='grc' dir='ltr'>σφραγῖδι</span> <span class='ocrx_word' id='word_1_573' title='bbox 3473 4166 3640 4220; x_wconf 73' lang='grc' dir='ltr'>αύτδν</span> 
     </span>
    </p>
   </div>
   <div class='ocr_carea' id='block_1_86' title="bbox 2049 4254 3637 4331">
    <p class='ocr_par' dir='ltr' id='par_1_86' title="bbox 2049 4254 3637 4331">
     <span class='ocr_line' id='line_1_87' title="bbox 2049 4254 3637 4331; baseline -0.003 -18"><span class='ocrx_word' id='word_1_574' title='bbox 2049 4256 2490 4331; x_wconf 73' lang='grc' dir='ltr'>προχειρίζεσθαι</span> <span class='ocrx_word' id='word_1_575' title='bbox 2518 4258 2577 4310; x_wconf 83' lang='grc' dir='ltr'>ὲν</span> <span class='ocrx_word' id='word_1_576' title='bbox 2618 4254 2697 4327; x_wconf 85' lang='grc' dir='ltr'>τῷ</span> <span class='ocrx_word' id='word_1_577' title='bbox 2737 4257 3027 4327; x_wconf 81' lang='grc' dir='ltr'>ἐπαρχικῷ</span> <span class='ocrx_word' id='word_1_578' title='bbox 3077 4257 3324 4327; x_wconf 85' lang='grc' dir='ltr'>σεκρέτῳ</span> <span class='ocrx_word' id='word_1_579' title='bbox 3351 4256 3503 4327; x_wconf 76' lang='grc' dir='ltr'>παρὰ</span> <span class='ocrx_word' id='word_1_580' title='bbox 3538 4255 3637 4310; x_wconf 78' lang='grc' dir='ltr'>τοῦ</span> 
     </span>
    </p>
   </div>
   <div class='ocr_carea' id='block_1_87' title="bbox 2049 4346 3638 4423">
    <p class='ocr_par' dir='ltr' id='par_1_87' title="bbox 2049 4346 3638 4423">
     <span class='ocr_line' id='line_1_88' title="bbox 2049 4346 3638 4423; baseline -0.002 -18"><span class='ocrx_word' id='word_1_581' title='bbox 2049 4354 2148 4423; x_wconf 81' lang='grc' dir='ltr'>τὴν</span> <span class='ocrx_word' id='word_1_582' title='bbox 2191 4349 2489 4422; x_wconf 84' lang='grc' dir='ltr'>ἡγεμονίαν</span> <span class='ocrx_word' id='word_1_583' title='bbox 2548 4350 2787 4420; x_wconf 83' lang='grc' dir='ltr'>ἔχοντος,</span> <span class='ocrx_word' id='word_1_584' title='bbox 2818 4346 2919 4403; x_wconf 77' lang='grc' dir='ltr'>εἷθ’</span> <span class='ocrx_word' id='word_1_585' title='bbox 2968 4348 3145 4414; x_wconf 76' lang='grc' dir='ltr'>οὕτως</span> <span class='ocrx_word' id='word_1_586' title='bbox 3178 4350 3529 4404; x_wconf 82' lang='grc' dir='ltr'>ὲντάττεσθαι</span> <span class='ocrx_word' id='word_1_587' title='bbox 3560 4349 3638 4421; x_wconf 81' lang='grc' dir='ltr'><strong>τῷ</strong></span> 
     </span>
    </p>
   </div>
   <div class='ocr_carea' id='block_1_88' title="bbox 350 4436 1940 4515">
    <p class='ocr_par' dir='ltr' id='par_1_88' title="bbox 350 4436 1940 4509">
     <span class='ocr_line' id='line_1_89' title="bbox 350 4436 1940 4509; baseline 0.005 -20"><span class='ocrx_word' id='word_1_588' title='bbox 350 4436 618 4502; x_wconf 86' lang='lat' dir='ltr'><strong>bulariis;</strong></span> <span class='ocrx_word' id='word_1_589' title='bbox 651 4436 851 4492; x_wconf 88' lang='lat' dir='ltr'><strong>deinde</strong></span> <span class='ocrx_word' id='word_1_590' title='bbox 888 4438 943 4491; x_wconf 91' lang='lat' dir='ltr'><strong>iu</strong></span> <span class='ocrx_word' id='word_1_591' title='bbox 980 4440 1265 4508; x_wconf 86' lang='lat' dir='ltr'><strong>templum,</strong></span> <span class='ocrx_word' id='word_1_592' title='bbox 1308 4455 1480 4509; x_wconf 80' lang='lat' dir='ltr'><strong>prope</strong></span> <span class='ocrx_word' id='word_1_593' title='bbox 1528 4442 1674 4509; x_wconf 86' lang='lat' dir='ltr'><strong>quod</strong></span> <span class='ocrx_word' id='word_1_594' title='bbox 1733 4443 1940 4499; x_wconf 87' lang='lat' dir='ltr'><strong>habita-</strong></span> 
     </span>
    </p>
   </div>
   <div class='ocr_carea' id='block_1_89' title="bbox 2048 4436 3637 4515">
    <p class='ocr_par' dir='ltr' id='par_1_89' title="bbox 2061 4439 3637 4515">
     <span class='ocr_line' id='line_1_90' title="bbox 2061 4439 3637 4515; baseline -0.001 -19"><span class='ocrx_word' id='word_1_595' title='bbox 2061 4443 2302 4511; x_wconf 81' lang='grc' dir='ltr'>συλλόγῳ</span> <span class='ocrx_word' id='word_1_596' title='bbox 2374 4443 2467 4495; x_wconf 77' lang='grc' dir='ltr'>καὶ</span> <span class='ocrx_word' id='word_1_597' title='bbox 2526 4439 2979 4515; x_wconf 82' lang='grc' dir='ltr'>συναριθμεῖσθαι</span> <span class='ocrx_word' id='word_1_598' title='bbox 3023 4444 3140 4504; x_wconf 87' lang='grc' dir='ltr'>τοῖς</span> <span class='ocrx_word' id='word_1_599' title='bbox 3195 4442 3637 4510; x_wconf 76' lang='grc' dir='ltr'>ταόουλλαρίοις·</span> 
     </span>
    </p>
   </div>
   <div class='ocr_carea' id='block_1_90' title="bbox 352 4530 1933 4604">
    <p class='ocr_par' dir='ltr' id='par_1_90' title="bbox 352 4530 1933 4604">
     <span class='ocr_line' id='line_1_91' title="bbox 352 4530 1933 4604; baseline 0.001 -20"><span class='ocrx_word' id='word_1_600' title='bbox 352 4530 564 4584; x_wconf 86' lang='lat' dir='ltr'><strong>tionem</strong></span> <span class='ocrx_word' id='word_1_601' title='bbox 609 4530 793 4595; x_wconf 88' lang='lat' dir='ltr'><strong>habet,</strong></span> <span class='ocrx_word' id='word_1_602' title='bbox 854 4530 1084 4599; x_wconf 87' lang='lat' dir='ltr'><strong>ingredi,</strong></span> <span class='ocrx_word' id='word_1_603' title='bbox 1121 4532 1381 4587; x_wconf 84' lang='lat' dir='ltr'><strong>omnibus</strong></span> <span class='ocrx_word' id='word_1_604' title='bbox 1437 4532 1725 4587; x_wconf 84' lang='lat' dir='ltr'><strong>tabulariis</strong></span> <span class='ocrx_word' id='word_1_605' title='bbox 1808 4546 1933 4604; x_wconf 72' lang='lat' dir='ltr'><strong>toga</strong></span> 
     </span>
    </p>
   </div>
   <div class='ocr_carea' id='block_1_91' title="bbox 350 4622 1934 4692">
    <p class='ocr_par' dir='ltr' id='par_1_91' title="bbox 350 4622 1934 4692">
     <span class='ocr_line' id='line_1_92' title="bbox 350 4622 1934 4692; baseline 0.004 -17"><span class='ocrx_word' id='word_1_606' title='bbox 350 4622 583 4685; x_wconf 86' lang='lat' dir='ltr'><strong>iudutis,</strong></span> <span class='ocrx_word' id='word_1_607' title='bbox 643 4630 698 4677; x_wconf 90' lang='lat' dir='ltr'><strong>et</strong></span> <span class='ocrx_word' id='word_1_608' title='bbox 738 4625 1057 4677; x_wconf 84' lang='lat' dir='ltr'><strong>consecrari</strong></span> <span class='ocrx_word' id='word_1_609' title='bbox 1116 4640 1213 4692; x_wconf 90' lang='lat' dir='ltr'><strong>per</strong></span> <span class='ocrx_word' id='word_1_610' title='bbox 1266 4625 1574 4680; x_wconf 79' lang='lat' dir='ltr'><strong>orationem</strong></span> <span class='ocrx_word' id='word_1_611' title='bbox 1627 4628 1934 4682; x_wconf 78' lang='lat' dir='ltr'><strong>sacerdotis</strong></span> 
     </span>
    </p>
   </div>
   <div class='ocr_carea' id='block_1_92' title="bbox 303 4716 1934 4786">
    <p class='ocr_par' dir='ltr' id='par_1_92' title="bbox 303 4716 1934 4786">
     <span class='ocr_line' id='line_1_93' title="bbox 303 4716 1934 4786; baseline 0.004 -22"><span class='ocrx_word' id='word_1_612' title='bbox 303 4749 317 4772; x_wconf 89' lang='lat'><strong>.</strong></span> <span class='ocrx_word' id='word_1_613' title='bbox 352 4724 474 4782; x_wconf 79' lang='lat' dir='ltr'><strong>toga</strong></span> <span class='ocrx_word' id='word_1_614' title='bbox 530 4722 755 4768; x_wconf 83' lang='lat' dir='ltr'><strong>exutum</strong></span> <span class='ocrx_word' id='word_1_615' title='bbox 788 4726 841 4769; x_wconf 90' lang='lat' dir='ltr'><strong>et</strong></span> <span class='ocrx_word' id='word_1_616' title='bbox 886 4716 1012 4769; x_wconf 88' lang='lat' dir='ltr'><strong>albo</strong></span> <span class='ocrx_word' id='word_1_617' title='bbox 1060 4717 1392 4770; x_wconf 78' lang='lat' dir='ltr'><strong>vestimento</strong></span> <span class='ocrx_word' id='word_1_618' title='bbox 1424 4727 1698 4786; x_wconf 88' lang='lat' dir='ltr'><strong>opertum,</strong></span> <span class='ocrx_word' id='word_1_619' title='bbox 1728 4727 1783 4773; x_wconf 91' lang='lat' dir='ltr'><strong>et</strong></span> <span class='ocrx_word' id='word_1_620' title='bbox 1822 4720 1934 4773; x_wconf 83' lang='lat' dir='ltr'><strong>cir-</strong></span> 
     </span>
    </p>
   </div>
   <div class='ocr_carea' id='block_1_93' title="bbox 350 4806 1935 4879">
    <p class='ocr_par' dir='ltr' id='par_1_93' title="bbox 350 4806 1935 4879">
     <span class='ocr_line' id='line_1_94' title="bbox 350 4806 1935 4879; baseline 0.005 -24"><span class='ocrx_word' id='word_1_621' title='bbox 350 4806 667 4860; x_wconf 79' lang='lat' dir='ltr'><strong>cumdatum</strong></span> <span class='ocrx_word' id='word_1_622' title='bbox 700 4808 987 4861; x_wconf 83' lang='lat' dir='ltr'><strong>tahulariis</strong></span> <span class='ocrx_word' id='word_1_623' title='bbox 1016 4807 1274 4861; x_wconf 87' lang='lat' dir='ltr'><strong>omnibus</strong></span> <span class='ocrx_word' id='word_1_624' title='bbox 1324 4818 1448 4879; x_wconf 84' lang='lat' dir='ltr'><strong>toga</strong></span> <span class='ocrx_word' id='word_1_625' title='bbox 1484 4810 1713 4876; x_wconf 88' lang='lat' dir='ltr'><strong>indutis,</strong></span> <span class='ocrx_word' id='word_1_626' title='bbox 1745 4811 1935 4879; x_wconf 84' lang='lat' dir='ltr'><strong>primi-</strong></span> 
     </span>
    </p>
   </div>
   <div class='ocr_carea' id='block_1_94' title="bbox 349 4898 1934 4953">
    <p class='ocr_par' dir='ltr' id='par_1_94' title="bbox 349 4898 1934 4953">
     <span class='ocr_line' id='line_1_95' title="bbox 349 4898 1934 4953; baseline 0.002 -3"><span class='ocrx_word' id='word_1_627' title='bbox 349 4898 498 4950; x_wconf 76' lang='lat' dir='ltr'><strong>cet-io</strong></span> <span class='ocrx_word' id='word_1_628' title='bbox 532 4898 867 4951; x_wconf 91' lang='lat' dir='ltr'><strong>thuribulum</strong></span> <span class='ocrx_word' id='word_1_629' title='bbox 928 4907 1146 4953; x_wconf 78' lang='lat' dir='ltr'><strong>tenente</strong></span> <span class='ocrx_word' id='word_1_630' title='bbox 1177 4907 1231 4952; x_wconf 89' lang='lat' dir='ltr'><strong>et</strong></span> <span class='ocrx_word' id='word_1_631' title='bbox 1261 4899 1327 4951; x_wconf 82' lang='lat' dir='ltr'><strong>ad</strong></span> <span class='ocrx_word' id='word_1_632' title='bbox 1390 4898 1535 4952; x_wconf 91' lang='lat' dir='ltr'><strong>hunc</strong></span> <span class='ocrx_word' id='word_1_633' title='bbox 1566 4900 1772 4953; x_wconf 87' lang='lat' dir='ltr'><strong>bonum</strong></span> <span class='ocrx_word' id='word_1_634' title='bbox 1806 4899 1934 4953; x_wconf 86' lang='lat' dir='ltr'><strong>odo-</strong></span> 
     </span>
    </p>
   </div>
   <div class='ocr_carea' id='block_1_95' title="bbox 350 4985 1932 5058">
    <p class='ocr_par' dir='ltr' id='par_1_95' title="bbox 350 4985 1932 5058">
     <span class='ocr_line' id='line_1_96' title="bbox 350 4985 1932 5058; baseline 0.004 -23"><span class='ocrx_word' id='word_1_635' title='bbox 350 4998 466 5037; x_wconf 79' lang='lat' dir='ltr'><strong>rem</strong></span> <span class='ocrx_word' id='word_1_636' title='bbox 522 4985 830 5048; x_wconf 71' lang='lat' dir='ltr'><strong>erititteute,</strong></span> <span class='ocrx_word' id='word_1_637' title='bbox 875 4986 1005 5039; x_wconf 89' lang='lat' dir='ltr'><strong>dum</strong></span> <span class='ocrx_word' id='word_1_638' title='bbox 1066 4988 1322 5041; x_wconf 90' lang='lat' dir='ltr'><strong>manibus</strong></span> <span class='ocrx_word' id='word_1_639' title='bbox 1372 4988 1545 5058; x_wconf 77' lang='lat' dir='ltr'><strong>legem</strong></span> <span class='ocrx_word' id='word_1_640' title='bbox 1588 4988 1832 5058; x_wconf 62' lang='lat' dir='ltr'><strong>prmfert,</strong></span> <span class='ocrx_word' id='word_1_641' title='bbox 1867 4991 1932 5043; x_wconf 73' lang='lat' dir='ltr'><strong>ad</strong></span> 
     </span>
    </p>
   </div>
   <div class='ocr_carea' id='block_1_96' title="bbox 349 5076 1935 5152">
    <p class='ocr_par' dir='ltr' id='par_1_96' title="bbox 349 5076 1935 5152">
     <span class='ocr_line' id='line_1_97' title="bbox 349 5076 1935 5152; baseline 0.005 -25"><span class='ocrx_word' id='word_1_642' title='bbox 349 5076 692 5146; x_wconf 70' lang='lat' dir='ltr'><strong>dirigentium</strong></span> <span class='ocrx_word' id='word_1_643' title='bbox 726 5077 845 5145; x_wconf 88' lang='lat' dir='ltr'><strong>ejus</strong></span> <span class='ocrx_word' id='word_1_644' title='bbox 876 5079 990 5133; x_wconf 86' lang='lat' dir='ltr'><strong>vias</strong></span> <span class='ocrx_word' id='word_1_645' title='bbox 1025 5095 1117 5149; x_wconf 87' lang='lat' dir='ltr'><strong>per</strong></span> <span class='ocrx_word' id='word_1_646' title='bbox 1147 5080 1493 5135; x_wconf 88' lang='lat' dir='ltr'><strong>thuribulum</strong></span> <span class='ocrx_word' id='word_1_647' title='bbox 1528 5082 1847 5152; x_wconf 83' lang='lat' dir='ltr'><strong>significati,</strong></span> <span class='ocrx_word' id='word_1_648' title='bbox 1872 5093 1935 5137; x_wconf 87' lang='lat' dir='ltr'><strong>ut</strong></span> 
     </span>
    </p>
   </div>
   <div class='ocr_carea' id='block_1_97' title="bbox 2039 4522 3636 4604">
    <p class='ocr_par' dir='ltr' id='par_1_97' title="bbox 2039 4522 3636 4604">
     <span class='ocr_line' id='line_1_98' title="bbox 2039 4522 3636 4604; baseline -0.001 -17"><span class='ocrx_word' id='word_1_649' title='bbox 2039 4536 2237 4587; x_wconf 78' lang='grc' dir='ltr'>ἔπειτα</span> <span class='ocrx_word' id='word_1_650' title='bbox 2297 4535 2353 4586; x_wconf 82' lang='grc' dir='ltr'>ὲν</span> <span class='ocrx_word' id='word_1_651' title='bbox 2386 4532 2522 4604; x_wconf 75' lang='grc' dir='ltr'>ναῷ,</span> <span class='ocrx_word' id='word_1_652' title='bbox 2569 4522 2630 4585; x_wconf 75' lang='grc' dir='ltr'>οὗ</span> <span class='ocrx_word' id='word_1_653' title='bbox 2680 4533 2913 4603; x_wconf 85' lang='grc' dir='ltr'>πλησίον</span> <span class='ocrx_word' id='word_1_654' title='bbox 2973 4532 3078 4603; x_wconf 83' lang='grc' dir='ltr'>τὴν</span> <span class='ocrx_word' id='word_1_655' title='bbox 3128 4532 3450 4602; x_wconf 84' lang='grc' dir='ltr'>κατοίκησιν</span> <span class='ocrx_word' id='word_1_656' title='bbox 3497 4533 3636 4603; x_wconf 71' lang='grc' dir='ltr'>ἔχει,</span> 
     </span>
    </p>
   </div>
   <div class='ocr_carea' id='block_1_98' title="bbox 2038 4623 3636 4695">
    <p class='ocr_par' dir='ltr' id='par_1_98' title="bbox 2038 4623 3636 4695">
     <span class='ocr_line' id='line_1_99' title="bbox 2038 4623 3636 4695; baseline -0.001 -16"><span class='ocrx_word' id='word_1_657' title='bbox 2038 4625 2406 4695; x_wconf 79' lang='grc' dir='ltr'>ἀφικνεῖσθαι,</span> <span class='ocrx_word' id='word_1_658' title='bbox 2465 4626 2685 4679; x_wconf 80' lang='grc' dir='ltr'>πάντων</span> <span class='ocrx_word' id='word_1_659' title='bbox 2715 4623 2824 4677; x_wconf 85' lang='grc' dir='ltr'>τῶν</span> <span class='ocrx_word' id='word_1_660' title='bbox 2872 4623 3280 4694; x_wconf 80' lang='grc' dir='ltr'>ταϐουλλαρίων</span> <span class='ocrx_word' id='word_1_661' title='bbox 3315 4625 3636 4695; x_wconf 75' lang='grc' dir='ltr'>ὲφεστρίδας</span> 
     </span>
    </p>
   </div>
   <div class='ocr_carea' id='block_1_99' title="bbox 2038 4714 3632 4788">
    <p class='ocr_par' dir='ltr' id='par_1_99' title="bbox 2038 4714 3632 4788">
     <span class='ocr_line' id='line_1_100' title="bbox 2038 4714 3632 4788; baseline -0.003 -17"><span class='ocrx_word' id='word_1_662' title='bbox 2038 4717 2457 4788; x_wconf 76' lang='grc' dir='ltr'>ἡμφιεσμένων,</span> <span class='ocrx_word' id='word_1_663' title='bbox 2520 4715 2616 4768; x_wconf 74' lang='grc' dir='ltr'><strong>καὶ</strong></span> <span class='ocrx_word' id='word_1_664' title='bbox 2676 4714 2951 4767; x_wconf 84' lang='grc' dir='ltr'>τελεῖσθαι</span> <span class='ocrx_word' id='word_1_665' title='bbox 3012 4714 3081 4767; x_wconf 86' lang='grc' dir='ltr'>δι’</span> <span class='ocrx_word' id='word_1_666' title='bbox 3106 4714 3279 4785; x_wconf 81' lang='grc' dir='ltr'>εὐχῆς</span> <span class='ocrx_word' id='word_1_667' title='bbox 3307 4715 3401 4768; x_wconf 80' lang='grc' dir='ltr'>τοῦ</span> <span class='ocrx_word' id='word_1_668' title='bbox 3439 4715 3632 4785; x_wconf 80' lang='grc' dir='ltr'>ἱερέως</span> 
     </span>
    </p>
   </div>
   <div class='ocr_carea' id='block_1_100' title="bbox 2039 4806 3626 4880">
    <p class='ocr_par' dir='ltr' id='par_1_100' title="bbox 2039 4806 3626 4880">
     <span class='ocr_line' id='line_1_101' title="bbox 2039 4806 3626 4880; baseline -0.001 -18"><span class='ocrx_word' id='word_1_669' title='bbox 2039 4812 2137 4880; x_wconf 79' lang='grc' dir='ltr'><strong>τὴν</strong></span> <span class='ocrx_word' id='word_1_670' title='bbox 2188 4806 2479 4878; x_wconf 79' lang='grc' dir='ltr'>ἐφεστρίδα</span> <span class='ocrx_word' id='word_1_671' title='bbox 2534 4806 3102 4876; x_wconf 72' lang='grc' dir='ltr'>ἁποὸαλλόμενονκαὶ</span> <span class='ocrx_word' id='word_1_672' title='bbox 3144 4808 3339 4860; x_wconf 74' lang='grc' dir='ltr'>λευκὸν</span> <span class='ocrx_word' id='word_1_673' title='bbox 3371 4808 3626 4877; x_wconf 83' lang='grc' dir='ltr'>φελόνιον</span> 
     </span>
    </p>
   </div>
   <div class='ocr_carea' id='block_1_101' title="bbox 2036 4899 3618 4970">
    <p class='ocr_par' dir='ltr' id='par_1_101' title="bbox 2036 4899 3618 4970">
     <span class='ocr_line' id='line_1_102' title="bbox 2036 4899 3618 4970; baseline -0.001 -17"><span class='ocrx_word' id='word_1_674' title='bbox 2036 4901 2502 4969; x_wconf 79' lang='grc' dir='ltr'>ὲνδιδυσκόμενον,</span> <span class='ocrx_word' id='word_1_675' title='bbox 2548 4899 2644 4953; x_wconf 78' lang='grc' dir='ltr'>καὶ</span> <span class='ocrx_word' id='word_1_676' title='bbox 2676 4899 3142 4969; x_wconf 83' lang='grc' dir='ltr'>προπεμπόμενον</span> <span class='ocrx_word' id='word_1_677' title='bbox 3175 4900 3331 4970; x_wconf 74' lang='grc' dir='ltr'>παρὰ</span> <span class='ocrx_word' id='word_1_678' title='bbox 3369 4899 3489 4953; x_wconf 87' lang='grc' dir='ltr'><strong>τῶν</strong></span> <span class='ocrx_word' id='word_1_679' title='bbox 3517 4912 3618 4951; x_wconf 64' lang='grc' dir='ltr'>ται-</span> 
     </span>
    </p>
   </div>
   <div class='ocr_carea' id='block_1_102' title="bbox 2037 4991 3624 5062">
    <p class='ocr_par' dir='ltr' id='par_1_102' title="bbox 2037 4991 3624 5062">
     <span class='ocr_line' id='line_1_103' title="bbox 2037 4991 3624 5062; baseline -0.001 -17"><span class='ocrx_word' id='word_1_680' title='bbox 2037 4992 2371 5062; x_wconf 80' lang='grc' dir='ltr'>6ουλλαρίων</span> <span class='ocrx_word' id='word_1_681' title='bbox 2419 4992 2641 5044; x_wconf 80' lang='grc' dir='ltr'>πάντων</span> <span class='ocrx_word' id='word_1_682' title='bbox 2685 4991 2785 5054; x_wconf 69' lang='grc' dir='ltr'>τὰς</span> <span class='ocrx_word' id='word_1_683' title='bbox 2823 4992 3148 5062; x_wconf 81' lang='grc' dir='ltr'>ὲφεστρίδας</span> <span class='ocrx_word' id='word_1_684' title='bbox 3197 4992 3624 5062; x_wconf 80' lang='grc' dir='ltr'>ἠμφιεσμένων,</span> 
     </span>
    </p>
   </div>
   <div class='ocr_carea' id='block_1_103' title="bbox 2036 5083 3631 5155">
    <p class='ocr_par' dir='ltr' id='par_1_103' title="bbox 2036 5083 3631 5155">
     <span class='ocr_line' id='line_1_104' title="bbox 2036 5083 3631 5155; baseline -0.001 -18"><span class='ocrx_word' id='word_1_685' title='bbox 2036 5083 2129 5137; x_wconf 75' lang='grc' dir='ltr'>τοῦ</span> <span class='ocrx_word' id='word_1_686' title='bbox 2158 5083 2567 5154; x_wconf 86' lang='grc' dir='ltr'>πριμμικηρίου</span> <span class='ocrx_word' id='word_1_687' title='bbox 2608 5083 2968 5154; x_wconf 79' lang='grc' dir='ltr'>θυμιατήριον</span> <span class='ocrx_word' id='word_1_688' title='bbox 2993 5083 3209 5154; x_wconf 75' lang='grc' dir='ltr'>ἔχοντος</span> <span class='ocrx_word' id='word_1_689' title='bbox 3237 5084 3331 5137; x_wconf 77' lang='grc' dir='ltr'><strong>καὶ</strong></span> <span class='ocrx_word' id='word_1_690' title='bbox 3369 5084 3505 5155; x_wconf 78' lang='grc' dir='ltr'>πρὸς</span> <span class='ocrx_word' id='word_1_691' title='bbox 3530 5084 3631 5136; x_wconf 80' lang='grc' dir='ltr'>αύ-</span> 
     </span>
    </p>
   </div>
   <div class='ocr_carea' id='block_1_104' title="bbox 339 5169 1940 5246">
    <p class='ocr_par' dir='ltr' id='par_1_104' title="bbox 339 5169 1932 5245">
     <span class='ocr_line' id='line_1_105' title="bbox 339 5169 1932 5245; baseline 0.006 -26"><span class='ocrx_word' id='word_1_692' title='bbox 339 5169 639 5243; x_wconf 71' lang='lat' dir='ltr'><strong>incensum</strong></span> <span class='ocrx_word' id='word_1_693' title='bbox 686 5183 871 5223; x_wconf 88' lang='lat' dir='ltr'><strong>coram</strong></span> <span class='ocrx_word' id='word_1_694' title='bbox 924 5170 1193 5237; x_wconf 84' lang='lat' dir='ltr'><strong>Domino;</strong></span> <span class='ocrx_word' id='word_1_695' title='bbox 1246 5174 1321 5226; x_wconf 88' lang='lat' dir='ltr'><strong>ita</strong></span> <span class='ocrx_word' id='word_1_696' title='bbox 1381 5174 1547 5245; x_wconf 87' lang='lat' dir='ltr'><strong>igitur</strong></span> <span class='ocrx_word' id='word_1_697' title='bbox 1604 5174 1840 5242; x_wconf 83' lang='lat' dir='ltr'><strong>gloriose</strong></span> <span class='ocrx_word' id='word_1_698' title='bbox 1877 5176 1932 5229; x_wconf 91' lang='lat' dir='ltr'><strong>iu</strong></span> 
     </span>
    </p>
   </div>
   <div class='ocr_carea' id='block_1_105' title="bbox 2048 5169 3622 5246">
    <p class='ocr_par' dir='ltr' id='par_1_105' title="bbox 2048 5172 3622 5246">
     <span class='ocr_line' id='line_1_106' title="bbox 2048 5172 3622 5246; baseline -0.001 -17"><span class='ocrx_word' id='word_1_699' title='bbox 2048 5176 2127 5231; x_wconf 69' lang='grc' dir='ltr'><strong>τὸν</strong></span> <span class='ocrx_word' id='word_1_700' title='bbox 2175 5177 2275 5245; x_wconf 83' lang='grc' dir='ltr'><strong>τὴν</strong></span> <span class='ocrx_word' id='word_1_701' title='bbox 2337 5175 2568 5228; x_wconf 82' lang='grc' dir='ltr'>εὐωδίαν</span> <span class='ocrx_word' id='word_1_702' title='bbox 2612 5172 3019 5242; x_wconf 74' lang='grc' dir='ltr'>ἐκπέμποντος,</span> <span class='ocrx_word' id='word_1_703' title='bbox 3051 5176 3117 5228; x_wconf 78' lang='grc' dir='ltr'><strong>ἐν</strong></span> <span class='ocrx_word' id='word_1_704' title='bbox 3157 5177 3278 5238; x_wconf 84' lang='grc' dir='ltr'>ταῖς</span> <span class='ocrx_word' id='word_1_705' title='bbox 3324 5176 3483 5246; x_wconf 75' lang='grc' dir='ltr'>χερσὶ</span> <span class='ocrx_word' id='word_1_706' title='bbox 3526 5178 3622 5228; x_wconf 82' lang='grc' dir='ltr'>τὸν</span> 
     </span>
    </p>
   </div>
   <div class='ocr_carea' id='block_1_106' title="bbox 352 5261 1936 5333">
    <p class='ocr_par' dir='ltr' id='par_1_106' title="bbox 352 5261 1936 5333">
     <span class='ocr_line' id='line_1_107' title="bbox 352 5261 1936 5333; baseline 0.008 -24"><span class='ocrx_word' id='word_1_707' title='bbox 352 5261 610 5315; x_wconf 73' lang='lat' dir='ltr'><strong>cathedra</strong></span> <span class='ocrx_word' id='word_1_708' title='bbox 650 5262 909 5316; x_wconf 88' lang='lat' dir='ltr'><strong>collocari</strong></span> <span class='ocrx_word' id='word_1_709' title='bbox 969 5279 1132 5333; x_wconf 83' lang='lat' dir='ltr'><strong>quam</strong></span> <span class='ocrx_word' id='word_1_710' title='bbox 1167 5265 1398 5321; x_wconf 87' lang='lat' dir='ltr'><strong>sortitus</strong></span> <span class='ocrx_word' id='word_1_711' title='bbox 1446 5276 1529 5323; x_wconf 87' lang='lat' dir='ltr'><strong>est</strong></span> <span class='ocrx_word' id='word_1_712' title='bbox 1558 5286 1572 5333; x_wconf 92' lang='lat'><strong>;</strong></span> <span class='ocrx_word' id='word_1_713' title='bbox 1603 5266 1799 5323; x_wconf 79' lang='lat' dir='ltr'><strong>deinde</strong></span> <span class='ocrx_word' id='word_1_714' title='bbox 1836 5268 1936 5322; x_wconf 85' lang='lat' dir='ltr'><strong>do-</strong></span> 
     </span>
    </p>
   </div>
   <div class='ocr_carea' id='block_1_107' title="bbox 352 5351 1940 5429">
    <p class='ocr_par' dir='ltr' id='par_1_107' title="bbox 352 5351 1940 5429">
     <span class='ocr_line' id='line_1_108' title="bbox 352 5351 1940 5429; baseline 0.009 -29"><span class='ocrx_word' id='word_1_715' title='bbox 352 5366 500 5402; x_wconf 89' lang='lat' dir='ltr'><strong>mum</strong></span> <span class='ocrx_word' id='word_1_716' title='bbox 532 5351 707 5407; x_wconf 83' lang='lat' dir='ltr'><strong>rcdire</strong></span> <span class='ocrx_word' id='word_1_717' title='bbox 769 5369 893 5407; x_wconf 92' lang='lat' dir='ltr'><strong>cum</strong></span> <span class='ocrx_word' id='word_1_718' title='bbox 926 5370 1040 5409; x_wconf 75' lang='lat' dir='ltr'><strong>sua:</strong></span> <span class='ocrx_word' id='word_1_719' title='bbox 1092 5356 1380 5427; x_wconf 81' lang='lat' dir='ltr'><strong>dignitatis</strong></span> <span class='ocrx_word' id='word_1_720' title='bbox 1426 5369 1710 5429; x_wconf 83' lang='lat' dir='ltr'><strong>apparatu,</strong></span> <span class='ocrx_word' id='word_1_721' title='bbox 1750 5361 1940 5414; x_wconf 84' lang='lat' dir='ltr'><strong>convi-</strong></span> 
     </span>
    </p>
   </div>
   <div class='ocr_carea' id='block_1_108' title="bbox 2036 5265 3631 5339">
    <p class='ocr_par' dir='ltr' id='par_1_108' title="bbox 2036 5265 3631 5339">
     <span class='ocr_line' id='line_1_109' title="bbox 2036 5265 3631 5339; baseline -0.001 -17"><span class='ocrx_word' id='word_1_722' title='bbox 2036 5269 2195 5339; x_wconf 83' lang='grc' dir='ltr'>νόμον</span> <span class='ocrx_word' id='word_1_723' title='bbox 2249 5267 2673 5337; x_wconf 70' lang='grc' dir='ltr'>ἐπιφερόμενον,</span> <span class='ocrx_word' id='word_1_724' title='bbox 2709 5265 2804 5319; x_wconf 85' lang='grc' dir='ltr'>τοῦ</span> <span class='ocrx_word' id='word_1_725' title='bbox 2849 5267 3186 5322; x_wconf 68' lang='grc' dir='ltr'>κατευθῦναι</span> <span class='ocrx_word' id='word_1_726' title='bbox 3215 5268 3315 5331; x_wconf 84' lang='grc' dir='ltr'>τὰς</span> <span class='ocrx_word' id='word_1_727' title='bbox 3343 5268 3504 5332; x_wconf 82' lang='grc' dir='ltr'>ὁδοὺς</span> <span class='ocrx_word' id='word_1_728' title='bbox 3529 5267 3631 5321; x_wconf 86' lang='grc' dir='ltr'><strong>αὔ-</strong></span> 
     </span>
    </p>
   </div>
   <div class='ocr_carea' id='block_1_109' title="bbox 2046 5355 3632 5436">
    <p class='ocr_par' dir='ltr' id='par_1_109' title="bbox 2046 5355 3632 5436">
     <span class='ocr_line' id='line_1_110' title="bbox 2046 5355 3632 5436; baseline 0.001 -25"><span class='ocrx_word' id='word_1_729' title='bbox 2046 5360 2142 5412; x_wconf 83' lang='grc' dir='ltr'>τοῦ</span> <span class='ocrx_word' id='word_1_730' title='bbox 2173 5358 2259 5411; x_wconf 83' lang='grc' dir='ltr'>διὰ</span> <span class='ocrx_word' id='word_1_731' title='bbox 2290 5358 2384 5412; x_wconf 83' lang='grc' dir='ltr'>τοῦ</span> <span class='ocrx_word' id='word_1_732' title='bbox 2422 5358 2785 5430; x_wconf 82' lang='grc' dir='ltr'>θυμιατηρίου</span> <span class='ocrx_word' id='word_1_733' title='bbox 2814 5360 3340 5436; x_wconf 21' lang='grc' dir='ltr'>σημαινομένου,νὼς</span> <span class='ocrx_word' id='word_1_734' title='bbox 3377 5355 3632 5430; x_wconf 82' lang='grc' dir='ltr'>θυμίαμα</span> 
     </span>
    </p>
   </div>
   <div class='ocr_carea' id='block_1_110' title="bbox 1644 5524 2332 5582">
    <p class='ocr_par' dir='ltr' id='par_1_110' title="bbox 1644 5524 2332 5582">
     <span class='ocr_line' id='line_1_111' title="bbox 1644 5524 2332 5582; baseline -0.001 -1"><span class='ocrx_word' id='word_1_735' title='bbox 1644 5528 1731 5581; x_wconf 80' lang='lat' dir='ltr'><strong>VA</strong></span> <span class='ocrx_word' id='word_1_736' title='bbox 1744 5525 1882 5581; x_wconf 76' lang='lat' dir='ltr'><strong>RL-E</strong></span> <span class='ocrx_word' id='word_1_737' title='bbox 1923 5524 2217 5582; x_wconf 75' lang='lat' dir='ltr'><strong>LECTION</strong></span> <span class='ocrx_word' id='word_1_738' title='bbox 2229 5528 2332 5580; x_wconf 70' lang='lat' dir='ltr'><strong>ES.</strong></span> 
     </span>
    </p>
   </div>
   <div class='ocr_carea' id='block_1_111' title="bbox 414 5671 3628 5757">
    <p class='ocr_par' dir='ltr' id='par_1_111' title="bbox 414 5671 3628 5757">
     <span class='ocr_line' id='line_1_112' title="bbox 414 5671 3628 5757; baseline -0 -17"><span class='ocrx_word' id='word_1_739' title='bbox 414 5671 457 5757; x_wconf 32' lang='grc' dir='ltr'>Ὗ</span> <span class='ocrx_word' id='word_1_740' title='bbox 486 5672 587 5757; x_wconf 38' lang='lat'><strong>513‘!</strong></span> <span class='ocrx_word' id='word_1_741' title='bbox 602 5691 677 5757; x_wconf 48' lang='grc' dir='ltr'>,ιιι</span> <span class='ocrx_word' id='word_1_742' title='bbox 693 5678 852 5757; x_wconf 56' lang='grc' dir='ltr'><strong>ἧλωῂ</strong></span> <span class='ocrx_word' id='word_1_743' title='bbox 866 5682 932 5757; x_wconf 36' lang='lat' dir='ltr'><strong>ﬂ“</strong></span> <span class='ocrx_word' id='word_1_744' title='bbox 979 5684 1173 5757; x_wconf 52' lang='lat' dir='ltr'><strong>Exstat</strong></span> <span class='ocrx_word' id='word_1_745' title='bbox 1196 5685 1248 5737; x_wconf 88' lang='lat' dir='ltr'><strong>in</strong></span> <span class='ocrx_word' id='word_1_746' title='bbox 1280 5686 1469 5757; x_wconf 78' lang='lat' dir='ltr'><strong>codice</strong></span> <span class='ocrx_word' id='word_1_747' title='bbox 1498 5687 1599 5755; x_wconf 71' lang='grc' dir='ltr'><strong>τῆς</strong></span> <span class='ocrx_word' id='word_1_748' title='bbox 1626 5690 1789 5756; x_wconf 71' lang='grc' dir='ltr'>μονῆς</span> <span class='ocrx_word' id='word_1_749' title='bbox 1826 5687 1929 5739; x_wconf 78' lang='grc' dir='ltr'>τῶν</span> <span class='ocrx_word' id='word_1_750' title='bbox 1963 5687 2193 5756; x_wconf 68' lang='grc' dir='ltr'>Ἰϐήρων</span> <span class='ocrx_word' id='word_1_751' title='bbox 2226 5688 2276 5739; x_wconf 88' lang='lat' dir='ltr'><strong>iu</strong></span> <span class='ocrx_word' id='word_1_752' title='bbox 2308 5696 2492 5740; x_wconf 86' lang='lat' dir='ltr'><strong>monte</strong></span> <span class='ocrx_word' id='word_1_753' title='bbox 2530 5687 2745 5744; x_wconf 70' lang='lat' dir='ltr'><strong>Athone</strong></span> <span class='ocrx_word' id='word_1_754' title='bbox 2777 5688 2917 5757; x_wconf 66' lang='lat' dir='ltr'><strong>sitat,</strong></span> <span class='ocrx_word' id='word_1_755' title='bbox 2946 5698 3160 5743; x_wconf 88' lang='lat' dir='ltr'><strong>necnon</strong></span> <span class='ocrx_word' id='word_1_756' title='bbox 3196 5685 3251 5741; x_wconf 86' lang='lat' dir='ltr'><strong>in</strong></span> <span class='ocrx_word' id='word_1_757' title='bbox 3280 5683 3405 5741; x_wconf 90' lang='lat' dir='ltr'><strong>cod.</strong></span> <span class='ocrx_word' id='word_1_758' title='bbox 3443 5684 3628 5741; x_wconf 85' lang='lat' dir='ltr'><strong>Paris.</strong></span> 
     </span>
    </p>
   </div>
   <div class='ocr_carea' id='block_1_112' title="bbox 356 5728 1668 5813">
    <p class='ocr_par' dir='ltr' id='par_1_112' title="bbox 356 5728 1668 5813">
     <span class='ocr_line' id='line_1_113' title="bbox 356 5728 1668 5813; baseline 0.017 -24"><span class='ocrx_word' id='word_1_759' title='bbox 356 5728 426 5789; x_wconf 70' lang='lat' dir='ltr'><strong>Cu-</strong></span> <span class='ocrx_word' id='word_1_760' title='bbox 493 5741 613 5796; x_wconf 68' lang='lat'><strong>1551</strong></span> <span class='ocrx_word' id='word_1_761' title='bbox 652 5728 913 5803; x_wconf 57' lang='lat' dir='ltr'><strong>tutféitit.</strong></span> <span class='ocrx_word' id='word_1_762' title='bbox 954 5728 1175 5806; x_wconf 57' lang='lat' dir='ltr'><strong>atris&quot;;</strong></span> <span class='ocrx_word' id='word_1_763' title='bbox 1198 5728 1668 5813; x_wconf 62' lang='lat' dir='ltr'><strong>X.“&quot;s&#39;£”coi&#39;.&quot;a§;</strong></span> 
     </span>
    </p>
   </div>
   <div class='ocr_carea' id='block_1_113' title="bbox 1760 5758 2598 5822">
    <p class='ocr_par' dir='ltr' id='par_1_113' title="bbox 1760 5758 2598 5822">
     <span class='ocr_line' id='line_1_114' title="bbox 1760 5758 2598 5822; baseline -0.002 -11"><span class='ocrx_word' id='word_1_764' title='bbox 1760 5760 1803 5790; x_wconf 65' lang='grc'><strong>⁸³</strong></span> <span class='ocrx_word' id='word_1_765' title='bbox 1844 5758 1917 5822; x_wconf 73' lang='grc' dir='ltr'>ὡς</span> <span class='ocrx_word' id='word_1_766' title='bbox 1954 5759 2178 5815; x_wconf 78' lang='lat' dir='ltr'><strong>dolenda</strong></span> <span class='ocrx_word' id='word_1_767' title='bbox 2207 5773 2328 5814; x_wconf 75' lang='lat' dir='ltr'><strong>esse</strong></span> <span class='ocrx_word' id='word_1_768' title='bbox 2359 5760 2598 5814; x_wconf 80' lang='lat' dir='ltr'><strong>videtur.</strong></span> 
     </span>
    </p>
   </div>
  </div>
