4022 6464
327 537 552 609 Ἶὶσπερ
575 535 645 592 τά
667 533 832 607 νεῦρα
856 533 964 587 τῶν
997 530 1300 586 λαλούντων
1321 530 1571 601 ὀργάνων

342 629 508 684 Ῥέων
539 628 568 680 6
603 625 814 695 μακρὸς
835 624 897 676 οὐ
923 621 1226 694 διαφθείρει
1247 622 1458 692 χρόνος.

403 723 562 777 Ἐπεὶ
590 721 646 774 δὲ
684 718 1077 791 μαργαίνουσιν
1107 718 1171 769 ἐκ
1201 716 1492 786 πονηρίας,

331 817 570 886 Πέτρους
599 809 939 880 ὁλοιτρόχους
975 825 1035 861 τε
1066 808 1296 877 μεστοὺς
1326 806 1574 876 πικρίας,

331 909 539 975 Λόγους
570 901 695 957 καθ’
720 901 877 970 ἡμῶν
905 899 1253 969 σφενδονοῦσι
1285 896 1582 968 μακρόθεν,

329 1001 592 1065 Τέττιγος
626 991 920 1064 ἐδράξαντο
942 988 1036 1043 τοῦ
1068 988 1266 1057 πτεροῦ
1296 987 1369 1059 (4)
1396 988 1557 1057 τάχα,

329 1087 608 1152 Νύξαντες
637 1083 809 1154 ἡμᾶς,
850 1081 903 1134 εἶ
929 1098 981 1134 τι
1006 1079 1088 1132 δεῖ
1111 1080 1204 1132 καὶ
1227 1079 1535 1149 κομπάσαι,

329 1175 520 1233 Κακδν
561 1172 721 1242 κακῷ
749 1172 848 1242 μὲν
879 1170 1157 1240 ἐξιέμενος
1194 1168 1386 1234 πάλαι,

347 1269 407 1324 '0
433 1265 847 1339 μητροραίστης
870 1262 947 1331 (5)
977 1262 1143 1330 φησὶν
1166 1260 1444 1330 Ἀτρείδου
1479 1257 1655 1328 γόνος,

333 1359 645 1432 ’Δχρηστον
669 1349 830 1425 εὗρεν
862 1354 920 1406 ἐν
948 1353 1050 1422 βίῳ
1079 1353 1380 1422 παροιμίαν
1403 1367 1417 1380 ο

345 1453 491 1522 Ἐγὼ
522 1452 582 1504 δὲ
610 1447 764 1519 καλῷ
793 1446 958 1501 καλὸν
988 1445 1288 1516 ἐγγράφων
1321 1443 1504 1512 λόγον,

331 1544 438 1597 Τὸν
472 1541 673 1613 εὐσεϐῆ
706 1541 879 1596 λείπω
913 1555 979 1607 γε
1016 1537 1186 1609 μῦθον
1220 1537 1278 1588 ἐν
1307 1535 1410 1607 βίῳ

349 1638 408 1692 ⁸0
441 1633 852 1706 πατροραίστης
877 1627 1172 1692 δυσσεϐοῦς
1195 1627 1543 1691 διδασκάλου,

333 1727 457 1783 Κᾶν
491 1728 539 1779 εί
562 1724 910 1795 διαρραγεῖεν
932 1719 1195 1791 ’Έλληνες
1227 1718 1416 1790 μέσον,

330 1819 611 1882 Μανέντες
628 1820 686 1872 ἐν
715 1817 922 1886 λόγοισι
953 1815 1226 1885 Τελχίνων
1256 1814 1415 1884 μέτα.

402 1910 519 1963 Καὶ
544 1909 737 1981 πρῶτα
769 1908 868 1978 μὲν
902 1907 1050 1978 ζήλῳ
1083 1923 1146 1975 γε
1166 1905 1400 1976 ῥωσθεὶς
1429 1903 1601 1975 ἐνθέῳ

329 1997 573 2068 Χριστὸν
613 1993 809 2067 κριτὴν
831 1993 1021 2065 τίθημι
1040 1994 1131 2047 τὸν
1160 1994 1292 2047 Θεὸν
1323 1995 1518 2061 Λόγον,

341 2090 435 2154 Ὠς
459 2090 587 2144 ὄντα
623 2088 806 2159 πηγὴν
836 2088 936 2158 τῆς
961 2085 1223 2158 ἀληθείας
1258 2085 1421 2156 μόνον
1456 2103 1470 2115 ο

327 2184 442 2238 Καὶ
457 2181 536 2252 τῷ
560 2181 720 2251 Λόγῳ
749 2179 936 2250 θρόνον
967 2196 1029 2232 τε
1055 2179 1150 2233 καὶ
1184 2178 1337 2250 βῆμα
1370 2178 1563 2248 γράφω

327 2274 530 2338 Τάξεις
557 2273 929 2344 παρεστώτων
957 2287 1020 2340 γε
1042 2271 1258 2325 σεπτῶν
1285 2271 1558 2339 ἀγγέλων,

327 2368 446 2421 Καὶ
479 2365 736 2435 συγκαλῶ
769 2366 994 2438 θέατρον
1019 2364 1321 2437 ἀνθρώπων
1345 2365 1506 2433 μέγα,

330 2459 448 2512 Καὶ
473 2457 894 2530 προσκαλοῦμαι
922 2457 1048 2522 τοὺς
1080 2458 1249 2528 ἐμοὺς
1273 2457 1634 2528 κατηγόρους,

326 2553 512 2608 Μέσον
543 2549 829 2623 παρελθὼν
859 2549 934 2615 ῶς
963 2567 1048 2614 τις
1073 2549 1297 2621 ὁπλίτης
1315 2551 1457 2614 νέος,

328 2642 445 2695 Οὐκ
479 2645 564 2705 είς
594 2640 782 2710 ἀγῶνά
813 2659 957 2712 φημι
989 2641 1099 2695 τῶν
1119 2641 1460 2711 Ὀλυμπίων,

330 2735 676 2807 Ἐκκλησιῶν
701 2735 758 2789 δέ
793 2735 903 2790 τῶν
925 2735 1038 2790 ἄνω
1060 2737 1156 2790 καὶ
1174 2737 1283 2789 τῶν
1317 2737 1491 2799 κάτω,

326 2829 563 2899 Μέτειμι
589 2828 774 2884 λοιπὸν
807 2831 866 2883 ἐν
890 2829 1150 2900 κονίστρᾳ
1175 2828 1284 2883 τῶν
1315 2829 1509 2896 λόγων.

397 2921 658 2992 Ἔῤῥοιεν
685 2924 734 2976 oi
761 2921 824 2974 τὸ
854 2922 1008 2976 Θεῖον
1046 2922 1426 2992 ἐξηρνημένοι,

324 3013 571 3067 Μανεῖεν
601 3015 651 3066 oi
679 3015 918 3068 Μάνεντι
951 3015 1391 3086 συμμεμηνότες,

327 3103 595 3175 Φθαρεῖεν
627 3104 676 3156 οί
705 3103 956 3167 σέϐοντες
1000 3103 1269 3174 Ἐλλήνων
1308 3104 1486 3168 θεοὺς,

323 3196 490 3260 θεοὺς
513 3195 681 3267 ἔρωτι
711 3197 807 3250 καὶ
839 3197 1002 3250 πάθει
1026 3197 1426 3267 συνημμένους,

323 3289 491 3352 (θεοὺς
516 3288 610 3342 ὑπ’
635 3288 847 3359 ἀνδρῶν
872 3287 1108 3342 εὐτελῶν
1134 3290 1535 3359 τετρωμένους,

322 3379 491 3443 Θεούς
515 3396 578 3430 τε
604 3381 826 3449 μοιχοὺς
849 3379 943 3432 καὶ
969 3379 1096 3443 θεὰς
1124 3379 1492 3449 κασσωρίδας,

325 3472 462 3536 Θεὰς
492 3473 591 3526 ὑπ’
613 3474 824 3544 ἀνδρῶν
851 3473 1125 3544 βουκόλων
1147 3475 1529 3544 γαμουμένας,

322 3565 485 3630 Θεούς
518 3582 581 3619 τε
602 3566 829 3636 χωλοὺς,
854 3567 948 3620 καὶ
977 3566 1356 3638 παραϐλῶπας
1394 3567 1546 3630 θεάς.

388 3660 625 3714 Πέσοιεν
656 3660 703 3712 οἱ
735 3661 810 3730 μὴ
831 3659 1264 3730 προσκυνοῦντες
1287 3660 1576 3730 ἐμφρόνως

319 3751 434 3822 Θεῷ
461 3749 781 3822 προσώποις
797 3752 855 3806 ἐν
882 3751 1339 3822 τρισὶνοουμένῳ,

335 3847 701 3919 ’Υμνουμένῳ
724 3847 782 3900 δὲ
810 3849 876 3917 τῇ
903 3849 1004 3917 μιᾷ
1037 3846 1174 3916 μόνῃ
1201 3845 1360 3913 φύσει
1387 3861 1402 3874 ·

321 3939 552 3994 Θάνοιεν
571 3939 625 3992 οἱ
658 3939 758 4010 τὴν
786 3939 967 4010 σάρκα
1004 3937 1100 3991 τοῦ
1127 3937 1258 3990 Θεοῦ
1301 3937 1476 4005 Λόγου

322 4027 412 4094 Μὴ
445 4028 551 4079 σὺν
581 4026 733 4096 φόϐῳ
763 4026 1014 4090 σέϐοντες
1039 4026 1104 4079 ἐκ
1133 4024 1310 4096 ψυχῆς
1337 4026 1497 4096 ὃλης⁶

321 4113 558 4184 Χριστὸς
583 4115 953 4186 καταργήσειε
977 4115 1076 4178 τὰς
1113 4114 1486 4186 βλασφημίας,

321 4205 518 4277 Σωτὴρ
548 4205 887 4276 όλοθρεύσειε
912 4208 1095 4270 πάσας
1128 4208 1390 4276 αίρέσεις,

320 4299 559 4369 Χριστὸς
582 4298 628 4352 δ’
655 4298 978 4370 ἁμερδύνειε
1011 4299 1106 4352 καὶ
1135 4299 1244 4352 τῶν
1282 4298 1596 4368 σχισμάτων

321 4389 540 4460 Βλάϐην
569 4390 788 4443 ἃπασαν
820 4390 915 4443 καὶ
953 4390 1220 4459 πονηρίαν
1249 4389 1444 4459 φθόνου
1470 4405 1485 4420 ο

319 4480 514 4552 Σωτὴρ
544 4479 836 4534 ἀϊστώσειε
869 4483 996 4546 τοὺς
1026 4483 1185 4551 δόξης
1215 4482 1377 4553 χάριν

337 4572 674 4642 Ἐκκλησίαν
703 4572 1004 4642 τέμνοντας
1041 4576 1121 4638 είς
1152 4574 1469 4644 διαιρέσεις.

388 4663 581 4718 Ταῦτα
599 4664 784 4734 φρονῶ
807 4665 938 4730 ζῶν,
965 4666 1059 4718 καὶ
1094 4665 1268 4718 θανὼν
1297 4667 1413 4718 ἐκεῖ
1443 4665 1610 4720 πάλιν

319 4753 694 4826 Καυχώμενος
719 4756 940 4827 λέξαιμι
970 4757 1207 4823 πρόσθεν
1234 4757 1481 4827 ἀγγέλων
1505 4775 1522 4794 ο

319 4845 382 4898 Τί
400 4864 482 4900 σοι
514 4850 776 4918 χρεωστῶ
799 4849 892 4902 τοῦ
922 4851 1039 4913 νοὸς
1067 4849 1207 4903 κατὰ
1233 4849 1416 4916 πλέον,

1753 421 2146 482 APOLOGIA.
3491 415 3597 482 662

1942 532 1991 586 Α
2090 528 2229 582 Cum
2284 539 2411 578 vero
2453 524 2687 578 delirant
2745 538 2810 576 ex
2870 523 3230 593 malignitate,
3265 531 3320 580 et
3377 541 3476 579 ceu
3526 529 3605 581 la-
3660 591 3668 598 ,

2018 617 2236 689 pidibus
2295 617 2506 670 nocivis
2565 627 2619 669 et
2669 615 2968 668 acerbitate
3006 615 3219 685 plenis,
3259 619 3609 675 sermontbus

2015 726 2120 765 nos
2181 710 2453 778 impetunt
2537 708 2758 778 longum
2813 722 2910 776 per
2981 714 3236 777 tempus,
3289 709 3606 763 cicadarum

2018 809 2376 871 sumpserunt
2454 799 2572 854 alas
2621 800 2900 862 fortasse,
2963 808 3023 852 ut
3079 815 3176 855 nos
3251 800 3604 856 lacesserent.

2019 893 2074 946 Si
2109 891 2240 961 quid
2285 901 2500 962 oportet
2559 906 2816 962 magnum
2849 890 3033 959 loqui,
3072 891 3273 943 malum
3316 906 3416 958 pro
3467 891 3610 945 malo

2017 984 2284 1048 inferens,
2344 984 2478 1037 dicit
2548 985 2830 1038 matricida
2860 1024 2875 1047 ,
2921 984 3123 1037 Atridae
3177 984 3322 1038 filius
3361 1001 3375 1036 :
3415 984 3610 1038 inutile

2018 1075 2226 1131 invenit
2263 1076 2319 1130 in
2361 1077 2468 1131 vita
2506 1077 2874 1147 proverbium.
2916 1075 3028 1146 Ego
3081 1085 3264 1131 autem
3327 1077 3469 1132 bono
3509 1079 3606 1132 bo-

2019 1185 2148 1224 num
2205 1171 2514 1225 rescribens
2573 1186 2925 1236 sermonem,
2987 1171 3173 1239 linquo
3228 1169 3282 1222 in
3323 1170 3430 1222 vita
3492 1186 3607 1223 me-

2018 1262 2272 1325 moriam,
2317 1263 2586 1331 parricida
2619 1263 2768 1330 impii
2826 1263 3098 1332 magistri,
3127 1261 3382 1330 quamvis
3433 1260 3606 1316 Graeci

2018 1356 2072 1408 in
2107 1355 2286 1407 medio
2316 1355 2756 1425 disrumpantur,
2790 1355 2982 1409 furiosi
3016 1355 3144 1409 facti
3168 1354 3225 1409 in
3261 1354 3610 1410 sermonibus

2016 1459 2143 1499 cum
2176 1444 2477 1500 Telchinis.

2096 1849 2161 1904 Et
2195 1849 2432 1919 primum
2477 1849 2697 1918 quidem
2749 1849 2868 1904 zelo
2901 1856 3061 1904 actus
3108 1848 3295 1902 divino
3322 1848 3610 1903 Christum

1951 1930 1995 1986 Β
2018 1943 2260 2013 judicem
2293 1949 2475 1997 statuo
2509 1939 2676 1996 Deum
2719 1939 2954 1995 Verbum
2986 1982 3002 2006 ,
3035 1948 3094 1994 ut
3126 1949 3209 1995 est
3240 1939 3486 1995 veritatis
3518 1955 3609 1996 so-

2023 2035 2108 2090 lus
2132 2033 2292 2100 fons;
2319 2043 2374 2088 et
2391 2032 2571 2089 Verbo
2601 2035 2855 2087 thronum
2885 2042 2940 2089 et
2969 2035 3267 2090 scabellum
3301 2035 3486 2089 scribo
3512 2051 3606 2088 or-

2019 2127 2178 2182 dines
2214 2142 2340 2182 esse
2377 2126 2864 2181 circumstantium
2895 2134 3215 2181 sanctorum
3254 2127 3601 2195 angelorum,

2017 2227 2074 2273 et
2115 2234 2363 2273 convoco
2409 2232 2668 2287 magnum
2707 2217 2990 2272 hominum
3026 2227 3252 2281 emtum,
3305 2226 3360 2273 et
3392 2220 3611 2274 advoco

2018 2326 2169 2366 meos
2197 2319 2572 2375 accusatores,
2606 2310 2660 2363 in
2697 2311 2934 2365 medium
2967 2309 3301 2381 ingrediens,
3331 2319 3390 2365 ut
3428 2325 3606 2365 novus

2024 2401 2246 2470 quidam
2281 2401 2464 2467 miles,
2513 2416 2626 2454 non
2658 2400 2713 2455 in
2746 2410 3025 2455 certamen
3075 2401 3198 2456 dico
3235 2401 3607 2473 Olympicum,

2019 2492 2111 2546 sed
2141 2493 2193 2544 in
2249 2490 2526 2547 Ecclesias
2548 2507 2677 2560 quae
2706 2507 2870 2560 supra
2922 2501 2978 2548 et
3001 2493 3144 2548 infra
3177 2495 3479 2563 exsistunt,
3512 2495 3602 2548 in-

2018 2583 2238 2652 gredior
2269 2583 2490 2640 tandem
2519 2598 2842 2640 sermonum
2875 2599 3087 2640 aream.

2090 2928 2410 2997 Dispeream
2439 2927 2534 2996 qui
2560 2925 2728 2981 Deum
2759 2938 2981 2993 negant,
3016 2926 3173 2982 furiis
3200 2929 3475 2997 agitentur
3497 2933 3594 2999 qui

2015 3035 2140 3072 cum
2197 3018 2351 3072 Mane
2416 3018 2718 3080 insaniunt,
2773 3025 2994 3086 pereant
3041 3017 3132 3086 qui
3172 3018 3602 3073 culuntGraaco-

2017 3123 2136 3162 rum
2185 3109 2338 3170 deos,
2387 3108 2520 3163 deos
2570 3108 2745 3161 amori
2808 3115 2862 3162 et
2906 3108 3260 3176 passiouibus
3311 3109 3603 3175 obnoxios,

2016 3201 2150 3254 deus
2207 3216 2237 3254 a
2285 3201 2483 3255 vilibus
2528 3201 2663 3256 viris
2714 3201 3051 3265 vulneratos,
3084 3201 3217 3257 deos
3243 3204 3517 3257 adulteros
3550 3212 3604 3257 et

1937 3273 1980 3331 (ἶ
2019 3292 2151 3346 deas
2182 3293 2498 3347 meretrices
2523 3331 2537 3352 .
2588 3292 2722 3346 deas
2767 3308 2888 3360 quae
2936 3292 3098 3346 bourn
3148 3293 3473 3350 custodibus
3507 3310 3604 3348 nu-

2021 3387 2271 3450 pserunt,
2310 3380 2444 3437 deos
2471 3382 2698 3435 claudos
2723 3387 2778 3434 et
2802 3379 2933 3435 deas
2969 3381 3174 3438 luscas.

2093 3645 2305 3700 Cadant
2335 3644 2428 3712 qui
2459 3659 2566 3699 non
2593 3644 2944 3699 adoraverint
2977 3643 3271 3714 prudenter
3296 3643 3462 3699 Deum
3489 3646 3560 3700 tri

2017 3737 2121 3792 bus
2168 3737 2222 3790 in
2275 3735 2525 3805 personis
2554 3736 2836 3806 cognitum
2861 3774 2878 3800 ,
2922 3736 3370 3805 celebratumque
3399 3738 3451 3790 in
3485 3753 3596 3791 una

2014 3830 2129 3886 sola
2180 3838 2398 3883 natura.
2442 3827 2745 3884 Moriantur
2771 3829 2864 3899 qui
2896 3844 3114 3883 carnem
3147 3828 3239 3882 Dei
3271 3827 3434 3883 Verbi
3474 3845 3598 3883 cum

2016 3923 2213 3976 timore
2246 3936 2353 3975 non
2382 3921 2657 3975 coluerint
2684 3936 2748 3975 ex
2795 3929 2907 3974 tota
2939 3930 3138 3975 mente.
3180 3919 3436 3975 Christus
3466 3936 3600 3974 con-

2023 4012 2218 4068 fundat
2272 4013 2681 4082 blasphemias;
2717 4010 2968 4064 Salvator
3013 4011 3339 4065 exterminet
3403 4026 3599 4066 omnes

2016 4107 2295 4174 haereses;
2331 4107 2587 4163 Christus
2633 4107 2864 4177 dissipet
2903 4105 3264 4161 schistnatum
3323 4105 3597 4174 perversi-

2019 4209 2187 4256 tatem
2222 4217 2436 4255 omneln
2492 4210 2546 4254 et
2592 4199 2986 4268 malignitatem
3059 4197 3309 4265 invidiae;
3349 4197 3599 4250 Salvator

2013 4291 2263 4346 destruat
2299 4290 2421 4344 illos
2446 4290 2538 4360 qui
2573 4288 2758 4360 gloria:
2781 4301 2948 4342 causa
2980 4286 3284 4343 Ecclesiam
3314 4287 3368 4340 in
3402 4285 3596 4339 factio-

2012 4397 2111 4437 nes
2139 4380 2414 4436 dividunt.

1935 4620 1989 4681 Ῑ)
2088 4638 2212 4693 Ilzcc
2239 4638 2431 4692 vivens
2456 4638 2659 4708 cogito,
2690 4646 2744 4693 et
2786 4647 3035 4692 mortuus
3070 4638 3182 4692 illic
3222 4637 3419 4691 iterum
3454 4652 3589 4705 gau-

2011 4730 2150 4786 dens
2172 4729 2350 4784 dicant
2373 4745 2558 4784 coram
2592 4731 2822 4801 angelis.
2841 4730 3008 4799 Cujus
3031 4730 3109 4783 rei
3136 4728 3228 4782 tibi
3253 4728 3424 4797 magis
3443 4728 3594 4781 debi-

2015 4832 2100 4878 tor
2127 4839 2274 4888 sum,
2309 4840 2342 4878 o
2372 4833 2429 4875 tu
2460 4823 2553 4892 qui
2583 4831 2782 4877 cuncta
2834 4823 3004 4886 vides,
3038 4831 3240 4884 tuente,
3287 4821 3511 4875 renibus
3539 4831 3591 4874 et

319 4933 388 4990 Ὦ
414 4914 795 5006 παντεπόπτα,
816 4941 912 4994 καὶ
941 4945 1170 5012 νεφροὺς
1195 4945 1272 5013 (6)
1296 4914 1664 5016 καὶ-καρδίας,

2014 4915 2200 4982 corde,
2229 4932 2263 4972 o
2288 4925 2344 4971 tu
2377 4916 2471 4985 qui
2505 4914 2868 4986 cogitationes
2893 4922 3042 4968 recte
3075 4915 3382 4969 scrutaris?

319 5021 388 5079 Ὠ
414 5033 543 5094 τοὺς
571 5030 866 5102 λογισμοὺς
888 5033 1186 5105 ἐξερευνῶν
1213 5037 1488 5106 ἐννόμως;

386 5164 529 5222 οἷον
555 5168 634 5236 δὴ
657 5169 755 5222 καί
787 5169 964 5223 τοῦτο
993 5169 1060 5223 τὸ
1089 5168 1580 5240 ἠρωτκοελεγεῖον
1617 5173 1827 5228 αὐτοῦ.

2139 5161 2269 5216 Tale
2289 5170 2338 5216 et
2367 5161 2521 5214 hocce
2544 5169 2622 5214 est
2649 5159 3172 5229 heroico-elegiam»:
3198 5161 3452 5228 ejusdem.

2080 5281 2162 5335 lto
2192 5280 2347 5348 mihi,
2376 5294 2410 5334 o
2436 5285 2519 5333 ter
2547 5277 2746 5332 misera
2774 5275 3081 5346 Polymnia,
3113 5277 3187 5330 ite
3221 5292 3425 5342 musa;
3462 5293 3584 5331 nam

2005 5391 2107 5448 ego
2140 5389 2288 5429 nunc
2316 5374 2554 5428 maxime
2594 5371 2921 5427 rhetoricam
2949 5370 3146 5425 adamo
3179 5389 3192 5425 :

2077 5468 2332 5523 Photium
2359 5469 2509 5523 enim
2555 5465 3001 5537 archiprazsulem
3043 5478 3232 5521 senum
3272 5462 3591 5532 magistrum

325 5281 490 5351 Ἕρῤε
524 5301 636 5352 μοι,
661 5277 706 5336 ὦ
739 5283 1060 5354 τριτάλαινα
1085 5285 1391 5356 Πολύμνια,
1426 5285 1641 5358 ἔρρετε,
1673 5287 1896 5359 μοῦσαι,

390 5375 573 5448 Δὺτὰρ
602 5375 745 5446 ἐγὼν
769 5377 878 5432 άπὸ
906 5376 1002 5430 νῦν
1035 5379 1329 5450 ῥητορικῆς
1363 5378 1565 5449 ἔραμαι
1589 5395 1604 5409 ⁶

322 5464 522 5520 Φώτιον
546 5471 810 5542 ἀρχιερῆα
835 5472 1377 5544 γεροντοδιδάσκαλον
1409 5472 1607 5543 εὑρὼν,

1813 5605 2043 5670 NOTAE.

1999 5713 2127 5754 rum
2165 5695 2646 5767 schismaticorum
2683 5695 2898 5752 insania
2918 5695 3198 5767 despecta.

493 5695 554 5750 ὓ.
589 5697 802 5751 videtur
829 5697 1079 5766 πτέρους.

2076 5768 2239 5838 (7)(1.
2277 5767 2389 5821 vid.
2423 5766 2664 5834 νεφρῶν.

392 5763 470 5831 (6)
497 5767 592 5836 ,δίε
619 5768 744 5820 cod.
767 5785 890 5821 cum
937 5763 1171 5836 simplici
1224 5785 1276 5836 ρ,
1320 5778 1379 5821 ιιι
1425 5766 1563 5820 intra
1589 5783 1637 5819 ν.
1677 5767 1766 5832 55,
1800 5769 1890 5822 ubi

329 5847 454 5890 sane
477 5835 544 5890 de
574 5836 768 5894 Photio
791 5841 843 5893 in
885 5835 1138 5893 exsilium
1172 5835 1344 5895 misso
1391 5838 1654 5907 loquitur,
1682 5853 1887 5907 graeco-
