  <div class='ocr_page' id='page_1' title='image "/cluster/home/n/w/nwhite01/storage/ocr_20150623/107/coo.31924054870112/380.png"; bbox 0 0 4022 6434; ppageno 0'>
   <div class='ocr_carea' id='block_1_1' title="bbox 2150 407 3646 445">
    <p class='ocr_par' dir='ltr' id='par_1_1' title="bbox 2150 407 3646 445">
     <span class='ocr_line' id='line_1_1' title="bbox 2150 407 3646 445; baseline 0 -7"><span class='ocrx_word' id='word_1_1' title='bbox 2150 407 3646 445; x_wconf 62' lang='lat' dir='ltr'>W</span> 
     </span>
    </p>
   </div>
   <div class='ocr_carea' id='block_1_2' title="bbox 956 583 3075 750">
    <p class='ocr_par' dir='ltr' id='par_1_2' title="bbox 956 583 3075 750">
     <span class='ocr_line' id='line_1_2' title="bbox 956 583 3075 750; baseline -0.003 -1"><span class='ocrx_word' id='word_1_2' title='bbox 956 592 1653 750; x_wconf 83' lang='lat' dir='ltr'><strong><em>LEONIS</em></strong></span> <span class='ocrx_word' id='word_1_3' title='bbox 1766 583 3075 745; x_wconf 78' lang='lat' dir='ltr'><strong><em>IMPERATORIS</em></strong></span> 
     </span>
    </p>
   </div>
   <div class='ocr_carea' id='block_1_3' title="bbox 1686 887 2383 1019">
    <p class='ocr_par' dir='ltr' id='par_1_3' title="bbox 1686 887 2383 1019">
     <span class='ocr_line' id='line_1_3' title="bbox 1686 887 2383 1019; baseline 0 -2"><span class='ocrx_word' id='word_1_4' title='bbox 1686 887 2383 1019; x_wconf 83' lang='lat' dir='ltr'><strong><em>TACTICA</em></strong></span> 
     </span>
    </p>
   </div>
   <div class='ocr_carea' id='block_1_4' title="bbox 1303 1246 2786 1340">
    <p class='ocr_par' dir='ltr' id='par_1_4' title="bbox 1303 1246 2786 1340">
     <span class='ocr_line' id='line_1_4' title="bbox 1303 1246 2786 1340; baseline 0.001 -4"><span class='ocrx_word' id='word_1_5' title='bbox 1303 1248 1451 1338; x_wconf 90' lang='lat' dir='ltr'><strong>DE</strong></span> <span class='ocrx_word' id='word_1_6' title='bbox 1513 1246 1657 1337; x_wconf 81' lang='lat' dir='ltr'><strong><em>RE</em></strong></span> <span class='ocrx_word' id='word_1_7' title='bbox 1732 1246 2296 1337; x_wconf 79' lang='lat' dir='ltr'><strong><em>MILITARI</em></strong></span> <span class='ocrx_word' id='word_1_8' title='bbox 2384 1250 2786 1340; x_wconf 80' lang='lat' dir='ltr'><strong><em>LIBER.</em></strong></span> 
     </span>
    </p>
   </div>
   <div class='ocr_carea' id='block_1_5' title="bbox 1633 1442 2408 1504">
    <p class='ocr_par' dir='ltr' id='par_1_5' title="bbox 1633 1442 2408 1504">
     <span class='ocr_line' id='line_1_5' title="bbox 1633 1442 2408 1504; baseline -0.003 0"><span class='ocrx_word' id='word_1_9' title='bbox 1633 1442 1978 1504; x_wconf 74' lang='lat' dir='ltr'><strong><em>J‘OANNES</em></strong></span> <span class='ocrx_word' id='word_1_10' title='bbox 2008 1442 2408 1504; x_wconf 80' lang='lat' dir='ltr'><strong><em>MEURSIUS</em></strong></span> 
     </span>
    </p>
   </div>
   <div class='ocr_carea' id='block_1_6' title="bbox 1214 1594 2819 1648">
    <p class='ocr_par' dir='ltr' id='par_1_6' title="bbox 1214 1594 2819 1648">
     <span class='ocr_line' id='line_1_6' title="bbox 1214 1594 2819 1648; baseline 0.001 -9"><span class='ocrx_word' id='word_1_11' title='bbox 1214 1594 1443 1640; x_wconf 60' lang='grc' dir='ltr'><strong><em>(ηερε</em></strong></span> <span class='ocrx_word' id='word_1_12' title='bbox 1495 1595 1737 1640; x_wconf 66' lang='lat' dir='ltr'><strong><em>PRIMUS</em></strong></span> <span class='ocrx_word' id='word_1_13' title='bbox 1777 1594 2115 1648; x_wconf 74' lang='lat' dir='ltr'><strong><em>VULGAVIT,</em></strong></span> <span class='ocrx_word' id='word_1_14' title='bbox 2175 1594 2253 1637; x_wconf 82' lang='lat' dir='ltr'><strong><em>ET</em></strong></span> <span class='ocrx_word' id='word_1_15' title='bbox 2303 1595 2503 1639; x_wconf 74' lang='lat' dir='ltr'><strong><em>NOTAS</em></strong></span> <span class='ocrx_word' id='word_1_16' title='bbox 2535 1596 2819 1642; x_wconf 78' lang='grc' dir='ltr'><strong><em>Αυιηωτ.</em></strong></span> 
     </span>
    </p>
   </div>
   <div class='ocr_carea' id='block_1_7' title="bbox 1861 1698 2217 1757">
    <p class='ocr_par' dir='ltr' id='par_1_7' title="bbox 1861 1698 2217 1757">
     <span class='ocr_line' id='line_1_7' title="bbox 1861 1698 2217 1757; baseline 0.006 -2"><span class='ocrx_word' id='word_1_17' title='bbox 1861 1700 1912 1755; x_wconf 84' lang='lat' dir='ltr'><strong><em>.l.</em></strong></span> <span class='ocrx_word' id='word_1_18' title='bbox 1954 1698 2217 1757; x_wconf 70' lang='lat' dir='ltr'><strong><em>LAHIUS</em></strong></span> 
     </span>
    </p>
   </div>
   <div class='ocr_carea' id='block_1_8' title="bbox 848 1827 3212 1883">
    <p class='ocr_par' dir='ltr' id='par_1_8' title="bbox 848 1827 3212 1883">
     <span class='ocr_line' id='line_1_8' title="bbox 848 1827 3212 1883; baseline 0.002 -9"><span class='ocrx_word' id='word_1_19' title='bbox 848 1835 927 1875; x_wconf 74' lang='grc' dir='ltr'><strong>ιι</strong></span> <span class='ocrx_word' id='word_1_20' title='bbox 960 1832 1383 1875; x_wconf 68' lang='grc' dir='ltr'><strong><em>Αιιεοιυτιβειιιο</em></strong></span> <span class='ocrx_word' id='word_1_21' title='bbox 1414 1832 1607 1873; x_wconf 72' lang='grc' dir='ltr'><strong><em>εουιεε</em></strong></span> <span class='ocrx_word' id='word_1_22' title='bbox 1631 1831 2007 1872; x_wconf 63' lang='grc' dir='ltr'><strong><em>ιΑυιιεητιΑκο</em></strong></span> <span class='ocrx_word' id='word_1_23' title='bbox 2045 1830 2289 1869; x_wconf 68' lang='grc' dir='ltr'><strong><em>κυτιιωι</em></strong></span> <span class='ocrx_word' id='word_1_24' title='bbox 2320 1830 2611 1873; x_wconf 64' lang='grc' dir='ltr'><strong><em>ευριδιενιτ</em></strong></span> <span class='ocrx_word' id='word_1_25' title='bbox 2656 1833 2830 1883; x_wconf 74' lang='lat' dir='ltr'><strong><em>ATQUE</em></strong></span> <span class='ocrx_word' id='word_1_26' title='bbox 2865 1834 3152 1877; x_wconf 73' lang='lat' dir='ltr'><strong><em>IIBS&#39;I&#39;ITUI&#39;I&#39;</em></strong></span> <span class='ocrx_word' id='word_1_27' title='bbox 3172 1827 3212 1878; x_wconf 72' lang='grc' dir='ltr'><strong><em>ὀ</em></strong></span> 
     </span>
    </p>
   </div>
   <div class='ocr_carea' id='block_1_9' title="bbox 1469 2124 2569 2177">
    <p class='ocr_par' dir='ltr' id='par_1_9' title="bbox 1469 2124 2569 2177">
     <span class='ocr_line' id='line_1_9' title="bbox 1469 2124 2569 2177; baseline 0.007 -8"><span class='ocrx_word' id='word_1_28' title='bbox 1469 2124 1957 2171; x_wconf 72' lang='grc' dir='ltr'><strong><em>ιιιυετιιῐεεηηε</em></strong></span> <span class='ocrx_word' id='word_1_29' title='bbox 1985 2129 2063 2172; x_wconf 77' lang='grc' dir='ltr'><strong><em>ΔΟ</em></strong></span> <span class='ocrx_word' id='word_1_30' title='bbox 2095 2130 2257 2174; x_wconf 79' lang='grc' dir='ltr'><strong><em>ΡΟΤΕ</em></strong></span> <span class='ocrx_word' id='word_1_31' title='bbox 2268 2131 2569 2177; x_wconf 76' lang='grc' dir='ltr'><strong><em>ΝΤ1881Μ18</em></strong></span> 
     </span>
    </p>
   </div>
   <div class='ocr_carea' id='block_1_10' title="bbox 652 2225 2240 2290">
    <p class='ocr_par' dir='ltr' id='par_1_10' title="bbox 652 2225 2240 2273">
     <span class='ocr_line' id='line_1_10' title="bbox 652 2225 2240 2273; baseline 0.001 -2"><span class='ocrx_word' id='word_1_32' title='bbox 652 2228 764 2273; x_wconf 72' lang='grc' dir='ltr'><strong><em>ου.</em></strong></span> <span class='ocrx_word' id='word_1_33' title='bbox 801 2225 1147 2272; x_wconf 69' lang='grc' dir='ltr'><strong><em>οιωιιεωυε</em></strong></span> <span class='ocrx_word' id='word_1_34' title='bbox 1200 2226 1644 2271; x_wconf 71' lang='lat' dir='ltr'><strong><em>GENERALIBUS</em></strong></span> <span class='ocrx_word' id='word_1_35' title='bbox 1675 2227 2195 2273; x_wconf 65' lang='lat' dir='ltr'><strong><em>FOEDERATORUH</em></strong></span> <span class='ocrx_word' id='word_1_36' title='bbox 2227 2232 2240 2272; x_wconf 91' lang='grc'><strong>1</strong></span> 
     </span>
    </p>
   </div>
   <div class='ocr_carea' id='block_1_11' title="bbox 1839 2225 3427 2290">
    <p class='ocr_par' dir='ltr' id='par_1_11' title="bbox 1844 2228 3427 2290">
     <span class='ocr_line' id='line_1_11' title="bbox 1844 2228 3427 2290; baseline 0.011 -20"><span class='ocrx_word' id='word_1_37' title='bbox 1844 2228 2195 2273; x_wconf 70' lang='grc' dir='ltr'><strong><em>ΕκΑτοιιωι</em></strong></span> <span class='ocrx_word' id='word_1_38' title='bbox 2227 2231 2436 2273; x_wconf 74' lang='grc' dir='ltr'>Βεωιι</span> <span class='ocrx_word' id='word_1_39' title='bbox 2486 2233 2813 2290; x_wconf 63' lang='grc' dir='ltr'><strong><em>Ριονικεη</em></strong></span> <span class='ocrx_word' id='word_1_40' title='bbox 2842 2236 3091 2279; x_wconf 68' lang='grc' dir='ltr'><strong><em>ΡΔΤΒΙᾸΞ</em></strong></span> <span class='ocrx_word' id='word_1_41' title='bbox 3121 2238 3427 2287; x_wconf 69' lang='grc' dir='ltr'><strong><em>ΡΔτιιιΒυε</em></strong></span> 
     </span>
    </p>
   </div>
   <div class='ocr_carea' id='block_1_12' title="bbox 1307 2328 2740 2390">
    <p class='ocr_par' dir='ltr' id='par_1_12' title="bbox 1307 2328 2740 2390">
     <span class='ocr_line' id='line_1_12' title="bbox 1307 2328 2740 2390; baseline 0.006 -18"><span class='ocrx_word' id='word_1_42' title='bbox 1307 2328 1588 2373; x_wconf 68' lang='grc' dir='ltr'><strong><em>ιοΑκηΕε</em></strong></span> <span class='ocrx_word' id='word_1_43' title='bbox 1618 2330 1936 2379; x_wconf 64' lang='grc'><strong><em>1811118108</em></strong></span> <span class='ocrx_word' id='word_1_44' title='bbox 1978 2332 2203 2378; x_wconf 78' lang='lat' dir='ltr'><strong><em>DEDICO</em></strong></span> <span class='ocrx_word' id='word_1_45' title='bbox 2260 2334 2740 2390; x_wconf 78' lang='lat' dir='ltr'><strong><em>CONSECROQUE.</em></strong></span> 
     </span>
    </p>
   </div>
   <div class='ocr_carea' id='block_1_13' title="bbox 460 2542 3662 2629">
    <p class='ocr_par' dir='ltr' id='par_1_13' title="bbox 460 2542 3662 2629">
     <span class='ocr_line' id='line_1_13' title="bbox 460 2542 3662 2629; baseline 0.004 -28"><span class='ocrx_word' id='word_1_46' title='bbox 460 2545 831 2602; x_wconf 60' lang='lat' dir='ltr'><strong><em>Illustrissimi</em></strong></span> <span class='ocrx_word' id='word_1_47' title='bbox 877 2544 1339 2615; x_wconf 82' lang='lat' dir='ltr'><strong><em>potentissimique</em></strong></span> <span class='ocrx_word' id='word_1_48' title='bbox 1414 2542 1656 2609; x_wconf 84' lang='lat' dir='ltr'><strong><em>Domini,</em></strong></span> <span class='ocrx_word' id='word_1_49' title='bbox 1694 2545 1749 2599; x_wconf 85' lang='lat' dir='ltr'><strong><em>in</em></strong></span> <span class='ocrx_word' id='word_1_50' title='bbox 1809 2545 1973 2601; x_wconf 76' lang='lat' dir='ltr'><strong><em>lucent</em></strong></span> <span class='ocrx_word' id='word_1_51' title='bbox 2008 2546 2217 2616; x_wconf 79' lang='lat' dir='ltr'><strong><em>profero</em></strong></span> <span class='ocrx_word' id='word_1_52' title='bbox 2258 2546 2483 2603; x_wconf 81' lang='lat' dir='ltr'><strong><em>Leonem</em></strong></span> <span class='ocrx_word' id='word_1_53' title='bbox 2526 2551 2920 2619; x_wconf 84' lang='lat' dir='ltr'><strong><em>imperatorem,</em></strong></span> <span class='ocrx_word' id='word_1_54' title='bbox 2957 2568 3057 2607; x_wconf 89' lang='lat' dir='ltr'><strong><em>sua</em></strong></span> <span class='ocrx_word' id='word_1_55' title='bbox 3092 2571 3231 2610; x_wconf 90' lang='lat' dir='ltr'><strong><em>nunc</em></strong></span> <span class='ocrx_word' id='word_1_56' title='bbox 3263 2555 3442 2629; x_wconf 80' lang='lat' dir='ltr'><strong><em>lingua</em></strong></span> <span class='ocrx_word' id='word_1_57' title='bbox 3494 2561 3570 2619; x_wconf 87' lang='lat' dir='ltr'><strong><em>De</em></strong></span> <span class='ocrx_word' id='word_1_58' title='bbox 3603 2580 3662 2621; x_wconf 84' lang='lat' dir='ltr'><strong><em>re</em></strong></span> 
     </span>
    </p>
   </div>
   <div class='ocr_carea' id='block_1_14' title="bbox 388 2633 3662 2718">
    <p class='ocr_par' dir='ltr' id='par_1_14' title="bbox 388 2633 3662 2718">
     <span class='ocr_line' id='line_1_14' title="bbox 388 2633 3662 2718; baseline 0.005 -27"><span class='ocrx_word' id='word_1_59' title='bbox 388 2636 619 2691; x_wconf 75' lang='lat' dir='ltr'><strong><em>militari</em></strong></span> <span class='ocrx_word' id='word_1_60' title='bbox 649 2637 1013 2701; x_wconf 75' lang='lat' dir='ltr'><strong><em>disserentem,</em></strong></span> <span class='ocrx_word' id='word_1_61' title='bbox 1046 2650 1165 2686; x_wconf 88' lang='lat' dir='ltr'><strong><em>cum</em></strong></span> <span class='ocrx_word' id='word_1_62' title='bbox 1194 2633 1446 2687; x_wconf 86' lang='lat' dir='ltr'><strong><em>hactenus</em></strong></span> <span class='ocrx_word' id='word_1_63' title='bbox 1478 2649 1571 2702; x_wconf 89' lang='lat' dir='ltr'><strong><em>per</em></strong></span> <span class='ocrx_word' id='word_1_64' title='bbox 1593 2634 1930 2702; x_wconf 88' lang='lat' dir='ltr'><strong><em>interpretent</em></strong></span> <span class='ocrx_word' id='word_1_65' title='bbox 1965 2644 2171 2689; x_wconf 89' lang='lat' dir='ltr'><strong><em>tantum</em></strong></span> <span class='ocrx_word' id='word_1_66' title='bbox 2202 2637 2257 2689; x_wconf 86' lang='lat' dir='ltr'><strong><em>id</em></strong></span> <span class='ocrx_word' id='word_1_67' title='bbox 2280 2638 2466 2707; x_wconf 90' lang='lat' dir='ltr'><strong><em>egerit,</em></strong></span> <span class='ocrx_word' id='word_1_68' title='bbox 2504 2647 2552 2691; x_wconf 89' lang='lat' dir='ltr'><strong><em>et</em></strong></span> <span class='ocrx_word' id='word_1_69' title='bbox 2603 2639 2745 2692; x_wconf 93' lang='lat' dir='ltr'><strong><em>vobis</em></strong></span> <span class='ocrx_word' id='word_1_70' title='bbox 2777 2639 2962 2708; x_wconf 73' lang='lat' dir='ltr'><strong><em>o/fero.</em></strong></span> <span class='ocrx_word' id='word_1_71' title='bbox 3009 2640 3402 2713; x_wconf 86' lang='lat' dir='ltr'><strong><em>Reprehendent</em></strong></span> <span class='ocrx_word' id='word_1_72' title='bbox 3429 2650 3662 2718; x_wconf 80' lang='lat' dir='ltr'><strong><em>fortasse</em></strong></span> 
     </span>
    </p>
   </div>
   <div class='ocr_carea' id='block_1_15' title="bbox 393 2721 3659 2796">
    <p class='ocr_par' dir='ltr' id='par_1_15' title="bbox 393 2721 3659 2796">
     <span class='ocr_line' id='line_1_15' title="bbox 393 2721 3659 2796; baseline 0.005 -19"><span class='ocrx_word' id='word_1_73' title='bbox 393 2724 661 2787; x_wconf 88' lang='lat' dir='ltr'><strong><em>nonnulli,</em></strong></span> <span class='ocrx_word' id='word_1_74' title='bbox 697 2726 852 2793; x_wconf 87' lang='lat' dir='ltr'><strong><em>quasi</em></strong></span> <span class='ocrx_word' id='word_1_75' title='bbox 881 2732 1077 2791; x_wconf 68' lang='lat' dir='ltr'><strong><em>preter</em></strong></span> <span class='ocrx_word' id='word_1_76' title='bbox 1115 2731 1341 2790; x_wconf 88' lang='lat' dir='ltr'><strong><em>tempus,</em></strong></span> <span class='ocrx_word' id='word_1_77' title='bbox 1363 2737 1481 2773; x_wconf 86' lang='lat' dir='ltr'><strong><em>cum</em></strong></span> <span class='ocrx_word' id='word_1_78' title='bbox 1521 2737 1614 2789; x_wconf 84' lang='lat' dir='ltr'><strong><em>per</em></strong></span> <span class='ocrx_word' id='word_1_79' title='bbox 1652 2721 1897 2775; x_wconf 75' lang='lat' dir='ltr'><strong><em>inducias</em></strong></span> <span class='ocrx_word' id='word_1_80' title='bbox 1925 2739 2077 2776; x_wconf 87' lang='lat' dir='ltr'><strong><em>arma</em></strong></span> <span class='ocrx_word' id='word_1_81' title='bbox 2104 2725 2329 2789; x_wconf 87' lang='lat' dir='ltr'><strong><em>sileant;</em></strong></span> <span class='ocrx_word' id='word_1_82' title='bbox 2373 2727 2563 2796; x_wconf 89' lang='lat' dir='ltr'><strong><em>quibus</em></strong></span> <span class='ocrx_word' id='word_1_83' title='bbox 2590 2728 2828 2796; x_wconf 82' lang='lat' dir='ltr'><strong><em>equidem</em></strong></span> <span class='ocrx_word' id='word_1_84' title='bbox 2862 2730 3093 2783; x_wconf 84' lang='lat' dir='ltr'><strong><em>rationes</em></strong></span> <span class='ocrx_word' id='word_1_85' title='bbox 3124 2748 3252 2786; x_wconf 87' lang='lat' dir='ltr'><strong><em>suas</em></strong></span> <span class='ocrx_word' id='word_1_86' title='bbox 3283 2751 3386 2789; x_wconf 89' lang='lat' dir='ltr'><strong><em>non</em></strong></span> <span class='ocrx_word' id='word_1_87' title='bbox 3414 2749 3659 2795; x_wconf 83' lang='lat' dir='ltr'><strong><em>constare</em></strong></span> 
     </span>
    </p>
   </div>
   <div class='ocr_carea' id='block_1_16' title="bbox 395 2809 3657 2892">
    <p class='ocr_par' dir='ltr' id='par_1_16' title="bbox 395 2809 3657 2892">
     <span class='ocr_line' id='line_1_16' title="bbox 395 2809 3657 2892; baseline 0.004 -25"><span class='ocrx_word' id='word_1_88' title='bbox 395 2812 741 2882; x_wconf 78' lang='lat' dir='ltr'><strong><em>respondebo.</em></strong></span> <span class='ocrx_word' id='word_1_89' title='bbox 778 2809 923 2865; x_wconf 82' lang='lat' dir='ltr'><strong><em>Nam</em></strong></span> <span class='ocrx_word' id='word_1_90' title='bbox 960 2810 1172 2878; x_wconf 82' lang='lat' dir='ltr'><strong><em>quando</em></strong></span> <span class='ocrx_word' id='word_1_91' title='bbox 1208 2809 1287 2865; x_wconf 90' lang='lat' dir='ltr'><strong><em>vel</em></strong></span> <span class='ocrx_word' id='word_1_92' title='bbox 1329 2811 1383 2863; x_wconf 84' lang='lat' dir='ltr'><strong><em>in</em></strong></span> <span class='ocrx_word' id='word_1_93' title='bbox 1425 2811 1693 2864; x_wconf 85' lang='lat' dir='ltr'><strong><em>altissima</em></strong></span> <span class='ocrx_word' id='word_1_94' title='bbox 1731 2826 1862 2879; x_wconf 88' lang='lat' dir='ltr'><strong><em>pace</em></strong></span> <span class='ocrx_word' id='word_1_95' title='bbox 1891 2811 2228 2880; x_wconf 84' lang='lat' dir='ltr'><strong><em>cogitandum</em></strong></span> <span class='ocrx_word' id='word_1_96' title='bbox 2270 2827 2382 2864; x_wconf 89' lang='lat' dir='ltr'><strong><em>esse</em></strong></span> <span class='ocrx_word' id='word_1_97' title='bbox 2418 2813 2482 2865; x_wconf 88' lang='lat' dir='ltr'><strong><em>de</em></strong></span> <span class='ocrx_word' id='word_1_98' title='bbox 2514 2812 2679 2878; x_wconf 90' lang='lat' dir='ltr'><strong><em>bello,</em></strong></span> <span class='ocrx_word' id='word_1_99' title='bbox 2705 2814 2895 2867; x_wconf 89' lang='lat' dir='ltr'><strong><em>scitum</em></strong></span> <span class='ocrx_word' id='word_1_100' title='bbox 2939 2817 3007 2869; x_wconf 88' lang='lat' dir='ltr'><strong><em>sit</em></strong></span> <span class='ocrx_word' id='word_1_101' title='bbox 3045 2828 3275 2872; x_wconf 86' lang='lat' dir='ltr'><strong><em>veterum</em></strong></span> <span class='ocrx_word' id='word_1_102' title='bbox 3316 2825 3657 2892; x_wconf 76' lang='lat' dir='ltr'><strong><em>prudentum,</em></strong></span> 
     </span>
    </p>
   </div>
   <div class='ocr_carea' id='block_1_17' title="bbox 391 2898 3661 2980">
    <p class='ocr_par' dir='ltr' id='par_1_17' title="bbox 391 2898 3661 2980">
     <span class='ocr_line' id='line_1_17' title="bbox 391 2898 3661 2980; baseline 0.004 -25"><span class='ocrx_word' id='word_1_103' title='bbox 391 2904 512 2975; x_wconf 84' lang='lat' dir='ltr'><strong><em>quis</em></strong></span> <span class='ocrx_word' id='word_1_104' title='bbox 538 2920 701 2957; x_wconf 89' lang='lat' dir='ltr'><strong><em>sanus</em></strong></span> <span class='ocrx_word' id='word_1_105' title='bbox 734 2902 976 2970; x_wconf 74' lang='lat' dir='ltr'><strong><em>sepositis</em></strong></span> <span class='ocrx_word' id='word_1_106' title='bbox 1015 2902 1277 2955; x_wconf 69' lang='lat' dir='ltr'><strong><em>duntaxat</em></strong></span> <span class='ocrx_word' id='word_1_107' title='bbox 1305 2901 1376 2953; x_wconf 88' lang='lat' dir='ltr'><strong><em>ad</em></strong></span> <span class='ocrx_word' id='word_1_108' title='bbox 1412 2898 1529 2953; x_wconf 81' lang='grc' dir='ltr'><strong><em>ΧΗ</em></strong></span> <span class='ocrx_word' id='word_1_109' title='bbox 1562 2916 1729 2953; x_wconf 90' lang='lat' dir='ltr'><strong><em>annos</em></strong></span> <span class='ocrx_word' id='word_1_110' title='bbox 1758 2901 1945 2965; x_wconf 85' lang='lat' dir='ltr'><strong><em>armis,</em></strong></span> <span class='ocrx_word' id='word_1_111' title='bbox 1973 2916 2005 2953; x_wconf 91' lang='lat' dir='ltr'><strong><em>a</em></strong></span> <span class='ocrx_word' id='word_1_112' title='bbox 2036 2908 2145 2951; x_wconf 84' lang='lat' dir='ltr'><strong><em>tant</em></strong></span> <span class='ocrx_word' id='word_1_113' title='bbox 2172 2901 2310 2952; x_wconf 86' lang='lat' dir='ltr'><strong><em>brevi</em></strong></span> <span class='ocrx_word' id='word_1_114' title='bbox 2346 2900 2683 2953; x_wconf 88' lang='lat' dir='ltr'><strong><em>induciarum</em></strong></span> <span class='ocrx_word' id='word_1_115' title='bbox 2712 2916 2942 2970; x_wconf 87' lang='lat' dir='ltr'><strong><em>tempore</em></strong></span> <span class='ocrx_word' id='word_1_116' title='bbox 2969 2904 3200 2958; x_wconf 88' lang='lat' dir='ltr'><strong><em>alienant</em></strong></span> <span class='ocrx_word' id='word_1_117' title='bbox 3232 2908 3355 2963; x_wconf 86' lang='lat' dir='ltr'><strong><em>belli</em></strong></span> <span class='ocrx_word' id='word_1_118' title='bbox 3380 2913 3661 2980; x_wconf 82' lang='lat' dir='ltr'><strong><em>cogitatio-</em></strong></span> 
     </span>
    </p>
   </div>
   <div class='ocr_carea' id='block_1_18' title="bbox 393 2986 3656 3070">
    <p class='ocr_par' dir='ltr' id='par_1_18' title="bbox 393 2986 3656 3070">
     <span class='ocr_line' id='line_1_18' title="bbox 393 2986 3656 3070; baseline 0.004 -24"><span class='ocrx_word' id='word_1_119' title='bbox 393 3008 511 3046; x_wconf 84' lang='lat' dir='ltr'><strong><em>nent</em></strong></span> <span class='ocrx_word' id='word_1_120' title='bbox 540 2991 777 3045; x_wconf 70' lang='lat' dir='ltr'><strong><em>dixerit?</em></strong></span> <span class='ocrx_word' id='word_1_121' title='bbox 808 2989 962 3045; x_wconf 88' lang='lat' dir='ltr'><strong><em>Certe</em></strong></span> <span class='ocrx_word' id='word_1_122' title='bbox 995 2990 1049 3043; x_wconf 84' lang='lat' dir='ltr'><strong><em>in</em></strong></span> <span class='ocrx_word' id='word_1_123' title='bbox 1087 3005 1217 3058; x_wconf 89' lang='lat' dir='ltr'><strong><em>pace</em></strong></span> <span class='ocrx_word' id='word_1_124' title='bbox 1245 3004 1401 3041; x_wconf 88' lang='lat' dir='ltr'><strong><em>arma</em></strong></span> <span class='ocrx_word' id='word_1_125' title='bbox 1430 2986 1685 3041; x_wconf 83' lang='lat' dir='ltr'><strong><em>discenda</em></strong></span> <span class='ocrx_word' id='word_1_126' title='bbox 1715 2998 1862 3049; x_wconf 85' lang='lat' dir='ltr'><strong><em>sunt,</em></strong></span> <span class='ocrx_word' id='word_1_127' title='bbox 1893 2997 1950 3039; x_wconf 90' lang='lat' dir='ltr'><strong><em>ut</em></strong></span> <span class='ocrx_word' id='word_1_128' title='bbox 1984 3003 2167 3040; x_wconf 86' lang='lat' dir='ltr'><strong><em>eorum</em></strong></span> <span class='ocrx_word' id='word_1_129' title='bbox 2195 2987 2417 3040; x_wconf 85' lang='lat' dir='ltr'><strong><em>scientia</em></strong></span> <span class='ocrx_word' id='word_1_130' title='bbox 2445 2989 2496 3040; x_wconf 90' lang='lat' dir='ltr'><strong><em>in</em></strong></span> <span class='ocrx_word' id='word_1_131' title='bbox 2532 2987 2666 3041; x_wconf 90' lang='lat' dir='ltr'><strong><em>bello</em></strong></span> <span class='ocrx_word' id='word_1_132' title='bbox 2695 3002 2938 3058; x_wconf 87' lang='lat' dir='ltr'><strong><em>prontpta</em></strong></span> <span class='ocrx_word' id='word_1_133' title='bbox 2961 3001 3119 3061; x_wconf 86' lang='lat' dir='ltr'><strong><em>atque</em></strong></span> <span class='ocrx_word' id='word_1_134' title='bbox 3148 2996 3295 3049; x_wconf 85' lang='lat' dir='ltr'><strong><em>utilis</em></strong></span> <span class='ocrx_word' id='word_1_135' title='bbox 3329 3014 3441 3052; x_wconf 89' lang='lat' dir='ltr'><strong><em>esse</em></strong></span> <span class='ocrx_word' id='word_1_136' title='bbox 3465 3004 3656 3070; x_wconf 84' lang='lat' dir='ltr'><strong><em>possit.</em></strong></span> 
     </span>
    </p>
   </div>
   <div class='ocr_carea' id='block_1_19' title="bbox 395 3073 3661 3158">
    <p class='ocr_par' dir='ltr' id='par_1_19' title="bbox 395 3073 3661 3158">
     <span class='ocr_line' id='line_1_19' title="bbox 395 3073 3661 3158; baseline 0.004 -27"><span class='ocrx_word' id='word_1_137' title='bbox 395 3078 664 3132; x_wconf 76' lang='lat' dir='ltr'><strong><em>Prteterea</em></strong></span> <span class='ocrx_word' id='word_1_138' title='bbox 704 3094 803 3131; x_wconf 90' lang='lat' dir='ltr'><strong><em>sua</em></strong></span> <span class='ocrx_word' id='word_1_139' title='bbox 835 3086 1019 3145; x_wconf 82' lang='lat' dir='ltr'><strong><em>sponte</em></strong></span> <span class='ocrx_word' id='word_1_140' title='bbox 1061 3077 1130 3129; x_wconf 88' lang='lat' dir='ltr'><strong><em>ad</em></strong></span> <span class='ocrx_word' id='word_1_141' title='bbox 1172 3092 1260 3129; x_wconf 90' lang='lat' dir='ltr'><strong><em>vos</em></strong></span> <span class='ocrx_word' id='word_1_142' title='bbox 1300 3074 1386 3128; x_wconf 88' lang='lat' dir='ltr'><strong><em>hic</em></strong></span> <span class='ocrx_word' id='word_1_143' title='bbox 1433 3073 1540 3129; x_wconf 87' lang='lat' dir='ltr'><strong><em>Leo</em></strong></span> <span class='ocrx_word' id='word_1_144' title='bbox 1582 3075 1955 3140; x_wconf 82' lang='lat' dir='ltr'><strong><em>contendebat,</em></strong></span> <span class='ocrx_word' id='word_1_145' title='bbox 1984 3075 2130 3128; x_wconf 82' lang='lat' dir='ltr'><strong><em>vobis</em></strong></span> <span class='ocrx_word' id='word_1_146' title='bbox 2160 3091 2215 3128; x_wconf 82' lang='lat' dir='ltr'><strong><em>se</em></strong></span> <span class='ocrx_word' id='word_1_147' title='bbox 2255 3074 2432 3129; x_wconf 87' lang='lat' dir='ltr'><strong><em>deberi</em></strong></span> <span class='ocrx_word' id='word_1_148' title='bbox 2467 3076 2805 3141; x_wconf 70' lang='lat' dir='ltr'><strong><em>existimans,</em></strong></span> <span class='ocrx_word' id='word_1_149' title='bbox 2840 3080 2929 3147; x_wconf 90' lang='lat' dir='ltr'><strong><em>qui</em></strong></span> <span class='ocrx_word' id='word_1_150' title='bbox 2966 3081 3043 3133; x_wconf 88' lang='lat' dir='ltr'><strong><em>rei</em></strong></span> <span class='ocrx_word' id='word_1_151' title='bbox 3088 3081 3340 3137; x_wconf 88' lang='lat' dir='ltr'><strong><em>militaris</em></strong></span> <span class='ocrx_word' id='word_1_152' title='bbox 3375 3086 3531 3158; x_wconf 89' lang='lat' dir='ltr'><strong><em>longo</em></strong></span> <span class='ocrx_word' id='word_1_153' title='bbox 3561 3107 3661 3145; x_wconf 90' lang='lat' dir='ltr'><strong><em>usu</em></strong></span> 
     </span>
    </p>
   </div>
   <div class='ocr_carea' id='block_1_20' title="bbox 393 3162 3660 3246">
    <p class='ocr_par' dir='ltr' id='par_1_20' title="bbox 393 3162 3660 3246">
     <span class='ocr_line' id='line_1_20' title="bbox 393 3162 3660 3246; baseline 0.004 -27"><span class='ocrx_word' id='word_1_154' title='bbox 393 3169 624 3220; x_wconf 73' lang='lat' dir='ltr'><strong><em>maxime</em></strong></span> <span class='ocrx_word' id='word_1_155' title='bbox 653 3166 830 3236; x_wconf 83' lang='lat' dir='ltr'><strong><em>periti,</em></strong></span> <span class='ocrx_word' id='word_1_156' title='bbox 861 3166 1111 3219; x_wconf 82' lang='lat' dir='ltr'><strong><em>honorem</em></strong></span> <span class='ocrx_word' id='word_1_157' title='bbox 1143 3165 1311 3217; x_wconf 90' lang='lat' dir='ltr'><strong><em>armis</em></strong></span> <span class='ocrx_word' id='word_1_158' title='bbox 1363 3180 1646 3234; x_wconf 86' lang='lat' dir='ltr'><strong><em>eorumque</em></strong></span> <span class='ocrx_word' id='word_1_159' title='bbox 1679 3162 2089 3232; x_wconf 74' lang='lat' dir='ltr'><strong><em>pra&#39;ceptoribus</em></strong></span> <span class='ocrx_word' id='word_1_160' title='bbox 2118 3162 2308 3216; x_wconf 82' lang='lat' dir='ltr'><strong><em>habere</em></strong></span> <span class='ocrx_word' id='word_1_161' title='bbox 2334 3165 2562 3217; x_wconf 86' lang='lat' dir='ltr'><strong><em>sciretis.</em></strong></span> <span class='ocrx_word' id='word_1_162' title='bbox 2594 3164 2727 3231; x_wconf 81' lang='lat' dir='ltr'><strong><em>Quis</em></strong></span> <span class='ocrx_word' id='word_1_163' title='bbox 2749 3167 2887 3219; x_wconf 88' lang='lat' dir='ltr'><strong><em>enim</em></strong></span> <span class='ocrx_word' id='word_1_164' title='bbox 2918 3167 3069 3222; x_wconf 78' lang='lat' dir='ltr'><strong><em>hodie</em></strong></span> <span class='ocrx_word' id='word_1_165' title='bbox 3098 3172 3410 3227; x_wconf 84' lang='lat' dir='ltr'><strong><em>mortalium</em></strong></span> <span class='ocrx_word' id='word_1_166' title='bbox 3448 3177 3660 3246; x_wconf 86' lang='lat' dir='ltr'><strong><em>ignorat</em></strong></span> 
     </span>
    </p>
   </div>
   <div class='ocr_carea' id='block_1_21' title="bbox 394 3251 3659 3327">
    <p class='ocr_par' dir='ltr' id='par_1_21' title="bbox 394 3251 3659 3327">
     <span class='ocr_line' id='line_1_21' title="bbox 394 3251 3659 3327; baseline 0.004 -20"><span class='ocrx_word' id='word_1_167' title='bbox 394 3256 611 3320; x_wconf 86' lang='lat' dir='ltr'><strong><em>bellum,</em></strong></span> <span class='ocrx_word' id='word_1_168' title='bbox 636 3254 777 3324; x_wconf 91' lang='lat' dir='ltr'><strong><em>quod</em></strong></span> <span class='ocrx_word' id='word_1_169' title='bbox 811 3254 1189 3323; x_wconf 86' lang='lat' dir='ltr'><strong><em>gravissimum</em></strong></span> <span class='ocrx_word' id='word_1_170' title='bbox 1218 3268 1312 3322; x_wconf 89' lang='lat' dir='ltr'><strong><em>per</em></strong></span> <span class='ocrx_word' id='word_1_171' title='bbox 1340 3261 1417 3305; x_wconf 90' lang='lat' dir='ltr'><strong><em>tot</em></strong></span> <span class='ocrx_word' id='word_1_172' title='bbox 1449 3267 1618 3306; x_wconf 90' lang='lat' dir='ltr'><strong><em>annos</em></strong></span> <span class='ocrx_word' id='word_1_173' title='bbox 1648 3262 1853 3321; x_wconf 86' lang='lat' dir='ltr'><strong><em>gestum</em></strong></span> <span class='ocrx_word' id='word_1_174' title='bbox 1875 3260 1974 3316; x_wconf 91' lang='lat' dir='ltr'><strong><em>est,</em></strong></span> <span class='ocrx_word' id='word_1_175' title='bbox 2007 3251 2194 3305; x_wconf 80' lang='lat' dir='ltr'><strong><em>vestris</em></strong></span> <span class='ocrx_word' id='word_1_176' title='bbox 2217 3252 2495 3319; x_wconf 86' lang='lat' dir='ltr'><strong><em>auspiciis,</em></strong></span> <span class='ocrx_word' id='word_1_177' title='bbox 2518 3253 2683 3305; x_wconf 86' lang='lat' dir='ltr'><strong><em>ductu</em></strong></span> <span class='ocrx_word' id='word_1_178' title='bbox 2716 3252 3076 3309; x_wconf 83' lang='lat' dir='ltr'><strong><em>illustrissimi</em></strong></span> <span class='ocrx_word' id='word_1_179' title='bbox 3105 3260 3360 3327; x_wconf 85' lang='lat' dir='ltr'><strong><em>principis</em></strong></span> <span class='ocrx_word' id='word_1_180' title='bbox 3421 3260 3659 3320; x_wconf 77' lang='lat' dir='ltr'><strong><em>Mauritii</em></strong></span> 
     </span>
    </p>
   </div>
   <div class='ocr_carea' id='block_1_22' title="bbox 394 3337 3663 3409">
    <p class='ocr_par' dir='ltr' id='par_1_22' title="bbox 394 3337 3663 3409">
     <span class='ocr_line' id='line_1_22' title="bbox 394 3337 3663 3409; baseline 0.003 -14"><span class='ocrx_word' id='word_1_181' title='bbox 394 3359 422 3396; x_wconf 88' lang='lat' dir='ltr'><strong><em>a</em></strong></span> <span class='ocrx_word' id='word_1_182' title='bbox 442 3341 676 3407; x_wconf 83' lang='lat' dir='ltr'><strong><em>Nassau,</em></strong></span> <span class='ocrx_word' id='word_1_183' title='bbox 697 3345 848 3409; x_wconf 79' lang='lat' dir='ltr'><strong><em>cuius</em></strong></span> <span class='ocrx_word' id='word_1_184' title='bbox 864 3352 912 3396; x_wconf 92' lang='lat' dir='ltr'><strong><em>et</em></strong></span> <span class='ocrx_word' id='word_1_185' title='bbox 934 3343 1180 3396; x_wconf 81' lang='lat' dir='ltr'><strong><em>virtutem</em></strong></span> <span class='ocrx_word' id='word_1_186' title='bbox 1196 3341 1355 3393; x_wconf 88' lang='lat' dir='ltr'><strong><em>laude</em></strong></span> <span class='ocrx_word' id='word_1_187' title='bbox 1370 3340 1552 3409; x_wconf 89' lang='lat' dir='ltr'><strong><em>quavis</em></strong></span> <span class='ocrx_word' id='word_1_188' title='bbox 1567 3339 1845 3408; x_wconf 86' lang='lat' dir='ltr'><strong><em>majorem,</em></strong></span> <span class='ocrx_word' id='word_1_189' title='bbox 1873 3348 1924 3393; x_wconf 91' lang='lat' dir='ltr'><strong><em>et</em></strong></span> <span class='ocrx_word' id='word_1_190' title='bbox 1945 3337 2386 3408; x_wconf 88' lang='lat' dir='ltr'><strong><em>incomparabilia</em></strong></span> <span class='ocrx_word' id='word_1_191' title='bbox 2415 3339 2468 3392; x_wconf 80' lang='lat' dir='ltr'><strong><em>in</em></strong></span> <span class='ocrx_word' id='word_1_192' title='bbox 2494 3339 2875 3409; x_wconf 78' lang='lat' dir='ltr'><strong><em>rempublicam</em></strong></span> <span class='ocrx_word' id='word_1_193' title='bbox 2906 3353 3135 3397; x_wconf 85' lang='lat' dir='ltr'><strong><em>vestram</em></strong></span> <span class='ocrx_word' id='word_1_194' title='bbox 3157 3349 3364 3409; x_wconf 84' lang='lat' dir='ltr'><strong><em>merita.</em></strong></span> <span class='ocrx_word' id='word_1_195' title='bbox 3388 3353 3535 3404; x_wconf 83' lang='lat' dir='ltr'><strong><em>nulla</em></strong></span> <span class='ocrx_word' id='word_1_196' title='bbox 3559 3370 3663 3406; x_wconf 84' lang='lat' dir='ltr'><strong><em>un-</em></strong></span> 
     </span>
    </p>
   </div>
   <div class='ocr_carea' id='block_1_23' title="bbox 393 3425 3663 3507">
    <p class='ocr_par' dir='ltr' id='par_1_23' title="bbox 393 3425 3663 3507">
     <span class='ocr_line' id='line_1_23' title="bbox 393 3425 3663 3507; baseline 0.002 -23"><span class='ocrx_word' id='word_1_197' title='bbox 393 3449 552 3501; x_wconf 84' lang='lat' dir='ltr'><strong><em>quam</em></strong></span> <span class='ocrx_word' id='word_1_198' title='bbox 593 3441 728 3486; x_wconf 77' lang='lat' dir='ltr'><strong><em>tetas</em></strong></span> <span class='ocrx_word' id='word_1_199' title='bbox 758 3430 1084 3484; x_wconf 89' lang='lat' dir='ltr'><strong><em>obliterabit.</em></strong></span> <span class='ocrx_word' id='word_1_200' title='bbox 1117 3427 1440 3482; x_wconf 85' lang='lat' dir='ltr'><strong><em>Evolvamus</em></strong></span> <span class='ocrx_word' id='word_1_201' title='bbox 1470 3425 1844 3481; x_wconf 80' lang='lat' dir='ltr'><strong><em>Historiarum</em></strong></span> <span class='ocrx_word' id='word_1_202' title='bbox 1877 3428 2116 3479; x_wconf 87' lang='lat' dir='ltr'><strong><em>ontnium</em></strong></span> <span class='ocrx_word' id='word_1_203' title='bbox 2150 3438 2514 3490; x_wconf 90' lang='lat' dir='ltr'><strong><em>monumenta,</em></strong></span> <span class='ocrx_word' id='word_1_204' title='bbox 2540 3438 2838 3496; x_wconf 87' lang='lat' dir='ltr'><strong><em>repetamus</em></strong></span> <span class='ocrx_word' id='word_1_205' title='bbox 2870 3431 3109 3484; x_wconf 86' lang='lat' dir='ltr'><strong><em>omnium</em></strong></span> <span class='ocrx_word' id='word_1_206' title='bbox 3146 3434 3463 3488; x_wconf 69' lang='lat' dir='ltr'><strong><em>circulorum</em></strong></span> <span class='ocrx_word' id='word_1_207' title='bbox 3498 3438 3663 3507; x_wconf 91' lang='lat' dir='ltr'><strong><em>bella,</em></strong></span> 
     </span>
    </p>
   </div>
   <div class='ocr_carea' id='block_1_24' title="bbox 396 3515 3665 3595">
    <p class='ocr_par' dir='ltr' id='par_1_24' title="bbox 396 3515 3665 3595">
     <span class='ocr_line' id='line_1_24' title="bbox 396 3515 3665 3595; baseline 0.002 -22"><span class='ocrx_word' id='word_1_208' title='bbox 396 3536 543 3573; x_wconf 87' lang='lat' dir='ltr'><strong><em>nemo</em></strong></span> <span class='ocrx_word' id='word_1_209' title='bbox 566 3522 858 3591; x_wconf 85' lang='lat' dir='ltr'><strong><em>quidquam</em></strong></span> <span class='ocrx_word' id='word_1_210' title='bbox 896 3520 1147 3585; x_wconf 81' lang='lat' dir='ltr'><strong><em>inveniet,</em></strong></span> <span class='ocrx_word' id='word_1_211' title='bbox 1175 3519 1314 3588; x_wconf 90' lang='lat' dir='ltr'><strong><em>quod</em></strong></span> <span class='ocrx_word' id='word_1_212' title='bbox 1344 3533 1463 3570; x_wconf 91' lang='lat' dir='ltr'><strong><em>cum</em></strong></span> <span class='ocrx_word' id='word_1_213' title='bbox 1495 3518 1591 3571; x_wconf 87' lang='lat' dir='ltr'><strong><em>hoc</em></strong></span> <span class='ocrx_word' id='word_1_214' title='bbox 1621 3525 1793 3572; x_wconf 88' lang='lat' dir='ltr'><strong><em>vestro</em></strong></span> <span class='ocrx_word' id='word_1_215' title='bbox 1820 3531 2130 3585; x_wconf 87' lang='lat' dir='ltr'><strong><em>componere</em></strong></span> <span class='ocrx_word' id='word_1_216' title='bbox 2150 3516 2339 3583; x_wconf 86' lang='lat' dir='ltr'><strong><em>possit.</em></strong></span> <span class='ocrx_word' id='word_1_217' title='bbox 2368 3515 2536 3585; x_wconf 78' lang='lat' dir='ltr'><strong><em>Atque</em></strong></span> <span class='ocrx_word' id='word_1_218' title='bbox 2561 3516 2693 3569; x_wconf 83' lang='lat' dir='ltr'><strong><em>adeo</em></strong></span> <span class='ocrx_word' id='word_1_219' title='bbox 2724 3518 2811 3570; x_wconf 74' lang='lat' dir='ltr'><strong><em>vix</em></strong></span> <span class='ocrx_word' id='word_1_220' title='bbox 2834 3518 3027 3571; x_wconf 89' lang='lat' dir='ltr'><strong><em>habere</em></strong></span> <span class='ocrx_word' id='word_1_221' title='bbox 3052 3520 3211 3589; x_wconf 80' lang='lat' dir='ltr'><strong><em>ﬁdem</em></strong></span> <span class='ocrx_word' id='word_1_222' title='bbox 3243 3524 3531 3591; x_wconf 87' lang='lat' dir='ltr'><strong><em>posteritas</em></strong></span> <span class='ocrx_word' id='word_1_223' title='bbox 3565 3543 3665 3595; x_wconf 91' lang='lat' dir='ltr'><strong><em>po-</em></strong></span> 
     </span>
    </p>
   </div>
   <div class='ocr_carea' id='block_1_25' title="bbox 396 3603 3665 3681">
    <p class='ocr_par' dir='ltr' id='par_1_25' title="bbox 396 3603 3665 3681">
     <span class='ocr_line' id='line_1_25' title="bbox 396 3603 3665 3681; baseline 0.002 -21"><span class='ocrx_word' id='word_1_224' title='bbox 396 3611 538 3671; x_wconf 86' lang='lat' dir='ltr'><strong><em>terit,</em></strong></span> <span class='ocrx_word' id='word_1_225' title='bbox 571 3625 691 3663; x_wconf 82' lang='lat' dir='ltr'><strong><em>cum</em></strong></span> <span class='ocrx_word' id='word_1_226' title='bbox 724 3608 880 3679; x_wconf 89' lang='lat' dir='ltr'><strong><em>leget,</em></strong></span> <span class='ocrx_word' id='word_1_227' title='bbox 932 3607 1010 3661; x_wconf 89' lang='lat' dir='ltr'><strong><em>vel</em></strong></span> <span class='ocrx_word' id='word_1_228' title='bbox 1057 3607 1258 3676; x_wconf 87' lang='lat' dir='ltr'><strong><em>optittta</em></strong></span> <span class='ocrx_word' id='word_1_229' title='bbox 1299 3606 1403 3675; x_wconf 83' lang='lat' dir='ltr'><strong><em>fide</em></strong></span> <span class='ocrx_word' id='word_1_230' title='bbox 1446 3606 1503 3659; x_wconf 87' lang='lat' dir='ltr'><strong><em>in</em></strong></span> <span class='ocrx_word' id='word_1_231' title='bbox 1546 3607 1747 3674; x_wconf 83' lang='lat' dir='ltr'><strong><em>scripta</em></strong></span> <span class='ocrx_word' id='word_1_232' title='bbox 1786 3604 2039 3658; x_wconf 89' lang='lat' dir='ltr'><strong><em>relatum.</em></strong></span> <span class='ocrx_word' id='word_1_233' title='bbox 2080 3603 2455 3656; x_wconf 78' lang='lat' dir='ltr'><strong><em>Admirabitur</em></strong></span> <span class='ocrx_word' id='word_1_234' title='bbox 2484 3604 2741 3673; x_wconf 83' lang='lat' dir='ltr'><strong><em>populum</em></strong></span> <span class='ocrx_word' id='word_1_235' title='bbox 2771 3605 3055 3674; x_wconf 84' lang='lat' dir='ltr'><strong><em>imbellem,</em></strong></span> <span class='ocrx_word' id='word_1_236' title='bbox 3087 3618 3137 3661; x_wconf 91' lang='lat' dir='ltr'><strong><em>et</em></strong></span> <span class='ocrx_word' id='word_1_237' title='bbox 3166 3625 3259 3678; x_wconf 91' lang='lat' dir='ltr'><strong><em>per</em></strong></span> <span class='ocrx_word' id='word_1_238' title='bbox 3296 3610 3665 3681; x_wconf 83' lang='lat' dir='ltr'><strong><em>longissimam</em></strong></span> 
     </span>
    </p>
   </div>
   <div class='ocr_carea' id='block_1_26' title="bbox 394 3689 3667 3765">
    <p class='ocr_par' dir='ltr' id='par_1_26' title="bbox 394 3689 3667 3765">
     <span class='ocr_line' id='line_1_26' title="bbox 394 3689 3667 3765; baseline 0.003 -18"><span class='ocrx_word' id='word_1_239' title='bbox 394 3712 576 3758; x_wconf 74' lang='lat' dir='ltr'><strong><em>pacem</em></strong></span> <span class='ocrx_word' id='word_1_240' title='bbox 608 3695 818 3750; x_wconf 79' lang='lat' dir='ltr'><strong><em>militia:</em></strong></span> <span class='ocrx_word' id='word_1_241' title='bbox 848 3696 1120 3765; x_wconf 84' lang='lat' dir='ltr'><strong><em>ignarum,</em></strong></span> <span class='ocrx_word' id='word_1_242' title='bbox 1150 3692 1405 3747; x_wconf 82' lang='lat' dir='ltr'><strong><em>adversus</em></strong></span> <span class='ocrx_word' id='word_1_243' title='bbox 1437 3692 1862 3762; x_wconf 82' lang='lat' dir='ltr'><strong><em>potentissimum</em></strong></span> <span class='ocrx_word' id='word_1_244' title='bbox 1894 3690 2057 3745; x_wconf 88' lang='lat' dir='ltr'><strong><em>totius</em></strong></span> <span class='ocrx_word' id='word_1_245' title='bbox 2085 3690 2227 3744; x_wconf 84' lang='lat' dir='ltr'><strong><em>orbis</em></strong></span> <span class='ocrx_word' id='word_1_246' title='bbox 2259 3689 2558 3745; x_wconf 83' lang='lat' dir='ltr'><strong><em>Christiani</em></strong></span> <span class='ocrx_word' id='word_1_247' title='bbox 2592 3709 2765 3763; x_wconf 88' lang='lat' dir='ltr'><strong><em>regem</em></strong></span> <span class='ocrx_word' id='word_1_248' title='bbox 2796 3710 2951 3748; x_wconf 89' lang='lat' dir='ltr'><strong><em>arma</em></strong></span> <span class='ocrx_word' id='word_1_249' title='bbox 2985 3712 3217 3765; x_wconf 78' lang='lat' dir='ltr'><strong><em>unquam</em></strong></span> <span class='ocrx_word' id='word_1_250' title='bbox 3239 3714 3446 3753; x_wconf 88' lang='lat' dir='ltr'><strong><em>sumere</em></strong></span> <span class='ocrx_word' id='word_1_251' title='bbox 3474 3717 3667 3756; x_wconf 83' lang='lat' dir='ltr'><strong><em>ausum</em></strong></span> 
     </span>
    </p>
   </div>
   <div class='ocr_carea' id='block_1_27' title="bbox 397 3779 3593 3856">
    <p class='ocr_par' dir='ltr' id='par_1_27' title="bbox 397 3779 3593 3856">
     <span class='ocr_line' id='line_1_27' title="bbox 397 3779 3593 3856; baseline 0.002 -20"><span class='ocrx_word' id='word_1_252' title='bbox 397 3784 562 3852; x_wconf 77' lang='lat' dir='ltr'><strong><em>fuisse</em></strong></span> <span class='ocrx_word' id='word_1_253' title='bbox 583 3798 603 3838; x_wconf 91' lang='lat'><strong><em>:</em></strong></span> <span class='ocrx_word' id='word_1_254' title='bbox 633 3782 995 3838; x_wconf 85' lang='lat' dir='ltr'><strong><em>admirabitur</em></strong></span> <span class='ocrx_word' id='word_1_255' title='bbox 1027 3800 1059 3836; x_wconf 93' lang='lat' dir='ltr'><strong><em>a</em></strong></span> <span class='ocrx_word' id='word_1_256' title='bbox 1086 3794 1195 3835; x_wconf 89' lang='lat' dir='ltr'><strong><em>tant</em></strong></span> <span class='ocrx_word' id='word_1_257' title='bbox 1226 3783 1405 3851; x_wconf 89' lang='lat' dir='ltr'><strong><em>parvis</em></strong></span> <span class='ocrx_word' id='word_1_258' title='bbox 1438 3782 1635 3849; x_wconf 89' lang='lat' dir='ltr'><strong><em>initiis,</em></strong></span> <span class='ocrx_word' id='word_1_259' title='bbox 1658 3780 1828 3834; x_wconf 89' lang='lat' dir='ltr'><strong><em>animi</em></strong></span> <span class='ocrx_word' id='word_1_260' title='bbox 1848 3779 2156 3847; x_wconf 89' lang='lat' dir='ltr'><strong><em>pleniorem,</em></strong></span> <span class='ocrx_word' id='word_1_261' title='bbox 2192 3794 2353 3848; x_wconf 88' lang='lat' dir='ltr'><strong><em>quant</em></strong></span> <span class='ocrx_word' id='word_1_262' title='bbox 2386 3780 2496 3847; x_wconf 84' lang='lat' dir='ltr'><strong><em>spei</em></strong></span> <span class='ocrx_word' id='word_1_263' title='bbox 2526 3781 2594 3832; x_wconf 90' lang='lat' dir='ltr'><strong><em>ad</em></strong></span> <span class='ocrx_word' id='word_1_264' title='bbox 2631 3781 2791 3850; x_wconf 82' lang='lat' dir='ltr'><strong><em>istam</em></strong></span> <span class='ocrx_word' id='word_1_265' title='bbox 2819 3785 3241 3852; x_wconf 84' lang='lat' dir='ltr'><strong><em>magnitudinem</em></strong></span> <span class='ocrx_word' id='word_1_266' title='bbox 3267 3789 3593 3856; x_wconf 74' lang='lat' dir='ltr'><strong><em>pervenisse,</em></strong></span> 
     </span>
    </p>
   </div>
   <div class='ocr_carea' id='block_1_28' title="bbox 1248 3865 2676 3938">
    <p class='ocr_par' dir='ltr' id='par_1_28' title="bbox 1248 3865 2676 3938">
     <span class='ocr_line' id='line_1_28' title="bbox 1248 3865 2676 3938; baseline -0.004 -12"><span class='ocrx_word' id='word_1_267' title='bbox 1248 3871 1351 3926; x_wconf 81' lang='lat' dir='ltr'><strong><em>Per</em></strong></span> <span class='ocrx_word' id='word_1_268' title='bbox 1386 3872 1571 3925; x_wconf 84' lang='lat' dir='ltr'><strong><em>varios</em></strong></span> <span class='ocrx_word' id='word_1_269' title='bbox 1609 3885 1794 3933; x_wconf 86' lang='lat' dir='ltr'><strong><em>casus,</em></strong></span> <span class='ocrx_word' id='word_1_270' title='bbox 1841 3884 1936 3938; x_wconf 87' lang='lat' dir='ltr'><strong><em>per</em></strong></span> <span class='ocrx_word' id='word_1_271' title='bbox 1975 3876 2055 3921; x_wconf 88' lang='lat' dir='ltr'><strong><em>tot</em></strong></span> <span class='ocrx_word' id='word_1_272' title='bbox 2096 3865 2420 3920; x_wconf 82' lang='lat' dir='ltr'><strong><em>discrimina</em></strong></span> <span class='ocrx_word' id='word_1_273' title='bbox 2469 3883 2676 3921; x_wconf 88' lang='lat' dir='ltr'><strong><em>rerum.</em></strong></span> 
     </span>
    </p>
   </div>
   <div class='ocr_carea' id='block_1_29' title="bbox 398 3958 3666 4033">
    <p class='ocr_par' dir='ltr' id='par_1_29' title="bbox 398 3958 3666 4033">
     <span class='ocr_line' id='line_1_29' title="bbox 398 3958 3666 4033; baseline 0.002 -20"><span class='ocrx_word' id='word_1_274' title='bbox 398 3958 548 4015; x_wconf 78' lang='lat' dir='ltr'><strong><em>Inter</em></strong></span> <span class='ocrx_word' id='word_1_275' title='bbox 584 3974 704 4032; x_wconf 71' lang='lat' dir='ltr'><strong><em>qua:</em></strong></span> <span class='ocrx_word' id='word_1_276' title='bbox 740 3961 963 4015; x_wconf 83' lang='lat' dir='ltr'><strong><em>eminuit</em></strong></span> <span class='ocrx_word' id='word_1_277' title='bbox 999 3976 1224 4030; x_wconf 88' lang='lat' dir='ltr'><strong><em>semper,</em></strong></span> <span class='ocrx_word' id='word_1_278' title='bbox 1262 3968 1319 4013; x_wconf 92' lang='lat' dir='ltr'><strong><em>ut</em></strong></span> <span class='ocrx_word' id='word_1_279' title='bbox 1356 3958 1650 4029; x_wconf 88' lang='lat' dir='ltr'><strong><em>singularis</em></strong></span> <span class='ocrx_word' id='word_1_280' title='bbox 1696 3966 1870 4011; x_wconf 86' lang='lat' dir='ltr'><strong><em>vestra</em></strong></span> <span class='ocrx_word' id='word_1_281' title='bbox 1906 3959 2213 4026; x_wconf 88' lang='lat' dir='ltr'><strong><em>prudentia,</em></strong></span> <span class='ocrx_word' id='word_1_282' title='bbox 2242 3960 2319 4012; x_wconf 91' lang='lat' dir='ltr'><strong><em>ita</em></strong></span> <span class='ocrx_word' id='word_1_283' title='bbox 2354 3974 2559 4027; x_wconf 86' lang='lat' dir='ltr'><strong><em>quoque</em></strong></span> <span class='ocrx_word' id='word_1_284' title='bbox 2597 3958 2693 4012; x_wconf 88' lang='lat' dir='ltr'><strong><em>illa</em></strong></span> <span class='ocrx_word' id='word_1_285' title='bbox 2737 3958 2934 4013; x_wconf 87' lang='lat' dir='ltr'><strong><em>invicta</em></strong></span> <span class='ocrx_word' id='word_1_286' title='bbox 2964 3963 3294 4025; x_wconf 87' lang='lat' dir='ltr'><strong><em>constantia,</em></strong></span> <span class='ocrx_word' id='word_1_287' title='bbox 3324 3980 3429 4033; x_wconf 90' lang='lat' dir='ltr'><strong><em>qua</em></strong></span> <span class='ocrx_word' id='word_1_288' title='bbox 3467 3968 3666 4019; x_wconf 74' lang='lat' dir='ltr'><strong><em>armati</em></strong></span> 
     </span>
    </p>
   </div>
   <div class='ocr_carea' id='block_1_30' title="bbox 399 4034 3666 4119">
    <p class='ocr_par' dir='ltr' id='par_1_30' title="bbox 399 4034 3666 4119">
     <span class='ocr_line' id='line_1_30' title="bbox 399 4034 3666 4119; baseline 0.002 -18"><span class='ocrx_word' id='word_1_289' title='bbox 399 4061 595 4103; x_wconf 79' lang='lat' dir='ltr'><strong><em>rectum</em></strong></span> <span class='ocrx_word' id='word_1_290' title='bbox 628 4066 897 4119; x_wconf 84' lang='lat' dir='ltr'><strong><em>nunquam</em></strong></span> <span class='ocrx_word' id='word_1_291' title='bbox 931 4066 1037 4103; x_wconf 86' lang='lat' dir='ltr'><strong><em>non</em></strong></span> <span class='ocrx_word' id='word_1_292' title='bbox 1081 4049 1287 4102; x_wconf 88' lang='lat' dir='ltr'><strong><em>clavum</em></strong></span> <span class='ocrx_word' id='word_1_293' title='bbox 1331 4047 1609 4110; x_wconf 88' lang='lat' dir='ltr'><strong><em>tenuistis,</em></strong></span> <span class='ocrx_word' id='word_1_294' title='bbox 1643 4045 1981 4115; x_wconf 89' lang='lat' dir='ltr'><strong><em>animumque</em></strong></span> <span class='ocrx_word' id='word_1_295' title='bbox 2007 4046 2085 4100; x_wconf 89' lang='lat' dir='ltr'><strong><em>vel</em></strong></span> <span class='ocrx_word' id='word_1_296' title='bbox 2119 4046 2268 4100; x_wconf 88' lang='lat' dir='ltr'><strong><em>rebus</em></strong></span> <span class='ocrx_word' id='word_1_297' title='bbox 2298 4047 2528 4101; x_wconf 74' lang='lat' dir='ltr'><strong><em>maxime</em></strong></span> <span class='ocrx_word' id='word_1_298' title='bbox 2565 4046 2774 4117; x_wconf 67' lang='lat' dir='ltr'><strong><em>afﬂictis</em></strong></span> <span class='ocrx_word' id='word_1_299' title='bbox 2827 4034 3197 4102; x_wconf 85' lang='lat' dir='ltr'><strong><em>inconcussum</em></strong></span> <span class='ocrx_word' id='word_1_300' title='bbox 3237 4050 3520 4106; x_wconf 88' lang='lat' dir='ltr'><strong><em>habuistis.</em></strong></span> <span class='ocrx_word' id='word_1_301' title='bbox 3558 4050 3666 4107; x_wconf 58' lang='lat' dir='ltr'><strong><em>Ni-</em></strong></span> 
     </span>
    </p>
   </div>
   <div class='ocr_carea' id='block_1_31' title="bbox 399 4133 3669 4207">
    <p class='ocr_par' dir='ltr' id='par_1_31' title="bbox 399 4133 3669 4207">
     <span class='ocr_line' id='line_1_31' title="bbox 399 4133 3669 4207; baseline 0.002 -18"><span class='ocrx_word' id='word_1_302' title='bbox 399 4140 592 4190; x_wconf 90' lang='lat' dir='ltr'><strong><em>mirum</em></strong></span> <span class='ocrx_word' id='word_1_303' title='bbox 638 4138 739 4191; x_wconf 85' lang='lat' dir='ltr'><strong><em>ltoc</em></strong></span> <span class='ocrx_word' id='word_1_304' title='bbox 783 4152 987 4206; x_wconf 79' lang='lat' dir='ltr'><strong><em>semper</em></strong></span> <span class='ocrx_word' id='word_1_305' title='bbox 1031 4138 1388 4206; x_wconf 78' lang='lat' dir='ltr'><strong><em>cogitabatt&#39;s;</em></strong></span> <span class='ocrx_word' id='word_1_306' title='bbox 1425 4150 1522 4205; x_wconf 89' lang='lat' dir='ltr'><strong><em>pro</em></strong></span> <span class='ocrx_word' id='word_1_307' title='bbox 1558 4134 1805 4188; x_wconf 87' lang='lat' dir='ltr'><strong><em>libertate</em></strong></span> <span class='ocrx_word' id='word_1_308' title='bbox 1839 4134 2055 4202; x_wconf 81' lang='lat' dir='ltr'><strong><em>publica</em></strong></span> <span class='ocrx_word' id='word_1_309' title='bbox 2112 4133 2328 4205; x_wconf 85' lang='lat' dir='ltr'><strong><em>ejusque</em></strong></span> <span class='ocrx_word' id='word_1_310' title='bbox 2369 4135 2537 4189; x_wconf 86' lang='lat' dir='ltr'><strong><em>tutela</em></strong></span> <span class='ocrx_word' id='word_1_311' title='bbox 2566 4148 2614 4189; x_wconf 89' lang='lat' dir='ltr'><strong><em>et</em></strong></span> <span class='ocrx_word' id='word_1_312' title='bbox 2661 4153 2816 4206; x_wconf 89' lang='lat' dir='ltr'><strong><em>agere</em></strong></span> <span class='ocrx_word' id='word_1_313' title='bbox 2846 4145 2895 4189; x_wconf 91' lang='lat' dir='ltr'><strong><em>et</em></strong></span> <span class='ocrx_word' id='word_1_314' title='bbox 2929 4138 3042 4206; x_wconf 82' lang='lat' dir='ltr'><strong><em>pati</em></strong></span> <span class='ocrx_word' id='word_1_315' title='bbox 3072 4136 3260 4206; x_wconf 76' lang='lat' dir='ltr'><strong><em>fortia,</em></strong></span> <span class='ocrx_word' id='word_1_316' title='bbox 3291 4140 3669 4207; x_wconf 74' lang='lat' dir='ltr'><strong><em>fwderatorum</em></strong></span> 
     </span>
    </p>
   </div>
   <div class='ocr_carea' id='block_1_32' title="bbox 399 4220 3672 4296">
    <p class='ocr_par' dir='ltr' id='par_1_32' title="bbox 399 4220 3672 4296">
     <span class='ocr_line' id='line_1_32' title="bbox 399 4220 3672 4296; baseline 0.002 -19"><span class='ocrx_word' id='word_1_317' title='bbox 399 4225 687 4294; x_wconf 75' lang='lat' dir='ltr'><strong><em>Belgarum</em></strong></span> <span class='ocrx_word' id='word_1_318' title='bbox 728 4242 860 4281; x_wconf 90' lang='lat' dir='ltr'><strong><em>esse.</em></strong></span> <span class='ocrx_word' id='word_1_319' title='bbox 901 4224 1096 4296; x_wconf 82' lang='lat' dir='ltr'><strong><em>Ingens</em></strong></span> <span class='ocrx_word' id='word_1_320' title='bbox 1140 4224 1377 4294; x_wconf 75' lang='lat' dir='ltr'><strong><em>profecto</em></strong></span> <span class='ocrx_word' id='word_1_321' title='bbox 1412 4222 1718 4291; x_wconf 72' lang='lat' dir='ltr'><strong><em>beneﬁcium</em></strong></span> <span class='ocrx_word' id='word_1_322' title='bbox 1756 4232 1859 4287; x_wconf 85' lang='lat' dir='ltr'><strong><em>est,</em></strong></span> <span class='ocrx_word' id='word_1_323' title='bbox 1880 4221 2020 4291; x_wconf 90' lang='lat' dir='ltr'><strong><em>quod</em></strong></span> <span class='ocrx_word' id='word_1_324' title='bbox 2041 4238 2074 4274; x_wconf 92' lang='lat' dir='ltr'><strong><em>a</em></strong></span> <span class='ocrx_word' id='word_1_325' title='bbox 2105 4220 2250 4275; x_wconf 88' lang='lat' dir='ltr'><strong><em>vobis</em></strong></span> <span class='ocrx_word' id='word_1_326' title='bbox 2280 4238 2525 4291; x_wconf 88' lang='lat' dir='ltr'><strong><em>accepere</em></strong></span> <span class='ocrx_word' id='word_1_327' title='bbox 2554 4223 2757 4283; x_wconf 87' lang='lat' dir='ltr'><strong><em>subditi</em></strong></span> <span class='ocrx_word' id='word_1_328' title='bbox 2786 4228 2966 4291; x_wconf 84' lang='lat' dir='ltr'><strong><em>vestri,</em></strong></span> <span class='ocrx_word' id='word_1_329' title='bbox 2997 4242 3159 4296; x_wconf 89' lang='lat' dir='ltr'><strong><em>neque</em></strong></span> <span class='ocrx_word' id='word_1_330' title='bbox 3194 4227 3355 4296; x_wconf 76' lang='lat' dir='ltr'><strong><em>facile</em></strong></span> <span class='ocrx_word' id='word_1_331' title='bbox 3391 4232 3672 4283; x_wconf 69' lang='lat' dir='ltr'><strong><em>restituan-</em></strong></span> 
     </span>
    </p>
   </div>
   <div class='ocr_carea' id='block_1_33' title="bbox 399 4311 3668 4385">
    <p class='ocr_par' dir='ltr' id='par_1_33' title="bbox 399 4311 3668 4385">
     <span class='ocr_line' id='line_1_33' title="bbox 399 4311 3668 4385; baseline 0.002 -22"><span class='ocrx_word' id='word_1_332' title='bbox 399 4318 564 4378; x_wconf 86' lang='lat' dir='ltr'><strong><em>dttm;</em></strong></span> <span class='ocrx_word' id='word_1_333' title='bbox 600 4323 651 4366; x_wconf 92' lang='lat' dir='ltr'><strong><em>et</em></strong></span> <span class='ocrx_word' id='word_1_334' title='bbox 673 4314 825 4367; x_wconf 73' lang='lat' dir='ltr'><strong><em>debet</em></strong></span> <span class='ocrx_word' id='word_1_335' title='bbox 854 4312 991 4367; x_wconf 90' lang='lat' dir='ltr'><strong><em>illud</em></strong></span> <span class='ocrx_word' id='word_1_336' title='bbox 1019 4322 1221 4367; x_wconf 76' lang='lat' dir='ltr'><strong><em>tcteruo</em></strong></span> <span class='ocrx_word' id='word_1_337' title='bbox 1255 4313 1438 4381; x_wconf 89' lang='lat' dir='ltr'><strong><em>aliquo</em></strong></span> <span class='ocrx_word' id='word_1_338' title='bbox 1468 4319 1805 4363; x_wconf 82' lang='lat' dir='ltr'><strong><em>monumento</em></strong></span> <span class='ocrx_word' id='word_1_339' title='bbox 1836 4311 2159 4375; x_wconf 80' lang='lat' dir='ltr'><strong><em>consecrari,</em></strong></span> <span class='ocrx_word' id='word_1_340' title='bbox 2188 4326 2250 4364; x_wconf 92' lang='lat' dir='ltr'><strong><em>ne</em></strong></span> <span class='ocrx_word' id='word_1_341' title='bbox 2282 4314 2570 4378; x_wconf 89' lang='lat' dir='ltr'><strong><em>posteritas</em></strong></span> <span class='ocrx_word' id='word_1_342' title='bbox 2599 4313 2821 4381; x_wconf 78' lang='lat' dir='ltr'><strong><em>ignoret.</em></strong></span> <span class='ocrx_word' id='word_1_343' title='bbox 2861 4311 2927 4366; x_wconf 85' lang='lat' dir='ltr'><strong><em>Id</em></strong></span> <span class='ocrx_word' id='word_1_344' title='bbox 2964 4316 3167 4384; x_wconf 79' lang='lat' dir='ltr'><strong><em>ut—‘ﬁat,</em></strong></span> <span class='ocrx_word' id='word_1_345' title='bbox 3199 4327 3457 4385; x_wconf 84' lang='lat' dir='ltr'><strong><em>quantum</em></strong></span> <span class='ocrx_word' id='word_1_346' title='bbox 3478 4317 3533 4370; x_wconf 86' lang='lat' dir='ltr'><strong><em>in</em></strong></span> <span class='ocrx_word' id='word_1_347' title='bbox 3564 4334 3668 4381; x_wconf 84' lang='lat' dir='ltr'><strong><em>me,</em></strong></span> 
     </span>
    </p>
   </div>
   <div class='ocr_carea' id='block_1_34' title="bbox 399 4395 3671 4471">
    <p class='ocr_par' dir='ltr' id='par_1_34' title="bbox 399 4395 3671 4471">
     <span class='ocr_line' id='line_1_34' title="bbox 399 4395 3671 4471; baseline 0.002 -18"><span class='ocrx_word' id='word_1_348' title='bbox 399 4416 614 4469; x_wconf 88' lang='lat' dir='ltr'><strong><em>operam</em></strong></span> <span class='ocrx_word' id='word_1_349' title='bbox 653 4402 831 4465; x_wconf 85' lang='lat' dir='ltr'><strong><em>dabo;</em></strong></span> <span class='ocrx_word' id='word_1_350' title='bbox 864 4415 1263 4471; x_wconf 87' lang='lat' dir='ltr'><strong><em>proponamque</em></strong></span> <span class='ocrx_word' id='word_1_351' title='bbox 1305 4399 1447 4454; x_wconf 82' lang='lat' dir='ltr'><strong><em>brevi</em></strong></span> <span class='ocrx_word' id='word_1_352' title='bbox 1495 4398 1733 4452; x_wconf 78' lang='lat' dir='ltr'><strong><em>omnium</em></strong></span> <span class='ocrx_word' id='word_1_353' title='bbox 1786 4398 1953 4451; x_wconf 89' lang='lat' dir='ltr'><strong><em>oculis</em></strong></span> <span class='ocrx_word' id='word_1_354' title='bbox 1996 4398 2052 4451; x_wconf 89' lang='lat' dir='ltr'><strong><em>in</em></strong></span> <span class='ocrx_word' id='word_1_355' title='bbox 2099 4395 2350 4452; x_wconf 83' lang='lat' dir='ltr'><strong><em>Historia</em></strong></span> <span class='ocrx_word' id='word_1_356' title='bbox 2390 4414 2505 4452; x_wconf 91' lang='lat' dir='ltr'><strong><em>mea</em></strong></span> <span class='ocrx_word' id='word_1_357' title='bbox 2541 4414 2560 4453; x_wconf 88' lang='lat'><strong><em>:</em></strong></span> <span class='ocrx_word' id='word_1_358' title='bbox 2593 4415 2752 4469; x_wconf 85' lang='lat' dir='ltr'><strong><em>quant</em></strong></span> <span class='ocrx_word' id='word_1_359' title='bbox 2787 4405 2926 4470; x_wconf 85' lang='lat' dir='ltr'><strong><em>quod</em></strong></span> <span class='ocrx_word' id='word_1_360' title='bbox 2964 4412 3132 4455; x_wconf 88' lang='lat' dir='ltr'><strong><em>vestro</em></strong></span> <span class='ocrx_word' id='word_1_361' title='bbox 3158 4403 3316 4471; x_wconf 85' lang='lat' dir='ltr'><strong><em>jussu</em></strong></span> <span class='ocrx_word' id='word_1_362' title='bbox 3350 4404 3574 4470; x_wconf 88' lang='lat' dir='ltr'><strong><em>adorna,</em></strong></span> <span class='ocrx_word' id='word_1_363' title='bbox 3612 4414 3671 4459; x_wconf 87' lang='lat' dir='ltr'><strong><em>ut</em></strong></span> 
     </span>
    </p>
   </div>
   <div class='ocr_carea' id='block_1_35' title="bbox 400 4486 3669 4558">
    <p class='ocr_par' dir='ltr' id='par_1_35' title="bbox 400 4486 3669 4558">
     <span class='ocr_line' id='line_1_35' title="bbox 400 4486 3669 4558; baseline 0.002 -18"><span class='ocrx_word' id='word_1_364' title='bbox 400 4491 635 4543; x_wconf 71' lang='lat' dir='ltr'><strong><em>ittaximo</em></strong></span> <span class='ocrx_word' id='word_1_365' title='bbox 664 4491 795 4543; x_wconf 85' lang='lat' dir='ltr'><strong><em>mihi</em></strong></span> <span class='ocrx_word' id='word_1_366' title='bbox 824 4491 1014 4544; x_wconf 88' lang='lat' dir='ltr'><strong><em>honori</em></strong></span> <span class='ocrx_word' id='word_1_367' title='bbox 1044 4492 1203 4556; x_wconf 88' lang='lat' dir='ltr'><strong><em>duco,</em></strong></span> <span class='ocrx_word' id='word_1_368' title='bbox 1234 4490 1313 4543; x_wconf 87' lang='lat' dir='ltr'><strong><em>ita</em></strong></span> <span class='ocrx_word' id='word_1_369' title='bbox 1351 4504 1505 4557; x_wconf 87' lang='lat' dir='ltr'><strong><em>pares</em></strong></span> <span class='ocrx_word' id='word_1_370' title='bbox 1534 4502 1740 4558; x_wconf 77' lang='lat' dir='ltr'><strong><em>quoque</em></strong></span> <span class='ocrx_word' id='word_1_371' title='bbox 1764 4503 1823 4541; x_wconf 91' lang='lat' dir='ltr'><strong><em>eo</em></strong></span> <span class='ocrx_word' id='word_1_372' title='bbox 1860 4486 2067 4540; x_wconf 89' lang='lat' dir='ltr'><strong><em>nomine</em></strong></span> <span class='ocrx_word' id='word_1_373' title='bbox 2094 4488 2237 4541; x_wconf 89' lang='lat' dir='ltr'><strong><em>vobis</em></strong></span> <span class='ocrx_word' id='word_1_374' title='bbox 2276 4488 2507 4558; x_wconf 84' lang='lat' dir='ltr'><strong><em>agendas</em></strong></span> <span class='ocrx_word' id='word_1_375' title='bbox 2543 4503 2656 4540; x_wconf 90' lang='lat' dir='ltr'><strong><em>esse</em></strong></span> <span class='ocrx_word' id='word_1_376' title='bbox 2689 4490 2916 4557; x_wconf 85' lang='lat' dir='ltr'><strong><em>gratias.</em></strong></span> <span class='ocrx_word' id='word_1_377' title='bbox 2947 4488 3080 4544; x_wconf 87' lang='lat' dir='ltr'><strong><em>Cum</em></strong></span> <span class='ocrx_word' id='word_1_378' title='bbox 3116 4501 3293 4546; x_wconf 85' lang='lat' dir='ltr'><strong><em>autem</em></strong></span> <span class='ocrx_word' id='word_1_379' title='bbox 3333 4493 3467 4546; x_wconf 91' lang='lat' dir='ltr'><strong><em>satis</em></strong></span> <span class='ocrx_word' id='word_1_380' title='bbox 3500 4509 3580 4547; x_wconf 86' lang='lat' dir='ltr'><strong><em>me</em></strong></span> <span class='ocrx_word' id='word_1_381' title='bbox 3610 4495 3669 4546; x_wconf 89' lang='lat' dir='ltr'><strong><em>id</em></strong></span> 
     </span>
    </p>
   </div>
   <div class='ocr_carea' id='block_1_36' title="bbox 400 4576 3670 4648">
    <p class='ocr_par' dir='ltr' id='par_1_36' title="bbox 400 4576 3670 4648">
     <span class='ocr_line' id='line_1_36' title="bbox 400 4576 3670 4648; baseline 0.001 -20"><span class='ocrx_word' id='word_1_382' title='bbox 400 4576 577 4645; x_wconf 81' lang='lat' dir='ltr'><strong><em>facere</em></strong></span> <span class='ocrx_word' id='word_1_383' title='bbox 612 4594 717 4631; x_wconf 84' lang='lat' dir='ltr'><strong><em>non</em></strong></span> <span class='ocrx_word' id='word_1_384' title='bbox 760 4594 911 4648; x_wconf 87' lang='lat' dir='ltr'><strong><em>posse</em></strong></span> <span class='ocrx_word' id='word_1_385' title='bbox 934 4578 1263 4647; x_wconf 86' lang='lat' dir='ltr'><strong><em>judicarem,</em></strong></span> <span class='ocrx_word' id='word_1_386' title='bbox 1302 4577 1641 4646; x_wconf 87' lang='lat' dir='ltr'><strong><em>allegandum</em></strong></span> <span class='ocrx_word' id='word_1_387' title='bbox 1671 4577 1808 4627; x_wconf 85' lang='lat' dir='ltr'><strong><em>hunc</em></strong></span> <span class='ocrx_word' id='word_1_388' title='bbox 1848 4577 2221 4643; x_wconf 84' lang='lat' dir='ltr'><strong><em>imperatorem</em></strong></span> <span class='ocrx_word' id='word_1_389' title='bbox 2259 4577 2450 4640; x_wconf 88' lang='lat' dir='ltr'><strong><em>statui,</em></strong></span> <span class='ocrx_word' id='word_1_390' title='bbox 2486 4585 2543 4629; x_wconf 85' lang='lat' dir='ltr'><strong><em>ut</em></strong></span> <span class='ocrx_word' id='word_1_391' title='bbox 2574 4578 2715 4646; x_wconf 89' lang='lat' dir='ltr'><strong><em>quod</em></strong></span> <span class='ocrx_word' id='word_1_392' title='bbox 2747 4588 2919 4632; x_wconf 85' lang='lat' dir='ltr'><strong><em>vestro</em></strong></span> <span class='ocrx_word' id='word_1_393' title='bbox 2950 4580 3140 4633; x_wconf 90' lang='lat' dir='ltr'><strong><em>merito</em></strong></span> <span class='ocrx_word' id='word_1_394' title='bbox 3170 4596 3285 4633; x_wconf 88' lang='lat' dir='ltr'><strong><em>mea</em></strong></span> <span class='ocrx_word' id='word_1_395' title='bbox 3317 4582 3548 4633; x_wconf 88' lang='lat' dir='ltr'><strong><em>tenuitas</em></strong></span> <span class='ocrx_word' id='word_1_396' title='bbox 3575 4582 3670 4632; x_wconf 88' lang='lat' dir='ltr'><strong><em>de-</em></strong></span> 
     </span>
    </p>
   </div>
   <div class='ocr_carea' id='block_1_37' title="bbox 401 4662 3669 4735">
    <p class='ocr_par' dir='ltr' id='par_1_37' title="bbox 401 4662 3669 4735">
     <span class='ocr_line' id='line_1_37' title="bbox 401 4662 3669 4735; baseline 0.001 -17"><span class='ocrx_word' id='word_1_397' title='bbox 401 4666 657 4730; x_wconf 88' lang='lat' dir='ltr'><strong><em>traheret,</em></strong></span> <span class='ocrx_word' id='word_1_398' title='bbox 682 4667 737 4720; x_wconf 88' lang='lat' dir='ltr'><strong><em>id</em></strong></span> <span class='ocrx_word' id='word_1_399' title='bbox 784 4670 898 4733; x_wconf 89' lang='lat' dir='ltr'><strong><em>ipse</em></strong></span> <span class='ocrx_word' id='word_1_400' title='bbox 930 4667 1235 4719; x_wconf 84' lang='lat' dir='ltr'><strong><em>universum</em></strong></span> <span class='ocrx_word' id='word_1_401' title='bbox 1263 4680 1360 4717; x_wconf 85' lang='lat' dir='ltr'><strong><em>sua</em></strong></span> <span class='ocrx_word' id='word_1_402' title='bbox 1391 4664 1672 4732; x_wconf 88' lang='lat' dir='ltr'><strong><em>majestate</em></strong></span> <span class='ocrx_word' id='word_1_403' title='bbox 1708 4662 1998 4731; x_wconf 77' lang='lat' dir='ltr'><strong><em>suppleret.</em></strong></span> <span class='ocrx_word' id='word_1_404' title='bbox 2024 4666 2192 4734; x_wconf 80' lang='lat' dir='ltr'><strong><em>Atque</em></strong></span> <span class='ocrx_word' id='word_1_405' title='bbox 2222 4664 2306 4716; x_wconf 91' lang='lat' dir='ltr'><strong><em>hic</em></strong></span> <span class='ocrx_word' id='word_1_406' title='bbox 2332 4665 2538 4729; x_wconf 87' lang='lat' dir='ltr'><strong><em>desino,</em></strong></span> <span class='ocrx_word' id='word_1_407' title='bbox 2566 4674 2820 4718; x_wconf 70' lang='lat' dir='ltr'><strong><em>teternunt</em></strong></span> <span class='ocrx_word' id='word_1_408' title='bbox 2851 4666 2986 4719; x_wconf 85' lang='lat' dir='ltr'><strong><em>illud</em></strong></span> <span class='ocrx_word' id='word_1_409' title='bbox 3019 4665 3229 4719; x_wconf 85' lang='lat' dir='ltr'><strong><em>Numen</em></strong></span> <span class='ocrx_word' id='word_1_410' title='bbox 3261 4668 3483 4735; x_wconf 72' lang='lat' dir='ltr'><strong><em>supplex</em></strong></span> <span class='ocrx_word' id='word_1_411' title='bbox 3518 4683 3669 4720; x_wconf 70' lang='grc' dir='ltr'><strong><em>νεηθ-</em></strong></span> 
     </span>
    </p>
   </div>
   <div class='ocr_carea' id='block_1_38' title="bbox 400 4752 3674 4825">
    <p class='ocr_par' dir='ltr' id='par_1_38' title="bbox 400 4752 3674 4825">
     <span class='ocr_line' id='line_1_38' title="bbox 400 4752 3674 4825; baseline 0 -18"><span class='ocrx_word' id='word_1_412' title='bbox 400 4770 549 4822; x_wconf 89' lang='lat' dir='ltr'><strong><em>rans,</em></strong></span> <span class='ocrx_word' id='word_1_413' title='bbox 581 4754 971 4820; x_wconf 83' lang='lat' dir='ltr'><strong><em>Illustrissimi,</em></strong></span> <span class='ocrx_word' id='word_1_414' title='bbox 1005 4755 1478 4825; x_wconf 86' lang='lat' dir='ltr'><strong><em>Potentissimique</em></strong></span> <span class='ocrx_word' id='word_1_415' title='bbox 1524 4753 1771 4817; x_wconf 87' lang='lat' dir='ltr'><strong><em>Domini,</em></strong></span> <span class='ocrx_word' id='word_1_416' title='bbox 1802 4763 1858 4806; x_wconf 91' lang='lat' dir='ltr'><strong><em>ut</em></strong></span> <span class='ocrx_word' id='word_1_417' title='bbox 1881 4752 2023 4805; x_wconf 89' lang='lat' dir='ltr'><strong><em>vobis</em></strong></span> <span class='ocrx_word' id='word_1_418' title='bbox 2079 4753 2415 4821; x_wconf 87' lang='lat' dir='ltr'><strong><em>consiliisque</em></strong></span> <span class='ocrx_word' id='word_1_419' title='bbox 2437 4753 2625 4806; x_wconf 90' lang='lat' dir='ltr'><strong><em>vestris</em></strong></span> <span class='ocrx_word' id='word_1_420' title='bbox 2662 4753 2953 4819; x_wconf 88' lang='lat' dir='ltr'><strong><em>benedicat,</em></strong></span> <span class='ocrx_word' id='word_1_421' title='bbox 2997 4763 3047 4807; x_wconf 90' lang='lat' dir='ltr'><strong><em>et</em></strong></span> <span class='ocrx_word' id='word_1_422' title='bbox 3079 4765 3187 4807; x_wconf 87' lang='lat' dir='ltr'><strong><em>tam</em></strong></span> <span class='ocrx_word' id='word_1_423' title='bbox 3212 4754 3476 4823; x_wconf 81' lang='lat' dir='ltr'><strong><em>prteclaro</em></strong></span> <span class='ocrx_word' id='word_1_424' title='bbox 3510 4753 3674 4823; x_wconf 70' lang='lat' dir='ltr'><strong><em>Operi</em></strong></span> 
     </span>
    </p>
   </div>
   <div class='ocr_carea' id='block_1_39' title="bbox 400 4846 3671 4921">
    <p class='ocr_par' dir='ltr' id='par_1_39' title="bbox 400 4846 3671 4921">
     <span class='ocr_line' id='line_1_39' title="bbox 400 4846 3671 4921; baseline -0.001 -17"><span class='ocrx_word' id='word_1_425' title='bbox 400 4852 626 4921; x_wconf 86' lang='lat' dir='ltr'><strong><em>benigna</em></strong></span> <span class='ocrx_word' id='word_1_426' title='bbox 668 4868 829 4905; x_wconf 88' lang='lat' dir='ltr'><strong><em>manu</em></strong></span> <span class='ocrx_word' id='word_1_427' title='bbox 863 4850 1206 4920; x_wconf 83' lang='lat' dir='ltr'><strong><em>colophouem</em></strong></span> <span class='ocrx_word' id='word_1_428' title='bbox 1244 4850 1509 4918; x_wconf 86' lang='lat' dir='ltr'><strong><em>imponat.</em></strong></span> <span class='ocrx_word' id='word_1_429' title='bbox 1543 4848 1791 4902; x_wconf 83' lang='lat' dir='ltr'><strong><em>inducias</em></strong></span> <span class='ocrx_word' id='word_1_430' title='bbox 1850 4847 2007 4905; x_wconf 81' lang='lat' dir='ltr'><strong><em>hasce</em></strong></span> <span class='ocrx_word' id='word_1_431' title='bbox 2062 4862 2189 4913; x_wconf 85' lang='lat' dir='ltr'><strong><em>pace</em></strong></span> <span class='ocrx_word' id='word_1_432' title='bbox 2226 4849 2575 4917; x_wconf 76' lang='lat' dir='ltr'><strong><em>conﬁrmans,</em></strong></span> <span class='ocrx_word' id='word_1_433' title='bbox 2626 4848 2728 4915; x_wconf 84' lang='lat' dir='ltr'><strong><em>ipsi</em></strong></span> <span class='ocrx_word' id='word_1_434' title='bbox 2755 4846 3013 4917; x_wconf 87' lang='lat' dir='ltr'><strong><em>gloriosa,</em></strong></span> <span class='ocrx_word' id='word_1_435' title='bbox 3043 4848 3175 4916; x_wconf 86' lang='lat' dir='ltr'><strong><em>reip.</em></strong></span> <span class='ocrx_word' id='word_1_436' title='bbox 3205 4856 3391 4902; x_wconf 78' lang='lat' dir='ltr'><strong><em>vestra:</em></strong></span> <span class='ocrx_word' id='word_1_437' title='bbox 3419 4846 3671 4901; x_wconf 87' lang='lat' dir='ltr'><strong><em>salutari.</em></strong></span> 
     </span>
    </p>
   </div>
   <div class='ocr_carea' id='block_1_40' title="bbox 400 4935 1727 5010">
    <p class='ocr_par' dir='ltr' id='par_1_40' title="bbox 400 4935 1727 5010">
     <span class='ocr_line' id='line_1_40' title="bbox 400 4935 1727 5010; baseline -0.002 -17"><span class='ocrx_word' id='word_1_438' title='bbox 400 4940 648 5010; x_wconf 85' lang='lat' dir='ltr'><strong><em>Lugduni</em></strong></span> <span class='ocrx_word' id='word_1_439' title='bbox 681 4940 1014 4997; x_wconf 86' lang='lat' dir='ltr'><strong><em>Batavorum</em></strong></span> <span class='ocrx_word' id='word_1_440' title='bbox 1038 4955 1092 4995; x_wconf 80' lang='lat' dir='ltr'><strong><em>tv</em></strong></span> <span class='ocrx_word' id='word_1_441' title='bbox 1124 4939 1213 4993; x_wconf 86' lang='lat' dir='ltr'><strong><em>Id.</em></strong></span> <span class='ocrx_word' id='word_1_442' title='bbox 1244 4936 1533 4992; x_wconf 86' lang='lat' dir='ltr'><strong><em>Februarii</em></strong></span> <span class='ocrx_word' id='word_1_443' title='bbox 1563 4935 1727 4990; x_wconf 71' lang='grc'><strong>1672.</strong></span> 
     </span>
    </p>
   </div>
   <div class='ocr_carea' id='block_1_41' title="bbox 410 5108 3667 5139">
    <p class='ocr_par' dir='ltr' id='par_1_41' title="bbox 410 5108 3667 5139">
     <span class='ocr_line' id='line_1_41' title="bbox 410 5108 3667 5139; baseline -0.004 3"><span class='ocrx_word' id='word_1_444' title='bbox 410 5108 3667 5139; x_wconf 56' lang='lat' dir='ltr'><strong><em>Mm</em></strong></span> 
     </span>
    </p>
   </div>
   <div class='ocr_carea' id='block_1_42' title="bbox 1766 5217 2399 5275">
    <p class='ocr_par' dir='ltr' id='par_1_42' title="bbox 1766 5217 2399 5275">
     <span class='ocr_line' id='line_1_42' title="bbox 1766 5217 2399 5275; baseline 0.003 -2"><span class='ocrx_word' id='word_1_445' title='bbox 1766 5217 2041 5273; x_wconf 80' lang='lat' dir='ltr'><strong><em>LECTOR</em></strong></span> <span class='ocrx_word' id='word_1_446' title='bbox 2079 5217 2399 5275; x_wconf 80' lang='lat' dir='ltr'><strong><em>BENIGNE.</em></strong></span> 
     </span>
    </p>
   </div>
   <div class='ocr_carea' id='block_1_43' title="bbox 476 5333 3672 5412">
    <p class='ocr_par' dir='ltr' id='par_1_43' title="bbox 476 5333 3672 5412">
     <span class='ocr_line' id='line_1_43' title="bbox 476 5333 3672 5412; baseline -0.002 -14"><span class='ocrx_word' id='word_1_447' title='bbox 476 5344 657 5399; x_wconf 80' lang='lat' dir='ltr'><strong><em>Habes</em></strong></span> <span class='ocrx_word' id='word_1_448' title='bbox 684 5342 874 5398; x_wconf 85' lang='lat' dir='ltr'><strong><em>Leonis</em></strong></span> <span class='ocrx_word' id='word_1_449' title='bbox 899 5340 1143 5396; x_wconf 86' lang='lat' dir='ltr'><strong><em>Tactica.</em></strong></span> <span class='ocrx_word' id='word_1_450' title='bbox 1172 5340 1386 5412; x_wconf 75' lang='lat' dir='ltr'><strong><em>Integra</em></strong></span> <span class='ocrx_word' id='word_1_451' title='bbox 1410 5355 1476 5395; x_wconf 83' lang='lat' dir='ltr'><strong><em>ea</em></strong></span> <span class='ocrx_word' id='word_1_452' title='bbox 1509 5338 1805 5411; x_wconf 87' lang='lat' dir='ltr'><strong><em>prodeunt,</em></strong></span> <span class='ocrx_word' id='word_1_453' title='bbox 1833 5339 2080 5407; x_wconf 74' lang='lat' dir='ltr'><strong><em>exceptis</em></strong></span> <span class='ocrx_word' id='word_1_454' title='bbox 2114 5339 2307 5409; x_wconf 77' lang='lat' dir='ltr'><strong><em>psncis</em></strong></span> <span class='ocrx_word' id='word_1_455' title='bbox 2330 5334 2713 5408; x_wconf 76' lang='lat' dir='ltr'><strong><em>paragrapliis,</em></strong></span> <span class='ocrx_word' id='word_1_456' title='bbox 2740 5350 2771 5390; x_wconf 90' lang='lat' dir='ltr'><strong><em>e</em></strong></span> <span class='ocrx_word' id='word_1_457' title='bbox 2795 5333 2974 5391; x_wconf 83' lang='lat' dir='ltr'><strong><em>tribus</em></strong></span> <span class='ocrx_word' id='word_1_458' title='bbox 3001 5333 3285 5391; x_wconf 85' lang='lat' dir='ltr'><strong><em>codicibus</em></strong></span> <span class='ocrx_word' id='word_1_459' title='bbox 3312 5333 3672 5407; x_wconf 75' lang='lat' dir='ltr'><strong><em>imperfectis,</em></strong></span> 
     </span>
    </p>
   </div>
   <div class='ocr_carea' id='block_1_44' title="bbox 406 5420 3672 5509">
    <p class='ocr_par' dir='ltr' id='par_1_44' title="bbox 406 5420 3672 5509">
     <span class='ocr_line' id='line_1_44' title="bbox 406 5420 3672 5509; baseline -0.003 -19"><span class='ocrx_word' id='word_1_460' title='bbox 406 5454 638 5509; x_wconf 81' lang='lat' dir='ltr'><strong><em>quorum</em></strong></span> <span class='ocrx_word' id='word_1_461' title='bbox 681 5452 793 5492; x_wconf 90' lang='lat' dir='ltr'><strong><em>uno</em></strong></span> <span class='ocrx_word' id='word_1_462' title='bbox 835 5451 972 5492; x_wconf 86' lang='lat' dir='ltr'><strong><em>usus</em></strong></span> <span class='ocrx_word' id='word_1_463' title='bbox 1016 5451 1137 5491; x_wconf 87' lang='lat' dir='ltr'><strong><em>sum</em></strong></span> <span class='ocrx_word' id='word_1_464' title='bbox 1171 5450 1203 5489; x_wconf 86' lang='lat' dir='ltr'><strong><em>e</em></strong></span> <span class='ocrx_word' id='word_1_465' title='bbox 1237 5434 1568 5490; x_wconf 79' lang='lat' dir='ltr'><strong><em>bibliotheca</em></strong></span> <span class='ocrx_word' id='word_1_466' title='bbox 1609 5431 1754 5501; x_wconf 77' lang='lat' dir='ltr'><strong><em>regis</em></strong></span> <span class='ocrx_word' id='word_1_467' title='bbox 1790 5430 2093 5484; x_wconf 77' lang='lat' dir='ltr'><strong><em>Galliarum</em></strong></span> <span class='ocrx_word' id='word_1_468' title='bbox 2117 5465 2135 5492; x_wconf 92' lang='lat'><strong><em>,</em></strong></span> <span class='ocrx_word' id='word_1_469' title='bbox 2179 5427 2354 5481; x_wconf 82' lang='lat' dir='ltr'><strong><em>altero</em></strong></span> <span class='ocrx_word' id='word_1_470' title='bbox 2377 5425 2632 5479; x_wconf 87' lang='lat' dir='ltr'><strong><em>electoris</em></strong></span> <span class='ocrx_word' id='word_1_471' title='bbox 2670 5421 2930 5487; x_wconf 85' lang='lat' dir='ltr'><strong><em>Palatini,</em></strong></span> <span class='ocrx_word' id='word_1_472' title='bbox 2972 5422 3136 5509; x_wconf 67' lang='lat' dir='ltr'><strong><em>tertio</em></strong></span> <span class='ocrx_word' id='word_1_473' title='bbox 3166 5420 3395 5509; x_wconf 62' lang='lat' dir='ltr'><strong><em>Joannis</em></strong></span> <span class='ocrx_word' id='word_1_474' title='bbox 3425 5420 3672 5491; x_wconf 84' lang='lat' dir='ltr'><strong><em>Pistorii,</em></strong></span> 
     </span>
    </p>
   </div>
   <div class='ocr_carea' id='block_1_45' title="bbox 406 5507 3674 5595">
    <p class='ocr_par' dir='ltr' id='par_1_45' title="bbox 406 5507 3674 5595">
     <span class='ocr_line' id='line_1_45' title="bbox 406 5507 3674 5595; baseline -0.004 -18"><span class='ocrx_word' id='word_1_475' title='bbox 406 5507 509 5580; x_wconf 67' lang='lat' dir='ltr'><strong><em>viri</em></strong></span> <span class='ocrx_word' id='word_1_476' title='bbox 540 5527 607 5581; x_wconf 83' lang='lat' dir='ltr'><strong><em>ad</em></strong></span> <span class='ocrx_word' id='word_1_477' title='bbox 658 5526 870 5581; x_wconf 84' lang='lat' dir='ltr'><strong><em>litteras</em></strong></span> <span class='ocrx_word' id='word_1_478' title='bbox 907 5523 1180 5595; x_wconf 73' lang='lat' dir='ltr'><strong><em>iuvandas</em></strong></span> <span class='ocrx_word' id='word_1_479' title='bbox 1220 5521 1643 5594; x_wconf 77' lang='lat' dir='ltr'><strong><em>promptissimi.</em></strong></span> <span class='ocrx_word' id='word_1_480' title='bbox 1684 5519 1890 5588; x_wconf 70' lang='lat' dir='ltr'><strong><em>Regius</em></strong></span> <span class='ocrx_word' id='word_1_481' title='bbox 1928 5518 1983 5572; x_wconf 91' lang='lat' dir='ltr'><strong><em>in</em></strong></span> <span class='ocrx_word' id='word_1_482' title='bbox 2027 5516 2298 5588; x_wconf 83' lang='lat' dir='ltr'><strong><em>principio</em></strong></span> <span class='ocrx_word' id='word_1_483' title='bbox 2344 5522 2399 5568; x_wconf 86' lang='lat' dir='ltr'><strong><em>et</em></strong></span> <span class='ocrx_word' id='word_1_484' title='bbox 2429 5514 2536 5567; x_wconf 81' lang='lat' dir='ltr'><strong><em>line</em></strong></span> <span class='ocrx_word' id='word_1_485' title='bbox 2567 5511 2799 5566; x_wconf 88' lang='lat' dir='ltr'><strong><em>mutilus</em></strong></span> <span class='ocrx_word' id='word_1_486' title='bbox 2820 5519 2972 5578; x_wconf 83' lang='lat' dir='ltr'><strong><em>erat;</em></strong></span> <span class='ocrx_word' id='word_1_487' title='bbox 3009 5507 3294 5564; x_wconf 84' lang='lat' dir='ltr'><strong><em>Palatinus</em></strong></span> <span class='ocrx_word' id='word_1_488' title='bbox 3327 5508 3383 5563; x_wconf 87' lang='lat' dir='ltr'><strong><em>in</em></strong></span> <span class='ocrx_word' id='word_1_489' title='bbox 3412 5510 3595 5564; x_wconf 80' lang='lat' dir='ltr'><strong><em>modio</em></strong></span> <span class='ocrx_word' id='word_1_490' title='bbox 3618 5522 3674 5565; x_wconf 84' lang='lat' dir='ltr'><strong><em>et</em></strong></span> 
     </span>
    </p>
   </div>
   <div class='ocr_carea' id='block_1_46' title="bbox 406 5597 3673 5681">
    <p class='ocr_par' dir='ltr' id='par_1_46' title="bbox 406 5597 3673 5681">
     <span class='ocr_line' id='line_1_46' title="bbox 406 5597 3673 5681; baseline -0.006 -11"><span class='ocrx_word' id='word_1_491' title='bbox 406 5618 551 5681; x_wconf 81' lang='lat' dir='ltr'><strong><em>line;</em></strong></span> <span class='ocrx_word' id='word_1_492' title='bbox 586 5615 935 5670; x_wconf 85' lang='lat' dir='ltr'><strong><em>Pistorianus</em></strong></span> <span class='ocrx_word' id='word_1_493' title='bbox 968 5623 1182 5669; x_wconf 86' lang='lat' dir='ltr'><strong><em>tantum</em></strong></span> <span class='ocrx_word' id='word_1_494' title='bbox 1210 5615 1265 5668; x_wconf 89' lang='lat' dir='ltr'><strong><em>in</em></strong></span> <span class='ocrx_word' id='word_1_495' title='bbox 1300 5612 1502 5667; x_wconf 83' lang='lat' dir='ltr'><strong><em>medio.</em></strong></span> <span class='ocrx_word' id='word_1_496' title='bbox 1536 5608 1594 5666; x_wconf 90' lang='lat' dir='ltr'><strong><em>In</em></strong></span> <span class='ocrx_word' id='word_1_497' title='bbox 1621 5608 1870 5665; x_wconf 80' lang='lat' dir='ltr'><strong><em>Palatino</em></strong></span> <span class='ocrx_word' id='word_1_498' title='bbox 1897 5612 2057 5663; x_wconf 78' lang='lat' dir='ltr'><strong><em>erant</em></strong></span> <span class='ocrx_word' id='word_1_499' title='bbox 2083 5604 2355 5657; x_wconf 80' lang='lat' dir='ltr'><strong><em>tlntttssat</em></strong></span> <span class='ocrx_word' id='word_1_500' title='bbox 2386 5598 2825 5655; x_wconf 81' lang='lat' dir='ltr'><strong><em>Constitutiones</em></strong></span> <span class='ocrx_word' id='word_1_501' title='bbox 2846 5613 2902 5653; x_wconf 79' lang='grc' dir='ltr'>ιι</span> <span class='ocrx_word' id='word_1_502' title='bbox 2926 5597 3137 5670; x_wconf 83' lang='lat' dir='ltr'><strong><em>priores</em></strong></span> <span class='ocrx_word' id='word_1_503' title='bbox 3160 5611 3286 5653; x_wconf 79' lang='lat' dir='ltr'><strong><em>cum</em></strong></span> <span class='ocrx_word' id='word_1_504' title='bbox 3310 5611 3427 5667; x_wconf 74' lang='grc' dir='ltr'><strong><em>ιη,</em></strong></span> <span class='ocrx_word' id='word_1_505' title='bbox 3460 5612 3551 5665; x_wconf 64' lang='grc' dir='ltr'><strong><em>ιτ,</em></strong></span> <span class='ocrx_word' id='word_1_506' title='bbox 3582 5612 3673 5653; x_wconf 73' lang='grc' dir='ltr'><strong><em>ιη</em></strong></span> 
     </span>
    </p>
   </div>
   <div class='ocr_carea' id='block_1_47' title="bbox 465 5758 1161 5824">
    <p class='ocr_par' dir='ltr' id='par_1_47' title="bbox 465 5758 1161 5824">
     <span class='ocr_line' id='line_1_47' title="bbox 465 5758 1161 5824; baseline -0.01 -9"><span class='ocrx_word' id='word_1_507' title='bbox 465 5766 484 5783; x_wconf 87' lang='grc'><strong>⁹</strong></span> <span class='ocrx_word' id='word_1_508' title='bbox 515 5766 643 5824; x_wconf 83' lang='lat' dir='ltr'><strong><em>Opp.</em></strong></span> <span class='ocrx_word' id='word_1_509' title='bbox 674 5762 900 5824; x_wconf 73' lang='lat' dir='ltr'><strong><em>Menrsii,</em></strong></span> <span class='ocrx_word' id='word_1_510' title='bbox 934 5764 1052 5810; x_wconf 80' lang='lat' dir='ltr'><strong><em>tom.</em></strong></span> <span class='ocrx_word' id='word_1_511' title='bbox 1088 5758 1161 5809; x_wconf 73' lang='lat' dir='ltr'><strong><em>Vl.</em></strong></span> 
     </span>
    </p>
   </div>
  </div>
