4022 6498
207 429 288 490 673

1347 420 1683 486 TACTICA.
1726 450 1797 461 ’-
1827 424 2244 486 PRIEFATIO.

3331 398 3446 493 674'

206 538 426 602 ἐπίδειξις
447 536 543 590 καὶ
565 536 885 603 ἀπόλαυσις,
911 536 1065 591 οὐδὲν
1090 538 1190 591 ὅσα
1218 538 1328 590 τῶν
1350 540 1410 591 ὲν
1433 538 1745 608 ἀνθρώποις

1864 538 2224 609 Impiitudinis
2257 546 2459 594 nostra:
2488 538 2747 608 splendor
2788 550 2951 609 atque
2982 538 3217 606 fructus,
3247 554 3427 611 neque

209 630 383 700 ἐφετῶν
418 628 517 682 καὶ
558 628 780 696 τιμίων,
810 630 910 697 τὴν
952 630 1234 701 ἡμετέραν
1260 629 1435 692 οὕτως
1462 628 1743 699 εὐφραίνει

205 719 465 793 βασιλείαν,
499 718 577 782 ὡς
606 720 641 790 ή
672 717 782 771 τῶν
810 719 1062 788 ὑπηκόων
1086 720 1279 790 εἰρήνη
1317 719 1414 772 καὶ
1441 719 1745 792 εὐημερία,

173 810 281 871 ἷκαὶ
302 810 397 863 τῶν
426 808 722 863 πολιτικῶν
767 810 1114 879 πραγμάτων
1142 811 1176 880 ὴ
1223 808 1290 864 δι’
1324 811 1506 864 αὐτῶν
1554 811 1649 864 ἐπὶ
1685 811 1747 863 τὸ

202 905 415 973 κρεῖττον
463 900 796 964 κατάστασις
842 902 937 955 καὶ
985 900 1395 971 ἐπανόρθωσις·
1459 901 1651 972 ὥσπερ
1686 900 1748 953 τὸ

203 994 408 1048 ἐναντίον
450 992 601 1046 οὐδὲν
643 991 818 1056 οὓτως
862 993 962 1063 τὴν
1009 993 1169 1063 ήμῶν
1226 993 1458 1064 καρδίαν
1500 993 1627 1063 ἀνιᾷ
1653 993 1749 1045 καὶ

200 1086 353 1148 λυπεῖ,
379 1081 451 1145 ὡς
478 1084 512 1154 ή
541 1081 650 1135 τῶν
678 1082 785 1135 ὑπὸ
813 1085 974 1154 χεῖρα
998 1083 1332 1153 δυσπραγία,
1368 1083 1592 1137 καὶτῶν
1620 1083 1749 1152 περὶ

202 1176 368 1237 αὐτοὺς
396 1173 617 1242 ἀγαθῶν
661 1175 695 1243 ή
742 1174 812 1227 δι’
845 1173 1113 1243 ἀμελείας
1142 1174 1440 1237 ἐλάττωσις
1492 1174 1588 1226 καὶ
1643 1188 1749 1226 κα-

196 1266 461 1325 τάπτωσις.
491 1262 554 1315 Et
592 1261 704 1333 γὰρ
735 1261 854 1325 ἑνὸς
886 1261 1080 1332 ἀνδρὸς
1114 1262 1216 1331 τῆς
1256 1261 1413 1333 ήμῶν
1440 1261 1748 1331 ἠξιωμένου

199 1354 425 1427 προνοίας
444 1393 461 1419 ,
492 1356 525 1425 ἠ
552 1355 652 1425 μὲν
700 1354 796 1407 ἐπὶ
821 1354 882 1407 τὸ
911 1356 1163 1425 κρεῖττον
1203 1354 1493 1418 ἀνάνευσις
1541 1353 1751 1422 ἄφατον

196 1448 308 1517 ἡμῖν
346 1445 683 1517 εὐφροσύνην
736 1442 1051 1516 ἐργάζεται,
1111 1446 1144 1515 ή
1193 1444 1253 1498 δὲ
1306 1445 1399 1498 ἐπὶ
1448 1444 1513 1497 τὸ
1568 1447 1751 1514 χεῖρον

195 1535 454 1598 ἀπόνευσις
481 1534 753 1605 ἀλγηδόνα
789 1533 967 1604 ψυχῆς
995 1532 1433 1603 ἀνυπερϐλητον,
1464 1534 1517 1586 τί
1550 1536 1652 1588 οὐκ
1679 1535 1746 1589 ἂν

195 1627 432 1697 πάθωμεν
482 1625 757 1679 τοσούτων
790 1624 1068 1695 μυριάδων
1106 1627 1209 1694 τῆς
1240 1625 1399 1695 ήμῶν
1447 1626 1587 1695 μετά
1618 1625 1753 1680 Θεὸν

192 1720 495 1790 ἠρτημένων
517 1720 775 1789 προνοίας
794 1759 808 1783 ,
856 1712 932 1772 ὧν
959 1718 1061 1789 τὴν
1103 1717 1363 1788 φροντίδα
1386 1718 1481 1770 καὶ
1508 1716 1607 1788 τὴν
1635 1719 1756 1771 επι-

188 1810 392 1879 μέλειαν
415 1809 819 1880 χρεωστοῦντες
865 1807 1085 1878 νύκτωρ
1120 1807 1220 1876 μὲν
1265 1807 1753 1878 ὲπαγρυπνοῦμεν,

1848 629 2149 699 quidquam
2179 629 2358 691 exiis,
2393 644 2515 699 qua-
2556 629 2610 683 in
2663 629 2983 685 hominibus
3025 630 3324 700 expetenda
3372 640 3431 687 et

1850 721 2117 776 honorata
2147 730 2296 783 sunt,
2333 720 2673 791 Maiestatem
2716 728 2965 777 nostram
3009 720 3237 791 perinde
3276 721 3429 777 oble-

1850 817 1984 873 ctat,
2018 816 2078 863 ut
2107 823 2322 874 eorum,
2358 809 2449 880 qui
2492 810 2596 864 sub
2627 808 2968 864 dominatum
3011 818 3259 865 nostrum
3300 811 3432 865 sub-

1847 899 1980 970 jecti
2025 908 2176 963 sunt,
2215 916 2323 970 pax
2381 911 2546 971 atque
2595 900 2986 970 tranquillitas,
3026 908 3080 955 et
3122 901 3435 969 reipublicae

1850 1002 2057 1050 nostrae
2094 991 2250 1047 ﬁrma
2272 994 2616 1054 constitutio,
2646 1002 2812 1063 atque
2846 993 2912 1047 ad
2952 992 3221 1062 optimum
3248 1007 3437 1048 rerum

1858 1092 2068 1140 statum
2112 1082 2413 1149 traductio;
2461 1082 2705 1153 nihilque
2760 1090 2955 1138 contra
2996 1093 3116 1148 est,
3148 1083 3299 1153 quod
3334 1100 3439 1139 no-

1853 1185 2027 1232 stram
2061 1183 2299 1230 mentem
2325 1175 2394 1230 de
2414 1175 2589 1229 salute
2612 1174 2765 1245 regni
2790 1175 3122 1245 cogitantem
3152 1174 3224 1229 ita
3272 1186 3436 1231 vexet

1853 1276 1908 1323 et
1936 1266 2213 1332 sollicitet,
2242 1281 2306 1321 ac
2338 1281 2554 1333 eorum,
2588 1267 2679 1335 qui
2704 1266 3144 1335 nostroimperio
3176 1266 3437 1323 obedien-

1856 1368 1937 1413 tes
1965 1368 2117 1424 sunt,
2149 1359 2511 1429 perturbatio,
2537 1369 2592 1413 et
2630 1373 2814 1415 rerum
2842 1358 3152 1425 meliorum,
3194 1360 3277 1414 vel
3309 1374 3437 1429 pro-

1854 1459 1976 1520 pter
2012 1448 2398 1521 negligentiam
2440 1450 2686 1513 amissio,
2735 1450 2821 1505 vel
2850 1461 3073 1521 propter
3113 1452 3438 1521 imperitiam

1856 1535 2166 1591 labefactio.
2204 1534 2262 1590 Si
2304 1536 2451 1591 enim
2497 1537 2665 1592 unius
2711 1537 2944 1606 alicujus
2980 1538 3104 1600 viri,
3142 1538 3300 1608 cujus
3345 1554 3445 1593 nos

1859 1627 2343 1697 procurationem,
2389 1627 2871 1697 provisionemque
2914 1629 3284 1698 suscepimus,
3316 1643 3447 1698 pro-

1859 1716 2071 1788 gressio
2114 1715 2183 1770 ad
2221 1715 2444 1780 melius,
2488 1715 2863 1769 incredibilem
2903 1715 3062 1769 nobis
3106 1715 3444 1784 voluptatem

1859 1808 2034 1885 adert,
2066 1818 2119 1863 et
2153 1808 2219 1864 ad
2259 1809 2587 1864 deteriorem
2624 1817 2836 1878 partem
2876 1807 3195 1877 appiicatio,
3229 1823 3447 1876 perma-

186 1901 384 1971 ήμέρας
409 1902 466 1955 δὲ
493 1900 928 1972 διαμελετῶμεν,
954 1900 1131 1968 πάσης
1166 1900 1263 1969 μὲν
1289 1898 1482 1971 ἀηδίας
1501 1899 1597 1952 καὶ
1630 1897 1758 1968 βλά-

1864 1913 2027 1970 gnnm
2065 1898 2230 1955 nobis
2273 1897 2519 1954 dolorem
2554 1906 2839 1968 apportet;
2873 1898 3001 1967 quid
3038 1908 3189 1953 nunc
3234 1897 3449 1953 edicere

187 1991 277 2062 6ης
310 1992 634 2065 ἐλευθέρους
685 1991 1083 2063 διατηρείσθαι,
1120 1990 1303 2061 πάσης
1341 1990 1401 2043 δὲ
1445 1990 1624 2061 χαρᾶς
1659 1990 1754 2044 καὶ⁸

180 2085 464 2156 εὐημερίας
494 2084 886 2156 προσηκόντως
914 2081 1281 2137 ὲπαπολαύειν
1314 2097 1330 2148 ;

1859 1990 2147 2054 debemus,
2174 1999 2328 2045 tanta
2354 1990 2665 2056 hominum,
2690 1997 2745 2045 et
2786 2000 2894 2043 tam
2917 1988 3191 2059 frequenti
3216 2005 3281 2044 ac
3310 2002 3451 2060 pene

1860 2081 2075 2137 inﬁnita
2106 2083 2462 2139 multitudine
2503 2083 2606 2137 sub
2636 2091 2885 2137 nostram
2917 2081 3324 2151 providentiam
3359 2097 3449 2137 se-

180 2179 399 2231 cundum
431 2177 603 2233 Deum
634 2177 819 2232 statim
840 2176 1111 2247 subjecta,
1134 2191 1369 2247 quorum
1393 2191 1583 2232 curam
1622 2175 2106 2246 provisionemque
2169 2178 2456 2233 nocturnis
2508 2177 2743 2247 vigiliis,
2792 2185 2848 2231 et
2911 2176 3109 2231 diurna
3177 2176 3447 2233 sollicitu-

176 2268 325 2331 dine,
369 2284 480 2322 non
540 2269 903 2339 deponimus,
951 2279 1010 2326 ut
1057 2275 1128 2327 ab
1178 2271 1330 2328 omni
1374 2271 1626 2328 molestia
1684 2281 1740 2328 et
1789 2271 2092 2329 offensione
2156 2272 2315 2328 liberi
2356 2280 2770 2335 conserventur,
2815 2279 2870 2326 et
2904 2272 3053 2325 omni
3100 2286 3284 2327 rerum
3362 2271 3447 2327 at.

181 2362 393 2417 ﬂuentia
427 2363 731 2435 laetitiaque
761 2367 1128 2437 expleantur?

246 2456 404 2511 Ἀλλά
426 2456 546 2509 τῶν
578 2456 679 2526 μὲν
703 2457 879 2512 ἄλλων
906 2460 1035 2531 περ)¹
1063 2460 1163 2529 τὴν
1192 2459 1471 2513 πολιτείαν
1498 2459 1757 2529 πραγμά-

173 2565 271 2601 των
300 2549 514 2621 μικράν
543 2563 670 2602 τινα
695 2548 1006 2621 δεξαμένων
1041 2550 1174 2613 ἴσως
1206 2551 1503 2604 ἐλάττωσιν
1536 2550 1597 2602 οὐ
1630 2568 1757 2604 τοσ-

167 2637 329 2707 αύτην
349 2638 739 2709 κατανοοῦμεν
761 2639 861 2710 τὴν
900 2639 1124 2710 βλάϐην.
1162 2639 1277 2709 Τῆς
1300 2637 1359 2691 δὲ
1381 2640 1753 2711 στρατηγικῆς

171 2728 384 2797 μεθόδου
452 2729 861 2805 διαπεσούσης,
904 2730 1158 2784 τοσοῦτον
1186 2729 1255 2782 τά
1297 2728 1587 2799 Ῥωμαίων
1636 2747 1760 2783 συν-

164 2818 322 2890 ελάοη
349 2820 699 2891 πράγματα,
713 2821 838 2874 ὅσον
866 2821 899 2891 ή
927 2822 1093 2891 πεῖρα
1109 2819 1204 2872 τοῦ
1235 2817 1330 2873 νῦν
1363 2820 1556 2890 χρόνου
1586 2820 1759 2872 πᾶσιν

166 2906 372 2964 ἅπαντα
406 2910 569 2963 κατὰ
597 2909 911 2980 ὀφθαλμοὺς
958 2910 1217 2981 ὁρώμενα
1266 2910 1568 2980 παρίστησι
1622 2910 1757 2980 πρός

161 2998 311 3069 δηλα.
343 3003 502 3055 Ἔδει
546 3000 649 3070 μὲν
672 3001 781 3072 γὰρ
810 2999 1135 3072 ἀνθρώπους
1160 3000 1408 3065 ἅπαντας
1430 3000 1597 3054 εἰκόνι
1623 3000 1758 3055 Θεοῦ

165 3091 253 3143 καὶ
302 3091 456 3162 λόγῳ
508 3091 918 3161 τετιμημένους
974 3089 1072 3162 τὴν
1116 3090 1342 3161 εἰρήνην
1392 3090 1755 3155 ἀσπάζεσθαι,

162 3183 249 3233 καὶ
273 3182 375 3254 τὴν
424 3185 513 3247 εἰς
544 3182 813 3253 ἀλλήλους
854 3181 1213 3254 περιθάλπειν
1253 3181 1501 3251 ἀγάπην,
1552 3182 1647 3235 καὶ
1682 3182 1757 3253 μὴ

163 3273 341 3343 χεῖρας
372 3275 610 3343 φονίους
641 3273 781 3327 κατά
807 3273 915 3325 τῶν
932 3271 1214 3343 ὁμογενῶν
1251 3270 1621 3335 καθοπλίζειν.

1931 2455 2002 2509 At
2030 2453 2077 2510 si
2110 2460 2469 2521 caetera,quae
2500 2449 2566 2503 ad
2592 2446 2983 2518 rempublicam
3015 2462 3147 2516 pace
3175 2456 3231 2503 et
3259 2449 3448 2503 consi-

1828 2588 1831 2589 γ
1860 2544 1939 2601 lio
1978 2542 2395 2615 gubernandam
2427 2547 2698 2610 spectant,
2732 2554 2839 2593 non
2876 2546 3024 2591 recte
3055 2536 3452 2593 administran-

1858 2644 1967 2698 tur,
2018 2634 2165 2689 haud
2209 2642 2467 2704 magnum
2522 2630 2647 2685 inde
2699 2628 3087 2684 detrimentum
3130 2629 3295 2694 oriri,
3339 2644 3448 2683 non

1859 2743 2050 2800 graves
2091 2739 2273 2782 rerum
2316 2722 2760 2794 perturbationes
2808 2736 2873 2776 ac
2922 2720 3255 2776 mutationes
3310 2720 3446 2775 eliici

1857 2814 2145 2881 videmus;
2177 2810 2464 2880 disciplina
2490 2820 2671 2865 autem
2692 2808 2916 2863 militari
2935 2808 3173 2878 iacente,
3200 2817 3309 2863 tam
3341 2812 3447 2863 mi-

1862 2920 2018 2960 seras
2060 2917 2247 2958 rerum
2295 2899 2660 2965 oh‘ensiones,
2690 2913 2755 2956 ac
2796 2900 3178 2956 lamentabiles
3217 2915 3450 2955 conver-

1860 2980 2045 3050 siOnes
2115 2992 2350 3048 Romani
2406 3000 2773 3062 acceperunt,
2828 2999 3065 3060 quantas
3127 2990 3447 3060 quotidiana

1859 3099 2046 3141 rerum
2095 3082 2436 3152 experientia
2481 3092 2609 3137 ante
2691 3081 2884 3137 oculos
2930 3089 3153 3137 nostros
3211 3095 3445 3149 conspe-

1857 3187 2119 3245 ctumque
2182 3177 2466 3245 proponit.
2554 3175 2630 3230 Ac
2702 3173 2956 3229 homines
3032 3172 3285 3240 quidem,
3356 3172 3451 3242 qui

1856 3273 2091 3341 ratione,
2144 3280 2200 3328 et
2274 3270 2372 3324 Dei
2427 3268 2603 3338 ipsius
2672 3266 2947 3337 imagine,
3001 3264 3249 3335 insigniti
3320 3270 3452 3321 sunt

158 3380 341 3435 pacem
371 3367 678 3438 amplecti,
711 3374 1017 3435 mutuaque
1060 3380 1120 3421 se
1162 3365 1457 3421 dilectione
1500 3363 1758 3435 prosequi
1819 3366 2090 3435 oportuit,
2126 3381 2305 3437 neque
2348 3378 2544 3418 manus
2601 3370 2858 3416 cruentas
2919 3370 2974 3415 et
3053 3362 3448 3419 consceleratas

157 3467 348 3512 contra
374 3474 568 3530 genus
603 3472 790 3520 suum,
821 3464 875 3511 et
904 3455 1140 3511 miseros
1169 3453 1429 3509 mortales
1450 3464 1689 3508 armare.

240 3542 474 3615 Ἐπειδὴ
501 3544 567 3599 δὲ
590 3546 621 3597 ό
647 3543 744 3596 ἀπ’
786 3543 964 3613 ἀρχῆς
1008 3540 1460 3612 ἀνθρωποκτόνος
1504 3540 1753 3604 διάδολος

1933 3543 2201 3610 Quoniam
2234 3551 2419 3596 autem
2453 3540 2522 3596 ab
2557 3540 2719 3595 initio
2748 3538 3020 3609 parricida
3052 3539 3324 3606 diabolus,
3360 3555 3451 3610 ge-

160 3635 254 3689 καὶ
288 3637 390 3691 τοῦ
416 3639 635 3705 γένους
667 3635 826 3706 ἡμῶν
848 3634 1062 3706 ἐχθρὸς,
1080 3632 1171 3687 διὰ
1204 3632 1306 3700 τῆς
1327 3632 1604 3704 ἁμαρτίας
1631 3635 1782 3703 ίσχυ-

152 3732 256 3801 ρᾶς
280 3729 364 3802 (3)
386 3730 550 3785 κατὰ
579 3729 686 3799 τῆς
709 3727 847 3792 ἰδίας
868 3729 1083 3795 φύσεως
1108 3724 1634 3795 ἀντιστρατεύεσθαι
1650 3726 1777 3788 τοὺς

151 3821 497 3893 ἀνθρώπους
527 3820 979 3892 παρεσκεύασεν,
1020 3820 1173 3873 πᾶσα
1207 3818 1423 3888 ἀνάγκη
1457 3819 1579 3881 ταῖς
1608 3818 1775 3872 αὐτοῦ

149 3917 493 3986 γινομέναις
526 3914 633 3970 διὰ
663 3914 773 3967 τῶν
804 3911 1111 3984 ἀνθρώπων
1147 3912 1422 3982 μηχαναῖς
1449 3908 1775 3981 ἀνθρώπους

145 4002 741 4076 ἀντιστρατεύεσθαι,
758 4002 853 4057 καὶ
882 4004 994 4064 τοῖς
1015 3999 1264 4054 ἐθέλουσι
1297 3999 1569 4071 πολέμους
1595 4000 1775 4055 ἔθνεσι

140 4096 219 4166 μὴ
244 4097 667 4169 εὐχειρώτους
695 4093 1065 4149 καθίστασθαι
1085 4132 1102 4157 ,
1137 4091 1277 4146 ἀλλά
1316 4092 1444 4155 ταῖς
1474 4107 1774 4163 στρατηγι-

134 4188 263 4248 καῖς
296 4187 587 4257 μεθόδοις
618 4183 724 4255 τὴν
755 4186 1037 4255 σωτηρίαν
1061 4181 1408 4254 πορίζεσθαι,
1433 4181 1530 4235 καὶ
1564 4180 1636 4234 δι’
1677 4181 1774 4236 αύ-

132 4275 240 4329 τῶν
275 4277 705 4347 φυλάττεσθαι
752 4276 854 4344 μὲν
885 4275 996 4330 ἀπὸ
1041 4274 1151 4329 τῶν
1188 4272 1581 4344 ἐπερχομένων
1612 4275 1773 4328 πολε-

128 4354 292 4419 μίων,
353 4354 672 4424 πράττειν
719 4352 779 4407 δὲ
822 4354 966 4409 κατά
1020 4353 1206 4410 αὐτῶν
1244 4356 1347 4410 ὅσα
1387 4355 1586 4411 παθεῖν
1628 4358 1772 4410 έκεῖ-

126 4460 204 4497 νοι
259 4447 335 4500 ἂν
388 4446 527 4500 εἶεν
564 4444 750 4511 ἄξιοι.
792 4446 881 4510 Ὧς
918 4446 987 4501 ἀν
1015 4450 1345 4514 ὲκκοπέντος
1392 4450 1487 4504 τοῦ
1531 4450 1619 4503 διὰ
1663 4449 1774 4504 τῶν

120 4541 393 4612 πονηρῶν
440 4538 909 4610 ὲγχειρουμένου
953 4541 1151 4608 κακοῦ,
1178 4543 1273 4595 καὶ
1305 4542 1524 4596 πάντων
1560 4540 1660 4614 τήν
1695 4542 1775 4594 oi-

122 4628 284 4682 κείαν
319 4628 659 4700 σωτηρίαν
692 4628 1091 4701 ἀσπαζομένων
1125 4632 1160 4702 ή
1205 4632 1399 4702 είρήνη
1441 4629 1591 4700 παρά
1638 4630 1776 4683 πᾶσι

112 4724 427 4795 στερχθείη
462 4724 583 4777 καὶ
623 4722 990 4777 πολιτεύοιτο.

188 4812 348 4878 Ἕως
378 4815 509 4887 μὲν
547 4812 708 4883 γὰρ,
734 4812 810 4875 ὡς
847 4812 1013 4880 έοικε,
1046 4813 1117 4867 τὰ
1148 4812 1291 4868 κατά
1327 4813 1597 4884 πολέμους
1640 4812 1775 4866 Ῥω-

1866 3637 2014 3691 neris
2065 3633 2237 3689 nostri
2295 3632 2503 3697 hostis,
2534 3641 2760 3702 peccato
2814 3640 3028 3701 petens,
3064 3646 3166 3688 sua
3206 3631 3449 3703 ipsorum

1867 3734 2064 3780 natura
2092 3724 2346 3779 homines
2373 3737 2696 3794 expugnare
2724 3722 2948 3794 cogitat,
2977 3725 3451 3792 pernecessarium

1868 3825 1972 3882 est,
2006 3825 2068 3871 ut
2088 3815 2340 3871 homines
2378 3815 2527 3871 illius
2552 3812 3056 3869 machinationibus
3078 3829 3173 3884 per
3201 3815 3451 3870 homines

1869 3909 2130 3965 adhibitis
2152 3917 2469 3971 occurrant,
2492 3920 2670 3976 neque
2714 3906 2928 3977 seipsos
2962 3907 3087 3962 aliis
3138 3908 3451 3963 nationibus

1868 3999 2071 4056 bellum
2101 3997 2465 4054 inferentibus
2497 3999 2734 4063 tradant,
2752 3996 2849 4052 sed
2873 3995 3129 4051 militaris
3153 3997 3453 4067 disciplinae

1871 4091 2113 4147 scientiae
2154 4090 2383 4146 salutem
2429 4090 2531 4146 sibi
2574 4098 2861 4161 quierant,
2888 4096 2944 4143 et
2983 4102 3046 4145 se
3086 4089 3155 4143 ab
3207 4088 3450 4143 hostium

1872 4183 2286 4241 incursiOnibus
2342 4191 2493 4238 tutos
2534 4182 2885 4249 conservent,
2921 4188 2977 4237 et
3023 4182 3135 4236 illis
3191 4180 3450 4243 inferant,

1873 4291 1997 4347 qua;
2018 4276 2131 4346 pati
2176 4274 2301 4330 illos
2338 4274 2563 4346 dignum
2581 4281 2687 4342 est,
2710 4284 2781 4329 ot
2803 4275 2953 4328 omni
2987 4271 3324 4328 nefariorum
3354 4274 3456 4328 lto-

1874 4367 2085 4422 minum
2136 4366 2485 4437 improbitate
2521 4366 2733 4433 deleta,
2763 4370 2819 4420 et
2857 4372 2956 4421 sua
2996 4365 3241 4435 ipsorum
3281 4365 3458 4421 salute

1877 4468 2214 4530 comparata,
2239 4466 2343 4531 pax
2379 4460 2450 4515 ab
2482 4458 2741 4515 omnibus
2766 4456 3029 4529 diligatur
3084 4466 3248 4527 atque
3280 4457 3461 4513 susci-

1877 4549 2080 4620 piatur.

1951 4809 2205 4876 Quandiu
2237 4808 2383 4864 enim
2413 4806 2680 4863 Romanis
2714 4808 2771 4861 in
2805 4807 2948 4861 bello
2986 4804 3198 4861 ordinis
3237 4815 3463 4857 conser-

112 4899 305 4965 μαίοις
358 4904 431 4954 ὲν
500 4898 768 4970 εὐταξίᾳ
798 4899 928 4952 ὄντα
974 4899 1239 4971 ἐτύγχανε
1290 4901 1391 4972 τῆς
1441 4917 1502 4955 τε
1534 4900 1624 4954 ἐπ’
1674 4901 1758 4954 οὐ)

1882 4900 2028 4956 vatio
2063 4898 2187 4963 fuit,
2217 4897 2405 4953 tandiu
2438 4907 2494 4953 et
2528 4898 2717 4952 divino
2747 4894 3004 4966 prazsidio
3030 4892 3320 4962 imperium
3352 4906 3463 4947 non

108 4984 335 5053 ὀλίγους
359 4990 648 5063 χρόνους
702 4988 855 5052 θείας
884 4989 1128 5042 ἀπέλαϐε
1159 4990 1239 5062 (ὁ)
1274 4990 1530 5062 βοηθείας
1556 4991 1618 5043 τὸ
1636 4991 1777 5061 κρά-

1882 4990 2319 5055 destituebatur,
2366 4998 2421 5044 et
2458 5004 2585 5044 cum
2631 4987 2843 5043 ordinis
2887 4985 3309 5042 conservatione
3334 4983 3465 5053 jun-
3545 5043 3552 5058 ι

1882 5090 2009 5139 ctus
2044 5082 2381 5151 optimorum
2412 5079 2591 5144 labor,
2636 5076 2984 5149 splendorem
3011 5076 3257 5131 victoria:
3293 5075 3469 5143 majo-

1881 5188 1996 5229 rem
2023 5171 2317 5227 adhibebat
2337 5188 2352 5237 ;
2370 5185 2515 5225 nunc
2545 5184 2673 5224 vero
2703 5183 2828 5223 cum
2852 5177 2906 5223 et
2928 5168 3171 5223 acierum
3198 5166 3471 5220 instruen-

1882 5264 2076 5319 darum
2128 5262 2291 5326 ratio,
2327 5270 2384 5316 et
2432 5260 2787 5330 imperatoria
2834 5272 2928 5313 ars
2970 5258 3136 5326 longo
3176 5255 3294 5326 jam
3333 5262 3471 5308 tem-

102 5093 215 5141 τος,
259 5085 371 5135 καὶ
426 5085 515 5152 τῇ
581 5079 832 5151 εὐταξίᾳ
863 5081 1214 5152 ἡρμοσμένος
1252 5083 1364 5136 τῶν
1410 5080 1702 5155 ἀριστείων
1750 5083 1781 5135 ό

109 5170 275 5234 πόνος
292 5172 364 5225 τὸ
392 5172 715 5243 λαμπρὸν
733 5171 834 5241 τῆς
852 5172 1010 5242 νίκης
1031 5173 1291 5227 ὲπιπλέον
1304 5168 1639 5227 ἐϐεϐαιοῦτο.
1664 5170 1781 5225 Νῦν

100 5261 155 5314 δὲ
185 5266 295 5336 τῆς
328 5264 678 5332 τακτικῆς
723 5263 816 5315 καὶ
847 5264 1225 5335 στρατηγικῆς
1272 5264 1663 5327 καταστάσεως
1690 5262 1780 5314 ἐπ’

103 5358 199 5408 οὐκ
225 5359 487 5427 ὀλίγους
536 5354 807 5427 χρόνους
850 5355 1255 5426 ἀμελουμένης,
1289 5355 1380 5410 ἴνα
1407 5356 1484 5426 μὴ
1518 5354 1662 5422 λέγω
1685 5356 1758 5405 κα

1888 5368 2022 5423 pore
2049 5353 2293 5423 neglecta
2324 5351 2568 5421 iaceant,
2599 5356 2659 5403 ut
2686 5356 2754 5403 n'e
2780 5345 3186 5415 addam,quod
3218 5344 3272 5398 in
3305 5343 3469 5397 altam

101 5450 174 5512 si;
203 5452 491 5521 παντελῆ
539 5445 975 5517 περιελθούσης
1023 5447 1220 5518 λήθην,
1257 5448 1333 5511 ὡς
1366 5446 1503 5518 μηδὲ
1531 5444 1672 5499 αὐτὰ
1713 5460 1758 5497 τε

1892 5446 2224 5501 oblivionem
2250 5443 2468 5514 penitus
2501 5441 2774 5505 venerint,
2802 5454 2871 5495 ne
2898 5439 3019 5510 ipso
3042 5437 3261 5507 quidem
3296 5437 3472 5504 impe-

102 5542 394 5615 πρὸχειρα
430 5544 597 5603 τοὺς
629 5540 978 5609 στρατηγεῖν
1025 5539 1411 5612 ἐγχειροῦντας
1436 5537 1758 5593 ἀπίστασθαι

1892 5546 2078 5594 ratore
2121 5552 2184 5593 ea
2226 5553 2349 5608 quae
2379 5535 2434 5592 in
2481 5544 2742 5609 promptu
2779 5540 2927 5599 sum,
2967 5531 3305 5596 addiscente,
3353 5542 3474 5583 ina-

1728 5671 1937 5728 NOTAE

165 5796 248 5868 (5)
283 5788 658 5866 Ἰσχυρᾶς.
695 5784 893 5842 Scribe
916 5788 1157 5858 ἰσχυρός.

1971 5784 2048 5842 (ὁ)
2086 5785 2393 5841 Ἀπέλαόε.
2423 5784 2635 5855 Scribe,
2663 5788 2923 5844 ἀπέλαυε.

460 5888 799 5946 ΡΑτιιοιι.
844 5880 960 5941 Gn.
1007 5874 1188 5941 CVII.

3124 5871 3199 5937 22
