4022 6514
614 404 737 486 '675

1860 410 2133 470 LEONlS
2168 410 2628 470 PHILOSOPHI

3763 407 3851 468 6Ίῦ

635 551 765 605 giras
831 542 885 588 et
931 531 1108 585 varias
1171 528 1610 598 perturbationes
1668 527 1915 581 videmus
1969 529 2199 581 invectas

2314 528 2484 580 πολλά
2514 526 2755 597 δυσχερῆ
2796 527 3067 596 διαφόρως
3101 525 3322 595 ὁρῶμεν
3345 524 3718 594 συμϐαίνοντα.
3754 525 3849 593 Τῆς

632 640 774 679 esse.
804 622 939 677 Nam
969 636 1092 675 cum
1126 620 1240 674 haec
1296 634 1407 683 ars,
1441 633 1563 687 quas
1600 617 1901 671 multorum
1939 617 2205 670 bonorum

631 726 685 767 et
732 704 1054 781 magnorum
1099 724 1299 779 parens
1357 719 1518 776 atque
1562 708 1807 763 effectrix
1854 707 1975 772 fuit,
2011 706 2211 775 quibus

629 805 853 872 antiqua
891 804 1259 857 Romanorum
1310 799 1618 867 respublica
1650 798 1856 863 floruit,
1894 798 2062 853 semel
2095 797 2210 852 col-

629 898 780 966 lapsa
801 895 869 950 de
901 894 1072 965 gradu
1109 892 1323 956 cecidit,
1352 891 1592 945 divinam
1632 905 1853 959 quoque
1880 890 2208 944 benevolen-

630 989 759 1041 tiam
798 985 1022 1050 abiisse,
1062 992 1118 1038 et
1162 991 1484 1038 consuetam
1522 982 1664 1050 apud
1713 995 1809 1036 eos
1842 980 2079 1034 militum
2129 979 2211 1032 vi-

628 1077 859 1131 ctoriam
906 1091 937 1130 e
972 1074 1227 1128 inanibus
1276 1073 1568 1138 excidisse,
1623 1072 1893 1127 videmus.
1940 1069 2207 1125 Paulatim

628 1170 775 1223 enim
820 1166 1269 1234 relanguescente
1310 1162 1535 1216 militari
1570 1161 1865 1232 disciplina
1928 1168 2091 1228 atque
2124 1158 2210 1212 in-

626 1257 859 1320 dustria,
918 1256 1100 1310 omnis
1156 1254 1245 1308 ille
1294 1255 1449 1323 vigor
1495 1251 1660 1307 animi
1713 1261 1876 1321 atque
1952 1251 2211 1307 alacritas

627 1347 948 1416 optimatum
1025 1343 1335 1399 consenuit.
1404 1343 1589 1411 Itaque
1660 1341 1935 1395 interdum
1993 1340 2209 1410 quidem

629 1437 916 1507 segnitiem
986 1446 1149 1503 atque
1203 1434 1475 1503 ignaviam
1551 1447 1881 1487 accusamus
1942 1432 2209 1492 militum,

630 1528 896 1582 interdum
953 1525 1224 1579 inscitiam
1264 1534 1427 1594 atque
1460 1524 1802 1577 timiditatem
1848 1522 2047 1576 ducum
2092 1521 2211 1575 cul-

631 1632 846 1685 panius,
885 1614 1158 1668 interdum
1195 1615 1547 1683 antiquarum
1573 1615 1815 1667 acierum
1846 1613 2112 1666 rationem
2141 1612 2210 1665 ad

626 1706 1066 1776 cognoscendum
1104 1705 1493 1773 perobscuram
1543 1703 1893 1773 negligimus.
1928 1703 2067 1756 Cum
2116 1703 2214 1772 igi-

627 1807 717 1850 tur
763 1796 903 1848 hanc
954 1794 1306 1848 utilissimam
1351 1793 1637 1846 scientiam
1681 1807 2027 1861 recuperare,
2074 1803 2130 1847 et
2177 1807 2209 1847 e

2313 622 2421 689 γάρ
2453 619 2660 671 πολλῶν
2682 619 2902 686 ἀγαθῶν
2922 619 3027 688 πρὸ
3063 618 3216 680 ξένου
3250 619 3327 685 (5)
3356 618 3664 687 ἐπιστήμης
3692 616 3853 670 διαπε-

2315 711 2534 780 σούσης,
2563 711 2689 763 ὅσον
2718 711 2786 764 δι’
2815 710 2988 779 αὐτῆς
3020 711 3054 779 ή
3099 710 3392 780 Ῥωμαίων
3422 710 3592 763 πάλαι
3641 708 3854 761 πολιτεία

2313 803 2630 870 εὐμοίρησε,
2682 801 2992 853 τούναντίον
3040 799 3260 869 ὁρῶμεν
3291 800 3390 869 τὴν
3436 799 3586 853 θείαν
3642 798 3856 852 ἀποῦσαν

2314 893 2624 962 εὐμένειαν,
2655 894 2751 947 καὶ
2770 893 2868 963 τὴν
2903 893 3109 963 συνήθη
3137 894 3239 963 τῆς
3284 892 3579 962 Ῥωμαίων
3618 892 3857 953 πολιτείας

2314 984 2472 1053 νίκην
2491 983 2599 1036 τῶν
2624 985 3043 1054 ἀγωνιζομένων
3067 984 3473 1054 ἀφιπταμένην.
3512 983 3664 1037 Κατά
3690 983 3859 1053 μικρὸν

2314 1077 2423 1145 γὰρ
2459 1077 2839 1146 ἀμελουμένης
2880 1077 2980 1147 τῆς
3024 1076 3168 1130 κατά
3198 1076 3471 1146 πολέμους
3518 1075 3752 1139 εὐταξίας
3778 1075 3860 1126 καὶ

2314 1164 2621 1235 γυμνασίας
2656 1166 3029 1236 συνημελήθη,
3063 1166 3139 1228 ὡς
3168 1165 3337 1231 ἔοικε,
3359 1164 3453 1217 καὶ
3483 1164 3593 1215 τῶν
3626 1163 3861 1233 ἀριστέων

2314 1259 2347 1326 ἡ
2400 1257 2655 1325 εὐψυχία.
2691 1253 2823 1309 Εἶτα
2852 1258 2983 1309 ποτὲ
3017 1256 3115 1327 μὲν
3163 1255 3512 1326 ἀγυμνασίαν
3540 1254 3574 1324 ἢ
3604 1253 3861 1322 ὤρανδρίαν

2316 1347 2627 1413 αἰτιώμεθα
2672 1347 3054 1416 στρατιωτῶν,
3104 1348 3237 1400 ποτὲ
3283 1346 3340 1399 δὲ
3388 1344 3642 1415 ἀπειρίαν
3683 1344 3712 1413 ἢ
3763 1344 3860 1397 δει-

2320 1435 2441 1487 λίαν
2497 1435 2979 1506 καταμεμφόμεθα
3031 1436 3375 1506 στρατηγῶν.
3436 1435 3637 1488 Ἐνίοτε
3678 1435 3863 1501 ἀσαφὲς

2315 1528 2412 1595 τῆς
2461 1529 2570 1580 τῶν
2605 1528 2851 1597 ἀρχαίων
2883 1528 3229 1595 διαγνώσεως
3282 1526 3617 1598 ἀμελοῦμεν.
3668 1524 3863 1595 Ταύτην

2315 1614 2408 1671 οὖν
2440 1617 2539 1689 τὴν
2567 1618 2999 1690 ὠφελιμωτάτην
3040 1620 3354 1689 ἐπιστήμην
3382 1617 3753 1672 ἀνασώσασθαι
3778 1618 3863 1669 σὺν

2315 1705 2456 1775 Θεῷ,
2492 1707 2586 1759 καὶ¹
2614 1701 2725 1760 οἷον
2760 1707 3112 1760 ἀπωσθείσαν
3138 1708 3205 1759 ὲκ
3234 1708 3332 1777 τῆς
3374 1707 3685 1775 Ῥωμαῖκῆς
3724 1704 3866 1774 ήμῶν

2318 1796 2594 1860 πολιτείας
2621 1798 3059 1851 ἀνακαλέσασθαι
3092 1797 3429 1867 βουλόμενοι,
3459 1796 3560 1849 οὐκ
3581 1795 3866 1864 ὀκνήσαιμεν

627 1883 905 1952 republica
954 1890 1144 1935 nostra
1182 1880 1341 1950 quasi
1387 1880 1624 1950 ejectam
1663 1895 1925 1935 revocare
1979 1881 2199 1935 studea-

2314 1888 2517 1959 σπουδῇ
2550 1890 2792 1961 τοσαύτῃ
2812 1890 3173 1954 ἀναδέξασθαι
3198 1890 3297 1959 μὲν
3324 1889 3470 1952 ίδίως
3489 1888 3670 1951 πόνον,
3696 1886 3868 1957 κοινὴν

625 1990 771 2040 mus,
810 1975 865 2028 in
915 1973 1083 2030 tantis
1120 1972 1581 2043 occupationibus
1622 1974 1826 2028 nostris
1875 1973 2019 2027 haud
2068 1988 2205 2042 prae—

2314 1977 2371 2029 δὲ
2405 1981 2516 2042 τοῖς
2545 1980 2809 2049 ὑπηκόοις
2835 1980 3169 2051 χαρίσασθαι
3198 1980 3297 2050 τὴν
3317 1978 3607 2046 ὠφέλειαν.

626 2065 988 2128 termisimus,
1056 2064 1188 2132 quin
1231 2076 1452 2117 omnem
1512 2061 1755 2117 laborem
1816 2061 1975 2117 nobis
2046 2062 2179 2131 ipsis
2227 2077 2651 2133 assumeremus,
2703 2080 2762 2124 ut
2812 2070 3020 2126 utilitas
3074 2069 3201 2124 inde
3282 2066 3593 2123 communis
3637 2065 3872 2124 omnibus

625 2156 927 2211 all‘erretur.

693 2244 830 2298 Nam
867 2258 992 2298 cum
1029 2242 1082 2296 in
1128 2242 1373 2311 antiquis
1406 2250 1461 2297 et
1515 2243 1913 2298 recentioribus
1958 2242 2034 2297 rei
2065 2242 2210 2296 mili-

625 2337 757 2391 taris
832 2345 996 2405 atque
1066 2334 1434 2404 imperatoria:
1508 2333 1867 2404 scriptoribus
1920 2333 2211 2403 diligenter

625 2427 823 2482 versati
856 2426 1049 2489 simus,
1086 2437 1248 2494 atque
1277 2425 1401 2480 aliis
1442 2423 1691 2479 historiis
1730 2424 1911 2480 soluta
1962 2425 2211 2480 oratione

626 2532 714 2571 res
746 2524 929 2586 gestas
970 2515 1251 2569 memoria:
1280 2513 1673 2569 mandantibus
1704 2515 1992 2585 diligenter
2040 2530 2211 2568 nava-

625 2608 867 2662 verimus
909 2621 1156 2675 operam,
1202 2615 1256 2660 et
1305 2605 1350 2659 si
1383 2605 1516 2675 quid
1547 2614 1812 2675 praterea
1848 2607 1902 2660 in
1953 2607 2207 2661 manibus

622 2697 908 2751 hominum
942 2704 1027 2749 est
1072 2696 1141 2749 ad
1175 2694 1403 2749 bellicos
1454 2709 1587 2750 usus
1635 2694 1917 2762 idoneum,
1951 2705 2007 2749 et
2056 2710 2205 2765 qua:-

623 2803 841 2859 eunque
871 2787 1134 2841 mediocri
1179 2801 1362 2840 rerum
1403 2801 1508 2841 usu
1540 2786 1643 2841 bac
1682 2796 1869 2842 nostra
1902 2795 2082 2852 astate,
2136 2786 2205 2840 ad

623 2892 828 2936 statum
871 2895 1057 2935 rerum
1094 2886 1410 2933 nostrarum
1455 2878 1664 2948 aliquid
1709 2880 1974 2934 momenti
2009 2877 2205 2933 afferre

623 2972 966 3037 videbantur,
996 2985 1060 3025 ea
1086 2972 1141 3024 in
1176 2970 1438 3024 omnibus
1462 2970 1773 3025 actionibus
1808 2969 2201 3040 suscipiendis,

620 3065 896 3132 rebusque
938 3062 1146 3117 nostris
1188 3061 1439 3130 gerendis
1470 3062 1932 3129 examinavimus,
1965 3070 2021 3116 et
2053 3059 2203 3131 quod

622 3154 676 3204 in
737 3152 803 3205 iis
853 3150 1120 3218 Optimum
1171 3148 1275 3203 fuit
1316 3149 1475 3217 quasi
1526 3150 1925 3217 delibavimus;
1981 3161 2036 3205 et
2077 3166 2199 3220 qua:

622 3240 971 3296 manifestam
1001 3238 1300 3309 quamdam
1363 3248 1528 3308 atque
1566 3240 1869 3296 evidentem
1905 3242 2193 3297 utilitatem
2222 3226 2265 3285 θ

622 3333 963 3397 affer-ebant,
1028 3344 1195 3398 quam
1256 3330 1609 3398 paucissimis
1665 3333 1818 3401 potui
1878 3333 2196 3401 complexus

620 3436 767 3484 sum,
796 3428 851 3473 et
881 3418 1237 3487 promulgatae
1268 3418 1401 3487 legis
1434 3419 1549 3474 vice
1584 3420 1761 3485 trado,
1807 3427 2197 3495 renuit-magis

618 3518 964 3574 ornamenta,
1019 3523 1187 3578 quam
1233 3510 1531 3567 verborum
1568 3526 1925 3583 persequens,
1955 3525 2012 3569 ut
2041 3530 2194 3569 com-

618 3599 1278 3673 pendiariam-quamdam
1312 3600 1389 3655 rei
1422 3602 1676 3657 militaris
1704 3603 2049 3674 disciplinam
2098 3620 2197 3659 no-

619 3700 750 3754 stris
778 3684 1071 3768 pracfeetis,
1114 3704 1278 3766 atque
1307 3696 1376 3751 iis
1411 3698 1613 3766 quibus
1642 3712 1775 3753 cura
1820 3714 2001 3752 rerum
2038 3698 2195 3753 helli-

617 3806 805 3843 caruin
828 3787 1121 3843 commissa
1148 3797 1252 3854 est,
1276 3788 1659 3856 praescribens,
1682 3787 1840 3841 facile
1862 3788 2194 3856 perspiciant

616 3884 767 3936 t‘actu
797 3896 921 3935 esse
950 3879 1043 3945 iis,
1079 3879 1174 3949 qui
1235 3880 1428 3934 volunt
1475 3888 1529 3934 et
1566 3878 1817 3948 cupiunt,
1856 3879 1922 3932 ad
1981 3878 2191 3948 majora

614 3983 777 4042 atque
815 3971 1012 4025 altiora
1051 3970 1246 4026 ordine
1287 3968 1525 4040 quodam
1572 3978 1627 4023 et
1673 3971 1844 4039 gradu
1874 3968 2189 4038 procedere.

614 4064 675 4117 In
701 4078 809 4133 qua
840 4061 992 4117 omni
1018 4076 1204 4117 rerum
1238 4061 1583 4123 tractatione,
1604 4059 1822 4114 dicendi
1865 4058 2189 4127 elegantiam

612 4166 669 4209 et
696 4155 990 4208 verborum
1032 4160 1289 4208 ornatum
1322 4152 1532 4205 nullum
1583 4149 1970 4216 adhibuimus;
2005 4164 2189 4204 rerum

612 4246 849 4314 pondus,
888 4243 1105 4298 dicendi
1148 4242 1621 4336 perspicuitatem,
1667 4239 1935 4295 orationis
1981 4239 2192 4310 simpli-

612 4338 867 4401 citatem,
924 4344 1189 4405 quantum
1244 4333 1359 4389 fieri
1413 4342 1696 4403 potuerat,
1743 4333 1914 4387 secuti
1974 4348 2184 4387 sumus.

616 4426 769 4483 Unde
811 4437 864 4482 et
902 4427 1067 4482 verba
1111 4427 1190 4481 rei
1233 4426 1491 4483 militaris
1540 4427 1813 4482 interdum
1856 4424 2043 4479 Graeca
2076 4422 2186 4478 ad-

605 4521 912 4590 iunximus,
948 4518 1224 4573 interdum
1252 4516 1461 4573 Latinis
1500 4518 1783 4572 vocabulis
1833 4517 1920 4571 usi
1969 4532 2181 4581 sumus,
2218 4556 2262 4611 Β

607 4624 664 4666 et
689 4610 825 4665 alias
850 4624 1071 4680 quoque
1093 4611 1363 4666 dictiones
1393 4625 1494 4665 usu
1523 4611 1636 4681 jam
1684 4609 1907 4663 militari
1942 4620 2185 4678 receptas

607 4718 718 4757 non
755 4702 1189 4774 repudiavimus,
1241 4711 1301 4755 ut
1354 4716 1550 4757 omnes
1608 4699 1902 4756 manifeste
1951 4714 2015 4755 ac
2064 4714 2186 4767 per-

608 4796 797 4862 spicue
837 4796 941 4848 ista
994 4801 1412 4864 cognoscerent.
1446 4791 1822 4846 Tractationes
1856 4805 2043 4844 rerum
2078 4791 2184 4843 mi-

609 4888 754 4939 nime
802 4877 1165 4951 necessarias,
1212 4898 1553 4954 quacunque
1604 4893 1699 4937 aut
1745 4895 2184 4950 supervacaneae,

606 4986 701 5029 aut
747 4977 965 5031 inutiles
1009 4976 1246 5041 fuerant,
1289 4990 1480 5031 omnes
1528 4975 1990 5039 detraximus,.ut
2038 4988 2187 5028 com-

604 5063 945 5134 pendiariam
970 5065 1267 5135 quamdam
1300 5074 1355 5120 et
1407 5064 1715 5133 expeditam
1746 5078 1928 5118 rerum
1960 5062 2184 5118 bellica-

604 5172 725 5210 rum
761 5157 1284 5227 expeditionumque
1310 5155 1599 5221 rationem,
1645 5169 1757 5209 non
1803 5154 1972 5209 verbo
1999 5153 2179 5210 solum

604 5249 815 5314 utilem,
864 5251 957 5303 sed
1006 5264 1063 5304 re
1106 5250 1224 5318 ipsa
1277 5246 1549 5317 factisque
1587 5247 1862 5316 majorum
1911 5246 2151 5316 approba

604 5352 740 5406 tum,
774 5350 830 5395 et
869 5342 937 5395 ad
982 5349 1173 5395 nostra
1217 5353 1396 5409 usque
1428 5347 1695 5410 tempora,
1730 5353 2047 5408 quanquam
2096 5353 2181 5393 re-

601 5433 704 5487 bus
734 5433 903 5500 gestis
932 5430 1160 5486 minime
1186 5431 1598 5495 transmissum,
1630 5430 1831 5502 quibus
1861 5428 2170 5485 Romanum

601 5524 729 5577 olim
764 5523 994 5579 florebat
1038 5524 1352 5593 imperium,
1388 5522 1643 5578 oratione
1684 5532 1866 5577 tamen
1926 5536 1990 5576 ac
2030 5521 2174 5576 litte-

2382 2248 2513 2309 Ταῖς
2540 2247 2650 2318 γὰρ
2688 2244 2946 2316 ἀρχαίαις
2979 2246 3076 2299 καὶ
3115 2247 3235 2309 ταῖς
3260 2245 3556 2314 νεωτέραις
3594 2257 3871 2313 στρατηγιο

2310 2340 2434 2398 καίς
2462 2353 2521 2389 τε
2567 2336 2662 2389 καὶ
2689 2337 2977 2399 τακτικαίς
3027 2335 3575 2406 ἐμφιλοχωρήσαντες
3621 2333 3870 2404 μεθόδοις.

2307 2427 2403 2478 καὶ
2440 2428 2562 2488 ταῖς
2610 2424 2799 2487 ἄλλαις
2834 2425 3214 2495 καταλογάδην
3246 2426 3565 2494 ἐντυχόντες
3602 2424 3870 2494 ἱστορίαις,

2314 2515 2408 2567 καὶ
2441 2514 2495 2566 εί
2525 2531 2578 2566 τι
2614 2515 2756 2567 κατά
2792 2516 2981 2584 χεῖρας
3009 2515 3153 2580 ἔδοξε
3190 2516 3463 2585 χρήσιμον
3494 2514 3602 2568 τῶν
3633 2516 3688 2567 ὲν
3721 2514 3870 2569 πολέ-

2309 2620 2431 2673 μοις
2461 2603 2781 2670 ἀναγκαίων
2807 2603 3018 2656 έκεῖθεν
3044 2603 3456 2673 ἀναλεξάμενοι,
3489 2605 3584 2657 καὶ
3611 2601 3716 2659 οἷον
3738 2606 3864 2676 ἐρα-

2302 2687 2580 2758 νισάμενοι
2625 2690 2719 2743 καί⁵
2773 2689 2862 2743 διά
2916 2691 3146 2762 μετρίας
3199 2691 3396 2762 πείρας
3444 2692 3667 2745 ἐπὶτῶν
3702 2692 3872 2764 ἔργων

2301 2780 2485 2835 αὐτῶν
2518 2780 2869 2851 ἀνεμάθομεν
2898 2781 2975 2851 τῷ
3012 2782 3136 2837 καθ’
3164 2784 3316 2853 ἡμᾶς
3358 2783 3537 2855 καιρῷ
3565 2785 3655 2838 καὶ
3688 2786 3752 2854 τῇ
3780 2785 3871 2837 νῦν

2304 2872 2638 2927 καταστάσει
2681 2871 2972 2943 πρόσφορά
3002 2890 3063 2927 τε
3102 2874 3198 2927 καὶ
3227 2874 3490 2945 ἁρμόδια,
3528 2875 3698 2929 ταῦτα
3745 2876 3873 2946 ήμίν

2304 2962 2443 3015 κατὰ
2486 2963 2546 3015 τὸ
2586 2964 2811 3016 δυνατὸν
2852 2964 3118 3034 σύντομόν
3152 2982 3212 3017 τε
3248 2968 3341 3020 καὶ
3384 2967 3564 3036 ἁπλῆν
3608 2966 3703 3036 τὴν
3731 2966 3872 3034 ὠφέ-

2302 3049 2457 3103 λειαν
2511 3051 2605 3104 ἐπὶ
2634 3052 2745 3104 τῶν
2794 3055 3135 3122 πραγμάτων
3171 3055 3357 3123 ἔχοντα
3405 3055 3695 3126 προχείρου
3725 3057 3874 3122 τάξιν

2301 3141 2469 3207 νόμου
2501 3140 2927 3211 παραδιδόαμεν,
2961 3145 3018 3195 ἐν
3054 3143 3290 3214 πράξεσι
3326 3145 3528 3215 μᾶλλον
3557 3144 3590 3214 ἢ
3616 3144 3787 3210 λέξεσι
3815 3146 3875 3198 τὸ

2306 3233 2501 3301 σεμνὸν
2543 3234 2639 3285 καὶ
2670 3233 2931 3305 χρειῶδες
2981 3237 3370 3306 παρεχόμενοι,
3412 3229 3524 3290 οἷον
3571 3237 3876 3308 εἰσαγωγήν

2297 3340 2419 3376 τινα
2430 3318 2707 3398 τακτικὴν
2728 3310 2841 3392 τδῗς
2861 3330 3150 3401 ἡμετέροις
3171 3321 3632 3403 ὑποστρατήγοις,
3661 3332 3752 3386 καὶ
3764 3332 3876 3397 «τὰς

2299 3418 2581 3482 πολιτικὰς
2625 3422 3152 3491 ὲμπεπιστευμένοις
3188 3423 3378 3494 χρείας
3404 3466 3419 3490 ,
3455 3423 3523 3477 δι’
3575 3424 3726 3493 ὑμῶν
3773 3424 3877 3477 ὑπ-

2299 3509 2673 3578 αγορεύοντες,
2703 3508 2779 3574 ὡς
2807 3509 3030 3567 εὔκολον
3046 3512 3300 3567 ἐντεῦθεν
3317 3509 3587 3577 εἶναιτοῖς
3615 3513 3878 3586 βουλομέ-

2298 3588 2422 3662 νοις
2454 3600 2547 3653 καὶ
2585 3601 2678 3653 ἐπὶ
2705 3600 2773 3655 τὰ
2811 3602 3034 3671 μείζονα
3083 3604 3191 3659 τῶν
3225 3605 3472 3659 παλαιῶν
3520 3607 3747 3660 ἐκείνων
3778 3624 3877 3661 τα-

2298 3691 2502 3745 κτικῶν
2524 3692 2619 3745 καὶ
2661 3694 2906 3763 ἀρχαίων
2932 3695 3082 3761 τάξει
3114 3696 3222 3750 τινὶ
3250 3698 3345 3750 καὶ
3370 3696 3568 3768 βαθμῷ
3598 3700 3879 3770 προϊέναι,

2298 3784 2551 3855 φράσεως
2593 3784 2693 3856 μὲν
2716 3785 2984 3856 ἀκριϐοῦς
3012 3788 3046 3857 ἢ
3077 3788 3293 3857 κόμπου
3325 3790 3590 3861 ῥημάτων
3618 3790 3881 3862 οὐδεμίαν

2296 3876 2658 3946 ποιησάμενοι
2708 3877 2990 3948 φροντίδα,
3039 3880 3385 3950 πραγμάτων
3430 3880 3489 3934 δὲ
3526 3880 3732 3951 μᾶλλον
3784 3885 3883 3935 καὶ

2296 3968 2596 4037 σαφηνείας
2645 3967 2806 4037 λόγου
2850 3969 2946 4022 καὶ
2973 3970 3168 4034 λέξεως
3216 3973 3393 4043 ἁπλῆς
3424 3976 3881 4044 πεφροντικότες.

2296 4060 2457 4114 Ὅθεν
2493 4060 2695 4126 ταύτας
2728 4062 2967 4127 παλαιὰς
3005 4063 3105 4134 τῆς
3152 4065 3417 4135 τακτικῆς
3452 4065 3719 4129 πολλάκις
3757 4066 3886 4121 Ἐλ-

2293 4148 2517 4218 ληνικάς
2566 4151 2665 4222 μὲν
2716 4153 3129 4224 ὲσαφηνίσαμεν
3198 4155 3395 4220 λέξεις,
3439 4155 3762 4227 Ῥωμαϊκὰς
3824 4158 3886 4211 δὲ

2291 4242 2798 4315 διηρμηνεύσαμεν,
2834 4246 2930 4299 καί
2949 4262 3090 4299 τισιν
3108 4246 3326 4317 ἑτέραις
3356 4252 3729 4320 στρατιωτικῇ
3752 4266 3890 4303 συν-

2291 4335 2450 4407 ηθείᾳ
2492 4335 2816 4407 λεγομέναις
2856 4339 3216 4408 ἐχρησάμεθα
3274 4340 3514 4407 λέξεσιν,
3543 4340 3740 4397 ἕνεκεν
3782 4342 3891 4412 τῆς

2293 4429 2498 4497 σαφοῦς
2529 4430 2888 4500 καταλήψεως
2916 4431 3026 4485 τῶν
3046 4434 3516 4502 ἐντυγχανόντων,
3572 4435 3742 4504 μόνον
3772 4436 3893 4489 τῶν

2290 4521 2390 4573 οὐκ
2417 4521 2732 4589 ἀναγκαίων
2760 4521 3061 4588 διατάξεων
3084 4524 3443 4594 ἐξῃρημένων
3470 4526 3561 4579 διά
3589 4542 3653 4579 τε
3687 4526 3758 4579 τὸ
3783 4544 3893 4580 πε-

2293 4609 2476 4682 ριττοῦ
2498 4611 2577 4681 (6)
2593 4629 2715 4665 τινα
2737 4613 3032 4682 χρηστείαν
3053 4616 3148 4666 καὶ
3164 4614 3260 4685 τὴν
3288 4615 3397 4668 τῶν
3414 4619 3895 4687 συγγραμμάτων

2290 4703 2561 4769 ἀσάφειαν
2585 4703 2650 4757 ἵν’
2686 4702 2861 4774 ἔχοιεν
2892 4704 3221 4759 εὐσύνοπτον
3243 4708 3296 4759 οί
3320 4707 3636 4778 βουλόμενοι
3674 4726 3899 4781 στρατ-

2291 4797 2449 4863 ηγεῖν
2487 4794 2689 4865 πολλὴν
2736 4794 2845 4848 τῶν
2893 4798 3035 4851 κατά
3060 4798 3328 4867 πολέμους
3366 4802 3459 4854 καὶ
3508 4802 3898 4872 ἐκστρατείας

2291 4888 2603 4955 ἀναγκαίων
2636 4888 2733 4958 τὴν
2764 4891 2995 4959 πεῖραν,
3030 4892 3091 4943 οὺ
3124 4891 3267 4961 λόγῳ
3308 4894 3468 4962 μόνον
3494 4893 3553 4946 τὸ
3591 4895 3901 4964 χρήσιμον

2290 4977 2540 5047 ἔχουσαν,
2555 4978 2695 5031 ἀλλά
2713 4978 2778 5048 δὴ
2800 4980 2895 5032 καὶ
2914 4981 3096 5043 αὐτοῖς
3120 4980 3305 5051 ἔργοις
3329 4985 3480 5054 παρά
3489 4983 3597 5037 τῶν
3615 4986 3903 5040 παλαιῶν

2289 5070 2777 5141 ὲγγυμνασθεῖσαν,
2814 5074 2906 5126 καὶ
2949 5075 3107 5144 ἄχρις
3134 5074 3315 5145 ήμῶν,
3354 5077 3402 5128 εί
3444 5078 3538 5129 καὶ
3574 5078 3653 5146 μὴ
3688 5078 3905 5147 ἔργοις

2289 5164 2493 5229 αὐτοῖς,
2527 5158 2607 5226 οἷς
2638 5164 2707 5218 τὰ
2738 5165 3023 5235 Ῥωμαίων
3049 5167 3144 5219 ἐπὶ
3180 5168 3325 5237 μέγα
3353 5168 3496 5238 ήρθη
3547 5169 3899 5239 δυνάμεως,

2288 5255 2806 5323 παραπεμφθεῖσαν,
2837 5255 2953 5309 ἀλλ’
2985 5254 3080 5310 οὖν
3111 5261 3225 5320 τοῖς
3257 5259 3457 5325 λόγοις,
3492 5260 3562 5311 δι’
3611 5255 3694 5313 ὦν
3747 5263 3916 5315 ἀνοι-

2285 5345 2626 5415 λαμὸάνεται
2657 5348 2751 5399 καὶ
2774 5328 3254 5417 ἀναμιμνήσκεται
3293 5349 3350 5403 δὲ
3378 5349 3518 5423 λήθῃ
3556 5368 3915 5422 παραπεμ-

2285 5437 2512 5506 φθέντα,
2544 5439 2641 5491 καὶ
2685 5440 2767 5499 είς
2803 5439 2901 5510 τὴν
2931 5440 3166 5510 ἀρχαίαν
3202 5440 3366 5495 πάλιν
3414 5443 3920 5497 ἀποκαθίσταται

2286 5528 2460 5594 τάξιν.
2516 5529 2654 5582 Ἀλλ’
2697 5530 2783 5598 ἐφ’
2837 5532 2948 5601 ὅσῳ
2978 5531 3080 5601 μὲν
3134 5534 3191 5584 έν
3219 5534 3331 5596 τοῖς
3364 5534 3793 5604 ῥηθησομένοις
3842 5538 3924 5588 τὸ

2117 5641 2349 5700 ΝοΤᾸΕ.

670 5732 746 5807 (5)
808 5735 1151 5807 ῌρὸίεένου.
1187 5736 1400 5803 Scribe,
1422 5736 1705 5807 προξένου.

672 5806 749 5868 t6)
808 5802 883 5855 lta
940 5806 1100 5859 habet
1133 5807 1302 5861 codex
1369 5802 1787 5873 Laurentianus,
1846 5806 1940 5863 sed
1984 5809 2168 5865 nescio
2196 5822 2303 5878 quo
2329 5824 2492 5865 sensu
2528 5827 2542 5875 ;
2576 5810 2734 5877 forte,
2766 5812 2862 5879 τὴν
2894 5811 3147 5881 περιττοῦ
3184 5813 3495 5883 legendum.
