4022 6470
218 348 325 411 677

1391 354 1723 415 TACTICA.
1758 380 1825 389 —
1858 356 2269 416 PR/EFATIO.

3375 363 3478 426 678

209 465 514 534 εὔχρηστον
563 462 867 533 ἀνεδείχθη,
931 466 1089 535 χάρις
1194 465 1273 537 τῷ
1320 468 1538 522 πάντων
1579 468 1792 535 ἀγαθῶν

1908 470 2004 534 ris,
2029 470 2227 539 quibus
2254 485 2340 525 res
2362 470 2638 527 oblivione
2665 487 2803 543 pene
2826 473 3016 530 deleta;
3043 485 3475 547 revocantur,“

207 555 391 623 δοτῆρι
450 553 674 623 Χριστῷ
737 554 815 624 τῷ
871 554 1086 623 βασιλεῖ
1136 558 1233 611 τοῦ
1289 561 1489 624 παντὸς
1543 562 1635 614 καὶ
1672 560 1792 629 Θεῷ

205 646 388 719 ἡμῶν,
435 646 514 718 τῷ
565 647 801 708 καὶτοῖς
852 648 1144 717 ἡμετέροις
1190 649 1371 716 λόγοις
1418 651 1789 722 δωρησαμένῳ

204 740 305 809 τὴν
333 738 520 809 χάριν.
556 739 619 792 El
649 739 706 792 δέ
757 754 839 800 τις
871 740 963 791 καὶ
996 738 1182 807 ἕτερος
1229 740 1295 792 δι’
1339 739 1509 809 αὐτῆς
1546 740 1643 809 τῆς
1672 741 1789 792 ἐπι-

208 832 429 901 μελείας
452 831 550 883 καὶ
574 830 774 901 πείρας
814 829 1100 899 κρείττονα
1139 829 1347 883 τούτων
1374 829 1600 901 ὲφεύρῃ,
1630 831 1787 900 χάρις

204 923 304 976 καὶ
344 921 489 975 οὕτω
551 921 632 991 τῷ
676 919 979 991 παναγάθῳ
1024 919 1180 990 Θεῷ,
1218 920 1517 992 συγγνώμη
1564 920 1621 975 δὲ
1653 922 1787 992 ἡμῖν

203 1015 303 1085 τῆς
334 1012 648 1086 προθυμίας
682 1011 891 1067 ἕνεκεν.

1900 570 2313 630 recuperantur,
2353 569 2408 617 et
2456 564 2524 618 ad
2576 564 2864 633 pristinam
2908 565 3108 620 iterum
3155 566 3477 635 dignitatem

1897 649 2285 717 restituuntur,
2317 651 2635 707 mandatum
2682 653 2938 720 habeant,
2989 654 3083 724 qui
3133 654 3201 709 ad
3231 652 3479 725 disciplio

1895 755 2025 795 nam
2060 740 2350 796 militarem
2402 751 2569 813 atque
2604 744 3008 814 imperatoriam
3036 746 3473 813 cognoscendam

1895 843 1957 884 se
2003 836 2149 885 totos
2196 830 2438 888 tradunt.
2476 831 2635 898 Quod
2686 832 2733 887 si
2788 832 2997 900 aliquid
3047 832 3174 888 boni
3224 834 3477 890 oratione

1895 931 2086 978 nostra
2123 923 2372 981 effectum
2396 934 2500 991 est,
2534 925 2728 997 gratiae
2761 926 3028 981 habendae
3054 937 3184 982 sunt
3223 928 3471 983 omnium

1894 1013 2166 1070 bonorum
2195 1015 2439 1087 largitori
2468 1016 2707 1081 Christo,
2732 1018 3104 1075 universitatis
3135 1019 3290 1088 Regi,
3326 1019 3455 1075 Dea

206 1123 311 1176 que
335 1117 543 1168 nostro.
577 1105 675 1175 qui
701 1115 755 1161 et
777 1106 1014 1161 orationi
1047 1113 1249 1162 nostra:
1279 1106 1508 1163 all‘undit
1556 1108 1809 1177 gratiam.
1842 1104 1939 1163 Sin
1977 1109 2191 1165 diversa
2260 1112 2330 1165 ab
2377 1111 2517 1175 istis,
2556 1120 2611 1166 et
2654 1126 2787 1167 cura
2866 1113 3301 1184 cogitationeque
3369 1130 3466 1171 sua

208 1200 429 1255 meliora
454 1199 582 1270 quis
611 1200 903 1264 invenerit,
932 1199 1136 1271 gratias
1166 1202 1329 1256 etiam
1362 1202 1453 1257 ille
1481 1200 1661 1258 omnis
1686 1202 1952 1259 bonitatis
2009 1205 2224 1262 auctori
2272 1205 2382 1261 Deo
2423 1220 2579 1277 agat;
2642 1205 2801 1263 nobis
2855 1209 3012 1264 venia
3071 1221 3293 1280 propter
3350 1219 3467 1266 stuo

203 1293 353 1370 dium
386 1302 757 1364 conatumque
792 1303 1038 1350 nostrum
1067 1296 1349 1352 tribuenda
1381 1308 1484 1352 est.

273 1387 497 1451 Πάντως
533 1386 662 1459 χρὴ,
722 1389 833 1442 εἴτε
876 1392 971 1442 ἐπὶ
1009 1391 1190 1456 πλέον,
1257 1391 1369 1446 εἴτε
1417 1395 1503 1446 ἐπ’
1563 1393 1785 1448 ἔλαττον

201 1480 334 1541 τοὺς
372 1479 734 1551 βουλομένους
766 1485 1092 1552 στρατηγεῖν
1122 1486 1242 1547 ταῖς
1269 1488 1558 1549 τακτικαῖς
1593 1504 1652 1539 τε
1688 1489 1783 1539 καὶ

205 1573 599 1641 στρατηγικαῖς
632 1571 992 1642 ἐνδιατρίϐειν
1043 1573 1315 1642 μελέταις.
1351 1576 1486 1629 Οὐδὲ
1534 1576 1664 1648 γὰρ,
1705 1576 1781 1638 ὥς

204 1677 346 1725 τινες
376 1662 486 1715 τῶν
530 1662 776 1735 ἀπείρων
819 1662 1025 1733 έχουσι,
1056 1664 1144 1718 διὰ
1173 1665 1409 1737 πλήθους
1440 1668 1652 1739 ἀνδρῶν
1684 1668 1781 1722 καὶ

1962 1389 2199 1447 Omnino
2248 1401 2451 1458 autem,
2512 1393 2607 1464 qui
2652 1409 2711 1450 se
2779 1395 2846 1449 ad
2899 1395 3190 1465 imperium
3235 1396 3470 1452 adminlo

1891 1486 2177 1540 strandum
2224 1486 2309 1540 vel
2344 1500 2561 1555 magna,
2600 1486 2683 1540 vel
2727 1485 2909 1556 aliqua
2951 1502 3018 1541 ex
3054 1495 3208 1554 parte
3247 1486 3471 1543 dedide¢

1884 1584 2035 1641 runt,
2078 1575 2133 1631 in
2168 1575 2398 1631 scientia
2437 1575 2662 1631 militari
2711 1584 2878 1646 atque
2915 1575 3267 1646 imperatoria
3298 1592 3358 1632 se
3389 1576 3472 1631 dl-

1880 1668 2117 1737 Iigenter
2172 1676 2487 1723 exerceant.
2540 1666 2729 1736 Neque
2778 1666 2950 1731 enim,
3004 1668 3468 1737 quemadmodum

203 1752 435 1820 θράσους
470 1754 518 1805 οί
556 1752 785 1824 πόλεμοι
815 1754 1115 1825 κρίνονται,
1163 1756 1301 1810 ἀλλά
1345 1757 1437 1811 διὰ
1490 1759 1778 1829 εὐμενείας

1905 1757 2118 1829 mperiti
2151 1759 2371 1827 quidam
2400 1758 2805 1823 existimarunt,
2870 1757 3219 1812 multitudine
3258 1771 3323 1812 ac
3362 1773 3467 1810 nu—

203 1842 333 1896 Θεού
368 1844 461 1897 καὶ
492 1844 827 1915 στρατηγίας
856 1846 951 1898 καὶ
987 1844 1213 1913 τάξεως,
1245 1842 1313 1919 ἦς
1341 1849 1542 1918 μᾶλλον
1581 1851 1778 1919 ἐπιμε-

204 1937 415 2006 λητέον,
450 1936 484 2006 ἧ
529 1935 798 2006 συλλογῆς
829 1937 1073 2007 πλήθους
1119 1938 1392 2010 ἀκαίρουο
1443 1940 1477 2009 ἡ
1532 1941 1631 2011 μὲν
1669 1941 1778 2012 γάρ

205 2030 297 2082 καὶ
326 2029 626 2098 ἀσφάλειαν
657 2028 750 2082 καὶ⁸
785 2027 1058 2096 ὠφέλειαν
1102 2028 1227 2098 ἄγει
1267 2032 1381 2093 τοῖς
1412 2030 1594 2095 καλῶς
1640 2031 1777 2103 αὐτῇ

204 2121 599 2192 κεχρημένοις·
644 2121 679 2192 η
734 2119 793 2173 δὲ
842 2120 1138 2192 συντριὸὴν
1190 2122 1286 2175 καὶ
1335 2122 1631 2195 ἐπιζήμιον
1683 2125 1776 2177 δα-

206 2227 402 2280 πανην.

275 2478 488 2551 Ὠσπερ
529 2479 638 2551 γὰρ
708 2480 809 2533 ούκ
862 2478 1010 2534 ἔστιν
1061 2480 1247 2535 ὁλκάδι
1306 2481 1516 2551 πελάγη
1560 2483 1781 2552 διαπορ-

208 2569 504 2639 θμεύεσθαι
558 2569 959 2641 κυϐερνητικῆς
1013 2571 1325 2643 ἐπιστήμης
1384 2572 1575 2644 χωρὶς,
1612 2573 1785 2637 οὕτως

207 2661 323 2715 οὐδὲ
373 2659 667 2731 πολεμίους
696 2662 1166 2732 καταγωνίςεσθαι
1196 2662 1404 2728 τάξεως
1452 2665 1548 2718 καὶ
1586 2681 1783 2736 στρατω

214 2754 372 2823 ηγίας
393 2753 571 2818 ἐκτὸς,
601 2753 668 2807 δι’
698 2748 766 2825 ῆς
803 2754 864 2808 οὐ
902 2754 1062 2826 μόνον
1095 2753 1190 2807 τοῦ
1224 2754 1641 2827 ίσοῤῥοποῦντος
1678 2757 1787 2812 τῶν

210 2848 486 2917 πολεμίων
520 2847 900 2919 περιγίνεσθαι
927 2850 1026 2902 σὺν
1054 2847 1175 2919 Θεῷ
1196 2849 1420 2903 δυνατόν
1454 2850 1625 2915 ἐστιν,
1650 2849 1787 2904 ἀλλά

211 2941 305 2995 καὶ
350 2940 444 2995 τοῦ
499 2941 679 3012 πολλῷ
732 2942 893 2997 πλέον
928 2942 1007 3014 τῷ
1066 2942 1288 3013 ἀριθμῷ
1331 2942 1785 3012 ύπερὸἀλλοντος.

210 3034 420 3106 Ὠσπερ
465 3028 559 3089 οὖν
606 3034 764 3090 ἄλλον
816 3035 940 3089 τινὰ
985 3035 1277 3107 πρόχειρον
1305 3034 1469 3106 νόμον
1508 3035 1660 3104 ύμῖν,
1712 3035 1788 3099 ὡς

1880 1864 2033 1904 mero
2079 1849 2388 1914 hominum,
2445 1850 2539 1905 sed
2616 1848 2953 1919 benignitate
3012 1864 3077 1904 ae
3130 1847 3321 1903 favore
3371 1847 3464 1903 Dei

1880 1940 2017 1995 bella
2049 1926 2440 2006 coniiciuntur,
2471 1947 2528 1995 et
2578 1939 2655 1994 rei
2698 1939 2953 1995 militaris
2990 1938 3465 2009 imperatoriaque

1880 2029 2133 2093 scientia,
2171 2027 2224 2082 in
2257 2044 2379 2098 qua:
2400 2028 2605 2098 potius,
2634 2044 2800 2097 quam
2837 2027 2893 2082 in
2922 2028 3251 2096 importunae
3277 2026 3465 2081 multi-

1882 2120 2090 2175 tudinis
2122 2119 2416 2174 coitionem
2463 2119 2783 2175 intuendum
2826 2128 2938 2187 est;
2983 2120 3153 2173 altera
3187 2119 3333 2172 enim
3367 2132 3459 2173 res

1883 2218 1998 2263 tum
2027 2208 2340 2274 utilitatem,
2368 2216 2484 2262 tum
2516 2208 2976 2270 incolumitatem,
3008 2207 3077 2262 iis
3106 2207 3201 2276 qui
3229 2221 3291 2260 ea
3322 2206 3465 2261 bene

1882 2307 2136 2363 utuntur,
2166 2307 2451 2369 apportat;
2498 2298 2671 2353 altera
2707 2312 2835 2354 vero
2894 2297 3363 2368 perturbationem
3398 2307 3454 2351 et

1883 2398 2132 2459 sumptus
2156 2390 2355 2444 multos
2385 2388 2756 2445 infructuosos
2785 2386 2961 2443 aﬂert.

1955 2480 2424 2548 Quemadmodum
2493 2480 2640 2545 enim
2714 2494 2909 2534 navem
2984 2478 3296 2534 onerariam
3365 2492 3460 2547 per

1885 2574 2061 2630 maria
2105 2572 2356 2643 trajicere
2385 2586 2497 2627 non
2528 2585 2824 2641 possumus
2863 2571 2988 2626 sine
3042 2580 3159 2624 arte
3187 2569 3461 2638 guberna-

1888 2668 2048 2731 toris,
2077 2665 2158 2722 sic
2223 2679 2403 2734 neque
2449 2662 2593 2719 bella
2648 2671 2836 2719 nostra
2889 2662 3119 2718 honeste
3158 2661 3461 2731 suscipere,

1890 2772 2070 2827 neque
2090 2765 2343 2825 suscepta
2373 2754 2648 2810 coniicere
2681 2768 2981 2824 possumus
3015 2753 3137 2809 sine
3171 2759 3292 2808 arte
3319 2752 3466 2816 mili-

1887 2846 1993 2902 tari
2048 2856 2214 2915 atque
2255 2843 2627 2914 imperatoria,
2668 2856 2779 2911 qua
2808 2856 2917 2896 non
2960 2841 3142 2897 solum
3200 2841 3465 2910 aequalem

1890 2947 1944 2992 et
1986 2951 2172 3007 parem
2221 2948 2453 2989 numero
2496 2931 2906 2988 multitudinem
2939 2931 3180 2987 hostium
3225 2932 3467 3002 propitio

1890 3026 2001 3084 Deo
2041 3041 2386 3097 superamus,
2436 3025 2532 3081 sed
2568 3025 2735 3079 etiam
2784 3023 2946 3094 longe
2976 3023 3156 3078 .multo
3200 3022 3469 3092 maiorem

211 3129 448 3197 εῖρηται,
487 3128 854 3199 στρατηγικὸν
918 3129 1019 3199 τὴν
1069 3125 1352 3199 παροῦσαν
1402 3128 1787 3201 πραγματείαν

1898 3115 2132 3172 hostium
2178 3128 2493 3178 numerum,
2526 3111 3019 3181 instructioresque
3062 3110 3250 3182 copias
3285 3110 3469 3165 fundi-

212 3217 645 3287 ὑπαγορεύοντες
694 3220 978 3290 προσεχῶς
1008 3236 1069 3271 τε
1100 3218 1198 3273 καὶ
1243 3219 1516 3283 ἐπιπόνως
1569 3219 1787 3274 ἀκούειν

213 3306 370 3377 ὑμῶν
398 3307 913 3380 παρακελευόμεθα.

286 3484 481 3555 Χρεὼν
506 3484 688 3539 τοίνυν
714 3487 977 3558 πρότερον
1010 3488 1110 3557 μὲν
1139 3488 1452 3559 ὑπογράψαι
1483 3490 1577 3559 τὴν
1606 3490 1663 3543 ἐν
1691 3506 1788 3541 που

217 3578 403 3646 λέμοις
440 3578 731 3647 τακτικήν.
763 3579 873 3631 Kal
912 3579 966 3630 τί
997 3580 1113 3631 ἐστι
1159 3580 1487 3649 στρατηγὸς,
1521 3575 1643 3633 εἶτα
1672 3580 1791 3632 τίνα

218 3670 312 3723 καὶ
348 3670 531 3721 ὁποῖον
563 3669 869 3740 στρατηγὸν
895 3665 1034 3724 εἶναι
1076 3670 1176 3735 δεῖ,
1212 3673 1305 3725 καὶ
1335 3672 1482 3734 ὅπως
1508 3672 1626 3727 δέον
1666 3671 1790 3740 βου-

216 3758 492 3813 λεύεσθαι.
542 3759 701 3830 Ἑξῆς
719 3760 778 3814 δὲ
805 3760 904 3829 τὴν
923 3762 1003 3820 είς
1036 3761 1302 3831 ἄρχοντας
1334 3762 1429 3815 καὶ
1458 3762 1795 3832 ἀρχομένους

217 3850 311 3903 τοῦ
352 3849 587 3921 στρατοῦ
617 3849 880 3905 διαθεῖναι
898 3850 1185 3921 διαίρεσιν,
1232 3853 1332 3922 τήν
1366 3870 1424 3905 τε
1454 3851 1620 3922 ἄλλην
1646 3854 1794 3907 ἀπο-

219 3943 441 4015 σκευὴν,
462 3945 557 3997 καὶ
582 3943 690 3997 τῶν
722 3944 905 4000 ὅπλων
925 3944 1296 4017 κατασκευὴν,
1328 3946 1425 3998 καὶ
1443 3945 1542 4016 τὴν
1563 3946 1796 4000 ἑκάστου

222 4038 551 4105 μαχομένων
580 4038 817 4093 ὅπλισιν.
852 4039 997 4110 Πρὸς
1032 4037 1243 4103 τούτοις
1279 4038 1378 4109 τὴν
1411 4039 1547 4108 πρὸς
1572 4038 1683 4091 τῶν
1719 4038 1797 4106 (7)

219 4128 491 4198 ἀληθινῶν
508 4129 733 4197 ἀγώνων
753 4128 847 4183 τοῦ
878 4128 1187 4201 στρατηγοῦ
1220 4129 1549 4201 γυμνασίαν.
1567 4131 1799 4183 Ἔπειτα

220 4219 278 4272 δὲ
314 4221 409 4272 καὶ
447 4221 516 4273 τά
562 4222 789 4290 κείμενα
833 4221 1329 4290 ὑπαναγνωσθῆναι
1363 4221 1633 4291 ἐπιτίμια,
1681 4217 1801 4275 εἶτα

221 4315 355 4382 περὶ
384 4313 692 4383 ὁδοιπορίας
726 4315 901 4367 εἰπεῖν
936 4314 1034 4382 τῆς
1060 4330 1120 4366 τε
1154 4316 1211 4366 ἐν
1240 4316 1307 4385 τῇ
1341 4314 1448 4385 ἰδίᾳ
1488 4314 1581 4366 καὶ
1613 4312 1713 4382 τῆς
1743 4315 1801 4365 ἐν

1891 3221 2014 3262 mus
2045 3215 2099 3261 et
2136 3204 2485 3276 dissipamus.
2518 3200 2688 3267 Quasi
2716 3201 2884 3273 igitur
2912 3200 3016 3272 legi
3040 3200 3203 3257 alicui
3244 3200 3466 3255 militari

1892 3298 2265 3368 promulgatae,
2298 3305 2357 3350 ut
2378 3296 2583 3350 dictum
2605 3300 2710 3357 est,
2733 3294 2815 3349 sic
2859 3293 2983 3347 huic
3017 3292 3329 3347 tractationi
3374 3307 3470 3343 vos

1892 3404 2081 3460 parere
2115 3396 2276 3458 atque
2307 3386 2529 3441 obedire
2549 3384 2802 3440 volumus
2828 3393 2992 3453 atque
3015 3383 3365 3452 imperamus.

1968 3484 2213 3540 Primum
2264 3482 2431 3552 igitur
2493 3480 2652 3537 nobis
2693 3476 3110 3534 describendum
3159 3484 3263 3538 est,
3307 3474 3468 3544 quid-

1895 3597 2021 3637 nam
2052 3594 2143 3635 res
2189 3578 2467 3643 militaris,
2498 3574 2739 3645 quidque
2766 3574 3064 3643 imperator
3106 3570 3217 3638 sit;
3246 3568 3467 3630 deinde,

1895 3673 2113 3744 qualem
2153 3684 2275 3725 esse
2304 3677 2518 3737 oportet
2548 3664 2876 3731 exercitum,
2911 3674 2969 3720 et
3011 3664 3470 3734 quemadmodum

1896 3762 2186 3819 consilium
2218 3759 2546 3829 capiendum
2578 3757 2684 3823 sit;
2713 3765 2829 3812 tum
2871 3757 2925 3811 in
2968 3754 3253 3825 praefectos
3291 3753 3474 3809 omnis

1898 3850 2131 3921 generis,
2166 3858 2222 3905 et
2253 3848 2455 3903 milites
2491 3846 2731 3902 dividere
2773 3847 3113 3910 exercitum,
3161 3846 3469 3916 reliquum-

1899 3957 2007 4011 que
2029 3948 2348 4011 apparatum
2382 3951 2601 3992 omnem
2632 3935 2863 3990 militum
2889 3936 3169 3999 adhibere,
3201 3945 3255 3990 et
3282 3936 3474 3990 unius-

1902 4033 2173 4102 cujusque
2200 4029 2394 4084 militis
2440 4037 2795 4082 armaturam.
2829 4028 2910 4081 Ad
2943 4027 3080 4091 haec,
3109 4026 3471 4097 quemadmo-

1901 4125 2032 4179 dum
2065 4130 2193 4176 ante
2226 4135 2355 4175 vera
2386 4117 2681 4174 certamina
2716 4117 3015 4187 imperator
3041 4116 3287 4187 singulos
3318 4131 3476 4171 exer—

1902 4230 2027 4270 cere
2066 4212 2282 4268 debeat.
2325 4211 2616 4279 Deinceps,
2642 4206 3101 4278 quemadmodum
3132 4206 3364 4277 singulis
3392 4222 3480 4262 re—

1903 4308 2007 4362 bus
2046 4304 2338 4375 propositae
2396 4301 2582 4355 multa:
2630 4301 2684 4353 in
2727 4299 2968 4354 exercitu
3020 4299 3291 4369 legantur.
3338 4296 3479 4352 Tum

220 4408 285 4474 τῇ
314 4403 579 4475 πολεμίᾳ,
622 4405 751 4475 περί
797 4422 854 4458 τε
885 4404 976 4459 τοῦ
1004 4404 1299 4474 λεγομένου
1328 4405 1571 4468 τούλδου,
1609 4406 1704 4459 καὶ
1736 4404 1792 4474 δὴ

1905 4397 1973 4452 de
2011 4396 2206 4450 itinere
2231 4393 2396 4448 verba
2427 4390 2669 4446 facienda
2703 4397 2851 4455 sunt,
2884 4397 2997 4443 tum
3034 4388 3086 4441 in
3119 4402 3239 4453 sua,
3276 4396 3389 4442 tum
3426 4388 3483 4441 in

221 4456 318 4548 κάλ
377 4456 869 4566 περὶῖάπλήκτων.
912 4496 1026 4565 Τῆς
1076 4456 1158 4550 est
1202 4456 1658 4568 προκατασκευῆς
1707 4456 1792 4550 καί

1908 4487 2090 4543 hostili
2119 4496 2283 4541 terra.
2309 4483 2501 4539 Postea
2533 4482 2599 4537 de
2622 4481 3026 4553 impedimentis
3054 4490 3110 4537 et
3155 4481 3387 4547 castris;
3414 4481 3484 4537 de

221 4586 624 4655 παραγγελίας,
660 4589 757 4641 καὶ
801 4587 853 4640 τί
882 4588 963 4640 δεῖ
1003 4587 1250 4655 γίνεσθαι
1290 4587 1397 4657 πρὸ
1432 4587 1531 4655 τῆς
1570 4586 1665 4639 τοῦ
1702 4602 1792 4638 πο-

1909 4587 2193 4650 apparatu,
2237 4586 2290 4631 ct
2340 4575 2645 4646 praeceptis,
2697 4574 2941 4644 quidque
2992 4573 3303 4629 faciendum
3357 4585 3485 4628 ante

222 4677 396 4741 λέμου
437 4679 674 4750 ἡμέρας,
717 4680 812 4733 καὶ
861 4680 962 4732 ὅσα
1002 4680 1058 4731 ὲν
1086 4680 1151 4749 τῇ
1188 4677 1283 4731 τοῦ
1329 4678 1566 4747 πολέμου
1622 4676 1792 4748 ἡμέρᾳ

1907 4672 2051 4727 diem
2080 4672 2205 4727 belli
2253 4671 2359 4731 sit,
2391 4668 2632 4740 quidque
2656 4667 2774 4737 ipso
2812 4666 2899 4721 die
2947 4665 3238 4735 agendum.
3274 4664 3349 4719 De
3388 4666 3486 4718 ob-

222 4772 599 4839 ὲποφείλεται.
632 4771 741 4823 Kal
771 4770 852 4823 ἔτι
890 4772 1018 4841 περὶ
1058 4770 1375 4842 πολιορκίας
1398 4785 1410 4797 ·
1442 4764 1562 4823 εἶτα
1602 4770 1697 4823 καὶ
1736 4770 1792 4822 τὸ

1908 4765 2122 4820 sidionc
2167 4763 2357 4826 etiam,
2404 4770 2570 4829 atque
2615 4760 2683 4815 de
2725 4759 2814 4825 iis,
2845 4773 2966 4828 qua:
3002 4767 3124 4827 post
3163 4757 3365 4811 bellum
3396 4772 3489 4827 ge-

227 4864 371 4930 μετά
418 4864 509 4916 τὸν
556 4863 790 4934 πόλεμον
823 4862 1174 4934 ὀφειλόμενα,
1212 4863 1307 4917 καὶ
1341 4863 1441 4925 τὰς
1481 4863 1548 4916 δι’
1572 4861 1792 4934 ἐνεδρῶκ

1912 4857 2072 4913 renda
2127 4864 2275 4911 sunt.
2325 4854 2465 4910 Tum
2514 4869 2617 4909 nec
2662 4852 2916 4923 Opinatas
2964 4864 3032 4904 ex
3084 4849 3319 4913 insidiis,
3371 4859 3487 4904 tum

225 4956 527 5024 ἀδοκήτους
558 4955 782 5024 ἐφόδους
812 4955 921 5008 τῶν
964 4972 1023 5008 τε
1051 4956 1338 5027 ἡμετέρων
1368 4956 1464 5009 καὶ
1492 4954 1600 5009 τῶν
1643 4956 1803 5008 πολε-

227 5047 394 5116 μίων.
424 5047 535 5099 Kal
562 5046 655 5099 ἐπὶ
679 5046 897 5110 τούτοις
926 5046 1202 5115 διαφόρων
1239 5045 1600 5116 παρατάξεων
1645 5046 1806 5116 μελέ-

225 5155 327 5199 τας
360 5137 591 5190 ἐθνικῶν
616 5155 673 5190 τε
705 5139 799 5192 καὶ
838 5137 1182 5207 Ῥωμαϊκῶν.
1221 5134 1356 5191 Εἶτα
1397 5139 1489 5190 ἐπὶ
1513 5140 1625 5200 τοῖς
1658 5140 1809 5207 εἰρη-

229 5228 419 5298 μένοις
463 5228 558 5280 καὶ
598 5229 727 5298 περὶ
761 5229 1070 5300 ναυμαχίας
1098 5228 1348 5293 διατάξαι
1398 5228 1652 5298 μετρίως.
1698 5228 1809 5279 Kal

228 5323 329 5375 ἐπὶ
380 5321 591 5386 τούτοις
624 5322 797 5376 ἅπασι
847 5322 1071 5392 γνώμας
1119 5323 1273 5385 τινὰς
1305 5322 1568 5383 τακτικάς
1611 5337 1671 5373 τε
1715 5320 1810 5372 καὶ

227 5416 609 5486 στρατηγικὰς
678 5415 823 5478 ἰδίως
894 5414 1199 5477 ἐντεύξουσι
1276 5414 1601 5480 συναγαγεῖν
1677 5410 1810 5473 ὅσας

224 5498 394 5578 δίᾕον
445 5509 527 5560 ὅτι
580 5508 721 5562 κατὰ
775 5506 960 5577 χώραν
1010 5507 1228 5571 ἐντάξαι
1258 5506 1318 5558 τὸ
1362 5505 1689 5558 εὐσύνοπτον
1721 5503 1814 5555 καλ¹

226 5600 533 5670 πρόχειρον
562 5599 667 5652 τῶν
690 5598 985 5663 διατάξεων
1006 5599 1065 5651 οὐ
1097 5601 1368 5668 συγχωρεῖ
1391 5596 1649 5651 ἐκθεῖναι.
1696 5596 1815 5664 Ἀφ’

1919 4961 2158 5009 nostras,
2205 4957 2315 5003 tum
2354 4946 2592 5000 hostium
2641 4943 3010 5004 incursiones,
3039 4949 3095 4994 et
3121 4939 3491 4997 diversimode

1915 5041 2055 5111 apud
2090 5040 2267 5094 varias
2302 5049 2489 5108 gentes
2522 5035 2667 5090 acies
2710 5033 3025 5087 instructas.
3060 5029 3136 5084 De
3181 5032 3360 5086 navali
3395 5048 3490 5102 pu-

1917 5148 2020 5199 gna
2051 5146 2223 5200 pauca
2258 5128 2639 5197 adiungemus.
2687 5122 2818 5177 Post
2861 5123 2978 5177 haec
3025 5121 3231 5185 omnia,
3267 5130 3491 5177 senten-

1918 5223 2117 5275 tiarum
2149 5220 2509 5289 quarumdam
2546 5213 2866 5269 militarium
2910 5221 3075 5281 atque
3109 5214 3492 5283 imperatoria-

1915 5332 2036 5370 rum
2071 5314 2491 5384 descriptionem
2544 5309 2841 5380 separatim
2889 5309 3231 5379 colligemus,
3260 5324 3400 5379 quas
3435 5310 3491 5363 in

1916 5411 2032 5465 suis
2066 5409 2201 5463 locis
2234 5416 2455 5477 propter
2517 5403 2839 5458 brevitatem
2890 5413 2944 5456 et
2986 5402 3293 5471 expeditam
3323 5402 3493 5456 ratio—

1918 5517 2040 5555 nem
2095 5500 2330 5569 capitum
2372 5511 2479 5551 non
2511 5494 2818 5566 posuimus.
2851 5492 2948 5550 His
2975 5494 3140 5549 rebus
3170 5493 3490 5558 instructus,

1919 5594 2013 5664 qui
2039 5591 2303 5663 sapientia
2363 5598 2417 5646 ct
2445 5589 2723 5645 celeritate
2754 5587 2956 5657 ingenii
2995 5588 3289 5659 imperator
3310 5586 3491 5641 abun-

1762 5708 1993 5765 ΝΟΤᾹΞ.

308 5786 387 5859 (7)
405 5784 561 5854 Πρὸς
586 5784 723 5837 τῶν.
757 5784 945 5839 Scribe
979 5784 1085 5854 πρὸ
1102 5783 1231 5838 τῶν.
