4022 6438
525 355 598 421 ’ί9
1741 342 2016 406 LEONIS
2048 336 2510 400 PlIILOSOPIII

3666 319 3773 384 680

495 474 612 541 dat,
637 473 797 543 longe
819 468 1134 541 perfectior,
1175 469 1252 523 uti
1289 481 1473 538 spero,
1505 461 1918 532 absolutiorque
1954 458 2079 514 erit.

2236 475 2263 509 ν
2295 452 2619 525 ὁρμώμενον
2649 447 2814 515 σοφὸν
2864 445 2995 498 ὄντα
3028 442 3126 497 καὶ
3174 440 3304 505 όξὺν
3336 441 3407 511 τῇ
3436 436 3647 508 διανοίᾳ
3686 438 3780 491 τὸν

496 564 575 620 Ac
611 567 788 634 primo
824 563 953 618 hinc
980 560 1350 631 incipiendum
1382 573 1507 614 esse
1534 565 1821 627 putamus.

915 800 1381 860 CONSTITUTIO
1421 801 1656 857 PRIMA.

847 915 927 973 De
948 918 1014 989 Ire
1043 917 1269 971 militari
1297 928 1345 971 et
1376 918 1716 986 imperatore.

583 1032 629 1085 I.
672 1030 782 1086 Res
843 1028 1103 1085 militaris
1136 1026 1245 1084 'est
1308 1029 1538 1084 scientia
1594 1026 1916 1083 bellicorum
1968 1040 2087 1081 mo-

506 1132 685 1177 tuum.
729 1121 913 1179 Motus
943 1130 1125 1176 autem
1161 1120 1285 1177 belli
1319 1121 1571 1192 duplices
1601 1130 1732 1176 sunt
1767 1137 1779 1173 :
1810 1118 1904 1173 alii
1938 1119 2087 1172 enim

508 1225 679 1282 terra,
710 1214 803 1269 alii
840 1214 980 1269 mari
1009 1213 1167 1268 ﬁunt.

576 1305 633 1359 2.
688 1306 796 1361 Res
844 1305 1104 1361 militaris
1153 1313 1238 1361 est
1298 1320 1390 1361 ars
1434 1304 1684 1375 quaedam
1735 1304 2092 1375 imperatoria

509 1398 754 1452 aciei-um
802 1396 1269 1462 instruendarum,
1313 1405 1370 1452 et
1418 1411 1699 1452 armorum
1751 1398 1807 1451 et
1844 1407 2093 1452 motuum

512 1486 857 1542 militarium.

584 1580 639 1635 5.
680 1579 787 1635 Ars
821 1578 1173 1648 imperatoria
1200 1588 1285 1635 est
1314 1580 1368 1634 in
1398 1580 1603 1650 quibus
1632 1580 1977 1643 exercitatio,
2012 1587 2094 1641 νει

513 1670 756 1725 studium
802 1678 898 1724 aut
945 1669 1215 1724 industria
1265 1671 1510 1739 ponitur,
1537 1686 1662 1725 cum
1709 1672 2099 1742 στρατηγημά-

2190 546 2500 619 στρατηγὸν
2531 541 2844 613 σοφώτερον
2870 536 3127 607 γενέσθαι
3148 533 3465 604 ἐλπίζομεν.
3492 530 3606 587 Καὶ
3622 529 3783 603 πρῶ-

2187 654 2282 692 τον
2321 637 2421 710 μὲν
2452 634 2689 708 ἀρκτέον
2717 630 2995 686 ἐντεῦθεν.
3548 632 3551 633 ⁷

2672 788 2987 848 ΔΙΔΤΑΞΙΣ
3038 784 3295 841 ΠΡΩΤΗ.

2476 910 2617 980 Περὶ
2646 905 2936 974 τακτικῆς
2969 901 3072 959 καὶ
3107 896 3474 969 στρατηγοῦ.

2264 1035 2337 1084 α’.
2371 1025 2620 1097 Τακτική
2655 1024 2804 1077 ἐστιν
2834 1019 3116 1090 ἐπιστήμη
3149 1013 3466 1086 πολεμικῶν
3492 1010 3787 1079 κινήσεων.

2195 1124 2459 1195 Κινήσεις
2488 1120 2546 1173 δὲ
2597 1114 2898 1185 πολεμικαὶ
2928 1109 3106 1165 διτταί
3133 1126 3148 1141 ’
3184 1109 3238 1162 αί
3269 1106 3369 1179 μὲν
3400 1104 3542 1159 κατὰ
3569 1102 3695 1173 γῆν,
3731 1102 3785 1155 αἱ
3838 1178 3847 1188 .

2196 1216 2254 1270 δὲ
2280 1213 2425 1268 κατὰ
2460 1210 2755 1265 θάλατταν.

2272 1309 2339 1378 β’.
2380 1305 2630 1376 Τακτική
2682 1304 2799 1356 ἐστι
2828 1301 2995 1370 τέχνη
3032 1290 3377 1366 στρατηγικὴ
3426 1287 3792 1359 παρατάξεων

2200 1401 2295 1455 καὶ
2324 1395 2607 1468 ὁπλισμῶν
2636 1395 2732 1448 καὶ
2758 1391 3034 1462 κινήσεων
3056 1380 3491 1457 στρατιωτικῶν.

2275 1590 2345 1651 γ’.
2386 1575 2742 1652 Στρατηγικὴ
2769 1575 2828 1630 δέ
2856 1575 3005 1628 ἐστιν
3036 1565 3363 1642 στρατηγῶν
3409 1560 3628 1632 ἀγαθῶν
3667 1576 3795 1611 συν-

2205 1672 2439 1740 ἀσκησις
2470 1670 2639 1740 ἤγουν
2666 1664 2864 1738 μελέτη
2894 1664 2989 1716 καὶ
3054 1656 3331 1729 γυμνασία
3382 1652 3523 1725 μετά
3577 1666 3795 1719 στρατο

512 1781 641 1827 των,
673 1763 724 1817 id
752 1772 838 1818 est
866 1761 1225 1818 consiliorum
1257 1761 1740 1833 imperatoriorum
1780 1770 1835 1817 et
1866 1771 2097 1832 tropico-

2236 1762 2529 1836 [ιγ-νημάτων
2550 1761 2672 1832 ῆτοι
2702 1755 2979 1825 τροπαίων
3010 1746 3434 1821 συναθροισμοῦ.

510 1869 635 1909 rum
670 1853 1014 1910 collectione.

584 1945 641 1999 4.
699 1945 1046 2017 Propositum
1103 1944 1185 2001 rei
1232 1945 1459 2001 militari
1514 1954 1619 2013 est,
1664 1953 1726 2001 ut
1777 1944 2102 2016 opportunis

514 2040 998 2097 commoditatibus
1029 2047 1086 2094 et
1113 2039 1279 2095 rebus
1314 2041 1484 2111 gestis
1509 2039 1694 2095 vincat
1718 2038 1929 2094 hostes.

588 2131 642 2186 5.
684 2131 909 2188 Utilitas
954 2132 1034 2187 rei
1094 2132 1351 2188 militaris
1402 2140 1508 2199 est,
1560 2132 1817 2189 ordinata
1861 2131 2100 2204 quadam

517 2235 583 2277 ac
611 2221 878 2292 disposita
909 2223 1025 2278 acie
1063 2238 1188 2278 cum
1224 2223 1474 2279 hostibus
1501 2222 1815 2293 conﬂigere.

592 2313 645 2367 6.
688 2312 842 2370 Finis
874 2314 950 2369 rei
977 2314 1233 2370 militaris
1263 2324 1366 2380 est,
1404 2316 1587 2386 quoad
1608 2315 1728 2386 ejus
1756 2315 1874 2371 ﬁeri
1903 2323 2101 2386 poteSt,

525 2404 645 2458 sine
676 2404 784 2458 ulla
818 2404 1121 2460 oﬂ‘ensione
1160 2407 1461 2461 exercitum
1493 2407 1787 2461 instruere.

600 2496 651 2550 7.
694 2495 932 2552 Bellicus
980 2506 1274 2567 apparatus
1317 2498 1594 2567 perfectus
1638 2498 1837 2567 duplex
1872 2508 1977 2564 est,
2024 2500 2107 2551 al-

524 2595 606 2639 :er
639 2587 859 2655 quidem
893 2599 1038 2644 terra
1078 2590 1375 2653 terrestris,
1413 2589 1551 2644 alter
1585 2605 1716 2645 vero
1761 2590 1898 2644 mari
1942 2604 2107 2644 nava-

522 2678 610 2733 lis.
664 2678 738 2733 De
784 2694 845 2735 re
890 2681 1066 2735 navali
1100 2690 1289 2751 postea
1344 2680 1611 2738 dicemus.
1656 2680 1954 2737 Hominum
2005 2697 2108 2736 au-

524 2781 630 2826 tem
660 2771 755 2840 qui
788 2772 856 2827 ad
890 2771 1090 2827 bellum
1126 2770 1409 2828 conﬂuunt
1437 2771 1754 2839 multitudo,
1787 2772 1957 2827 altera
1985 2770 2109 2841 qui-

523 2862 645 2917 dem
678 2864 931 2934 praelians
961 2872 1065 2932 est,
1095 2864 1199 2921 hoc
1226 2873 1311 2921 est
1345 2865 1622 2929 bellatrix,
1660 2866 1833 2921 altera
1863 2880 1993 2920 vero
2040 2865 2106 2919 ad

526 2967 659 3009 usus
691 2954 813 3009 belli
843 2956 1073 3011 veniens
1117 2953 1378 3011 imbellis.
1414 2954 1481 3009 Et
1531 2956 1849 3022 bellatores,
1900 2955 2107 3010 milites

524 3055 653 3099 sunt
711 3046 805 3115 qui
854 3046 1121 3102 adversus
1167 3047 1357 3103 hostes
1416 3047 1791 3104 instruuntur.
1854 3047 2107 3103 lmbelles

2274 1948 2337 2002 δ’.
2369 1945 2580 2006 Σκοπὸς
2607 1944 2675 2013 τῇ
2707 1941 2940 2008 τακτικῇ
2987 1935 3075 1989 διὰ
3108 1934 3218 1988 τῶν
3263 1929 3630 2001 ἐνδεχομένων
3672 1927 3799 1978 ἑπι-

2206 2038 2420 2094 6ουλῶν
2443 2036 2540 2089 καὶ
2572 2031 2828 2105 πράξεων
2858 2028 3079 2097 κινῆσαι
3113 2023 3242 2087 τοὺς
3270 2022 3400 2075 πολε
3413 2020 3590 2089 μίους.

2288 2136 2353 2183 ε’.
2384 2126 2675 2197 Χρήσιμον
2706 2121 2763 2174 δέ
2805 2121 2954 2172 ἐστιν
2986 2118 3019 2188 ἡ
3050 2114 3307 2184 τακτικὴ,
3337 2112 3400 2165 τὸ
3419 2110 3492 2164 δι’
3532 2108 3801 2161 εὐτάκτου

2210 2220 2414 2281 θέσεως
2441 2210 2854 2286 συμπλέκεσθαι
2887 2209 3001 2268 τοῖς
3024 2203 3329 2273 πολεμίοις.

2283 2317 2359 2375 ς’.
2397 2307 2564 2371 Τέλος
2589 2307 2657 2375 τῇ
2685 2301 2923 2369 τακτικῇ
2961 2295 3105 2350 κατὰ
3133 2294 3194 2346 τὸ
3238 2292 3589 2363 ἐνδεχόμενον
3616 2288 3802 2359 ἀμέμ-

2211 2418 2362 2463 πτως
2392 2397 2643 2462 διατάξαι
2675 2394 2737 2447 τὸ
2774 2391 3115 2460 στράτευμα.

2282 2496 2350 2558 ζ’.
2396 2492 2463 2545 Δί
2495 2490 2552 2543 δὲ
2585 2488 2667 2551 είς
2697 2486 2827 2548 τοὺς
2876 2480 3174 2551 πολεμίους
3218 2477 3425 2532 τέλειαι
3461 2491 3802 2547 παρετοιμα-

2212 2588 2325 2641 σίαι
2353 2583 2449 2639 δύο
2480 2580 2618 2636 εἰσίν
2647 2595 2663 2611 ο
2716 2580 2751 2650 ᾑ
2787 2578 2885 2648 μὲν
2920 2573 3063 2630 κατά
3091 2572 3194 2642 γῆν
3222 2569 3444 2639 πεζικὴ,
3476 2570 3509 2639 ἡ
3555 2567 3611 2621 δὲ
3659 2565 3802 2620 κατά

2213 2678 2491 2732 θάλασσαν
2519 2668 2774 2739 ναυτική.
2806 2666 2943 2738 Περὶ
2971 2664 3071 2736 μὲν
3099 2657 3192 2716 οὖν
3221 2661 3319 2730 τῆς
3346 2657 3610 2726 ναυτικῆς
3638 2655 3800 2709 ῦστε-

2215 2778 2307 2834 ρον
2339 2758 2595 2831 ὲροῦμεν.
2628 2754 2752 2809 Τῶν
2780 2754 2837 2807 δὲ
2863 2752 3007 2807 κατά
3034 2751 3141 2821 γῆν
3173 2750 3266 2803 ἐπὶ
3300 2747 3572 2816 πολέμους
3607 2744 3803 2816 ἀθροι-

2212 2853 2460 2924 ζομένων
2505 2847 2719 2919 ἀνδρῶν
2768 2845 2829 2899 τδ
2878 2843 3088 2913 πλῆθος
3128 2840 3190 2894 τὸ
3242 2839 3341 2911 μέν
3382 2840 3500 2892 ἐστι
3538 2836 3806 2908 μάχιμον,

2210 2948 2381 3018 ἧγουν
2419 2940 2719 3012 πολεμικόν
2742 2954 2758 2971 ο
2790 2937 2853 2991 τὸ
2886 2935 2943 2989 δὲ
2974 2934 3062 2989 διά
3092 2932 3192 2996 τάς
3221 2931 3411 2985 τούτου
3455 2928 3647 3001 χρείας
3680 2945 3810 2980 συνο

2211 3037 2509 3108 ερχόμενον
2532 3032 2771 3104 ἄμαχον.
2798 3028 2912 3082 Καὶ
2936 3024 3234 3096 πολεμικὸν
3276 3022 3395 3093 μὲν,
3420 3022 3482 3074 τὸ
3515 3036 3808 3091 παρατασ-

524 3136 721 3205 reliqui
774 3145 926 3199 sunt,
977 3139 1195 3203 medici,
1257 3140 1594 3206 administri,
1648 3152 2007 3205 mercatores,
2056 3150 2105 3195 et

2236 3132 2445 3201 πόμενον
2474 3126 2611 3197 πρὸς
2637 3123 2765 3186 τοὺς
2791 3118 3087 3189 πολεμίους
3110 3112 3522 3186 στρατιωτικόν.
3555 3113 3811 3181 Ἀμαχον

527 3228 619 3280 alii
669 3228 765 3299 qui
818 3229 885 3282 ad
936 3231 1283 3286 necessarios
1331 3247 1466 3287 usus
1522 3243 1957 3303 consequuntur.
2001 3233 2111 3288 Pu-

526 3320 745 3387 gnantis
795 3321 967 3389 partis
1016 3337 1114 3377 seu
1165 3322 1467 3380 bellatricis
1515 3323 1620 3378 alia
1669 3334 1754 3379 est
1816 3325 2108 3395 pedestris,

526 3410 634 3463 alia
683 3413 978 3480 equestris.
1017 3412 1299 3471 Pedestris
1346 3426 1429 3472 est
1462 3432 1586 3487 quae
1630 3418 1780 3472 humi
1833 3419 2107 3474 consistit.

528 3498 814 3568 Equestris
862 3512 967 3567 est,
1020 3518 1143 3573 quae
1194 3504 1353 3575 equis
1410 3506 1648 3573 vehitur,
1705 3515 1760 3561 et
1802 3521 1925 3577 quae
1978 3507 2109 3560 olim

528 3593 787 3649 curribus
843 3594 1060 3651 falcatis
1103 3604 1159 3651 et
1205 3597 1512 3668 elephantis
1568 3608 1748 3655 turres
1794 3598 2112 3653 hominibus

530 3682 760 3740 refertas
809 3689 1161 3755 gestantibus
1207 3689 1534 3757 vehebatur,
1596 3691 1664 3747 de
1712 3691 1913 3762 quibus
1963 3708 2112 3749 nunc

527 3785 754 3846 propter
784 3779 1101 3850 huiusmodi
1134 3793 1498 3854 apparatuum
1530 3785 1881 3842 inutilitatem
1916 3796 1971 3842 et
2003 3798 2114 3842 tar-

529 3868 755 3926 ditatem
786 3873 935 3929 nulla
970 3876 1178 3932 mentio
1209 3876 1318 3933 (iet.

599 4131 654 4186 8.
696 4131 776 4187 Re
821 4134 1046 4191 militari
1091 4137 1283 4191 leviter
1325 4139 1392 4193 ad
1444 4139 1591 4197 hunc
1645 4142 1870 4198 modum
1903 4141 2112 4199 descri-

530 4230 646 4291 pta,
681 4232 898 4292 oportet
926 4225 1094 4281 etiam
1142 4227 1496 4295 constituere,
1545 4229 1771 4300 quinam
1815 4230 2116 4301 imperator

530 4314 625 4377 sit,
655 4322 710 4369 et
738 4316 995 4384 quisnam
1026 4318 1192 4388 hnjus
1231 4320 1310 4375 rei
1341 4323 1693 4393 susceptione
1722 4323 1921 4394 dignus
1951 4326 2041 4381 sit.

604 4406 661 4460 9.
700 4406 1001 4477 Imperator
1042 4418 1126 4466 est
1163 4413 1258 4482 qui
1292 4414 1554 4470 universo
1595 4416 1863 4471 exercitui
1897 4429 2114 4489 praeest,

2210 3222 2269 3274 δὲ
2297 3219 2359 3272 τὸ
2376 3216 2586 3281 λοιπὸν,
2645 3209 2749 3266 οἷοι
2784 3210 2983 3281 ἰατροὶ,
3011 3205 3212 3272 δοῦλοι,
3241 3204 3494 3275 ἔμποροι,
3530 3203 3626 3256 καὶ
3654 3202 3808 3256 ἄλλοι

2212 3316 2328 3369 ὅσοι
2352 3312 2443 3365 διὰ
2472 3311 2570 3374 τὰς
2592 3306 2901 3378 ὑπηρεσίας
2933 3298 3385 3355 ἐπακολουθοῦσι.
3415 3294 3525 3351 Τοῦ
3552 3296 3607 3349 δὲ
3637 3296 3803 3367 μαχί-

2218 3422 2320 3475 μου
2356 3402 2578 3474 μέρους,
2626 3399 2796 3469 ῆγουν
2830 3392 3132 3463 πολεμικοῦ
3166 3389 3426 3461 στρατοῦ,
3461 3389 3522 3441 τὸ
3558 3388 3657 3458 μέν
3688 3389 3809 3441 ἐστι

2215 3495 2462 3561 πεζικὸν,
2492 3494 2554 3547 τὸ
2590 3492 2648 3545 δὲ
2681 3486 3107 3556 καϐαλλαρικόν.
3137 3485 3249 3537 Καὶ
3280 3484 3341 3536 τὸ
3387 3482 3486 3553 μὲν
3520 3481 3668 3544 ἰδίως
3702 3497 3807 3533 πε-

2216 3588 2369 3654 ζικὸν
2400 3587 2461 3641 τὸ
2487 3587 2580 3640 ἐπὶ
2604 3585 2711 3656 γῆς
2748 3583 3059 3653 ίστάμενον,
3083 3580 3145 3634 τὸ
3190 3580 3245 3634 δὲ
3293 3577 3702 3650 καϐαλλαρικδν
3747 3577 3813 3630 τὸ

2216 3679 2311 3733 ἐπὶ
2338 3678 2451 3732 τῶν
2472 3678 2659 3731 ἵππων
2685 3673 2812 3745 όχού
2822 3666 3128 3745 μενον.⁹Ην
3150 3670 3207 3724 δέ
3228 3687 3358 3723 ποτε
3378 3672 3473 3724 καὶ
3502 3668 3596 3721 ἐπὶ
3617 3667 3811 3738 ἁρμά-

2216 3787 2326 3823 των
2383 3768 2842 3840 δρεπανηφόρων,
2899 3767 2996 3818 καὶ
3045 3761 3142 3815 ἐπὶ
3196 3761 3503 3831 ἐλεφάντων
3562 3759 3815 3830 πύργους

2218 3857 2500 3929 φερόντων
2525 3856 2756 3928 πλήρεις
2778 3852 3011 3925 ἀνδρῶν.
3051 3852 3215 3907 Ἀλλά
3243 3851 3449 3905 τούτων
3468 3850 3641 3913 οὐδεὶς
3669 3850 3819 3920 ἡμῖν

2217 3946 2376 4018 λόγος
2412 3946 2509 4001 νῦν
2562 3945 2653 4001 διά
2688 3961 2749 3999 τε
2776 3943 2878 4015 τὴν
2910 3942 3241 4014 ἀχρηστίαν,
3296 3941 3391 3994 καὶ
3430 3942 3529 4011 τὴν
3562 3937 3817 4009 παντελῆ

2218 4041 2422 4115 ἀργίαν
2456 4038 2568 4093 τῶν
2604 4036 2867 4092 τοιούτων
2893 4033 3283 4107 παρασκευῶν.

2291 4138 2366 4204 η’.
2400 4129 2515 4201 Τῆς
2542 4126 2639 4183 οὖν
2660 4127 2927 4198 τακτικῆς
2952 4125 3191 4198 μετρίως
3221 4140 3339 4187 πως
3359 4123 3531 4185 οὕτως
3563 4122 3816 4193 ὑπογρα-

2219 4224 2436 4296 φείσης,
2492 4222 2576 4277 δεῖ
2638 4222 2737 4276 καὶ
2783 4219 2874 4274 τὸν
2927 4217 3235 4289 στρατηγὸν
3287 4214 3635 4285 ἀναδειθῆναι
3692 4213 3813 4285 (8),

2218 4318 2272 4372 τί
2296 4319 2355 4372 τέ
2381 4317 2551 4382 ἐστιν,
2570 4314 2665 4369 καὶ
2692 4313 2778 4377 τίς
2796 4314 2824 4367 ό
2842 4311 2945 4383 τῆς
2964 4309 3224 4379 τοιαύτης
3243 4309 3611 4379 ἐγχειρήσεως
3632 4307 3810 4370 ἄξιος.

2292 4409 2359 4463 θ’.
2392 4406 2707 4480 Στρατηγδς
2735 4404 2916 4459 τοίνυν
2940 4402 3089 4455 ἐστὶν
3106 4402 3134 4455 ό
3159 4400 3261 4470 τῆς
3287 4398 3560 4453 ὑπἀύτὸν
3589 4398 3817 4466 ἀπάσης

531 4506 587 4552 et
636 4499 935 4555 maximam
975 4503 1277 4559 secundum
1335 4521 1518 4577 regem
1562 4507 1727 4563 habet
1765 4488 2105 4578 poteStatem.

2236 4502 2502 4572 ὅπαρχίας
2533 4500 2758 4571 μείζονα
2793 4497 3014 4550 πάντων
3056 4492 3309 4561 ἐξουσίαν
3343 4492 3482 4563 ἔχων
3537 4489 3675 4562 μετά
3716 4489 3816 4542 τὸν

604 4677 694 4733 10.
735 4677 1035 4748 Imperator
1054 4688 1137 4738 est
1157 4682 1428 4738 universa:
1451 4681 1660 4738 militia:
1674 4684 1986 4755 praecipuus
2007 4685 2114 4741 dux

536 4783 568 4822 a
600 4782 727 4838 rege
752 4769 1092 4840 designatus,
1126 4772 1220 4841 qui
1249 4772 1388 4829 alios
1421 4772 1525 4828 sub
1559 4787 1620 4828 se
1659 4773 1826 4831 duces
1858 4776 2059 4846 partim
2088 4792 2119 4831 a

538 4874 668 4929 rege
709 4861 910 4919 missos
958 4863 1218 4933 suﬂragio
1270 4880 1375 4920 suo
1425 4865 1727 4936 approbat,
1764 4869 1964 4939 partim
2017 4885 2119 4927 sua

537 4948 716 5020 ipsius
739 4952 1066 5009 auctoritate
1090 4953 1363 5024 designat.

606 5125 698 5180 11.
739 5123 1031 5197 Proprium
1062 5127 1411 5198 imperatoris
1456 5144 1660 5188 munus
1703 5140 1808 5202 est,
1840 5132 2119 5204 subjectos

453 5241 462 5250 -
538 5235 671 5276 suos
714 5222 1028 5292 prudentia,
1080 5222 1429 5293 fortitudine,
1458 5225 1696 5297 iustitia,
1754 5229 2117 5301 temperantia

536 5312 764 5368 anteire.

613 5403 696 5459 l2.
741 5402 1026 5461 Universaa
1053 5408 1348 5476 provinciae
1379 5425 1543 5479 quam
1578 5414 1808 5484 accepit,
1850 5422 1965 5469 tum
2018 5418 2119 5470 mi-

535 5492 714 5549 litaris
748 5503 861 5548 tum
900 5495 1125 5565 privatae
1163 5507 1278 5553 tum
1317 5500 1549 5569 publicae
1581 5504 2117 5561 administrationem

538 5591 595 5643 in
624 5602 686 5643 se
710 5588 974 5659 recipere.

2222 4596 2470 4666 βασιλέα.

2289 4686 2342 4741 ι’.
2377 4683 2695 4756 Στρατηγός
2724 4681 2873 4735 ἐστιν
2906 4684 2934 4736 ό
2963 4682 3059 4735 τοῦ
3093 4682 3198 4735 ὑπὸ
3224 4681 3380 4752 χεῖρα
3409 4672 3816 4749 στρατιωτικοῦ

2218 4778 2459 4847 θέματος
2493 4775 2795 4845 κορυφαῖος
2817 4772 3026 4843 ἄρχων,
3061 4773 3126 4826 ἐκ
3160 4770 3427 4843 βασιλέως
3462 4766 3564 4839 μὲν
3592 4781 3819 4836 προχει-

2222 4869 2529 4941 ριζόμενος,
2550 4866 2679 4927 τοὺς
2700 4865 2757 4918 δὲ
2779 4864 2872 4916 ὑπ’
2889 4864 3052 4916 αύτὺν
3091 4864 3358 4935 ἄρχοντας
3372 4860 3499 4922 τοὺς
3527 4857 3627 4930 μὲν
3644 4856 3819 4927 ψήφῳ

2224 4962 2292 5031 τῇ
2329 4957 2499 5012 αὐτοῦ
2536 4958 2601 5011 ὲκ
2646 4955 2912 5027 βασιλέως
2935 4956 2991 5008 δὲ
3029 4951 3553 5024 καταπεμπόμενος,
3585 4948 3712 5010 τοὺς
3754 4946 3819 4999 δὲ

2225 5049 2447 5119 ἐξουσίᾳ
2480 5046 2589 5119 ἰδία
2614 5046 3075 5118 προϐαλλόμενος.

2299 5146 2388 5195 ια’.
2428 5138 2591 5193 Ἰδιον
2619 5138 2677 5193 δὲ
2724 5138 3036 5209 στρατηγοῦ
3063 5136 3125 5190 τὸ
3154 5136 3390 5207 κρείττω
3421 5131 3639 5186 πάντων
3669 5121 3815 5182 εἶναι

2222 5234 2333 5289 τῶν
2362 5233 2469 5287 ὑπὸ
2496 5235 2657 5304 χεῖρα
2689 5232 2976 5303 φρονήσει,
3032 5230 3129 5285 καὶ
3178 5226 3419 5298 ἀνδρείᾳ,
3467 5223 3563 5278 καὶ
3600 5222 3817 5276 δικαιοο

2228 5325 2385 5397 σύνῃ,
2414 5324 2511 5379 καὶ
2543 5324 2889 5395 σωφροσύνῃ.

2300 5417 2388 5487 ιβ’.
2440 5416 2515 5470 Τὸ
2558 5418 2639 5480 εἰς
2683 5416 2844 5470 αὐτὸν
2896 5414 3265 5484 ἀναφέρεσθαι
3315 5410 3415 5481 τῆς
3468 5407 3611 5463 κατὰ
3644 5404 3811 5471 αὐτόν

2228 5508 2502 5580 ἐπαρχίας
2545 5507 2643 5572 τὰς
2669 5507 2987 5578 διοικήσεις,
3014 5507 3136 5560 ὅσαι
3168 5523 3228 5559 τε
3264 5497 3681 5575 στρατιωτικαὶ,
3715 5495 3814 5549 καὶ

2229 5602 2353 5653 ὅσαι
2393 5598 2685 5663 ίδιωτικαὶ,
2728 5599 2822 5652 καὶ
2851 5598 3121 5667 δημόσιοι.

2076 5714 2311 5772 NOTAE.

611 5792 689 5861 (8)
760 5794 1184 5869 Ἀναδειθῆναι.
1219 5803 1431 5871 Scribe,
1470 5804 1875 5873 ἀναδειχθῆναι.
