4022 6468
231 438 333 503 681

1265 438 1603 499 meum.
1646 464 1715 473 ——
1748 414 2265 499 CONSTITUTIO
2292 435 2342 511 I,
2386 437 2470 497 II.

3332 478 3339 483 -
3395 439 3506 501 682

299 552 393 616 ιγ’.
444 546 521 601 Τὸ
574 544 963 619 παραλαϐόντα
1009 546 1240 614 στρατὸν
1289 545 1526 600 ἄτακτον
1583 544 1811 609 ἐκτάξαι

1989 544 2077 599 l3.
2117 543 2431 600 Exercitum
2464 544 2838 600 inordinatum
2875 544 3070 600 idonea
3106 558 3275 616 atque
3296 560 3503 618 oppor-

224 639 462 702 δεόντως
492 637 636 692 κατά
679 635 778 708 τὴν
824 636 1171 708 ἁρμόζουσαν
1197 636 1276 709 τῷ
1321 636 1499 709 καιρῷ
1546 637 1812 709 τακτικὴν

227 730 498 795 διάταξιν.

233 856 242 864 -
308 820 394 874 ιδ’.
426 819 639 883 Σκοπὸς
677 817 758 890 τῷ
791 820 1083 891 στρατηγῷ
1119 819 1182 873 τὸ
1213 820 1310 890 μὲν
1352 818 1444 873 ὑπ’
1471 819 1637 874 αὑτὸν
1670 818 1812 887 θέμα

229 911 489 980 αὐξῆσαι,
545 909 644 962 καὶ
689 908 926 973 ἀϐλαϐὲς
970 910 1079 963 ἀπό
1114 910 1192 963 τε
1234 910 1510 979 πολεμίων
1564 912 1659 963 καὶ
1702 909 1812 963 τῶν

230 1003 410 1057 ἀλλων
443 1000 805 1071 ἀδικημάτων
854 1002 951 1054 καὶ
977 1000 1219 1066 ἀταξιῶν
1272 1002 1367 1053 καὶ
1414 1001 1656 1054 στάσεων
1698 999 1813 1055 δια·

232 1091 488 1160 φυλάξαι.
520 1089 661 1154 Τοὺς
685 1090 742 1143 δὲ
781 1091 1075 1161 πολεμίους
1109 1090 1273 1145 παντὶ
1292 1091 1483 1162 τρόπῳ
1519 1091 1551 1161 ἦ
1586 1090 1812 1161 πολέμῳ

231 1184 263 1251 ἢ
306 1184 516 1253 ἐφόδοις
565 1182 852 1254 ἀδοκήτοις
881 1182 1241 1246 ταπεινῶσαι,
1279 1183 1373 1236 καὶ
1404 1183 1549 1252 ἅπερ
1594 1184 1812 1254 ποιήσει

232 1276 378 1330 λατά
405 1275 515 1330 τῶν
554 1273 788 1348 ἐχθρῶν,
820 1273 997 1329 ταῦτα
1023 1274 1364 1345 φυλάξασθαι
1385 1274 1463 1348 μὴ
1493 1274 1689 1331 παθεῖν
1714 1276 1811 1330 ἀπ’

227 1366 432 1420 αὐτῶν.

301 1463 382 1510 ιε’.
420 1456 589 1520 Τέλος
617 1457 697 1527 τῷ
723 1455 1019 1529 στρατηγῷ
1040 1458 1121 1529 τῷ
1149 1459 1591 1529 εὐδοκιμήσαντα
1617 1458 1697 1530 (9)
1722 1458 1813 1513 διά

228 1547 450 1598 πάντων
467 1545 570 1615 τῆς
588 1563 650 1599 τε
665 1548 818 1610 θείας
830 1548 927 1602 καὶ
947 1547 1236 1620 βασιλικῆς
1258 1549 1553 1603 ἀπολαύειν
1571 1548 1810 1616 εὐνοίας,

229 1634 263 1707 ἢ
296 1637 819 1708 κιτολιγωρήσαντα
848 1639 957 1691 τῶν
987 1640 1309 1710 πρεπόντων
1342 1642 1433 1695 καὶ
1456 1640 1810 1712 ἁρμοζόντων

229 1730 578 1798 πραγμάτων
624 1729 893 1796 τάξασθαι
941 1732 1049 1786 τῶν
1087 1735 1370 1790 ἐναντίων.
1401 1734 1592 1798 Οὕτως
1625 1735 1808 1789 τοίνυν

230 1814 329 1869 καὶ
361 1817 460 1885 τῆς
487 1818 582 1870 τοῦ
608 1818 914 1889 στρατηγοῦ
942 1823 1396 1893 προτυπωθείσης
1450 1825 1693 1892 εἰκόνος,
1726 1827 1809 1880 δεῖ

1924 642 2057 690 tuna
2096 635 2153 690 in
2183 636 2304 692 acie
2333 637 2628 694 collocare.

1994 813 2081 867 14.
2127 811 2479 883 Propositum
2509 813 2614 869 hoc
2660 822 2743 868 est
2777 812 3124 884 imperatori,
3148 822 3212 869 ut
3250 813 3503 869 multitu-

1920 905 2103 960 dinem
2150 921 2307 961 suatn
2360 907 2675 976 ampliﬁcet,
2723 917 2781 962 et
2830 908 2949 964 sine
2991 907 3144 962 omni
3178 906 3497 970 offensione,

1920 996 1990 1050 ab
2021 997 2273 1052 hostibus
2320 998 2657 1069 reliquisque
2714 998 2952 1068 injuriis,
3008 1013 3040 1052 a
3088 997 3503 1067 perturbationi-

1922 1087 2024 1144 bus
2051 1097 2106 1143 et
2130 1089 2496 1145 seditionibus
2529 1091 2744 1147 solutos
2774 1098 3081 1155 conservet,
3113 1090 3301 1145 hostes
3325 1091 3501 1143 omni-

1922 1178 2027 1234 bus
2068 1179 2247 1236 modis
2295 1181 2382 1236 vel
2432 1182 2575 1237 bello
2616 1183 2703 1237 vel
2751 1182 3164 1237 incursionibus
3201 1181 3500 1249 inopinatis

1921 1269 2229 1337 labefactet,
2274 1281 2329 1327 et
2363 1288 2486 1342 qua:
2534 1274 2739 1329 inferre
2790 1274 3043 1329 hostibus
3095 1274 3347 1338 molitur,
3390 1273 3500 1328 cir—

1919 1364 2248 1434 cumspiciat
2286 1382 2354 1420 ne
2379 1366 2573 1421 eadem
2601 1368 2670 1421 ab
2694 1367 2808 1422 illis
2838 1367 3097 1437 patiatur.

1942 1520 1945 1523 ν
1992 1452 2081 1506 15.
2121 1452 2276 1510 Finis
2314 1454 2661 1524 imperatoris
2690 1463 2776 1511 est
2808 1455 3104 1510 maximam
3135 1454 3367 1526 gloriam
3400 1456 3497 1509 ha-

1917 1543 2066 1609 bere,
2094 1546 2149 1599 in
2181 1547 2438 1602 omnibus
2469 1546 2563 1602 Dei
2610 1557 2665 1602 et
2707 1548 2850 1617 regis
2886 1547 3322 1603 benevolentiam
3365 1562 3499 1603 con-

1918 1638 2118 1707 sequi:
2152 1638 2237 1693 sin
2285 1640 2436 1709 quod
2481 1639 2740 1694 idoneum
2790 1639 3078 1709 oliicioque
3120 1655 3221 1694 suo
3260 1638 3497 1708 conjun-

1916 1745 2063 1792 ctum
2093 1744 2178 1792 est
2205 1736 2528 1808 neglexerit,
2563 1746 2622 1791 ut
2648 1752 2680 1792 e
2716 1736 2997 1792 contrario
3038 1736 3115 1790 illi
3145 1736 3379 1791 accidat.
3415 1734 3492 1789 Ita

1916 1828 2077 1899 igitur
2124 1830 2471 1897 imperatoris
2517 1829 2756 1899 imagine
2803 1828 3117 1892 informata.
3147 1828 3304 1898 quasi
3342 1827 3493 1882 colo-

228 1907 483 1979 καθάπερ
512 1909 605 1964 διὰ
649 1912 949 1981 χρημάτων
978 1914 1091 1984 (10)
1141 1917 1290 1986 ἡμᾶς
1334 1916 1807 1988 ἀναζωγραφῆσαι

1927 1921 2067 1976 'ibus
2093 1921 2418 1990 quibusdam
2452 1921 2821 1990 exprimendae
2849 1922 3007 1976 dotes
3049 1920 3171 1990 ejus
3216 1928 3367 1983 sunt,
3399 1919 3493 1972 dc-

227 1999 329 2069 τὴν
363 1998 559 2053 τούτου
598 2002 885 2073 ποιότητα,
920 2006 1017 2058 καὶ
1059 2006 1230 2071 δεῖξαι
1278 2009 1531 2079 φανερῶς
1569 2010 1654 2073 τίς
1711 2011 1808 2064 καὶ

228 2090 477 2155 ποταπὸς
524 2088 669 2146 εἶναι
718 2094 928 2163 ὀφείλει
967 2099 1048 2160 εἰς
1097 2098 1198 2170 τὴν
1241 2098 1499 2172 τοιαύτην
1556 2100 1808 2167 ἐξουσίαν

227 2184 715 2255 προχειριζόμενος
742 2186 949 2259 ἄρχων.

796 2301 1112 2357 ΔΙΑΤΑΞΙΣ
1158 2303 1233 2361 Β’.

387 2390 527 2457 Περὶ
553 2389 662 2445 τοῦ
685 2387 817 2447 οἷον
840 2391 996 2449 εἶναι
1024 2394 1119 2448 δεῖ
1140 2396 1248 2450 τὸν
1281 2402 1637 2468 στρατηγόν.

297 2478 370 2536 α’.
430 2482 743 2554 Κελεύομεν
788 2485 971 2540 τοίνυν
1018 2483 1160 2542 εἶναι
1203 2490 1296 2543 τὸν
1352 2493 1660 2562 στρατηγὸν
1703 2496 1807 2547 σώο

230 2587 408 2643 φρονα
440 2572 569 2644 περὶ
620 2574 684 2627 τὸ
717 2574 901 2645 σῶμα,
957 2577 1087 2646 περὶ
1138 2579 1239 2649 τὴν
1290 2580 1501 2635 δίαιταν
1539 2585 1805 2655 ἐγκρατῆ,

228 2661 493 2732 νηφάλιον
552 2664 648 2717 καὶ
695 2666 1018 2738 ἐγρήγορον,
1050 2669 1195 2724 λιτὸν
1227 2673 1323 2725 καὶ
1354 2674 1646 2745 ἀπέριττον
1678 2678 1807 2748 περὶ

229 2753 330 2814 τὰς
368 2751 579 2822 χρείας,
616 2752 956 2823 ὑπομένοντα
997 2758 1123 2821 τοὺς
1157 2760 1371 2828 πόνους,
1423 2765 1664 2834 νοήμονα
1714 2767 1807 2819 καὶ

231 2842 536 2913 φρόνιμον,
597 2843 861 2913 μισοῦντα
913 2846 1318 2920 φιλαργυρίαν,
1367 2850 1612 2920 ἔνδοξον,
1669 2857 1807 2927 μήτε

232 2936 374 3002 νέον,
425 2937 565 3007 μήτε
600 2936 853 3008 γέροντα,
889 2940 1073 2993 ἱκανὸν
1097 2941 1155 2993 δὲ
1194 2943 1288 2995 καὶ
1336 2943 1474 3013 πρὸς
1510 2944 1572 2997 τὸ
1626 2945 1809 3014 λέγειν

230 3026 340 3080 ἀπὸ
370 3027 643 3096 στόματος
692 3030 752 3083 ἐν
780 3031 933 3101 μέσῳ
980 3031 1134 3096 λαοῦ,
1168 3032 1234 3086 ἂν
1271 3035 1408 3106 τύχῃ
1446 3036 1503 3089 δὲ
1543 3032 1639 3090 καὶ
1663 3055 1807 3109 πρα-

234 3116 423 3169 παϊδον
449 3118 496 3189 (1
510 3118 587 3187 l),
608 3118 684 3189 μὴ
701 3121 975 3193 ἐμπορίαν
1004 3122 1287 3191 φιλοῦντα,
1326 3125 1359 3197 ἢ
1381 3126 1645 3192 τοιοῦτον,
1671 3129 1809 3199 μηδὲ

1910 2013 2441 2083 monstrandumque
2478 2022 2564 2068 est
2607 2012 2733 2082 quis
2791 2020 2847 2067 et
2904 2012 3085 2082 qualis
3131 2026 3258 2067 esse
3294 2012 3492 2067 debeat

1908 2105 2001 2175 qui
2035 2106 2090 2160 in
2118 2105 2223 2160 hoc
2254 2105 2533 2175 dignitatis
2569 2102 2741 2174 gradu
2777 2102 3129 2159 collocandus
3154 2102 3247 2158 sit.

2400 2297 2867 2355 CONSTITUTIO
2921 2297 2989 2353 11.

2159 2394 2386 2458 Qualem
2418 2409 2532 2447 esse
2571 2402 2810 2461 oporteat
2847 2393 3241 2461 imperatorem.

1981 2486 2038 2539 l.
2084 2483 2412 2539 Mandamus
2468 2482 2638 2553 igitur
2688 2492 2749 2537 ut
2792 2483 3094 2553 imperator
3137 2483 3210 2538 sit
3259 2496 3494 2551 corpore

1907 2578 2237 2640 continens,
2300 2575 2449 2631 victu
2499 2584 2854 2646 temperans,
2916 2576 3179 2642 sobrius,
3233 2574 3491 2644 vigilans,

1908 2668 2051 2738 frugi
2099 2676 2156 2723 et
2195 2668 2250 2721 in
2303 2666 2469 2722 rebus
2505 2666 2832 2722 necessariis
2866 2665 3092 2721 minime
3114 2663 3396 2735 profusus,
3436 2663 3489 2717 iu

1908 2758 2203 2814 laboriosis
2264 2757 2495 2828 negotiis
2562 2758 2863 2823 assiduus,
2933 2758 3368 2824 circumspectus
3436 2764 3492 2808 et

1909 2850 2171 2921 prudens,
2227 2847 2475 2918 pecuniae
2531 2846 2874 2918 despiciens,
2926 2846 3085 2901 famae
3138 2844 3491 2901 commenda-

1910 2944 2056 2996 tione
2086 2941 2374 3005 bonestus,
2422 2952 2599 3008 neque
2624 2937 2865 3007 juvenis,
2905 2952 3082 3007 neque
3110 2945 3269 2991 atate
3306 2935 3490 3005 ingra-

1909 3048 2160 3096 vescens,
2195 3030 2399 3085 habilis
2424 3031 2491 3085 ad
2525 3030 2820 3086 dicendum
2853 3043 2920 3085 ex
2947 3036 3194 3097 tempere
3223 3027 3277 3081 in
3310 3027 3489 3082 media

1911 3124 2220 3195 frequentia
2263 3123 2575 3184 hominum.
2617 3120 2939 3187 liberorum,
2980 3120 3027 3176 si
3059 3121 3132 3174 ita
3167 3134 3300 3176 usus
3326 3118 3489 3185 ferat,

237 3208 595 3278 μικρόψυχον,
621 3212 698 3273 ὡς
735 3213 828 3266 καὶ
851 3212 962 3266 τῶν
983 3214 1197 3285 μικρῶν
1228 3217 1573 3288 πραγμάτων
1614 3219 1808 3274 ἐπιθυ-

1927 3230 2135 3284 parens,
2170 3228 2281 3267 non
2309 3212 2377 3267 ad
2410 3221 2776 3268 mercaturam
2806 3211 3133 3275 faciendam,
3161 3218 3255 3265 aut
3285 3210 3350 3265 ad
3384 3210 3492 3265 hu-

236 3302 379 3369 μεῖν,
415 3304 512 3355 καὶ
548 3302 735 3367 ἁπλῶς
763 3305 964 3374 εὐγενῆ
994 3306 1095 3376 τὴν
1118 3306 1317 3379 ψυχὴν,
1350 3310 1399 3362 εί
1427 3310 1679 3377 δυνατὸν,
1715 3313 1811 3367 καὶ

232 3392 293 3445 τὸ
324 3392 503 3463 σῶμα,
534 3394 629 3447 καὶ
655 3395 714 3448 ἐν
735 3397 871 3450 πᾶσι
907 3399 1301 3471 μεγαλόψυχον.

305 3655 372 3725 β’.
426 3655 709 3727 Σώφρονα,
745 3658 837 3713 ἵνα
870 3659 944 3729 μὴ
970 3661 1091 3724 ταῖς
1124 3660 1224 3732 τῆς
1257 3661 1475 3732 φύσεως
1504 3668 1811 3741 κατασυρό-

237 3766 397 3820 μενος
432 3750 649 3819 ἡδοναῖς
697 3752 971 3824 ἀπολείπῃ
1028 3754 1127 3825 τὴν
1178 3758 1307 3826 περὶ
1355 3756 1466 3810 τῶν
1499 3758 1814 3828 ἀναγκαίων

234 3841 497 3913 φροντίδα
518 3843 613 3896 καὶ
644 3845 987 3914 ἐπιμέλειαν.

304 3934 376 4004 γ’.
434 3934 716 4007 Ἐγκρατῆ
738 3935 815 4001 δὲ,
852 3937 1041 4009 ἐπειδὴ
1065 3938 1400 4011 τηλικαύτης
1427 3942 1608 4013 ἀρχῆς
1631 3945 1815 4016 μέλλει

233 4029 553 4099 τυγχάνειν.
595 4029 662 4081 At
710 4028 821 4099 γὰρ
857 4030 1120 4101 ἀκρατεῖς
1164 4031 1260 4085 καὶ
1292 4032 1581 4088 ἀκόλαστοι
1622 4038 1813 4107 ὁρμαὶ,

233 4121 364 4174 ὅταν
400 4118 753 4189 προσλάϐωσι
781 4120 1012 4191 δύναμιν
1056 4122 1199 4176 κατὰ
1231 4122 1481 4188 ἐξουσίαν
1512 4124 1608 4179 τοῦ
1644 4131 1818 4183 ποιεῖν

233 4209 268 4264 ἃ
290 4209 602 4281 βούλονται,
626 4210 928 4283 ἀκράτητοι
943 4212 1187 4280 γίνονται
1216 4214 1352 4285 πρὸς
1372 4215 1472 4280 τὰς
1494 4216 1814 4288 ἐπιθυμίας.

302 4387 366 4440 δ’.
402 4387 687 4459 Νηφάλιον
715 4388 772 4442 δὲ
804 4391 898 4443 καὶ
928 4390 1253 4462 ἐγρήγορον,
1297 4393 1447 4457 ὅπως
1486 4395 1815 4467 ἐπαγρυπνῇ

235 4483 296 4535 ἐν
328 4484 451 4545 ταῖς
488 4481 773 4552 μεγίσταις
812 4484 1098 4554 πράξεσιν.
1160 4486 1248 4540 Ἐν
1274 4488 1431 4541 νυκτὶ
1463 4487 1593 4559 γάρ,
1626 4489 1755 4543 ὅταν
1784 4491 1817 4561 ἡ

234 4572 388 4644 ψυχὴ
431 4575 618 4643 ἠρεμῇ
662 4574 922 4643 μάλιστα,
974 4575 1237 4639 πολλάκις
1286 4579 1320 4647 ή
1366 4578 1461 4632 τοῦ
1510 4579 1820 4651 στρατηγοῦ
1854 4566 1898 4621 Ῑ)

236 4663 433 4733 γνώμη
468 4664 566 4718 καὶ
602 4663 968 4722 ἀπευθύνεται
1004 4668 1102 4721 καὶ
1124 4667 1437 4723 τελειοῦται.

308 4845 371 4899 ε’.
413 4845 575 4899 Λιτὺν
608 4846 687 4910 δὲ,
714 4845 1009 4916 ἀπέριττον
1042 4846 1170 4917 περὶ
1203 4846 1305 4909 τὰς
1334 4848 1525 4918 χρείας
1545 4865 1559 4880 ·
1592 4848 1684 4902 καὶ
1715 4850 1824 4924 γὰρ

239 4937 703 4996 καταδαπανῶσιν
735 4939 790 4991 at
818 4936 1135 4999 πολυτελεῖς
1168 4938 1263 4992 καὶ
1285 4938 1482 4993 πολλαὶ
1510 4939 1821 5011 θεραπεῖαι,

238 5029 343 5083 καί¹
367 5032 559 5099 χρόνον
591 5030 878 5098 ἄπρακτον
907 5016 1002 5083 καὶ
1024 5028 1333 5097 ἀναγκαίας
1357 5030 1575 5095 ἐξόδους
1607 5033 1688 5096 είς
1725 5033 1825 5103 τὴν

240 5125 357 5179 τῶν
390 5124 671 5194 ἀρχόντων
697 5125 931 5195 τρυφήν.

317 5305 397 5370 ς’.
441 5303 817 5374 ’Υπομένοντα
844 5304 971 5365 τοὺς
1004 5302 1223 5365 πόνους,
1253 5301 1340 5355 ἵνα
1372 5300 1449 5372 μὴ
1479 5300 1700 5372 πρῶτος
1718 5302 1829 5356 τῶν

243 5395 701 5467 στρατευομένων
726 5395 825 5457 τὰς
850 5393 1190 5454 ἀναπαύσεις
1222 5391 1480 5463 ἐπιζητῇ,
1514 5391 1652 5445 ἀλλὰ
1676 5390 1833 5460 γίνη-

240 5505 339 5541 ται
368 5487 557 5549 αὐτοῖς
584 5488 785 5557 μᾶλλον
803 5484 967 5540 εἰκὼν
992 5482 1127 5553 πρὸς
1153 5482 1216 5538 τὸ
1242 5485 1505 5553 γενναίως
1528 5483 1830 5555 ὑποφέρειν

241 5586 373 5649 τοὺς
408 5584 628 5646 πόνους.

1910 3306 2156 3378 jusmodi
2209 3306 2426 3361 lucrum
2481 3306 2749 3372 intentus,
2822 3319 2932 3359 non
2988 3304 3143 3373 parvi
3190 3303 3385 3370 animi,
3437 3312 3495 3357 et

1915 3396 2153 3451 minutas
2217 3410 2308 3451 res
2373 3405 2674 3471 expetens,
2738 3394 2976 3464 denique
3043 3408 3309 3463 generoso
3376 3401 3491 3447 tum

1913 3489 2097 3543 animo
2128 3497 2241 3542 tum
2292 3501 2558 3557 corpore,
2592 3485 2773 3557 quoad
2814 3486 2934 3556 ejus
2962 3485 3078 3541 fieri
3117 3492 3317 3557 potest,
3348 3492 3401 3539 et
3436 3484 3491 3539 in

1914 3581 2169 3637 erunibus
2198 3580 2603 3651 magnanimus.

1982 3674 2039 3727 2.
2074 3672 2459 3728 Continentem
2505 3685 2628 3726 esse
2676 3671 3066 3741 imperatorem
3121 3678 3371 3738 oportet,
3426 3685 3495 3723 ne

1917 3764 2286 3834 voluptatibus
2315 3763 2483 3819 nimis
2521 3762 2794 3827 difﬂuens,
2844 3778 3025 3817 rerum
3056 3760 3495 3815 necessariarum

1918 3868 2106 3909 curam
2134 3868 2200 3907 ac
2227 3851 2597 3922 provisionem
2628 3851 2868 3922 abjiciat.

1989 3945 2043 3998 5.
2088 3942 2513 4014 Temperantem
2560 3956 2713 4010 vero,
2743 3942 3006 4013 quoniam
3052 3944 3159 3996 tale
3202 3940 3493 4011 imperium

1919 4047 2279 4109 suscepturus
2315 4046 2420 4094 est.
2450 4038 2882 4108 Intemperantes
2914 4039 3059 4094 enim
3101 4049 3154 4092 et
3189 4036 3498 4093 libidinosae

1920 4132 2092 4187 animi
2139 4132 2523 4202 appetitiones,
2566 4114 2851 4201 'siquando
2882 4131 3026 4185 vires
3068 4130 3338 4200 ceperint.
3363 4143 3495 4199 pro-

1920 4232 2040 4294 pter
2066 4222 2284 4293 quidvis
2312 4222 2506 4292 agendi
2540 4221 2817 4276 licentiam
2855 4221 2910 4275 in
2949 4235 3145 4277 omnes
3176 4219 3499 4290 cupiditates

1921 4315 2190 4371 infrenate
2219 4323 2410 4370 ruunt.

1994 4408 2050 4461 4.
2095 4405 2351 4462 Sobrium
2393 4412 2577 4459 autem
2633 4405 3045 4474 et'vigilantem
3076 4417 3135 4459 ut
3168 4404 3223 4458 in
3260 4402 3505 4459 maximo

1927 4496 2169 4552 acierum
2230 4502 2499 4565 apparatu
2562 4494 2746 4548 animo
2807 4495 2963 4563 quasi
3022 4494 3276 4549 excubet.
3334 4492 3504 4548 Nocte

1925 4587 2071 4643 enim
2107 4585 2326 4655 quando
2357 4585 2576 4639 animus
2612 4584 2853 4638 maxime
2899 4584 3215 4654 requiescit,
3267 4585 3504 4653 impera-

1930 4678 2067 4732 toris
2104 4691 2249 4746 saepe
2300 4674 2572 4729 sententia
2621 4675 2896 4731 versando
2924 4683 3188 4740 mutatur,
3223 4688 3367 4743 saepe
3405 4688 3504 4728 co-

1927 4768 2151 4839 gitando
2178 4767 2558 4823 conﬁrmatur.

2001 4861 2055 4915 5.
2098 4858 2262 4928 Frugi
2293 4867 2348 4915 et
2391 4860 2444 4914 in
2470 4861 2661 4917 usibus
2690 4857 3019 4915 necessariis
3041 4870 3150 4910 non
3185 4856 3348 4910 nimis
3378 4870 3504 4922 pro.

1928 4951 2134 5006 fusum.
2202 4952 2520 5021 Sumptuosi
2581 4951 2729 5005 enim
2777 4960 2831 5004 et
2886 4951 3134 5017 ingentes
3181 4946 3502 5010 famulatus,

1936 5053 2153 5114 tempus
2178 5053 2237 5097 ut
2266 5044 2505 5099 inaniter
2538 5042 2870 5112 transigatur
2902 5040 3128 5103 faciunt,
3159 5049 3215 5094 et
3255 5038 3402 5107 quod
3437 5040 3504 5092 ad

1936 5136 2276 5190 necessarias
2327 5133 2736 5203 expeditionum
2787 5143 3055 5201 expensas
3112 5126 3504 5184 conferendum

1937 5227 2061 5293 fuit,
2094 5226 2159 5281 ad
2194 5225 2419 5282 delicias
2451 5226 2750 5296 luxumque
2783 5223 3161 5294 praefectorum
3193 5226 3503 5276 assumunt.

2007 5318 2061 5372 6.
2103 5317 2435 5373 lndustrinm
2487 5324 2710 5382 autem,
2769 5325 2829 5371 ut
2883 5330 2954 5371 ne
3000 5315 3212 5384 primus
3269 5312 3504 5366 militum

1934 5408 2107 5462 otium
2134 5413 2395 5473 sectetur,
2428 5406 2523 5461 sed
2556 5408 2864 5476 exemplum
2895 5406 3078 5477 potius
3116 5403 3209 5458 ﬁat
3244 5402 3311 5457 ad
3350 5401 3501 5456 labo-

1936 5513 2027 5554 res
2050 5497 2305 5553 alacriter
2343 5497 2743 5566 suscipiendos.

1754 5692 1987 5751 NOTVS.

331 5788 407 5859 (9)
454 5787 543 5851 Τῷ
558 5788 1056 5859 εὐδοκιμήσαντα.
1091 5788 1282 5843 Scribe
1305 5788 1365 5841 τὸ
1392 5787 1496 5840 εύδ.

319 5858 437 5932 (10)
484 5859 829 5928 Χρημάτων.
864 5858 1054 5916 Scribe
1077 5860 1403 5930 χρωμάτων.

2006 5784 2117 5855 (ll)
2150 5784 2511 5853 Πραπαῖδον.
2548 5783 2735 5841 Scribe
2767 5783 2973 5854 πατέρα
3008 5781 3226 5836 παίδων.
