4022 6432
521 419 628 483 683

1783 425 2056 486 LEONIS
2084 426 2545 489 PHILOSOPHI

3682 425 3787 487 684

597 534 646 587 7.
675 533 1143 603 Circumspectum
1170 539 1225 587 et
1260 531 1604 602 prudentem.
1640 532 1910 588 Solertem
1952 534 2097 587 enim

2274 537 2340 601 ζ’.
2377 538 2638 608 Νοήμονα
2667 537 2724 591 δὲ
2756 537 2849 590 καὶ
2884 536 3165 606 φρόνιμον.
3210 535 3366 599 Ὀξὺν
3403 534 3509 603 γὰρ
3557 532 3794 587 εἶναιδεῖ

524 635 739 693 oportet
779 639 902 681 esse
937 626 1351 696 imperatorem,
1397 625 1453 682 in
1493 640 1685 681 omnes
1730 635 1915 696 partes
1952 626 2104 696 cogi-

525 707 787 773 tationem
862 717 1036 772 animi
1092 717 1330 788 quadam
1389 717 1672 773 celeritate
1736 724 2102 772 versantem:

524 807 966 879 perturbationes
988 809 1132 864 enim
1164 809 1460 878 inopinatae
1499 824 1623 862 eum
1662 807 1932 873 incidunt,
1970 824 2107 864 con-

525 900 706 959 festim
743 899 1026 967 praesentis
1069 900 1258 954 auxilii
1288 899 1752 969 excogitationem
1787 898 2105 967 requirunt.

596 995 649 1049 8.
690 992 944 1048 Pecunia:
995 991 1405 1061 despicientem.
1452 988 1667 1043 Etenim
1715 989 1961 1058 pecunia:
2009 988 2107 1043 de-

526 1085 816 1155 spicientia
841 1083 897 1138 in
928 1084 1257 1153 imperatore
1289 1080 1555 1143 cernitur,
1580 1079 1799 1148 quando
1826 1078 2107 1133 abstinen-

529 1184 613 1229 ter
644 1184 698 1228 et
726 1172 1013 1244 magniﬁce
1041 1172 1204 1226 rebus
1238 1170 1491 1240 gerendis
1526 1178 1742 1238 praeest,
1775 1176 1830 1223 et
1874 1168 2110 1221 honores

526 1264 756 1321 bellicos
805 1264 1030 1318 virtutis
1092 1262 1401 1316 mercedem
1458 1248 1575 1315 suis
1630 1259 1907 1329 proponit.
1959 1257 2108 1312 Multi

527 1354 676 1409 enim
728 1364 784 1409 et
839 1354 1027 1407 animo
1078 1351 1207 1407 forti
1262 1363 1411 1417 sunt,
1466 1362 1522 1406 et
1566 1364 1794 1420 corpore
1848 1349 2112 1405 adversus

527 1448 719 1509 hostes
764 1446 989 1501 robusto
1022 1460 1036 1499 :
1069 1444 1164 1500 sed
1198 1445 1416 1513 quando
1468 1444 1522 1497 in
1580 1458 1777 1497 aurum
1808 1442 2109 1506 intuentur,

529 1549 772 1595 mentem
813 1548 1141 1595 occaecatam
1200 1538 1501 1608 cupiditate
1550 1544 1717 1605 atque
1762 1535 2112 1591 obscuratam

530 1630 775 1685 habent:
830 1630 1015 1697 gravia
1050 1629 1195 1683 enim
1249 1643 1399 1681 arma
1453 1634 1585 1683 sunt
1622 1626 1706 1680 hae
1751 1624 2112 1695 pecuniarum

530 1722 874 1792 ciipiditates,
904 1730 959 1777 et
998 1722 1066 1777 ad
1129 1721 1531 1794 oppugnandos
1580 1730 1747 1790 atque
1790 1717 2115 1773 evertendas

529 1810 784 1867 homines
815 1811 1079 1866 efficacia.

611 1902 665 1956 9.
693 1899 881 1971 Neque
905 1900 1162 1971 juvenem
1198 1916 1377 1972 neque
1410 1908 1569 1956 aetate
1605 1900 2070 1971 ingravescentem
2098 1914 2113 1963 ;

529 1994 791 2062 quoniam
837 1993 1056 2062 juvenis
1097 2003 1321 2064 propter
1357 2002 1595 2061 aetatem,
1628 1993 2039 2047 inconstantem
2060 1999 2116 2045 et

528 2078 821 2135 ﬂexibilem
853 2080 1015 2136 habet
1060 2092 1295 2137 mentem
1332 2100 1346 2135 :
1399 2097 1565 2137 senex
1610 2090 1794 2136 autem
1840 2080 2115 2135 imbecillo

528 2178 613 2231 est
641 2185 894 2241 corpore,
929 2182 984 2226 et
1032 2172 1217 2226 nullus
1268 2187 1335 2227 ex
1391 2172 1497 2227 illis
1543 2186 1680 2241 pene
1725 2171 1916 2225 firmus
1953 2169 2103 2225 exsi-

528 2264 628 2318 stit
657 2281 670 2318 :
701 2273 756 2318 et
804 2263 897 2318 ille
937 2264 1157 2333 quidem
1194 2274 1252 2319 ut
1290 2280 1358 2320 ne
1382 2274 1605 2335 propter
1638 2264 2099 2319 inconsideratam

530 2355 889 2410 temeritatem
922 2356 1077 2425 quasi
1110 2357 1288 2411 audax
1320 2357 1554 2422 labatur,
1595 2356 1680 2411 hic
1709 2370 1839 2410 vero
1868 2370 1936 2410 ne
1969 2371 2095 2425 pro-

528 2454 650 2517 pter
689 2448 990 2505 naturalem
1026 2448 1456 2503 imbecillitatem
1489 2447 1759 2516 corporis,
1795 2463 1918 2516 quae
1970 2447 2114 2502 facto

531 2553 675 2608 opus
726 2546 854 2594 sunt
907 2538 1325 2608 pratermittere
1372 2548 1620 2607 cogatur.
1680 2536 1896 2605 Optime
1948 2537 2114 2607 igitur

530 2631 727 2686 electio
755 2638 842 2687 est
864 2630 1173 2686 constantis
1203 2637 1258 2685 et
1288 2627 1482 2684 mediae
1504 2628 1705 2692 aetatis,
1741 2643 1849 2683 non
1897 2627 2113 2697 juvenis

531 2731 629 2777 aut
655 2721 832 2777 aetatis
864 2720 1318 2793 ingravescentis.

619 2814 708 2869 10.
737 2813 954 2870 Etenim
993 2814 1075 2870 vis
1102 2822 1157 2869 et
1188 2814 1356 2869 robur
1402 2821 1487 2869 est
1538 2813 1594 2868 in
1622 2828 1710 2879 eo,
1747 2815 1840 2885 qui
1874 2814 2110 2870 nondum

527 2904 841 2969 consenuit,
880 2901 1170 2973 prudentia
1207 2911 1390 2957 autem
1418 2909 1473 2956 et
1512 2902 1786 2957 stabilitas
1820 2902 1873 2957 in
1905 2918 1991 2962 eo.
2018 2902 2113 2973 qui

527 3008 599 3050 ex
626 2992 992 3049 adolescentia
1018 2992 1273 3048 excessit.
1309 2989 1557 3062 Namque
1584 2992 1678 3061 qui
1719 2992 1889 3047 robur
1916 3008 2114 3063 corpo-

528 3086 610 3150 ris
656 3085 776 3141 sine
830 3085 1117 3155 prudentia
1160 3084 1329 3139 animi
1356 3084 1723 3148 admirantur,
1774 3086 1860 3139 vel
1917 3094 2113 3141 contra

2206 634 2298 687 τὸν
2328 633 2632 704 στρατηγὸν
2666 631 2940 702 πανταχοῦ
2975 629 3447 702 περιφέροντατὺν
3477 631 3678 682 σκοπὸν
3701 629 3787 682 διὰ

2208 727 2487 796 ταχύτητα
2519 724 2731 795 ψυχῆς·
2769 722 3027 786 πολλάκις
3050 722 3173 792 γὰρ
3211 723 3568 790 ἀνυπονόητοι
3614 737 3788 789 ταρα-

2210 817 2305 886 χαὶ
2335 816 2743 886 προσπεσοῦσαι
2770 815 2901 886 παρ’
2942 813 3072 868 εὐθὺ
3119 814 3193 883 ,τδ
3224 813 3503 883 συμφέρον
3554 813 3788 865 ἐπινοεῖν

2210 907 2638 976 ἀναγκάζουσιν.

2280 1002 2353 1062 η’.
2404 996 2802 1066 Ἀφιλάργυρον
2829 994 2907 1049 δέ.
2936 994 3046 1049 Καὶ
3080 992 3190 1063 γὰρ
3230 995 3263 1062 ἡ
3294 991 3665 1063 ἁφιλαργυρία
3698 990 3790 1045 τοῦ

2212 1088 2521 1159 στρατηγοῦ
2560 1087 2934 1157 δοκιμάζεται,
2964 1087 3092 1140 ὅταν
3116 1085 3537 1156 ἀδωροδοκήτως
3566 1085 3661 1137 καὶ
3695 1101 3791 1154 με-

2212 1177 2563 1247 γαλοφρόνως
2616 1176 2945 1248 προΐσταται
3012 1175 3121 1227 τῶν
3182 1174 3550 1243 πραγμάτων,
3607 1174 3703 1226 καὶ
3728 1174 3794 1225 δι’

2213 1269 2416 1341 ἀρετὴν
2450 1271 2616 1339 μόνην
2656 1270 2865 1338 δωρεὰν
2912 1265 3273 1337 προϐάλλεται
3326 1266 3424 1326 τὰς
3478 1265 3655 1335 ἀρχὰς
3703 1264 3795 1317 τοῦ

2214 1360 2306 1413 ὑπ’
2329 1358 2490 1413 αὐτὸν
2522 1359 2777 1429 θέματος.
2806 1357 2999 1411 Πολλοὶ
3027 1358 3137 1428 γὰρ
3163 1356 3259 1410 καὶ
3296 1356 3532 1427 ἀνδρεῖοί
3572 1358 3679 1408 είσι
3728 1358 3792 1426 τῇ

2213 1451 2383 1522 ψυχῇ,
2412 1452 2506 1505 καὶ
2534 1450 2804 1520 ῥωμαλέοι
2861 1449 2941 1520 τῷ
2996 1448 3211 1519 σώματι
3250 1448 3392 1502 κατά
3426 1448 3535 1499 τῶν
3564 1446 3794 1518 ἐχθρῶν,

2215 1544 2335 1597 ἀλλ’
2359 1544 2488 1597 ὅταν
2512 1542 2873 1611 ἀντιϐλέψωσι
2900 1541 3037 1612 πρὸς
3053 1541 3275 1611 χρυσὸν,
3303 1540 3452 1609 ἀμαυ
3460 1538 3681 1610 ροῦνται
3703 1540 3797 1593 καὶ

2218 1634 2577 1699 σκοτίζονται.
2609 1634 2793 1686 Δεινὸν
2821 1633 2930 1702 γὰρ
2954 1632 3117 1687 ὅπλον
3168 1630 3473 1702 στρατηγοῦ
3532 1629 3797 1701 φιλαργυ-

2220 1725 2340 1795 ρία,
2400 1724 2494 1778 καὶ
2555 1722 2943 1794 ἐνεργέστατον
2971 1723 3054 1786 είς
3099 1721 3159 1774 τὸ
3188 1721 3409 1791 νικῆσαι
3460 1720 3650 1773 τοῦτον
3704 1720 3796 1772 καὶ

2218 1802 2564 1869 καταδαλεῖν.

2288 1907 2353 1961 θ’.
2387 1904 2525 1959 Οῦτε
2552 1906 2609 1959 δὲ
2641 1906 2761 1960 νέον
2794 1900 2955 1967 εἶναι,
2996 1904 3119 1957 οὔτε
3142 1903 3375 1975 γέροντα
3395 1920 3409 1934 ·
3443 1902 3628 1971 ἐπειδὴ
3653 1904 3681 1955 ὁ
3704 1903 3798 1971 μὲν

2215 2000 2335 2063 νέος
2357 2000 2586 2054 ἄπιστον
2614 1998 2728 2069 ἔχει
2760 1998 2855 2051 καὶ
2885 1998 3118 2069 ἄστατον
3150 1995 3404 2065 φρόνημα
3436 1993 3525 2047 διὰ
3552 1993 3651 2063 τὴν
3681 1994 3796 2045 νεό-

2214 2109 2373 2161 τητα,
2404 2092 2434 2144 ὁ
2456 2091 2513 2144 δὲ
2539 2090 2717 2160 γέρων
2740 2088 2973 2159 ἀσθενής
2995 2089 3112 2140 ἔστι
3142 2086 3219 2155 τῷ
3255 2086 3465 2153 σώματι
3490 2086 3584 2137 καὶ
3624 2083 3799 2147 οὐδεὶς

2214 2184 2395 2238 αὐτῶν
2438 2181 2713 2252 ἀσφαλής·
2741 2181 2770 2233 ὁ
2804 2180 2922 2251 μὲν,
2969 2179 3056 2232 ἵνα
3088 2178 3161 2249 μὴ
3200 2179 3399 2247 πταίσῃ
3433 2177 3520 2229 διὰ
3548 2176 3646 2246 τὴν
3670 2175 3796 2229 ἀλὸ-

2213 2291 2399 2343 γιστον
2420 2274 2626 2342 τόλμαν
2650 2272 2839 2342 ὥσπερ
2866 2271 3095 2341 θρασὺς,
3125 2271 3153 2322 ὁ
3183 2268 3239 2321 δὲ
3260 2269 3458 2339 γέρων.
3486 2268 3572 2320 ἵνα
3606 2269 3679 2337 μὴ
3710 2267 3797 2320 διά

2213 2365 2313 2435 τὴν
2342 2363 2578 2433 φυσικὴν
2611 2361 2896 2415 ἀσθένειαν
2940 2359 3165 2429 ἐλλείπῃ
3200 2358 3281 2419 είς
3319 2356 3391 2410 τὰ
3452 2355 3644 2409 δέοντα
3678 2356 3788 2408 τῶν

2215 2456 2577 2526 πραγμάτων.
2600 2454 2875 2524 Καλλίστη
2891 2454 2946 2507 δὲ
2964 2452 3162 2522 ἐκλογὴ
3185 2450 3277 2503 τοῦ
3306 2448 3492 2519 μέσον,
3516 2449 3652 2519 μήτε
3676 2449 3795 2501 νέου

2214 2548 2401 2613 ὄντος,
2415 2548 2550 2617 μήτε
2584 2545 2860 2615 γέροντος.

2287 2820 2338 2867 ι’.
2368 2812 2477 2864 Kal
2505 2812 2613 2882 γὰρ
2645 2810 2703 2863 τὸ
2735 2810 2959 2864 δυνατὸν
2999 2809 3093 2862 καὶ
3119 2807 3401 2880 ῥωμαλέον
3438 2808 3496 2861 ὲν
3522 2806 3602 2879 τῷ
3630 2808 3801 2877 μήπω

2214 2903 2566 2976 γεγηρακότι,
2618 2902 2675 2956 τὸ
2709 2902 2767 2955 δὲ
2805 2900 3067 2972 φρόνιμον
3094 2901 3187 2954 καὶ
3210 2899 3479 2970 σταθηρδν
3512 2900 3572 2953 ὲν
3604 2898 3685 2969 τῷ
3723 2898 3800 2971 μὴ

2216 2996 2357 3050 πάνυ
2413 2993 2679 3059 νεάζοντι.
2737 2993 2847 3048 Kal
2879 2992 3065 3063 μέντοι
3127 2991 3323 3054 οἵτινες
3359 2990 3513 3060 ίσχὺν
3545 2989 3803 3059 σώματος

2214 3089 2342 3143 ἄνευ
2373 3086 2689 3159 φρονήσεως
2724 3084 3066 3154 θαυμάζωσι
3084 3082 3345 3153 ψυχικῆς,
3370 3082 3403 3154 ἢ
3431 3081 3593 3138 πάλιν
3619 3080 3803 3150 ψυχὴν

530 3177 773 3233 animam
808 3175 1135 3246 prudentem
1179 3176 1389 3246 absque
1416 3176 1669 3245 corporis
1698 3176 1909 3231 viribus
1935 3176 2110 3230 extol-

2226 3179 2481 3250 φρόνιμον
2504 3178 2633 3231 ἄνευ
2670 3177 2990 3248 σωματικῆς
3024 3175 3336 3245 δυνάμεως,
3380 3174 3534 3227 οὐδὲν
3569 3172 3806 3243 ἐνόησαν

530 3270 671 3335 lunt,
710 3270 778 3325 ad
810 3269 1021 3324 nullum
1055 3270 1259 3323 bonum
1309 3266 1515 3322 exitum
1571 3267 1916 3337 perveniunt.
1969 3265 2108 3321 Pru-

530 3363 715 3418 dentia
752 3362 897 3418 enim
933 3361 980 3417 si
1023 3360 1232 3416 viribus
1274 3359 1580 3426 deiiciatur,
1620 3358 1756 3413 nihil
1780 3359 2110 3429 pulchrum;

533 3456 677 3511 vires
707 3470 834 3511 vero
864 3454 1152 3526 prudentia
1206 3452 1484 3509 destitutae
1532 3452 1667 3507 nihil
1719 3468 1945 3522 prorsus
1995 3452 2111 3508 elli-

536 3550 714 3614 ciunt,

604 3641 695 3697 11.
743 3639 984 3696 Charum
1021 3638 1285 3709 subjectis
1330 3638 1447 3694 suis
1498 3639 1905 3708 imperatorem,
1955 3636 2113 3707 longe

533 3734 858 3791 nobiliorem
894 3734 1104 3789 scimus
1138 3748 1283 3799 esse,
1328 3733 1541 3801 hocque
1572 3746 1904 3802 magnopere
1929 3731 2113 3800 subje-

534 3824 639 3881 etis
676 3824 994 3893 adjumento
1042 3832 1147 3879 est.
1208 3822 1381 3889 Quem
1428 3821 1680 3877 homines
1727 3822 1977 3891 diligunt,
2036 3820 2114 3876 illi

530 3917 825 3989 imperanti
856 3916 1015 3972 facile
1041 3916 1443 3986 obtemperant,
1476 3913 1680 3969 dicenti
1720 3920 1775 3968 et
1812 3912 2113 3983 paciscenti

530 4024 645 4066 non
683 4007 971 4073 resistunt,
1025 4005 1357 4078 periclitanti
1409 4011 1762 4061 succurrunt.
1806 4001 1978 4058 Tanta
2024 4019 2115 4059 res

530 4110 618 4158 est
641 4115 820 4165 amor,
862 4109 926 4156 ut
976 4115 1077 4170 pro
1122 4114 1212 4165 eo,
1257 4112 1428 4169 quem
1473 4083 1703 4153 charum
1752 4096 1879 4166 quis
1928 4095 2109 4159 habet,

530 4193 699 4248 vitam
736 4192 1049 4262 profundat.

615 4284 706 4339 12.
740 4283 901 4338 Pater
932 4282 1230 4337 liberorum
1260 4280 1678 4351 anteponendus
1715 4290 1798 4335 est
1839 4278 2001 4332 ell‘eto
2029 4286 2112 4331 at-

534 4390 642 4447 que
678 4376 836 4431 orbo.
870 4372 1058 4444 Neque
1095 4388 1225 4429 vero
1264 4374 1457 4429 orbum
1499 4372 1690 4429 liberis
1735 4372 2110 4441 repudiamus,

534 4470 581 4525 si
612 4468 788 4523 bonus
820 4467 914 4522 sit.
952 4465 1088 4520 Nam
1123 4465 1216 4536 qui
1261 4466 1463 4521 liberos
1504 4465 1666 4519 habet
1715 4464 2033 4534 imperator,
2067 4464 2112 4517 si

2216 3273 2370 3334 τέλος
2399 3270 2621 3339 ἀγαθόν.
2660 3270 2769 3322 Καὶ
2807 3269 2977 3339 γὰρὴ
3014 3267 3278 3338 φρόνησις
3326 3267 3674 3336 ὑστερήσασα
3713 3263 3807 3317 δυ·

2217 3361 2434 3430 νάμεως
2455 3359 2606 3413 οὐδὲν
2639 3359 2945 3429 ὠφέλησεν,
2977 3358 3205 3427 δύναμις
3236 3359 3562 3427 στερηθεῖσα
3596 3357 3806 3427 φρονή-

2221 3469 2359 3517 σεως
2387 3452 2540 3506 οὐδὲν
2568 3451 2871 3506 ἐτελείωσε.

2291 3639 2381 3686 ια’.
2415 3629 2805 3701 ’Δγαπώμενον
2824 3630 2881 3683 δὲ
2905 3630 3058 3700 παρὰ
3081 3629 3190 3682 τῶν
3215 3629 3474 3699 ὑπηκόων
3490 3631 3582 3682 τὸν
3603 3646 3810 3699 στρατο

2219 3723 2351 3795 ηγδν
2376 3723 2806 3793 εὐδοκιμώτερον
2851 3721 3009 3790 ῐσμεν
3037 3721 3287 3789 γίνεσθαι
3314 3720 3455 3773 ·-καὶ
3490 3719 3599 3789 γὰρ
3631 3722 3810 3790 μεγά-

2217 3814 2285 3868 λα
2317 3813 2444 3877 τοὺς
2476 3813 2810 3883 ἀρχομένους
2826 3810 3132 3881 ὠφελήσει.
3181 3811 3404 3863 Ὀντινα
3451 3809 3558 3879 γὰρ
3587 3808 3808 3879 ἀνθρως

2220 3923 2311 3964 ποι
2340 3903 2576 3975 φιλοῦσι,
2602 3901 2778 3974 τούτῳ
2802 3902 3145 3957 ὲπιτάττοντι
3181 3902 3283 3972 μὲν
3321 3902 3458 3971 ταχὺ
3497 3901 3806 3967 πείθονται,

2218 3997 2433 4064 λέγοντι
2472 3996 2530 4048 δὲ
2563 3997 2652 4049 καὶ
2688 3993 3105 4066 ὑπισχνουμένῳ
3158 3994 3261 4047 οὐκ
3292 3992 3601 4057 ἀπιστοῦσι,
3621 3992 3810 4046 κινδυ.

2220 4085 2506 4143 νεύοντιδὲ
2545 4084 3025 4153 συναγωνίζονται.
3079 4082 3335 4137 Τοιοῦτον
3355 4081 3466 4153 γὰρ
3513 4083 3546 4151 ἡ
3583 4082 3807 4152 ἀγάπη,

2219 4176 2280 4231 τὸ
2310 4176 2518 4231 τιθέναι
2547 4177 2648 4246 τὴν
2675 4176 2857 4245 ψυχὴν
2901 4175 3044 4245 ὑπὲρ
3070 4174 3164 4228 τοῦ
3191 4173 3541 4245 φιλουμένου.

2294 4270 2379 4340 ιβ’.
2418 4270 2638 4339 Πατέρα
2682 4267 2739 4320 δὲ
2794 4266 3003 4321 παίδων
3071 4266 3442 4338 προκρίνομεν
3494 4265 3731 4335 μᾶλλον,
3772 4266 3809 4336 ἢ

2219 4362 2445 4425 ἄπαιδα,
2477 4359 2598 4413 οὐδὲ
2620 4358 2711 4412 τὸν
2746 4359 2821 4429 μὴ
2873 4357 3065 4428 ἔχοντα
3104 4358 3301 4421 παῖδας
3348 4357 3810 4427 παραιτούμενοι,

2220 4455 2315 4508 ἐάν
2351 4456 2466 4508 ἐστι
2504 4451 2728 4519 ἀγαθός.
2758 4451 2865 4503 Kal
2897 4449 3007 4519 γὰρ
3032 4450 3061 4502 ὁ
3089 4450 3285 4513 παῖδας
3311 4448 3451 4519 ἔχων
3473 4450 3805 4521 στρατηγὸς,

538 4561 778 4617 infantes
804 4559 1029 4622 fuerint,
1050 4559 1211 4630 longe
1250 4558 1532 4613 ardentior
1567 4564 1792 4626 propter
1819 4555 2111 4610 liberorum

2226 4548 2268 4598 εί
2301 4545 2401 4615 μὲν
2432 4541 2678 4614 νηπίους,
2715 4541 3043 4612 θερμότερος
3092 4541 3300 4610 γίνεται
3333 4542 3461 4612 περὶ
3506 4542 3604 4611 τὴν
3634 4559 3814 4595 σπου-

538 4669 779 4710 amorem
816 4654 883 4709 ad
932 4652 1173 4708 studium
1219 4664 1403 4705 rerum
1438 4648 1776 4718 agendarum
1811 4644 2115 4714 suscipien-

537 4745 669 4798 dum
703 4743 827 4797 erit.
879 4738 936 4795 Si
973 4755 1101 4794 vero
1139 4736 1415 4793 constanti
1449 4735 1562 4805 jam
1610 4743 1665 4789 et
1710 4740 1922 4787 matura
1955 4739 2117 4787 aetate

538 4835 763 4900 fuerint,
813 4830 1147 4896 consiliarii,
1183 4838 1239 4885 et
1271 4827 1472 4883 laboris
1503 4824 1846 4895 imperatorii
1886 4824 2114 4893 partici-

538 4940 636 4997 pes
665 4933 721 4979 et
758 4924 944 4980 fideles
983 4921 1316 4985 administri,
1367 4933 1457 4973 res
1486 4932 1587 4987 pro
1618 4914 1896 4971 communi
1940 4914 2117 4968 salute

480 5056 495 5076 .
541 5024 826 5085 susceptas
852 5013 1270 5084 promovebnnt.
1303 5010 1492 5079 Itaque
1521 5008 1625 5068 hac
1659 5005 1729 5062 de
1754 5020 1922 5061 causa
1966 5014 2120 5075 pater

541 5108 680 5164 orbo
710 5108 924 5163 videtur
951 5103 1384 5175 anteponendus.

608 5286 701 5339 15.
761 5281 844 5338 Ad
901 5279 1194 5337 dicendum
1276 5288 1332 5333 et
1386 5274 1751 5347 perorandum
1808 5272 2044 5328 habilem
2100 5290 2113 5325 :

539 5384 677 5446 puto.
696 5375 841 5430 enim
872 5373 979 5432 hoc
1018 5370 1255 5426 maxime
1296 5369 1595 5424 exercitum
1650 5365 1928 5435 adjuvare.
1979 5361 2117 5417 Nam

542 5468 872 5524 instructum
927 5464 996 5519 ad
1042 5476 1279 5535 pugnam
1333 5460 1636 5517 exercitum
1690 5457 1986 5525 imperator
2021 5469 2116 5510 co—

541 5559 854 5615 hortatione
876 5572 977 5612 sua
1010 5556 1078 5614 ad
1109 5554 1477 5625 periculorum
1518 5549 1823 5616 mortisque
1864 5552 2112 5599 contem-

542 5651 809 5723 ptionem,
853 5659 909 5707 et
961 5650 1027 5713 ad
1092 5664 1276 5704 rerum
1343 5647 1695 5703 honestarum
1756 5638 2116 5709 suaviumun

2216 4637 2310 4709 δὴν
2340 4635 2446 4690 τῶν
2475 4637 2531 4688 ὲν
2556 4633 2634 4703 τῷ
2664 4633 2763 4705 βίῳ
2791 4633 3151 4704 πραγμάτων,
3190 4634 3330 4704 ὑπὲρ
3352 4628 3452 4704 τῆς
3466 4635 3573 4686 τῶν
3596 4635 3812 4690 παίδων

2221 4728 2402 4797 φιλίας
2440 4726 2532 4779 καὶ
2570 4726 2874 4795 εὐπραγίας
2916 4726 3338 4794 ἀγωνιζόμενος.
3392 4726 3457 4779 Εί
3513 4727 3569 4780 δὲ
3604 4726 3808 4780 τέλειοι

2220 4821 2318 4889 τῂν
2352 4818 2591 4888 ἡλικίαν,
2622 4816 2913 4886 σύμὸουλοι
2947 4818 3042 4869 καὶ
3073 4818 3436 4888 συστράτηγοι
3484 4820 3577 4871 καὶ
3620 4821 3815 4872 πιστοὶ

2221 4912 2493 4981 ὑπηρέται
2520 4910 2805 4978 γενόμενοι
2829 4908 3260 4979 συγκατορθοῦσι
3288 4909 3367 4977 τῷ
3393 4911 3561 4981 πατρὶ
3603 4910 3672 4964 τά
3706 4927 3815 4981 με-

2226 5003 2646 5075 ταχειριζόμενα
2678 5001 2819 5073 ὑπὲρ
2854 5001 3041 5071 κοινῆς
3072 5002 3341 5073 σωτηρίας
3366 5004 3690 5074 πράγματα.
3722 5005 3793 5055 Δι

2225 5096 2254 5148 ὃ
2295 5095 2493 5166 μᾶλλον
2535 5095 2683 5147 δοκεί
2727 5092 2821 5148 τοῦ
2883 5092 3113 5156 ἄπαιδος
3148 5095 3178 5147 ὁ
3216 5093 3412 5157 παῖδας
3447 5093 3586 5163 ἔχων
3616 5108 3816 5163 προτι-

2229 5188 2457 5258 μότερος
2488 5183 2647 5241 εἶναι.

2298 5286 2386 5349 ιγ’.
2412 5280 2603 5347 Δέγειν
2624 5279 2681 5332 δὲ
2704 5281 2796 5332 καὶ
2826 5280 3154 5351 δημηγορεῖν
3178 5278 3359 5332 ἱκανόν
3377 5293 3393 5308 ·
3428 5274 3665 5347 ἠγοῦμαι
3694 5274 3813 5344 γὰρ

2224 5372 2291 5425 τὰ
2323 5370 2557 5441 μέγιστα
2600 5371 2828 5440 ὠφελεῖν
2859 5372 2948 5424 διὰ
2976 5371 3167 5425 τούτου
3211 5370 3271 5422 τὸ
3303 5368 3640 5438 στράτευμα.
3678 5367 3815 5418 Ἐάν

2223 5479 2283 5514 τε
2303 5461 2411 5531 γὰρ
2440 5462 2855 5532 παρατάσσηται
2876 5462 3010 5525 πρὸς
3044 5462 3224 5530 μάχην
3254 5457 3554 5529 στρατηγὸς
3587 5455 3676 5508 διὰ
3706 5457 3814 5524 τῆς

2219 5553 2313 5607 τοῦ
2346 5554 2554 5625 πύργου
2586 5554 3055 5624 παρακελεύσεως,
3094 5552 3202 5603 τῶν
3224 5552 3320 5620 μὲν
3340 5550 3445 5619 γὰρ
3471 5548 3641 5601 δεινὸν
3666 5547 3811 5616 (12),

2226 5644 2483 5709 πολλάκις
2525 5647 2615 5700 καὶ
2641 5646 2805 5699 αὐτοῦ
2849 5644 2939 5698 τοῦ
2974 5644 3206 5699 θανάτου
3245 5644 3388 5695 ποιεῖ
3419 5641 3810 5710 καταφρονεῖν,

2067 5734 2294 5791 ΝΟΤᾸΞ.

615 5832 724 5923 (12)
782 5836 1004 5888 Δεινον.
1040 5834 1225 5891 Scribe
1254 5835 1460 5889 δεινῶν.
