4022 6432
243 346 354 410 685

1346 344 1684 415 TACTICA.
1723 377 1791 392 -
1834 355 2342 421 CONSTITUTIO
2377 362 2459 423 II-.

3399 370 3509 434 686

242 458 356 512 τῶν
378 457 436 511 δὲ
474 457 655 513 καλῶν
679 458 773 513 καὶ
808 458 1054 527 γλυκέων
1116 460 1424 533 ἐπιθυμεῖν.
1481 466 1593 535 Οὐχ
1638 464 1818 529 ,οὕτως

1953 468 2162 525 tudium
2196 472 2449 528 adducet.
2484 471 2633 527 Tuba
2663 474 2809 529 enim
2856 474 2907 528 in
2939 475 3169 531 auribus
3216 476 3502 534 hominum

243 549 355 620 γὰρ
375 547 644 621 ὲνηχοῦσα
675 550 912 620 σάλπιγξ
952 554 1073 616 ταῖς
1109 553 1298 618 ἀκοαῖς
1318 554 1581 626 ἑξεγείρει
1603 556 1700 619 τὰς
1723 558 1823 625 ψυ-

244 640 348 710 χάς
376 639 457 702 είς
480 639 686 709 μάχην,
714 640 791 703 ὡς
811 640 969 709 λόγος
997 642 1143 712 μετὰ·
1168 645 1485 714 φρονήσεως
1533 645 1823 715 λεγόμενος

244 732 613 805 προτρέπεται
641 733 721 796 είς
750 733 970 805 ἀρετὴν,
1019 736 1114 788 καὶ
1150 736 1477 804 ἐναγωνίους
1525 739 1673 790 ποιεῖ
1698 738 1824 800 τοὺς

245 825 565 890 ἀκούοντας,
597 824 695 879 καὶ
717 824 973 897 ὲξανιστᾷ
996 827 1132 897 πρὸς
1169 828 1237 881 τά
1267 828 1418 882 δεινὰ
1456 829 1558 898 τὴν
1594 828 1825 884 ἔννοιαν.

322 1000 401 1057 ιδ’.
439 1001 565 1056 Ἐὰν
596 1002 655 1057 δὲ
687 1004 870 1075 συμϐῇ
904 1007 1151 1074 πταῖσμα
1179 1008 1311 1078 περὶ
1350 1008 1413 1061 τὸ
1445 1009 1825 1078 στρατόπεδον,

246 1098 284 1165 ἠ
307 1094 401 1148 τοῦ
425 1094 585 1164 λόγου
612 1096 925 1168 παρηγορία
958 1097 1059 1160 τὰς
1081 1098 1259 1169 ψυχὰς
1285 1099 1684 1170 ἀναρρωννύει.
1716 1101 1827 1154 Καὶ

246 1189 386 1242 πολὺ
413 1187 827 1259 χρησιμώτερός
882 1193 999 1243 ὲστι
1037 1191 1346 1261 στρατηγοῦ
1407 1191 1566 1261 λόγος
1606 1193 1829 1258 δυνατὸς

245 1280 390 1333 ὥστε
426 1280 925 1351 παραμυθήσασθαι
949 1283 1317 1353 στρατοπέδου
1348 1284 1659 1354 συμφορὰς,
1696 1285 1831 1353 μᾶλ-

247 1371 341 1424 λον
389 1370 500 1424 τῶν
544 1370 995 1440 ἐπιμελουμένων
1023 1373 1093 1427 τά
1134 1375 1434 1446 πράγματα
1459 1375 1572 1446 (15)
1605 1376 1828 1445 ἰατρῶν.

248 1464 318 1516 οι
351 1462 448 1532 μὲν
486 1462 596 1532 γὰρ
620 1463 865 1527 ἐκείνους
919 1465 1115 1534 μόνους
1156 1466 1285 1529 τοὺς
1323 1467 1830 1537 τραυματισθέντας

250 1555 618 1626 θεραπεύουσι
670 1557 792 1618 ταῖς
851 1556 1139 1627 ίατρείαις,
1194 1558 1292 1613 καὶ
1350 1558 1437 1613 διὰ
1468 1559 1662 1629 χρόνου
1690 1559 1830 1629 τάχα

250 1647 528 1710 πλείονος,
589 1648 619 1700 ό
660 1646 718 1699 δὲ
768 1649 901 1720 παρ’
929 1648 1060 1701 εὐθὺ
1100 1649 1195 1702 καὶ
1238 1650 1365 1714 τοὺς
1409 1649 1705 1714 πονοῦντας
1736 1650 1831 1703 καὶ

249 1739 378 1800 τοὺς
432 1738 713 1808 καμόντας
750 1738 1148 1809 εύθυμοτέρους
1204 1744 1369 1807 ποιεῖ,
1395 1742 1491 1796 καὶ⁵
1528 1744 1653 1806 τοὺς
1684 1744 1831 1813 ίσχυ·

251 1832 381 1900 pob;
405 1832 600 1903 ἀνιστᾲ
622 1832 762 1902 πρὸς
787 1833 1041 1904 ἀνδρείαν
1076 1834 1170 1888 καὶ
1192 1835 1480 1906 εὐψυχίαν.

325 1930 408 1978 ιε’.
464 1922 716 1988 Ἔνδοξον
761 1923 821 1976 δὲ
875 1923 1104 1994 λέγομεν
1124 1962 1141 1989 ,
1183 1925 1371 1997 ἐπειδὴ
1427 1928 1729 1996 ἀγανακτεῖ
1772 1927 1834 1981 τὸ

251 2013 463 2084 πλῆθος
491 2015 605 2077 τοῖς
630 2013 839 2081 ἀδόξοις
876 2015 1341 2085 ὑποτασσόμενον.
1380 2017 1570 2079 Οὐδεὶς
1610 2017 1719 2089 γὰρ
1747 2017 1835 2071 θέ-

250 2108 361 2160 λων
401 2106 667 2175 ὑπομένει
694 2105 786 2160 τὸν
819 2105 1040 2178 χείρονα
1065 2104 1257 2179 κύριον
1277 2108 1444 2163 αὐτοῦ
1478 2108 1833 2180 ἀναδέχεσθαι

253 2194 350 2248 καὶ
375 2191 641 2264 ἡγεμόνα.

326 2372 424 2430 ις’.
454 2367 613 2420 Δοκεῖ
638 2365 695 2420 δέ
723 2384 817 2435 μοι
853 2369 936 2422 ὅτι
964 2371 1112 2424 πᾶσα
1136 2369 1353 2443 ἀνάγκη
1393 2372 1485 2425 τὸν
1524 2372 1712 2427 τοῦτον
1743 2372 1834 2426 εύο

256 2455 580 2525 ρισκόμενον
604 2456 930 2525 στρατηγὸν,
954 2456 1095 2512 ὥστε
1120 2457 1268 2528 ἔχειν
1293 2460 1494 2530 άρετάς
1518 2461 1650 2524 ὅσας
1682 2462 1835 2531 εἰρή-

251 2564 453 2615 καμεν,
499 2547 595 2601 καὶ
632 2547 843 2613 ἔνδοξον
904 2544 1065 2604 εἶναι.
1116 2550 1181 2604 Ἦ
1226 2551 1335 2623 γὰρ
1382 2551 1617 2622 τοσαύτη
1662 2552 1835 2623 ἀρετὴ

250 2639 527 2705 ἄγνωστον
546 2640 638 2692 τὸν
667 2638 955 2710 ἄνθρωπον
987 2641 1269 2712 διαμένειν
1316 2643 1547 2697 ἐπιπολὺ
1578 2644 1637 2696 ού
1667 2660 1836 2697 κατα-

251 2728 542 2796 λαμϐάνει.

325 2820 413 2884 ιζ’.
472 2822 716 2891 Λέγομεν
759 2822 817 2876 δὲ
866 2823 1004 2895 μήτε
1078 2825 1335 2881 πλούσιον
1393 2826 1834 2897 προχειρίζεσθαι

254 2913 561 2983 στρατηγὸν
586 2914 675 2968 διὰ
700 2915 770 2968 τά
802 2915 1083 2985 χρήματα,
1135 2917 1232 2971 ὲάν
1263 2919 1338 2989 μὴ
1367 2919 1467 2992 ἔχῃ
1509 2919 1709 2981 ταύτας
1734 2920 1835 2983 τὰς

251 3003 476 3075 ἀρετὰς,
507 3006 647 3075 μήτε
682 3005 892 3077 πένητα
940 3009 1377 3080 παρατηρεῖσθαι
1428 3010 1544 3075 (14)
1602 3010 1690 3064 διὰ
1736 3010 1836 3081 τὴν

254 3097 471 3161 πενίαν,
503 3097 601 3149 ὲάν
693 3098 915 3166 ἀγαθός.
942 3099 1055 3152 Οὐκ
1084 3100 1504 3170 ἀποϐαλλόμεθα
1531 3101 1723 3170 δὲξούτε
1744 3102 1835 3155 τὸν

254 3189 511 3243 πλούσιον
533 3189 718 3243 ἕνεκεν
743 3189 837 3243 τοῦ
864 3189 1095 3245 πλούτου
1128 3191 1313 3258 αὐτοῦ,
1349 3193 1465 3247 ἀλλ’
1504 3193 1600 3247 ὲάν
1626 3193 1725 3255 τὰς
1758 3194 1836 3263 τῷ

257 3281 549 3352 στρατηγῷ
580 3282 897 3352 πρεπούσας
927 3282 1002 3353 μὴ
1035 3282 1297 3355 κέκτηται
1329 3284 1552 3355 ἀρετάς.
1585 3283 1720 3338 Οὐδὲ
1745 3283 1838 3337 τὸν

257 3374 466 3443 πένητα
501 3374 869 3444 προκρίνομεν
900 3375 982 3428 ὅτι
1008 3374 1126 3427 ἐστὶ
1164 3375 1358 3443 πένης,
1408 3374 1524 3429 ἀλλ’
1562 3375 1645 3428 ὅτι
1676 3391 1841 3448 στρα-

256 3468 517 3537 τιωτικήν
566 3484 626 3520 τε
683 3468 780 3521 καὶ
816 3467 1072 3536 γενναίαν
1122 3466 1234 3538 ἔχει
1265 3468 1467 3538 ψυχήν.
1499 3468 1703 3523 Οὐδένα
1731 3470 1841 3539 γάρ

258 3560 347 3613 διὰ
378 3560 480 3629 τὴν
508 3559 679 3630 τύχην
700 3559 1199 3630 ἀποδοκιμάζομεν,
1228 3560 1365 3614 ἀλλά
1389 3560 1593 3631 μᾶλλον
1619 3560 1708 3615 διά
1730 3560 1841 3615 τῶν

258 3650 477 3720 τρόπων
507 3650 854 3722 ἀμφοτέρους
884 3650 1329 3721 προδαλλόμεθα.

328 3739 421 3809 ιη’.
463 3740 525 3795 '0
558 3740 615 3794 δὲ
637 3739 892 3805 πλούσιος
921 3741 1125 3809 ἀγαθὸς
1171 3740 1248 3795 ὣν
1299 3740 1554 3795 τοσοῦτον
1597 3742 1843 3814 διαφέρει

258 3830 510 3900 γενναίου
534 3831 789 3903 πένητος,
817 3833 943 3885 ὅσον
966 3833 1023 3886 αί
1049 3831 1355 3903 ιπάργυροι
1381 3832 1476 3886 καὶ
1505 3832 1844 3902 κατάχρυσοι

262 3923 552 3979 πανοπλίαι
572 3923 682 3977 τῶν
716 3923 1073 3992 καταχάλκων
1102 3923 1197 3977 καὶ
1216 3922 1475 3995 σιδηρῶν·
1516 3922 1573 3976 αἱ
1607 3923 1706 3993 μὲν
1737 3921 1846 3991 γάρ

261 4013 342 4084 τῷ
368 4012 608 4085 λαμπρῷ
637 4019 829 4084 κόσμῳ
858 4011 1294 4076 πλεονεκτοῦσιν.
1322 4015 1378 4068 αἰ
1411 4013 1470 4067 δὲ
1501 4016 1559 4067 ὲν
1589 4010 1739 4084 αὐτῷ
1769 4011 1848 4082 τῷ

261 4105 574 4177 δραστηρίῳ
604 4104 1038 4173 διαγωνίζονται.

336 4197 423 4253 ιθθ.
456 4198 672 4267 Πένητα
701 4195 924 4265 δὲλέγω
950 4197 1220 4266 γενναῖον,
1246 4195 1343 4251 ὲάν
1367 4196 1444 4268 μὴ
1468 4196 1848 4271 χρηματιστής

264 4288 382 4339 ἐστι
409 4286 504 4340 καὶ
521 4284 875 4356 δωρολήπτης
894 4302 909 4317 ·
935 4284 1029 4338 τδν
1062 4284 1172 4355 γὰρ
1214 4284 1615 4355 χρηματιστὴν,
1643 4283 1749 4337 οὐδ’
1781 4282 1850 4336 ἂν

1926 574 2232 629 porsonans
2280 577 2387 617 non
2439 572 2650 618 tantum
2698 565 2910 621 animos
2948 577 3168 623 nostros
3218 570 3287 624 ad
3324 582 3505 627 motus

1925 651 2150 708 bellicos
2177 654 2400 718 excitat,
2436 664 2703 724 quantum
2744 657 2922 712 oratio
2967 658 3233 727 sapientia
3265 662 3503 729 quadam

1924 740 2181 811 adjuncta
2212 743 2281 797 ad
2310 744 2566 798 virtutem
2594 751 2773 809 vocat,
2801 752 2856 799 et
2889 754 3108 814 paratos
3138 746 3205 801 ad
3237 746 3506 801 dimican-

1924 833 2054 888 dum
2105 833 2386 890 auditores
2431 834 2583 901 facit,
2635 846 2691 892 et
2744 836 2813 892 ad
2862 835 3105 908 pericula
3160 837 3511 907 suscipienda

1928 922 2147 978 animos
2178 924 2429 994 impellit.

2002 1015 2086 1069 M.
2128 1016 2185 1070 Si
2219 1032 2349 1073 vero
2388 1019 2496 1074 ulla
2545 1020 2599 1075 in
2644 1020 2891 1075 exercitu
2946 1020 3226 1090 contingat
3255 1019 3506 1087 oii‘eusio,

1929 1105 2110 1174 aliqua
2152 1117 2265 1161 tum
2306 1107 2427 1163 illos
2483 1109 2794 1165 cohortatio
2855 1109 3184 1179 permulcet,
3237 1117 3291 1164 et
3349 1108 3511 1177 longe

1931 1196 2114 1253 utilior
2145 1206 2228 1253 est
2254 1198 2602 1268 imperatoris
2639 1200 2839 1265 oratio,
2867 1199 2934 1255 ad
2971 1216 3059 1257 res
3095 1200 3325 1256 amictas
3357 1214 3508 1255 exer-

1930 1288 2073 1343 citus
2125 1287 2407 1354 levandas,
2459 1304 2625 1359 quam
2676 1290 2874 1345 medici
2923 1292 3150 1346 vulnera
3206 1298 3507 1346 curantes:

1932 1379 2009 1433 illi
2034 1378 2179 1433 enim
2207 1381 2426 1435 saucios
2469 1381 2618 1437 solos
2647 1382 2736 1437 die
2769 1397 2834 1436 ac
2869 1389 3115 1452 tempore
3155 1376 3370 1437 tandem
3405 1382 3513 1436 for-

1934 1479 2083 1525 tasse
2117 1478 2338 1536 sanant,
2373 1471 2462 1527 hic
2491 1481 2674 1526 autem
2705 1472 2994 1528 confestim
3041 1472 3217 1528 fessos
3246 1487 3310 1527 ac
3341 1473 3512 1528 lassa-

1902 1566 2020 1616 ‘tos
2049 1560 2343 1616 alacriores
2377 1560 2527 1628 facit,
2569 1571 2625 1618 et
2670 1562 2738 1616 ad
2782 1577 2998 1619 omnem
3028 1563 3198 1643 animi
3244 1563 3516 1633 magnitu-

1932 1649 2115 1705 dinem
2144 1650 2629 1721 przestantiamque
2656 1651 2792 1708 satis
2830 1651 3107 1708 robustos.

2003 1912 2090 1966 15.
2134 1910 2382 1966 Nobilem
2431 1921 2485 1967 et
2533 1913 2803 1968 celebrem
2860 1914 3038 1968 virum
3097 1913 3339 1969 diximus
3394 1929 3517 1969 esse

1936 2011 2207 2072 oportere,
2245 2004 2375 2073 quia
2405 2019 2623 2074 semper
2659 2005 2874 2060 haesitat
2905 2004 3092 2059 animo
3131 2014 3186 2060 et
3233 2006 3517 2060 excrucia-

1937 2100 2026 2147 tur
2055 2093 2274 2162 vulgus,
2308 2110 2435 2149 cum
2472 2094 2727 2151 obscuris
2782 2096 2915 2151 viris
2970 2105 3135 2164 atque
3184 2095 3517 2167 ignobilibus

1935 2186 2239 2256 subjectum
2266 2194 2371 2241 est.
2402 2173 2573 2243 Nemo
2598 2187 2744 2241 enim
2791 2187 2967 2242 libens
3005 2188 3214 2257 patitur
3243 2201 3367 2242 eum
3418 2187 3517 2242 im-

1934 2284 2241 2347 peratorem
2269 2277 2419 2349 eligi,
2444 2292 2607 2348 quem
2634 2278 2961 2334 deteriorem
2992 2279 3173 2348 seipse
3201 2287 3374 2348 putat.

2006 2367 2093 2423 16.
2134 2366 2265 2421 Mihi
2324 2371 2800 2438 pernecessarium
2856 2385 2990 2428 sane
3036 2372 3271 2436 videtur,
3325 2382 3386 2428 ut
3419 2372 3520 2425 im-

1936 2467 2156 2527 perator
2187 2459 2510 2530 designatus
2549 2462 2597 2515 si
2642 2463 2765 2526 has,
2803 2477 2947 2532 quas
2976 2478 3154 2533 nuper
3184 2458 3524 2518 commemo-

1937 2549 2053 2603 ravi
2098 2551 2327 2605 virtutes
2360 2550 2742 2620 imperatorias
2800 2553 3023 2620 habeat,
3080 2554 3286 2610 nobilis
3336 2555 3522 2609 statim

1938 2639 2011 2696 sit
2038 2658 2052 2695 :
2078 2621 2216 2697 'taiis
2239 2642 2384 2697 enim
2420 2643 2595 2701 virtus
2625 2645 2928 2702 obscurum
2968 2646 3061 2702 diu
3088 2646 3365 2703 hominem
3405 2662 3525 2701 ma-

1938 2743 2069 2785 nere
2094 2744 2203 2785 non
2234 2730 2392 2787 sinit.

2009 2823 2099 2877 i7.
2153 2822 2396 2878 Dicimus
2449 2832 2628 2879 autem
2698 2839 2766 2878 ne
2818 2824 3040 2879 divitem
3096 2823 3351 2892 quidem,
3416 2823 3523 2879 nisi

1936 2912 2166 2968 virtutes
2205 2913 2588 2982 imperatorias
2643 2915 2861 2980 habeat,
2926 2915 3285 2983 pecuniarum
3356 2929 3524 2969 causa

1937 3003 2319 3074 imperatorem
2379 3004 2653 3075 designari
2717 3006 2915 3060 debere
2964 3022 2977 3058 :
3046 3020 3149 3060 nec
3230 3020 3523 3075 pauperem

1937 3102 2129 3151 contra
2182 3095 2229 3151 si
2276 3095 2454 3150 bonus
2506 3096 2691 3160 fuerit,
2743 3097 3081 3167 paupertatis
3130 3112 3195 3151 ac
3250 3097 3528 3151 tenuitatis

1938 3199 2105 3240 causa
2137 3185 2533 3255 repellendum.
2588 3185 2700 3242 Nec
2755 3201 2885 3241 vero
2935 3185 3158 3241 divitem
3211 3186 3530 3240 divitiarum

1938 3277 2113 3347 gratia
2142 3277 2486 3347 repellimus,
2511 3277 2605 3332 sed
2638 3278 2683 3333 si
2714 3277 2945 3332 virtutes
2984 3278 3314 3346 imperatore
3339 3276 3533 3346 dignas

1939 3369 2287 3435 non,habeat
2318 3387 2331 3423 :
2380 3385 2480 3425 nec
2510 3385 2824 3439 pauperem,
2874 3369 3003 3438 quia
3055 3383 3260 3438 pauper
3293 3375 3398 3433 est,
3435 3369 3533 3421 de-

1942 3462 2260 3532 signamus,
2315 3462 2411 3516 sed
2469 3462 2598 3531 quia
2651 3461 2846 3515 fortem
2900 3474 3065 3529 atque
3119 3460 3531 3528 imperatorium

1942 3550 2137 3605 habeat
2166 3552 2433 3605 animum.
2469 3549 2735 3605 Neutrum
2785 3561 3005 3619 propter
3046 3549 3325 3603 fortunam
3371 3564 3534 3618 repu-

1943 3640 2182 3707 diamus,
2212 3641 2307 3697 sed
2344 3650 2606 3712 utrosque
2642 3650 2863 3712 propter
2891 3656 3072 3696 mores
3122 3641 3465 3696 asciseimus.

2019 3734 2105 3789 18.
2136 3733 2297 3789 Dives
2339 3734 2519 3791 bonus
2565 3744 2776 3790 tantum
2826 3744 3047 3805 praestat
3097 3748 3362 3804 generoso
3399 3748 3538 3803 pauo

1945 3824 2084 3895 peri,
2114 3834 2381 3893 quantum
2434 3842 2600 3881 aurea
2652 3835 2819 3896 atque
2870 3835 3127 3897 argentea
3178 3840 3331 3879 arma
3382 3824 3540 3878 zereis

1948 3916 2251 3987 ferreisque
2305 3918 2685 3973 antecedunt:
2749 3918 2864 3972 haec
2926 3916 3073 3971 enim
3106 3917 3163 3970 in
3216 3916 3357 3971 bello
3390 3930 3544 3983 teque

1948 4007 2185 4064 eiiicacia
2215 4015 2366 4074 sunt,
2415 4007 2508 4062 illa
2543 4023 2672 4063 vero
2718 4014 2918 4077 praeter
2969 4006 3344 4061 etlicacitalem
3376 4004 3541 4058 etiam

1949 4108 2337 4155 ornamentum
2365 4097 2623 4156 aﬂerunt.

2023 4189 2107 4244 i9.
2163 4175 2467 4260 Pauperem
2518 4202 2843 4260 generosum
2894 4200 3052 4251 voco,
3092 4186 3188 4256 qui
3255 4200 3545 4240 munerum

1951 4280 2229 4337 abstinens
2256 4288 2363 4352 est,
2423 4287 2479 4334 et
2528 4279 2757 4334 minime
2796 4288 3202 4343 quaestuosus:
3262 4285 3544 4346 quaestuo-

266 4377 670 4441 πλουσιὼτατος
697 4375 775 4431 ὢν
797 4376 936 4449 τύχῃ
957 4377 1227 4449 συμφέρει
1248 4377 1381 4430 ποτὲ
1405 4376 1839 4448 προχειρίζεσθαι

1953 4388 2076 4428 sum
2112 4371 2263 4427 enim
2297 4371 2509 4435 virum,
2561 4386 2629 4425 ne
2678 4371 2723 4425 si
2762 4370 3070 4425 ditissimus
3100 4368 3317 4438 quidem
3360 4369 3546 4435 fuerit,

268 4466 594 4538 στρατηγόνο

339 4556 407 4613 κ’.
456 4555 616 4611 Ἀλλὰ
652 4555 786 4627 μηδὲ
814 4555 1136 4628 μικρολόγον
1162 4556 1288 4610 τινὰ
1315 4555 1412 4611 καὶ
1434 4555 1695 4626 δμολόγον
1724 4555 1856 4626 περὶ

265 4648 338 4702 τά
381 4647 639 4718 κέρδη,ἢ
695 4647 956 4721 ἔμπορον,
1008 4647 1042 4718 ἢ
1091 4648 1478 4719 παραπλήσιόν
1529 4665 1582 4700 τι
1612 4646 1854 4700 τοιοῦτον

268 4740 599 4809 πράττοντα*
629 4740 844 4811 ἀνάγκη
873 4740 983 4810 γάρ
1017 4740 1146 4803 τοὺς
1177 4743 1452 4803 τοιούτους
1485 4740 1854 4810 μικρόφρονας

269 4829 434 4897 εἶναι,
463 4832 714 4902 καὶπερὶ
749 4831 812 4885 τὸ
846 4832 1038 4901 κέρδος
1065 4832 1455 4902 ἐπτοημένους,
1492 4833 1588 4884 καὶ
1625 4848 1852 4902 μεμερι-

272 4940 379 4993 μνη
388 4923 585 4993 μένους
609 4922 738 4993 περ)⁵
758 4922 859 4992 τὴν
888 4921 1152 4992 συλλογὴν
1171 4922 1282 4975 τῶν
1300 4922 1621 4993 χρημάτων,
1641 4922 1735 4975 καὶ
1760 4937 1857 4991 μη-

143 5038 156 5049 ·
268 5015 361 5069 δὲν
382 5014 607 5084 ἔχοντας
638 5013 747 5068 τῶν
778 5013 960 5069 καλῶν
994 5013 1464 5085 ἐπιτηδευμάτων.

340 5113 451 5161 κα’.
494 5106 621 5161 Ἐὰν
656 5106 714 5160 δὲ
743 5106 1025 5177 προγόνων
1058 5106 1177 5160 ἐστὶ⁵
1202 5106 1475 5177 λαμπρῶν
1507 5106 1600 5159 καὶ
1641 5105 1855 5177 περιδό-

273 5198 382 5264 ξων
408 5198 697 5267 ἀπόγονος,
720 5199 942 5269 ἀγαπᾷν
970 5198 1070 5267 μὲν
1092 5199 1175 5251 δεῖ
1200 5197 1357 5252 τοῦτο
1378 5239 1392 5264 ,
1427 5198 1488 5251 ού
1520 5198 1619 5268 μὲν
1644 5198 1701 5251 δὲ
1723 5198 1855 5252 πάν-

270 5308 383 5355 τως
406 5290 685 5361 ἐπιζητεῖν
711 5290 809 5361 τὴν
828 5290 1084 5361 τοιαύτην
1118 5290 1422 5358 εὐγένειαν,
1447 5288 1713 5350 ἀποῦσαν.
1737 5290 1861 5343 οὐδὲ

272 5380 363 5434 διὰ
383 5379 592 5449 ταύτην
610 5381 819 5451 κρίνειν
834 5381 983 5445 ἄξιον
1004 5381 1095 5435 τὸν
1122 5381 1444 5451 στρατηγὸν,
1464 5380 1559 5435 ἐὰν
1574 5380 1633 5433 τὸ
1660 5397 1858 5448 στρατ-

275 5474 435 5542 ηγεῖν
465 5472 645 5537 καλῶς
674 5474 959 5544 κέκτηται.

1878 4466 1930 4524 D
1958 4464 2092 4519 utile
2126 4471 2210 4518 est
2244 4464 2637 4532 imperatorem
2662 4461 2811 4532 eligi.

2036 4558 2129 4611 20.
2172 4557 2285 4612 lmo
2316 4571 2449 4612 vero
2496 4571 2673 4627 neque
2704 4571 2932 4626 parcum
2975 4556 3206 4626 aliquem
3236 4564 3332 4609 aut
3374 4554 3552 4621 sordi—

1961 4651 2115 4715 dum,
2171 4649 2239 4703 ad
2276 4662 2392 4704 rem
2446 4647 2751 4703 faciendam
2788 4647 3136 4711 venalitium,
3192 4657 3287 4699 aut
3345 4646 3550 4712 aliquid

1960 4740 2081 4809 ejus
2119 4738 2337 4809 generis
2405 4738 2760 4793 molientem:
2827 4751 3053 4792 necesse
3088 4744 3173 4790 cst
3222 4734 3367 4787 enim
3419 4733 3552 4787 tales

1962 4844 2254 4900 perparcos
2287 4844 2432 4896 esse,
2460 4838 2514 4885 et
2544 4831 2609 4885 ad
2642 4830 2955 4883 aviditatem
3006 4825 3357 4895 pecuniarum
3394 4824 3549 4878 inex-

1963 4921 2209 4992 plebiles,
2243 4928 2297 4975 et
2341 4921 2409 4976 ad
2449 4920 2809 4976 cumulandas
2842 4932 2973 4987 opes
3016 4916 3251 4971 nimium
3285 4916 3548 4979 intentos,

1962 5022 2021 5069 et
2058 5014 2128 5068 ab
2160 5012 2408 5068 honestis
2439 5012 2749 5067 actionibus
2794 5010 2955 5079 longe
2987 5008 3374 5062 abhorrentes.

2032 5104 2121 5157 2i.
2159 5103 2216 5157 Si
2247 5104 2412 5159 claris
2451 5112 2503 5158 et
2554 5101 2830 5157 nobilibus
2875 5099 3185 5168 majoribus
3218 5097 3405 5161 fuerit,
3451 5096 3555 5149 ali-

1963 5211 2128 5266 quam
2176 5195 2280 5251 boc
2323 5193 2852 5250 commendationem
2903 5191 3140 5246 habeat:
3177 5189 3320 5244 hanc
3372 5200 3559 5242 tamen

1968 5288 2181 5359 generis
2218 5286 2589 5350 nobilitatem,
2620 5285 2664 5340 si
2695 5284 2861 5348 absit,
2899 5297 3006 5337 non
3038 5280 3335 5337 admodum
3370 5279 3558 5348 requi-

1967 5396 2172 5444 remus,
2210 5392 2388 5448 neque
2417 5377 2797 5432 tantummodo
2836 5385 3056 5446 propter
3084 5374 3224 5427 hanc
3269 5384 3457 5432 unam,
3509 5370 3556 5424 si

1965 5472 2102 5527 alias
2148 5468 2496 5524 laudabiliter
2555 5475 2731 5522 artem
2788 5464 3193 5534 imperatoriam
3230 5467 3434 5525 teneat,
3474 5458 3557 5514 dir

1964 5575 2101 5627 gnus
2146 5559 2247 5613 hoc
2281 5572 2507 5612 munere
2549 5557 2816 5610 habeatur

1829 5652 2061 5709 NOTAE.

349 5749 467 5823 (l3)
541 5748 617 5804 Τὰ
646 5747 973 5818 πράγματα.
1011 5748 1217 5805 Scribe.
1247 5747 1311 5801 τὰ
1336 5747 1645 5819 τραύματα.

2040 5745 2151 5809 (14)
2223 5743 2717 5808 Παρατηρεῖσθιιι.
2762 5740 2953 5796 Scribe
2988 5735 3387 5799 παραιτεῖσθαι
