4022 6466
429 356 541 423 687

1706 356 1985 418 [ΕΘΝΙὸ
2022 355 2485 419 PHILOSOPHI

3604 353 3707 417 688

497 463 591 518 22.
631 462 1108 531 Quemadmodum
1162 463 1308 517 enim
1369 462 1669 522 animante;
1722 463 1908 523 omnia
1942 477 2006 517 ex

2184 466 2290 535 κβ’.
2325 467 2535 537 Ὥσπερ
2564 466 2675 535 γὰρ
2702 466 2771 523 τά
2816 466 2931 530 ζῶα
2964 467 3074 520 ἀπὸ
3107 466 3216 519 τῶν
3259 463 3406 519 ἰδίων
3451 465 3708 535 πράξεων

430 553 677 609 moribus
708 552 926 606 illorum
983 560 1039 606 et
1086 551 1393 607 actionibus
1443 552 1782 622 exquirimus
1834 563 2018 611 utrum

432 659 696 717 generosa
722 659 791 698 an
823 643 1015 698 inertia
1053 643 1183 712 sint,
1221 643 1301 699 sic
1330 653 1385 698 et
1423 643 1708 697 hominum
1766 644 2021 699 nobilita-

431 749 539 794 tem
575 754 683 793 non
716 753 785 793 ex
826 738 1097 807 majorum
1154 736 1334 803 laude,
1382 737 1475 791 sed
1523 752 1590 791 ex
1625 736 1741 792 suis
1774 737 2020 807 ipsorum

431 829 742 885 actionibus
770 837 825 885 et
871 829 1037 884 rebus
1085 829 1254 900 gestis
1308 828 1582 884 aestimare
1635 837 1874 899 oportet.
1921 828 2022 891 lni-

431 937 600 992 quum
648 920 794 976 enim
857 930 1023 990 atque
1060 920 1344 990 indignum
1399 929 1483 975 est
1540 920 1782 975 humiles
1855 930 2024 991 atque

433 1012 703 1067 obscuros
731 1024 986 1083 quosque
1020 1010 1225 1074 milites
1268 1024 1368 1067 sua
1414 1010 1662 1079 ipsorum
1706 1010 1910 1065 virtute
1954 1025 2023 1066 ac

437 1102 665 1158 militari
701 1101 885 1169 laude,
917 1110 971 1156 et
1018 1116 1128 1156 non
1180 1102 1449 1171 majorum
1501 1101 1811 1171 splendore,
1845 1116 2024 1156 emer-

435 1208 584 1263 gere,
616 1194 980 1263 imperatores
1022 1201 1205 1249 autem
1239 1202 1462 1263 propter
1493 1194 1761 1263 majorum
1795 1207 2023 1249 suorum

434 1285 697 1358 praeclara
722 1282 869 1342 facta
899 1284 1061 1356 elegi,
1095 1300 1222 1340 cum
1258 1285 1361 1356 ipsi
1407 1283 1645 1353 imperiti
1674 1294 1837 1355 atque
1874 1284 2022 1345 iner-

440 1386 522 1432 tes
545 1376 674 1433 sint.

510 1467 602 1522 25.
652 1466 841 1539 Neque
865 1480 999 1522 vero
1028 1466 1175 1535 illos,
1199 1470 1294 1540 qui
1330 1484 1454 1529 cum
1485 1472 1724 1530 obscuro
1750 1474 1878 1528 loco
1907 1474 2024 1529 nati

442 1565 593 1622 sunt,
620 1566 800 1623 tamen
847 1572 947 1611 sua
994 1556 1247 1626 ipsorum.
1294 1557 1437 1615 facta
1494 1562 1660 1618 nimis
1717 1562 2021 1618 venditant.

442 1644 579 1700 Nam
628 1648 674 1701 si
706 1647 897 1702 virtuti
933 1662 1047 1704 suae
1081 1649 1353 1718 majorum
1382 1667 1603 1722 quoque
1640 1653 1897 1725 splendor
1928 1669 2023 1710 ac-

443 1737 621 1805 cedat,
653 1739 961 1792 l'ortunatus
993 1738 1292 1809 imperator
1330 1752 1454 1799 est:
1484 1745 1567 1798 sin
1619 1746 1793 1802 virtus
1824 1746 2024 1802 abfue-

442 1827 535 1892 rit,
566 1844 634 1883 ne
662 1829 779 1884 haec
813 1831 1032 1901 quidem
1068 1831 1221 1886 illum
1247 1833 1455 1889 clarum
1480 1834 1733 1892 elﬁcient.

512 1919 605 1973 24.
646 1918 919 1977 Fortassis
945 1931 1126 1979 autem
1162 1923 1481 1980 existimare
1508 1927 1637 1997 quis
1668 1936 1877 1998 posset,
1910 1944 2030 1986 me—

444 2008 612 2066 liores
642 2009 858 2068 l'uturos
888 2010 1246 2083 imperatores
1271 2015 1364 2085 qui
1409 2016 1559 2072 nulla
1591 2019 1862 2088 majorum
1900 2035 2031 2077 suo-

2122 556 2217 609 καὶ
2247 555 2387 608 ἐθῶν
2433 555 2763 625 ἐξετάζομεν
2808 555 3007 624 εὐγενῆ
3052 554 3084 625 ἢ
3118 554 3369 624 δυσγενῆ,
3392 552 3564 617 οὕτως
3600 554 3708 625 χρὴ

2122 650 2347 701 σκοπεῖν
2375 648 2471 700 καὶ
2502 646 2601 717 τὴν
2634 647 2743 700 τῶν
2775 646 3078 716 ἀνθρώπων
3106 646 3411 712 εὐγένειαν,
3458 647 3559 699 οὐκ
3598 648 3711 700 ἀπὸ

2120 738 2229 792 τῶν
2259 738 2562 809 προγόνων,
2601 737 2720 793 ἀλλ’
2746 739 2814 792 ὲκ
2839 738 2950 791 τῶν
2984 737 3130 793 ἰδίων
3159 736 3416 805 πράξεων
3442 738 3537 790 καὶ
3574 754 3710 792 κατ-

2121 829 2478 901 ορθωμάτων.
2516 830 2627 884 Καὶ
2663 830 2782 889 πῶς
2814 828 2925 899 γὰρ
2956 828 3059 881 οὐκ
3095 827 3345 897 ἀπρεπὲς
3393 825 3491 879 καὶ
3535 828 3709 880 ἀπαί-

2122 922 2330 987 δευτον,
2372 923 2498 986 τοὺς
2547 922 2647 993 μὲν
2699 922 2882 984 λιτοὺς
2939 920 3279 990 στρατιώτας
3306 918 3394 972 διὰ
3423 918 3524 982 τὰς
3572 919 3710 983 ἰδίας

2123 1013 2403 1082 ἀριστείας
2430 1012 2526 1066 καὶ
2558 1012 2686 1076 τοὺς
2706 1011 2927 1080 ἀγῶνας
2964 1011 3133 1081 τιμᾷν
3156 1051 3172 1075 ,
3202 1009 3265 1063 ού
3313 1009 3441 1072 τοὺς
3474 1010 3539 1063 ὲκ
3570 1026 3711 1080 προσ

2123 1104 2298 1172 γόνων
2318 1104 2626 1174 λαμπροὺς,
2677 1102 2814 1157 ἀλλὰ
2850 1103 2976 1165 τοὺς
3003 1100 3322 1171 αὐτοχειρίᾳ
3374 1116 3428 1153 τι
3457 1099 3713 1171 λαμπρὸν

2125 1194 2287 1265 ἔργον
2327 1195 2734 1265 πεποιηκόταςο
2784 1195 2910 1255 τοὺς
2967 1192 3025 1247 δὲ
3075 1190 3417 1261 στρατηγοὺς
3466 1191 3557 1245 διὰ
3582 1193 3714 1255 τοὺς

2125 1285 2424 1356 προγόνους
2450 1285 2823 1353 ἐπιλέγεσθαι,
2854 1284 2957 1340 κάν
2981 1285 3120 1341 εἰσιν
3141 1286 3404 1356 ἄχρηστοι
3428 1303 3445 1350 ;

2196 1466 2302 1529 κγ’.
2347 1460 2508 1514 Ἀλλά
2539 1459 2646 1532 μὴν
2670 1459 2759 1514 διὰ
2776 1461 2877 1531 τὴν
2912 1459 3048 1514 ἰδίαν
3066 1460 3246 1513 αὐτῶν
3266 1460 3488 1531 ἀρετὴν,
3513 1456 3617 1512 κᾶν
3637 1458 3716 1529 μὴ

2126 1553 2236 1611 ἀπὸ
2276 1552 2371 1609 τοῦ
2421 1551 2613 1621 γένους
2664 1552 3113 1623 λαμπρύνωνται.
3149 1551 3470 1625 Προσόντων
3519 1551 3619 1621 μὲν
3646 1551 3716 1622 δὴ

2125 1643 2332 1697 τούτων
2364 1645 2463 1698 καὶ
2507 1643 2790 1714 προγόνων
2836 1643 3107 1715 λαμπρῶν
3157 1642 3390 1712 εὐτυχὴς
3417 1643 3445 1695 ὀ
3478 1658 3718 1712 στρατη-

2127 1738 2245 1803 γὸς,
2271 1736 2519 1790 ἀπόντων
2544 1735 2603 1790 δὲ
2630 1734 2741 1790 τῶν
2760 1733 2995 1805 ἀρετῶν,
3022 1734 3129 1789 κάν
3150 1736 3303 1805 παρῇ
3324 1733 3522 1796 ταῦτα,
3538 1733 3719 1804 ἀπρα-

2132 1844 2280 1890 κτος.

2204 1920 2304 1977 κδ’.
2338 1918 2493 1991 Τάχα
2520 1918 2577 1973 δέ
2609 1935 2695 1983 τις
2742 1917 2953 1973 ὲλπίσοι
2992 1918 3090 1971 καὶ
3131 1917 3448 1988 κρείττονας
3494 1915 3718 1971 ἔσεσθαι

2134 2012 2476 2082 στρατηγοὺς
2498 2011 2629 2075 τοὺς
2649 2011 2751 2066 οὐκ
2769 2010 2993 2081 ἔχοντας
3016 2010 3127 2062 ἀπὸ
3147 2009 3257 2062 τῶν
3284 2007 3567 2078 προγόνων
3624 2022 3720 2058 σε·

335 2378 341 2383 ’
445 2374 585 2435 nihil
613 2390 645 2430 a
674 2375 978 2444 majoribus
1013 2386 1366 2447 acceperunt,
1401 2380 1493 2434 isti
1522 2382 1793 2449 majorum
1829 2383 2030 2438 obscu-

445 2113 567 2153 rum
636 2098 796 2155 laude
848 2102 1329 2157 commendantur.
1404 2101 1540 2159 Nam
1600 2107 1692 2175 qui
1755 2107 2028 2177 majorum

2151 2100 2450 2181 ινύνεσθαι.
2484 2103 2548 2155 Οἱ
2587 2102 2688 2172 μὲν
2716 2101 2826 2172 γὰρ
2855 2100 2948 2154 ἐπὶ
2968 2098 3186 2170 γονεῦσι
3219 2098 3588 2168 δοξαζόμενοι,
3620 2098 3720 2149 καὶ

447 2190 608 2247 factis
638 2191 773 2246 clari
806 2200 958 2258 sunt,
1011 2201 1066 2249 et
1105 2193 1323 2249 illorum
1364 2194 1535 2265 gloria
1586 2197 1826 2255 illustres
1870 2198 2027 2264 liunt,

2151 2194 2228 2267 ῖὴν
2254 2194 2348 2247 ἀπ’
2378 2193 2602 2248 ἐκείνων
2631 2194 2847 2263 ἔχοντες
2874 2192 3147 2258 εὔκλειαν,
3179 2189 3439 2252 πολλάκις
3472 2188 3723 2260 ρᾳθυμόο

445 2297 590 2352 saepe
615 2283 1039 2354 negligentio'res
1068 2291 1123 2340 et
1151 2286 1497 2343 remissiores
1522 2296 1689 2344 sunt:
1724 2290 1819 2359 qui
1846 2299 2028 2347 autem

2151 2303 2288 2357 τερον
2316 2287 2411 2339 καὶ
2462 2286 2831 2356 ἀμελέστερον
2877 2283 3209 2339 διάκεινται·
3256 2282 3306 2335 οἰ
3337 2281 3393 2334 δὲ
3447 2280 3718 2350 μηδεμίαν

2129 2377 2289 2441 δόξαν
2320 2377 2601 2449 προγόνων
2621 2377 2860 2449 ἔχοντες,
2894 2369 3043 2431 οὗτοι
3061 2375 3163 2447 τὴν
3192 2372 3301 2427 τῶν
3322 2373 3573 2443 πατέρων
3592 2371 3718 2425 ἀδο-

448 2465 667 2521 ritatem
703 2480 801 2521 sua
844 2467 1043 2522 virtute
1101 2467 1398 2533 illustrant,
1442 2478 1498 2525 et
1540 2471 1606 2525 ad
1655 2488 1745 2527 res
1795 2474 2029 2529 alacrius

2151 2466 2252 2531 ἱίαν
2274 2465 2725 2537 ἀναπληροῦσθαι
2754 2465 3003 2528 θέλοντες
3032 2466 3099 2536 τῇ
3129 2462 3237 2533 ἰδίᾳ
3260 2461 3546 2533 προθυμίᾳ
3565 2461 3718 2530 φιλο-

448 2555 830 2624 suscipiendas
867 2558 1019 2611 omni
1065 2558 1234 2612 animi
1266 2560 1619 2616 contentione
1655 2562 2026 2630 impelluntur.

2151 2557 2508 2627 ιινδυνότερον
2536 2556 2629 2609 ἐπὶ
2657 2556 2758 2619 τάς
2792 2555 3021 2625 πράξεις
3042 2553 3316 2623 ἔρχονται.
3361 2551 3631 2622 Καθάπερ
3655 2553 3706 2607 οἱ

452 2642 516 2697 Et
543 2643 1006 2713 quemadmodum
1038 2645 1129 2716 qui
1185 2646 1329 2700 haud
1376 2662 1573 2719 magna
1612 2663 1739 2704 cum
1783 2666 1843 2707 re
1880 2662 2029 2721 sunt,

2151 2644 2365 2715 πένητες
2389 2644 2793 2714 ἐπιπονώτερον
2819 2644 3018 2714 μᾶλλον
3050 2643 3160 2697 τῶν
3198 2642 3556 2713 ὲπορωτέρων
3600 2643 3717 2710 (15')

449 2734 515 2798 ad
540 2733 662 2790 vitae
688 2735 896 2790 cultum
920 2746 974 2797 et
1012 2734 1346 2791 allluentiam
1391 2753 1569 2791 rerum
1602 2742 2029 2811 comparandam

2151 2739 2227 2789 ιπὶ
2253 2738 2352 2807 τὴν
2371 2737 2465 2791 τοῦ
2501 2736 2615 2807 βίου
2651 2737 2845 2807 κτῆσιν
2886 2734 3191 2806 όρμῶνται,
3220 2735 3283 2787 τὸ
3307 2734 3552 2786 ἐλλεῖπον
3583 2735 3715 2787 ἀνα-

447 2827 762 2899 diligentius
800 2829 1157 2896 contendunt,
1203 2829 1281 2885 sic
1310 2830 1511 2900 quibus
1539 2833 1687 2887 nulla
1736 2849 1767 2889 a
1814 2836 2029 2905 majori-

2151 2829 2419 2901 τληρῶσαι
2450 2832 2550 2901 τῆς
2572 2828 2743 2900 τύχης
2776 2828 3170 2893 σπουδάζοντες
3196 2843 3210 2857 ·
3260 2824 3404 2878 οὕτω
3431 2826 3478 2877 οἰ
3527 2824 3602 2894 μὴ
3651 2826 3718 2876 ὲκ

447 2919 551 2976 bus
576 2919 749 2990 gloria
778 2922 971 2979 relicta
1001 2933 1106 2992 est,
1147 2923 1311 2979 iidem
1368 2941 1467 2981 sua
1521 2928 1770 2999 ipsorum
1824 2932 2029 2992 virtute

2151 2923 2383 2994 τατέρων
2416 2923 2925 2993 κληρονομήσαντες
2945 2920 3104 2988 δόξαν
3131 2919 3221 2972 διὰ
3245 2918 3355 2971 τῶν
3386 2918 3533 2971 ἰδίων
3577 2916 3711 2985 πράφ

448 3010 655 3071 strenui
685 3026 808 3068 esse
827 3012 1099 3072 laborant.

2151 3019 2267 3082 ξεων
2297 3016 2687 3080 σπουδάζουσιν
2717 3014 2952 3068 οἰκειοῦν
2982 3013 3164 3075 αὐτοῖς
3197 3010 3376 3073 δόξαν.

519 3099 614 3156 25.
649 3101 723 3159 Iis
756 3102 825 3158 de
867 3107 1052 3161 causis
1082 3107 1313 3178 eligatur
1350 3110 1648 3179 imperator
1690 3111 1889 3175 bonus.
1927 3127 2028 3167 no-

2207 3115 2306 3163 κε’.
2338 3110 2437 3163 Διά
2474 3107 2649 3161 ταῦτα
2690 3107 2791 3175 μὲν
2820 3106 2913 3160 οὖν
2939 3102 3371 3176 προχειριζέσθω
3412 3102 3720 3172 στρατηγὸς

448 3188 597 3284 bilis,
634 3190 788 3247 dives
817 3210 831 3247 :
884 3208 995 3248 non
1022 3197 1320 3265 repellatur
1356 3210 1539 3254 autem
1573 3214 1775 3269 pauper
1816 3203 1878 3284 si.
1896 3217 2028 3258 cum

2151 3201 2356 3269 ἰγαθδς,
2384 3200 2632 3272 εὐγενὴς,
2662 3198 2939 3262 πλούσιος.
2982 3197 3075 3268 Μὴ
3114 3194 3505 3250 ἀποδαλλέσθω
3534 3195 3593 3248 δὲ
3619 3196 3719 3247 πέει
3816 3242 3823 3245 η.

449 3275 649 3333 virtute
674 3278 765 3346 sit,
801 3296 1113 3352 quanquam
1144 3285 1308 3341 claris
1353 3299 1420 3341 ac
1460 3286 1766 3343 illustribus
1809 3275 2029 3358 majori-

2151 3310 2230 3363 ρης
2264 3291 2405 3363 μετά
2435 3293 2658 3363 ἀρετῆς,
2694 3293 2745 3345 εἰ
2777 3291 2872 3344 καὶ
2901 3289 2975 3359 μὴ
3006 3287 3114 3341 ἀπὸ
3142 3285 3411 3358 λαμπρῶν
3453 3285 3549 3339 καὶ
3575 3285 3719 3337 ἐνδό-

451 3370 553 3433 bus
583 3380 736 3427 ortus
768 3388 876 3429 non
910 3374 1000 3430 sit.

521 3462 613 3523 26.
657 3464 740 3529 Ad
778 3480 1050 3527 summam
1082 3479 1267 3526 autem
1301 3470 1485 3527 dicere
1540 3480 1758 3542 oportet
1798 3473 2034 3543 impera.

449 3563 646 3625 torem,
684 3555 731 3611 si
794 3557 911 3637 ﬁeri
961 3568 1166 3628 potest,
1223 3576 1455 3631 corpore
1494 3564 1755 3631 gratioso,
1805 3565 2035 3620 robusto

450 3655 506 3705 et
534 3644 831 3709 laborioso.
866 3658 1049 3706 mente
1081 3660 1263 3707 autem
1302 3652 1463 3709 celeri
1496 3668 1561 3709 ac
1582 3664 1827 3721 strenua,
1864 3656 2035 3713 hono-

451 3737 532 3795 ris
599 3748 970 3807 expetentem,
1028 3752 1369 3813 promptum,
1426 3747 1796 3816 periculorum
1852 3748 2035 3818 despi-

452 3826 709 3893 cientem,
756 3838 812 3885 et
848 3846 1032 3886 rerum
1082 3833 1394 3891 divinarum
1453 3850 1706 3909 veraeque
1758 3837 2037 3908 religionis

450 3919 862 3985 sanctissimum
894 3922 1165 3985 cultorem
1200 3940 1323 3981 esse
1351 3925 1570 3982 debere.

519 4009 612 4077 27.
650 4010 711 4077 In
740 4013 1113 4084 voluptatibus
1146 4016 1396 4086 corporis
1446 4026 1861 4089 temperantem,
1902 4034 2035 4076 con-

451 4100 576 4156 silio
600 4111 655 4157 et
697 4103 859 4160 laude
898 4120 1025 4161 vera
1069 4108 1122 4161 in
1174 4108 1340 4169 rebus
1387 4108 1635 4173 honestis
1674 4112 2038 4182 suscipiendis

450 4191 834 4262 inexplebilem
865 4208 1031 4268 atque
1062 4197 1454 4258 insatiabilem.

522 4282 613 4337 28.
652 4284 735 4338 Ad
764 4288 1202 4356 perspiciendum
1234 4289 1291 4353 in
1327 4291 1511 4348 dubiis
1546 4292 1714 4349 rebus
1744 4295 1877 4364 quid
1922 4312 2039 4351 tua,

456 4374 603 4428 xime
630 4388 768 4442 opus
795 4374 939 4430 facto
966 4378 1060 4443 sit,
1096 4393 1277 4433 acrem
1308 4389 1362 4435 et
1391 4381 1676 4439 solertem.

2135 3383 2241 3448 ξων
2267 3383 2550 3453 προγόνων
2571 3383 2800 3448 κατάγει
2818 3382 2881 3435 τὸ
2902 3381 3079 3449 γένος.

2205 3485 2321 3542 κς’.
2352 3478 2664 3547 Κεφάλαιον
2694 3476 2750 3530 δὲ
2785 3477 2981 3539 εἰπεῖν,
3015 3474 3122 3545 χρὴ
3167 3473 3259 3526 τὸν
3315 3470 3639 3540 στρατηγὸν,
3669 3470 3722 3522 εἰ

2133 3567 2359 3621 δυνατόν
2383 3570 2554 3632 ἐστιν,
2603 3567 2700 3621 καὶ
2724 3565 2786 3619 τὸ
2820 3565 2982 3635 σῶμα
3012 3563 3287 3633 εὐπρεπῆ,
3323 3562 3420 3617 καὶ
3448 3560 3717 3632 ἀνδρεῖον,

2137 3659 2233 3714 καὶ
2261 3659 2571 3728 φιλόπονον,
2602 3660 2700 3713 καὶ
2728 3657 2988 3723 ὀξύτατον
3031 3656 3132 3725 τὴν
3186 3651 3436 3724 γνώμην,
3469 3652 3564 3705 καὶ
3591 3668 3723 3720 γεν-

2137 3751 2307 3812 ναῖον,
2335 3748 2431 3802 καὶ
2458 3747 2768 3810 σπουδαῖον,
2800 3747 2895 3800 καὶ
2921 3743 3309 3814 φιλοκίνδυνον,
3350 3741 3448 3796 καὶ
3482 3740 3724 3811 μάλιστα

2139 3835 2389 3905 θεοσεϐῆ,
2423 3836 2519 3889 καὶ
2545 3836 2676 3906 περὶ
2699 3834 2771 3893 τὰ
2790 3833 2910 3888 θεῖα
2929 3833 3232 3906 πράγματα
3271 3830 3721 3900 ὲπιμελὲστατον.

2208 4016 2313 4080 κζ’.
2354 4016 2585 4071 Ἠὃονῶν
2604 4016 2661 4070 δὲ
2680 4016 2775 4070 τοῦ
2810 4014 3061 4086 σώματος
3081 4013 3345 4083 ἐγκρατῆ,
3376 4012 3473 4082 τῆς
3499 4011 3556 4064 δὲ
3582 4010 3726 4079 γνώω

2142 4127 2251 4180 μης
2282 4109 2557 4181 ἀπληστόν
2586 4126 2647 4163 τε
2678 4109 2771 4162 καὶ
2805 4108 3103 4179 ἀκόρεστον
3142 4106 3236 4158 ἐπὶ
3262 4104 3338 4174 τῷ
3361 4103 3569 4174 ἐπαίνῳ
3584 4103 3725 4174 πράη-

2142 4202 2287 4268 ξεσιν
2322 4201 2550 4271 ἀγαθοῖς
2586 4201 2885 4273 [ἀπληστόν
2905 4218 2966 4256 τε
2996 4200 3093 4259 καλ⁴
3122 4195 3463 4270 ἀκόρεστον].

2209 4301 2319 4365 κη’.
2363 4294 2603 4349 Συνιδείν
2629 4294 2686 4348 δὲ
2714 4293 2776 4348 τὸ
2811 4293 2930 4347 δίον
2964 4292 3045 4345 ἔτι
3086 4295 3144 4345 ἐν
3171 4290 3249 4360 τῷ
3293 4291 3488 4359 ἀφανεῖ
3514 4287 3575 4340 ὃν
3611 4286 3725 4342 δει-

2141 4388 2232 4440 νόν
2249 4403 2313 4439 τε
2342 4387 2439 4439 καὶ
2468 4386 2583 4450 ὀξύ.

523 4465 614 4519 29.
657 4464 733 4518 Ex
763 4466 830 4520 iis
857 4482 979 4535 quae
1010 4467 1066 4522 in
1092 4477 1349 4538 promptu
1397 4481 1546 4537 sunt,
1580 4472 1648 4527 ad
1690 4487 1778 4529 res
1815 4473 2029 4530 abStru-

2215 4476 2318 4535 κθ¹.
2358 4478 2453 4531 Ἐκ
2482 4477 2593 4529 τῶν
2620 4475 2961 4546 φαινομένων
2993 4474 3062 4528 τὰ
3083 4474 3446 4546 κεκρυμμένα
3469 4471 3726 4543 στοχάζει-

456 4570 545 4609 sas
567 4554 939 4625 conjiciendas
965 4555 1200 4617 felicem.

523 4642 612 4697 30.
655 4641 712 4698 lu
747 4644 1067 4713 instruendo
1112 4655 1169 4702 et
1212 4652 1479 4718 armanda
1512 4661 1568 4713 et
1604 4655 1851 4713 ornando
1877 4669 2036 4712 exer-

455 4737 566 4792 citu
607 4738 867 4808 peritum.

524 4831 615 4886 3i.
650 4832 728 4887 Ad
756 4832 1000 4903 jacentes
1047 4834 1281 4899 militum
1335 4837 1553 4894 animos
1594 4839 1845 4895 oratione
1886 4843 2039 4905 exci-

453 4922 672 4987 tandos,
712 4931 767 4977 et
799 4923 855 4979 in
910 4940 1061 4996 spem
1093 4920 1294 4984 bonam
1349 4928 1699 4993 adducendas
1748 4930 2028 5000 habilem,

400 5067 413 5081 ν
453 5020 509 5075 et
566 5012 635 5074 ad
687 5014 991 5082 periculum
1054 5018 1468 5091 suscipiendum
1531 5029 1754 5093 paratos
1797 5022 2043 5080 eﬂicien-.

457 5110 565 5164 tem
576 5142 590 5156 .

525 5194 616 5264 32.
684 5193 888 5265 Eorum
947 5215 1071 5277 qua:
1132 5204 1431 5262 constituta
1475 5215 1531 5261 et
1596 5206 1815 5269 decreta
1883 5218 2034 5277 sunt,

458 5290 973 5347 constantissimum
1002 5296 1313 5365 custodem.

530 5381 622 5439 35.
661 5381 723 5450 In
752 5398 1007 5443 sermone
1032 5396 1266 5453 certum,
1302 5406 1369 5445 ne
1403 5390 1470 5446 ab
1494 5393 1700 5456 astutis
1738 5402 1794 5448 et
1821 5392 2041 5455 disertis,

459 5471 615 5537 viris,
645 5490 768 5545 quae
808 5475 889 5537 illi
920 5477 988 5545 ad
1035 5478 1365 5545 deteriorem
1420 5495 1624 5551 partem
1662 5485 2037 5556 applicabunt,

459 5572 722 5633 capiatur.
1545 5572 1549 5576 ’

530 5752 643 5819 (l5)
693 5755 1127 5825 Ἐπορωτέρων.
1159 5759 1335 5827 Scrib.
1377 5762 1777 5846 εὐποροτέρων.

2146 4570 2267 4631 σθαι
2294 4569 2740 4638 ἐπιτυχέστατον.

2210 4660 2277 4716 λ’.
2305 4662 2476 4727 Τάξαι
2509 4661 2567 4714 δὲ
2599 4660 2851 4732 στρατὸν,
2881 4662 2976 4714 καὶ
3028 4659 3269 4724 ὁπλίσαι,
3301 4657 3397 4709 καὶ
3445 4655 3724 4723 κοσμῆσαι

2142 4753 2433 4824 ἔμπειρον.

2213 4844 2316 4901 λα’.
2347 4844 2543 4914 Λόγοις
2585 4845 2644 4898 δὲ
2665 4845 2891 4916 ἀνιστᾷν
2923 4845 2993 4899 τά
3038 4844 3368 4899 πεπτωκότα
3397 4844 3724 4916 φρονήματα

2143 4936 2401 5007 στρατοῦ,
2452 4937 2550 4991 καὶ
2577 4936 2809 4992 ἐλπίδων
2859 4936 3138 5007 ἐμπλῆσαι
3182 4934 3426 5004 ἀγαθῶν,
3461 4934 3558 4988 καὶ
3584 4933 3725 4987 ὲτοίν

2148 5045 2281 5098 μους
2314 5027 2451 5099 πρὸς
2478 5029 2605 5092 τοὺς
2634 5029 2910 5093 κινδύνους
2939 5028 3359 5100 παρασκευάσαι
3383 5027 3628 5081 δυνατόν.

2212 5208 2314 5279 λβί.
2354 5210 2465 5263 Καὶ
2490 5209 2561 5265 τά
2581 5210 2939 5280 συντιθέμενα
2973 5209 3030 5264 δὲ
3052 5210 3086 5281 ἢ
3112 5208 3521 5281 ὁμολογούμενα
3544 5208 3714 5279 φυλάο

2143 5302 2227 5367 ﬁat
2245 5302 2618 5372 βεὸαιότερον.

2209 5392 2309 5463 λγ’.
2333 5394 2425 5466 Μὴ
2462 5393 2881 5464 παρασύρεσθαι
2903 5393 2958 5447 δὲ
2989 5393 3097 5447 ὑπὸ
3122 5392 3233 5447 τῶν
3269 5393 3327 5445 ἐν
3352 5391 3533 5458 λόγοις
3562 5390 3723 5443 δυνα-

2137 5486 2268 5545 τῶν.
2308 5484 2389 5551 οἷς
2420 5490 2618 5542 ἐκεῖνοι
2665 5489 2961 5556 παρέλκειν
3004 5489 3099 5542 τοῦ
3138 5488 3474 5558 καθήκοντος
3506 5484 3723 5549 ἐθέλον·-

2141 5598 2245 5646 σιν,
2284 5576 2421 5635 εἰναι
2454 5582 2511 5635 δὲ
2536 5581 2777 5651 ἀσφαλῆ.

2002 5674 2239 5741 NOTAE.
