4022 6438
366 361 469 423 689
1454 365 1671 425 TACTI
1676 366 1788 425 CA.
1822 387 1886 400 -·
1924 367 1977 427 Cl

2093 367 2430 429 STI'I‘UTIO
2479 370 2561 431 ΙΙ.

3507 375 3619 439 690

436 476 531 531 λδθ.
559 476 873 548 Χρημάτων
896 477 973 544 δὲ,
998 479 1079 543 είς
1102 480 1203 549 μὲν
1223 478 1416 550 ἡδονὰς
1440 482 1541 544 τὰς
1570 481 1787 545 ἑαυτοῦ,
1816 498 1943 549 φει-
1968 529 1977 540 ,

2117 484 2207 539 34.
2252 487 2309 539 1η
2337 487 2564 555 pecunia
2596 485 2965 541 consumenda
2993 486 3059 541 ad
3086 485 3491 556 conquirendos
3531 486 3637 543 sibi

366 570 612 640 δόμενον,
643 572 737 624 καὶ
759 570 960 641 ὀλίγοις
982 572 1344 642 ἀρκούμενον,
1364 573 1446 636 είς
1471 573 1530 627 δὲ
1553 574 1617 627 τὸ
1640 573 1953 644 εὐεργετεῖν

2093 578 2389 647 oluptates,
2452 579 2837 648 parcissimum
2895 593 2959 633 ac
3008 577 3441 649 frugalissimum
3496 597 3509 633 :
3567 580 3636 634 ad

364 664 494 724 τοὺς
522 661 615 715 ὐπ’
647 662 833 730 αὐτὸν,
889 663 986 717 καὶ
1018 665 1254 734 μάλιστα
1298 666 1380 730 είς
1410 666 1511 736 τὴν
1536 665 1677 736 ὑπὲρ
1706 664 1803 719 τοῦ
1832 682 1953 720 κοι-

2093 672 2472 725 onsensionem
2531 672 2877 735 vicinorum,
2926 679 2981 725 et
3034 670 3304 739 praecipue
3371 671 3427 724 in
3484 685 3637 725 sum-
3700 678 3706 684 '

365 751 460 804 νοῦ
486 752 758 824 δαπάνην,
801 752 1032 821 ἄφθονόν
1052 770 1112 807 τε
1140 754 1236 807 καὶ
1261 754 1608 825 ήπλωμένον.

2093 758 2241 813 tibus
2300 772 2402 829 pro
2457 758 2736 828 republica
2785 757 3073 822 faciendis,
3129 756 3340 828 largum
3392 766 3447 813 et
3500 758 3639 815 libeo

2057 850 2252 905 ralem.

437 928 532 983 λε’.
587 928 844 983 Τοιοῦτον
892 929 1075 984 τοίνυν
1134 930 1265 984 ὄντα
1309 930 1402 984 τὸν
1459 930 1957 1002 προχειριζόμενον

2127 940 2215 995 35.
2254 939 2308 994 Is
2340 939 2506 1009 igitur
2554 940 2857 1011 imperator
2884 939 3229 1010 designatus,
3270 942 3484 1011 qualem
3514 958 3639 997 ora-

370 1023 696 1093 στρατηγὸν,
720 1020 833 1077 οἷον
852 1024 881 1076 ὀ
904 1022 1061 1090 λόγος
1086 1022 1370 1095 ὑπέγραψε
1396 1026 1464 1092 τῇ
1494 1023 1676 1092 φύσει,
1717 1024 1811 1077 καὶ
1838 1024 1955 1087 τοῖς

2093 1046 2133 1085 :o
2186 1041 2375 1087 nostra
2418 1032 2741 1103 descripsit,
2776 1042 2994 1096 natura,
3044 1034 3291 1089 moribus
3320 1042 3375 1088 et
3416 1034 3637 1088 institu-

369 1113 547 1183 ἤθεσι,
579 1112 675 1168 xui.
721 1112 1139 1184 ἐπιτηδεύμασι,
1168 1114 1247 1167 δεῖ
1277 1116 1356 1179 είς
1392 1114 1490 1184 τὴν
1522 1114 1698 1184 ἀρχὴν
1728 1131 1955 1185 προχει-

2093 1128 2127 1180 is
2158 1123 2251 1179 ubi
2300 1124 2415 1194 jam
2463 1134 2661 1194 praeest
2707 1122 2997 1195 benignus,
3035 1123 3291 1188 aliabilis,
3352 1134 3641 1195 promptus

374 1205 633 1278 ρισθέντα
660 1206 758 1260 καὶ
799 1205 881 1259 ἔτι
911 1206 1113 1275 ἀγαθὸν
1139 1202 1304 1273 εἶναι,
1334 1207 1766 1278 εὐπροσήγορον,
1817 1207 1957 1260 ἕτοι-

2093 1214 2342 1285 tcilisque
2368 1214 2459 1269 sit.

375 1314 497 1369 μον,
530 1298 825 1367 ἀτάραχον.

444 1387 553 1452 λς’.
578 1387 669 1459 Μὴ
699 1386 873 1449 οὕτως
896 1387 1118 1459 ἐπιεικῆ
1149 1389 1244 1442 καὶ
1266 1390 1461 1459 πρᾶον,
1502 1388 1645 1442 ὥστε
1677 1405 1956 1461 καταφρο-

2130 1389 2220 1444 '56.
2251 1386 2365 1442 Nec
2388 1403 2519 1443 vero
2546 1397 2655 1444 tam
2683 1388 2925 1444 clemens
2949 1397 3003 1443 et
3027 1388 3181 1443 mitis
3212 1388 3283 1443 sit
3310 1395 3371 1443 ut
3399 1397 3642 1443 contem-

373 1480 605 1545 νεῖσθαι,
639 1479 775 1550 μηδὲ
803 1478 975 1543 οὕτως
1024 1479 1277 1550 φοϐερὸν,
1310 1478 1454 1533 ὥστε
1507 1480 1807 1564 μισεῖσθαι.
1841 1480 1959 1534 ’Ὶνα

2100 1488 2242 1544 atur,
2285 1492 2386 1534 nec
2422 1486 2529 1533 tam
2560 1493 2806 1543 severus,
2838 1488 2899 1533 ut
2932 1480 3061 1535 odio
3093 1480 3376 1544 habeatur,
3419 1495 3486 1533 ne
3516 1495 3644 1549 pro-

377 1570 515 1639 μήτε
534 1568 622 1622 διὰ
641 1568 739 1638 τὴν
760 1568 1021 1638 ἀμέλειαν
1048 1567 1252 1640 ὲκλύσῃ
1272 1569 1332 1621 τδ
1354 1567 1692 1640 στράτευμα,
1722 1567 1859 1641 [καὶ]
1878 1572 1957 1632 είς

2093 1578 2178 1625 ιον
2222 1569 2602 1640 negligentiam
2630 1569 2931 1624 exercitum
2966 1579 3021 1624 et
3046 1585 3263 1626 omnem
3288 1573 3391 1626 sub
3415 1570 3644 1640 imperio

375 1661 783 1731 καταφρόνησιν
823 1661 1029 1732 ἀγάγῃ,
1065 1661 1203 1732 μήτε
1229 1660 1317 1714 διὰ
1346 1662 1437 1715 τὸν
1468 1660 1636 1729 φόϐον
1663 1663 1762 1733 τῆς
1787 1661 1953 1717 αὐτοῦ

2094 1675 2162 1715 uo
2188 1659 2489 1730 subiectam
2522 1669 2840 1731 corrumpat
2864 1662 3096 1730 plebem,
3142 1677 3242 1717 nec
3286 1672 3476 1718 contra
3518 1678 3645 1733 pro-

377 1755 600 1825 ἀγάπης
620 1753 973 1825 ἁλλοτριώσῃ.

2093 1758 2181 1805 ter
2210 1751 2459 1803 timorem
2492 1748 2563 1805 ab
2604 1764 2792 1805 amore
2830 1751 2916 1805 sui
2962 1750 3181 1806 alienat.

449 1819 658 1910 1C.de
684 1845 731 1897 δ’
757 1819 892 1899 ἀλλα
919 1819 1020 1898 ὀσα
1042 1844 1148 1915 χρὴ
1172 1842 1359 1897 τοῦτον
1387 1844 1731 1914 ἐπιτηδεύειν
1755 1846 1813 1897 ὲν
1840 1849 1956 1910 ταῖς

2135 1841 2224 1896 57.
2276 1840 2503 1910 Reliqua
2536 1856 2877 1911 quaecunque
2923 1850 3139 1911 oportet
3187 1855 3313 1897 eum
3368 1841 3423 1896 in
3458 1840 3645 1912 quoti-

379 1936 904 2007 παρεμπιπτούσαις
933 1937 1241 2006 ἐπικαίροις
1269 1938 1594 2007 διοικήσεσι,
1620 1939 1716 1993 καὶ
1735 1939 1836 1993 ὃσα
1861 1957 1966 1993 πα-

2093 1932 2244 1989 lianis
2270 1944 2326 1988 et
2352 1932 2584 2002 singulis
2623 1948 2807 1988 rerum
2835 1933 3417 1990 administrationibus
3460 1934 3644 1990 susci-

381 2026 821 2101 ραφυλάττεσθαι
842 2026 971 2097 χρὴ,
1014 2025 1109 2080 νῦν
1138 2027 1236 2097 μὲν
1264 2026 1353 2081 διὰ
1376 2027 1439 2081 es
1465 2028 1671 2097 πλῆθος
1693 2028 1966 2081 συνεστεί-

2093 2042 2213 2093 ιρι-θ,
2280 2041 2427 2081 nunc
2486 2035 2706 2097 propter
2764 2027 3164 2095 longitudinem
3223 2028 3277 2082 in
3355 2036 3643 2098 angustum

379 2118 574 2186 λαμεν,
614 2117 672 2169 ὲν
695 2116 752 2169 δὲ
780 2114 859 2187 τῷ
892 2115 1086 2169 πλάτει
1109 2117 1207 2186 τῆς
1233 2119 1368 2187 παρ’
1400 2116 1559 2188 ήμῶν
1608 2118 1964 2190 ἑκτιθεμένης

2093 2117 2463 2179 :ontraximus,
2515 2117 2609 2172 sed
2647 2131 2713 2171 ea
2758 2117 2953 2187 inipso
3006 2118 3164 2187 quasi
3226 2118 3342 2172 salo
3379 2116 3645 2172 orationis

378 2212 643 2285 τακτικῆς
671 2211 983 2268 καθεκαστα
1015 2212 1490 2283 μνημονεύσομεν,
1525 2214 1627 2283 ὅση
1659 2212 1910 2284 δύναμις.

2093 2220 2267 2265 νοείτω
2318 2209 2387 2264 de
2439 2222 2499 2263 re
2556 2208 2778 2263 militari
2818 2208 3039 2285 habito,
3088 2210 3316 2265 scorsim
3379 2218 3643 2280 quantum

2066 2314 2358 2370 possumus
2380 2307 2709 2367 repetemus.

451 2388 555 2459 λη’.
580 2386 836 2440 Τοιοῦτον
864 2383 922 2439 δὲ
953 2386 1082 2439 ὄντα
1106 2385 1202 2439 καὶ
1230 2384 1405 2448 οὕτως
1425 2386 1852 2457 διατηρούμενον
1872 2388 1965 2441 τὸν

2137 2390 2227 2444 58.
2266 2388 2415 2443 Talis
2443 2388 2486 2443 si
2523 2388 2594 2443 sit
2619 2396 2673 2443 et
2695 2396 3009 2457 permaneat
3052 2387 3146 2457 qui
3192 2402 3221 2441 a
3260 2401 3427 2454 regno
3457 2397 3646 2441 nostro

383 2481 533 2551 παρὰ
552 2481 648 2549 τῆς
666 2477 941 2548 βασιλείας
953 2479 986 2547 ἡ
996 2477 1111 2547 μῶν
1137 2477 1249 2547 (16)
1271 2478 1757 2549 προχειριζόμενον
1770 2496 1967 2550 στρατ-

2093 2490 2364 2551 mperator
2390 2480 2633 2550 eligitur,
2687 2493 2975 2549 speramus
3009 2493 3134 2532 eum
3187 2477 3278 2531 Dei
3317 2478 3642 2542 bonitatem,

383 2573 518 2654 ηγόν
566 2570 860 2640 ἐλπίζομεν
910 2570 1073 2622 αὐτὸν
1121 2571 1216 2622 καὶ
1254 2569 1353 2639 τῆς
1386 2568 1480 2622 τοῦ
1513 2568 1648 2622 Θεοῦ
1671 2570 1965 2624 ἀπολαύειν

2093 2586 2310 2630 nostram
2345 2574 2800 2637 benevolentiam,
2851 2580 2906 2625 ct
2939 2570 3249 2639 reipublicae
3295 2571 3547 2635 salutem,
3596 2580 3650 2625 et

384 2664 693 2732 εὐμενείας,
750 2661 844 2716 καὶ
888 2661 989 2730 τῆς
1017 2661 1296 2731 ἡμετέρας
1331 2660 1566 2724 εὐνοίας,
1622 2661 1839 2731 καὶτῆς
1867 2660 1964 2715 τοῦ

2093 2684 2322 2739 nagnam
2346 2667 2488 2738 apud
2516 2681 2707 2721 omnes
2743 2665 3231 2730 existimationem,
3262 2672 3317 2719 et
3344 2666 3469 2718 vitze
3505 2673 3653 2717 tran-

384 2755 563 2809 κοινοῦ
596 2753 891 2824 σωτηρίας,
932 2752 1027 2807 xui.
1073 2753 1173 2823 τῆς
1216 2752 1368 2823 παρὰ
1414 2752 1635 2805 πάντων
1663 2752 1965 2822 εὐφημίας,

2093 2760 2390 2831 μιίΙΙίιειεηι
2446 2759 2502 2812 in
2548 2758 2769 2813 Christo
2802 2757 2911 2810 Deo
2973 2757 3093 2811 solo
3134 2756 3508 2811 universitatis
3554 2772 3651 2825 pe-

386 2847 481 2898 καὶ
505 2846 603 2915 τῆς
630 2844 772 2897 κατὰ
798 2845 890 2896 τὸν
922 2843 1035 2914 βίον
1054 2842 1354 2913 εὐημερίας
1383 2844 1441 2895 ὲν
1466 2842 1687 2913 Χριστῷ
1707 2842 1787 2912 τῷ
1820 2843 1968 2912 μόνῳ

2093 2850 2223 2905 enni
2253 2858 2310 2904 et
2353 2848 2691 2918 sempiterno
2741 2845 2889 2915 Rege
2930 2855 3400 2915 comparaturum.
3463 2846 3653 2917 Itaque

385 2936 590 3006 αἰωνίῳ
619 2936 712 2989 καὶ
741 2934 1007 3006 ἀδιαδόχῳ
1042 2934 1271 3004 βασιλεῖ.
1329 2933 1468 2987 Ἀλλ’
1512 2933 1685 2996 οὕτως
1744 2934 1844 3003 μὲν
1872 2934 1968 2986 καὶ

2093 2938 2136 2994 [(1
2168 2938 2313 2993 hunc
2343 2938 2569 2992 modum
2598 2936 2948 3007 imperatoris
2991 2935 3169 2991 forma
3214 2937 3507 3002 descripta,
3531 2945 3654 3005 ‘agc

384 3026 484 3096 τὴν
516 3024 607 3077 τοῦ
644 3023 947 3095 στρατηγοῦ
980 3024 1315 3076 κατάστασιν
1356 3023 1778 3093 ἀπαρτίσαντες,
1807 3023 1971 3091 φέρε,

2093 3030 2226 3098 [nasi
2252 3040 2381 3083 ante
2410 3029 2600 3083 oculos
2630 3028 2783 3097 regni
2830 3029 3005 3083 nostri
3051 3035 3511 3097 conspectumque
3556 3044 3655 3099 po-

383 3120 574 3173 τοῦτον
602 3120 767 3172 οἱονεὶ
812 3118 934 3171 κατ’
989 3116 1304 3187 ὀφθαλμοὺς
1352 3116 1452 3185 τῆς
1480 3115 1753 3185 ἡμετέρας
1792 3130 1965 3185 παρα-

2093 3137 2285 3186 tamus,
2319 3129 2373 3175 et
2396 3120 2496 3175 hac
2524 3120 2772 3189 sequenti
2800 3129 2983 3173 nostra
3011 3119 3409 3185 exhortatione,
3437 3136 3559 3190 quae
3600 3121 3655 3175 in

388 3210 716 3280 στησάμενοι
742 3208 1042 3279 βασιλείας,
1062 3208 1131 3260 τὰ
1154 3208 1432 3276 πρέποντα
1459 3206 1555 3261 xa‘.
1580 3207 1868 3277 πρόσφορα
1896 3207 1963 3278 τῇ

2093 3214 2291 3269 nilitari
2323 3223 2488 3284 atque
2533 3212 2882 3281 imperatoria
2917 3207 3035 3267 arte
3067 3214 3304 3269 maxime
3347 3212 3656 3269 necessaria

388 3303 726 3373 στρατηγικῇ
750 3316 809 3353 τε
837 3298 931 3352 καὶ
954 3301 1187 3369 τακτικῇ
1212 3300 1491 3369 ἐπιστήμῃ
1527 3296 1614 3349 διὰ
1642 3297 1740 3366 τῆς
1771 3294 1968 3366 ἑφεξῆς

2096 3304 2384 3375 doneaque
2407 3309 2560 3369 sunt,
2589 3302 2948 3372 explicemus.

388 3394 543 3464 ἡμῶν
584 3391 1039 3463 παρακελεύσεως
1080 3392 1521 3463 παραινέσωμεν.

457 3484 555 3539 λθ⁹.
581 3486 693 3556 Πρὸ
749 3484 850 3556 μὲν
905 3483 1016 3537 τῶν
1044 3484 1220 3537 ἄλλων
1248 3484 1508 3537 ἁπάντων
1529 3523 1544 3547 ,
1595 3477 1641 3536 ὧ
1672 3481 1967 3552 στρατηγὲ,

2147 3481 2237 3537 39.
2289 3478 2567 3547 Principio
2605 3477 2773 3546 igitur
2815 3485 2942 3530 ante
2986 3474 3201 3541 omnia,
3257 3490 3293 3530 ο
3340 3475 3655 3545 imperator,

389 3577 614 3650 πρώτην
644 3594 727 3630 σοι
755 3576 959 3647 ταύτην
990 3575 1393 3646 παρακέλευσίν
1420 3592 1479 3628 τε
1514 3574 1606 3627 καὶ
1644 3575 1970 3647 παραίνεσιν

2093 3574 2176 3629 ibi
2220 3575 2360 3628 hanc
2405 3571 2838 3625 cohortationem
2891 3577 2945 3623 et
2993 3576 3321 3638 praeceptum
3379 3567 3553 3632 trado,
3601 3577 3661 3621 ut

390 3667 713 3741 ποιούμεθα,
775 3669 917 3723 ὥστε
953 3667 1229 3735 θεοφιλίας
1262 3668 1356 3720 καὶ
1405 3666 1752 3737 δικαιοσύνης
1784 3669 1973 3736 ὲπιμε·

391 3759 622 3823 λείσθαι,
674 3759 768 3812 καὶ
794 3753 906 3810 οἷον
952 3758 1085 3828 ὀρᾷν
1108 3756 1375 3826 διηνεκῶς
1421 3755 1531 3828 πρὸ
1553 3756 1849 3826 ὀφθαλμῶν
1878 3755 1972 3809 τὸν

391 3852 523 3905 Θεὸν
553 3852 647 3904 καὶ
675 3847 961 3919 φοϐεῖσθαι
990 3848 1175 3912 αὐτὸν,
1208 3848 1302 3901 καὶ
1346 3848 1568 3917 ἀγαπᾷν
1603 3846 1662 3911 ἐξ
1717 3847 1845 3918 ὅλης
1872 3847 1973 3916 τῆς

394 3942 621 4012 καρδίας
654 3958 772 4005 σου,
807 3939 905 3993 καὶ
945 3939 1003 4005 ἐξ
1034 3938 1160 4007 ὅλης
1193 3939 1291 4007 τῆς
1336 3937 1515 4007 ψυχῆς
1572 3953 1689 3999 σου,
1724 3936 1820 3989 καὶ
1853 3934 1972 4005 μετ’

394 4039 602 4089 ἐκεῖνον
632 4035 801 4105 ἡμᾶς,
831 4033 926 4085 καὶ
957 4030 1055 4094 τὰς
1087 4028 1254 4083 αὐτοῦ
1310 4028 1552 4081 ἐκτελεῖν
1586 4026 1829 4093 ἐντολὰς,
1880 4027 1975 4080 καὶ

394 4126 493 4198 τὴν
522 4124 733 4179 ἐκείνου
761 4120 1049 4191 εὐμένειαν
1081 4122 1146 4173 ὲκ
1191 4119 1383 4172 τούτου
1432 4117 1973 4189 προσλαμβάνεσθαι,

396 4220 487 4274 ἶνα
514 4220 562 4272 εί
596 4217 691 4271 καὶ¹
713 4214 1118 4286 τολμηρότερον
1151 4209 1321 4265 είπὼν
1368 4209 1550 4280 καιρῷ
1600 4209 1976 4280 περιστάσεως

396 4310 472 4372 ὠς
498 4307 655 4377 φίλος
699 4306 860 4377 φίλῳ,
886 4303 966 4375 τῷ
999 4302 1164 4373 κοινῷ
1194 4300 1442 4373 Δεσπότῃ
1468 4298 1688 4370 θαρρὦ
1722 4297 1979 4352 πεποιθό-

395 4416 505 4461 τως
554 4397 835 4470 προσεύχῃ
864 4434 880 4460 ,
927 4395 1021 4448 καὶ
1043 4396 1141 4463 τῆς
1168 4391 1442 4462 σωτηρίας
1473 4390 1570 4454 τὰς
1596 4390 1817 4454 ἐλπίδας
1840 4390 1980 4460 ἔχων

2077 3666 2334 3736 pietatem
2364 3672 2420 3717 et
2445 3660 2716 3732 justitiam
2746 3660 2919 3724 colas,
2945 3667 3001 3713 et
3044 3659 3266 3713 assidue
3308 3666 3433 3712 ante
3472 3659 3660 3712 oculos

2084 3758 2253 3813 Deum
2283 3754 2508 3819 habeas,
2542 3754 2698 3808 illum
2729 3751 3056 3816 reverearis,
3102 3751 3364 3820 omnique
3406 3751 3571 3805 corde
3607 3760 3662 3803 et

2081 3854 2265 3901 mente
2289 3854 2383 3900 tua
2414 3843 2569 3897 illum
2607 3840 2824 3911 diligas,
2872 3850 2923 3895 et
2984 3840 3287 3896 secundum
3338 3840 3490 3894 illum
3533 3855 3658 3902 nos,

2081 3944 2133 3993 et
2170 3936 2317 3991 illius
2365 3935 2631 4005 imperata
2679 3932 2871 3996 facias,
2923 3941 2980 3987 et
3033 3932 3182 3988 illius
3232 3934 3660 3988 benevolentiam

2082 4029 2210 4086 inde
2235 4028 2513 4097 acquiras,
2555 4035 2616 4081 ut
2648 4025 2930 4097 (audacter
2959 4038 3092 4080 sane
3129 4025 3352 4079 videbor
3372 4024 3543 4095 loqui)
3577 4025 3662 4077 in-

2084 4118 2533 4193 gravescentibus
2602 4116 2977 4187 temporibus,
3050 4117 3210 4186 quasi
3281 4116 3460 4170 amico
3553 4113 3664 4169 Deo

2084 4214 2329 4271 omnium
2360 4212 2706 4267 dominatore
2751 4208 2945 4274 fretus,
2978 4223 3101 4263 cum
3151 4209 3345 4263 llducia
3390 4208 3538 4263 illum
3567 4208 3664 4261 de-

2085 4304 2351 4378 preceris,
2396 4310 2452 4357 et
2489 4317 2641 4372 spem
2675 4301 2869 4357 salutis
2910 4300 2965 4354 in
3018 4299 3113 4355 illo
3157 4315 3364 4371 ponens
3400 4300 3573 4354 amice
3597 4300 3670 4352 ab

2088 4396 2180 4451 illo
2228 4394 2449 4467 quidvis
2494 4393 2817 4449 contendas.
2853 4388 3232 4446 Fidelissimus
3258 4398 3341 4447 est
3383 4390 3528 4445 enim
3572 4386 3666 4458 qui

396 4489 601 4562 ταύτην
630 4487 797 4542 αὐτοῦ
823 4486 1013 4555 φιλίως
1044 4484 1290 4554 ὲξαιτῇς.
1333 4481 1596 4552 Ἀψευδὴς
1626 4482 1738 4553 γάρ
1770 4483 1919 4535 ἔστιν
1952 4482 1977 4533 ὀ

2093 4489 2268 4544 dixit:
2326 4486 2677 4541 Voluntatem
2734 4486 3046 4542 timentium
3081 4500 3207 4540 eum
3242 4484 3427 4547 faciet,
3478 4497 3671 4552 preces

396 4580 568 4634 εἰπών
592 4597 605 4611 ·
639 4579 862 4649 Θέλημα
889 4574 997 4629 τῶν
1031 4573 1382 4649 φοϐουμένων
1406 4572 1570 4626 αὐτὸν
1601 4573 1841 4641 ποιήσει,
1884 4569 1980 4623 καὶ

395 4673 495 4743 τῆς
528 4672 761 4741 δεήσεως
788 4668 969 4722 αὐτῶν
993 4665 1400 4728 είσακούσεται,
1437 4663 1530 4716 καὶ⁵
1553 4660 1719 4715 σώσει
1755 4661 1977 4724 αὐτούς.

474 4763 547 4835 μ’.
576 4764 716 4817 Ἰσθι
750 4762 857 4831 γάρ
897 4776 949 4813 τι
997 4757 1147 4821 θείας
1202 4756 1489 4825 εὐμενείας
1520 4754 1678 4817 ἐκτὸς
1730 4754 1833 4806 οὐκ
1864 4753 1981 4805 ἔστι

399 4859 579 4921 καλῶς
602 4853 1015 4926 κατορθωθῆναι
1047 4852 1262 4922 βουλὴν,
1294 4851 1398 4905 κᾶν
1437 4850 1701 4921 φρόνιμος
1728 4847 1868 4903 εἶναι
1900 4850 1981 4903 δό-

402 4952 520 5025 ξῃς,
539 4948 662 5005 οὐτε
701 4947 817 4999 ἐστι
858 4944 1133 5013 πολεμίων
1165 4941 1568 5012 περιγίνεσθαι,
1594 4941 1700 4996 κᾶν
1730 4942 1978 5006 ἀσθενεῖς

399 5044 597 5095 ἐκείνοι
627 5039 979 5108 νομίζωνται,
1003 5034 1092 5087 διὰ
1140 5033 1200 5087 τὸ
1245 5032 1423 5087 πάντα
1452 5033 1509 5085 ὲν
1538 5034 1605 5102 τῇ
1632 5032 1860 5104 προνοίᾳ
1888 5032 1981 5085 τοῦ

400 5129 536 5185 Θεοῦ
571 5129 811 5192 κεῖσθαι,
865 5126 961 5179 καὶ
1004 5125 1141 5178 αὐτᾶ
1173 5122 1244 5177 τὰ
1297 5122 1556 5193 ἐλάχιστα
1591 5122 1854 5175 δοκοῦντα
1882 5122 1981 5193 τὴν

401 5221 567 5277 αὐτοῦ
588 5220 847 5294 πρόνοιαν
869 5218 1114 5271 διοικεῖν.

475 5313 586 5385 μα’.
617 5314 829 5382 Ὥσπερ
876 5310 985 5379 γὰρ
1031 5307 1372 5376 κυϐερνήτης
1400 5305 1608 5370 πλοίου,
1667 5304 1769 5358 κᾶν
1834 5306 1978 5360 πάνυ

400 5404 624 5476 ἄριστός
646 5403 786 5466 ἐστι,
810 5399 919 5462 τῶν
940 5397 1158 5469 ἀνέμων
1186 5394 1369 5459 καλῶς
1394 5394 1473 5465 μὴ
1501 5394 1771 5449 πνεόντων
1800 5394 1982 5465 ἄπρα-

2082 4594 2271 4635 eorum
2294 4576 2498 4641 audiet,
2530 4584 2586 4631 et
2612 4574 2858 4630 servabit
2886 4590 3005 4630 eos.

2147 4756 2237 4813 ιι).
2274 4755 2439 4811 Certo
2466 4754 2614 4809 enim
2646 4756 2813 4816 scias,
2866 4752 3075 4820 absque
3111 4748 3296 4803 divina
3344 4742 3671 4799 benevolen.

2080 4850 2177 4913 tia,
2210 4863 2524 4919 quanquam
2569 4861 2769 4913 magna
2802 4841 3089 4914 prudentia
3143 4854 3267 4894 esse
3311 4836 3567 4901 videaris,
3620 4844 3673 4890 te

2092 4944 2240 5012 quod
2302 4938 2460 5008 cupis
2522 4937 2752 4992 minime
2806 4934 3200 5005 praestiturum,
3262 4943 3441 4999 neque
3488 4928 3675 4983 hostes

2090 5032 2348 5103 quamvis
2379 5029 2624 5085 imbelles
2652 5036 3039 5096 superaturum
3066 5040 3081 5078 :
3111 5023 3239 5093 quia
3269 5021 3452 5076 omnia
3486 5018 3672 5074 divina

2091 5120 2426 5193 providentia
2476 5118 2847 5181 continentur,
2883 5123 2937 5169 et
2967 5129 3088 5184 qua:
3128 5110 3497 5167 minutissima
3522 5119 3673 5171 sunt,

2087 5214 2234 5268 illius
2268 5222 2445 5265 tamen
2475 5206 2813 5278 providentia
2851 5203 3328 5259 administrantur.

2152 5303 2245 5357 Η.
2332 5298 2805 5367 Quemadmodum
2883 5296 3029 5351 enim
3088 5295 3426 5367 gubernator
3478 5296 3672 5352 navis,

2090 5408 2405 5465 quanquam
2431 5391 2586 5446 valde
2618 5392 2826 5462 peritus
2849 5390 2945 5454 sit,
2971 5388 3017 5444 si
3037 5388 3184 5442 venti
3240 5387 3423 5440 minus
3451 5381 3676 5439 secundi

1920 5505 2158 5569 NOTAE.

476 5632 588 5703 (16)
620 5628 785 5699 Παρὰ
803 5629 914 5699 τῆς
928 5628 1252 5703 ,βασιλείας
1276 5624 1472 5703 ἡμῶν..
1490 5623 1981 5703 νενιθηόιιῃιονπιι

408 5706 452 5759 Α
477 5695 757 5773 majestate
782 5695 987 5773 nostra.
1032 5697 1102 5773 lit
1148 5695 1335 5773 etiam;
1351 5696 1513 5765 paulo
1552 5704 1677 5762 post
1714 5712 1727 5745 :
1774 5695 1984 5773 ’ᾨσπερ

405 5774 515 5855 πρὸ
548 5765 653 5827 τῶν
679 5770 973 5843 ὀφθαλμῶν
1022 5768 1121 5837 τῆς
1169 5765 1444 5839 ἡμετέρας
1500 5766 1983 5839 παραστησάμενοι

2094 5626 2394 5749 βαλσιίλείας.
2447 5622 2753 5681 Videndum
2806 5618 3143 5679 Glossarium
3202 5622 3451 5673 nostrum
3487 5610 3541 5665 in
3580 5607 3673 5682 βα.

2095 5713 2145 5749 σι
2182 5714 2206 5749 ε
2234 5714 2288 5749 α.

2095 5713 2288 5751 σιΑεια.
