4022 6434
392 342 495 405 691

1656 354 1855 417 LEON
1861 355 1933 416 IS
1961 356 2423 427 PHILOSOPHI

3549 380 3651 441 692

393 450 619 516 fuerint,
652 463 821 507 artem
848 453 1010 508 habet
1034 468 1171 523 pene
1218 454 1459 524 inanem,
1491 458 1575 513 sin
1606 471 1825 515 ventum
1864 477 1951 516 na-

2073 483 2199 521 κτον
2230 469 2341 539 ἔχει
2378 472 2477 543 τὴν
2507 473 2722 543 τέχνην·
2756 474 2852 529 ἐὰν
2893 476 2949 529 δὲ
2982 476 3203 543 τούτους
3253 484 3655 557 προσλάϐηται,

392 552 516 598 ctus
560 542 723 597 fuerit
755 552 809 597 et
842 554 1015 597 artem
1057 560 1213 599 suam
1246 562 1467 616 quoque
1508 550 1843 618 adjunxerit,
1875 568 1968 608 ce-

328 668 337 677 -
394 633 603 690 leritate
658 650 878 689 cursum
942 636 1172 692 feliciter
1217 638 1459 709 duplicat
1500 657 1514 694 :
1557 642 1638 697 sic
1670 643 1968 713 imperator

393 726 587 789 bonus,
611 727 654 779 si
682 726 1117 781 benevolentiam
1155 728 1248 784 Dei
1277 731 1579 802 collegerit,
1612 734 1802 803 copias
1835 751 1966 792 suas

392 830 700 885 munusque
738 815 1148 885 imperatorium
1193 836 1317 876 cum
1356 824 1633 893 vigilantia
1668 826 1968 883 industria-

389 917 495 970 que
529 902 664 957 bene
692 904 1117 973 administrabit,
1141 916 1195 962 et
1217 913 1657 968 commendatum
1681 914 1788 970 sibi
1806 930 1966 970 exer-

390 994 558 1046 citum
613 994 732 1049 sine
779 994 1083 1053 offensione
1142 1010 1310 1071 reget,
1362 1011 1416 1056 et
1451 1005 1823 1074 magnitudine
1873 1022 1965 1062 sa-

387 1083 603 1152 pientiae
637 1099 750 1139 suae
776 1086 964 1142 hostes
992 1090 1348 1159 oppugnabit.
1394 1091 1486 1147 Dei
1512 1095 1656 1148 enim
1682 1097 1965 1165 providen-

388 1170 463 1225 tia
493 1173 676 1227 omnia
714 1175 911 1243 partim
953 1177 1021 1231 ad
1064 1178 1347 1232 utilitatem
1394 1179 1631 1246 docebit,
1665 1181 1860 1250 partim
1894 1183 1959 1237 ad

386 1261 591 1316 bonum
624 1263 829 1319 exitum
862 1266 1131 1322 traducet.
1168 1268 1268 1323 Hic
1307 1269 1469 1339 igitur
1512 1272 1617 1324 lide
1648 1272 1958 1341 religiosus,

259 1372 273 1383 -
387 1354 442 1406 in
466 1355 631 1409 rebus
668 1357 894 1427 agendis
924 1358 1129 1426 justus,
1158 1361 1318 1429 quasi
1345 1360 1702 1418 fundamento
1734 1364 1876 1419 bono
1906 1374 1960 1419 et

386 1445 566 1499 stabili
592 1446 760 1517 jacto,
810 1448 1020 1519 reliqua
1060 1449 1203 1505 bona
1235 1461 1502 1509 exstruet.

455 1622 547 1676 42.
586 1622 729 1679 Mitis
778 1640 845 1679 ac
900 1629 1121 1683 sedatus
1166 1630 1265 1685 ﬁas
1299 1632 1566 1690 adversus
1616 1650 1712 1691 eos
1765 1640 1857 1707 qui
1908 1648 1959 1696 te

383 1716 756 1770 conveniunt:
797 1717 1010 1787 eﬂ'egali
1040 1722 1185 1775 enim
1219 1739 1400 1780 mores
1435 1726 1611 1783 odiosi
1659 1738 1824 1799 atque
1870 1731 1958 1786 in-

384 1802 691 1860 tolerabiles
733 1806 891 1861 ﬁunt.

452 1894 541 1947 45.
571 1893 630 1949 ln
655 1896 776 1951 vitae
806 1900 1146 1971 vestitusque
1177 1904 1326 1959 cultu
1356 1905 1585 1977 simplex
1622 1910 1720 1965 ﬁas
1752 1920 1807 1965 et
1839 1912 1959 1967 fru-

380 1985 559 2053 galis:
591 1985 753 2043 luxus
789 1989 936 2044 enim
967 1995 1310 2050 necessarios
1336 2008 1588 2067 sumptus
1629 2000 1698 2055 ad
1726 2002 1955 2059 nihilum

380 2078 655 2132 cxhaurh.

448 2168 538 2222 44.
578 2167 870 2240 Vigilanter
912 2180 967 2226 et
1006 2172 1296 2241 industrie,
1334 2192 1442 2232 non
1492 2179 1823 2250 negligenter
1850 2192 1949 2237 aut

378 2259 805 2331 solute'negotia
841 2264 1062 2335 suscipe
1093 2282 1107 2320 :
1141 2267 1420 2337 diligentia
1459 2272 1607 2326 enim
1638 2283 1693 2327 et
1716 2276 1952 2331 assidui-

378 2360 464 2405 tas
520 2367 609 2406 res
654 2368 877 2423 asperas
934 2364 986 2409 et
1034 2356 1294 2414 molestas
1340 2359 1503 2416 facile
1536 2365 1758 2420 conﬁcit
1808 2368 1953 2437 :qui

376 2455 563 2499 autem
593 2444 647 2499 in
680 2460 741 2501 re
773 2446 987 2517 agenda
1010 2448 1294 2522 negligens
1313 2460 1419 2521 est,
1446 2451 1517 2508 ab
1539 2454 1658 2525 ipsa
1689 2471 1748 2513 re
1770 2458 1956 2528 negle-

377 2545 502 2593 ctus
529 2537 656 2593 erit.

444 2718 537 2774 45.
583 2718 640 2775 In
678 2722 843 2779 rebus
889 2724 1102 2797 magnis
1128 2733 1180 2782 et
1237 2731 1566 2788 necessariis
1598 2734 1734 2790 nihil
1782 2736 1953 2794 facias

374 2810 495 2866 sine
522 2813 752 2869 consilio
782 2832 796 2869 :
829 2816 913 2873 sin
966 2818 1143 2875 serius
1204 2822 1496 2879 consilium
1529 2827 1758 2895 ceperis,
1804 2832 1952 2899 quod

316 2940 323 2949 ρ
373 2904 685 2959 consultum
715 2916 801 2962 est
848 2908 969 2965 sine
1014 2910 1124 2965 ulla
1168 2912 1429 2971 dilatione
1465 2927 1562 2971 aut
1611 2918 1952 2978 haesitatione

372 2992 643 3060 perﬁcias,
678 2996 1140 3065 quemadmodum
1190 3000 1246 3056 in
1278 3004 1695 3074 egritudinibus
1744 3011 1945 3069 medici

373 3080 586 3138 faciunt
1820 3144 1825 3149 -

444 3175 535 3231 46.
563 3176 837 3249 Subjectis
858 3181 965 3239 tuis
984 3191 1036 3239 te
1057 3185 1111 3237 in
1134 3186 1392 3241 omnibus
1412 3203 1628 3259 aequum
1652 3193 1949 3252 exhibeas:

373 3262 509 3317 nihil
541 3265 649 3320 ulla
679 3281 805 3321 cum
835 3269 1125 3340 iniquitate
1150 3284 1246 3327 aut
1276 3275 1459 3331 studio
1496 3283 1756 3349 partium,
1785 3300 1949 3355 quam

372 3369 735 3423 personarum
789 3363 1160 3432 acceptionem
1211 3377 1433 3435 vocant,
1495 3372 1591 3426 sed
1640 3376 1945 3433 secundum

366 3445 599 3517 justitite
628 3460 878 3506 naturam
902 3470 970 3509 ex
993 3471 1151 3526 aequo
1174 3466 1231 3512 et
1256 3458 1396 3515 bono
1411 3464 1594 3517 omnia
1629 3476 1945 3534 pertractes.

445 3539 538 3594 47.
574 3539 686 3596 Nec
710 3541 1013 3601 dissolutus
1044 3556 1143 3603 aut
1177 3550 1457 3622 negligens
1484 3555 1562 3610 sis
1593 3556 1650 3611 in
1678 3559 1951 3616 vindican-

370 3630 459 3686 dis
485 3630 705 3703 flagitiis
738 3649 768 3687 a
803 3636 1127 3707 negligentia
1157 3650 1255 3696 aut
1299 3642 1648 3713 improbitate
1686 3652 1845 3717 ortis,
1890 3662 1950 3709 ut

370 3722 654 3779 modestus
681 3724 913 3782 videaris
943 3743 1066 3785 esse
1092 3747 1107 3784 :
1141 3747 1318 3803 neque
1353 3736 1498 3791 enim
1528 3741 1809 3797 modestiae
1840 3759 1946 3809 εει,

372 3810 427 3866 in
474 3812 636 3869 rebus
676 3815 1025 3885 potissimum
1084 3824 1438 3891 necessariis,
1485 3826 1820 3898 improbitati
1853 3845 1948 3890 aut

371 3902 627 3971 nequitiae
665 3905 871 3975 aliquid
906 3911 1228 3978 concedere,
1284 3930 1464 3984 neque
1514 3931 1704 3977 contra
1745 3923 1814 3979 ad
1860 3941 1949 3981 se-

370 3993 617 4050 veritatis
660 4000 1083 4057 ostentationem
1127 4008 1417 4062 temerarie
1444 4018 1501 4064 et
1548 4011 1749 4069 indicta
1782 4030 1948 4072 causa

370 4084 699 4153 supplicium
738 4089 807 4143 de
837 4090 1024 4161 aliquo
1043 4108 1263 4152 sumere
1293 4114 1308 4152 :
1342 4096 1476 4153 illud
1523 4100 1669 4156 enim
1705 4114 1950 4160 contem-

370 4184 525 4243 ptum
558 4186 723 4247 atque
751 4184 1155 4240 contumaciam
1189 4188 1354 4257 parit,
1388 4191 1493 4246 hoc
1524 4201 1710 4249 autem
1735 4194 1947 4265 justum

370 4264 559 4320 odium
585 4276 641 4321 et
672 4268 886 4327 fructus
918 4288 984 4328 eo
1013 4275 1230 4344 dignos.
1259 4276 1506 4335 Perbona
1538 4294 1719 4338 autem
1740 4264 1841 4342 res
1864 4298 1948 4345 est

372 4355 540 4410 timor
596 4372 721 4412 cum
769 4361 982 4429 justitia
1025 4374 1124 4420 :et
1185 4379 1309 4437 post
1349 4371 1556 4427 crimen
1611 4378 1946 4445 propositum

366 4450 513 4520 justa
547 4454 974 4525 animadversio,
1010 4476 1134 4529 qua:
1162 4479 1271 4517 non
1318 4468 1670 4536 supplicium,
1705 4472 1802 4527 sed
1854 4490 1945 4530 ca-

371 4542 589 4609 stigatio
618 4547 867 4614 quaedam
895 4564 926 4602 a
955 4550 1291 4620 sapientibus
1323 4558 1657 4615 nominatur.

443 4634 626 4690 48.1n
675 4638 869 4708 primis
916 4642 983 4696 ad
1026 4642 1224 4699 bellum
1273 4638 1539 4715 armatus,
1595 4653 1698 4707 hoc
1743 4658 1944 4728 cogita,

370 4726 572 4782 bellum
597 4744 720 4785 esse
740 4732 951 4800 justum
977 4736 1121 4803 quod
1165 4741 1496 4808 susceperis,
1546 4758 1645 4798 nec
1678 4726 1946 4805 violentas

370 4826 466 4872 aut
519 4819 754 4887 injustas
798 4839 993 4880 manus
1037 4826 1287 4884 hostibus
1333 4821 1549 4899 afferas,
1586 4836 1692 4892 nisi
1735 4840 1946 4908 priores

371 4909 447 4964 illi
481 4924 701 4982 propter
727 4926 1042 4972 consuetam
1091 4918 1312 4975 illorum
1358 4923 1689 4992 impietatem
1724 4933 1947 5001 expedio

371 5002 575 5058 tionem
607 5003 891 5075 facientes,
923 5017 1169 5066 nostram
1202 5011 1464 5068 ditionem
1493 5015 1775 5076 invadant.

439 5186 530 5241 49.
564 5185 699 5242 Nam
764 5203 891 5245 cum
953 5205 1054 5246 nos
1114 5208 1331 5263 semper
1385 5211 1597 5265 pacem,
1654 5211 1768 5258 tum
1816 5220 1944 5278 erga

369 5278 667 5348 subjectos,
714 5289 830 5335 tum
888 5298 1016 5353 erga
1067 5294 1348 5353 externos,
1397 5298 1617 5360 propter
1661 5294 1944 5356 Christum

368 5373 739 5430 universitatis
753 5374 953 5444 Regem
968 5384 1024 5431 et
1040 5375 1210 5432 Deum
1228 5381 1678 5451 complectamur,
1700 5389 1744 5445 si
1759 5403 1946 5461 gentes

368 5471 487 5524 suis
516 5470 739 5527 inclusa:
769 5472 971 5527 ﬁnibus
1002 5482 1272 5529 contentae
1296 5475 1423 5543 sint,
1458 5480 1772 5553 nullamque
1799 5489 1946 5559 inju-

373 5562 510 5614 riam
546 5561 749 5617 inferre
778 5566 1054 5633 studeant,
1081 5574 1192 5621 tum
1228 5575 1285 5623 tu
1317 5585 1514 5629 manus
1547 5575 1616 5630 ab
1643 5576 1752 5634 illis
1778 5582 1945 5638 absti-

374 5664 530 5713 neas,
559 5667 733 5722 neque
764 5656 1030 5724 sanguine
1067 5656 1326 5714 intestino
1354 5671 1449 5717 aut
1484 5674 1711 5724 externo
1739 5682 1939 5729 terram

375 5738 588 5808 polluas
622 5759 636 5795 :
671 5760 792 5811 quae
818 5746 960 5800 enim
992 5755 1046 5803 tu
1086 5748 1190 5805 illis
1213 5753 1647 5825 cxprohravcris,
1675 5764 1817 5833 quod
1851 5766 1942 5821 ho-

2073 559 2173 631 εχῃ
2196 561 2252 613 δὲ
2283 563 2376 615 καὶ⁵
2409 565 2507 634 τὴν
2562 567 2759 636 τέχνην
2785 569 3264 639 συμπράττουσαν,
3297 573 3520 627 διπλοῦν
3558 578 3650 630 τὸν

2071 648 2270 718 δρόμον
2302 652 2397 705 τοῦ
2419 655 2603 708 πλοίου
2644 660 2740 712 σὺν
2771 660 3039 732 ἀσφαλείᾳ
3072 666 3303 716 ποιεῖται
3328 680 3341 694 ⁸
3381 665 3524 719 οὕτω
3554 671 3648 723 καὶ

2070 741 2293 812 ἄριστος
2316 748 2642 817 στρατηγὸς,
2672 750 2767 804 ἐὰν
2793 752 2892 822 τὴν
2930 754 3217 822 εὐμένειαν
3262 754 3358 807 τοῦ
3393 756 3527 810 Θεοῦ
3571 762 3651 811 ἐν-

2072 836 2321 907 δύσηται,
2345 844 2442 896 καὶ
2466 847 2530 915 τῇ
2558 845 2731 913 τάξει,
2766 851 2831 919 τῇ
2886 848 3208 922 στρατηγίᾳ,
3246 857 3642 926 συναγρυπνίᾳ,

2072 931 2165 982 καὶ
2201 934 2487 1005 ἐπιμελείᾳ
2515 939 2785 1009 χρήσηται
2812 941 3012 1006 καλῶς,
3056 944 3151 996 καὶ
3188 945 3277 998 τὸν
3317 948 3643 1019 πιστευόμε-

2071 1036 2161 1073 νον
2192 1022 2340 1091 αὐτῷ
2379 1027 2607 1095 στρατὸν
2630 1028 2886 1097 ἀσφαλῶς
2916 1031 3188 1103 διοικήσῃ,
3241 1037 3334 1089 καὶ
3364 1039 3428 1106 τῇ
3462 1039 3643 1091 ποικί-

2070 1109 2137 1181 λῃ
2175 1113 2369 1186 γνώμῃ
2400 1116 2508 1168 τῶν
2554 1118 2763 1189 ἐχθρῶν
2816 1123 3371 1194 ἀντιστρατεύσασθαι
3396 1128 3640 1184 δύναται.

2081 1200 2144 1255 Ἦ
2168 1204 2276 1273 γὰρ
2326 1207 2418 1259 τοῦ
2473 1208 2605 1261 Θεοῦ
2641 1212 2867 1280 πρόνοια
2901 1213 2969 1266 τά
2995 1215 3093 1285 μὲν
3118 1218 3319 1283 διδάξει
3341 1220 3477 1292 πρὸς
3504 1239 3644 1289 συμ-

2067 1294 2251 1364 φέρον,
2274 1296 2341 1350 τά
2368 1295 2424 1349 δέ
2450 1299 2583 1370 πρὸς
2608 1301 2811 1365 ἀγαθὸν
2840 1303 2991 1367 τέλος
3011 1307 3417 1363 ἀποτελειὼσει.
3448 1310 3641 1363 Τοιοῦ-

2064 1392 2155 1443 τος
2175 1382 2371 1445 τοίνυν,
2409 1386 2636 1457 εὐσεϐὴς
2669 1390 2768 1457 μὲν
2795 1393 2924 1461 περὶ
2952 1396 3051 1461 τὴν
3099 1398 3302 1463 πίστιν,
3339 1400 3546 1464 δίκαιος
3584 1401 3641 1455 δέ

2066 1473 2194 1542 περὶ
2226 1475 2324 1537 τὰς
2359 1476 2586 1546 πράξεις
2635 1480 2917 1552 ὑπάρχων,
2956 1485 3146 1558 ὥσπερ
3172 1491 3408 1562 θεμελίῳ
3453 1493 3642 1563 ἀγαθῷ

2064 1563 2157 1616 καὶ
2184 1565 2464 1637 ἀσαλεύτῳ
2495 1568 2587 1621 καὶ
2615 1569 2682 1621 τά
2703 1571 2838 1624 ἄλλα
2869 1574 3048 1642 ἀγαθά
3075 1578 3446 1649 ἐποικοδομεῖ.

2138 1652 2248 1721 μϐ’.
2272 1656 2450 1725 Πρᾶος
2477 1656 2657 1724 γενοῦ,
2677 1661 2771 1712 καὶ
2792 1661 3068 1734 ἀτάραχος
3094 1668 3207 1730 τοῖς
3232 1670 3637 1739 ἐντυγχάνουσι.

2062 1741 2135 1794 Τὸ
2165 1745 2273 1815 γάρ
2306 1746 2496 1818 άγριον
2530 1748 2625 1803 τοῦ
2658 1751 2822 1821 ἦθους
2855 1758 3082 1827 μισητὸν
3117 1761 3212 1811 καὶ
3247 1764 3503 1830 φευκτόν.

2136 1924 2247 1987 μγ¹.
2272 1920 2431 1985 Λιτὸς
2462 1940 2519 1976 τε
2547 1926 2641 1980 καὶ
2663 1927 2867 1993 ἁπλοῦς
2890 1934 3020 2003 περὶ
3059 1936 3159 2004 τὴν
3183 1938 3400 1997 δίαιταν
3449 1948 3544 1999 καὶ¹
3579 1951 3641 2002 τὸ

2061 2006 2286 2080 ἔνδυμα,
2345 2012 2443 2077 τάς
2492 2016 2794 2086 ἀναγκαίας
2837 2022 3086 2091 δαπάνας
3120 2031 3200 2094 είς
3224 2034 3453 2102 μάταιον
3486 2038 3640 2103 ἐξαν-

2059 2102 2180 2174 τλᾷ.

2131 2197 2234 2266 μδ’.
2284 2199 2603 2272 Ἀγρύπνως
2633 2206 2690 2259 δέ
2732 2209 2826 2263 καὶ
2864 2211 3143 2284 ἐπιμελῶς
3181 2220 3294 2283 τοῖς
3322 2222 3641 2293 ἀναγκαίοις

2059 2288 2382 2360 πράγμασιν
2428 2294 2713 2367 ἐγχειρῶν,
2745 2300 2942 2373 καὶμὴ
2978 2304 3239 2376 ῥᾳθύμως
3274 2310 3371 2363 καὶ
3399 2288 3636 2381 ἀμελῶς.

2074 2377 2138 2431 Ἢ
2167 2380 2275 2452 γάρ
2324 2383 2613 2454 ἐπιμέλεια
2650 2389 2746 2444 καὶ
2801 2393 3037 2465 ἐπιμονὴ
3084 2399 3272 2454 καὶτὰ
3322 2377 3463 2457 πάνυ
3508 2377 3638 2460 δυσ-

2056 2471 2190 2539 χερῆ
2251 2472 2361 2525 τῶν
2412 2478 2756 2547 πραγμάτων
2819 2482 3058 2551 εὐκόλως
3128 2491 3419 2562 κατορθοῖ,
3470 2497 3566 2549 καὶ
3610 2500 3638 2551 ό

2056 2562 2415 2631 καταφρονῶν
2460 2568 2786 2638 πράγματος
2835 2579 3378 2651 καταφρονηθήσεται
3416 2586 3508 2640 ὑπ’
3538 2589 3637 2642 αύ-

2055 2666 2171 2705 του.

2129 2742 2233 2812 με’.
2302 2744 2425 2801 Ἐπὶ
2472 2749 2529 2804 δὲ
2556 2754 2670 2816 τοῖς
2726 2756 2982 2825 μεγάλοις
3031 2762 3127 2816 καὶ
3158 2765 3479 2834 ἀναγκαίοις
3525 2770 3636 2826 τῶν

2054 2836 2403 2906 πραγμάτων
2428 2843 2598 2914 μηδὲν
2627 2848 2796 2919 χωρὶς
2834 2849 3030 2924 βουλῆς
3061 2854 3391 2927 διαπράττου
3414 2879 3427 2893 ·
3459 2864 3508 2915 εί
3542 2864 3637 2919 τά-

2054 2944 2122 2996 χα
2154 2928 2212 2982 δὲ
2258 2932 2354 2984 καὶ
2404 2933 2750 3010 βραδυτέρως
2801 2943 3084 3019 βουλεύσῃ,
3143 2949 3281 3005 ἀλλά
3318 2954 3381 3006 τὸ
3416 2954 3637 3024 βουλευ-

2053 3016 2145 3072 θὲν
2191 3024 2469 3095 συντόμως
2507 3028 2602 3082 καὶ
2641 3031 2935 3100 ἀσφαλῶς,
2976 3016 3063 3101 ὡς
3098 3040 3324 3097 δυνατὸν
3368 3016 3635 3114 ἐπιτέλει,

2051 3108 2241 3182 ὥσπερ
2268 3115 2361 3169 ἐπὶ
2392 3117 2501 3171 τῶν
2528 3123 2851 3193 νοσημάτων
2874 3128 2920 3179 οἱ
2951 3129 3145 3200 ίατροί.

2126 3204 2243 3273 μς’.
2284 3207 2445 3261 Ἀλλά
2482 3211 2576 3264 καὶ
2608 3217 2723 3277 τοῖς
2770 3218 3095 3288 ἀρχομένοις
3127 3223 3256 3288 ἴσως
3298 3212 3661 3300 προσφέρου,⁵

2054 3296 2220 3364 μηδὲν
2252 3299 2392 3352 κατὰ
2421 3306 2886 3377 προσωποληψίαν
2939 3296 3352 3385 ἐργαζόμενοςί
3371 3296 3636 3379 siuna;

2053 3402 2136 3439 σιν
2180 3387 2309 3453 ἴσως
2356 3393 2498 3447 κατὰ
2531 3395 2630 3466 τὴν
2662 3397 2756 3451 τοῦ
2797 3401 3008 3457 δικαίου
3064 3407 3229 3476 φύσιν
3265 3411 3635 3487 ὐπεξερχόμε-

2050 3495 2160 3541 νος.

2127 3570 2234 3640 μζ’.
2270 3574 2424 3644 Μηδὲ
2452 3577 2665 3648 χαύνως
2685 3583 2775 3636 καὶ
2807 3585 3068 3657 ῥᾳθύμως
3095 3591 3367 3665 διοίκησον
3400 3597 3491 3653 ἐπὶ
3519 3603 3634 3667 τοῖς

2051 3662 2160 3715 ἀπὸ
2190 3666 2391 3751 κακίας
2422 3667 2455 3737 ἢ
2486 3669 2749 3741 ἀμελείας
2801 3662 3291 3751 ἁμαρτανομένοις,
3331 3686 3420 3742 διά
3454 3691 3512 3743 τὸ
3546 3662 3633 3745 δοζ

2050 3754 2168 3804 κεῖν
2194 3750 2332 3808 εἶναι
2359 3757 2523 3811 καλόν
2544 3775 2561 3791 ·
2598 3761 2719 3816 οὐδὲ
2761 3764 2870 3836 γὰρ
2902 3767 3067 3823 καλὸν
3094 3750 3192 3827 ἐπὶ
3234 3776 3314 3848 τῷ
3352 3785 3635 3853 συνεργεῖν

2050 3843 2238 3914 κακίᾳ,
2268 3846 2363 3900 καὶ
2415 3849 2680 3920 ῥᾳθυμίᾳ,
2716 3855 2951 3924 μάλιστα
2984 3862 3076 3915 ἐπὶ
3107 3863 3216 3918 τῶν
3253 3843 3491 3939 κάιρῶν,
3526 3843 3634 3929 ’καὶ

2050 3933 2367 4003 ἀναγκαίων
2414 3943 2759 4012 πραγμάτων
2782 3964 2797 3979 ο
2836 3950 2975 4020 μηδέ
3009 3953 3171 4007 πάλιν
3193 3957 3262 4011 δι’
3281 3933 3503 4028 ἔνδειξιν
3532 3965 3633 4017 αὑ-

2051 4025 2280 4094 στηρίας
2302 4030 2591 4097 προπετῶς
2626 4034 2721 4087 καὶ
2750 4036 3081 4109 ἀδιακρίτως
3111 4044 3210 4109 τάς
3254 4025 3633 4119 ἐπεξελεύσεις

2048 4117 2204 4169 ποιοῦ
2230 4133 2245 4149 ⁸
2277 4120 2453 4174 ἐκεῖνο
2491 4123 2593 4191 μὲν
2644 4126 2755 4199 γὰρ
2793 4132 3186 4205 περιφρόνησιν
3216 4142 3310 4193 καὶ
3348 4117 3633 4201 ἀπείθειαν

2050 4206 2245 4278 φέρει,
2292 4210 2452 4265 τοῦτο
2480 4213 2537 4267 δὲ
2588 4218 2745 4286 μῖσος
2777 4219 3018 4293 εὔλογον,
3053 4228 3148 4281 καὶ
3193 4233 3318 4296 τοὺς
3356 4235 3414 4303 ἐξ
3462 4238 3630 4293 αὐτοῦ

2049 4301 2315 4370 καρπούς.
2363 4305 2626 4377 Κρεῑττον
2653 4310 2763 4382 γάρ
2808 4314 2836 4366 ὁ
2882 4317 3021 4385 μετά
3062 4301 3409 4397 δικαιοσύνης
3442 4329 3627 4399 φόϐος,

1978 4404 2024 4461 ι)
2053 4392 2199 4463 καὶὴ
2228 4394 2364 4462 μετά
2386 4398 2692 4470 φανέρωσιν
2712 4406 2809 4474 τῆς
2830 4407 3009 4472 αἰτίας
3025 4410 3246 4481 εὔλογος
3266 4392 3630 4487 ἐπεξελευσις,

2046 4480 2080 4550 ἦ
2112 4499 2194 4544 τις
2220 4482 2281 4535 οὐ
2306 4484 2545 4555 κόλασις,
2573 4490 2709 4547 ἀλλά
2739 4500 3116 4569 σωφρονισμδς
3136 4480 3454 4573 ενύφρονούσι
3481 4480 3630 4579 λογίζ

2048 4571 2218 4637 ζεται.

2123 4666 2235 4738 μη’.
2269 4669 2383 4740 Πρὸ
2420 4673 2637 4730 πάντων
2665 4677 2721 4731 δέ
2780 4681 2871 4733 ἐπὶ
2916 4683 3189 4754 πολέμους
3243 4689 3625 4761 όπλιζὸμενος,

2046 4758 2361 4813 ἀποσκόπου
2391 4763 2607 4819 δικαίαν
2630 4762 2889 4840 εἶναιτὴν
2917 4774 3092 4845 ἀρχὴν
3124 4778 3218 4831 τοῦ
3258 4782 3500 4837 τοιούτου
3534 4805 3629 4839 πο.

2046 4848 2234 4920 λέμου,
2269 4854 2363 4906 καὶ
2411 4854 2487 4924 μὴ
2528 4860 2717 4928 χεῖρας
2763 4862 2981 4929 ἀδίκους
3014 4868 3272 4924 ἐπίϐαλλέ
3319 4892 3446 4929 ποτε
3484 4880 3627 4933 κατά

2047 4940 2342 5010 πολεμίων,
2393 4947 2441 4998 εί
2474 4947 2548 5018 μὴ
2580 4950 2844 5023 πρότερον
2883 4956 3080 5011 ἐκεῖνοι
3108 4961 3195 5014 διὰ
3234 4965 3331 5036 τῆς
3362 4969 3627 5039 συνήθους

2047 5034 2229 5086 αὐτῶν
2255 5035 2507 5102 ἀσεϐείας
2540 5040 2926 5114 ἐκστρατεύειν
2948 5034 3328 5123 ἀπαρξάμενοι
3357 5057 3458 5129 τὴν
3481 5034 3628 5132 hys?

2045 5124 2209 5196 τὲραν
2231 5126 2414 5197 χώραν
2447 5131 2891 5204 καταδράμωσιν.

2121 5215 2226 5285 μθ’.
2273 5218 2459 5289 Ἦμῶν
2500 5222 2608 5293 γάρ
2661 5224 2748 5278 ἀεὶ
2784 5229 2884 5297 τὴν
2930 5231 3154 5301 εἰρήνην
3205 5236 3467 5307 καὶπρὸς
3496 5245 3624 5308 τοὺς

2048 5306 2323 5376 ὑπηκόους
2351 5310 2446 5364 καὶ
2482 5312 2621 5380 πρὸς
2649 5316 2774 5377 τοὺς
2822 5317 3129 5389 βαρϐάρους
3167 5325 3252 5379 διὰ
3273 5306 3507 5397 Χριστὸν
3532 5306 3624 5386 τὸν

2047 5397 2171 5451 καθ’
2195 5399 2316 5453 ὅλου
2348 5399 2581 5457 Βασιλέα
2610 5406 2706 5459 καὶ
2755 5409 2888 5462 Θεὸν
2939 5412 3361 5484 ἀσπαζομένων,
3407 5422 3503 5475 ἐὰν
3528 5427 3624 5479 καὶ

2046 5490 2115 5544 τά
2152 5489 2276 5561 ἔθνη
2303 5493 2460 5546 τοῦτο
2486 5496 2697 5564 φιλοῦσι
2727 5502 2840 5563 τοῖς
2886 5503 3036 5567 ἰδίοις
3066 5509 3423 5580 ἐγκλειόμενα
3451 5515 3620 5586 ὅροις,

2050 5579 2142 5632 καὶ
2160 5580 2324 5649 μηδὲν
2343 5582 2548 5638 ἀδικεῖν
2573 5586 3038 5661 ἐπαγγελλόμενα,
3064 5595 3159 5647 καὶ
3192 5579 3355 5662 αὐτὸς
3391 5602 3455 5653 σὺ
3484 5579 3623 5654 κατά

2051 5675 2231 5729 αὐτῶν
2274 5677 2369 5739 τὰς
2418 5681 2606 5751 χεῖρας
2650 5682 2949 5750 σύστειλον,
2982 5689 3077 5740 καὶ
3126 5692 3321 5758 αἵμασι
3377 5696 3475 5764 τὴν
3522 5697 3621 5764 γῆν

2056 5771 2189 5841 μήτε
2238 5772 2520 5842 ἐμφυλίοις
2564 5775 2697 5846 μήτε
2747 5776 3095 5850 βαρϐαρικοῖς
3142 5785 3503 5857 καταχραίνῃ.
3556 5788 3623 5841 "A
