4022 6432
410 396 516 464 693

1500 406 2423 475 TACTICA.—CONSTITUTIO
2466 416 2581 478 III.

3570 420 3677 484 694

408 516 517 587 γάρ
557 515 874 583 ιγκαλέσεις
902 517 1014 578 τοῖς
1043 516 1257 587 ἐχθροῖς
1299 518 1465 589 ἡγουν
1498 520 1840 591 ἀπάρχεσθαι
1868 540 1980 593 χει-

2105 526 2344 583 minibus
2377 529 2760 586 innocentibus
2788 540 2841 586 et
2867 532 3072 587 nullam
3105 533 3363 603 injuriam
3391 535 3675 592 inferenti-

406 606 517 677 ρῶν
545 605 728 659 ἄδικον
762 606 915 659 οὐδὲν
944 606 1050 659 ὑπὸ
1096 606 1192 660 σοῦ
1236 609 1649 681 ἀδικουμένους,
1682 611 1850 665 ταῦτα
1877 614 1988 685 ἀρα

403 698 496 750 καί
514 698 667 750 αὐτοὶ
693 696 861 768 μηδὲν
888 697 1131 751 ἐναντίον
1161 700 1395 772 δρῶντες
1427 702 1569 755 κατά
1595 703 1705 756 τῶν
1730 703 1987 774 ὑπηκόων

400 787 505 856 τῆς
546 787 704 857 ἡμῶν
751 786 1031 857 βασιλείας
1076 790 1446 860 εἰρηνεύοντες
1486 792 1863 860 ἐγκαλέσουσι.
1895 794 1989 846 Δεῖ

400 879 508 949 γάρ
536 879 686 949 ἡμᾶς
713 878 800 932 ἀεὶ
826 880 954 944 τοὺς
976 882 1024 933 εἰ
1053 880 1278 935 δυνατὸν
1302 884 1363 935 τὸ
1398 883 1459 948 ἐξ
1484 884 1645 954 ἡμῶν
1683 885 1824 955 μετά
1846 886 1985 943 πάν-

400 987 511 1024 των
537 970 841 1041 ἀνθρώπων
888 972 1290 1044 εἰρηνεύοντας,
1322 977 1434 1039 τοῖς
1459 978 1762 1047 εἰρηνεύειν
1795 978 1984 1049 βουλο-

402 1064 585 1133 μένοις
630 1064 830 1127 ἐθνεσι,
880 1067 975 1118 καὶ
1025 1066 1191 1137 μηδὲν
1234 1067 1437 1122 ἀδικεῖν
1473 1071 1598 1134 τοὺς
1642 1072 1984 1142 ὑποχειρίους

399 1154 581 1223 ἡμῶν,
638 1154 715 1219 ὡς
762 1156 863 1226 τὴν
930 1157 1157 1228 εἰρήνην
1203 1158 1312 1211 τῶν
1368 1160 1546 1214 ἄλλων
1600 1163 1984 1233 προτιμῶντας

401 1247 678 1311 ἁπάντων,
717 1248 1118 1318 συνειρηνεύειν
1174 1250 1402 1316 ἐκείνοις
1426 1290 1441 1317 ,
1480 1252 1574 1305 καὶ
1603 1253 1856 1324 πολέμων
1880 1255 1986 1309 άπ-

400 1338 641 1409 ἐχεσθαι.

469 1436 533 1483 ν’.
576 1430 637 1483 Εἰ
673 1429 731 1483 δέ
759 1446 824 1498 γε
867 1432 943 1502 μὴ
992 1433 1264 1503 σωφρονεῖ
1297 1434 1358 1485 τὸ
1387 1433 1705 1501 ἀντίπαλον,
1735 1433 1851 1487 ἀλλ’
1884 1435 1984 1489 αὑ-

397 1519 483 1573 τοὶ
508 1521 606 1590 τῆς
633 1520 852 1585 ἀδικίας
897 1521 1253 1592 ἀπάρξονται,
1280 1523 1379 1595 τὴν
1406 1525 1682 1595 ἡμετέραν
1711 1524 1983 1596 κατατρέ-

397 1628 585 1683 χοντες
614 1613 738 1682 γῆν,
769 1612 890 1665 τότε
936 1614 1046 1683 ἄρα
1092 1614 1321 1679 δικαίως
1374 1617 1554 1680 αίτίας
1586 1616 1979 1688 προκειμένης,

398 1703 474 1767 ὼς
502 1704 598 1757 καὶ
625 1703 811 1757 ἀδίκου
847 1704 1086 1776 πολέμου
1117 1707 1268 1777 παρά
1296 1707 1405 1760 τῶν
1434 1709 1713 1775 ἐναντίων,
1743 1709 1983 1779 ἀπαρχο-

400 1792 564 1863 μένου
594 1791 911 1863 θαρσαλέως
935 1794 1028 1847 καὶ
1064 1796 1163 1847 σὺν
1192 1794 1472 1867 προθυμία
1503 1795 1597 1849 τοῦ
1634 1796 1776 1851 κατὰ
1802 1797 1982 1849 αὐτῶν

2093 619 2199 674 bus
2223 634 2420 675 manus
2453 621 2757 688 attulerint,
2795 624 2983 678 eadem
3029 625 3118 679 illa
3153 614 3276 695 ipsi,
3330 626 3374 680 si
3404 627 3543 681 nihil
3573 628 3673 681 ad-

2086 726 2307 765 versum
2344 713 2498 779 regni
2535 713 2708 767 nostri
2741 715 3016 783 subjectos
3047 718 3340 787 patrarint,
3372 717 3466 772 sed
3497 720 3675 787 pacati

2089 802 2315 866 fuerint,
2368 804 2467 858 tibi
2516 803 2775 860 inferenti
2825 807 3026 861 bellum
3072 808 3510 877 exprobrabunt.
3571 808 3677 862 Par

2087 907 2171 950 est
2192 896 2335 948 enim
2361 911 2481 959 nos,
2511 895 2602 965 qui
2652 912 2779 950 cum
2813 898 3071 952 omnibus
3117 899 3457 963 hominibus,
3497 915 3676 968 quan-

2088 994 2203 1040 tum
2238 986 2290 1039 in
2314 986 2475 1041 nobis
2506 998 2610 1053 est,
2640 1001 2828 1057 pacem
2856 989 3110 1053 facimus,
3145 1006 3267 1046 cuin
3303 991 3370 1046 iis
3404 992 3494 1061 qui
3524 1002 3675 1044 tran-

2085 1077 2243 1149 quilli
2278 1093 2401 1132 esse
2444 1077 2653 1142 volunt,
2702 1088 2758 1132 et
2806 1081 3011 1134 nullam
3066 1081 3322 1151 injuriam
3379 1082 3535 1138 nobis
3576 1098 3675 1138 nec

2086 1170 2354 1240 subjectis
2385 1170 2595 1225 nostris
2624 1169 2829 1225 inferre
2863 1183 3133 1227 conantur
3169 1173 3318 1242 (quia
3347 1188 3537 1243 pacem
3564 1188 3672 1227 ca:-

2091 1260 2225 1315 teris
2267 1258 2433 1313 rebus
2482 1258 2742 1315 omnibus
2781 1263 3215 1333 anteponimus),
3246 1278 3433 1332 pacem
3465 1261 3672 1316 consti-

2085 1358 2259 1411 tuere,
2287 1357 2341 1402 et
2363 1362 2393 1402 a
2423 1347 2566 1403 bello
2595 1349 2899 1405 abstinuere.

2154 1441 2244 1497 50.
2282 1439 2379 1494 Sin
2412 1439 2727 1496 immodesti
2759 1441 2948 1497 hostes
2978 1451 3033 1497 et
3058 1441 3390 1512 injuriarum
3422 1452 3671 1498 auctores

2084 1534 2308 1600 fuerint,
2340 1543 2585 1590 nostram
2634 1535 2960 1605 populantes
3009 1543 3232 1597 terram,
3271 1544 3385 1587 tum
3436 1535 3671 1603 cumjn-

2082 1638 2165 1684 sta
2188 1628 2232 1680 d.
2261 1627 2515 1683 l‘endendi
2543 1643 2711 1683 causa
2740 1628 2899 1683 nobis
2928 1628 3273 1698 proponitur,
3323 1639 3375 1683 et
3405 1628 3668 1697 injustum

2082 1720 2279 1775 bellum
2313 1720 2383 1774 ab
2407 1719 2743 1775 adversariis
2777 1720 3032 1785 infertur,
3071 1721 3411 1775 conlldenter
3449 1729 3504 1773 et
3548 1722 3669 1773 ani-

2084 1822 2237 1861 mose
2283 1807 2503 1877 suscipe
2554 1807 2757 1862 bellum
2808 1818 2999 1863 contra
3047 1824 3145 1864 eos
3198 1809 3362 1878 hujus
3385 1809 3670 1879 injnstitiae

396 1884 633 1955 ἐγχείρει
681 1885 941 1956 πολέμου,
981 1883 1057 1946 ὡς
1091 1884 1315 1937 ἐκείνων
1345 1885 1445 1948 τὰς
1488 1886 1661 1948 αἰτίας
1696 1902 1980 1957 παρασχο-

2089 1908 2362 1964 auctores,
2391 1909 2444 1952 et
2470 1898 2739 1955 violentas
2780 1915 2977 1956 manus
3012 1877 3281 1966 subjectis
3303 1877 3503 1955 nostris
3543 1900 3670 1954 aﬂ‘e—
3716 1953 3723 1961 ,

398 1976 594 2047 μένων,
632 1975 729 2030 καί⁵
788 1974 1005 2037 ἀδίκους
1053 1976 1241 2046 χεῖρας
1297 1976 1439 2029 κατά
1488 1976 1601 2031 τῶν
1650 1976 1980 2047 ὑποχειρίων

365 2068 555 2145 ,ἡμῶν
600 2066 914 2139 ἀραμένων,
955 2067 1051 2120 καὶ
1084 2067 1277 2139 θάρῤει
1328 2067 1449 2121 τότε
1499 2068 1574 2132 ὡς
1618 2068 1714 2121 καὶ
1749 2072 1840 2122 τὸν
1880 2069 1980 2138 τῆς

391 2160 737 2230 δικαιοσύνης
776 2160 910 2213 Θεὸν
938 2157 1079 2223 ἕξεις
1113 2159 1327 2231 βοηθὸν,
1374 2160 1619 2225 καὶτοὺς
1642 2159 1782 2233 ὑπὲρ
1821 2160 1978 2215 ἀδελ-

394 2254 512 2325 φῶν
557 2254 946 2326 ἀναδεχόμενος
998 2256 1215 2323 ἀγῶνας
1263 2258 1608 2329 πανστρατιᾷ
1646 2256 1747 2328 τὴν
1821 2256 1980 2328 νίκην

392 2347 555 2414 ἕξεις.
587 2346 686 2399 Διά
739 2346 896 2400 τοῦτο
925 2342 1020 2400 οὖν
1050 2347 1473 2419 προτρεπόμεθα
1512 2348 1612 2419 τὴν
1647 2348 1745 2420 σὴν
1775 2348 1979 2411 ἐνδοξό-

392 2457 535 2512 τητα
566 2439 655 2493 διά
694 2439 911 2493 πάντων
963 2441 1299 2493 ἀποσκοπεῖν
1333 2439 1549 2504 δικαίας
1576 2442 1849 2495 ποιεῖσθαι
1879 2439 1981 2504 τὰς

392 2529 569 2602 ἀρχὰς
622 2528 714 2583 τοῦ
754 2528 1014 2601 πολέμου,
1074 2532 1168 2584 καὶ
1213 2530 1336 2585 τότε
1383 2531 1484 2597 τάς
1520 2534 1708 2603 χεῖρας
1736 2530 1981 2596 ὁπλίζειν

392 2624 537 2679 κατὰ
565 2621 677 2675 τῶν
711 2620 1061 2675 ἀδικούντων.

464 2721 567 2771 να’.
599 2713 703 2770 Διά
736 2714 958 2769 πάντων
993 2714 1050 2768 δὲ
1071 2713 1165 2768 καὶ
1202 2714 1262 2769 ἐν
1292 2714 1467 2769 ἅπασι
1501 2716 1786 2786 κρείττονα
1818 2733 1979 2771 σεαυ-

390 2807 485 2861 τὸν
516 2806 626 2861 τῶν
658 2806 986 2879 ὑποχειρίων
1015 2806 1289 2874 ἀναδεῖξαι
1321 2808 1665 2878 διαγωνίζου,
1710 2811 1804 2864 καὶ
1839 2811 1982 2865 κατά

392 2897 692 2970 ἐξαίρετον,
724 2899 804 2962 είς
833 2913 894 2951 τε
917 2897 1017 2968 τὴν
1045 2899 1125 2961 είς
1152 2898 1287 2951 Θεὸν
1331 2900 1537 2964 πίστιν,
1576 2901 1796 2975 καιτὴν
1822 2901 1979 2954 εὐσέ-

392 2990 567 3054 ϐειαν,
598 2990 692 3044 καὶ
716 2988 813 3052 τάς
850 2988 1046 3053 λοιπάς
1086 2989 1306 3060 ἀρετάς.
1341 2990 1466 3054 Τοῖς
1496 2990 1605 3062 γὰρ
1648 2991 1755 3046 τῶν
1784 2992 1981 3062 ἀρχόν-

389 3100 499 3136 των
526 3081 834 3153 φρονήμασι
861 3079 1006 3149 φιλεῖ
1036 3098 1153 3144 πως
1187 3080 1617 3159 συνδιατίθεσθαι
1649 3081 1711 3136 τὸ
1744 3083 1983 3154 ἀρχόμε-

392 3189 505 3241 νον,
540 3172 618 3236 ὡς
674 3171 742 3226 ἂν
777 3171 922 3225 κατά
963 3171 1061 3241 τὴν
1085 3171 1389 3242 παροιμίαν
1417 3173 1495 3245 μὴ
1537 3173 1724 3244 ἔλαφοι
1752 3174 1979 3229 λεόντων

391 3266 653 3335 ἄρχωσιν,
684 3262 821 3318 ἀλλά
838 3261 1057 3326 λέοντες
1083 3262 1323 3331 ἐλάφων.

462 3354 560 3425 νβ’.
594 3356 703 3409 Καὶ
731 3352 906 3407 ταῦτα
953 3354 1052 3425 μέν
1084 3370 1189 3419 τοι,
1221 3348 1266 3407 ὧ
1296 3357 1590 3428 στρατηγὲ,
1629 3357 1705 3421 ὡς
1755 3359 1815 3411 ἐν
1849 3375 1977 3412 συν-

392 3448 514 3518 όψει
542 3446 643 3517 τῆς
672 3445 960 3517 βασιλικῆς
999 3446 1156 3516 ήμῶν
1194 3446 1489 3513 διατάξεως
1517 3450 1978 3521 παραγγέλματα,

393 3541 539 3610 άπερ
589 3539 650 3592 τὸ
682 3538 780 3610 τῆς
811 3537 1103 3609 συντομίας
1149 3538 1409 3609 χρειῶδες
1454 3540 1548 3593 ἐπὶ
1582 3542 1827 3605 πλείονος
1879 3542 1980 3594 οὐκ

391 3632 457 3701 ἐᾷ
487 3628 963 3700 παρεκτείνεσθαι.
987 3629 1209 3696 Ἔξεστι
1234 3628 1291 3683 δέ
1319 3646 1401 3682 σοι
1421 3632 1543 3695 ταῖς
1567 3648 1626 3684 τε
1663 3632 1792 3703 παρ’
1821 3632 1981 3703 ἡμῶν

396 3720 503 3792 ἰδίᾳ
536 3718 878 3784 ἐκτεθείσαις
910 3718 1161 3791 γνώμαις
1200 3720 1261 3773 ἐν
1302 3719 1478 3791 τούτῳ
1509 3719 1587 3791 τῷ
1615 3723 1977 3793 συντάγματι,

392 3813 490 3865 καὶ
522 3811 747 3882 προσέτι
782 3812 904 3875 ταῖς
928 3811 1070 3865 κατά
1102 3808 1305 3872 πλάτος
1331 3810 1819 3883 συνηθροισμέναις
1848 3813 1979 3883 ἡμῖν

393 3906 452 3959 ὲν
485 3908 552 3976 τῇ
577 3904 910 3977 παραλλήλῳ
948 3904 1059 3959 τῶν
1086 3904 1364 3959 τακτικῶν
1390 3902 1693 3974 μονοδίδλῳ
1723 3905 1836 3976 (17)
1878 3906 1979 3976 τὴν

393 3997 606 4051 ἐκεῖθεν
630 3997 742 4052 τῶν
772 3996 1123 4070 ζητουμᾶνων
1157 3995 1384 4051 πλείονα
1430 3995 1525 4049 καὶ
1571 3995 1849 4069 ἀρκοῦσαν
1880 4014 1981 4051 πο-

396 4087 651 4159 ρίσασθαι
673 4090 967 4160 ὠφέλειαν.
1688 4078 1695 4085 ’

465 4186 563 4248 νγ’.
600 4180 819 4235 Τούτων
865 4180 959 4234 οὖν
1010 4181 1269 4252 ἐχόμενος
1320 4182 1525 4249 αὔξειν,
1554 4182 1650 4236 καὶ
1686 4180 1978 4252 προστιθέ-

396 4289 485 4325 ναι
516 4273 628 4336 τοῖς
654 4272 880 4341 ἀγαθοῖς
910 4272 1093 4343 ἔργοις
1140 4274 1546 4345 προθυμήθητι,
1579 4272 1656 4336 ὡς
1678 4274 1745 4326 ἂν
1778 4271 1977 4326 πολλα-

393 4364 710 4428 πλασιάζων
746 4368 814 4435 τῇ
865 4364 1128 4436 σπουδαίᾳ
1160 4382 1255 4418 σου
1288 4365 1484 4439 γνώμῃ
1511 4366 1583 4418 τά
1620 4364 1975 4433 κελευόμενα,

394 4456 586 4526 πρῶτα
616 4455 717 4527 μὲν
742 4454 875 4509 Θεὸν
895 4456 1022 4529 ἐξῃς
1046 4456 1336 4526 ἐπαινέτην
1356 4458 1465 4510 τῶν
1490 4456 1762 4527 πράξεων,
1787 4455 1978 4508 ἔπειτα

2083 2001 2272 2045 rentes
2303 2008 2319 2044 :
2352 1990 2558 2044 bonum
2608 1999 2727 2045 tum
2763 1991 2903 2047 habe
2949 1992 3217 2058 animum,
3255 2002 3310 2047 et
3361 1992 3665 2061 adjutormn

2083 2080 2296 2147 justum
2326 2077 2554 2134 habebis
2578 2078 2769 2143 Deum,
2798 2091 2851 2134 et
2873 2096 2971 2149 pro
3005 2080 3269 2136 fratribus
3297 2082 3412 2136 tuis
3431 2083 3669 2151 pericula

2083 2170 2311 2227 subiens
2347 2173 2577 2227 omnino
2606 2172 2946 2241 splendidam
2964 2172 3250 2227 victoriam
3286 2173 3530 2227 habebis.
3561 2173 3669 2226 lta-

2080 2278 2187 2332 que
2216 2262 2321 2317 hoc
2348 2264 2668 2335 dignitatem
2716 2271 2862 2317 tuam
2910 2264 3317 2333 imperatoriam
3361 2280 3665 2334 precamur,

2081 2362 2142 2406 ut
2166 2353 2454 2423 diligenter
2482 2353 2800 2409 consideres
2836 2369 3059 2409 causam
3097 2355 3248 2419 belli,
3281 2366 3334 2408 et
3381 2370 3444 2409 ex
3488 2355 3660 2423 justis

2080 2443 2255 2498 initiis
2283 2443 2484 2497 bellum
2530 2455 2775 2509 moveto,
2802 2454 2856 2498 et
2893 2454 3082 2500 contra
3132 2445 3370 2501 nefarios
3420 2446 3669 2502 homines

2081 2528 2254 2585 aciem
2286 2538 2435 2584 tuam
2470 2539 2629 2601 teque
2660 2540 2896 2585 armato.

2151 2713 2241 2768 5i.
2280 2710 2519 2767 Omnino
2551 2711 2716 2783 igitur
2739 2711 2792 2766 in
2822 2712 3081 2769 omnibus
3124 2715 3360 2785 teipsum
3394 2716 3661 2786 subjectis

2081 2805 2192 2861 tuis
2250 2804 2532 2858 meliorem
2582 2803 2965 2858 demonstran
2999 2807 3335 2871 contendas,
3374 2814 3430 2861 et
3472 2806 3579 2861 ﬁde
3610 2806 3667 2861 in

2079 2893 2274 2957 Deum,
2304 2892 2506 2963 pietate
2543 2906 2609 2947 ac
2638 2890 2865 2961 reliquis
2900 2891 3195 2949 virtutibus
3214 2894 3500 2951 eximium.
3529 2894 3657 2951 Nam

2079 2985 2146 3040 ad
2191 2984 2502 3055 principum
2551 2984 2794 3038 virorum
2825 2984 3183 3054 cogitationes
3215 2986 3352 3041 solet
3386 3001 3447 3042 se
3486 2986 3669 3054 subje-

2078 3084 2294 3131 ctorum
2346 3075 2643 3130 multitudo
2695 3075 3140 3143 accommodare,
3199 3088 3279 3143 ut,
3317 3078 3471 3146 juxta
3512 3087 3667 3133 vetus

2085 3167 2461 3238 proverbium,
2496 3182 2608 3224 non
2635 3166 2784 3223 cervi
2816 3166 3381 3241 leonibusimperent,
3433 3171 3527 3226 sed
3557 3170 3670 3225 leo-

2084 3276 2184 3316 nes
2207 3262 2407 3318 cervis.

2151 3352 2242 3407 52.
2276 3352 2402 3409 llaec
2432 3354 2553 3420 tibi,
2590 3356 2905 3428 imperator,
2931 3356 3121 3428 paucis
3153 3370 3269 3427 uno
3304 3354 3409 3411 sub
3445 3364 3667 3425 aspectu

2079 3444 2217 3512 regii
2269 3445 2443 3500 nostri
2492 3446 2731 3502 instituti
2785 3458 3052 3518 praecepta
3099 3448 3501 3509 conclusimus,
3544 3462 3669 3515 qua:

2080 3533 2198 3587 haec
2230 3544 2419 3589 nostra
2464 3534 2751 3593 brevitatis
2782 3537 3063 3591 institutio
3091 3534 3276 3590 l‘usius
3310 3534 3529 3589 dilatari
3556 3549 3663 3588 non

2078 3627 2302 3697 patitur.
2352 3626 2563 3683 Licebit
2612 3640 2792 3684 autem
2837 3628 3134 3700 inquirenti
3190 3628 3283 3683 tibi
3326 3644 3392 3683 ex
3439 3628 3507 3682 iis
3545 3642 3668 3697 quae

2080 3718 2184 3773 hoc
2215 3727 2401 3772 nostro
2439 3718 2581 3774 libro
2624 3720 2886 3776 clausulis
2929 3730 3261 3786 tractantur,
3309 3729 3363 3774 et
3402 3729 3666 3789 praeterea

2078 3823 2146 3863 ex
2180 3807 2248 3863 iis
2269 3824 2392 3879 qua:
2421 3809 2619 3865 dilfuse
2642 3826 2673 3865 a
2698 3812 2860 3866 nobis
2886 3810 2942 3866 in
2979 3812 3122 3866 libro
3147 3810 3240 3881 qui
3272 3811 3340 3865 de
3382 3823 3666 3879 compara.

2079 3901 2229 3956 tione
2258 3900 2528 3957 factorum
2552 3902 2875 3957 militarium
2900 3903 3043 3957 inter
3094 3918 3155 3958 se
3182 3904 3529 3972 conscriptus
3558 3909 3663 3966 est,

2078 3993 2345 4062 majorem
2366 4001 2424 4048 et
2454 3993 2761 4050 uberiorem
2790 3994 3083 4049 utilitatem
3110 3994 3411 4062 percipere.

2150 4178 2243 4232 55.
2274 4177 2330 4232 In
2362 4194 2461 4233 nas
2490 4192 2580 4232 res
2617 4176 2907 4246 diligenter
2939 4173 3217 4240 incumbe,
3240 4182 3296 4229 et
3330 4188 3533 4230 conare
3557 4173 3661 4227 ista

2080 4270 2437 4339 ampliﬁcare,
2477 4278 2532 4324 et
2575 4268 2643 4323 ad
2706 4283 2795 4323 res
2840 4276 3025 4337 gestas
3073 4276 3196 4322 tuas
3237 4265 3555 4335 adjungere.
3608 4274 3667 4319 ut

2080 4377 2206 4417 cum
2242 4361 2411 4416 animi
2444 4361 2876 4432 promptitudine
2908 4368 3303 4430 praceptorum
3329 4358 3663 4429 magnitudi-

2080 4468 2202 4507 nem
2221 4454 2589 4522 superaveris,
2609 4453 2843 4523 priinum
2864 4451 3035 4507 Deum
3052 4453 3319 4522 optimum
3343 4450 3664 4514 maximum,

393 4548 450 4600 δὲ
481 4547 574 4600 καί
605 4548 665 4599 τὸ
716 4547 981 4616 ἡμέτερον
1020 4549 1240 4618 κράτος,
1271 4546 1411 4618 γέρα
1431 4547 1541 4603 τῶν
1572 4547 1751 4602 πόνων
1778 4546 1979 4612 ἐπάξια

2089 4544 2280 4600 deinde
2315 4544 2583 4613 meipsutn
2622 4559 2845 4614 quoque
2894 4543 3235 4599 laudatorem
3275 4558 3456 4596 rerum
3486 4551 3667 4611 gesta-

397 4639 443 4692 δ’
471 4640 674 4711 ἀμφοῖν
699 4636 1078 4709 κομιζόμενος.

901 4809 1213 4864 ΔΙΑΤΑΞΙΣ
1240 4809 1292 4861 Γο
1325 4808 1460 4879 (18).

616 4900 758 4969 Περὶ
784 4899 893 4955 τοῦ
920 4898 1047 4965 πῶς
1068 4900 1606 4969 χρὴβουλεύεσθαι
1631 4901 1766 4971 (19).

480 4992 697 5063 Ἐπειδὴ
734 4990 792 5045 δὲ
829 4992 937 5062 πρὸ
979 4991 1161 5061 πάσης
1215 4989 1466 5061 πράξεως
1496 4991 1689 5063 βουλὴν
1728 4992 1979 5063 ἡγεῖσθαι

398 5084 574 5155 χρεών
597 5100 612 5114 ·
660 5083 930 5153 διοίκησις
969 5079 1081 5152 γὰρ
1111 5081 1543 5153 ἀπροϐούλευτος
1564 5085 1665 5137 οὐκ
1705 5066 1975 5154 ἀσφαλὴς,

398 5177 502 5232 κᾶν
533 5178 601 5232 ἐκ
641 5175 737 5229 τοὺ
774 5173 1122 5245 παραχρῆμά
1152 5190 1237 5238 τις
1281 5174 1420 5245 αύχῇ
1460 5173 1719 5237 πολλάκις
1774 5192 1977 5259 κατορ-

2084 4651 2205 4689 rum
2238 4636 2466 4700 habeas,
2494 4643 2549 4689 et
2580 4636 2885 4691 niercedem
2914 4635 3198 4691 laboribus
3220 4635 3328 4687 tuis
3356 4634 3579 4702 dignam
3595 4632 3663 4687 ab

2085 4734 2321 4796 utroque
2344 4734 2608 4796 reportes.

2572 4812 3034 4871 CONSTITUTIO
3068 4811 3159 4867 III.

2370 4908 2647 4975 Quomodo
2668 4908 2947 4962 consilium
2982 4905 3296 4973 capiendum
3324 4905 3416 4959 sit.

2157 5000 2209 5053 1.
2240 4999 2470 5056 Omnem
2521 4999 2792 5054 actionem
2851 4995 3141 5051 consilium
3188 5004 3406 5050 anteeat
3433 5013 3447 5049 :
3479 4996 3669 5052 incon-

2085 5090 2228 5144 sulta
2259 5089 2405 5146 enim
2428 5103 2612 5144 rerum
2632 5087 2883 5143 tractatio
2912 5085 3058 5141 haud
3090 5086 3227 5142 satis
3254 5094 3371 5142 tuta
3398 5094 3503 5140 est.
3531 5084 3664 5139 Nam

2085 5194 2401 5251 quanquam
2432 5178 2706 5236 interdum
2739 5179 2862 5249 quis
2890 5178 3159 5248 glorietur
3184 5192 3265 5243 se,
3314 5177 3471 5247 quasi
3502 5176 3666 5231 simul

1937 5310 2147 5369 ΝΟΤᾸΞ

676 5406 781 5459 Ἑν
811 5403 885 5472 τῇ
924 5401 1293 5473 παραλλήλῳ
1324 5402 1444 5455 τῶν
1471 5401 1765 5473 τακτικῶν
1787 5420 1972 5471 μονο-

2070 5405 2155 5475 lus
2188 5406 2453 5461 hactenus
2484 5414 2717 5475 quartus
2744 5406 2867 5473 fuit,
2897 5414 2951 5461 et
2978 5414 3211 5475 quartus
3255 5406 3385 5459 item
3431 5404 3651 5460 tertius.

464 5407 582 5531 ἒβη
676 5407 781 5459 Ἔν
811 5407 885 5472 τῇ
924 5407 1293 5473 παραλλήλῳ
1324 5407 1444 5455 τῶν
1471 5407 1765 5457 τακτικῶν
1787 5420 1972 5471 μονο-
2070 5407 2155 5462 lus
2188 5407 2453 5461 hactenus
2484 5414 2717 5475 quartus
2744 5407 2867 5473 fuit,
2897 5414 2951 5461 et
2978 5414 3211 5475 quartus
3255 5407 3385 5459 item
3431 5407 3651 5460 tertius.

402 5479 459 5531 6i
497 5481 606 5543 λῳ.
641 5474 783 5545 Ergo
808 5476 978 5528 alium
1014 5472 1199 5545 adhuc
1240 5474 1573 5545 singularem
1615 5470 1971 5545 Tacticorum
2071 5474 2360 5530 Manifesta
2411 5476 2685 5531 confusio.
2736 5478 2850 5531 Nos
2916 5477 2969 5530 in
3027 5477 3275 5532 ordinem
3322 5475 3664 5531 restituitnus

398 5542 602 5601 librum
634 5542 746 5599 Leo
782 5545 872 5601 hic
898 5542 1248 5611 conscripsit,
1276 5542 1369 5612 qui
1403 5544 1644 5598 nondum
1696 5543 1972 5598 inventus.

472 5617 584 5685 (l8)
616 5615 729 5685 Hoc
760 5620 928 5683 caput
957 5624 1213 5685 quartum
1246 5622 1331 5685 est
1367 5612 1438 5685 Ain
1468 5614 1672 5685 ,codicc
1730 5612 1973 5666 Lauren-

401 5680 596 5750 tiano';
632 5683 724 5739 sed
759 5680 860 5737 hoc
891 5680 1083 5736 ordine
1108 5697 1230 5737 esse
1278 5680 1530 5746 sivitnus,
1588 5682 1660 5736 ob
1711 5686 1973 5748 rationes,

401 5771 548 5824 quas
571 5753 831 5807 Meursius
860 5752 1037 5824 aﬂ'ert,
1084 5752 1209 5824 licet
1240 5767 1345 5824 non
1395 5752 1614 5824 plurimi
1674 5752 1970 5824 faciendas.

471 5823 585 5893 (l9)
619 5824 756 5893 Περὶ
783 5822 887 5878 τοῦ
919 5820 1043 5887 πῶς
1086 5821 1200 5890 χρὴ
1224 5821 1649 5891 βουλεύεσθαι.
1714 5821 1813 5877 llic
1834 5823 1964 5877 titu-

2074 5556 2389 5614 utrumque,
2420 5553 2694 5613 praeeunte
2726 5548 2843 5615 ipso
2877 5546 3057 5602 Leone
3118 5547 3174 5601 in
3228 5548 3523 5615 procemio,
3570 5547 3661 5615 ulti

2075 5612 2357 5669 titulorum
2397 5612 2559 5682 hujus
2596 5616 2679 5669 sui
2706 5612 2887 5685 operis
2927 5612 3243 5686 cntaloguni
3266 5618 3436 5685 ponit.
3484 5612 3549 5667 Et
3585 5614 3664 5667 fa-

2074 5687 2177 5757 cile
2211 5700 2312 5757 nos
2345 5694 2492 5757 recte
2520 5692 2685 5757 atque
2711 5687 2904 5744 ordine
2947 5687 3144 5744 iecisse
3166 5686 3435 5757 judicabit
3466 5687 3657 5749 lector,

2080 5755 2169 5811 cui
2203 5756 2411 5826 aliquid
2437 5755 2673 5812 cerebri.
