4022 6462
352 408 463 473 695

1623 409 1903 470 LEONIS
1930 410 2397 474 PHILOSOPHI

3534 421 3642 487 696

353 528 410 572 et
438 515 821 573 deliberaverit
847 524 900 569 et
926 528 1015 570 res
1058 527 1188 569 suas
1208 513 1464 584 gesserit,
1487 528 1575 570 res
1598 515 1799 577 multas
1826 530 1937 585 pro

2057 517 2228 572 θῶσαί
2270 534 2323 571 τι
2362 519 2438 581 ώς
2497 520 2616 588 ἅμα
2662 519 2756 572 καὶ
2809 494 3241 594 βουλευσάμενος
3276 525 3370 580 καὶ
3403 528 3638 603 πράξας,

354 625 511 678 Spere
535 620 699 678 atque
728 624 796 661 ex
825 616 1069 677 tempore
1102 606 1361 677 gessisse,
1384 616 1567 662 tamen
1594 621 1820 677 perraro
1850 608 1949 663 ali-

352 701 482 771 quid
517 702 622 755 tale
653 714 754 753 usu
790 698 979 753 venire
1010 696 1290 753 fortunate
1319 696 1479 753 solet.

422 793 476 845 2.
514 789 808 860 Propterea
834 790 888 843 in
918 788 1113 859 primis
1161 789 1509 859 praecipimus
1540 789 1661 856 tibi,
1708 797 1770 844 ut
1816 797 1947 845 ante

350 894 541 934 omnes
578 894 665 933 res
708 878 1106 947 suscipiendas,
1158 877 1398 933 maxime
1450 886 1636 933 autem
1694 878 1946 943 bellicas,

350 970 641 1024 consilium
678 984 801 1022 cum
834 969 902 1022 iis
932 966 1206 1037 praefectis
1250 969 1465 1038 capias,
1500 969 1594 1039 qui
1624 968 1720 1024 tibi
1747 970 1813 1023 ad
1842 969 1949 1025 hoc

348 1056 529 1115 idonei
556 1061 883 1115 videbuntur
910 1078 923 1114 :
954 1060 1115 1131 cujus
1139 1062 1355 1132 generis
1372 1062 1702 1116 turmarchae
1722 1061 1949 1130 reliqui-

347 1168 452 1221 que
484 1162 633 1207 sunt.
673 1148 777 1205 Ubi
802 1165 931 1207 vero
962 1151 1277 1205 firmitatem
1298 1152 1544 1222 aliquam
1585 1152 1791 1206 habere
1815 1165 1948 1206 con-

347 1243 527 1298 silium
554 1243 845 1306 videbitur,
870 1258 985 1297 rem
1025 1242 1198 1313 ipsam
1219 1242 1287 1297 de
1323 1258 1431 1313 qua
1454 1242 1764 1298 deliberasti
1795 1241 1945 1298 omni

346 1333 532 1388 studio
561 1347 629 1387 ac
653 1333 936 1403 diligentia
962 1331 1265 1387 contendas
1298 1332 1365 1385 ad
1382 1333 1592 1386 exitum
1623 1334 1943 1401 perducere,

345 1424 454 1480 nisi
484 1425 530 1479 si
571 1424 742 1495 (quod
770 1438 1017 1495 persaepe
1072 1422 1209 1479 solet
1249 1423 1521 1493 accidere)
1566 1424 1769 1493 aliquid
1803 1423 1945 1479 inte-

345 1518 451 1572 rim
480 1518 772 1573 adversum
829 1526 883 1572 et
959 1518 1297 1571 contrarium
1350 1514 1605 1573 consilio’~
1639 1517 1940 1588 contingat.

345 1606 651 1662 Consilium
675 1615 860 1661 autem
890 1606 1151 1678 quidnam
1199 1607 1420 1661 tandem
1455 1609 1549 1672 sit,
1581 1615 1634 1661 et
1675 1609 1941 1677 quemad-

344 1699 572 1753 modum
602 1698 894 1753 consilium
926 1706 1041 1753 tuto
1084 1698 1342 1767 expedire
1386 1699 1586 1766 possis,
1612 1697 1937 1768 explanabo.

411 1791 467 1845 '5.
498 1789 798 1845 Consilium
820 1798 905 1845 est
926 1789 1246 1845 deliberatio
1267 1790 1514 1862 quaedam
1554 1789 1621 1845 de
1645 1805 1705 1845 re
1728 1791 1936 1860 agenda

2049 610 2167 666 ἀλλ’
2194 611 2256 664 οὐ
2288 611 2453 682 νόμος
2477 612 2538 666 τδ
2575 612 2823 680 σπάνιον.

2124 779 2188 848 β’.
2220 780 2321 833 Διά
2346 780 2506 834 τοῦτο
2529 781 2622 835 καὶ
2656 783 2762 853 πρὸ
2788 782 2898 839 τῶν
2929 785 3106 841 ἀλλων
3142 791 3641 864 παρακελευόμεθά

2054 889 2136 926 σοι
2178 874 2359 945 πάσης
2394 875 2645 945 πράξεως
2680 878 2986 947 ἀναγκαίας
3016 882 3108 936 καὶ
3141 883 3376 952 μάλιστα
3416 889 3643 961 πολεμι-

2049 965 2152 1036 κῆς
2192 965 2539 1035 βουλεύεσθαί
2594 984 2655 1021 σε
2705 970 2972 1042 πρότερον
3012 975 3154 1044 μετὰ
3195 977 3306 1030 τῶν
3337 978 3642 1037 δοκούντων

2051 1076 2133 1112 σοι
2168 1060 2369 1114 ίκανῶν
2400 1062 2528 1131 περὶ
2554 1060 2761 1131 ταύτην
2781 1063 3081 1134 ἀρχόντων,
3112 1062 3224 1122 οἷον
3251 1072 3638 1143 τουρμάρχων,

2047 1150 2142 1202 καὶ
2174 1150 2283 1203 τῶν
2312 1151 2532 1223 ἐφεξῆς.
2564 1152 2733 1205 Ἐπάν
2756 1153 2814 1207 δὲ
2841 1154 3032 1208 δοκοῦν
3057 1158 3428 1230 ἐπισεσαιωθῇ
3471 1160 3637 1232 λόγῳ,

2045 1241 2113 1309 τῇ
2144 1239 2263 1292 τότε
2305 1240 2367 1293 τὸ
2402 1240 2575 1311 ιέργον
2622 1241 2692 1295 δι’
2738 1242 2880 1313 ὅπερ
2941 1243 3249 1299 ἐϐουλεύσω
3295 1250 3500 1322 σπουδῇ
3541 1253 3640 1306 καὶ

2046 1331 2335 1402 ἐπιμελείᾳ
2367 1333 2891 1404 μεταχειρισάμενος
2915 1337 2994 1399 είς
3029 1336 3203 1408 πέρας
3230 1339 3456 1408 ἀγαγεῖν
3478 1385 3494 1410 ,
3520 1345 3637 1414 είγε

1996 1470 1999 1473 η
2048 1419 2217 1490 μηδὲν
2244 1420 2457 1491 ἀπαντῇ
2477 1437 2557 1474 σοι
2588 1422 2854 1489 ἐναντίον,
2885 1423 2962 1487 ώς
2983 1428 3053 1478 τὰ
3089 1426 3260 1479 πολλὰ
3285 1427 3467 1493 εἴωθε,
3500 1448 3637 1501 προ-

2046 1509 2365 1582 θυμηθέντι.
2394 1513 2519 1582 στῆς
2549 1512 2606 1565 δὲ
2628 1514 2827 1584 βουλῆς
2861 1513 2923 1567 τὸ
2960 1509 3101 1579 εἶδος
3130 1517 3186 1570 τί
3240 1519 3300 1571 τέ
3327 1520 3496 1583 ἐστιν,
3538 1523 3636 1577 καὶ

2043 1603 2118 1666 ὡς
2167 1603 2537 1675 κατορθώσεις
2574 1606 2778 1678 ταύτην
2810 1607 3093 1678 ἀσφαλῶς,
3142 1609 3247 1682 ἥδη
3279 1628 3362 1665 σοι
3386 1612 3635 1682 διατάξο-

2091 1714 2169 1751 αι.

2091 1714 2169 1751 αι.

2047 1714 2086 1767 μ
2114 1793 2186 1857 γ’.
2240 1789 2416 1857 Βουλή
2482 1791 2598 1845 ἐστι
2646 1790 2942 1862 ,διάσκεψις
2999 1792 3131 1865 ’περὶΙ
3184 1793 3282 1849 τοῦ
3344 1797 3550 1868 πρᾶξαί
3576 1816 3632 1853 τι

337 1882 424 1938 vel
456 1897 566 1936 non
598 1880 827 1953 agenda.
861 1879 920 1936 Si
968 1897 1057 1937 res
1093 1881 1301 1951 agenda
1350 1895 1459 1935 non
1506 1882 1597 1948 sit,
1624 1880 1809 1936 statim
1857 1882 1937 1937 si-

2049 1878 2073 1949 ἣ
2142 1880 2218 1951 μὴ
2283 1881 2530 1952 πρᾶξαι·
2564 1883 2660 1936 καὶ
2714 1884 2764 1937 εί
2827 1886 2927 1963 μεν
2998 1886 3077 1958 μὴ
3148 1886 3379 1959 πρᾶξαι,
3420 1891 3548 1962 σιγὴ
3572 1892 3633 1944 τὸ

298 1958 308 1968 ’
338 1970 593 2029 stendum
626 1971 722 2027 tibi
754 1980 840 2028 est
871 1991 884 2028 ε
911 1974 998 2028 sin
1047 1972 1258 2043 agenda
1288 1972 1406 2054 ‘sit,
1457 1972 1685 2027 modum
1740 1973 1939 2044 agendi

337 2064 422 2120 vel
462 2064 758 2134 quomodo,
791 2072 1029 2134 tempus,
1062 2064 1146 2120 vel
1174 2065 1416 2134 quando,
1450 2063 1564 2132 ubi,
1613 2065 1700 2121 vel
1730 2065 1938 2133 locum,

335 2158 491 2226 quid,
520 2157 602 2211 vel
638 2171 752 2211 rem
788 2156 1079 2228 agendam,
1113 2157 1291 2215 virum
1324 2156 1525 2211 deinde
1549 2156 1643 2227 qui
1669 2157 1774 2213 hoc
1812 2173 1939 2214 sus-

336 2260 597 2320 cepturus
625 2257 680 2302 et
742 2248 811 2303 ad
860 2248 1069 2303 exitum
1129 2249 1499 2318 perducturus
1537 2258 1644 2314 est,
1712 2259 1938 2321 propter

333 2340 468 2410 quid
503 2341 589 2395 vel
617 2355 842 2396 causam
865 2340 1027 2409 cujus
1053 2339 1232 2411 gratia
1276 2354 1365 2397 res
1391 2339 1712 2410 suscipitur,
1757 2340 1939 2397 consi-

337 2432 467 2486 dera
476 2446 533 2487 re
566 2439 805 2501 oportet.

409 2632 465 2685 4.
500 2630 604 2697 Qui
638 2631 1048 2687 deliberaturus
1073 2644 1261 2686 secum
1287 2640 1392 2697 est,
1427 2641 1554 2687 ante
1574 2633 1757 2687 omnia
1779 2647 1934 2688 suam

336 2721 512 2791 ipsius
558 2730 798 2776 mentem
843 2720 913 2776 ab
950 2721 1210 2776 omnibus
1255 2722 1762 2793 perturbationibus
1802 2724 1937 2780 libe-

335 2830 453 2868 ram
489 2814 709 2878 habeat,
749 2813 988 2869 maxime
1013 2824 1199 2870 autem
1230 2816 1301 2870 ab
1347 2830 1540 2870 amore
1579 2815 1662 2870 vel
1695 2816 1824 2871 odio
1853 2827 1938 2873 at-

334 2922 442 2976 que
474 2907 625 2960 omni
672 2906 779 2960 alia
808 2907 1243 2975 perturbatione,
1277 2922 1401 2977 quae
1424 2908 1527 2971 rei,
1566 2907 1635 2963 de
1669 2924 1779 2978 qua
1804 2909 1938 2965 line-

337 3008 509 3065 ratur,
548 3002 815 3054 damnosa
851 3014 974 3055 esse
1002 3008 1207 3069 potest.

408 3092 462 3146 5.
526 3091 729 3145 Deinde
772 3106 887 3145 non
914 3091 1095 3145 solum
1140 3092 1273 3160 quid
1326 3092 1488 3147 facile
1526 3092 1600 3147 sit
1635 3092 1839 3162 eligito,
1878 3105 1935 3151 et

338 3186 392 3240 in
423 3185 529 3238 hoc
561 3182 887 3245 incumbite,
912 3182 1005 3236 sed
1038 3183 1204 3236 etiam
1230 3184 1437 3249 omnia,
1459 3198 1583 3252 qua:
1616 3198 1718 3237 usu
1748 3185 1934 3242 venire

2040 1970 2293 2026 ἐντεῦθεν
2313 1989 2327 2004 ·
2355 1973 2404 2026 εί
2431 1972 2490 2026 δὲ
2520 1974 2748 2044 πρᾶξαι,
2784 1976 2902 2039 πῶς
2932 1977 3159 2049 πράξαι,
3187 1980 3357 2050 ἤγουν
3384 1982 3476 2035 τὸν
3506 1985 3633 2053 τρό-

2039 2078 2140 2116 πον
2166 2063 2267 2133 τῆς
2297 2064 2573 2135 πράξεως,
2622 2065 2725 2119 ποῦ
2754 2066 2981 2139 πρᾶξαι,
3026 2070 3195 2141 ἧγουν
3221 2071 3313 2125 τὸν
3341 2073 3506 2127 τόπον
3532 2075 3635 2145 τῆς

2038 2150 2313 2221 πράξεως,
2354 2153 2485 2207 πότε
2514 2154 2742 2226 πρᾶξαι,
2775 2156 2943 2226 ἤγουν
2988 2159 3080 2213 τὸν
3122 2161 3313 2231 καιρὸν
3342 2161 3444 2233 τῆς
3493 2166 3635 2237 πρά-

2039 2242 2195 2309 ξεως,
2236 2243 2290 2296 τί
2325 2245 2554 2314 πρᾶξαι,
2586 2247 2753 2317 ἤγουν
2779 2246 2838 2302 τὸ
2884 2252 3118 2321 πρᾶγμα
3147 2251 3208 2304 τδ
3237 2254 3629 2325 πραττόμενον,

2035 2333 2090 2387 τί
2124 2335 2353 2405 πρᾶξαι,
2390 2338 2559 2407 ῆγουν
2582 2340 2643 2407 τὸ
2676 2340 2969 2410 πρόσωπον
3001 2341 3064 2395 τὸ
3087 2343 3281 2413 μέλλον
3297 2346 3397 2417 τὴν
3436 2347 3633 2420 βουλὴν

2039 2428 2117 2490 εἰς
2143 2428 2319 2499 πέρας
2339 2430 2594 2501 πράξεως
2615 2432 2869 2501 ἀγαγεῖν,
2894 2434 2982 2488 διὰ
3003 2435 3057 2488 τί
3082 2436 3315 2507 πρᾶξαι,
3340 2440 3509 2510 ἠγουν
3531 2442 3631 2514 τὴν

2038 2519 2217 2573 αἰτίαν
2243 2520 2309 2573 δι’
2338 2522 2405 2593 ἣν
2439 2523 2472 2593 ἡ
2512 2524 2712 2594 πρᾶξις
2739 2522 2945 2594 ὀφείλει
2972 2527 3249 2596 γενέσθαι.

2108 2610 2169 2665 δ’.
2233 2613 2291 2665 '0
2340 2613 2399 2666 δὲ
2439 2614 2823 2684 βουλευόμενος
2861 2617 2987 2671 καθ’
3024 2619 3238 2685 ἑαυτὸν,
3278 2621 3339 2686 ἐξ
3379 2622 3628 2696 ἀνάγκης

2038 2704 2255 2774 πρῶτον
2313 2706 2414 2778 τὴν
2463 2707 2702 2761 διάνοιαν
2753 2708 3050 2780 ἐλευθέραν
3092 2712 3264 2783 ἐχέτω
3304 2715 3416 2769 τῶν
3453 2716 3631 2772 ἀλλων

2034 2796 2313 2863 ἀπάντων,
2351 2797 2587 2868 μάλιστα
2627 2800 2683 2851 δὲ
2717 2800 2826 2853 τῶν
2861 2801 3173 2871 ἀνηκόντων
3202 2805 3282 2869 εἰς
3307 2805 3370 2859 τὺ
3397 2809 3631 2878 πρᾶγμα

2036 2887 2166 2959 περὶ
2198 2882 2258 2941 οὗ
2287 2890 2626 2960 βουλεύεται,
2679 2892 2790 2946 εἴτε
2822 2891 3044 2964 ἔχθρας,
3078 2894 3111 2967 ἢ
3153 2894 3356 2965 φιλίας,
3398 2900 3435 2970 ἦ
3482 2917 3632 2968 τινος

2035 2978 2195 3033 ἄλλου
2222 2981 2449 3047 πάθους.

2106 3069 2165 3126 ε’.
2206 3070 2340 3129 Εἶτα
2391 3074 2527 3147 μηδὲ
2581 3077 2743 3147 μόνον
2791 3079 2851 3133 τὸ
2896 3081 3120 3139 εὔκολον
3161 3086 3353 3144 δοκοῦν
3378 3090 3628 3162 ὲκλέγου,

2035 3163 2132 3216 καὶ
2171 3164 2347 3236 τούτῳ
2372 3167 2631 3238 πρόσεχε,
2653 3168 2789 3223 ἀλλά
2818 3170 2998 3225 πάντα
3043 3174 3112 3228 τὰ
3137 3176 3339 3233 δυνατὰ
3372 3181 3627 3249 γενέσθαι

338 3283 590 3347 possunt,
624 3273 807 3327 animo
854 3273 1108 3342 prospice
1143 3292 1156 3326 :
1190 3272 1445 3329 fortassis
1479 3276 1624 3329 enim
1664 3286 1786 3346 post
1814 3292 1928 3332 rem

2049 3250 2341 3347 πρόὸλεπε,
2394 3256 2525 3318 ἴσως
2569 3255 2680 3310 τῶν
2723 3260 3070 3329 πραγμάτων
3112 3265 3294 3322 αὐτῶν
3349 3244 3488 3340 μετά
3530 3272 3633 3343 τὴν

339 3369 612 3436 inceptam
643 3364 850 3434 aliquid
882 3379 942 3419 se
975 3366 1093 3430 tibi,
1125 3367 1270 3435 quod
1305 3366 1361 3419 in
1410 3369 1606 3436 primis
1658 3369 1932 3426 conduci-

336 3459 445 3515 bile
475 3466 580 3522 est,
606 3456 838 3521 obferet,
875 3456 1025 3526 quod
1059 3465 1219 3511 antea
1248 3459 1670 3528 praetermisisti.

408 3540 471 3603 ϐξ
491 3546 649 3613 Quod
682 3545 729 3601 si
766 3556 945 3601 tecum
991 3548 1108 3616 ipse
1137 3563 1244 3601 nou
1279 3548 1455 3602 solum
1503 3564 1699 3619 capere
1744 3552 1931 3608 consi-

338 3644 492 3706 lium,
526 3655 717 3695 verum
740 3641 904 3694 etiam
934 3640 1073 3694 alios
1095 3655 1381 3695 assumere
1398 3640 1655 3707 volueris,
1688 3644 1927 3715 teipsutn

340 3741 520 3788 tamen
538 3730 767 3801 perinde
784 3732 853 3784 ab
869 3730 1020 3785 omni
1044 3731 1455 3801 perturbatione
1472 3748 1702 3788 vacuum
1724 3737 1923 3805 praebe,

2038 3341 2258 3414 ἐναρξιν
2315 3344 2727 3405 ὑποϐαλλόντων
2785 3352 2880 3404 καὶ
2923 3350 3051 3406 ἄλλο
3109 3372 3162 3410 τι
3207 3341 3630 3434 συμφορώτερον

2034 3435 2171 3509 ὅπερ
2201 3438 2527 3509 παρέλιπες.

2106 3526 2180 3592 ς’.
2220 3527 2285 3581 El
2310 3529 2367 3582 δὲ
2401 3530 2479 3601 μὴ
2533 3531 2678 3597 ίδίως
2704 3534 3099 3606 βουλεύσασθαι
3131 3581 3148 3607 ,
3196 3541 3335 3596 ἀλλά
3382 3544 3480 3598 καὶ
3508 3546 3629 3600 ἑτέ-

2035 3637 2165 3693 ρους
2229 3621 2567 3692 παραλαϐεῖν
2623 3626 2762 3700 πρὸς
2808 3628 2907 3702 τὴν
2947 3630 3235 3703 διάσκεψιν
3281 3633 3625 3708 βουληθείης,

2031 3713 2258 3768 σεαυτὸν
2297 3714 2503 3785 ὁμοίως
2556 3719 2845 3789 ἑτοίμασον
2890 3723 3101 3794 ἀπαθῆ,
3152 3724 3343 3797 ὥσπερ
3381 3726 3624 3798 εἴρηται,

338 3840 402 3879 ac
427 3825 472 3879 si
512 3822 666 3878 solus
701 3822 1055 3877 deliberarcs.
1106 3822 1464 3880 Consultores
1507 3833 1689 3879 autem
1723 3804 1927 3883 adhibe

2049 3804 2104 3868 b;
2138 3807 2185 3858 εί
2233 3808 2355 3860 καθ’
2401 3809 2595 3864 ἑαυτὸν
2635 3812 2966 3870 ἐϐουλεύσω.
3010 3818 3149 3881 Τοὺς
3175 3819 3233 3872 δὲ
3277 3820 3625 3892 συμϐούλους

336 3919 679 3985 experientes
711 3930 922 3980 rerum,
946 3914 1226 3985 providos,
1260 3918 1624 3986 perspieaees,
1649 3934 1926 3976 aerumna-

2028 3898 2403 3969 περιλάμόανε
2439 3902 2737 3974 ἐμπείρους
2797 3905 2891 3959 τοῦ
2939 3910 3290 3979 πράγματος,
3336 3930 3627 3984 προορατι-

339 4025 458 4063 rum
497 4023 561 4063 ac
589 4008 973 4080 prosperitatis
1002 4016 1111 4063 tuae
1147 4009 1355 4076 socios,
1405 4009 1471 4065 ad
1505 4011 1922 4081 excogitandum

2049 3989 2163 4059 ιοὺς
2248 3992 2345 4045 καὶ
2420 3998 2851 4065 στοχαστικοὺς,
2920 4001 3229 4069 συμπαθεῖς
3309 4008 3405 4057 καὶ
3483 4006 3627 4072 ὀξεῖς

335 4101 586 4167 solertes,
620 4100 828 4167 fideles,
872 4100 1163 4170 quinneque
1202 4101 1299 4154 tibi
1342 4100 1408 4153 ad
1445 4102 1676 4171 gratiam
1706 4103 1921 4158 obtem-

2058 4084 2105 4146 ἰς
2151 4082 2213 4136 τὸ
2280 4086 2471 4154 νοῆσαι
2523 4088 2618 4140 καὶ
2674 4089 2982 4157 ἀσφαλεῖς,
3042 4092 3168 4146 οὕτε
3216 4111 3299 4149 σοι
3357 4096 3437 4166 τῷ
3501 4099 3628 4167 βου-

334 4196 629 4268 perabuut,
679 4207 858 4262 neque
902 4191 1011 4253 illi,
1066 4192 1161 4263 qui
1209 4192 1286 4246 rei
1343 4203 1632 4264 susceptor
1681 4196 1917 4261 exsistit,

2049 4176 2334 4249 ,ευσομένῳ
2374 4179 2684 4250 ὑπήκοντας
2724 4183 2869 4236 κατὰ
2912 4183 3095 4255 χάριν,
3151 4184 3277 4240 οὔτε
3322 4188 3402 4257 τῷ
3449 4190 3627 4261 κυρίῳ

333 4301 514 4356 neque
567 4285 673 4340 sibi
702 4293 918 4350 mutuo,
969 4284 1064 4340 sed
1102 4285 1196 4355 qui
1239 4286 1384 4354 quod
1424 4287 1667 4356 cogitant
1706 4288 1916 4355 dicunt,

2049 4268 2115 4321 '06
2140 4270 2488 4340 πράγματος,
2519 4271 2645 4326 οὔτε
2674 4273 2949 4345 ἀλλήλοις,
2977 4275 3240 4347 λέγοντας
3260 4279 3321 4333 δὲ
3345 4282 3407 4333 τὸ
3426 4283 3621 4350 φαινό-

334 4381 429 4450 qui
469 4377 704 4447 simplici
730 4377 917 4432 animo
961 4388 1017 4432 et
1052 4378 1373 4447 incorrupto
1409 4387 1559 4444 sunt,
1596 4379 1919 4451 nullumque

2049 4378 2206 4428 ιενον,
2240 4364 2526 4435 ἀκεραίους
2562 4382 2632 4418 τε
2670 4367 2771 4431 τὰς
2802 4369 3049 4440 γνώμας,
3084 4373 3175 4424 καὶ
3200 4372 3620 4443 ἀπροσκλινεῖς,

333 4486 399 4525 ex
433 4471 503 4524 iis
534 4470 700 4523 rebus
722 4468 937 4523 lucrum
961 4479 1233 4538 quaerunt,
1269 4469 1365 4524 sed
1396 4483 1463 4525 eo
1514 4469 1634 4540 ipso
1673 4478 1918 4541 tempore

2049 4454 2117 4507 La).
2180 4454 2454 4525 μηδεμίαν
2522 4455 2581 4523 ἐξ
2659 4458 2871 4512 ἑαυτῶν
2938 4463 3279 4534 παρέχοντας
3338 4466 3620 4537 επιϐολὴν,

332 4562 463 4639 quid
496 4561 733 4615 maxime
766 4560 899 4614 utile
923 4560 994 4615 sit
1030 4561 1333 4630 explorant.

2184 4549 2252 4617 τῇ
2283 4548 2421 4619 αὐτῇ
2460 4547 2580 4620 ὥρᾳ
2632 4550 2689 4602 τὸ
2730 4552 3157 4624 συμφορώτερον
3195 4555 3618 4626 δοκιμάσαντας.

403 4655 459 4707 7.
515 4653 655 4708 Sunt
704 4654 886 4719 enim,
930 4653 1025 4723 qui
1074 4669 1198 4708 cum
1250 4655 1467 4708 lucrum
1511 4654 1767 4725 aliquod,
1816 4665 1915 4710 aut

2089 4635 2155 4702 ζ’.
2189 4640 2309 4692 Είσὶ
2336 4642 2445 4711 γάρ
2471 4641 2617 4704 τινές
2644 4659 2698 4695 τι
2727 4645 2784 4696 ὲν
2814 4645 3028 4709 ἑαυτοῖς
3053 4647 3289 4717 ὁρῶντες
3320 4649 3450 4725 ίδιον
3474 4668 3617 4722 συμ-

331 4764 448 4812 eos,
492 4763 634 4817 quos
678 4747 878 4802 charos
904 4747 1120 4810 ,habcnt
1158 4757 1321 4817 atque
1358 4747 1613 4817 diligunt,
1646 4748 1920 4817 pertinere

2049 4731 2186 4802 ιέρον
2219 4732 2430 4803 ἑτέροις
2483 4733 2579 4797 οὒς
2624 4735 2936 4803 ἀγαπῶσιν,
2972 4738 3005 4807 ἢ
3055 4734 3314 4811 κήδονται
3353 4742 3449 4795 καὶ
3491 4745 3617 4797 ἐπι-

334 4854 496 4908 posse
518 4838 720 4904 vident,
745 4848 915 4892 totam
937 4837 1332 4907 judicatiouem
1361 4839 1434 4892 rei
1459 4852 1525 4892 co
1548 4837 1917 4905 transferunt;

2049 4825 2321 4877 :xémwat
2364 4824 2462 4895 τὴν
2516 4826 2698 4899 κρίσιν
2743 4828 2838 4882 τοῦ
2884 4830 3232 4901 πράγματος,
3279 4834 3374 4886 καὶ
3418 4834 3619 4895 πολλάτ

332 4943 387 4987 et
415 4933 542 5001 quia
566 4933 875 5001 pertinaces
900 4940 1046 4996 sunt,
1067 4933 1384 4986 universum
1413 4931 1702 4986 consilium
1725 4932 1794 4986 ab
1812 4932 1919 4986 uti-

2049 4932 2111 4978 εις
2160 4916 2262 4968 οὐκ
2328 4916 2624 4983 ἐνδιδόντες
2683 4921 3098 4993 παρατρέπουσι
3151 4923 3252 4993 τὴν
3320 4923 3548 4998 γνώμην
3588 4925 3619 4980 ὃ

333 5023 486 5075 litate
508 5021 785 5075 communi
822 5021 888 5075 ad
922 5022 999 5086 id,
1028 5021 1174 5090 quod
1210 5020 1313 5089 ipsi
1345 5022 1557 5085 volunt,
1590 5020 1888 5075 deducunt.
2029 5010 2330 5081 βούλονται-

400 5112 453 5166 8.
487 5110 543 5166 In
577 5113 741 5167 rebus
762 5113 995 5168 occultis
1026 5121 1081 5167 et
1125 5113 1325 5166 abditis
1362 5111 1549 5167 ﬁdeles
1577 5111 1778 5167 adhibe
1825 5112 1920 5168 tibi

2092 5101 2167 5173 η’.
2214 5103 2340 5155 Ἐπὶ
2367 5104 2425 5158 δὲ
2453 5105 2563 5159 τῶν
2585 5106 2915 5179 ἀπορρήτων
2950 5110 3045 5163 καὶ
3071 5111 3332 5181 κρυπτῶν
3354 5115 3617 5184 πραγμά-

331 5213 387 5261 et
416 5213 784 5278 temperantes
826 5206 996 5270 viros,
1029 5215 1083 5261 et
1117 5205 1447 5270 taciturnos,
1482 5213 1538 5258 et
1578 5204 1671 5274 qui
1710 5204 1765 5259 in
1798 5220 1917 5271 sua,

2054 5197 2274 5278 wv_xa‘t
2307 5198 2535 5261 πιστοὺς
2566 5199 2990 5271 παραλάμϐανε,
3031 5202 3129 5257 καὶ
3158 5204 3469 5275 ἐγκρατεῖς,
3522 5209 3618 5260 καὶ

331 5306 387 5350 et
408 5313 516 5351 non
539 5296 773 5353 aliorum
805 5306 1076 5368 potestate
1092 5304 1241 5364 sunt,
1266 5312 1389 5351 cum
1416 5307 1642 5352 secreta:
1670 5312 1757 5352 res
1781 5297 1918 5362 istae,

2049 5288 2345 5357 ιυστηρίων
2401 5290 2668 5359 φύλακας,
2706 5294 2800 5345 καὶ
2835 5292 2911 5363 μὴ
2947 5294 3054 5347 ὑπὸ
3089 5294 3190 5366 τὴν
3227 5296 3430 5367 ἐτέρων
3461 5297 3617 5364 ἐξου-

330 5398 392 5443 υι
423 5390 747 5446 secretiores
763 5390 916 5457 fiant,
948 5391 1174 5447 minime
1200 5389 1267 5445 ad
1300 5390 1746 5460 cognoscendum
1778 5390 1920 5444 mul-

2056 5379 2137 5432 ίαν
2170 5380 2350 5447 ὄντας,
2385 5381 2573 5436 ἄλλοτε
2603 5382 2739 5455 μηδὲ
2762 5384 2860 5454 τῆς
2890 5386 3077 5457 χρείας
3100 5386 3307 5459 ταύτης
3330 5387 3616 5453 πλείστους

332 5480 565 5536 titudine
597 5480 867 5551 indigent.

2053 5469 2282 5541 εομένης
2310 5472 2400 5526 διὰ
2426 5473 2486 5527 τὸ
2526 5474 2956 5547 μυστικώτερον.

409 5573 463 5629 9.
489 5573 738 5629 Delibera
765 5574 940 5642 tarde,
966 5574 1069 5628 nisi
1102 5574 1287 5643 aliqua
1316 5576 1615 5632 necessitas
1658 5575 1916 5631 celerita-

2097 5567 2125 5618 θ
2148 5605 2162 5619 .
2200 5567 2312 5618 Καὶ
2352 5566 2611 5636 βουλεύου
2652 5568 2751 5638 μὲν
2777 5568 3043 5639 βραδέως,
3077 5569 3127 5623 εἰ
3154 5570 3230 5641 μή
3265 5588 3353 5635 τις
3369 5572 3530 5643 χρεία
3553 5573 3618 5626 τὸ

2023 5661 2186 5731 τάχος
2237 5659 2496 5712 ἀπαιτεῖ·
2550 5660 2621 5713 τά
2667 5659 2727 5713 δὲ
2770 5660 3127 5730 βουλευθέντα
3184 5680 3290 5731 σοι,
3344 5667 3393 5719 εἰ
3450 5665 3617 5736 μηδὲν

2026 5750 2319 5825 ἐμποδίζῃ,
2347 5751 2555 5822 ταχέως
2586 5750 2844 5806 ἐπιτέλει.

2101 5847 2182 5903 ιε’.
2216 5849 2421 5921 Καιρὸν
2448 5848 2620 5920 δὲ,ὠς
2644 5849 2881 5920 εἴρηται,
2914 5852 3008 5906 καὶ
3038 5854 3202 5908 τόπον
3228 5854 3430 5925 ὁμοίως
3462 5852 3616 5908 ἐκλέ-

333 5672 445 5716 tem
478 5663 741 5731 requirit;
784 5663 877 5717 ubi
908 5664 1275 5731 consulueris,
1330 5665 1377 5719 si
1423 5666 1636 5721 nullum
1685 5665 1915 5737 impedi-

333 5760 577 5804 mentum
614 5753 706 5829 sit,
738 5762 949 5808 mature
985 5753 1172 5810 facito.

410 5839 496 5893 10.
525 5839 763 5914 Tempus
792 5850 847 5899 et
876 5843 1077 5913 locum,
1103 5846 1561 5915 quemadmodum
1596 5848 1912 5919 praedictum
