4022 6434
379 318 481 382 697

1468 317 1802 378 TACTICA.
1827 345 1895 355 —
1924 318 2432 380 CONSTITUTIO
2475 322 2572 381 ιν.

3525 327 3631 389 698
3696 394 3707 403 _

369 414 466 504 γου
494 435 591 488 καὶ
624 433 1001 497 κατασκεύαζε
1029 432 1107 503 τῷ
1132 434 1417 505 πράγματι
1447 434 1667 497 οἰκεῖον,
1703 433 1843 505 πλὴν
1875 434 1949 504 μὴ

2083 443 2159 495 st,
2209 433 2288 488 rei
2336 433 2593 490 idoneum
2624 433 2781 506 elige.
2810 431 2916 490 Sed
2959 436 3027 490 de
3070 449 3133 491 ea
3181 436 3390 493 referas
3428 454 3537 494 non
3577 442 3646 497 ad

368 530 461 585 ἐπὶ
488 529 573 583 σοὶ
608 529 753 600 μόνῳ
788 529 1029 600 ἀνάφερε
1056 528 1156 598 τὴν
1208 528 1338 599 περὶ
1368 527 1573 581 τούτων
1600 526 1806 599 κρίσιν,
1835 526 1951 580 ἀλλ’

369 618 462 673 ἐπὶ
488 620 692 682 πάντας
720 619 845 683 τοὺς
870 618 1264 683 κοινωνοῦντας
1290 618 1368 689 τῷ
1396 617 1684 689 πράγματι
1706 616 1825 686 ἃμα
1847 632 1951 670 σοι.

372 713 480 766 Καὶ
525 710 580 766 τί
631 711 730 782 μὲν
782 712 902 765 δέον
952 728 1012 764 σε
1069 712 1274 783 πρᾶξαι
1332 710 1568 764 σκέπτου
1597 749 1611 773 ,
1658 710 1753 762 καὶ
1816 707 1955 779 μετά

368 803 629 857 πλειόνων
675 802 955 874 βουλεύου,
999 802 1035 858 ἃ
1066 803 1123 857 δὲ
1156 804 1362 874 πρᾶξαι
1392 801 1680 873 βουλεύσῃ,
1719 800 1816 853 σὺν
1838 800 1954 853 ὀλί-

367 911 505 963 γοις.
534 892 646 964 Τὴν
688 894 745 947 δὲ
780 894 1036 949 καλλίονα
1083 895 1309 964 γνώμην
1335 891 1723 963 ἐπιλεξάμενος
1756 892 1955 962 κάτεχε

367 986 520 1058 παρά
548 987 779 1057 σεαυτῷ,
811 986 900 1041 ἵνα
934 988 1009 1057 μὴ
1040 988 1152 1049 τοῖς
1181 986 1449 1050 ἐναντίοις
1492 983 1813 1056 καταφανὴς
1862 984 1955 1036 καὶ

366 1078 427 1132 εὖ
461 1079 847 1142 ὲπιϐούλευτος
875 1077 1160 1148 γενέσθαι.

441 1170 531 1225 ια’.
576 1171 657 1223 Τά
704 1171 760 1224 δὲ
812 1172 1116 1242 πράγματα
1168 1170 1421 1234 πλείονας
1473 1168 1773 1242 χορηγοῦσι
1826 1166 1954 1230 τοὺς

368 1262 605 1326 σκοποὺς
649 1261 800 1325 ἴσως.
840 1262 938 1325 Τίς
978 1262 1303 1332 περίστασις
1347 1264 1411 1316 ὲκ
1445 1262 1662 1316 πάντων
1703 1259 1815 1314 τῶν
1848 1276 1959 1330 με-

371 1355 481 1427 ρῶν
549 1355 761 1424 φανερά
809 1354 1043 1423 γένηται
1094 1355 1208 1417 τοῖς
1272 1353 1732 1424 συνκεκλημένοις
1785 1353 1843 1405 έν
1888 1352 1956 1421 τῇ

371 1445 531 1517 βουλῇ
563 1443 981 1515 συμϐαλλομένη
1011 1446 1078 1516 τῇ
1112 1444 1307 1516 γνώμῃ
1337 1444 1439 1514 τῆς
1471 1443 1805 1515 συμϐουλῆς.

442 1621 525 1693 ιβ’.
560 1623 776 1686 Πάντας
802 1622 858 1675 δὲ
884 1622 989 1693 χρὴ
1014 1624 1200 1692 ῥέπειν
1241 1627 1335 1677 καὶ
1365 1622 1681 1693 συντρέχειν
1718 1620 1799 1685 είς
1834 1620 1958 1690 φιλ-

369 1712 544 1785 αλήθη
598 1715 691 1766 καὶ
732 1713 915 1785 ἀπαθῆ
963 1715 1281 1785 συζήτησιν,
1330 1716 1425 1769 καὶ
1469 1712 1816 1786 κηδεμονίαν,
1862 1713 1959 1766 καὶ

370 1805 630 1875 πρόνοιαν
650 1803 746 1858 τοῦ
771 1805 1224 1876 συγκαλέσαντος.

447 1976 535 2048 ιγ’.
572 1978 738 2043 Τέλος
780 1979 839 2033 δὲ
881 1979 981 2051 τῆς
1016 1979 1211 2049 βουλῆς
1256 1977 1398 2032 ἔστω
1434 1995 1517 2032 σοι
1561 1979 1624 2032 τὸ
1665 1977 1957 2049 εὑρεθῆναι

370 2074 455 2136 εἰς
474 2071 699 2142 πράξεις
732 2074 826 2126 καὶ
853 2073 972 2137 πῶς
1009 2074 1261 2145 πράξεις,
1297 2075 1393 2128 καὶ
1418 2074 1545 2137 ποῦ,
1573 2073 1669 2125 καὶ
1708 2073 1861 2135 πότε,
1908 2072 1958 2124 εί

374 2165 455 2237 μὴ
483 2166 717 2237 πράξῃς,
740 2165 837 2219 καὶ
868 2165 962 2219 διὰ
986 2166 1040 2218 τί
1069 2166 1179 2237 ἀρα
1203 2166 1264 2218 ού
1297 2166 1549 2237 πράξεις.

444 2256 525 2311 ιδ’.
569 2258 659 2312 Ἐν
682 2253 764 2322 οἷς
793 2258 850 2311 δὲ
882 2257 1114 2327 βουλεύῃ
1152 2257 1246 2311 καί
1283 2260 1341 2311 ὲν
1376 2260 1492 2321 τοῖς
1519 2256 1853 2327 ἐμπίπτουσι
1888 2258 1956 2328 τῇ

375 2347 541 2421 βουλῇ
567 2351 788 2413 σκοποῖς
822 2348 1135 2420 συντρέχειν
1158 2349 1241 2402 δεῖ
1263 2348 1381 2420 ἃμα
1408 2350 1503 2403 καὶ
1523 2349 1586 2402 τὸ
1615 2349 1841 2403 δυνατὸν
1866 2349 1960 2402 καὶ

370 2436 439 2490 τὸ
469 2437 748 2509 συμφέρον
768 2452 782 2467 ·
818 2436 1023 2491 τούτων
1045 2438 1155 2508 γὰρ
1179 2433 1319 2491 εἶναι
1353 2437 1428 2508 μὴ
1453 2438 1770 2508 δυναμένων
1795 2438 1960 2492 ἀσθε-

372 2528 477 2599 νὴς
505 2530 541 2599 ἡ
577 2528 742 2599 βουλὴ
774 2528 871 2583 καὶ
912 2528 1119 2600 ματαία
1147 2528 1377 2582 αὐτόθεν
1410 2528 1547 2582 οὖσα
1592 2532 1959 2597 κατανοεῖται,

374 2618 475 2673 καὶ
500 2618 691 2691 ὥσπερ
714 2621 773 2674 ὲν
808 2618 930 2689 ὕψει
951 2620 986 2689 ὴ
1015 2620 1186 2691 αὐτῆς
1204 2620 1399 2688 ἀλογία
1434 2620 1713 2690 βλέπεται.

455 2792 538 2849 ιε’.
565 2796 631 2850 Et
657 2796 768 2867 γὰρ
795 2796 869 2867 μὴ
900 2796 1171 2868 συμφέρει
1212 2814 1296 2851 σοι
1322 2799 1459 2870 ὅπερ
1491 2798 1560 2853 ἂν
1586 2800 1871 2873 βουλεύσῃ,
1902 2802 1963 2855 ού

382 2884 544 2956 μόνον
588 2886 690 2940 ούκ
730 2885 1061 2958 ὠφελήσεις,
1102 2888 1242 2941 ἀλλά
1276 2889 1477 2958 μᾶλλον
1505 2892 1599 2943 καὶ
1622 2890 1864 2961 βλάψεις.
1902 2894 1965 2946 El

374 2978 428 3032 δ’
449 2974 517 3032 αὖ
551 2977 715 3034 πάλιν
735 2979 798 3032 οὐ
831 2978 1057 3032 δύνασαι
1104 2979 1176 3033 τὰ
1207 2979 1565 3049 βουλευθέντα
1603 2980 1829 3053 πρᾶξαι,
1856 3000 1964 3053 μα-

2058 524 2294 594 teipsum
2343 524 2544 589 solum,
2579 525 2674 581 sed
2729 525 2897 581 etiam
2947 527 3017 582 ad
3069 542 3285 593 omnes,
3324 529 3420 600 qui
3462 539 3645 586 tecum

2060 615 2277 671 consilii
2313 616 2605 685 participes
2641 616 2881 681 fuerant,
2928 627 2984 673 et
3024 619 3155 689 quid
3199 617 3346 674 facto
3395 635 3533 691 opus
3576 624 3649 679 sit

2060 721 2184 761 cum
2218 706 2411 761 multis
2432 706 2710 761 delibera:
2741 722 2864 777 qum
2883 722 3014 762 vero
3049 723 3211 779 agere
3234 710 3496 773 volueris.
3520 726 3647 767 cum

2061 799 2252 869 paucis
2302 800 2672 867 communica,
2722 809 2776 855 et
2830 801 2923 855 ubi
2969 804 3238 872 optimum
3282 819 3350 858 ex
3389 806 3647 862 omnibus

2061 891 2356 947 consilium
2392 892 2622 962 ceperis,
2663 894 2807 963 apud
2839 902 2892 948 te
2929 895 3107 949 solum
3158 904 3299 959 tene,
3341 910 3411 950 ne
3455 897 3648 953 adver-

2061 985 2223 1042 sariis
2244 986 2349 1042 hoc
2372 985 2662 1053 indicetur,
2696 995 2751 1041 et
2781 986 2998 1043 insidiis
3022 987 3240 1043 illorum
3271 998 3550 1060 appetare.

2128 1163 2215 1218 11.
2246 1163 2353 1218 Res
2384 1163 2516 1234 ipsa:
2549 1164 2794 1220 diversas
2822 1173 2877 1220 et
2908 1166 3175 1236 plurimas
3225 1181 3371 1237 saepe
3401 1166 3645 1222 aﬂerunt

2064 1256 2397 1321 sententias;
2438 1256 2688 1312 fortassis
2712 1268 2894 1313 autem
2925 1259 3133 1329 quaevis
3171 1274 3259 1314 res
3285 1259 3648 1315 circumstans

2062 1346 2215 1400 omni
2243 1360 2311 1400 ex
2339 1355 2494 1415 parte
2520 1347 2813 1402 manifesta
2848 1348 2961 1414 flet,
2990 1349 3038 1403 si
3086 1349 3318 1419 singulae
3368 1350 3650 1404 consulto-

2061 1450 2186 1489 rum
2215 1438 2502 1492 scntentia
2532 1437 2679 1492 inter
2712 1438 3129 1494 deliberandum
3169 1440 3222 1493 in
3257 1455 3426 1495 unum
3465 1440 3649 1495 confe-

2067 1537 2274 1582 rantur.

2136 1619 2222 1673 12.
2259 1618 2463 1676 Omnes
2503 1634 2689 1677 autem
2718 1623 2916 1677 debent
2954 1623 3063 1677 huc
3121 1633 3370 1693 spectare
3410 1633 3464 1678 et
3517 1641 3648 1679 con-

2066 1711 2253 1765 venire
2320 1712 2388 1766 ad
2440 1713 2646 1767 salvam
2710 1722 2871 1781 atque
2930 1714 3153 1769 illwsam
3237 1716 3645 1771 multitudinem

1982 1797 2028 1854 Β
2058 1809 2517 1873 conservandam,
2544 1817 2599 1863 et
2635 1809 2702 1863 ad
2737 1824 2925 1863 curam
2988 1809 3468 1880 provisionemque
3504 1811 3645 1880 ejus,

2059 1900 2152 1967 qui
2187 1913 2283 1953 eos
2321 1900 2644 1955 convocavit
2677 1900 3105 1969 suscipiendam.

2132 1989 2218 2044 15.
2257 1990 2408 2047 Finis
2434 1992 2651 2047 consilii
2685 1994 2758 2048 sit
2780 1992 2897 2057 tibi,
2945 2005 3002 2049 ut
3039 2010 3343 2065 cognoscas
3381 1997 3433 2051 in
3485 1997 3648 2053 rebus

2059 2084 2333 2153 gerendis,
2367 2083 2461 2139 ubi
2489 2094 2543 2139 et
2564 2086 2786 2155 quando
2807 2088 3098 2157 agendum,
3124 2089 3205 2143 vel
3240 2105 3346 2144 non
3378 2092 3647 2160 agendum

2059 2173 2152 2241 sit,
2186 2184 2241 2229 et
2273 2191 2381 2245 qua
2410 2177 2477 2232 de
2501 2192 2667 2232 causa
2706 2179 2944 2248 quidque
2974 2180 3266 2251 agendum.

2131 2266 2219 2321 14.
2254 2264 2314 2321 In
2337 2267 2733 2323 deliberatione
2758 2278 2869 2335 tua,
2901 2280 2953 2325 et
2982 2272 3036 2324 in
3058 2272 3314 2327 omnibus
3338 2276 3647 2338 sententiis.

2060 2374 2183 2428 quae
2226 2358 2283 2413 in
2333 2360 2790 2416 deliberationem
2836 2364 3087 2425 veniunt,
3140 2365 3333 2418 adesse
3385 2366 3499 2420 haec
3540 2367 3651 2420 duo

2062 2459 2277 2520 Oportet
2317 2466 2522 2520 :posse
2570 2452 2701 2505 illud
2753 2452 2893 2517 ﬁeri,
2951 2463 3114 2523 atque
3143 2456 3272 2509 utile
3323 2472 3481 2523 esse;
3537 2458 3652 2512 lucc

2061 2542 2207 2596 enim
2239 2543 2371 2608 duo,
2395 2543 2440 2597 si
2494 2557 2603 2597 non
2630 2542 2833 2606 adsint,
2880 2543 3156 2599 inﬁrmum
3204 2548 3489 2602 consilium
3532 2565 3653 2605 esse

2062 2642 2113 2689 et
2146 2637 2497 2691 temerarium
2551 2635 2734 2691 statim
2798 2636 3254 2705 deprehenditur,
3316 2641 3474 2710 quasi
3527 2652 3655 2698 ante

2063 2725 2253 2781 oculos
2278 2726 2422 2779 illius
2453 2726 2645 2780 vitium
2684 2726 2948 2781 cernitur.

2136 2816 2225 2871 15.
2262 2816 2319 2870 Si
2360 2816 2504 2870 enim
2547 2816 2740 2871 inutile
2788 2818 2860 2871 sit
2921 2818 2990 2873 de
3039 2835 3151 2888 quo
3201 2819 3490 2887 deliberas,
3545 2840 3655 2879 non

2066 2908 2228 2962 modo
2253 2907 2715 2973 commodaberis,
2749 2922 2940 2962 verum
2977 2911 3143 2963 etiam
3174 2909 3407 2966 hederis.
3440 2912 3497 2966 Si
3527 2929 3655 2969 vero

2066 3012 2177 3052 non
2203 3006 2438 3067 possunt
2464 2997 2533 3052 de
2555 2998 2759 3068 quibus
2782 2997 3145 3053 deliberatum
3176 3009 3260 3054 est
3297 3003 3505 3070 perlici,
3540 3004 3657 3058 ina»
3748 2982 3761 2993 ’

377 3070 509 3124 ταία
552 3071 587 3141 ἡ
620 3069 905 3140 διάσκεψις
940 3071 1023 3134 είς
1064 3069 1293 3142 ἀνόητον
1328 3072 1482 3135 τέλος
1510 3072 1598 3126 διὰ
1622 3072 1724 3143 τὴν
1764 3075 1964 3128 ἀδυνα-

2083 3088 2154 3142 iis
2183 3087 2299 3143 haec
2328 3087 2699 3142 consideratio
2730 3088 2797 3141 ad
2849 3091 3202 3143 temerarium
3234 3069 3466 3156 exitum,
3506 3092 3655 3163 quod

386 3161 517 3233 μίαν
555 3160 906 3217 καταντῶσα.
954 3161 1208 3215 Μάλιστα
1231 3162 1289 3216 δὲ
1318 3162 1425 3235 χρὴ
1464 3164 1827 3232 φυλάττεσθαι
1866 3167 1965 3231 τάς

382 3254 693 3327 προχείρως
749 3253 1133 3325 έμφερομένας
1160 3255 1219 3310 δν
1245 3257 1359 3318 τοῖς
1400 3255 1691 3327 πράγμασι
1736 3257 1963 3328 βλάϐας,

383 3348 481 3401 καὶ
534 3346 643 3417 γὰρ
696 3348 747 3401 οἱ
796 3347 981 3401 πολλοὶ¹
1020 3347 1231 3419 ἕτοιμοί
1262 3349 1369 3402 είσι
1396 3351 1519 3413 ταῖς
1562 3349 1661 3421 μὲν
1689 3353 1967 3423 φροντίσιν

385 3438 707 3510 εὐφραίνειν
751 3438 1000 3508 ἑαυτοὺς,
1026 3439 1089 3493 τὸ
1125 3438 1183 3493 δὲ
1214 3438 1487 3510 ἐμπίπτον
1510 3440 1613 3513 τῆς
1657 3440 1863 3513 βλάϐης
1892 3443 1967 3514 μὴ

387 3533 555 3603 προϐ)
567 3534 742 3587 ἐπειν.

460 3712 556 3779 ις’.
576 3712 983 3785 Χρησιμωτάτη
1004 3710 1098 3766 οὖν
1130 3712 1279 3765 ἔστιν
1296 3712 1536 3769 ενταῦθα
1562 3714 1599 3784 ἠ
1630 3710 1971 3784 πανταχόθεν

387 3806 738 3878 περίσκεψις,
790 3805 885 3858 καὶ
948 3804 1168 3859 πάντων
1210 3803 1323 3859 τῶν
1362 3802 1605 3858 δυνατῶν
1654 3804 1909 3874 γενέσθαι
1939 3806 1969 3858 ὁ

388 3900 519 3971 περὶ
551 3897 651 3971 τὴν
689 3896 884 3966 σκέψιν
934 3895 1338 3967 ἀναλογισμόςο
1399 3896 1464 3949 ού
1517 3897 1627 3967 γὰρ
1670 3894 1972 3967 προδώσεις

390 3988 583 4043 ἑαυτὸν
629 3987 933 4059 προπετείᾳ
960 3985 1160 4059 τυφλῇ,
1199 3986 1324 4042 οὐδὲ
1349 3988 1472 4051 ταῖς
1501 3987 1821 4057 ἐπιθυμίαις
1858 3987 1972 4041 τῶν

394 4080 650 4152 πράξεων
681 4079 1019 4151 γλυκόμενος
1043 4080 1125 4144 είς
1155 4078 1461 4151 προδήλους
1484 4078 1769 4143 κινδύνους
1794 4079 1972 4151 ἐμπέ-

464 4263 554 4328 ιζ’.
599 4263 772 4319 Πάλιν
820 4263 879 4318 δὲ
917 4263 981 4317 τὸ
1009 4260 1183 4318 δειλὸν
1233 4262 1330 4318 καὶ
1376 4261 1614 4332 θάρσους
1661 4260 1832 4331 χωρὶς
1872 4262 1973 4316 οὐκ

394 4358 543 4411 ἔστιν
570 4355 808 4419 ἀϐλαϐές
830 4370 850 4389 ο
896 4354 1063 4424 φοϐού
1072 4369 1232 4424 μενος
1258 4351 1368 4424 γάρ
1388 4354 1457 4407 τά
1479 4352 1975 4423 ἀλογαπαραπτώ-

2071 3178 2125 3235 id
2159 3179 2276 3234 [leri
2307 3179 2456 3233 nullo
2480 3182 2640 3234 modo
2669 3188 2766 3235 aut
2786 3178 2869 3233 via
2895 3188 3095 3249 potest,
3134 3183 3453 3238 necessario
3487 3186 3655 3253 perti»

2073 3280 2185 3328 net.
2212 3271 2271 3327 in
2309 3271 2501 3342 primis
2526 3282 2709 3326 autem
2747 3274 2923 3327 vitare
2949 3283 3161 3342 oportet
3191 3288 3285 3329 eas
3309 3273 3643 3331 offensiones

2073 3379 2196 3436 quae
2229 3364 2284 3418 in
2317 3374 2572 3434 promptu
2619 3374 2748 3418 sunt
2780 3381 2794 3416 :
2830 3362 3025 3432 vulgus
3054 3363 3202 3417 enim
3253 3364 3539 3420 hominum
3577 3384 3659 3423 so-

2073 3456 2149 3510 let
2187 3469 2372 3511 rerum
2422 3452 2732 3508 futurarum
2769 3453 3195 3524 cogitationibus
3246 3455 3459 3524 seipsos
3506 3457 3658 3511 oble-

2074 3553 2244 3605 ctare,
2295 3540 2627 3596 oﬂ‘ensiones
2668 3549 2851 3596 autem
2905 3542 3329 3598 circumstantes
3376 3547 3659 3615 providere

2075 3647 2184 3686 non
2210 3630 2369 3685 solet.

2112 3724 2235 3778 -16.
2269 3722 2571 3778 Utilissima
2612 3730 2795 3778 autem
2834 3730 2920 3776 est
2961 3723 3015 3776 in
3048 3737 3238 3779 omnes
3278 3732 3463 3795 partes
3488 3726 3658 3781 animi

2077 3815 2235 3887 quasi
2255 3814 2563 3879 excubatio,
2581 3823 2636 3868 et
2661 3828 2853 3868 eorum
2882 3828 3004 3883 quae
3029 3815 3136 3867 ulla
3154 3814 3366 3869 ratione
3400 3816 3515 3871 ﬁeri
3539 3832 3662 3886 pos-

2077 3916 2208 3963 sunt
2239 3907 2292 3962 iu
2330 3904 2746 3962 considerandis
2774 3906 2940 3961 rebus
2974 3906 3329 3975 pertractatio
3363 3925 3376 3959 :
3412 3906 3487 3961 ita
3505 3908 3659 3963 enim

2078 4003 2170 4057 lict
2192 4009 2253 4055 ut
2282 4013 2463 4069 neque
2495 3998 2728 4067 teipsum
2758 3996 2925 4051 nimis
2964 4012 3123 4052 caeca
3157 3996 3448 4051 temeritati
3492 4012 3662 4067 expo-

2078 4107 2201 4154 nas.
2240 4106 2341 4147 nec
2375 4103 2570 4146 rursus
2592 4089 2761 4144 nimia
2792 4104 2977 4144 rerum
3014 4088 3313 4158 cupiditate
3345 4089 3578 4157 illectus,
3603 4092 3659 4145 in

2078 4183 2428 4241 manifestum
2452 4182 2669 4252 aliquod
2694 4181 2990 4237 discrimen
3025 4182 3258 4236 incidas.

2146 4276 2235 4330 17.
2259 4275 2474 4329 Rursus
2500 4273 2665 4328 timor
2688 4272 2897 4342 absque
2922 4271 3031 4326 ulla
3055 4270 3285 4326 audacia
3320 4286 3354 4327 a
3385 4272 3520 4326 vitio
3551 4286 3661 4325 non

2081 4369 2236 4424 abest
2261 4386 2275 4423 :
2300 4376 2356 4423 et
2397 4365 2492 4435 qui
2523 4364 2750 4435 quosvis
2787 4363 3111 4418 temerarios
3162 4377 3329 4419 casus
3381 4362 3662 4428 formidat,

398 4464 568 4518 ματα,
635 4447 729 4502 καὶ
778 4446 850 4500 τά
906 4445 1128 4501 ἐναντία
1195 4460 1279 4499 σοι
1330 4444 1590 4499 δοκοῦντα
1642 4445 1966 4515 παραλόγως

2084 4471 2289 4517 temere
2318 4473 2461 4529 saepe
2494 4457 2760 4512 adversus
2788 4456 3031 4525 seipsum
3073 4454 3244 4509 multa
3280 4453 3432 4520 facit,
3461 4464 3517 4509 et
3543 4471 3667 4525 quae

393 4535 943 4607 πραγματευόμενος,
998 4533 1264 4598 πολλάκις
1307 4533 1416 4588 τῶν
1464 4534 1850 4605 συμφερόντων
1887 4552 1966 4593 σοι

2083 4565 2140 4606 ex
2196 4564 2296 4603 usu
2356 4560 2461 4603 suo
2503 4556 2634 4600 sunt
2682 4544 2928 4617 negligit,
2995 4554 3052 4601 et
3106 4543 3178 4600 ab
3218 4545 3444 4599 utilibus
3501 4545 3669 4599 rebus

394 4628 737 4700 πραγμάτων
774 4626 1188 4698 κατημέλησας,
1230 4625 1329 4681 καὶ
1367 4627 1470 4698 τῆς
1507 4625 1689 4681 αὐτῶν
1731 4628 1979 4700 ἀπέστης

396 4718 672 4789 πράξεως.

470 4807 562 4881 ιη’.
602 4807 760 4863 Οὕτω
788 4808 888 4879 μὲν
933 4804 1027 4863 οὖν
1067 4826 1152 4862 σοι
1184 4809 1274 4864 διὰ
1303 4808 1573 4881 βραχέων,
1606 4803 1656 4864 ὧ
1679 4827 1978 4882 στρατηγε,

398 4903 528 4972 περὶ
558 4900 756 4971 βουλῆς
794 4899 1176 4967 διεξελθόντες,
1209 4900 1340 4971 ἑξῆς
1362 4900 1578 4972 καὶτῆς
1610 4900 1720 4955 τῶν
1755 4902 1982 4972 πολεμι-

400 4992 513 5046 κῶν
545 4991 726 5063 ἔργων
759 5008 822 5044 τε
868 4994 964 5045 καὶ
1019 4991 1274 5062 πράξεων
1300 4993 1568 5063 τακτικῆς
1594 4990 1975 5063 ἀπαρξόμεθα.

973 5100 1286 5153 ΔΙΔΤΔΞΙΣ
1318 5097 1394 5155 Δ’.

472 5217 613 5289 Περὶ
643 5214 987 5285 διαιρέσεως
1013 5213 1274 5289 στρατοῦ
1296 5255 1311 5279 ,
1345 5216 1441 5268 καὶ
1483 5215 1903 5282 καταστάσεως

1027 5286 1357 5353 ἀρχόντων.

476 5378 547 5434 α’.
573 5376 885 5448 Κελεύομεν
935 5377 1114 5430 τοίνυν
1146 5378 1214 5447 τῇ
1270 5379 1337 5447 σῇ
1371 5376 1675 5449 ὲνδοξότητι
1704 5377 1846 5435 κατά
1886 5377 1986 5448 τὴν

409 5477 613 5532 ἀνωθεν
654 5476 749 5531 καὶ
772 5476 855 5543 ,ἐξ
912 5475 1089 5547 ἀρχῆς
1132 5474 1423 5546 συνήθειαν
1465 5473 1592 5536 τοὺς
1651 5473 1988 5544 στρατιώτας

410 5570 649 5631 καὶτοὺς
678 5567 953 5638 ἄρχοντας
986 5566 1168 5620 αὐτῶν
1207 5564 1583 5630 ἐπιλέξασθαι,
1613 5563 1712 5628 οὓς
1747 5565 1812 5618 ἂν
1844 5566 1989 5618 δοκι-

413 5662 594 5733 μάσῃς
633 5661 849 5725 ἱκανοὺς
898 5656 1038 5714 εἶναι
1071 5660 1210 5731 πρὸς
1254 5659 1353 5731 τὴν
1384 5658 1482 5711 τοῦ
1512 5658 1752 5727 πολέμου
1774 5660 1982 5729 χρείαν.

422 5748 650 5822 Ἐκλὲξῃ
692 5752 749 5805 δὲ
784 5750 1122 5823 στρατιώτας
1150 5752 1261 5807 ἀπὸ
1296 5751 1502 5816 παντὸς
1541 5750 1639 5805 τοῦ
1666 5751 1774 5806 ὑπὸ
1804 5752 1864 5804 σὲ
1897 5750 1986 5804 θέ-

2071 4640 2437 4713 suscipiendis
2466 4639 2748 4694 abhorret.

2146 4819 2236 4875 18.
2285 4817 2443 4872 Brevi
2497 4817 2684 4886 igitur,
2722 4830 2757 4869 ο
2791 4815 3116 4884 imperator,
3155 4825 3282 4867 cum
3312 4810 3381 4866 de
3428 4810 3665 4865 consilio

2085 4910 2351 4980 capiendo
2373 4907 2795 4978 disputavimus,
2840 4912 3014 4962 restat
3045 4911 3106 4957 ut
3141 4904 3209 4958 de
3253 4902 3421 4958 rebus
3456 4900 3671 4958 bellicis

2085 5010 2144 5058 et
2177 5001 2508 5057 militaribus
2534 4996 2845 5054 actionibus
2881 4995 3047 5050 verba
3093 4993 3380 5051 faciamus.

2581 5110 2712 5167 (ῖοΝ
2722 5106 3045 5164 STITUTIO
3088 5106 3177 5161 IV.

2160 5228 2237 5285 De
2259 5226 2516 5282 divisione
2540 5223 2830 5289 exercitus,
2862 5231 2913 5276 et
2934 5220 3322 5275 constituendis
3355 5220 3600 5275 duribus.

2165 5387 2215 5440 1.
2248 5384 2605 5455 Praecipimus
2630 5382 2795 5454 igitur
2818 5380 3073 5451 dignitati
3104 5390 3212 5434 tuae
3241 5388 3323 5445 ut,
3369 5393 3471 5449 pro
3503 5388 3674 5434 veteri

2091 5490 2244 5530 more
2289 5474 2792 5553 consuetudineque
2823 5480 2941 5536 tua,
2970 5469 3169 5524 milites
3205 5477 3261 5523 et
3293 5469 3460 5524 duces
3499 5484 3567 5523 ex
3607 5470 3676 5523 iis

2091 5565 2281 5634 eligas,
2307 5579 2447 5633 quos
2469 5566 2537 5619 ad
2571 5564 2702 5621 belli
2742 5578 2901 5620 usum
2927 5560 3166 5617 maxime
3197 5558 3430 5615 idoneos
3457 5558 3678 5629 judica-

2092 5654 2260 5709 veris.
2295 5654 2374 5708 Ex
2409 5655 2560 5709 omni
2593 5655 2799 5712 ditione
2828 5655 2930 5712 sub
2964 5663 3121 5709 tuum
3149 5651 3439 5724 imperium
3488 5651 3679 5722 subje-

2094 5755 2183 5803 cta
2212 5746 2417 5805 milites
2445 5746 2614 5818 eliges
2648 5763 2827 5821 neque
2854 5747 3251 5814 adolescentes,
3287 5756 3466 5817 neque
3493 5756 3674 5807 senes,
