4022 6440
371 305 480 370 ϐῧθ

1654 292 1846 355 LEON
1856 293 1925 350 IS
1955 293 2084 352 ΡΙΠ
2098 293 2415 354 LOSOPHI

3539 302 3646 364 700

373 415 467 471 sed
501 412 696 481 fortes,
723 415 1001 481 robustos,
1026 416 1258 476 alacres,
1292 412 1513 475 divites,
1543 420 1601 463 ut
1628 409 1680 462 in
1704 408 1953 476 expedito

2064 423 2253 475 ματος,
2284 420 2421 477 μητε
2445 407 2661 470 παῖδας,
2702 409 2839 478 μήτε
2866 409 3148 479 γέροντας,
3182 407 3316 461 ἀλλὰ
3345 408 3642 478 ἀνδρείους,

372 514 426 560 et
455 504 740 572 procinctu
783 521 906 559 cum
935 508 1065 570 sint,
1106 505 1157 558 id
1192 513 1300 566 est,
1338 504 1394 557 in
1426 502 1648 566 castris,
1680 509 1736 554 et
1767 500 1819 553 in
1842 500 1961 568 ipso

374 606 517 652 coetu
550 611 616 650 ac
652 596 1000 651 multitudine
1030 595 1330 660 exercitus,
1377 593 1523 664 quod
1562 592 1726 646 hodie
1754 589 1960 644 Fossa-

374 699 487 743 tum
515 688 870 757 appellamus,
905 688 972 741 ad
1007 703 1119 742 rem
1156 687 1419 756 privatam
1471 698 1627 740 suam
1667 690 1722 737 et
1775 681 1962 737 dome-

373 781 563 834 sticam
582 779 739 846 quasi
759 778 1022 838 jmilitiam
1056 786 1354 847 occupatos
1385 776 1536 830 domi
1563 774 1802 827 habeant
1822 772 1961 827 alios

373 868 659 939 agricolas,
700 878 754 923 et
782 878 844 923 ut
874 878 1231 932 armaturam,
1276 874 1476 921 caetera
1510 878 1633 934 qua:
1662 863 1817 916 militi
1864 876 1963 916 ne-

370 960 607 1014 cessaria
643 968 792 1023 sunt,
820 959 1246 1015 subministrare
1274 957 1489 1028 possint
1517 972 1533 1021 ;
1575 964 1630 1009 et
1664 964 1723 1008 ut
1756 953 1961 1007 liberas

370 1051 580 1107 interea
608 1052 751 1108 aedes
781 1053 849 1107 ah
881 1054 1029 1107 omni
1053 1053 1157 1107 alia
1184 1053 1397 1122 publica
1415 1050 1680 1106 servitute
1699 1048 1959 1103 habeant.

368 1139 627 1195 Nostrum
679 1142 823 1197 enim
859 1143 1301 1197 commilitonem
1335 1142 1481 1207 (nam
1516 1140 1598 1196 sic
1643 1154 1769 1194 eum
1795 1153 1959 1195 voca-

370 1246 516 1293 mus,
544 1232 638 1300 qui
669 1247 768 1300 pro
796 1242 990 1287 nostro
1020 1247 1195 1303 regno
1244 1241 1296 1285 et
1324 1231 1571 1285 Romano
1599 1231 1703 1285 hoc
1726 1228 1959 1298 imperio

370 1331 655 1376 strenuum
696 1338 756 1378 se
799 1324 855 1377 in
906 1324 1049 1378 bello
1090 1322 1343 1394 gesserit)
1389 1324 1671 1387 nolumus,
1720 1330 1780 1377 ut
1833 1324 1959 1379 ulla:

369 1413 638 1484 cujusque
663 1414 808 1469 modi
840 1415 1091 1471 servituti
1121 1414 1229 1471 nisi
1273 1415 1480 1470 tributo
1507 1415 1727 1484 publico
1784 1414 1959 1483 subji-

369 1506 566 1559 ciatur.

441 1681 497 1734 9..
546 1680 831 1736 Dividatur
881 1681 1046 1752 igitur
1093 1682 1385 1737 universus
1434 1681 1538 1736 sub
1581 1681 1815 1749 imperio
1858 1690 1954 1736 tuo

370 1774 640 1827 exercitus
676 1772 729 1826 in
762 1780 1026 1843 tagmata,
1078 1772 1195 1828 sive
1225 1771 1427 1837 banda,
1459 1772 1511 1826 id
1554 1780 1658 1837 est,
1704 1772 1958 1827 cohortes

371 1864 649 1929 diversas;
673 1879 750 1917 eae
770 1878 991 1933 quoque
1009 1863 1321 1917 tribuantur
1335 1862 1391 1916 in
1428 1862 1786 1916 contubernia
1807 1878 1822 1926 ;
1846 1861 1960 1917 haec

371 1970 439 2008 cx
463 1956 704 2025 quinque
726 1955 860 2010 viris
878 1954 1271 2018 conﬁciuntur,
1309 1962 1473 2024 atque
1494 1954 1659 2008 etiam
1684 1952 1957 2007 interdum

368 2061 436 2099 ex
480 2046 667 2102 decem
706 2046 859 2114 viris,
905 2060 1029 2116 quae
1084 2044 1308 2101 decuria
1366 2044 1706 2115 appellatur,
1766 2045 1957 2114 sicque

368 2136 587 2190 decuria
615 2136 888 2191 interdum
936 2151 1108 2192 unum
1157 2135 1579 2192 contubernium
1622 2145 1728 2201 est,
1783 2136 1957 2191 inter-

371 2228 500 2284 dum
532 2228 660 2283 duo.

439 2320 495 2374 ὅ.
521 2320 709 2390 Itaque
738 2320 1011 2375 exercitus
1042 2320 1098 2374 in
1146 2321 1407 2375 cohortes
1452 2329 1508 2374 et
1547 2318 1800 2374 decurias
1831 2316 1955 2372 uni-

370 2425 560 2465 versus
608 2411 1003 2480 perscribantur.
1061 2410 1437 2465 Praeﬁciantur
1484 2410 1593 2464 illis
1645 2410 1813 2464 duces
1862 2424 1960 2478 pcr

370 2499 569 2563 banda,
613 2510 667 2555 et
700 2501 961 2570 drungos,
1006 2506 1061 2553 et
1100 2509 1328 2564 turmas,
1361 2508 1414 2553 et
1452 2513 1547 2567 per
1596 2497 1732 2552 alias
1770 2497 1961 2568 prazl‘e-

369 2603 573 2657 cturas,
610 2591 703 2660 qui
741 2589 1301 2645 accommodatissimi
1345 2599 1497 2655 sunt,
1547 2599 1603 2644 et
1632 2592 1726 2659 qui
1765 2589 1957 2643 ﬁdeles

372 2691 521 2749 sunt,
548 2692 604 2738 et
633 2680 881 2737 benevoli
928 2684 1113 2736 nostro
1143 2681 1272 2736 huic
1320 2679 1569 2735 Romano
1620 2672 1869 2750 imperio,
1900 2690 1960 2734 et

368 2774 651 2845 quifortes
693 2788 817 2830 esse
854 2774 1255 2830 existimantur.
1291 2770 1435 2826 Nihil
1463 2772 1721 2842 prohibet
1744 2782 1953 2838 autem,

366 2868 498 2937 quin
533 2876 584 2923 et
628 2868 928 2938 locupletes
975 2866 1291 2936 copiosique
1329 2865 1605 2929 homines,
1649 2871 1705 2918 et
1747 2864 1840 2933 qui
1866 2880 1960 2934 ge-

258 2972 267 2977 ·
368 2975 498 3014 nere
526 2971 688 3028 atque
721 2961 893 3014 animi
948 2960 1153 3014 virtute
1182 2957 1394 3012 nobiles
1419 2965 1570 3021 sunt,
1605 2955 1771 3011 duces
1802 2956 1952 3012 ﬁant.

367 3047 761 3119 Ingenuitatem
794 3052 941 3106 enim
979 3051 1237 3117 habeant,
1290 3058 1353 3105 ut
1385 3049 1440 3103 in
1485 3049 1606 3117 ipso
1636 3049 1795 3118 quasi
1820 3051 1954 3105 arti—

367 3142 493 3196 culo
534 3142 797 3214 temporis
830 3143 1097 3212 imperata
1143 3142 1387 3206 faciant;
1429 3141 1822 3197 abundantiam
1862 3157 1960 3197 au-

369 3242 478 3287 tem
509 3234 850 3301 divitiarum,
895 3244 956 3288 ut
1006 3234 1222 3304 possint
1255 3232 1524 3289 militibus
1557 3249 1588 3287 e
1611 3232 1784 3303 copiis
1843 3234 1958 3288 suis

368 3324 643 3379 interdum
671 3325 879 3395 aliquid
911 3325 1354 3381 subministrare.
1389 3324 1601 3380 Etenim
1633 3342 1838 3397 parvus
1863 3329 1950 3384 hic

366 3428 642 3488 sumptus,
668 3419 713 3473 si
740 3434 771 3472 a
799 3418 1056 3483 ducibus,
1088 3429 1143 3473 et
1173 3418 1445 3488 praefectis
1471 3433 1599 3489 erga
1626 3420 1831 3476 milites
1850 3421 1954 3476 sibi

365 3511 644 3580 subiectos
696 3510 789 3565 (lat
815 3553 831 3578 ,
876 3510 1169 3566 benevolos
1205 3511 1384 3566 reddit
1407 3522 1461 3565 et
1494 3512 1704 3567 amicos
1736 3514 1865 3575 illis,
1899 3522 1950 3567 et

368 3601 424 3653 in
491 3600 818 3669 periculosis
850 3602 1264 3659 discriminibus
1292 3602 1361 3658 ad
1414 3603 1578 3657 vitam
1616 3604 1951 3673 profunden-

368 3692 493 3745 dam
529 3701 749 3762 paratos
777 3694 924 3749 facit.

439 3878 492 3930 ι.
553 3877 659 3931 Alii
718 3877 883 3947 igitur
933 3893 1000 3933 ex
1060 3878 1128 3933 iis
1181 3879 1274 3949 qui
1329 3880 1744 3938 honoratissimi
1799 3892 1946 3948 sunt,

367 3984 681 4023 assessores
716 3970 1062 4039 imperatoris
1103 3971 1251 4038 sint;
1285 3972 1376 4025 alii
1411 3985 1596 4028 autem
1649 3974 1852 4040 adsint,
1895 3983 1949 4030 et

367 4061 663 4131 participes
695 4062 940 4118 universi
971 4064 1216 4129 consilii,
1249 4065 1499 4134 sociique
1534 4081 1702 4135 same,
1732 4067 1779 4121 si
1813 4080 1947 4122 usus

367 4155 441 4207 ita
475 4152 635 4216 ferat,
691 4155 856 4207 etiam
900 4154 1256 4209 secretissimi
1299 4164 1357 4208 et
1405 4155 1769 4213 occultissimi
1815 4170 1948 4211 con-

370 4243 479 4310 silii
516 4244 648 4298 sint.
682 4244 960 4299 Interdum
989 4247 1133 4300 enim
1169 4247 1405 4302 fortasse
1435 4246 1624 4312 etiam,
1662 4248 1755 4319 qui
1803 4248 1943 4318 opti-

367 4351 490 4390 mus
522 4345 625 4397 est,
652 4336 853 4405 cogitat
878 4350 1063 4391 secum
1090 4337 1222 4407 quid
1258 4338 1391 4393 utile
1420 4338 1512 4403 sit,
1540 4348 1596 4393 et
1634 4339 1763 4407 hoc,
1794 4339 1943 4410 quod

2070 498 2340 566 ἰσχυροὺς,
2378 498 2706 568 εὐρώστους,
2742 498 3034 568 εὐψύχους,
3066 498 3353 568 εὐπόρους,
3389 497 3529 551 ὥστε
3547 500 3649 554 αὑ-

2064 592 2210 652 τοὺς,
2262 591 2319 642 ὲν
2363 589 2443 658 τῷ
2486 588 2771 658 ὲξπεδίτῳ,
2809 591 2976 660 ἤγουν
3007 592 3064 642 ὲν
3113 592 3179 660 τῇ
3224 594 3519 661 συναγωγῇ
3552 592 3650 646 τοῦ

2066 680 2334 747 φοσσάτου
2381 681 2461 739 εἰς
2508 681 2609 750 τὴν
2662 680 2799 733 ἰδίαν
2847 680 3137 751 στρατείαν
3186 681 3647 751 ἀσχολουμένους,

2065 767 2208 837 ἔχειν
2235 770 2293 820 ἐν
2319 770 2430 831 τοῖς
2461 768 2615 831 ίδίοις
2645 770 2816 831 οἴκοις
2839 770 3059 839 ἑτέρους
3090 769 3218 831 τοὺς
3242 769 3648 839 γεωργοῦντας,

2065 861 2162 912 καὶ
2194 860 2265 913 τὰ
2301 860 2438 930 πρὸς
2464 860 2811 931 ἀπαρτισμὸν
2859 860 3138 926 ἐξόπλισιν
3181 860 3275 913 τοῦ
3314 861 3651 932 στρατιώτου
3734 911 3749 921 ,

2064 954 2320 1021 χορηγεῖν
2350 952 2704 1021 δυναμένους,
2752 952 2996 1022 δηλονότι
3047 951 3366 1022 ἐλευθέρους
3408 953 3537 1016 τοὺς
3571 952 3653 1005 οἴ-

2064 1062 2193 1108 κους
2238 1044 2459 1114 ἐχοντας
2512 1045 2622 1098 τῶν
2675 1044 2853 1098 ἄλλων
2894 1044 3087 1097 πασῶν
3117 1043 3212 1097 τοῦ
3249 1043 3510 1115 δημοσίου
3540 1045 3653 1098 δου-

2063 1134 2242 1188 λειῶν.
2283 1136 2358 1189 Οὐ
2406 1136 2515 1205 γὰρ
2544 1134 2848 1205 βουλόμεθα
2885 1133 2975 1187 τὸν
3018 1134 3290 1204 ἡμέτερον
3316 1133 3653 1205 συστρατιώ-

2061 1244 2161 1297 την
2204 1227 2400 1298 (οὕτως
2443 1228 2555 1296 γὰρ
2582 1226 2693 1295 ἐγὼ
2746 1225 2895 1279 καλῶ
2924 1225 3015 1279 τὸν
3045 1224 3354 1295 ἀριστεύειν
3386 1224 3649 1294 μέλλοντα

2063 1319 2204 1389 ὐπὲρ
2232 1336 2291 1372 τε
2339 1319 2440 1389 τῆς
2482 1319 2639 1390 ἡμῶν
2672 1318 2971 1387 βασιλείας,
3023 1316 3119 1370 καὶ
3160 1317 3257 1386 τῆς
3298 1316 3648 1386 φιλοχρίστου

2062 1410 2171 1462 τῶν
2204 1410 2491 1480 Ῥωμαίων
2513 1410 2811 1473 πολιτείας,
2828 1411 2886 1462 ὲν
2898 1411 3011 1472 τοῖς
3026 1409 3167 1461 κατὰ
3191 1407 3428 1476 πόλεμον
3444 1408 3650 1479 ἔργοις)

2062 1504 2202 1573 πλὴν
2259 1504 2418 1573 μόνον
2446 1502 2543 1556 τοῦ
2575 1502 2834 1573 δημοσίου
2876 1501 3066 1565 τέλους
3116 1502 3281 1572 ἑτέρᾳ
3326 1500 3650 1553 ὑποκεῖσθαι

2062 1595 2353 1667 οίᾳδήποτε
2384 1595 2621 1665 δουλείᾳ.

2134 1686 2197 1757 β’.
2256 1686 2584 1757 Διαιρείσθω
2633 1686 2810 1739 τοίνυν
2839 1686 2867 1737 ό
2900 1687 3008 1748 πᾶς
3056 1684 3161 1737 ὐπὸ
3208 1685 3267 1737 σὲ
3303 1684 3534 1755 στρατὸς
3572 1688 3651 1750 είς

2059 1778 2338 1847 τάγματα,
2387 1779 2556 1849 ἤγουν
2605 1778 2675 1831 τὰ
2718 1778 2987 1846 λεγόμενα
3046 1776 3215 1845 βάνδα
3251 1776 3507 1847 διάφορα,
3556 1779 3651 1830 καὶ

2060 1869 2140 1921 ἔτι
2172 1868 2594 1939 ὑποδιαιρείσθω
2624 1868 2704 1930 είς
2734 1868 3054 1936 δεκαρχίας.
3082 1865 3188 1918 Καὶ
3219 1870 3650 1937 καταστήτῳσαν

2060 1961 2139 2021 εἰς
2167 1959 2235 2012 τὰ
2259 1959 2525 2028 λεγόμενα
2562 1957 2972 2027 κοντουὸἑρνια.
3020 1955 3207 2009 Ταῦτα
3228 1955 3285 2008 δὲ
3309 1955 3651 2023 γινέσθωσαν

2061 2050 2156 2103 καὶ
2210 2048 2320 2102 ἀπὸ
2372 2047 2533 2101 πέντε
2598 2046 2864 2109 πολλάκις
2915 2045 3010 2098 καὶ
3061 2043 3170 2097 ἀπὸ
3225 2043 3362 2096 δέκα
3416 2044 3649 2114 ἀνδρῶν,

2060 2141 2229 2211 ἡγουν
2288 2138 2433 2193 κατὰ
2492 2138 2811 2209 δεκαρχίαν,
2866 2138 2900 2209 ἢ
2953 2135 3013 2190 ἓν
3074 2135 3562 2208 κοντουρεέρνιον,
3612 2138 3648 2207 ἢ

2060 2230 2175 2284 δύο.

2132 2320 2202 2391 γ’.
2233 2322 2342 2375 Καὶ
2362 2322 2389 2374 ό
2420 2321 2520 2391 μὲν
2548 2320 2778 2391 στρατὸς
2812 2318 2933 2383 ὅλος
2983 2317 3304 2389 διαιρείσθω
3353 2317 3527 2382 οὕτως
3569 2317 3653 2381 είς

2064 2415 2345 2483 τάγματα,
2376 2413 2472 2465 καὶ
2499 2416 2577 2474 εἰς
2600 2412 2919 2483 δεκαρχίας.
2939 2410 3354 2479 Ἑπιστήτωσαν
3383 2410 3440 2462 δὲ
3466 2411 3651 2473 αὐτοῖς

2064 2508 2325 2577 ἄρχοντες
2356 2506 2499 2559 κατὰ
2534 2505 2722 2576 βάνδα,
2763 2506 2859 2558 καὶ
2888 2502 3186 2574 δρούγγους
3212 2544 3228 2571 ,
3257 2504 3351 2556 καὶ
3379 2504 3648 2571 τούρμας,

2061 2598 2155 2650 καὶ
2182 2597 2280 2660 τὰς
2310 2596 2476 2660 ἄλλας
2502 2596 2729 2659 δεούσας
2778 2594 2973 2665 ἀρχὰς,
3003 2595 3053 2646 οἱ
3092 2593 3417 2647 ἱκανώτατοι
3440 2633 3454 2657 ,
3483 2595 3653 2664 ἧγουν

2060 2687 2175 2740 ὅσοι
2198 2688 2293 2740 καὶ
2328 2687 2510 2739 πιστοὶ
2540 2686 2636 2739 καὶ
2659 2684 3001 2754 εὐγνώμονες
3020 2684 3296 2753 φαίνονται
3324 2686 3390 2754 τῇ
3423 2685 3655 2752 Ῥωμαῖ-

2060 2783 2128 2851 κῇ
2154 2778 2400 2849 πολιτείᾳ
2418 2762 2602 2849 ἡμῶν,
2630 2777 3039 2848 μαρτυροῦνται
3060 2776 3118 2829 δὲ
3143 2776 3241 2829 καὶ
3263 2775 3652 2846 ἀνδρειότεροι.

2059 2872 2223 2925 Οὐδὲν
2260 2872 2317 2925 δὲ
2348 2872 2546 2925 κωλύει
2580 2871 2671 2925 καὶ
2706 2869 3123 2940 εὐπορωτάτους
3153 2868 3351 2932 αὐτοὺς
3371 2866 3514 2921 εἶναι
3553 2866 3651 2921 καὶ

2058 2965 2298 3032 εὐγενεῖς
2322 2963 2465 3017 κατά
2488 2980 2545 3017 τε
2570 2964 2631 3017 τὸ
2660 2963 2840 3031 γένος,
2864 2962 2959 3015 καὶ
2973 2960 3072 3031 τὴν
3094 2960 3196 3030 τῆς
3215 2960 3395 3031 ψυχῆς
3419 2961 3648 3032 ἀρετήν.

1986 3102 2031 3162 C
2062 3056 2174 3127 Τὴν
2210 3056 2311 3125 μὲν
2336 3057 2619 3125 εὐγένειαν
2653 3056 2821 3126 ἔχειν,
2857 3056 2947 3110 ἵνα
2973 3049 3076 3109 ὦσι
3121 3056 3403 3127 πρόχειροι
3437 3057 3495 3108 έν
3523 3053 3651 3119 ὀξύ-ι

2067 3164 2188 3216 τητι
2228 3146 2323 3199 τοῦ
2359 3146 2554 3217 καιροῦ
2590 3149 2719 3218 περὶ
2749 3148 2849 3211 τὰς
2896 3147 3259 3216 κελευομένας
3284 3146 3472 3209 αὐτοῖς
3516 3147 3653 3215 πρά-

2068 3237 2201 3303 ξεις.
2227 3239 2338 3309 Τὴν
2369 3239 2425 3291 δὲ
2444 3239 2727 3309 εὐπορίαν,
2751 3241 2841 3294 ἵνα
2864 3240 3124 3294 δύνωνται
3146 3241 3261 3302 τοῖς
3293 3240 3652 3311 στρατιιὶιταις

2065 3331 2130 3382 ἐκ
2177 3327 2494 3399 περιουσίας
2530 3330 2814 3395 πολλάκις,
2854 3332 2904 3383 εί
2949 3331 3155 3401 δεήσει,
3208 3334 3484 3401 χορηγεῖν.
3541 3333 3653 3386 Καὶ

2063 3422 2172 3497 γάρ
2200 3421 2355 3492 ὀλίγη
2400 3422 2539 3491 τάχα
2569 3424 2808 3492 χορηγία
2831 3424 2941 3477 άπὸ
2962 3424 3070 3476 τῶν
3115 3423 3433 3494 ἡγουμένων
3456 3425 3651 3495 ἀρχόν-

2062 3530 2170 3566 των
2201 3513 2338 3582 πρὸς
2368 3514 2495 3576 τοὺς
2524 3514 3003 3583 ὐποτακτομένους
3030 3513 3290 3583 γινομένη
3320 3513 3651 3567 εὐνούστατα

2060 3606 2154 3657 καὶ
2181 3604 2331 3675 φιλίᾳ
2360 3605 2726 3676 πρὸς-αὐτοὺς
2762 3605 3174 3677 παρασκευάζει
3201 3606 3272 3659 τὰ
3302 3604 3508 3676 πλήθη,
3554 3606 3652 3660 καὶ

2061 3697 2522 3765 συναγωνίζεσθαι
2561 3699 2722 3770 μέχρι
2766 3699 2862 3754 καὶ
2888 3698 3079 3762 τέλους
3126 3700 3186 3753 ὲν
3214 3701 3329 3763 τοῖς
3380 3700 3457 3763 ὼς
3501 3700 3650 3764 είκὸς

2057 3791 2393 3859 ἐμπίπτουσι
2424 3789 2715 3855 κινδύνοις.

2127 3879 2191 3932 δ’.
2230 3880 2292 3933 Oi
2317 3880 2374 3934 δὲ
2401 3880 2649 3950 μείζονες
2676 3880 2856 3934 αὐτῶν
2879 3882 2973 3935 καὶ
2996 3882 3358 3951 ὲντιμώτατοι
3398 3885 3492 3937 καὶ
3516 3901 3651 3938 συν-

2054 3969 2267 4041 εδρεύοι
2315 3973 2396 4043 τῷ
2451 3973 2765 4044 στρατηγῷ.
2799 3974 2863 4029 Οἱ
2918 3974 2976 4027 δὲ
3027 3975 3123 4028 καὶ
3173 3974 3497 4045 παρέσονται
3553 3977 3650 4030 καὶ

2057 4062 2345 4134 μεθέξουσι
2381 4067 2479 4119 σὺν
2507 4065 2659 4136 αὐτῷ
2686 4068 2866 4137 πάσης
2899 4066 3093 4137 βουλῆς
3125 4068 3221 4120 καὶ
3253 4069 3647 4139 κοινωνήσουσί

2054 4171 2157 4208 που
2186 4156 2279 4209 καὶ
2322 4156 2549 4228 γνώμης
2576 4158 2625 4212 εί
2657 4158 2813 4227 τύχοι
2848 4160 2942 4212 καὶ
2980 4161 3313 4230 ἀπορρήτου,
3367 4161 3461 4215 καὶ
3506 4178 3645 4232 κρυ-

2053 4247 2197 4318 πτῆς
2216 4262 2230 4278 ⁸
2266 4248 2361 4303 καὶ
2390 4249 2499 4319 γάρ
2518 4266 2604 4312 τις
2625 4250 2769 4319 τάχα
2792 4250 2885 4305 καὶ
2906 4250 3126 4322 ἄριστος
3149 4251 3224 4304 ὢν
3248 4254 3418 4307 ἐννοεῖ
3454 4253 3553 4322 μέν
3590 4270 3644 4306 τι

2051 4340 2353 4409 χρήσιμον
2389 4338 2625 4409 βεϐαίως
2666 4340 2722 4393 δὲ
2765 4340 2834 4393 τὰ
2876 4341 3073 4395 ἑαυτοῦ
3114 4342 3640 4413 μόνοςοίκειοῦταν

366 4430 483 4496 ipse
514 4428 802 4493 invenerit,
832 4428 951 4483 sine
980 4429 1089 4483 ulla
1127 4431 1468 4486 dubitatione
1503 4430 1773 4500 optimum
1816 4446 1942 4488 esse

2063 4431 2241 4501 γνώμη
2276 4432 2385 4501 γὰρ
2411 4433 2444 4500 ἡ
2483 4431 2648 4501 βουλὴ
2680 4433 2885 4502 ἑκάστη
2913 4450 2927 4464 ·
2966 4435 3000 4502 ἡ
3043 4436 3141 4504 μὲν
3169 4434 3477 4505 ἀόοήθητος
3507 4430 3645 4487 οὖσα

363 4528 537 4586 putat.
572 4516 853 4573 Sententia
884 4519 1051 4586 enim,
1082 4529 1138 4574 et
1164 4521 1458 4575 consilium
1485 4521 1944 4593 uniuscujusque,

364 4611 411 4664 si
457 4610 753 4681 singulare,
793 4620 848 4666 et
906 4611 1072 4667 unius
1122 4613 1299 4667 solum
1356 4613 1599 4669 hominis
1655 4612 1842 4679 fuerit,
1889 4615 1944 4668 in

364 4716 525 4755 suum
587 4701 765 4770 ipsius
820 4702 1105 4756 inventum
1161 4702 1340 4756 solum
1385 4704 1660 4765 intuetur;
1710 4702 1944 4758 aliorum

2053 4522 2184 4591 περὶ
2212 4522 2313 4590 τὴν
2349 4521 2485 4575 ίδίαν
2522 4522 2739 4594 εὕρεσιν
2779 4525 2949 4594 μόνην
2985 4525 3309 4590 ἀποϐλέπει,
3353 4525 3386 4594 ή
3419 4524 3524 4577 ὑπὸ
3554 4525 3646 4577 καὶ

2052 4611 2229 4666 ἄλλων
2293 4611 2503 4665 πολλῶν
2556 4613 2967 4682 μαρτυρηθεῖσα
3014 4612 3301 4667 πιστοῦται
3363 4615 3456 4666 καὶ
3512 4618 3645 4667 ἁνα-

2053 4702 2303 4771 φαίνεται
2336 4702 2502 4771 μηδὲν
2529 4701 2727 4772 ἔχουσα
2757 4703 3042 4774 σφαλερόν.

361 4804 542 4848 autem
596 4796 879 4850 hominum
916 4797 1230 4861 consilium,
1303 4798 1349 4851 si
1414 4798 1777 4868 adiungatur,
1841 4799 2190 4854 examinatur
2233 4801 2339 4853 hoc
2399 4800 2711 4863 consilium,
2780 4811 2834 4855 et
2877 4805 3039 4873 quale
3088 4806 3159 4859 sit
3224 4805 3503 4871 elucescit,
3590 4815 3644 4861 et

360 4888 529 4941 semel
560 4902 590 4940 a
621 4888 872 4957 pluribus
901 4891 1285 4961 approbatum,
1320 4893 1457 4946 nihil
1503 4892 1775 4948 lubricum
1814 4904 1909 4949 aut
1948 4910 2150 4965 anceps
2184 4898 2469 4949 continere
2525 4896 2790 4951 creditur.

432 4983 484 5036 5.
552 4982 655 5036 Par
715 4994 800 5038 est
856 4985 1023 5055 igitur
1101 4987 1351 5055 quemvis
1409 4988 1799 5058 imperatorem
1859 4990 1942 5061 (ut

2107 4998 2168 5045 ε’.
2206 4992 2424 5061 Πρέπον
2453 4992 2546 5046 οὖν
2572 4995 2719 5046 ἐστιν
2748 4988 2891 5047 εἶναι
2929 4994 3021 5047 τὸν
3053 4994 3384 5065 στρατηγὸν,
3421 4996 3504 5047 ἵνα
3548 4994 3643 5049 καὶ

363 5088 581 5126 rursum
617 5072 714 5126 tibi
745 5074 951 5128 eisdem
985 5075 1052 5129 de
1095 5076 1257 5129 rebus
1296 5076 1704 5146 praecipiamus)
1762 5092 1943 5147 neque

2063 5084 2204 5136 πάλιν
2281 5101 2364 5137 σοι
2428 5086 2557 5153 περὶ
2581 5086 2688 5138 τῶν
2748 5087 2925 5139 αὐτῶν
2981 5087 3440 5156 παραινέσωμενο
3502 5091 3641 5156 μήτε

361 5167 433 5220 ita
466 5168 653 5220 animo
687 5167 897 5222 incerto
944 5183 1088 5231 esse,
1139 5178 1197 5221 ut
1242 5169 1359 5237 ipse
1399 5168 1502 5222 sibi
1559 5170 1663 5236 ipsi
1716 5172 1941 5224 omnino

2063 5176 2213 5239 ιῦτως
2247 5177 2479 5232 ἄστατον
2502 5178 2600 5247 τὴν
2622 5178 2860 5231 διάνοιαν
2904 5179 2989 5231 ἵνα
3022 5180 3184 5241 αὐτὸς
3218 5179 3397 5248 ἑαυτῷ
3436 5196 3641 5232 παντε-

358 5259 583 5324 diliidat,
643 5275 820 5328 neque
859 5268 1051 5314 contra
1103 5260 1175 5313 ita
1230 5259 1520 5328 praefracto
1570 5269 1626 5315 et
1677 5262 1940 5331 singulari

2063 5268 2145 5329 ιὼς
2190 5270 2413 5338 ἐπιστῇ,
2463 5270 2600 5338 μήτε
2652 5269 2825 5331 οὓτως
2851 5270 3057 5338 αὐθάδη
3095 5270 3187 5323 καὶ
3218 5272 3531 5340 μονότατον,
3563 5272 3641 5334 ὡς

358 5352 564 5417 animo,
611 5360 674 5405 ut
702 5352 839 5406 nolit
868 5353 935 5406 ad
970 5353 1197 5406 honesta
1232 5355 1466 5406 aliorum
1496 5354 1727 5409 consilia
1766 5364 1943 5407 atten-

356 5445 504 5498 dere.
539 5441 773 5499 Necesse
804 5454 885 5499 cst
908 5446 1055 5500 enim
1095 5445 1177 5498 vel
1214 5453 1274 5499 ut
1303 5448 1549 5500 omnium
1597 5447 1862 5512 consiliis,
1895 5448 1941 5501 si

357 5549 415 5587 se
442 5534 553 5597 det,
583 5544 637 5587 et
668 5534 803 5587 nihil
822 5535 923 5589 sibi
946 5537 1061 5605 ipse
1092 5536 1315 5601 tribuat,
1346 5552 1722 5606 saepenumero
1743 5538 1795 5591 in
1824 5552 1943 5591 cre-

360 5624 486 5677 bras
513 5622 842 5680 oﬂ‘ensiones
892 5627 1097 5680 incidat
1127 5648 1140 5681 :
1176 5630 1258 5682 vel
1309 5631 1351 5683 si
1395 5629 1520 5683 aliis
1580 5628 1729 5683 nullo
1781 5628 1945 5682 modo

363 5713 591 5780 nitatur,
618 5718 715 5771 sed
740 5719 844 5772 sibi
884 5720 987 5774 soli
1024 5721 1174 5788 (idat,
1210 5723 1446 5793 turpiter
1480 5737 1636 5794 saepe
1685 5721 1943 5797 prolabaj

2043 5358 2118 5425 μὴ
2149 5357 2434 5427 βούλεσθαι
2474 5359 2604 5429 παρ’
2636 5360 2842 5430 ἐτέρων
2876 5361 3093 5413 κάλλιόν
3133 5378 3185 5413 τι
3212 5360 3403 5432 νοηθὲν
3427 5362 3643 5431 ἀναμα.

2052 5448 2184 5501 θεῖν.
2232 5449 2469 5520 ’Λνάγκη
2513 5450 2621 5521 γὰρ
2661 5452 2823 5504 αὐτὸν
2861 5452 2893 5522 ἧ
2930 5454 3065 5505 πᾶσι
3116 5455 3227 5515 τοῖς
3272 5453 3453 5516 ἄλλοις
3502 5453 3646 5506 κατὰ

2053 5539 2231 5592 πάντα
2265 5542 2625 5611 προσέχοντα,
2673 5543 2767 5594 καὶ
2796 5542 2937 5596 κατὰ
2970 5544 3179 5613 μηδένα
3210 5544 3392 5613 ἐαυτῷ
3420 5544 3643 5597 πιστεύ-

2052 5650 2201 5697 οντα,
2250 5633 2510 5695 πολλάκις
2555 5634 2728 5687 πολλὰ
2783 5639 2878 5687 καὶ
2923 5633 3220 5704 ἀσύμφορα
3262 5635 3639 5705 πράττεσθαι·

2052 5724 2085 5793 ἦ
2142 5723 2274 5793 μηδὲ
2322 5725 2519 5794 ὀλίγων
2574 5723 2862 5791 ἀκούοντα,
2914 5725 3090 5779 πάντα
3133 5725 3177 5777 δ’
3235 5726 3413 5792 ἐαυτῷ
3473 5740 3645 5777 καταο
