4022 6446
410 351 511 417 701

1503 342 1903 404 TACTICA.-—
1923 338 2426 402 CONSTITUTIO
2466 340 2565 399 IV.

3559 340 3661 401 702

413 458 753 522 πιστεύοντα,
794 454 961 510 πολλὰ
1001 454 1259 515 πολλάκις
1306 450 1401 504 καὶ
1435 448 1647 519 μεγάλα
1687 448 1989 521 διαμαρτάε-

2120 462 2200 500 ur.
2220 444 2416 500 Restat
2440 444 2554 513 jam
2582 452 2641 497 ut
2673 444 2851 513 primo
2880 442 2977 497 tibi
3012 444 3257 497 omnium
3277 443 3659 513 pt'aai‘ectorum

413 569 546 607 νειν.
586 548 804 603 Τούτων
835 547 890 599 δὲ
921 546 1092 607 οὕτως
1138 543 1391 613 ἐχόντων,
1452 540 1719 610 πρότερον
1769 540 1866 608 μὲν
1907 537 1992 602 ἐξ·

413 640 752 711 ονομάσομέν
786 656 867 691 σοι
897 636 1081 700 ἁπλῶς
1102 635 1231 698 τοὺς
1250 632 1680 702 καθισταμένους
1702 630 1990 702 ἄρχοντας,

416 731 516 787 εἷθ’
566 731 738 795 οὕτως
776 730 870 784 καὶ
905 730 973 783 τὰ
1018 728 1381 799 γνωρίσματα
1412 724 1614 788 αὐτῶν,
1664 723 1739 787 ὡς
1782 725 1839 777 ὲν
1874 740 1996 777 συν-

415 824 566 894 τόμῳ
592 823 788 885 εἰπεῖν,
820 819 1191 891 διορισόμεθα.

490 921 564 980 ς’.
604 914 803 985 Πρώτη
832 910 1042 981 κεφαλὴ
1076 913 1105 964 6
1130 910 1452 982 στρατηγὸς,
1481 910 1573 963 καὶ
1605 908 1742 979 μετά
1764 906 1925 961 αὐτὸν
1948 906 1998 958 οἱ

424 1007 714 1077 μεράρχαι,
758 1004 853 1057 καὶ
891 1001 1263 1073 τουρμὰρχαι,
1316 998 1435 1054 εἷτα
1461 1001 1839 1070 δρουγγάριοι,
1878 992 1997 1049 εἶτα

422 1097 678 1166 κόμητες,
718 1094 884 1164 ἡγουν
916 1093 966 1144 oi
1000 1091 1107 1145 τῶν
1136 1091 1446 1161 λεγομένων
1486 1089 1691 1160 βάνδων
1717 1088 1995 1158 ἄρχοντες.

420 1187 552 1239 Εἶτα
598 1190 646 1238 oi
701 1185 1009 1253 κένταρχοι,
1067 1180 1265 1253 ἐφεξῆς
1318 1182 1369 1235 oi
1420 1182 1698 1252 δέκαρχοι,
1747 1181 1914 1251 ἧγουν
1949 1178 1999 1230 οἱ

421 1279 626 1350 πρῶτοι
674 1275 781 1329 τῶν
822 1274 1128 1345 λεγομένων
1173 1273 1367 1328 άὲιῶν.
1411 1269 1545 1326 Εἶτα
1586 1274 1635 1325 οἱ
1684 1271 1997 1339 πένταρχοι,

423 1370 513 1422 καὶ
543 1368 671 1436 ἑξῆς
723 1369 770 1420 οἱ
806 1367 1125 1436 τετράρχαι,
1152 1364 1348 1427 οἵτινες
1381 1364 1498 1427 καὶ,
1528 1363 1616 1416 διὰ
1650 1362 1710 1414 τὸ
1739 1360 2002 1430 ἐσχάτους

421 1459 515 1512 τοῦ
545 1458 724 1527 στίχου
751 1457 845 1509 τοῦ
871 1455 1013 1508 κατὰ
1042 1455 1103 1507 τὸ
1132 1454 1292 1524 βάθος
1317 1454 1436 1524 ἦτοι
1465 1453 1526 1506 τὸ
1561 1452 1736 1522 πάχος
1766 1451 1868 1520 τῆς
1898 1467 2004 1504 πα-

426 1547 701 1621 ρατάξεως
727 1546 1025 1602 τάσσεσθαι
1058 1546 1277 1609 αὐτοὺς,
1311 1545 1407 1599 καὶ
1436 1544 1662 1614 οὐραγοὶ
1690 1541 2000 1596 ἐκαλοῦντο.

432 1641 494 1692 '0
520 1640 626 1710 γάρ
660 1638 886 1708 ἔσχατος
914 1638 1010 1689 τοῦ
1058 1637 1179 1689 ὅλου
1222 1635 1431 1706 στίχου,
1474 1636 1641 1705 ἡγουν
1674 1635 1777 1703 τῆς
1819 1632 2001 1695 ἁκίας,

2097 539 2414 609 simpliciter
2432 538 2653 593 nomina
2678 553 3087 604 recenseam‘us,
3110 539 3305 595 deinde
3322 550 3482 598 notas
3501 556 3667 612 quas-

2097 623 2223 678 dam
2258 623 2475 680 illorum
2512 639 2675 695 quam
2714 626 3062 695 paucissimis
3095 642 3451 697 exponamus.

2168 898 2224 954 6.
2261 897 2437 967 Caput
2486 897 2651 967 igitur
2699 897 2946 951 omnium
2996 896 3290 965 imperator
3333 897 3438 955 erit
3479 916 3496 954 :
3546 912 3672 972 post

2100 990 2254 1045 illum
2284 989 2607 1053 hierarchre,
2640 988 2691 1043 id
2727 997 2832 1051 est,
2858 997 3162 1042 turmarum
3203 989 3441 1058 przefecli
3489 1008 3503 1043 :
3554 1002 3669 1048 tum

2099 1080 2406 1150 drungarii,
2444 1080 2494 1134 id
2526 1089 2630 1144 est,
2662 1079 2870 1134 tribuni
2908 1096 2921 1133 :
2962 1079 3159 1134 deinde
3189 1080 3444 1146 comites,
3477 1081 3530 1137 id
3562 1092 3669 1148 est,

2102 1172 2406 1227 bandorum
2435 1172 2550 1226 sive
2577 1172 2887 1226 cohortium
2919 1170 3160 1241 praefecti
3197 1189 3210 1225 :
3245 1181 3369 1241 post
3401 1173 3501 1228 hos
3540 1191 3674 1230 cen-

2103 1264 2367 1327 turiones,
2405 1262 2603 1317 deinde
2636 1263 2854 1327 decani,
2890 1262 2944 1317 id
2993 1274 3095 1329 est,
3126 1265 3219 1332 qui
3252 1264 3494 1334 praefecti
3536 1282 3673 1322 cun-

2103 1354 2488 1408 tuberniorum
2518 1363 2647 1408 sunt
2682 1370 2697 1407 :
2743 1354 2940 1408 deinde
2969 1355 3240 1423 quintani,
3271 1358 3549 1425 quartani,
3580 1360 3676 1427 qui

2103 1445 2369 1514 quoniam
2417 1444 2591 1498 ultimi
2646 1445 2700 1497 in
2746 1445 3110 1499 cautubernio
3152 1460 3246 1499 seu
3291 1447 3481 1503 ordine
3520 1450 3679 1518 juxta

2104 1536 2448 1591 altitudinem
2497 1536 2581 1590 vel
2618 1535 2961 1590 latitudinem
3012 1535 3294 1591 instructae
3327 1538 3463 1592 aciei
3508 1541 3679 1594 collo-

2106 1635 2322 1693 cantur,
2355 1627 2603 1696 οὐραγοί,
2646 1627 2698 1681 id
2734 1635 2841 1693 est,
2873 1626 3106 1681 caudani
3137 1626 3253 1682 sive
3283 1628 3534 1685 ultimani
3583 1647 3682 1687 no-

424 1731 501 1793 ὡς
545 1731 637 1783 ἐπὶ
682 1731 784 1799 τῆς
824 1729 989 1799 οὐρᾶς
1022 1728 1193 1797 αὐτῆς
1224 1727 1396 1791 οὕτως
1423 1728 1659 1783 ἵσταται.
1702 1726 1813 1779 Καὶ
1841 1717 2003 1779 αὗται

2120 1718 2406 1772 minantur.
2444 1716 2697 1772 Extrema
2748 1718 2894 1793 enim
2944 1719 3112 1771 totius
3162 1720 3509 1775 contubernii
3552 1738 3682 1792 pars

429 1825 529 1894 μὲν
557 1824 610 1875 ai
636 1822 920 1890 ὀνομασίαι
963 1820 1069 1873 τῶν
1112 1819 1410 1890 ἀρχόντων.
1450 1819 1569 1872 Εἰσὶ
1600 1818 1656 1871 δὲ
1698 1817 1792 1871 καὶ
1825 1817 2002 1887 ἕτεροι

2120 1809 2265 1879 quasi
2293 1808 2466 1863 cauda
2516 1810 2755 1877 corpori,
2808 1809 2888 1864 sic
2942 1823 3005 1862 ea
3061 1809 3270 1881 reliquo
3321 1806 3682 1871 contubernio

384 1892 393 1901 ί
426 1892 547 1968 καθ’
577 1915 807 1967 ἕκαστον
831 1912 1038 1980 τάγμα,
1079 1913 1198 1981 ἦτοι
1242 1911 1430 1981 βάνδον
1470 1910 1853 1980 διωρισμένοι,
1896 1902 2008 1961 οἷον

2120 1900 2367 1955 adhaeret.
2424 1901 2604 1970 Atque
2654 1901 2759 1955 ista
2816 1901 3196 1970 praefectorum
3250 1914 3379 1958 sunt
3432 1907 3679 1962 nomina.

430 2004 766 2075 βανδοφόροι,
794 2002 1162 2069 σαλπιγκταὶ,
1188 2002 1359 2071 ἡγουν
1390 2000 1794 2070 βουκινάτορες,
1842 1997 2006 2079 θερα-

429 2096 646 2157 πευταὶ,
673 2094 867 2164 ἰατροὶ,
897 2092 991 2147 καὶ
1011 2092 1288 2146 διποτάτοι
1318 2092 1453 2163 (20),
1497 2091 1592 2145 καὶ
1635 2090 2006 2161 μανδάτωρες,

432 2189 525 2241 καὶ
568 2186 1026 2257 παρακλήτορες,
1077 2187 1127 2240 οἱ
1164 2186 1253 2240 διὰ
1297 2186 1471 2254 λόγων
1516 2184 1875 2254 διεγείροντες
1920 2180 2011 2233 τὸν

431 2277 659 2347 στρατὸν
692 2277 828 2346 πρὸς
856 2277 975 2339 τοὺς
1005 2275 1223 2346 ἀγῶνας
1242 2292 1257 2306 ⁶
1279 2276 1373 2337 οὓς
1395 2275 1445 2327 oi
1472 2272 1580 2345 πρὸ
1610 2272 1792 2342 ἡμῶν,
1818 2268 2013 2323 νεώτε-

434 2384 518 2437 ροι
552 2366 609 2421 δὲ
633 2367 740 2420 τῶν
771 2367 969 2432 ἄλλων,
1019 2366 1293 2431 τακτικοὶ,
1335 2364 1638 2436 Ῥωμαϊστὶ
1658 2362 2014 2428 καντάτωρας

433 2454 694 2508 ἐκάλουνο
735 2455 827 2507 καὶ
875 2454 1054 2525 ἕτεροί
1090 2473 1234 2518 τινες
1277 2457 1415 2523 πρὸς
1456 2455 1557 2517 τὰς
1595 2449 2016 2513 ἀνακυπτούσας

436 2545 628 2615 χρείας
672 2547 1072 2616 ὰφωρισμένοι,
1103 2541 1215 2599 οἷον
1250 2546 1569 2618 στερίσωνες,
1610 2543 1706 2598 καὶ
1742 2543 1792 2595 oi
1816 2541 2013 2595 λοιποί.

435 2635 621 2688 Ταῦτα
659 2635 769 2707 γάρ
797 2639 864 2707 τῇ
895 2635 992 2690 νῦν
1030 2638 1273 2708 πολιτείᾳ
1305 2638 1633 2708 γνωρίζεται
1669 2635 1739 2689 τὰ
1775 2633 2018 2703 ὀνόματα

436 2726 546 2781 τῶν
569 2726 812 2784 παλαιῶν
840 2727 1193 2799 σιγηθέντων,
1215 2730 1360 2801 ἅπερ
1386 2731 1529 2783 κατά
1563 2728 1747 2801 χώραν
1770 2727 2015 2798 ὑπομνή-

441 2833 626 2888 σομεν.

510 2998 577 3062 ζ’.
615 2998 926 3071 Στρατηγὸς
967 2998 1148 3053 τοίνυν
1188 2997 1655 3067 προσαγορεύεται
1685 2997 1712 3049 6
1746 2995 1843 3049 τοῦ
1873 3012 2018 3050 παν-

441 3087 535 3152 τὸς
570 3088 803 3161 στρατοῦ
843 3088 1140 3160 κορυφατός
1180 3104 1241 3140 τε
1288 3087 1382 3140 καὶ
1417 3085 1666 3156 ἡγεμών.
1719 3085 2022 3157 Ὑποστρά-

443 3198 610 3251 τηγος
652 3181 736 3245 δὲ,
763 3183 792 3235 6
837 3181 935 3251 τὴν
983 3180 1244 3250 δευτέραν
1284 3179 1459 3249 τούτῳ
1501 3177 1658 3242 τάξιν
1703 3177 2015 3247 ἐκπληρῶν.

455 3271 856 3342 Ὑπολαμϐάνω
883 3271 941 3324 δὲ
964 3270 1039 3334 ὡς
1064 3272 1113 3323 οἱ
1166 3269 1515 3337 παλαιότεροι
1537 3269 1693 3338 ἡμῶν
1717 3268 2023 3338 ὑποστρατ-

448 3365 614 3434 ήγους
633 3363 731 3435 μὲν
747 3363 976 3417 ἐκάλουν
995 3363 1121 3424 τοὺς
1146 3364 1505 3432 στρατηγοὺς,
1531 3361 1620 3413 διὸ.
1641 3361 1702 3413 τὸ
1718 3360 2023 3428 στρατηγὸν

452 3457 704 3511 ἁπάντων
742 3456 902 3525 κῦρις
937 3450 1075 3512 εἷναι
1111 3453 1203 3506 τὸν
1251 3452 1494 3523 βασιλέα,
1535 3453 1599 3505 ὲκ
1647 3450 1939 3521 προσώπου
1968 3449 2025 3501 δὲ

450 3546 614 3619 αὑτοῦ
644 3542 783 3600 εἶναι
820 3545 941 3600 καθ’
975 3545 1203 3599 ἕκαστον
1238 3544 1381 3614 θέμα
1423 3544 1515 3597 τὸν
1558 3542 1882 3614 στρατηγόν.
1915 3540 2027 3594 Καὶ

451 3640 540 3694 διὰ
567 3640 664 3710 τὴν
693 3638 948 3709 τοιαύτην
989 3638 1168 3691 αἰτίαν
1208 3639 1237 3689 6
1274 3635 1583 3707 στρατηγὸς
1613 3633 2027 3703 ὑποστράτηγος

452 3733 732 3797 ἐκαλεῖτο,
769 3729 1072 3803 στρατηγὸς
1111 3730 1167 3783 δὲ
1209 3728 1414 3799 κυρίως
1445 3727 1661 3794 ἐλέγετο
1697 3727 1726 3779 6
1757 3728 1822 3778 ὲκ
1854 3740 2024 3794 προσ-

452 3822 604 3877 ώπου
661 3822 924 3894 βασιλέως
961 3822 1055 3874 ἐπὶ
1107 3821 1326 3874 πάντων
1369 3818 1583 3888 κεφαλὴ
1625 3815 2028 3885 ἀποστελλόμε-

454 3934 565 3981 νος,
592 3915 731 3987 ἔχων
756 3915 1205 3985 ὑποστρατήγους
1241 3912 1370 3976 τοὺς
1399 3910 1507 3964 τῶν
1542 3909 1793 3980 θεμάτων
1825 3899 2043 3978 στρατ-’

456 4007 645 4078 ηγούς.
688 4010 863 4078 Ὅπερ
886 4008 1034 4062 ἐστὶν
1062 4006 1304 4076 ἄριστον.

527 4098 599 4170 η’.
635 4098 751 4152 Νῦν
787 4097 845 4151 δὲ
885 4096 1297 4166 ὑποστράτηγος
1340 4093 1403 4148 ού
1450 4090 1777 4161 γνωρίζεται
1803 4090 1853 4141 εἰ
1879 4088 2031 4158 μήτι

436 4189 827 4260 ὁκαλούμενος
853 4188 1155 4260 μεράρχης,
1184 4186 1282 4241 καὶ
1300 4183 1655 4254 τουρμάρχης
1682 4180 1832 4234 ἐστιν
1866 4181 2031 4233 ὅποτε

458 4281 792 4352 καλούμενος
821 4279 1122 4351 μεράρχης,
1163 4277 1281 4347 ἦτοι
1310 4277 1340 4329 6
1363 4276 1457 4329 τοῦ
1504 4273 1704 4344 μέρους
1731 4272 1831 4341 τῆς
1857 4270 2034 4341 ἀρχῆς

461 4371 983 4443 ὲμπεπιστευμένος.

532 4556 598 4613 θ’.
634 4556 1001 4626 Δρουγγάριος
1030 4554 1087 4609 δὲ
1112 4553 1331 4622 λέγεται
1363 4555 1391 4605 6
1426 4554 1555 4623 μιᾶς
1591 4551 1783 4621 μοίρας
1828 4548 2033 4618 ἄρχων,

461 4651 585 4719 ἥτις
633 4649 740 4701 ὑπὸ
788 4645 883 4700 τοῦ
944 4646 1145 4716 μέρους
1198 4643 1292 4698 τοῦ
1347 4643 1693 4713 τουρμάρχου
1749 4639 2036 4693 τάσσεται.

462 4739 645 4809 Μέρος
671 4737 780 4807 γάρ
809 4737 957 4790 ἑστιν
978 4736 1012 4806 ἡ
1039 4734 1254 4804 τούρμα
1277 4734 1338 4786 τὸ
1358 4735 1424 4787 ὲκ
1442 4731 1611 4802 τριῶν
1636 4728 1841 4801 μοιρῶν
1869 4725 2038 4797 ἠγουν

464 4831 746 4901 δρούγγων
787 4827 1141 4897 συγκείμενον
1188 4824 1481 4894 ἄθροισμα.
1535 4824 1717 4893 Μοῖρα
1757 4819 1815 4872 δέ
1868 4821 2036 4882 ἐστιν,

468 4921 587 4990 ἦτοι
634 4918 918 4990 δροῦγγος,
958 4916 1020 4970 τὸ
1056 4917 1122 4969 ἐκ
1159 4915 1458 4986 ταγμάτων
1504 4914 1624 4983 ἦτοι
1666 4909 1876 4983 ἀνδρῶν
1927 4907 2038 4961 τῶν

468 5012 776 5081 λεγομένων
795 5011 1051 5081 κομήτων
1076 5007 1431 5078 συγκείμενον
1462 5003 1684 5074 πλῆθος.

542 5187 595 5240 ι’.
637 5186 829 5256 Κύμης
872 5183 929 5237 δέ
978 5184 1149 5246 ἐστιν,
1192 5181 1223 5235 6
1252 5178 1347 5234 τοῦ
1396 5178 1515 5241 ἐνὸς
1553 5176 1865 5246 τάγματος,
1921 5174 2041 5241 ἢτοι

476 5278 684 5348 βάνδου,
716 5260 1116 5346 ἀφηγούμενος.
1230 5313 1251 5332 .

548 5368 638 5423 ια’.
658 5368 963 5438 Κένταρχος
974 5366 1033 5419 δέ
1050 5367 1139 5419 ἐστ
1149 5381 1217 5428 ιν,
1232 5366 1260 5418 6
1274 5361 1465 5417 ἑκατὸν
1477 5359 1686 5431 ἀνδρῶν
1698 5357 1903 5430 ἄρχων,
1923 5359 2044 5430 ἤτοι

477 5461 891 5531 ἑκατόνταρχος,
927 5460 1074 5521 ὅστις
1110 5457 1205 5511 καὶ
1239 5455 1344 5509 ὑπὸ
1380 5454 1472 5507 τὸν
1512 5452 1724 5523 κόμητα
1763 5452 2039 5509 τέτακται.

2111 1992 2248 2047 Sunt
2302 2002 2483 2048 autem
2543 2003 2597 2049 et
2646 1993 2736 2048 alii
2789 1994 2844 2048 in
2902 2010 3232 2067 unaquaque
3291 1998 3516 2053 cohorte
3570 2003 3685 2055 sive

2110 2083 2291 2138 baudo
2324 2084 2563 2154 prml'ecti
2596 2086 2860 2155 separati,
2906 2096 2965 2141 ut
2996 2087 3360 2158 bandophori,
3414 2091 3684 2148 tubicines

2111 2175 2228 2229 sive
2277 2174 2679 2243 buccinatores,
2725 2177 3056 2245 administri,
3113 2180 3405 2249 despotati,
3454 2184 3686 2238 manda-

2114 2277 2277 2330 torcs,
2308 2275 2361 2320 ct
2390 2268 2793 2332 cohortatores,
2825 2272 2918 2341 qui
2966 2271 3215 2326 oratione
3252 2288 3351 2328 sua
3385 2274 3585 2331 milites
3617 2275 3687 2332 ad

2111 2359 2365 2428 proelium
2395 2360 2656 2427 excitent,
2688 2378 2826 2430 quos
2854 2373 2981 2419 ante
3026 2380 3126 2420 nos
3169 2368 3503 2426 recentiores
3552 2372 3689 2426 artis

2116 2452 2371 2507 militaris
2396 2454 2577 2523 periti,
2613 2454 2803 2510 Latine
2827 2467 3137 2513 cantatores
3166 2459 3436 2514 vocabant
3464 2479 3479 2516 :
3512 2472 3565 2516 et
3596 2462 3691 2518 alii

2115 2551 2376 2610 praeterea
2409 2544 2473 2595 ad
2510 2557 2646 2597 usus
2689 2558 2873 2598 rerum
2929 2554 3272 2615 emergentes
3317 2550 3559 2616 quotidie
3604 2566 3693 2606 se-

2118 2633 2314 2701 parati,
2372 2643 2430 2687 ut
2480 2631 2765 2690 scribones
2821 2651 2838 2689 :
2893 2635 3009 2691 haec
3055 2637 3203 2692 enim
3265 2639 3532 2694 vocabula
3590 2641 3696 2696 hoc

2119 2730 2365 2794 tempore
2390 2724 2443 2777 in
2466 2725 2569 2779 hac
2600 2727 2912 2795 reipublicae
2949 2728 3125 2785 forma
3159 2730 3359 2785 usitata
3393 2739 3448 2785 et
3478 2742 3695 2803 recepta

2121 2824 2275 2881 sunt,
2306 2816 2549 2884 antiquis
2588 2818 2887 2883 voeabulis,
2922 2820 3387 2888 quemadmodum
3423 2837 3526 2877 suo
3570 2823 3696 2878 loco

2121 2905 2387 2969 dicemus,
2418 2920 2557 2975 pene
2584 2908 2880 2975 abrogatis.

2194 2996 2247 3049 7.
2315 2996 2620 3065 Imperator
2685 2998 2853 3069 igitur
2909 2998 3235 3069 appellatur,
3287 3003 3380 3073 qui
3436 3004 3698 3062 universo

2123 3081 2384 3137 exercitui
2418 3092 2635 3153 praeest,
2669 3093 2725 3139 et
2773 3085 3190 3142 administrator
3239 3088 3389 3145 illius
3427 3093 3700 3163 quasique

2124 3175 2323 3247 praesul
2351 3184 2457 3229 est.
2497 3173 2760 3246 Princeps
2807 3187 3013 3243 autem,
3060 3179 3157 3248 qui
3210 3183 3523 3251 proximum
3571 3186 3702 3241 huic

2123 3267 2300 3321 locum
2332 3276 2500 3323 tenet.
2532 3268 2802 3326 Existimo
2832 3281 2980 3328 certe
3005 3275 3245 3343 majores
3274 3291 3369 3332 eos
3389 3292 3530 3347 quos
3556 3295 3702 3333 nunc

2125 3358 2395 3429 principes
2463 3361 2835 3429 appellamus,
2892 3363 3251 3432 imperatores
3329 3366 3459 3420 olim
3520 3382 3704 3421 nomi-

2128 3469 2332 3509 nasse:
2365 3454 2494 3524 quia
2544 3455 2801 3523 princeps
2849 3456 3287 3527 uniuscujusque
3326 3458 3551 3514 ditionis
3590 3477 3704 3516 suae

2126 3546 2283 3614 quasi
2315 3545 2615 3615 imperator
2642 3554 2747 3612 est,
2785 3554 2837 3600 et
2865 3546 2968 3601 hac
2999 3547 3067 3601 de
3096 3561 3264 3603 causa
3299 3549 3551 3621 princeps
3592 3551 3702 3606 im-

2126 3646 2345 3708 perator
2375 3638 2698 3708 appellatur.
2732 3638 3039 3709 Imperator,
3065 3650 3246 3695 autem
3275 3643 3444 3711 probe
3478 3644 3704 3713 dicitur,

2130 3729 2224 3798 qui
2255 3743 2286 3783 a
2323 3744 2468 3800 rege,
2502 3738 2562 3785 ut
2593 3732 2839 3787 omnium
2886 3741 3051 3802 caput
3099 3733 3194 3802 sit,
3228 3734 3484 3801 mittitur,
3512 3736 3616 3793 sub
3645 3752 3707 3794 se

2132 3820 2407 3891 principes
2448 3821 2673 3879 habens.

2204 4082 2259 4136 8.
2282 4080 2441 4138 Nunc
2474 4093 2653 4138 autem
2684 4083 2869 4139 nullus
2888 4085 3143 4155 princeps
3168 4084 3223 4140 in
3257 4085 3401 4142 bello
3420 4091 3709 4157 cognosci-

2136 4180 2247 4237 tur,
2264 4173 2369 4228 nisi
2403 4174 2495 4242 qui
2533 4176 2853 4238 merarchaa,
2878 4175 2931 4230 id
2960 4184 3066 4241 est,
3097 4176 3335 4244 praefecti
3357 4188 3569 4242 turmae,
3593 4182 3711 4236 sive

2140 4264 2474 4320 turmarcba:
2498 4273 2785 4319 vocantur.
2810 4264 3149 4321 Turmareha
3184 4276 3377 4323 turmae
3398 4268 3710 4339 praefectus,

2137 4354 2231 4424 qui
2280 4355 2410 4408 olim
2457 4355 2741 4409 merarcha
2774 4355 3091 4410 vocabatur
3123 4373 3138 4411 :
3170 4357 3217 4413 is
3248 4357 3468 4429 μέρους,
3523 4359 3575 4413 id
3605 4369 3711 4425 est,

2068 4472 2121 4531 ι)
2150 4453 2341 4498 turmae
2384 4443 2499 4497 sive
2523 4444 2695 4512 partis
2722 4443 2953 4512 imperio
2978 4444 3332 4515 praeponitur.

2213 4534 2269 4589 9.
2334 4533 2672 4604 Drungarius
2733 4534 2850 4588 sive
2899 4536 3155 4590 tribunus
3196 4534 3420 4605 dicitur,
3475 4538 3570 4608 qui
3618 4540 3713 4593 uni

2143 4625 2330 4696 μοίρᾳ,
2380 4624 2433 4677 id
2489 4633 2601 4690 est,
2659 4624 2944 4693 particulae
3001 4626 3114 4681 sive
3170 4626 3384 4680 cohorti
3447 4626 3717 4681 milliaria;

2140 4723 2359 4785 praeest.
2401 4714 2607 4785 Μέρος,
2638 4713 2691 4767 id
2719 4725 2825 4779 est,
2854 4729 2984 4783 pars
3010 4730 3131 4783 qua:
3163 4714 3329 4770 etiam
3362 4722 3539 4769 turma
3577 4716 3717 4770 dici-

2143 4816 2254 4871 tur,
2284 4821 2351 4861 ex
2386 4806 2560 4860 tribus
2588 4807 2830 4875 μοίραις,
2861 4805 2913 4859 id
2943 4814 3047 4869 est,
3079 4805 3365 4874 particulis
3398 4806 3511 4861 sive
3542 4807 3717 4861 drun-

2147 4897 2230 4966 gis
2285 4896 2600 4951 coniicitur.
2652 4896 2835 4965 Μοῖρα
2885 4906 3102 4956 autem,
3149 4895 3201 4949 id
3253 4905 3370 4961 est,
3412 4898 3715 4966 particula,

2149 4989 2265 5043 sive
2286 4988 2552 5055 drungus,
2584 4994 2747 5041 estex
2776 4986 2839 5041 iis
2870 4986 3313 5058 hominibus,qui
3341 4990 3567 5045 comites
3595 5004 3719 5046 esse

2150 5082 2425 5144 dicuntur,
2450 5078 2684 5135 conﬂata
2714 5077 3025 5132 multitudo.

2225 5174 2315 5228 10.
2357 5173 2552 5227 Comes
2583 5179 2667 5225 est
2701 5169 2864 5225 unius
2892 5171 3159 5236 cohortis,
3205 5172 3322 5229 sive
3356 5173 3542 5237 bandi,
3581 5187 3721 5242 pra:-

2148 5264 2344 5321 fectus.

2226 5358 2312 5412 11.
2352 5354 2612 5410 Centurio
2655 5362 2741 5410 est
2784 5353 2878 5423 qui
2919 5363 3138 5409 centum
3186 5352 3318 5409 viris
3368 5360 3587 5423 prmest,
3627 5353 3719 5422 qui

2154 5450 2256 5507 sub
2285 5445 2538 5503 comitem
2572 5446 2855 5518 subjectus
2883 5456 2985 5503 est.

2015 5582 2244 5640 NOT/E.

552 5736 665 5806 (ΞΟ)
691 5737 1015 5792 Διποτάτοι.
1047 5736 1103 5791 In
1142 5735 1308 5792 Checi
1346 5733 1531 5790 codice
1559 5740 1695 5799 erat,
1737 5728 2015 5785 δεσποτάτι

2120 5743 2149 5782 n
2175 5725 2426 5783 Palatino
2456 5722 2889 5794 δεσποτόψοιτοι.
2930 5720 3235 5790 Utrumque
3264 5719 3585 5799 mendosum
3619 5725 3722 5775 est,
