  <div class='ocr_page' id='page_1' title='image "/cluster/home/n/w/nwhite01/storage/ocr_20150623/107/coo.31924054870112/397.png"; bbox 0 0 4022 6480; ppageno 0'>
   <div class='ocr_carea' id='block_1_1' title="bbox 325 382 438 450">
    <p class='ocr_par' dir='ltr' id='par_1_1' title="bbox 325 382 438 450">
     <span class='ocr_line' id='line_1_1' title="bbox 325 382 438 450; baseline 0 -1"><span class='ocrx_word' id='word_1_1' title='bbox 325 382 438 450; x_wconf 79' lang='grc'><strong>’103</strong></span> 
     </span>
    </p>
   </div>
   <div class='ocr_carea' id='block_1_2' title="bbox 399 505 1973 587">
    <p class='ocr_par' dir='ltr' id='par_1_2' title="bbox 399 505 1973 587">
     <span class='ocr_line' id='line_1_2' title="bbox 399 505 1973 587; baseline 0.001 -25"><span class='ocrx_word' id='word_1_2' title='bbox 399 507 492 562; x_wconf 78' lang='grc'><strong>12.</strong></span> <span class='ocrx_word' id='word_1_3' title='bbox 531 505 782 562; x_wconf 88' lang='lat' dir='ltr'><strong>Decanus</strong></span> <span class='ocrx_word' id='word_1_4' title='bbox 834 516 919 563; x_wconf 88' lang='lat' dir='ltr'><strong>est</strong></span> <span class='ocrx_word' id='word_1_5' title='bbox 960 507 1054 578; x_wconf 99' lang='lat' dir='ltr'><strong>qui</strong></span> <span class='ocrx_word' id='word_1_6' title='bbox 1104 518 1301 587; x_wconf 84' lang='lat' dir='ltr'><strong>praeest</strong></span> <span class='ocrx_word' id='word_1_7' title='bbox 1346 508 1535 563; x_wconf 88' lang='lat' dir='ltr'><strong>decem</strong></span> <span class='ocrx_word' id='word_1_8' title='bbox 1576 510 1892 564; x_wconf 87' lang='lat' dir='ltr'><strong>militibus:</strong></span> <span class='ocrx_word' id='word_1_9' title='bbox 1924 515 1973 570; x_wconf 80' lang='grc' dir='ltr'>Α</span> 
     </span>
    </p>
   </div>
   <div class='ocr_carea' id='block_1_3' title="bbox 325 598 1907 671">
    <p class='ocr_par' dir='ltr' id='par_1_3' title="bbox 325 598 1907 671">
     <span class='ocr_line' id='line_1_3' title="bbox 325 598 1907 671; baseline 0.002 -19"><span class='ocrx_word' id='word_1_10' title='bbox 325 598 787 670; x_wconf 85' lang='lat' dir='ltr'><strong>quemadmodum</strong></span> <span class='ocrx_word' id='word_1_11' title='bbox 814 599 1136 668; x_wconf 87' lang='lat' dir='ltr'><strong>quintanus,</strong></span> <span class='ocrx_word' id='word_1_12' title='bbox 1165 601 1263 670; x_wconf 87' lang='lat' dir='ltr'><strong>qui</strong></span> <span class='ocrx_word' id='word_1_13' title='bbox 1288 600 1555 671; x_wconf 89' lang='lat' dir='ltr'><strong>quinque,</strong></span> <span class='ocrx_word' id='word_1_14' title='bbox 1579 602 1677 670; x_wconf 91' lang='lat' dir='ltr'><strong>qui</strong></span> <span class='ocrx_word' id='word_1_15' title='bbox 1708 602 1765 654; x_wconf 91' lang='lat' dir='ltr'><strong>in</strong></span> <span class='ocrx_word' id='word_1_16' title='bbox 1792 616 1907 655; x_wconf 91' lang='lat' dir='ltr'><strong>me-</strong></span> 
     </span>
    </p>
   </div>
   <div class='ocr_carea' id='block_1_4' title="bbox 325 688 1215 745">
    <p class='ocr_par' dir='ltr' id='par_1_4' title="bbox 325 688 1215 745">
     <span class='ocr_line' id='line_1_4' title="bbox 325 688 1215 745; baseline 0.001 -1"><span class='ocrx_word' id='word_1_17' title='bbox 325 690 417 744; x_wconf 89' lang='lat' dir='ltr'><strong>dio</strong></span> <span class='ocrx_word' id='word_1_18' title='bbox 445 688 808 745; x_wconf 81' lang='lat' dir='ltr'><strong>contubernio</strong></span> <span class='ocrx_word' id='word_1_19' title='bbox 837 691 1215 745; x_wconf 75' lang='lat' dir='ltr'><strong>constituitur.</strong></span> 
     </span>
    </p>
   </div>
   <div class='ocr_carea' id='block_1_5' title="bbox 398 778 1905 855">
    <p class='ocr_par' dir='ltr' id='par_1_5' title="bbox 398 778 1905 855">
     <span class='ocr_line' id='line_1_5' title="bbox 398 778 1905 855; baseline 0.003 -22"><span class='ocrx_word' id='word_1_20' title='bbox 398 780 488 833; x_wconf 76' lang='grc'><strong>15.</strong></span> <span class='ocrx_word' id='word_1_21' title='bbox 529 778 844 845; x_wconf 85' lang='lat' dir='ltr'><strong>Quartanus</strong></span> <span class='ocrx_word' id='word_1_22' title='bbox 874 791 976 843; x_wconf 85' lang='lat' dir='ltr'><strong>est,</strong></span> <span class='ocrx_word' id='word_1_23' title='bbox 1005 783 1099 852; x_wconf 90' lang='lat' dir='ltr'><strong>qui</strong></span> <span class='ocrx_word' id='word_1_24' title='bbox 1126 792 1181 837; x_wconf 93' lang='lat' dir='ltr'><strong>et</strong></span> <span class='ocrx_word' id='word_1_25' title='bbox 1198 794 1385 839; x_wconf 84' lang='lat' dir='ltr'><strong>custos</strong></span> <span class='ocrx_word' id='word_1_26' title='bbox 1410 783 1905 855; x_wconf 53' lang='lat' dir='ltr'><strong>dicitur,obpu‘(6;,</strong></span> 
     </span>
    </p>
   </div>
   <div class='ocr_carea' id='block_1_6' title="bbox 326 870 1909 941">
    <p class='ocr_par' dir='ltr' id='par_1_6' title="bbox 326 870 1909 941">
     <span class='ocr_line' id='line_1_6' title="bbox 326 870 1909 941; baseline 0.001 -13"><span class='ocrx_word' id='word_1_27' title='bbox 326 870 379 929; x_wconf 87' lang='lat' dir='ltr'><strong>id</strong></span> <span class='ocrx_word' id='word_1_28' title='bbox 410 881 514 933; x_wconf 91' lang='lat' dir='ltr'><strong>est,</strong></span> <span class='ocrx_word' id='word_1_29' title='bbox 544 872 829 925; x_wconf 88' lang='lat' dir='ltr'><strong>caudanus</strong></span> <span class='ocrx_word' id='word_1_30' title='bbox 872 873 988 927; x_wconf 90' lang='lat' dir='ltr'><strong>sive</strong></span> <span class='ocrx_word' id='word_1_31' title='bbox 1040 874 1361 941; x_wconf 88' lang='lat' dir='ltr'><strong>ultimanus,</strong></span> <span class='ocrx_word' id='word_1_32' title='bbox 1406 884 1461 930; x_wconf 92' lang='lat' dir='ltr'><strong>et</strong></span> <span class='ocrx_word' id='word_1_33' title='bbox 1520 885 1801 930; x_wconf 81' lang='lat' dir='ltr'><strong>extremus</strong></span> <span class='ocrx_word' id='word_1_34' title='bbox 1852 877 1909 930; x_wconf 91' lang='lat' dir='ltr'><strong>in</strong></span> 
     </span>
    </p>
   </div>
   <div class='ocr_carea' id='block_1_7' title="bbox 326 960 1908 1035">
    <p class='ocr_par' dir='ltr' id='par_1_7' title="bbox 326 960 1908 1035">
     <span class='ocr_line' id='line_1_7' title="bbox 326 960 1908 1035; baseline 0.004 -19"><span class='ocrx_word' id='word_1_35' title='bbox 326 960 691 1021; x_wconf 85' lang='lat' dir='ltr'><strong>contubernio</strong></span> <span class='ocrx_word' id='word_1_36' title='bbox 750 969 880 1017; x_wconf 83' lang='lat' dir='ltr'><strong>stat.</strong></span> <span class='ocrx_word' id='word_1_37' title='bbox 948 962 1240 1033; x_wconf 87' lang='lat' dir='ltr'><strong>Copiosior</strong></span> <span class='ocrx_word' id='word_1_38' title='bbox 1311 965 1457 1019; x_wconf 91' lang='lat' dir='ltr'><strong>enim</strong></span> <span class='ocrx_word' id='word_1_39' title='bbox 1527 966 1908 1035; x_wconf 58' lang='lat' dir='ltr'><strong>praefectorum</strong></span> 
     </span>
    </p>
   </div>
   <div class='ocr_carea' id='block_1_8' title="bbox 326 1052 1906 1129">
    <p class='ocr_par' dir='ltr' id='par_1_8' title="bbox 326 1052 1906 1129">
     <span class='ocr_line' id='line_1_8' title="bbox 326 1052 1906 1129; baseline 0.003 -23"><span class='ocrx_word' id='word_1_40' title='bbox 326 1052 522 1107; x_wconf 88' lang='lat' dir='ltr'><strong>divisio</strong></span> <span class='ocrx_word' id='word_1_41' title='bbox 567 1052 751 1121; x_wconf 86' lang='lat' dir='ltr'><strong>plures</strong></span> <span class='ocrx_word' id='word_1_42' title='bbox 792 1052 849 1106; x_wconf 90' lang='lat' dir='ltr'><strong>in</strong></span> <span class='ocrx_word' id='word_1_43' title='bbox 891 1055 1139 1108; x_wconf 78' lang='lat' dir='ltr'><strong>exercitu</strong></span> <span class='ocrx_word' id='word_1_44' title='bbox 1180 1064 1434 1111; x_wconf 77' lang='lat' dir='ltr'><strong>strenuos</strong></span> <span class='ocrx_word' id='word_1_45' title='bbox 1477 1055 1628 1111; x_wconf 90' lang='lat' dir='ltr'><strong>viros</strong></span> <span class='ocrx_word' id='word_1_46' title='bbox 1676 1055 1906 1129; x_wconf 81' lang='lat' dir='ltr'><strong>indicat,</strong></span> 
     </span>
    </p>
   </div>
   <div class='ocr_carea' id='block_1_9' title="bbox 323 1143 1909 1219">
    <p class='ocr_par' dir='ltr' id='par_1_9' title="bbox 323 1143 1909 1219">
     <span class='ocr_line' id='line_1_9' title="bbox 323 1143 1909 1219; baseline 0.004 -22"><span class='ocrx_word' id='word_1_47' title='bbox 323 1143 509 1212; x_wconf 82' lang='lat' dir='ltr'><strong>plures</strong></span> <span class='ocrx_word' id='word_1_48' title='bbox 541 1144 738 1198; x_wconf 90' lang='lat' dir='ltr'><strong>milites</strong></span> <span class='ocrx_word' id='word_1_49' title='bbox 786 1145 995 1200; x_wconf 84' lang='lat' dir='ltr'><strong>alacres</strong></span> <span class='ocrx_word' id='word_1_50' title='bbox 1041 1155 1153 1200; x_wconf 90' lang='lat' dir='ltr'><strong>tum</strong></span> <span class='ocrx_word' id='word_1_51' title='bbox 1206 1145 1274 1201; x_wconf 91' lang='lat' dir='ltr'><strong>ad</strong></span> <span class='ocrx_word' id='word_1_52' title='bbox 1322 1146 1482 1202; x_wconf 80' lang='lat' dir='ltr'><strong>facile</strong></span> <span class='ocrx_word' id='word_1_53' title='bbox 1520 1149 1909 1219; x_wconf 85' lang='lat' dir='ltr'><strong>obtemperan-</strong></span> 
     </span>
    </p>
   </div>
   <div class='ocr_carea' id='block_1_10' title="bbox 325 1235 1570 1307">
    <p class='ocr_par' dir='ltr' id='par_1_10' title="bbox 325 1235 1570 1307">
     <span class='ocr_line' id='line_1_10' title="bbox 325 1235 1570 1307; baseline 0.004 -19"><span class='ocrx_word' id='word_1_54' title='bbox 325 1235 478 1298; x_wconf 90' lang='lat' dir='ltr'><strong>dum,</strong></span> <span class='ocrx_word' id='word_1_55' title='bbox 507 1245 620 1289; x_wconf 88' lang='lat' dir='ltr'><strong>tum</strong></span> <span class='ocrx_word' id='word_1_56' title='bbox 651 1235 717 1289; x_wconf 82' lang='lat' dir='ltr'><strong>ad</strong></span> <span class='ocrx_word' id='word_1_57' title='bbox 750 1235 1015 1304; x_wconf 87' lang='lat' dir='ltr'><strong>imperata</strong></span> <span class='ocrx_word' id='word_1_58' title='bbox 1046 1238 1295 1293; x_wconf 87' lang='lat' dir='ltr'><strong>facienda</strong></span> <span class='ocrx_word' id='word_1_59' title='bbox 1326 1248 1570 1307; x_wconf 70' lang='lat' dir='ltr'><strong>praestat.</strong></span> 
     </span>
    </p>
   </div>
   <div class='ocr_carea' id='block_1_11' title="bbox 398 1325 1908 1402">
    <p class='ocr_par' dir='ltr' id='par_1_11' title="bbox 398 1325 1908 1402">
     <span class='ocr_line' id='line_1_11' title="bbox 398 1325 1908 1402; baseline 0.005 -23"><span class='ocrx_word' id='word_1_60' title='bbox 398 1327 489 1381; x_wconf 73' lang='lat' dir='ltr'><strong>H.</strong></span> <span class='ocrx_word' id='word_1_61' title='bbox 529 1325 597 1380; x_wconf 89' lang='lat' dir='ltr'><strong>Et</strong></span> <span class='ocrx_word' id='word_1_62' title='bbox 626 1326 1038 1397; x_wconf 88' lang='lat' dir='ltr'><strong>bandophorus,</strong></span> <span class='ocrx_word' id='word_1_63' title='bbox 1069 1328 1121 1382; x_wconf 91' lang='lat' dir='ltr'><strong>id</strong></span> <span class='ocrx_word' id='word_1_64' title='bbox 1149 1338 1234 1384; x_wconf 89' lang='lat' dir='ltr'><strong>est</strong></span> <span class='ocrx_word' id='word_1_65' title='bbox 1263 1329 1516 1400; x_wconf 76' lang='lat' dir='ltr'><strong>signifer,</strong></span> <span class='ocrx_word' id='word_1_66' title='bbox 1544 1331 1639 1402; x_wconf 91' lang='lat' dir='ltr'><strong>qui</strong></span> <span class='ocrx_word' id='word_1_67' title='bbox 1689 1330 1908 1402; x_wconf 82' lang='lat' dir='ltr'><strong>signum</strong></span> 
     </span>
    </p>
   </div>
   <div class='ocr_carea' id='block_1_12' title="bbox 323 1419 1144 1491">
    <p class='ocr_par' dir='ltr' id='par_1_12' title="bbox 323 1419 1144 1491">
     <span class='ocr_line' id='line_1_12' title="bbox 323 1419 1144 1491; baseline 0.005 -18"><span class='ocrx_word' id='word_1_68' title='bbox 323 1419 567 1475; x_wconf 88' lang='lat' dir='ltr'><strong>cohortis</strong></span> <span class='ocrx_word' id='word_1_69' title='bbox 599 1420 715 1475; x_wconf 90' lang='lat' dir='ltr'><strong>sive</strong></span> <span class='ocrx_word' id='word_1_70' title='bbox 747 1420 910 1475; x_wconf 88' lang='lat' dir='ltr'><strong>bandi</strong></span> <span class='ocrx_word' id='word_1_71' title='bbox 946 1431 1144 1491; x_wconf 77' lang='lat' dir='ltr'><strong>gestat.</strong></span> 
     </span>
    </p>
   </div>
   <div class='ocr_carea' id='block_1_13' title="bbox 397 1530 1908 1603">
    <p class='ocr_par' dir='ltr' id='par_1_13' title="bbox 397 1530 1908 1603">
     <span class='ocr_line' id='line_1_13' title="bbox 397 1530 1908 1603; baseline 0.001 -20"><span class='ocrx_word' id='word_1_72' title='bbox 397 1530 486 1584; x_wconf 78' lang='grc'><strong>15.</strong></span> <span class='ocrx_word' id='word_1_73' title='bbox 530 1530 809 1601; x_wconf 88' lang='lat' dir='ltr'><strong>Despotati</strong></span> <span class='ocrx_word' id='word_1_74' title='bbox 842 1531 1259 1601; x_wconf 88' lang='lat' dir='ltr'><strong>appellabantur</strong></span> <span class='ocrx_word' id='word_1_75' title='bbox 1285 1531 1419 1586; x_wconf 89' lang='lat' dir='ltr'><strong>olim</strong></span> <span class='ocrx_word' id='word_1_76' title='bbox 1453 1532 1554 1603; x_wconf 89' lang='lat' dir='ltr'><strong>qui</strong></span> <span class='ocrx_word' id='word_1_77' title='bbox 1588 1547 1736 1588; x_wconf 87' lang='lat' dir='ltr'><strong>nunc</strong></span> <span class='ocrx_word' id='word_1_78' title='bbox 1772 1531 1908 1587; x_wconf 88' lang='lat' dir='ltr'><strong>scri-</strong></span> 
     </span>
    </p>
   </div>
   <div class='ocr_carea' id='block_1_14' title="bbox 325 1621 1910 1692">
    <p class='ocr_par' dir='ltr' id='par_1_14' title="bbox 325 1621 1910 1692">
     <span class='ocr_line' id='line_1_14' title="bbox 325 1621 1910 1692; baseline 0.003 -18"><span class='ocrx_word' id='word_1_79' title='bbox 325 1622 500 1675; x_wconf 80' lang='lat' dir='ltr'><strong>bones</strong></span> <span class='ocrx_word' id='word_1_80' title='bbox 531 1622 617 1675; x_wconf 87' lang='lat' dir='ltr'><strong>vel</strong></span> <span class='ocrx_word' id='word_1_81' title='bbox 665 1621 911 1692; x_wconf 78' lang='lat' dir='ltr'><strong>chirurgi</strong></span> <span class='ocrx_word' id='word_1_82' title='bbox 949 1622 1252 1677; x_wconf 89' lang='lat' dir='ltr'><strong>dicuntur:</strong></span> <span class='ocrx_word' id='word_1_83' title='bbox 1287 1622 1342 1676; x_wconf 87' lang='lat' dir='ltr'><strong>bi</strong></span> <span class='ocrx_word' id='word_1_84' title='bbox 1395 1623 1567 1678; x_wconf 90' lang='lat' dir='ltr'><strong>aciem</strong></span> <span class='ocrx_word' id='word_1_85' title='bbox 1621 1633 1910 1692; x_wconf 83' lang='lat' dir='ltr'><strong>sequentes</strong></span> 
     </span>
    </p>
   </div>
   <div class='ocr_carea' id='block_1_15' title="bbox 324 1713 1906 1784">
    <p class='ocr_par' dir='ltr' id='par_1_15' title="bbox 324 1713 1906 1784">
     <span class='ocr_line' id='line_1_15' title="bbox 324 1713 1906 1784; baseline 0.002 -18"><span class='ocrx_word' id='word_1_86' title='bbox 324 1714 601 1767; x_wconf 82' lang='lat' dir='ltr'><strong>sauciatos</strong></span> <span class='ocrx_word' id='word_1_87' title='bbox 633 1713 691 1765; x_wconf 92' lang='lat' dir='ltr'><strong>in</strong></span> <span class='ocrx_word' id='word_1_88' title='bbox 720 1713 917 1781; x_wconf 67' lang='lat' dir='ltr'><strong>proelio</strong></span> <span class='ocrx_word' id='word_1_89' title='bbox 938 1722 1157 1780; x_wconf 86' lang='lat' dir='ltr'><strong>curant,</strong></span> <span class='ocrx_word' id='word_1_90' title='bbox 1185 1714 1652 1784; x_wconf 91' lang='lat' dir='ltr'><strong>quemadmodum</strong></span> <span class='ocrx_word' id='word_1_91' title='bbox 1686 1715 1906 1780; x_wconf 89' lang='lat' dir='ltr'><strong>medici,</strong></span> 
     </span>
    </p>
   </div>
   <div class='ocr_carea' id='block_1_16' title="bbox 323 1804 1113 1859">
    <p class='ocr_par' dir='ltr' id='par_1_16' title="bbox 323 1804 1113 1859">
     <span class='ocr_line' id='line_1_16' title="bbox 323 1804 1113 1859; baseline 0.001 -2"><span class='ocrx_word' id='word_1_92' title='bbox 323 1812 378 1858; x_wconf 83' lang='lat' dir='ltr'><strong>et</strong></span> <span class='ocrx_word' id='word_1_93' title='bbox 407 1804 473 1857; x_wconf 89' lang='lat' dir='ltr'><strong>ad</strong></span> <span class='ocrx_word' id='word_1_94' title='bbox 509 1804 802 1859; x_wconf 88' lang='lat' dir='ltr'><strong>sanitatem</strong></span> <span class='ocrx_word' id='word_1_95' title='bbox 832 1813 1113 1859; x_wconf 86' lang='lat' dir='ltr'><strong>revocant.</strong></span> 
     </span>
    </p>
   </div>
   <div class='ocr_carea' id='block_1_17' title="bbox 396 1897 1907 1969">
    <p class='ocr_par' dir='ltr' id='par_1_17' title="bbox 396 1897 1907 1969">
     <span class='ocr_line' id='line_1_17' title="bbox 396 1897 1907 1969; baseline 0 -16"><span class='ocrx_word' id='word_1_96' title='bbox 396 1900 483 1955; x_wconf 90' lang='grc'><strong>16.</strong></span> <span class='ocrx_word' id='word_1_97' title='bbox 523 1898 869 1954; x_wconf 86' lang='lat' dir='ltr'><strong>Mandatores</strong></span> <span class='ocrx_word' id='word_1_98' title='bbox 899 1908 1049 1965; x_wconf 90' lang='lat' dir='ltr'><strong>sunt,</strong></span> <span class='ocrx_word' id='word_1_99' title='bbox 1079 1898 1176 1969; x_wconf 88' lang='lat' dir='ltr'><strong>qui</strong></span> <span class='ocrx_word' id='word_1_100' title='bbox 1206 1897 1467 1954; x_wconf 84' lang='lat' dir='ltr'><strong>mandata</strong></span> <span class='ocrx_word' id='word_1_101' title='bbox 1500 1911 1530 1951; x_wconf 90' lang='lat' dir='ltr'><strong>a</strong></span> <span class='ocrx_word' id='word_1_102' title='bbox 1561 1897 1907 1968; x_wconf 84' lang='lat' dir='ltr'><strong>principibus</strong></span> 
     </span>
    </p>
   </div>
   <div class='ocr_carea' id='block_1_18' title="bbox 323 1990 1149 2060">
    <p class='ocr_par' dir='ltr' id='par_1_18' title="bbox 323 1990 1149 2060">
     <span class='ocr_line' id='line_1_18' title="bbox 323 1990 1149 2060; baseline 0.001 -16"><span class='ocrx_word' id='word_1_103' title='bbox 323 1990 391 2044; x_wconf 87' lang='lat' dir='ltr'><strong>ad</strong></span> <span class='ocrx_word' id='word_1_104' title='bbox 428 1990 630 2045; x_wconf 85' lang='lat' dir='ltr'><strong>milites</strong></span> <span class='ocrx_word' id='word_1_105' title='bbox 660 1991 818 2045; x_wconf 83' lang='lat' dir='ltr'><strong>facile</strong></span> <span class='ocrx_word' id='word_1_106' title='bbox 842 1990 1149 2060; x_wconf 90' lang='lat' dir='ltr'><strong>perferunt.</strong></span> 
     </span>
    </p>
   </div>
   <div class='ocr_carea' id='block_1_19' title="bbox 395 2080 1905 2153">
    <p class='ocr_par' dir='ltr' id='par_1_19' title="bbox 395 2080 1905 2153">
     <span class='ocr_line' id='line_1_19' title="bbox 395 2080 1905 2153; baseline 0 -19"><span class='ocrx_word' id='word_1_107' title='bbox 395 2081 483 2135; x_wconf 85' lang='grc'><strong>17.</strong></span> <span class='ocrx_word' id='word_1_108' title='bbox 527 2080 838 2153; x_wconf 79' lang='lat' dir='ltr'><strong>Lochagus,</strong></span> <span class='ocrx_word' id='word_1_109' title='bbox 879 2081 934 2136; x_wconf 90' lang='lat' dir='ltr'><strong>id</strong></span> <span class='ocrx_word' id='word_1_110' title='bbox 978 2091 1086 2150; x_wconf 90' lang='lat' dir='ltr'><strong>est,</strong></span> <span class='ocrx_word' id='word_1_111' title='bbox 1118 2081 1385 2153; x_wconf 83' lang='lat' dir='ltr'><strong>manipuli</strong></span> <span class='ocrx_word' id='word_1_112' title='bbox 1421 2080 1735 2151; x_wconf 63' lang='lat' dir='ltr'><strong>praefectus,</strong></span> <span class='ocrx_word' id='word_1_113' title='bbox 1765 2080 1905 2136; x_wconf 83' lang='lat' dir='ltr'><strong>dici-</strong></span> 
     </span>
    </p>
   </div>
   <div class='ocr_carea' id='block_1_20' title="bbox 323 2173 1905 2244">
    <p class='ocr_par' dir='ltr' id='par_1_20' title="bbox 323 2173 1905 2244">
     <span class='ocr_line' id='line_1_20' title="bbox 323 2173 1905 2244; baseline 0.001 -18"><span class='ocrx_word' id='word_1_114' title='bbox 323 2183 415 2227; x_wconf 86' lang='lat' dir='ltr'><strong>tur</strong></span> <span class='ocrx_word' id='word_1_115' title='bbox 448 2174 657 2243; x_wconf 88' lang='lat' dir='ltr'><strong>primus</strong></span> <span class='ocrx_word' id='word_1_116' title='bbox 689 2175 743 2228; x_wconf 91' lang='lat' dir='ltr'><strong>in</strong></span> <span class='ocrx_word' id='word_1_117' title='bbox 788 2175 1151 2229; x_wconf 87' lang='lat' dir='ltr'><strong>contubernio</strong></span> <span class='ocrx_word' id='word_1_118' title='bbox 1196 2174 1361 2244; x_wconf 23' lang='lat' dir='ltr'><strong>juxta.</strong></span> <span class='ocrx_word' id='word_1_119' title='bbox 1404 2173 1775 2239; x_wconf 83' lang='lat' dir='ltr'><strong>altitudinem,</strong></span> <span class='ocrx_word' id='word_1_120' title='bbox 1811 2173 1905 2243; x_wconf 84' lang='lat' dir='ltr'><strong>qui</strong></span> 
     </span>
    </p>
   </div>
   <div class='ocr_carea' id='block_1_21' title="bbox 320 2265 1299 2336">
    <p class='ocr_par' dir='ltr' id='par_1_21' title="bbox 320 2265 1299 2336">
     <span class='ocr_line' id='line_1_21' title="bbox 320 2265 1299 2336; baseline -0.001 -16"><span class='ocrx_word' id='word_1_121' title='bbox 320 2274 377 2320; x_wconf 82' lang='lat' dir='ltr'><strong>et</strong></span> <span class='ocrx_word' id='word_1_122' title='bbox 412 2265 697 2335; x_wconf 89' lang='lat' dir='ltr'><strong>primanus</strong></span> <span class='ocrx_word' id='word_1_123' title='bbox 725 2276 779 2321; x_wconf 85' lang='lat' dir='ltr'><strong>et</strong></span> <span class='ocrx_word' id='word_1_124' title='bbox 812 2275 1037 2336; x_wconf 69' lang='lat' dir='ltr'><strong>praestes</strong></span> <span class='ocrx_word' id='word_1_125' title='bbox 1069 2266 1299 2321; x_wconf 87' lang='lat' dir='ltr'><strong>dicitur.</strong></span> 
     </span>
    </p>
   </div>
   <div class='ocr_carea' id='block_1_22' title="bbox 395 2354 1903 2427">
    <p class='ocr_par' dir='ltr' id='par_1_22' title="bbox 395 2354 1903 2427">
     <span class='ocr_line' id='line_1_22' title="bbox 395 2354 1903 2427; baseline 0.001 -18"><span class='ocrx_word' id='word_1_126' title='bbox 395 2356 483 2410; x_wconf 89' lang='grc'><strong>18.</strong></span> <span class='ocrx_word' id='word_1_127' title='bbox 530 2354 891 2411; x_wconf 91' lang='lat' dir='ltr'><strong>Secundanus</strong></span> <span class='ocrx_word' id='word_1_128' title='bbox 919 2366 1027 2423; x_wconf 87' lang='lat' dir='ltr'><strong>est,</strong></span> <span class='ocrx_word' id='word_1_129' title='bbox 1054 2359 1147 2427; x_wconf 91' lang='lat' dir='ltr'><strong>qui</strong></span> <span class='ocrx_word' id='word_1_130' title='bbox 1188 2358 1465 2414; x_wconf 88' lang='lat' dir='ltr'><strong>secundus</strong></span> <span class='ocrx_word' id='word_1_131' title='bbox 1501 2359 1668 2415; x_wconf 83' lang='lat' dir='ltr'><strong>estin</strong></span> <span class='ocrx_word' id='word_1_132' title='bbox 1701 2366 1903 2413; x_wconf 86' lang='lat' dir='ltr'><strong>contu-</strong></span> 
     </span>
    </p>
   </div>
   <div class='ocr_carea' id='block_1_23' title="bbox 319 2445 1248 2516">
    <p class='ocr_par' dir='ltr' id='par_1_23' title="bbox 319 2445 1248 2516">
     <span class='ocr_line' id='line_1_23' title="bbox 319 2445 1248 2516; baseline 0.001 -16"><span class='ocrx_word' id='word_1_133' title='bbox 319 2445 537 2511; x_wconf 84' lang='lat' dir='ltr'><strong>bernio,</strong></span> <span class='ocrx_word' id='word_1_134' title='bbox 562 2446 659 2516; x_wconf 88' lang='lat' dir='ltr'><strong>qui</strong></span> <span class='ocrx_word' id='word_1_135' title='bbox 687 2456 741 2500; x_wconf 81' lang='lat' dir='ltr'><strong>et</strong></span> <span class='ocrx_word' id='word_1_136' title='bbox 778 2447 998 2502; x_wconf 88' lang='lat' dir='ltr'><strong>substes</strong></span> <span class='ocrx_word' id='word_1_137' title='bbox 1024 2447 1248 2501; x_wconf 89' lang='lat' dir='ltr'><strong>dicitur.</strong></span> 
     </span>
    </p>
   </div>
   <div class='ocr_carea' id='block_1_24' title="bbox 398 2536 1907 2607">
    <p class='ocr_par' dir='ltr' id='par_1_24' title="bbox 398 2536 1907 2607">
     <span class='ocr_line' id='line_1_24' title="bbox 398 2536 1907 2607; baseline -0.001 -16"><span class='ocrx_word' id='word_1_138' title='bbox 398 2536 485 2591; x_wconf 87' lang='grc'><strong>19.</strong></span> <span class='ocrx_word' id='word_1_139' title='bbox 524 2537 821 2592; x_wconf 86' lang='lat' dir='ltr'><strong>Caudanus</strong></span> <span class='ocrx_word' id='word_1_140' title='bbox 850 2548 937 2592; x_wconf 89' lang='lat' dir='ltr'><strong>est</strong></span> <span class='ocrx_word' id='word_1_141' title='bbox 969 2538 1065 2607; x_wconf 91' lang='lat' dir='ltr'><strong>qui</strong></span> <span class='ocrx_word' id='word_1_142' title='bbox 1117 2538 1170 2591; x_wconf 90' lang='lat' dir='ltr'><strong>in</strong></span> <span class='ocrx_word' id='word_1_143' title='bbox 1216 2548 1463 2594; x_wconf 81' lang='lat' dir='ltr'><strong>extrema</strong></span> <span class='ocrx_word' id='word_1_144' title='bbox 1511 2548 1665 2607; x_wconf 86' lang='lat' dir='ltr'><strong>parte</strong></span> <span class='ocrx_word' id='word_1_145' title='bbox 1706 2545 1907 2593; x_wconf 84' lang='lat' dir='ltr'><strong>contu-</strong></span> 
     </span>
    </p>
   </div>
   <div class='ocr_carea' id='block_1_25' title="bbox 323 2628 1412 2694">
    <p class='ocr_par' dir='ltr' id='par_1_25' title="bbox 323 2628 1412 2694">
     <span class='ocr_line' id='line_1_25' title="bbox 323 2628 1412 2694; baseline -0.001 -9"><span class='ocrx_word' id='word_1_146' title='bbox 323 2630 523 2694; x_wconf 86' lang='lat' dir='ltr'><strong>bernii,</strong></span> <span class='ocrx_word' id='word_1_147' title='bbox 550 2630 600 2682; x_wconf 87' lang='lat' dir='ltr'><strong>id</strong></span> <span class='ocrx_word' id='word_1_148' title='bbox 627 2638 733 2692; x_wconf 85' lang='lat' dir='ltr'><strong>est,</strong></span> <span class='ocrx_word' id='word_1_149' title='bbox 760 2629 812 2682; x_wconf 90' lang='lat' dir='ltr'><strong>iu</strong></span> <span class='ocrx_word' id='word_1_150' title='bbox 837 2633 1010 2683; x_wconf 87' lang='lat' dir='ltr'><strong>cauda</strong></span> <span class='ocrx_word' id='word_1_151' title='bbox 1038 2628 1247 2683; x_wconf 88' lang='lat' dir='ltr'><strong>ordinis</strong></span> <span class='ocrx_word' id='word_1_152' title='bbox 1281 2640 1412 2684; x_wconf 85' lang='lat' dir='ltr'><strong>stat.</strong></span> 
     </span>
    </p>
   </div>
   <div class='ocr_carea' id='block_1_26' title="bbox 392 2716 1906 2794">
    <p class='ocr_par' dir='ltr' id='par_1_26' title="bbox 392 2716 1906 2794">
     <span class='ocr_line' id='line_1_26' title="bbox 392 2716 1906 2794; baseline 0.004 -22"><span class='ocrx_word' id='word_1_153' title='bbox 392 2719 484 2773; x_wconf 67' lang='grc' dir='ltr'><strong>ΞΟ.</strong></span> <span class='ocrx_word' id='word_1_154' title='bbox 540 2716 806 2773; x_wconf 88' lang='lat' dir='ltr'><strong>Cursores</strong></span> <span class='ocrx_word' id='word_1_155' title='bbox 855 2720 1119 2773; x_wconf 90' lang='lat' dir='ltr'><strong>dicuntur</strong></span> <span class='ocrx_word' id='word_1_156' title='bbox 1169 2721 1255 2776; x_wconf 88' lang='lat' dir='ltr'><strong>vel</strong></span> <span class='ocrx_word' id='word_1_157' title='bbox 1305 2732 1762 2792; x_wconf 86' lang='lat' dir='ltr'><strong>propugnatores,</strong></span> <span class='ocrx_word' id='word_1_158' title='bbox 1812 2728 1906 2794; x_wconf 92' lang='lat' dir='ltr'><strong>qui</strong></span> 
     </span>
    </p>
   </div>
   <div class='ocr_carea' id='block_1_27' title="bbox 323 2810 1905 2886">
    <p class='ocr_par' dir='ltr' id='par_1_27' title="bbox 323 2810 1905 2886">
     <span class='ocr_line' id='line_1_27' title="bbox 323 2810 1905 2886; baseline 0.003 -21"><span class='ocrx_word' id='word_1_159' title='bbox 323 2813 499 2867; x_wconf 87' lang='lat' dir='ltr'><strong>aciem</strong></span> <span class='ocrx_word' id='word_1_160' title='bbox 528 2810 860 2866; x_wconf 86' lang='lat' dir='ltr'><strong>antecedunt</strong></span> <span class='ocrx_word' id='word_1_161' title='bbox 889 2811 942 2864; x_wconf 92' lang='lat' dir='ltr'><strong>in</strong></span> <span class='ocrx_word' id='word_1_162' title='bbox 974 2812 1098 2865; x_wconf 91' lang='lat' dir='ltr'><strong>belli</strong></span> <span class='ocrx_word' id='word_1_163' title='bbox 1135 2811 1658 2880; x_wconf 84' lang='lat' dir='ltr'><strong>conflictationibus,</strong></span> <span class='ocrx_word' id='word_1_164' title='bbox 1709 2830 1763 2869; x_wconf 89' lang='lat' dir='ltr'><strong>et</strong></span> <span class='ocrx_word' id='word_1_165' title='bbox 1811 2816 1905 2886; x_wconf 85' lang='lat' dir='ltr'><strong>qui</strong></span> 
     </span>
    </p>
   </div>
   <div class='ocr_carea' id='block_1_28' title="bbox 324 2902 1904 2974">
    <p class='ocr_par' dir='ltr' id='par_1_28' title="bbox 324 2902 1904 2974">
     <span class='ocr_line' id='line_1_28' title="bbox 324 2902 1904 2974; baseline 0.002 -17"><span class='ocrx_word' id='word_1_166' title='bbox 324 2904 379 2957; x_wconf 91' lang='lat' dir='ltr'><strong>in</strong></span> <span class='ocrx_word' id='word_1_167' title='bbox 435 2902 712 2974; x_wconf 74' lang='lat' dir='ltr'><strong>fugientes</strong></span> <span class='ocrx_word' id='word_1_168' title='bbox 761 2902 948 2957; x_wconf 83' lang='lat' dir='ltr'><strong>hostes</strong></span> <span class='ocrx_word' id='word_1_169' title='bbox 1002 2904 1154 2957; x_wconf 93' lang='lat' dir='ltr'><strong>omni</strong></span> <span class='ocrx_word' id='word_1_170' title='bbox 1216 2905 1572 2961; x_wconf 86' lang='lat' dir='ltr'><strong>dimicatione</strong></span> <span class='ocrx_word' id='word_1_171' title='bbox 1621 2907 1904 2974; x_wconf 89' lang='lat' dir='ltr'><strong>invadunt,</strong></span> 
     </span>
    </p>
   </div>
   <div class='ocr_carea' id='block_1_29' title="bbox 322 2995 1066 3067">
    <p class='ocr_par' dir='ltr' id='par_1_29' title="bbox 322 2995 1066 3067">
     <span class='ocr_line' id='line_1_29' title="bbox 322 2995 1066 3067; baseline 0.001 -17"><span class='ocrx_word' id='word_1_172' title='bbox 322 3012 464 3067; x_wconf 91' lang='lat' dir='ltr'><strong>quos</strong></span> <span class='ocrx_word' id='word_1_173' title='bbox 499 3004 700 3049; x_wconf 87' lang='lat' dir='ltr'><strong>vocant</strong></span> <span class='ocrx_word' id='word_1_174' title='bbox 737 2995 1066 3065; x_wconf 85' lang='lat' dir='ltr'><strong>proclastas.</strong></span> 
     </span>
    </p>
   </div>
   <div class='ocr_carea' id='block_1_30' title="bbox 392 3087 1907 3160">
    <p class='ocr_par' dir='ltr' id='par_1_30' title="bbox 392 3087 1907 3160">
     <span class='ocr_line' id='line_1_30' title="bbox 392 3087 1907 3160; baseline 0.002 -18"><span class='ocrx_word' id='word_1_175' title='bbox 392 3089 482 3143; x_wconf 81' lang='grc'><strong>21.</strong></span> <span class='ocrx_word' id='word_1_176' title='bbox 543 3087 876 3145; x_wconf 84' lang='lat' dir='ltr'><strong>Defensores</strong></span> <span class='ocrx_word' id='word_1_177' title='bbox 919 3089 1037 3143; x_wconf 86' lang='lat' dir='ltr'><strong>sive</strong></span> <span class='ocrx_word' id='word_1_178' title='bbox 1085 3089 1404 3145; x_wconf 82' lang='lat' dir='ltr'><strong>subsidiarii</strong></span> <span class='ocrx_word' id='word_1_179' title='bbox 1453 3099 1585 3147; x_wconf 91' lang='lat' dir='ltr'><strong>sunt</strong></span> <span class='ocrx_word' id='word_1_180' title='bbox 1627 3091 1722 3160; x_wconf 91' lang='lat' dir='ltr'><strong>qui</strong></span> <span class='ocrx_word' id='word_1_181' title='bbox 1770 3091 1907 3145; x_wconf 87' lang='lat' dir='ltr'><strong>istos</strong></span> 
     </span>
    </p>
   </div>
   <div class='ocr_carea' id='block_1_31' title="bbox 1570 388 2336 452">
    <p class='ocr_par' dir='ltr' id='par_1_31' title="bbox 1570 388 2336 452">
     <span class='ocr_line' id='line_1_31' title="bbox 1570 388 2336 452; baseline -0.005 0"><span class='ocrx_word' id='word_1_182' title='bbox 1570 390 1845 452; x_wconf 86' lang='lat' dir='ltr'><strong>LEONIS</strong></span> <span class='ocrx_word' id='word_1_183' title='bbox 1874 388 2336 452; x_wconf 83' lang='lat' dir='ltr'><strong>PHILOSOPHI</strong></span> 
     </span>
    </p>
   </div>
   <div class='ocr_carea' id='block_1_32' title="bbox 2078 504 3602 577">
    <p class='ocr_par' dir='ltr' id='par_1_32' title="bbox 2078 504 3602 577">
     <span class='ocr_line' id='line_1_32' title="bbox 2078 504 3602 577; baseline -0.001 -18"><span class='ocrx_word' id='word_1_184' title='bbox 2078 506 2165 577; x_wconf 85' lang='grc' dir='ltr'><strong>ιβ’.</strong></span> <span class='ocrx_word' id='word_1_185' title='bbox 2209 504 2483 577; x_wconf 86' lang='grc' dir='ltr'>Δέκαρχος</span> <span class='ocrx_word' id='word_1_186' title='bbox 2515 505 2571 559; x_wconf 81' lang='grc' dir='ltr'><strong>δέ</strong></span> <span class='ocrx_word' id='word_1_187' title='bbox 2604 506 2783 572; x_wconf 82' lang='grc' dir='ltr'>ἐστιν,</span> <span class='ocrx_word' id='word_1_188' title='bbox 2820 506 2848 559; x_wconf 91' lang='lat'><strong>6</strong></span> <span class='ocrx_word' id='word_1_189' title='bbox 2879 504 2989 561; x_wconf 72' lang='grc' dir='ltr'>τῶν</span> <span class='ocrx_word' id='word_1_190' title='bbox 3020 504 3153 561; x_wconf 84' lang='grc' dir='ltr'><strong>δέκα</strong></span> <span class='ocrx_word' id='word_1_191' title='bbox 3210 504 3449 577; x_wconf 82' lang='grc' dir='ltr'>πρῶτος·</span> <span class='ocrx_word' id='word_1_192' title='bbox 3493 505 3602 559; x_wconf 83' lang='grc' dir='ltr'><strong>ὦσ-</strong></span> 
     </span>
    </p>
   </div>
   <div class='ocr_carea' id='block_1_33' title="bbox 2010 599 3598 671">
    <p class='ocr_par' dir='ltr' id='par_1_33' title="bbox 2010 599 3598 671">
     <span class='ocr_line' id='line_1_33' title="bbox 2010 599 3598 671; baseline 0.001 -19"><span class='ocrx_word' id='word_1_193' title='bbox 2010 617 2118 671; x_wconf 89' lang='grc' dir='ltr'><strong>περ</strong></span> <span class='ocrx_word' id='word_1_194' title='bbox 2157 600 2253 654; x_wconf 79' lang='grc' dir='ltr'><strong>καὶ</strong></span> <span class='ocrx_word' id='word_1_195' title='bbox 2292 599 2602 670; x_wconf 83' lang='grc' dir='ltr'>πεντάρχης</span> <span class='ocrx_word' id='word_1_196' title='bbox 2641 601 2670 652; x_wconf 94' lang='lat'><strong>6</strong></span> <span class='ocrx_word' id='word_1_197' title='bbox 2696 599 2806 652; x_wconf 83' lang='grc' dir='ltr'>τῶν</span> <span class='ocrx_word' id='word_1_198' title='bbox 2884 600 3074 668; x_wconf 81' lang='grc' dir='ltr'><strong>πέντε,</strong></span> <span class='ocrx_word' id='word_1_199' title='bbox 3112 600 3263 664; x_wconf 86' lang='grc' dir='ltr'>ὅστις</span> <span class='ocrx_word' id='word_1_200' title='bbox 3294 603 3389 654; x_wconf 78' lang='grc' dir='ltr'><strong>καὶ</strong></span> <span class='ocrx_word' id='word_1_201' title='bbox 3432 600 3598 671; x_wconf 81' lang='grc' dir='ltr'><strong>μέσος</strong></span> 
     </span>
    </p>
   </div>
   <div class='ocr_carea' id='block_1_34' title="bbox 2012 692 3400 771">
    <p class='ocr_par' dir='ltr' id='par_1_34' title="bbox 2012 692 3400 771">
     <span class='ocr_line' id='line_1_34' title="bbox 2012 692 3400 771; baseline 0.001 -25"><span class='ocrx_word' id='word_1_202' title='bbox 2012 693 2230 746; x_wconf 80' lang='grc' dir='ltr'>ἵσταται</span> <span class='ocrx_word' id='word_1_203' title='bbox 2257 693 2356 761; x_wconf 82' lang='grc' dir='ltr'>τῆς</span> <span class='ocrx_word' id='word_1_204' title='bbox 2388 692 2551 755; x_wconf 87' lang='grc' dir='ltr'>ἀκίας</span> <span class='ocrx_word' id='word_1_205' title='bbox 2590 692 2725 762; x_wconf 67' lang='lat'><strong>(21).</strong></span> <span class='ocrx_word' id='word_1_206' title='bbox 3390 765 3400 771; x_wconf 83' lang='lat'>_</span> 
     </span>
    </p>
   </div>
   <div class='ocr_carea' id='block_1_35' title="bbox 2084 781 3599 854">
    <p class='ocr_par' dir='ltr' id='par_1_35' title="bbox 2084 781 3599 854">
     <span class='ocr_line' id='line_1_35' title="bbox 2084 781 3599 854; baseline 0.002 -17"><span class='ocrx_word' id='word_1_207' title='bbox 2084 781 2172 851; x_wconf 89' lang='grc' dir='ltr'>ιγ’.</span> <span class='ocrx_word' id='word_1_208' title='bbox 2213 781 2532 854; x_wconf 87' lang='grc' dir='ltr'>Τετράρχης</span> <span class='ocrx_word' id='word_1_209' title='bbox 2561 783 2618 836; x_wconf 81' lang='grc' dir='ltr'><strong>δέ</strong></span> <span class='ocrx_word' id='word_1_210' title='bbox 2653 785 2821 848; x_wconf 79' lang='grc' dir='ltr'>ἐστιν,</span> <span class='ocrx_word' id='word_1_211' title='bbox 2851 786 2878 836; x_wconf 98' lang='lat'><strong>6</strong></span> <span class='ocrx_word' id='word_1_212' title='bbox 2908 783 3001 837; x_wconf 78' lang='grc' dir='ltr'>καὶ</span> <span class='ocrx_word' id='word_1_213' title='bbox 3032 783 3227 853; x_wconf 80' lang='grc' dir='ltr'><strong>φύλαξ,</strong></span> <span class='ocrx_word' id='word_1_214' title='bbox 3248 786 3277 837; x_wconf 87' lang='grc' dir='ltr'>ὁ</span> <span class='ocrx_word' id='word_1_215' title='bbox 3305 784 3599 854; x_wconf 85' lang='grc' dir='ltr'>λεγόμενος</span> 
     </span>
    </p>
   </div>
   <div class='ocr_carea' id='block_1_36' title="bbox 2009 873 3600 946">
    <p class='ocr_par' dir='ltr' id='par_1_36' title="bbox 2009 873 3600 946">
     <span class='ocr_line' id='line_1_36' title="bbox 2009 873 3600 946; baseline 0.003 -20"><span class='ocrx_word' id='word_1_216' title='bbox 2009 873 2265 946; x_wconf 81' lang='grc' dir='ltr'>οὐραγὸς,</span> <span class='ocrx_word' id='word_1_217' title='bbox 2317 880 2412 927; x_wconf 76' lang='grc' dir='ltr'><strong>καὶ</strong></span> <span class='ocrx_word' id='word_1_218' title='bbox 2456 875 2775 937; x_wconf 82' lang='grc' dir='ltr'>τελευταῖος.</span> <span class='ocrx_word' id='word_1_219' title='bbox 2817 876 3104 945; x_wconf 80' lang='grc' dir='ltr'><strong>ἱστάμενος</strong></span> <span class='ocrx_word' id='word_1_220' title='bbox 3148 876 3251 944; x_wconf 83' lang='grc' dir='ltr'>τῆς</span> <span class='ocrx_word' id='word_1_221' title='bbox 3296 876 3478 939; x_wconf 88' lang='grc' dir='ltr'>άκίας.</span> <span class='ocrx_word' id='word_1_222' title='bbox 3539 877 3600 930; x_wconf 83' lang='lat'><strong>&#39;0</strong></span> 
     </span>
    </p>
   </div>
   <div class='ocr_carea' id='block_1_37' title="bbox 2011 965 3600 1038">
    <p class='ocr_par' dir='ltr' id='par_1_37' title="bbox 2011 965 3600 1038">
     <span class='ocr_line' id='line_1_37' title="bbox 2011 965 3600 1038; baseline 0.002 -19"><span class='ocrx_word' id='word_1_223' title='bbox 2011 965 2121 1035; x_wconf 86' lang='grc' dir='ltr'><strong>γάρ</strong></span> <span class='ocrx_word' id='word_1_224' title='bbox 2170 965 2507 1037; x_wconf 82' lang='grc' dir='ltr'>πυκνότερος</span> <span class='ocrx_word' id='word_1_225' title='bbox 2560 966 2667 1018; x_wconf 82' lang='grc' dir='ltr'><strong>τῶν</strong></span> <span class='ocrx_word' id='word_1_226' title='bbox 2741 968 3023 1038; x_wconf 83' lang='grc' dir='ltr'><strong>ἀρχόντων</strong></span> <span class='ocrx_word' id='word_1_227' title='bbox 3082 968 3444 1038; x_wconf 82' lang='grc' dir='ltr'>διαμερισμὸς</span> <span class='ocrx_word' id='word_1_228' title='bbox 3504 969 3600 1022; x_wconf 80' lang='grc' dir='ltr'>καὶ</span> 
     </span>
    </p>
   </div>
   <div class='ocr_carea' id='block_1_38' title="bbox 2013 1056 3601 1132">
    <p class='ocr_par' dir='ltr' id='par_1_38' title="bbox 2013 1056 3601 1132">
     <span class='ocr_line' id='line_1_38' title="bbox 2013 1056 3601 1132; baseline 0.004 -23"><span class='ocrx_word' id='word_1_229' title='bbox 2013 1056 2259 1120; x_wconf 88' lang='grc' dir='ltr'>πλείονας</span> <span class='ocrx_word' id='word_1_230' title='bbox 2284 1058 2517 1111; x_wconf 80' lang='grc' dir='ltr'><strong>δεικνύει</strong></span> <span class='ocrx_word' id='word_1_231' title='bbox 2547 1059 2673 1121; x_wconf 80' lang='grc' dir='ltr'>τοὺς</span> <span class='ocrx_word' id='word_1_232' title='bbox 2696 1060 2979 1126; x_wconf 80' lang='grc' dir='ltr'>γενναίους</span> <span class='ocrx_word' id='word_1_233' title='bbox 3004 1059 3099 1113; x_wconf 77' lang='grc' dir='ltr'><strong>καὶ</strong></span> <span class='ocrx_word' id='word_1_234' title='bbox 3121 1059 3402 1129; x_wconf 81' lang='grc' dir='ltr'>ἀνδρείους</span> <span class='ocrx_word' id='word_1_235' title='bbox 3430 1078 3601 1132; x_wconf 85' lang='grc' dir='ltr'>στρα-</span> 
     </span>
    </p>
   </div>
   <div class='ocr_carea' id='block_1_39' title="bbox 2012 1148 3604 1220">
    <p class='ocr_par' dir='ltr' id='par_1_39' title="bbox 2012 1148 3604 1220">
     <span class='ocr_line' id='line_1_39' title="bbox 2012 1148 3604 1220; baseline 0.002 -18"><span class='ocrx_word' id='word_1_236' title='bbox 2012 1148 2234 1217; x_wconf 83' lang='grc' dir='ltr'>τιώτας,</span> <span class='ocrx_word' id='word_1_237' title='bbox 2269 1150 2363 1203; x_wconf 76' lang='grc' dir='ltr'><strong>καὶ</strong></span> <span class='ocrx_word' id='word_1_238' title='bbox 2405 1150 2645 1220; x_wconf 84' lang='grc' dir='ltr'>εὐχερῶς</span> <span class='ocrx_word' id='word_1_239' title='bbox 2679 1150 2978 1203; x_wconf 77' lang='grc' dir='ltr'>ὑπακούειν</span> <span class='ocrx_word' id='word_1_240' title='bbox 3019 1150 3112 1204; x_wconf 78' lang='grc' dir='ltr'><strong>καὶ</strong></span> <span class='ocrx_word' id='word_1_241' title='bbox 3158 1151 3400 1205; x_wconf 75' lang='grc' dir='ltr'>ἐκτελεῖν</span> <span class='ocrx_word' id='word_1_242' title='bbox 3456 1155 3604 1205; x_wconf 88' lang='grc' dir='ltr'>ποιεῖ</span> 
     </span>
    </p>
   </div>
   <div class='ocr_carea' id='block_1_40' title="bbox 2010 1239 2781 1309">
    <p class='ocr_par' dir='ltr' id='par_1_40' title="bbox 2010 1239 2781 1309">
     <span class='ocr_line' id='line_1_40' title="bbox 2010 1239 2781 1309; baseline 0 -18"><span class='ocrx_word' id='word_1_243' title='bbox 2010 1239 2082 1293; x_wconf 87' lang='grc' dir='ltr'>τὰ</span> <span class='ocrx_word' id='word_1_244' title='bbox 2107 1239 2461 1309; x_wconf 88' lang='grc' dir='ltr'>κελευόμενα.</span> <span class='ocrx_word' id='word_1_245' title='bbox 2751 1280 2781 1305; x_wconf 84' lang='grc'><strong>,</strong></span> 
     </span>
    </p>
   </div>
   <div class='ocr_carea' id='block_1_41' title="bbox 2088 1328 3599 1401">
    <p class='ocr_par' dir='ltr' id='par_1_41' title="bbox 2088 1328 3599 1401">
     <span class='ocr_line' id='line_1_41' title="bbox 2088 1328 3599 1401; baseline 0.001 -19"><span class='ocrx_word' id='word_1_246' title='bbox 2088 1328 2168 1383; x_wconf 91' lang='grc' dir='ltr'>ιδ’.</span> <span class='ocrx_word' id='word_1_247' title='bbox 2211 1330 2320 1384; x_wconf 76' lang='grc' dir='ltr'>Καὶ</span> <span class='ocrx_word' id='word_1_248' title='bbox 2359 1329 2683 1401; x_wconf 78' lang='grc' dir='ltr'>βανδοφὸρος</span> <span class='ocrx_word' id='word_1_249' title='bbox 2726 1330 2825 1399; x_wconf 80' lang='grc' dir='ltr'><strong>μέν</strong></span> <span class='ocrx_word' id='word_1_250' title='bbox 2870 1331 3039 1395; x_wconf 79' lang='grc' dir='ltr'>ἐστιν,</span> <span class='ocrx_word' id='word_1_251' title='bbox 3084 1331 3112 1382; x_wconf 94' lang='lat'><strong>6</strong></span> <span class='ocrx_word' id='word_1_252' title='bbox 3145 1329 3206 1382; x_wconf 78' lang='grc' dir='ltr'>τὸ</span> <span class='ocrx_word' id='word_1_253' title='bbox 3233 1333 3473 1401; x_wconf 73' lang='grc' dir='ltr'>σημεῖον.</span> <span class='ocrx_word' id='word_1_254' title='bbox 3502 1331 3599 1384; x_wconf 90' lang='grc' dir='ltr'><strong>τοῦ</strong></span> 
     </span>
    </p>
   </div>
   <div class='ocr_carea' id='block_1_42' title="bbox 2015 1420 2544 1491">
    <p class='ocr_par' dir='ltr' id='par_1_42' title="bbox 2015 1420 2544 1491">
     <span class='ocr_line' id='line_1_42' title="bbox 2015 1420 2544 1491; baseline 0.002 -16"><span class='ocrx_word' id='word_1_255' title='bbox 2015 1420 2206 1491; x_wconf 86' lang='grc' dir='ltr'>βάνδου</span> <span class='ocrx_word' id='word_1_256' title='bbox 2238 1420 2544 1491; x_wconf 76' lang='grc' dir='ltr'>βαστάζων.</span> 
     </span>
    </p>
   </div>
   <div class='ocr_carea' id='block_1_43' title="bbox 2084 1530 3600 1601">
    <p class='ocr_par' dir='ltr' id='par_1_43' title="bbox 2084 1530 3600 1601">
     <span class='ocr_line' id='line_1_43' title="bbox 2084 1530 3600 1601; baseline 0.003 -17"><span class='ocrx_word' id='word_1_257' title='bbox 2084 1530 2165 1587; x_wconf 85' lang='grc' dir='ltr'>ιε’.</span> <span class='ocrx_word' id='word_1_258' title='bbox 2206 1531 2534 1585; x_wconf 86' lang='grc' dir='ltr'>Δεσποτάτοι</span> <span class='ocrx_word' id='word_1_259' title='bbox 2571 1530 2630 1583; x_wconf 79' lang='grc' dir='ltr'>δὲ</span> <span class='ocrx_word' id='word_1_260' title='bbox 2674 1530 3150 1601; x_wconf 82' lang='grc' dir='ltr'>προσηγορεύοντο</span> <span class='ocrx_word' id='word_1_261' title='bbox 3200 1533 3371 1587; x_wconf 86' lang='grc' dir='ltr'>πάλαι</span> <span class='ocrx_word' id='word_1_262' title='bbox 3405 1536 3457 1587; x_wconf 76' lang='lat' dir='ltr'><strong>oi</strong></span> <span class='ocrx_word' id='word_1_263' title='bbox 3501 1532 3600 1588; x_wconf 91' lang='grc' dir='ltr'><strong>νῦν</strong></span> 
     </span>
    </p>
   </div>
   <div class='ocr_carea' id='block_1_44' title="bbox 2009 1624 3598 1695">
    <p class='ocr_par' dir='ltr' id='par_1_44' title="bbox 2009 1624 3598 1695">
     <span class='ocr_line' id='line_1_44' title="bbox 2009 1624 3598 1695; baseline 0.003 -18"><span class='ocrx_word' id='word_1_264' title='bbox 2009 1625 2291 1693; x_wconf 77' lang='grc' dir='ltr'>λεγόμενοι</span> <span class='ocrx_word' id='word_1_265' title='bbox 2320 1625 2620 1694; x_wconf 78' lang='grc' dir='ltr'>σκρίόωνες</span> <span class='ocrx_word' id='word_1_266' title='bbox 2652 1624 2787 1693; x_wconf 69' lang='grc'><strong>(22),</strong></span> <span class='ocrx_word' id='word_1_267' title='bbox 2811 1626 3010 1689; x_wconf 77' lang='grc' dir='ltr'>οἵτινες</span> <span class='ocrx_word' id='word_1_268' title='bbox 3059 1626 3598 1695; x_wconf 68' lang='grc' dir='ltr'>παρακολουθοῦντες</span> 
     </span>
    </p>
   </div>
   <div class='ocr_carea' id='block_1_45' title="bbox 2011 1716 3599 1788">
    <p class='ocr_par' dir='ltr' id='par_1_45' title="bbox 2011 1716 3599 1788">
     <span class='ocr_line' id='line_1_45' title="bbox 2011 1716 3599 1788; baseline 0.002 -19"><span class='ocrx_word' id='word_1_269' title='bbox 2011 1720 2078 1788; x_wconf 75' lang='grc' dir='ltr'>τῇ</span> <span class='ocrx_word' id='word_1_270' title='bbox 2109 1716 2412 1788; x_wconf 77' lang='grc' dir='ltr'>παρατάξει</span> <span class='ocrx_word' id='word_1_271' title='bbox 2445 1717 2576 1781; x_wconf 85' lang='grc' dir='ltr'>τοὺς</span> <span class='ocrx_word' id='word_1_272' title='bbox 2610 1718 2671 1770; x_wconf 87' lang='grc' dir='ltr'><strong>έν</strong></span> <span class='ocrx_word' id='word_1_273' title='bbox 2711 1720 2776 1787; x_wconf 82' lang='grc' dir='ltr'>τῇ</span> <span class='ocrx_word' id='word_1_274' title='bbox 2817 1718 2968 1788; x_wconf 84' lang='grc' dir='ltr'>μάχῃ</span> <span class='ocrx_word' id='word_1_275' title='bbox 2998 1720 3342 1787; x_wconf 83' lang='grc' dir='ltr'>τραυματίας</span> <span class='ocrx_word' id='word_1_276' title='bbox 3380 1719 3599 1788; x_wconf 73' lang='grc' dir='ltr'>γινομέο</span> 
     </span>
    </p>
   </div>
   <div class='ocr_carea' id='block_1_46' title="bbox 1941 1809 3560 1901">
    <p class='ocr_par' dir='ltr' id='par_1_46' title="bbox 1941 1809 3560 1901">
     <span class='ocr_line' id='line_1_46' title="bbox 1941 1809 3560 1901; baseline 0.002 -39"><span class='ocrx_word' id='word_1_277' title='bbox 1941 1840 1987 1901; x_wconf 70' lang='grc' dir='ltr'><strong>Β</strong></span> <span class='ocrx_word' id='word_1_278' title='bbox 2014 1826 2138 1873; x_wconf 87' lang='grc' dir='ltr'>νους</span> <span class='ocrx_word' id='word_1_279' title='bbox 2160 1809 2636 1877; x_wconf 80' lang='grc' dir='ltr'>άναλαμϐάνονται</span> <span class='ocrx_word' id='word_1_280' title='bbox 2667 1810 2742 1873; x_wconf 85' lang='grc' dir='ltr'>ὠς</span> <span class='ocrx_word' id='word_1_281' title='bbox 2770 1810 2965 1881; x_wconf 77' lang='grc' dir='ltr'>ἰατροὶ,</span> <span class='ocrx_word' id='word_1_282' title='bbox 2997 1811 3094 1864; x_wconf 76' lang='grc' dir='ltr'>καὶ</span> <span class='ocrx_word' id='word_1_283' title='bbox 3130 1812 3560 1881; x_wconf 81' lang='grc' dir='ltr'>περιποιοῦνται.</span> 
     </span>
    </p>
   </div>
   <div class='ocr_carea' id='block_1_47' title="bbox 2087 1898 3596 1971">
    <p class='ocr_par' dir='ltr' id='par_1_47' title="bbox 2087 1898 3596 1971">
     <span class='ocr_line' id='line_1_47' title="bbox 2087 1898 3596 1971; baseline 0.001 -18"><span class='ocrx_word' id='word_1_284' title='bbox 2087 1898 2185 1964; x_wconf 77' lang='grc' dir='ltr'>ις’.</span> <span class='ocrx_word' id='word_1_285' title='bbox 2222 1899 2591 1969; x_wconf 87' lang='grc' dir='ltr'>Μανδάτωρες</span> <span class='ocrx_word' id='word_1_286' title='bbox 2615 1899 2673 1953; x_wconf 88' lang='grc' dir='ltr'><strong>δέ</strong></span> <span class='ocrx_word' id='word_1_287' title='bbox 2696 1900 2857 1964; x_wconf 71' lang='grc' dir='ltr'>εἰσιν,</span> <span class='ocrx_word' id='word_1_288' title='bbox 2891 1901 2939 1953; x_wconf 85' lang='grc' dir='ltr'>οἱ</span> <span class='ocrx_word' id='word_1_289' title='bbox 2977 1901 3045 1953; x_wconf 85' lang='grc' dir='ltr'><strong>τά</strong></span> <span class='ocrx_word' id='word_1_290' title='bbox 3083 1901 3328 1971; x_wconf 88' lang='grc' dir='ltr'>μανδάτα</span> <span class='ocrx_word' id='word_1_291' title='bbox 3356 1903 3464 1955; x_wconf 81' lang='grc' dir='ltr'>ἀπὸ</span> <span class='ocrx_word' id='word_1_292' title='bbox 3484 1903 3596 1955; x_wconf 82' lang='grc' dir='ltr'>τῶν</span> 
     </span>
    </p>
   </div>
   <div class='ocr_carea' id='block_1_48' title="bbox 2012 1989 3597 2063">
    <p class='ocr_par' dir='ltr' id='par_1_48' title="bbox 2012 1989 3597 2063">
     <span class='ocr_line' id='line_1_48' title="bbox 2012 1989 3597 2063; baseline 0.003 -18"><span class='ocrx_word' id='word_1_293' title='bbox 2012 1992 2289 2062; x_wconf 80' lang='grc' dir='ltr'>ἀρχόντων</span> <span class='ocrx_word' id='word_1_294' title='bbox 2308 1992 2446 2061; x_wconf 74' lang='grc' dir='ltr'>πρὸς</span> <span class='ocrx_word' id='word_1_295' title='bbox 2465 1992 2592 2054; x_wconf 81' lang='grc' dir='ltr'>τοὺς</span> <span class='ocrx_word' id='word_1_296' title='bbox 2612 1989 2951 2062; x_wconf 82' lang='grc' dir='ltr'>στρατιώτας</span> <span class='ocrx_word' id='word_1_297' title='bbox 2972 1992 3136 2059; x_wconf 79' lang='grc' dir='ltr'>ὀξέως</span> <span class='ocrx_word' id='word_1_298' title='bbox 3164 1994 3597 2063; x_wconf 74' lang='grc' dir='ltr'>διακομίζοντες.</span> 
     </span>
    </p>
   </div>
   <div class='ocr_carea' id='block_1_49' title="bbox 2087 2082 3593 2155">
    <p class='ocr_par' dir='ltr' id='par_1_49' title="bbox 2087 2082 3593 2155">
     <span class='ocr_line' id='line_1_49' title="bbox 2087 2082 3593 2155; baseline 0.003 -21"><span class='ocrx_word' id='word_1_299' title='bbox 2087 2082 2171 2147; x_wconf 79' lang='grc' dir='ltr'><strong>ιζ’.</strong></span> <span class='ocrx_word' id='word_1_300' title='bbox 2224 2083 2471 2153; x_wconf 84' lang='grc' dir='ltr'>Λοχαγὸς</span> <span class='ocrx_word' id='word_1_301' title='bbox 2514 2082 2571 2134; x_wconf 86' lang='grc' dir='ltr'>δὲ</span> <span class='ocrx_word' id='word_1_302' title='bbox 2612 2082 2832 2150; x_wconf 88' lang='grc' dir='ltr'>λέγεται</span> <span class='ocrx_word' id='word_1_303' title='bbox 2881 2084 2911 2134; x_wconf 89' lang='lat'><strong>6</strong></span> <span class='ocrx_word' id='word_1_304' title='bbox 2956 2084 3174 2154; x_wconf 83' lang='grc' dir='ltr'>πρῶτος</span> <span class='ocrx_word' id='word_1_305' title='bbox 3232 2085 3327 2138; x_wconf 90' lang='grc' dir='ltr'><strong>τοῦ</strong></span> <span class='ocrx_word' id='word_1_306' title='bbox 3386 2086 3593 2155; x_wconf 79' lang='grc' dir='ltr'>στίχου,</span> 
     </span>
    </p>
   </div>
   <div class='ocr_carea' id='block_1_50' title="bbox 2013 2172 3597 2245">
    <p class='ocr_par' dir='ltr' id='par_1_50' title="bbox 2013 2172 3597 2245">
     <span class='ocr_line' id='line_1_50' title="bbox 2013 2172 3597 2245; baseline 0.003 -21"><span class='ocrx_word' id='word_1_307' title='bbox 2013 2173 2181 2243; x_wconf 68' lang='grc' dir='ltr'>ἤγουν</span> <span class='ocrx_word' id='word_1_308' title='bbox 2210 2172 2304 2225; x_wconf 86' lang='grc' dir='ltr'><strong>τοῦ</strong></span> <span class='ocrx_word' id='word_1_309' title='bbox 2334 2173 2544 2243; x_wconf 83' lang='grc' dir='ltr'>ὀρδίνου</span> <span class='ocrx_word' id='word_1_310' title='bbox 2575 2175 2716 2227; x_wconf 83' lang='grc' dir='ltr'>κατὰ</span> <span class='ocrx_word' id='word_1_311' title='bbox 2742 2174 2803 2227; x_wconf 82' lang='grc' dir='ltr'><strong>τὸ</strong></span> <span class='ocrx_word' id='word_1_312' title='bbox 2823 2173 3003 2243; x_wconf 82' lang='grc' dir='ltr'><strong>βάθος,</strong></span> <span class='ocrx_word' id='word_1_313' title='bbox 3038 2176 3067 2227; x_wconf 94' lang='lat'><strong>6</strong></span> <span class='ocrx_word' id='word_1_314' title='bbox 3096 2175 3257 2239; x_wconf 78' lang='grc' dir='ltr'>αὐτὸς</span> <span class='ocrx_word' id='word_1_315' title='bbox 3288 2176 3345 2230; x_wconf 80' lang='grc' dir='ltr'>δὲ</span> <span class='ocrx_word' id='word_1_316' title='bbox 3378 2176 3597 2245; x_wconf 78' lang='grc' dir='ltr'>λέγεται</span> 
     </span>
    </p>
   </div>
   <div class='ocr_carea' id='block_1_51' title="bbox 2012 2263 2834 2334">
    <p class='ocr_par' dir='ltr' id='par_1_51' title="bbox 2012 2263 2834 2334">
     <span class='ocr_line' id='line_1_51' title="bbox 2012 2263 2834 2334; baseline 0.001 -18"><span class='ocrx_word' id='word_1_317' title='bbox 2012 2267 2109 2317; x_wconf 81' lang='grc' dir='ltr'>καὶ</span> <span class='ocrx_word' id='word_1_318' title='bbox 2135 2265 2359 2333; x_wconf 85' lang='grc' dir='ltr'>πρίμος,</span> <span class='ocrx_word' id='word_1_319' title='bbox 2391 2263 2486 2315; x_wconf 76' lang='grc' dir='ltr'><strong>καὶ</strong></span> <span class='ocrx_word' id='word_1_320' title='bbox 2515 2265 2834 2334; x_wconf 79' lang='grc' dir='ltr'>ἐπιστάτης.</span> 
     </span>
    </p>
   </div>
   <div class='ocr_carea' id='block_1_52' title="bbox 2089 2352 3594 2425">
    <p class='ocr_par' dir='ltr' id='par_1_52' title="bbox 2089 2352 3594 2425">
     <span class='ocr_line' id='line_1_52' title="bbox 2089 2352 3594 2425; baseline 0.002 -20"><span class='ocrx_word' id='word_1_321' title='bbox 2089 2352 2178 2423; x_wconf 82' lang='grc' dir='ltr'>ιη’.</span> <span class='ocrx_word' id='word_1_322' title='bbox 2215 2353 2507 2417; x_wconf 85' lang='grc' dir='ltr'>Σεκοῦνδος</span> <span class='ocrx_word' id='word_1_323' title='bbox 2557 2353 2614 2405; x_wconf 86' lang='grc' dir='ltr'>δὲ</span> <span class='ocrx_word' id='word_1_324' title='bbox 2661 2353 2901 2421; x_wconf 85' lang='grc' dir='ltr'>λέγεται,</span> <span class='ocrx_word' id='word_1_325' title='bbox 2932 2354 2961 2406; x_wconf 95' lang='lat'><strong>6</strong></span> <span class='ocrx_word' id='word_1_326' title='bbox 2988 2353 3237 2425; x_wconf 83' lang='grc' dir='ltr'>δεύτερος</span> <span class='ocrx_word' id='word_1_327' title='bbox 3268 2355 3365 2424; x_wconf 84' lang='grc' dir='ltr'>τῆς</span> <span class='ocrx_word' id='word_1_328' title='bbox 3395 2356 3555 2417; x_wconf 86' lang='grc' dir='ltr'>ἀκιας</span> <span class='ocrx_word' id='word_1_329' title='bbox 3576 2392 3594 2419; x_wconf 85' lang='grc'><strong>,</strong></span> 
     </span>
    </p>
   </div>
   <div class='ocr_carea' id='block_1_53' title="bbox 2012 2444 2710 2514">
    <p class='ocr_par' dir='ltr' id='par_1_53' title="bbox 2012 2444 2710 2514">
     <span class='ocr_line' id='line_1_53' title="bbox 2012 2444 2710 2514; baseline 0 -17"><span class='ocrx_word' id='word_1_330' title='bbox 2012 2448 2040 2498; x_wconf 92' lang='lat'><strong>6</strong></span> <span class='ocrx_word' id='word_1_331' title='bbox 2060 2444 2354 2514; x_wconf 83' lang='grc' dir='ltr'>λεγόμενος</span> <span class='ocrx_word' id='word_1_332' title='bbox 2389 2444 2710 2513; x_wconf 76' lang='grc' dir='ltr'>ἐπιστάτης.</span> 
     </span>
    </p>
   </div>
   <div class='ocr_carea' id='block_1_54' title="bbox 2087 2535 3597 2609">
    <p class='ocr_par' dir='ltr' id='par_1_54' title="bbox 2087 2535 3597 2609">
     <span class='ocr_line' id='line_1_54' title="bbox 2087 2535 3597 2609; baseline 0.003 -21"><span class='ocrx_word' id='word_1_333' title='bbox 2087 2535 2171 2589; x_wconf 83' lang='grc' dir='ltr'>ιθ’.</span> <span class='ocrx_word' id='word_1_334' title='bbox 2207 2536 2453 2605; x_wconf 83' lang='grc' dir='ltr'>Οὐραγὸς</span> <span class='ocrx_word' id='word_1_335' title='bbox 2482 2535 2539 2588; x_wconf 87' lang='grc' dir='ltr'>δὲ</span> <span class='ocrx_word' id='word_1_336' title='bbox 2562 2536 2735 2589; x_wconf 81' lang='grc' dir='ltr'>ὀπίσω</span> <span class='ocrx_word' id='word_1_337' title='bbox 2770 2536 2864 2590; x_wconf 91' lang='grc' dir='ltr'><strong>τοῦ</strong></span> <span class='ocrx_word' id='word_1_338' title='bbox 2899 2537 3021 2591; x_wconf 84' lang='grc' dir='ltr'>ὅλου</span> <span class='ocrx_word' id='word_1_339' title='bbox 3068 2538 3252 2609; x_wconf 86' lang='grc' dir='ltr'>στίχου</span> <span class='ocrx_word' id='word_1_340' title='bbox 3290 2539 3457 2609; x_wconf 65' lang='grc' dir='ltr'>ἤγουν</span> <span class='ocrx_word' id='word_1_341' title='bbox 3495 2538 3597 2609; x_wconf 82' lang='grc' dir='ltr'>τῆς</span> 
     </span>
    </p>
   </div>
   <div class='ocr_carea' id='block_1_55' title="bbox 2012 2627 2884 2698">
    <p class='ocr_par' dir='ltr' id='par_1_55' title="bbox 2012 2627 2884 2698">
     <span class='ocr_line' id='line_1_55' title="bbox 2012 2627 2884 2698; baseline -0.001 -17"><span class='ocrx_word' id='word_1_342' title='bbox 2012 2627 2180 2698; x_wconf 85' lang='grc' dir='ltr'>οὐρᾶς</span> <span class='ocrx_word' id='word_1_343' title='bbox 2209 2628 2301 2679; x_wconf 89' lang='grc' dir='ltr'><strong>τοῦ</strong></span> <span class='ocrx_word' id='word_1_344' title='bbox 2331 2627 2544 2696; x_wconf 81' lang='grc' dir='ltr'>ὀρδίνου</span> <span class='ocrx_word' id='word_1_345' title='bbox 2576 2628 2884 2697; x_wconf 84' lang='grc' dir='ltr'>ἱστάμενος.</span> 
     </span>
    </p>
   </div>
   <div class='ocr_carea' id='block_1_56' title="bbox 2086 2717 3596 2791">
    <p class='ocr_par' dir='ltr' id='par_1_56' title="bbox 2086 2717 3596 2791">
     <span class='ocr_line' id='line_1_56' title="bbox 2086 2717 3596 2791; baseline 0.001 -19"><span class='ocrx_word' id='word_1_346' title='bbox 2086 2717 2153 2772; x_wconf 87' lang='grc' dir='ltr'><strong>κ’.</strong></span> <span class='ocrx_word' id='word_1_347' title='bbox 2196 2718 2528 2789; x_wconf 83' lang='grc' dir='ltr'>Κούρσωρες</span> <span class='ocrx_word' id='word_1_348' title='bbox 2572 2719 2629 2771; x_wconf 86' lang='grc' dir='ltr'>δὲ</span> <span class='ocrx_word' id='word_1_349' title='bbox 2668 2719 2940 2787; x_wconf 89' lang='grc' dir='ltr'>λέγονται,</span> <span class='ocrx_word' id='word_1_350' title='bbox 2990 2721 3158 2791; x_wconf 73' lang='grc' dir='ltr'>ἤγουν</span> <span class='ocrx_word' id='word_1_351' title='bbox 3196 2721 3494 2791; x_wconf 83' lang='grc' dir='ltr'>πρόμαχοι,</span> <span class='ocrx_word' id='word_1_352' title='bbox 3543 2722 3596 2774; x_wconf 75' lang='grc' dir='ltr'>οἱ</span> 
     </span>
    </p>
   </div>
   <div class='ocr_carea' id='block_1_57' title="bbox 2013 2810 3593 2883">
    <p class='ocr_par' dir='ltr' id='par_1_57' title="bbox 2013 2810 3593 2883">
     <span class='ocr_line' id='line_1_57' title="bbox 2013 2810 3593 2883; baseline 0.002 -20"><span class='ocrx_word' id='word_1_353' title='bbox 2013 2811 2411 2881; x_wconf 77' lang='grc' dir='ltr'>προτρέχοντες</span> <span class='ocrx_word' id='word_1_354' title='bbox 2444 2810 2543 2879; x_wconf 85' lang='grc' dir='ltr'><strong>τῆς</strong></span> <span class='ocrx_word' id='word_1_355' title='bbox 2594 2812 2955 2879; x_wconf 78' lang='grc' dir='ltr'>παρατάξεως</span> <span class='ocrx_word' id='word_1_356' title='bbox 3001 2813 3058 2863; x_wconf 79' lang='grc' dir='ltr'><strong>έν</strong></span> <span class='ocrx_word' id='word_1_357' title='bbox 3102 2814 3168 2882; x_wconf 81' lang='grc' dir='ltr'>τῇ</span> <span class='ocrx_word' id='word_1_358' title='bbox 3217 2812 3458 2883; x_wconf 77' lang='grc' dir='ltr'>συμϐολῇ</span> <span class='ocrx_word' id='word_1_359' title='bbox 3497 2814 3593 2866; x_wconf 89' lang='grc' dir='ltr'><strong>τοῦ</strong></span> 
     </span>
    </p>
   </div>
   <div class='ocr_carea' id='block_1_58' title="bbox 1971 2902 3595 2973">
    <p class='ocr_par' dir='ltr' id='par_1_58' title="bbox 1971 2902 3595 2973">
     <span class='ocr_line' id='line_1_58' title="bbox 1971 2902 3595 2973; baseline 0 -17"><span class='ocrx_word' id='word_1_360' title='bbox 1971 2942 1977 2948; x_wconf 76' lang='grc'>.</span> <span class='ocrx_word' id='word_1_361' title='bbox 2013 2904 2277 2972; x_wconf 86' lang='grc' dir='ltr'>πολέμου,</span> <span class='ocrx_word' id='word_1_362' title='bbox 2307 2902 2403 2955; x_wconf 74' lang='grc' dir='ltr'>καὶ</span> <span class='ocrx_word' id='word_1_363' title='bbox 2438 2905 2550 2966; x_wconf 84' lang='grc' dir='ltr'>τοῖς</span> <span class='ocrx_word' id='word_1_364' title='bbox 2578 2903 2871 2970; x_wconf 83' lang='grc' dir='ltr'>φεύγουσιν</span> <span class='ocrx_word' id='word_1_365' title='bbox 2897 2903 3111 2973; x_wconf 79' lang='grc' dir='ltr'>ἐχθροῖς</span> <span class='ocrx_word' id='word_1_366' title='bbox 3142 2902 3311 2967; x_wconf 80' lang='grc' dir='ltr'>ὀξέως</span> <span class='ocrx_word' id='word_1_367' title='bbox 3358 2904 3595 2957; x_wconf 82' lang='grc' dir='ltr'>έπιτιθέ·</span> 
     </span>
    </p>
   </div>
   <div class='ocr_carea' id='block_1_59' title="bbox 2016 2992 2967 3065">
    <p class='ocr_par' dir='ltr' id='par_1_59' title="bbox 2016 2992 2967 3065">
     <span class='ocr_line' id='line_1_59' title="bbox 2016 2992 2967 3065; baseline -0.001 -17"><span class='ocrx_word' id='word_1_368' title='bbox 2016 3013 2187 3065; x_wconf 84' lang='grc' dir='ltr'>μενοι,</span> <span class='ocrx_word' id='word_1_369' title='bbox 2222 2993 2315 3058; x_wconf 84' lang='grc' dir='ltr'><strong>οὓς</strong></span> <span class='ocrx_word' id='word_1_370' title='bbox 2345 2992 2568 3047; x_wconf 89' lang='grc' dir='ltr'>καλοῦσι</span> <span class='ocrx_word' id='word_1_371' title='bbox 2598 2993 2967 3065; x_wconf 85' lang='grc' dir='ltr'>προκλάστας.</span> 
     </span>
    </p>
   </div>
   <div class='ocr_carea' id='block_1_60' title="bbox 2082 3086 3598 3158">
    <p class='ocr_par' dir='ltr' id='par_1_60' title="bbox 2082 3086 3598 3158">
     <span class='ocr_line' id='line_1_60' title="bbox 2082 3086 3598 3158; baseline -0.001 -17"><span class='ocrx_word' id='word_1_372' title='bbox 2082 3095 2192 3144; x_wconf 88' lang='grc' dir='ltr'>κα’.</span> <span class='ocrx_word' id='word_1_373' title='bbox 2230 3089 2555 3158; x_wconf 77' lang='grc' dir='ltr'>Διφένσορες</span> <span class='ocrx_word' id='word_1_374' title='bbox 2592 3086 2669 3149; x_wconf 84' lang='grc' dir='ltr'><strong>δὲ,</strong></span> <span class='ocrx_word' id='word_1_375' title='bbox 2700 3088 2751 3141; x_wconf 80' lang='grc' dir='ltr'><strong>οἱ</strong></span> <span class='ocrx_word' id='word_1_376' title='bbox 2787 3087 2999 3150; x_wconf 86' lang='grc' dir='ltr'>τούτοις</span> <span class='ocrx_word' id='word_1_377' title='bbox 3036 3087 3137 3156; x_wconf 75' lang='grc' dir='ltr'><strong>μὲν</strong></span> <span class='ocrx_word' id='word_1_378' title='bbox 3168 3087 3598 3141; x_wconf 78' lang='grc' dir='ltr'>ἐπακολουθοῦν-</span> 
     </span>
    </p>
   </div>
   <div class='ocr_carea' id='block_1_61' title="bbox 321 3179 1907 3262">
    <p class='ocr_par' dir='ltr' id='par_1_61' title="bbox 321 3183 1906 3262">
     <span class='ocr_line' id='line_1_61' title="bbox 321 3183 1906 3262; baseline 0 -25"><span class='ocrx_word' id='word_1_379' title='bbox 321 3188 650 3252; x_wconf 87' lang='lat' dir='ltr'><strong>sequuntur,</strong></span> <span class='ocrx_word' id='word_1_380' title='bbox 681 3194 790 3235; x_wconf 89' lang='lat' dir='ltr'><strong>non</strong></span> <span class='ocrx_word' id='word_1_381' title='bbox 818 3189 999 3233; x_wconf 87' lang='lat' dir='ltr'><strong>tamen</strong></span> <span class='ocrx_word' id='word_1_382' title='bbox 1030 3190 1335 3234; x_wconf 83' lang='lat' dir='ltr'><strong>excurrunt</strong></span> <span class='ocrx_word' id='word_1_383' title='bbox 1354 3190 1409 3236; x_wconf 87' lang='lat' dir='ltr'><strong>et</strong></span> <span class='ocrx_word' id='word_1_384' title='bbox 1435 3183 1683 3235; x_wconf 85' lang='lat' dir='ltr'><strong>ordinem</strong></span> <span class='ocrx_word' id='word_1_385' title='bbox 1713 3190 1767 3234; x_wconf 84' lang='lat' dir='ltr'><strong>et</strong></span> <span class='ocrx_word' id='word_1_386' title='bbox 1794 3192 1906 3262; x_wconf 64' lang='lat' dir='ltr'><strong>sta-</strong></span> 
     </span>
    </p>
   </div>
   <div class='ocr_carea' id='block_1_62' title="bbox 2032 3179 3597 3262">
    <p class='ocr_par' dir='ltr' id='par_1_62' title="bbox 2032 3179 3597 3252">
     <span class='ocr_line' id='line_1_62' title="bbox 2032 3179 3597 3252; baseline 0.001 -20"><span class='ocrx_word' id='word_1_387' title='bbox 2032 3197 2123 3247; x_wconf 78' lang='grc' dir='ltr'>τες,</span> <span class='ocrx_word' id='word_1_388' title='bbox 2158 3180 2229 3252; x_wconf 83' lang='grc' dir='ltr'>μὴ</span> <span class='ocrx_word' id='word_1_389' title='bbox 2262 3181 2616 3251; x_wconf 84' lang='grc' dir='ltr'>ἐκτρέχοντες</span> <span class='ocrx_word' id='word_1_390' title='bbox 2647 3179 2706 3231; x_wconf 73' lang='grc' dir='ltr'>δὲ</span> <span class='ocrx_word' id='word_1_391' title='bbox 2730 3179 2827 3233; x_wconf 74' lang='grc' dir='ltr'><strong>καὶ</strong></span> <span class='ocrx_word' id='word_1_392' title='bbox 2855 3179 3072 3243; x_wconf 85' lang='grc' dir='ltr'>λύοντες</span> <span class='ocrx_word' id='word_1_393' title='bbox 3107 3180 3210 3249; x_wconf 81' lang='grc' dir='ltr'>τὴν</span> <span class='ocrx_word' id='word_1_394' title='bbox 3248 3179 3423 3246; x_wconf 77' lang='grc' dir='ltr'>τάξιν,</span> <span class='ocrx_word' id='word_1_395' title='bbox 3459 3180 3597 3234; x_wconf 82' lang='grc' dir='ltr'>ἀλλὰ</span> 
     </span>
    </p>
   </div>
   <div class='ocr_carea' id='block_1_63' title="bbox 324 3270 1905 3335">
    <p class='ocr_par' dir='ltr' id='par_1_63' title="bbox 324 3270 1905 3335">
     <span class='ocr_line' id='line_1_63' title="bbox 324 3270 1905 3335; baseline -0.001 -9"><span class='ocrx_word' id='word_1_396' title='bbox 324 3275 528 3326; x_wconf 87' lang='lat' dir='ltr'><strong>tionem</strong></span> <span class='ocrx_word' id='word_1_397' title='bbox 587 3286 743 3326; x_wconf 89' lang='lat' dir='ltr'><strong>suam</strong></span> <span class='ocrx_word' id='word_1_398' title='bbox 792 3270 1089 3335; x_wconf 91' lang='lat' dir='ltr'><strong>deserunt,</strong></span> <span class='ocrx_word' id='word_1_399' title='bbox 1154 3270 1251 3325; x_wconf 88' lang='lat' dir='ltr'><strong>sed</strong></span> <span class='ocrx_word' id='word_1_400' title='bbox 1306 3270 1472 3325; x_wconf 90' lang='lat' dir='ltr'><strong>simul</strong></span> <span class='ocrx_word' id='word_1_401' title='bbox 1518 3281 1574 3325; x_wconf 89' lang='lat' dir='ltr'><strong>et</strong></span> <span class='ocrx_word' id='word_1_402' title='bbox 1615 3271 1905 3326; x_wconf 86' lang='lat' dir='ltr'><strong>confertim</strong></span> 
     </span>
    </p>
   </div>
   <div class='ocr_carea' id='block_1_64' title="bbox 321 3358 1908 3425">
    <p class='ocr_par' dir='ltr' id='par_1_64' title="bbox 321 3358 1908 3425">
     <span class='ocr_line' id='line_1_64' title="bbox 321 3358 1908 3425; baseline -0.001 -10"><span class='ocrx_word' id='word_1_403' title='bbox 321 3360 607 3416; x_wconf 86' lang='lat' dir='ltr'><strong>ambulant</strong></span> <span class='ocrx_word' id='word_1_404' title='bbox 665 3358 734 3413; x_wconf 90' lang='lat' dir='ltr'><strong>ad</strong></span> <span class='ocrx_word' id='word_1_405' title='bbox 791 3359 1179 3414; x_wconf 81' lang='lat' dir='ltr'><strong>vindicandam</strong></span> <span class='ocrx_word' id='word_1_406' title='bbox 1230 3366 1437 3415; x_wconf 88' lang='lat' dir='ltr'><strong>sortem</strong></span> <span class='ocrx_word' id='word_1_407' title='bbox 1482 3375 1812 3425; x_wconf 89' lang='lat' dir='ltr'><strong>cursorum,</strong></span> <span class='ocrx_word' id='word_1_408' title='bbox 1860 3360 1908 3416; x_wconf 89' lang='lat' dir='ltr'><strong>si</strong></span> 
     </span>
    </p>
   </div>
   <div class='ocr_carea' id='block_1_65' title="bbox 323 3451 1907 3523">
    <p class='ocr_par' dir='ltr' id='par_1_65' title="bbox 323 3451 1907 3523">
     <span class='ocr_line' id='line_1_65' title="bbox 323 3451 1907 3523; baseline -0.003 -15"><span class='ocrx_word' id='word_1_409' title='bbox 323 3456 466 3511; x_wconf 87' lang='lat' dir='ltr'><strong>forte</strong></span> <span class='ocrx_word' id='word_1_410' title='bbox 504 3454 649 3515; x_wconf 85' lang='lat' dir='ltr'><strong>illos.</strong></span> <span class='ocrx_word' id='word_1_411' title='bbox 698 3451 846 3523; x_wconf 91' lang='lat' dir='ltr'><strong>quod</strong></span> <span class='ocrx_word' id='word_1_412' title='bbox 894 3467 998 3507; x_wconf 90' lang='lat' dir='ltr'><strong>usu</strong></span> <span class='ocrx_word' id='word_1_413' title='bbox 1044 3452 1231 3508; x_wconf 89' lang='lat' dir='ltr'><strong>venire</strong></span> <span class='ocrx_word' id='word_1_414' title='bbox 1281 3452 1605 3522; x_wconf 85' lang='lat' dir='ltr'><strong>plerumque</strong></span> <span class='ocrx_word' id='word_1_415' title='bbox 1657 3452 1819 3517; x_wconf 89' lang='lat' dir='ltr'><strong>solet,</strong></span> <span class='ocrx_word' id='word_1_416' title='bbox 1852 3452 1907 3505; x_wconf 89' lang='lat' dir='ltr'><strong>in</strong></span> 
     </span>
    </p>
   </div>
   <div class='ocr_carea' id='block_1_66' title="bbox 322 3543 1908 3618">
    <p class='ocr_par' dir='ltr' id='par_1_66' title="bbox 322 3543 1908 3618">
     <span class='ocr_line' id='line_1_66' title="bbox 322 3543 1908 3618; baseline -0.003 -15"><span class='ocrx_word' id='word_1_417' title='bbox 322 3548 509 3618; x_wconf 79' lang='lat' dir='ltr'><strong>fugam</strong></span> <span class='ocrx_word' id='word_1_418' title='bbox 553 3547 694 3602; x_wconf 89' lang='lat' dir='ltr'><strong>verti</strong></span> <span class='ocrx_word' id='word_1_419' title='bbox 725 3544 1029 3613; x_wconf 77' lang='lat' dir='ltr'><strong>contingat,</strong></span> <span class='ocrx_word' id='word_1_420' title='bbox 1061 3560 1201 3615; x_wconf 86' lang='lat' dir='ltr'><strong>quos</strong></span> <span class='ocrx_word' id='word_1_421' title='bbox 1238 3543 1363 3614; x_wconf 87' lang='lat' dir='ltr'><strong>jure</strong></span> <span class='ocrx_word' id='word_1_422' title='bbox 1390 3544 1517 3615; x_wconf 87' lang='lat' dir='ltr'><strong>quis</strong></span> <span class='ocrx_word' id='word_1_423' title='bbox 1542 3544 1786 3599; x_wconf 86' lang='lat' dir='ltr'><strong>vindices</strong></span> <span class='ocrx_word' id='word_1_424' title='bbox 1812 3558 1908 3598; x_wconf 89' lang='lat' dir='ltr'><strong>vo-</strong></span> 
     </span>
    </p>
   </div>
   <div class='ocr_carea' id='block_1_67' title="bbox 320 3645 494 3694">
    <p class='ocr_par' dir='ltr' id='par_1_67' title="bbox 320 3645 494 3694">
     <span class='ocr_line' id='line_1_67' title="bbox 320 3645 494 3694; baseline -0.017 0"><span class='ocrx_word' id='word_1_425' title='bbox 320 3645 494 3694; x_wconf 87' lang='lat' dir='ltr'><strong>caret.</strong></span> 
     </span>
    </p>
   </div>
   <div class='ocr_carea' id='block_1_68' title="bbox 390 3724 1909 3796">
    <p class='ocr_par' dir='ltr' id='par_1_68' title="bbox 390 3724 1909 3796">
     <span class='ocr_line' id='line_1_68' title="bbox 390 3724 1909 3796; baseline -0.001 -15"><span class='ocrx_word' id='word_1_426' title='bbox 390 3728 483 3783; x_wconf 75' lang='lat'><strong>22.</strong></span> <span class='ocrx_word' id='word_1_427' title='bbox 526 3727 822 3794; x_wconf 82' lang='lat' dir='ltr'><strong>Censores,</strong></span> <span class='ocrx_word' id='word_1_428' title='bbox 844 3725 939 3796; x_wconf 91' lang='lat' dir='ltr'><strong>qui</strong></span> <span class='ocrx_word' id='word_1_429' title='bbox 968 3724 1180 3781; x_wconf 86' lang='lat' dir='ltr'><strong>fossata</strong></span> <span class='ocrx_word' id='word_1_430' title='bbox 1229 3725 1347 3781; x_wconf 81' lang='lat' dir='ltr'><strong>sive</strong></span> <span class='ocrx_word' id='word_1_431' title='bbox 1389 3736 1574 3781; x_wconf 86' lang='lat' dir='ltr'><strong>castra</strong></span> <span class='ocrx_word' id='word_1_432' title='bbox 1628 3734 1909 3781; x_wconf 89' lang='lat' dir='ltr'><strong>metantur</strong></span> 
     </span>
    </p>
   </div>
   <div class='ocr_carea' id='block_1_69' title="bbox 319 3817 1908 3888">
    <p class='ocr_par' dir='ltr' id='par_1_69' title="bbox 319 3817 1908 3888">
     <span class='ocr_line' id='line_1_69' title="bbox 319 3817 1908 3888; baseline -0.001 -13"><span class='ocrx_word' id='word_1_433' title='bbox 319 3828 375 3876; x_wconf 89' lang='lat' dir='ltr'><strong>et</strong></span> <span class='ocrx_word' id='word_1_434' title='bbox 408 3818 773 3882; x_wconf 85' lang='lat' dir='ltr'><strong>constituunt,</strong></span> <span class='ocrx_word' id='word_1_435' title='bbox 806 3832 947 3888; x_wconf 90' lang='lat' dir='ltr'><strong>quos</strong></span> <span class='ocrx_word' id='word_1_436' title='bbox 982 3829 1394 3873; x_wconf 88' lang='lat' dir='ltr'><strong>mensuratores</strong></span> <span class='ocrx_word' id='word_1_437' title='bbox 1441 3817 1558 3874; x_wconf 87' lang='lat' dir='ltr'><strong>sive</strong></span> <span class='ocrx_word' id='word_1_438' title='bbox 1602 3827 1908 3874; x_wconf 89' lang='lat' dir='ltr'><strong>metatores</strong></span> 
     </span>
    </p>
   </div>
   <div class='ocr_carea' id='block_1_70' title="bbox 318 3919 543 3967">
    <p class='ocr_par' dir='ltr' id='par_1_70' title="bbox 318 3919 543 3967">
     <span class='ocr_line' id='line_1_70' title="bbox 318 3919 543 3967; baseline -0.013 0"><span class='ocrx_word' id='word_1_439' title='bbox 318 3919 543 3967; x_wconf 86' lang='lat' dir='ltr'><strong>vocant.</strong></span> 
     </span>
    </p>
   </div>
   <div class='ocr_carea' id='block_1_71' title="bbox 392 3985 1903 4072">
    <p class='ocr_par' dir='ltr' id='par_1_71' title="bbox 392 3985 1903 4072">
     <span class='ocr_line' id='line_1_71' title="bbox 392 3985 1903 4072; baseline -0.001 -14"><span class='ocrx_word' id='word_1_440' title='bbox 392 4005 483 4060; x_wconf 77' lang='lat'><strong>25.</strong></span> <span class='ocrx_word' id='word_1_441' title='bbox 523 4003 916 4059; x_wconf 86' lang='lat' dir='ltr'><strong>Anticensores</strong></span> <span class='ocrx_word' id='word_1_442' title='bbox 967 3985 1082 4058; x_wconf 82' lang='lat' dir='ltr'><strong>sive</strong></span> <span class='ocrx_word' id='word_1_443' title='bbox 1122 4011 1423 4057; x_wconf 88' lang='lat' dir='ltr'><strong>metatores</strong></span> <span class='ocrx_word' id='word_1_444' title='bbox 1461 4002 1601 4058; x_wconf 88' lang='lat' dir='ltr'><strong>alios</strong></span> <span class='ocrx_word' id='word_1_445' title='bbox 1634 4004 1903 4072; x_wconf 83' lang='lat' dir='ltr'><strong>quosdam</strong></span> 
     </span>
    </p>
   </div>
   <div class='ocr_carea' id='block_1_72' title="bbox 318 4094 1906 4167">
    <p class='ocr_par' dir='ltr' id='par_1_72' title="bbox 318 4094 1906 4167">
     <span class='ocr_line' id='line_1_72' title="bbox 318 4094 1906 4167; baseline -0.002 -15"><span class='ocrx_word' id='word_1_446' title='bbox 318 4096 530 4167; x_wconf 85' lang='lat' dir='ltr'><strong>antiqui</strong></span> <span class='ocrx_word' id='word_1_447' title='bbox 562 4094 800 4151; x_wconf 82' lang='lat' dir='ltr'><strong>Romani</strong></span> <span class='ocrx_word' id='word_1_448' title='bbox 831 4094 1198 4166; x_wconf 80' lang='lat' dir='ltr'><strong>appellabant,</strong></span> <span class='ocrx_word' id='word_1_449' title='bbox 1222 4110 1362 4165; x_wconf 92' lang='lat' dir='ltr'><strong>quos</strong></span> <span class='ocrx_word' id='word_1_450' title='bbox 1380 4110 1547 4163; x_wconf 91' lang='lat' dir='ltr'><strong>nunc,</strong></span> <span class='ocrx_word' id='word_1_451' title='bbox 1571 4096 1906 4159; x_wconf 86' lang='lat' dir='ltr'><strong>utarbitror,</strong></span> 
     </span>
    </p>
   </div>
   <div class='ocr_carea' id='block_1_73' title="bbox 317 4188 1907 4257">
    <p class='ocr_par' dir='ltr' id='par_1_73' title="bbox 317 4188 1907 4257">
     <span class='ocr_line' id='line_1_73' title="bbox 317 4188 1907 4257; baseline -0.002 -10"><span class='ocrx_word' id='word_1_452' title='bbox 317 4207 446 4247; x_wconf 91' lang='lat' dir='ltr'><strong>cum</strong></span> <span class='ocrx_word' id='word_1_453' title='bbox 502 4190 986 4246; x_wconf 80' lang='lat' dir='ltr'><strong>meusuratoribus</strong></span> <span class='ocrx_word' id='word_1_454' title='bbox 1049 4188 1491 4257; x_wconf 82' lang='lat' dir='ltr'><strong>confundentes,</strong></span> <span class='ocrx_word' id='word_1_455' title='bbox 1546 4189 1697 4244; x_wconf 86' lang='lat' dir='ltr'><strong>nullo</strong></span> <span class='ocrx_word' id='word_1_456' title='bbox 1755 4201 1907 4244; x_wconf 81' lang='lat' dir='ltr'><strong>certo</strong></span> 
     </span>
    </p>
   </div>
   <div class='ocr_carea' id='block_1_74' title="bbox 319 4277 1904 4349">
    <p class='ocr_par' dir='ltr' id='par_1_74' title="bbox 319 4277 1904 4349">
     <span class='ocr_line' id='line_1_74' title="bbox 319 4277 1904 4349; baseline -0.001 -15"><span class='ocrx_word' id='word_1_457' title='bbox 319 4281 545 4335; x_wconf 81' lang='lat' dir='ltr'><strong>nomine</strong></span> <span class='ocrx_word' id='word_1_458' title='bbox 568 4279 864 4349; x_wconf 84' lang='lat' dir='ltr'><strong>appellant.</strong></span> <span class='ocrx_word' id='word_1_459' title='bbox 889 4278 980 4332; x_wconf 87' lang='lat' dir='ltr'><strong>Isti</strong></span> <span class='ocrx_word' id='word_1_460' title='bbox 1009 4277 1062 4332; x_wconf 86' lang='lat' dir='ltr'><strong>in</strong></span> <span class='ocrx_word' id='word_1_461' title='bbox 1084 4277 1287 4332; x_wconf 74' lang='lat' dir='ltr'><strong>casuis</strong></span> <span class='ocrx_word' id='word_1_462' title='bbox 1312 4277 1598 4331; x_wconf 84' lang='lat' dir='ltr'><strong>movendis</strong></span> <span class='ocrx_word' id='word_1_463' title='bbox 1621 4287 1904 4342; x_wconf 89' lang='lat' dir='ltr'><strong>anteeunt,</strong></span> 
     </span>
    </p>
   </div>
   <div class='ocr_carea' id='block_1_75' title="bbox 320 4369 1908 4439">
    <p class='ocr_par' dir='ltr' id='par_1_75' title="bbox 320 4369 1908 4439">
     <span class='ocr_line' id='line_1_75' title="bbox 320 4369 1908 4439; baseline -0.001 -13"><span class='ocrx_word' id='word_1_464' title='bbox 320 4380 377 4426; x_wconf 90' lang='lat' dir='ltr'><strong>et</strong></span> <span class='ocrx_word' id='word_1_465' title='bbox 405 4371 632 4426; x_wconf 89' lang='lat' dir='ltr'><strong>idoneas</strong></span> <span class='ocrx_word' id='word_1_466' title='bbox 676 4370 793 4423; x_wconf 89' lang='lat' dir='ltr'><strong>vias</strong></span> <span class='ocrx_word' id='word_1_467' title='bbox 835 4369 1067 4437; x_wconf 88' lang='lat' dir='ltr'><strong>locaque</strong></span> <span class='ocrx_word' id='word_1_468' title='bbox 1111 4369 1409 4437; x_wconf 78' lang='lat' dir='ltr'><strong>exquirunt</strong></span> <span class='ocrx_word' id='word_1_469' title='bbox 1455 4369 1523 4422; x_wconf 85' lang='lat' dir='ltr'><strong>ad</strong></span> <span class='ocrx_word' id='word_1_470' title='bbox 1576 4378 1757 4423; x_wconf 84' lang='lat' dir='ltr'><strong>castra</strong></span> <span class='ocrx_word' id='word_1_471' title='bbox 1807 4384 1908 4439; x_wconf 85' lang='lat' dir='ltr'><strong>po-</strong></span> 
     </span>
    </p>
   </div>
   <div class='ocr_carea' id='block_1_76' title="bbox 321 4459 1660 4529">
    <p class='ocr_par' dir='ltr' id='par_1_76' title="bbox 321 4459 1660 4529">
     <span class='ocr_line' id='line_1_76' title="bbox 321 4459 1660 4529; baseline -0.002 -12"><span class='ocrx_word' id='word_1_472' title='bbox 321 4463 521 4527; x_wconf 89' lang='lat' dir='ltr'><strong>nenda,</strong></span> <span class='ocrx_word' id='word_1_473' title='bbox 550 4475 721 4529; x_wconf 87' lang='lat' dir='ltr'><strong>eaque</strong></span> <span class='ocrx_word' id='word_1_474' title='bbox 748 4460 933 4529; x_wconf 86' lang='lat' dir='ltr'><strong>qualia</strong></span> <span class='ocrx_word' id='word_1_475' title='bbox 961 4474 1084 4515; x_wconf 82' lang='lat' dir='ltr'><strong>esse</strong></span> <span class='ocrx_word' id='word_1_476' title='bbox 1115 4459 1317 4513; x_wconf 86' lang='lat' dir='ltr'><strong>debent</strong></span> <span class='ocrx_word' id='word_1_477' title='bbox 1346 4460 1660 4514; x_wconf 89' lang='lat' dir='ltr'><strong>advertunt.</strong></span> 
     </span>
    </p>
   </div>
   <div class='ocr_carea' id='block_1_77' title="bbox 392 4640 1909 4711">
    <p class='ocr_par' dir='ltr' id='par_1_77' title="bbox 392 4640 1909 4711">
     <span class='ocr_line' id='line_1_77' title="bbox 392 4640 1909 4711; baseline 0 -13"><span class='ocrx_word' id='word_1_478' title='bbox 392 4645 485 4699; x_wconf 69' lang='grc'><strong>24.</strong></span> <span class='ocrx_word' id='word_1_479' title='bbox 530 4642 891 4705; x_wconf 87' lang='lat' dir='ltr'><strong>Scultatores,</strong></span> <span class='ocrx_word' id='word_1_480' title='bbox 944 4640 998 4694; x_wconf 92' lang='lat' dir='ltr'><strong>id</strong></span> <span class='ocrx_word' id='word_1_481' title='bbox 1053 4648 1161 4705; x_wconf 86' lang='lat' dir='ltr'><strong>est,</strong></span> <span class='ocrx_word' id='word_1_482' title='bbox 1219 4640 1615 4709; x_wconf 86' lang='lat' dir='ltr'><strong>speculatores,</strong></span> <span class='ocrx_word' id='word_1_483' title='bbox 1671 4643 1765 4711; x_wconf 92' lang='lat' dir='ltr'><strong>qui</strong></span> <span class='ocrx_word' id='word_1_484' title='bbox 1820 4659 1909 4698; x_wconf 88' lang='lat' dir='ltr'><strong>res</strong></span> 
     </span>
    </p>
   </div>
   <div class='ocr_carea' id='block_1_78' title="bbox 325 4735 1269 4804">
    <p class='ocr_par' dir='ltr' id='par_1_78' title="bbox 325 4735 1269 4804">
     <span class='ocr_line' id='line_1_78' title="bbox 325 4735 1269 4804; baseline -0.004 -12"><span class='ocrx_word' id='word_1_485' title='bbox 325 4738 565 4793; x_wconf 86' lang='lat' dir='ltr'><strong>hostium</strong></span> <span class='ocrx_word' id='word_1_486' title='bbox 600 4735 904 4804; x_wconf 85' lang='lat' dir='ltr'><strong>exquirunt</strong></span> <span class='ocrx_word' id='word_1_487' title='bbox 930 4742 984 4788; x_wconf 90' lang='lat' dir='ltr'><strong>et</strong></span> <span class='ocrx_word' id='word_1_488' title='bbox 1021 4741 1269 4788; x_wconf 89' lang='lat' dir='ltr'><strong>narrant.</strong></span> 
     </span>
    </p>
   </div>
   <div class='ocr_carea' id='block_1_79' title="bbox 392 4823 1909 4895">
    <p class='ocr_par' dir='ltr' id='par_1_79' title="bbox 392 4823 1909 4895">
     <span class='ocr_line' id='line_1_79' title="bbox 392 4823 1909 4895; baseline -0.003 -13"><span class='ocrx_word' id='word_1_489' title='bbox 392 4828 482 4882; x_wconf 73' lang='grc'><strong>25.</strong></span> <span class='ocrx_word' id='word_1_490' title='bbox 509 4824 979 4895; x_wconf 82' lang='grc' dir='ltr'>Πλαγιοφύλακες,</span> <span class='ocrx_word' id='word_1_491' title='bbox 1018 4824 1071 4877; x_wconf 87' lang='lat' dir='ltr'><strong>id</strong></span> <span class='ocrx_word' id='word_1_492' title='bbox 1103 4834 1208 4888; x_wconf 90' lang='lat' dir='ltr'><strong>est,</strong></span> <span class='ocrx_word' id='word_1_493' title='bbox 1228 4823 1500 4879; x_wconf 85' lang='lat' dir='ltr'><strong>laterones</strong></span> <span class='ocrx_word' id='word_1_494' title='bbox 1517 4823 1632 4878; x_wconf 84' lang='lat' dir='ltr'><strong>sive</strong></span> <span class='ocrx_word' id='word_1_495' title='bbox 1658 4825 1909 4890; x_wconf 84' lang='lat' dir='ltr'><strong>laterani,</strong></span> 
     </span>
    </p>
   </div>
   <div class='ocr_carea' id='block_1_80' title="bbox 323 4915 1910 4988">
    <p class='ocr_par' dir='ltr' id='par_1_80' title="bbox 323 4915 1910 4988">
     <span class='ocr_line' id='line_1_80' title="bbox 323 4915 1910 4988; baseline 0.001 -17"><span class='ocrx_word' id='word_1_496' title='bbox 323 4919 415 4988; x_wconf 89' lang='lat' dir='ltr'><strong>qui</strong></span> <span class='ocrx_word' id='word_1_497' title='bbox 448 4919 515 4970; x_wconf 86' lang='lat' dir='ltr'><strong>ad</strong></span> <span class='ocrx_word' id='word_1_498' title='bbox 550 4919 796 4972; x_wconf 86' lang='lat' dir='ltr'><strong>laterum</strong></span> <span class='ocrx_word' id='word_1_499' title='bbox 827 4915 1135 4972; x_wconf 87' lang='lat' dir='ltr'><strong>custodiam</strong></span> <span class='ocrx_word' id='word_1_500' title='bbox 1185 4915 1379 4984; x_wconf 68' lang='lat' dir='ltr'><strong>prima:</strong></span> <span class='ocrx_word' id='word_1_501' title='bbox 1418 4915 1554 4970; x_wconf 85' lang='lat' dir='ltr'><strong>aciei</strong></span> <span class='ocrx_word' id='word_1_502' title='bbox 1605 4918 1910 4972; x_wconf 81' lang='lat' dir='ltr'><strong>constitue-</strong></span> 
     </span>
    </p>
   </div>
   <div class='ocr_carea' id='block_1_81' title="bbox 322 5009 547 5065">
    <p class='ocr_par' dir='ltr' id='par_1_81' title="bbox 322 5009 547 5065">
     <span class='ocr_line' id='line_1_81' title="bbox 322 5009 547 5065; baseline -0.009 0"><span class='ocrx_word' id='word_1_503' title='bbox 322 5009 547 5065; x_wconf 84' lang='lat' dir='ltr'><strong>bantur.</strong></span> 
     </span>
    </p>
   </div>
   <div class='ocr_carea' id='block_1_82' title="bbox 389 5098 1907 5170">
    <p class='ocr_par' dir='ltr' id='par_1_82' title="bbox 389 5098 1907 5170">
     <span class='ocr_line' id='line_1_82' title="bbox 389 5098 1907 5170; baseline -0.001 -15"><span class='ocrx_word' id='word_1_504' title='bbox 389 5101 478 5155; x_wconf 70' lang='grc'><strong>26.</strong></span> <span class='ocrx_word' id='word_1_505' title='bbox 515 5099 845 5155; x_wconf 86' lang='lat' dir='ltr'><strong>Cornistites</strong></span> <span class='ocrx_word' id='word_1_506' title='bbox 874 5110 1024 5163; x_wconf 84' lang='lat' dir='ltr'><strong>sunt,</strong></span> <span class='ocrx_word' id='word_1_507' title='bbox 1052 5100 1145 5170; x_wconf 90' lang='lat' dir='ltr'><strong>qui</strong></span> <span class='ocrx_word' id='word_1_508' title='bbox 1167 5099 1234 5154; x_wconf 87' lang='lat' dir='ltr'><strong>ad</strong></span> <span class='ocrx_word' id='word_1_509' title='bbox 1267 5112 1477 5155; x_wconf 82' lang='lat' dir='ltr'><strong>cornua</strong></span> <span class='ocrx_word' id='word_1_510' title='bbox 1509 5098 1752 5154; x_wconf 89' lang='lat' dir='ltr'><strong>hostium</strong></span> <span class='ocrx_word' id='word_1_511' title='bbox 1794 5100 1907 5155; x_wconf 88' lang='lat' dir='ltr'><strong>cir-</strong></span> 
     </span>
    </p>
   </div>
   <div class='ocr_carea' id='block_1_83' title="bbox 320 5192 1096 5249">
    <p class='ocr_par' dir='ltr' id='par_1_83' title="bbox 320 5192 1096 5249">
     <span class='ocr_line' id='line_1_83' title="bbox 320 5192 1096 5249; baseline -0.005 0"><span class='ocrx_word' id='word_1_512' title='bbox 320 5192 638 5249; x_wconf 88' lang='lat' dir='ltr'><strong>cumdanda</strong></span> <span class='ocrx_word' id='word_1_513' title='bbox 656 5192 1096 5247; x_wconf 86' lang='lat' dir='ltr'><strong>constituuntur.</strong></span> 
     </span>
    </p>
   </div>
   <div class='ocr_carea' id='block_1_84' title="bbox 2013 3269 3596 3340">
    <p class='ocr_par' dir='ltr' id='par_1_84' title="bbox 2013 3269 3596 3340">
     <span class='ocr_line' id='line_1_84' title="bbox 2013 3269 3596 3340; baseline 0 -19"><span class='ocrx_word' id='word_1_514' title='bbox 2013 3270 2463 3338; x_wconf 83' lang='grc' dir='ltr'>συντεταγμένως</span> <span class='ocrx_word' id='word_1_515' title='bbox 2514 3269 2951 3339; x_wconf 81' lang='grc' dir='ltr'>περιπατοῦντες</span> <span class='ocrx_word' id='word_1_516' title='bbox 2994 3269 3129 3338; x_wconf 77' lang='grc' dir='ltr'>πρὸς</span> <span class='ocrx_word' id='word_1_517' title='bbox 3166 3271 3450 3340; x_wconf 75' lang='grc' dir='ltr'>ἐκδίκησιν</span> <span class='ocrx_word' id='word_1_518' title='bbox 3487 3271 3596 3323; x_wconf 81' lang='grc' dir='ltr'><strong>τῶν</strong></span> 
     </span>
    </p>
   </div>
   <div class='ocr_carea' id='block_1_85' title="bbox 2009 3359 3595 3432">
    <p class='ocr_par' dir='ltr' id='par_1_85' title="bbox 2009 3359 3595 3432">
     <span class='ocr_line' id='line_1_85' title="bbox 2009 3359 3595 3432; baseline 0.001 -21"><span class='ocrx_word' id='word_1_519' title='bbox 2009 3359 2370 3429; x_wconf 83' lang='grc' dir='ltr'>κουρσώρων,</span> <span class='ocrx_word' id='word_1_520' title='bbox 2402 3359 2560 3429; x_wconf 84' lang='grc' dir='ltr'>εῐπερ</span> <span class='ocrx_word' id='word_1_521' title='bbox 2604 3359 2721 3428; x_wconf 72' lang='grc'><strong>(25)</strong></span> <span class='ocrx_word' id='word_1_522' title='bbox 2754 3360 2977 3425; x_wconf 80' lang='grc' dir='ltr'>αὐτοὺς,</span> <span class='ocrx_word' id='word_1_523' title='bbox 3008 3360 3085 3421; x_wconf 85' lang='grc' dir='ltr'>ὼς</span> <span class='ocrx_word' id='word_1_524' title='bbox 3114 3361 3282 3425; x_wconf 74' lang='grc' dir='ltr'>εἰκὸς,</span> <span class='ocrx_word' id='word_1_525' title='bbox 3316 3361 3595 3432; x_wconf 82' lang='grc' dir='ltr'>τραπῆναι</span> 
     </span>
    </p>
   </div>
   <div class='ocr_carea' id='block_1_86' title="bbox 2011 3449 3596 3520">
    <p class='ocr_par' dir='ltr' id='par_1_86' title="bbox 2011 3449 3596 3520">
     <span class='ocr_line' id='line_1_86' title="bbox 2011 3449 3596 3520; baseline 0.001 -17"><span class='ocrx_word' id='word_1_526' title='bbox 2011 3450 2231 3520; x_wconf 75' lang='grc' dir='ltr'>συμὸῇο</span> <span class='ocrx_word' id='word_1_527' title='bbox 2296 3449 2505 3520; x_wconf 77' lang='grc' dir='ltr'>οὕσπερ</span> <span class='ocrx_word' id='word_1_528' title='bbox 2566 3451 2791 3514; x_wconf 88' lang='grc' dir='ltr'>δικαίως</span> <span class='ocrx_word' id='word_1_529' title='bbox 2845 3451 2913 3505; x_wconf 82' lang='grc' dir='ltr'>ἄν</span> <span class='ocrx_word' id='word_1_530' title='bbox 2972 3469 3058 3515; x_wconf 89' lang='grc' dir='ltr'><strong>τις</strong></span> <span class='ocrx_word' id='word_1_531' title='bbox 3123 3453 3408 3506; x_wconf 80' lang='grc' dir='ltr'>καλέσειεν</span> <span class='ocrx_word' id='word_1_532' title='bbox 3455 3452 3596 3507; x_wconf 66' lang='lat' dir='ltr'><em>6V6!-</em></span> 
     </span>
    </p>
   </div>
   <div class='ocr_carea' id='block_1_87' title="bbox 2009 3542 2300 3613">
    <p class='ocr_par' dir='ltr' id='par_1_87' title="bbox 2009 3542 2300 3613">
     <span class='ocr_line' id='line_1_87' title="bbox 2009 3542 2300 3613; baseline 0.007 -18"><span class='ocrx_word' id='word_1_533' title='bbox 2009 3559 2137 3606; x_wconf 87' lang='grc' dir='ltr'>κους</span> <span class='ocrx_word' id='word_1_534' title='bbox 2164 3542 2300 3613; x_wconf 64' lang='grc' dir='ltr'>(ει).</span> 
     </span>
    </p>
   </div>
   <div class='ocr_carea' id='block_1_88' title="bbox 2082 3719 3597 3792">
    <p class='ocr_par' dir='ltr' id='par_1_88' title="bbox 2082 3719 3597 3792">
     <span class='ocr_line' id='line_1_88' title="bbox 2082 3719 3597 3792; baseline 0.002 -19"><span class='ocrx_word' id='word_1_535' title='bbox 2082 3719 2189 3790; x_wconf 85' lang='grc' dir='ltr'><strong>κβ’.</strong></span> <span class='ocrx_word' id='word_1_536' title='bbox 2238 3720 2527 3791; x_wconf 85' lang='grc' dir='ltr'>Μίνσωρες</span> <span class='ocrx_word' id='word_1_537' title='bbox 2581 3719 2694 3791; x_wconf 73' lang='grc'><strong>(25)</strong></span> <span class='ocrx_word' id='word_1_538' title='bbox 2742 3720 2800 3774; x_wconf 74' lang='grc' dir='ltr'>δὲ</span> <span class='ocrx_word' id='word_1_539' title='bbox 2846 3720 3098 3789; x_wconf 83' lang='grc' dir='ltr'>λέγονται</span> <span class='ocrx_word' id='word_1_540' title='bbox 3128 3722 3179 3773; x_wconf 88' lang='grc' dir='ltr'><strong>οί</strong></span> <span class='ocrx_word' id='word_1_541' title='bbox 3222 3721 3292 3775; x_wconf 82' lang='grc' dir='ltr'>τὰ</span> <span class='ocrx_word' id='word_1_542' title='bbox 3339 3722 3597 3792; x_wconf 77' lang='grc' dir='ltr'>άπληκτα</span> 
     </span>
    </p>
   </div>
   <div class='ocr_carea' id='block_1_89' title="bbox 2011 3813 3592 3886">
    <p class='ocr_par' dir='ltr' id='par_1_89' title="bbox 2011 3813 3592 3886">
     <span class='ocr_line' id='line_1_89' title="bbox 2011 3813 3592 3886; baseline 0.002 -20"><span class='ocrx_word' id='word_1_543' title='bbox 2011 3815 2132 3886; x_wconf 73' lang='grc' dir='ltr'>ἦτοι</span> <span class='ocrx_word' id='word_1_544' title='bbox 2178 3815 2227 3867; x_wconf 81' lang='grc' dir='ltr'>οἱ</span> <span class='ocrx_word' id='word_1_545' title='bbox 2272 3813 2342 3867; x_wconf 84' lang='grc' dir='ltr'><strong>τά</strong></span> <span class='ocrx_word' id='word_1_546' title='bbox 2385 3816 2630 3883; x_wconf 80' lang='grc' dir='ltr'>φοσσάτα</span> <span class='ocrx_word' id='word_1_547' title='bbox 2685 3814 3010 3885; x_wconf 81' lang='grc' dir='ltr'>μετροῦντες</span> <span class='ocrx_word' id='word_1_548' title='bbox 3060 3814 3158 3869; x_wconf 78' lang='grc' dir='ltr'>καὶ</span> <span class='ocrx_word' id='word_1_549' title='bbox 3206 3815 3592 3881; x_wconf 83' lang='grc' dir='ltr'>καθιστῶντες,</span> 
     </span>
    </p>
   </div>
   <div class='ocr_carea' id='block_1_90' title="bbox 2010 3905 2986 3977">
    <p class='ocr_par' dir='ltr' id='par_1_90' title="bbox 2010 3905 2986 3977">
     <span class='ocr_line' id='line_1_90' title="bbox 2010 3905 2986 3977; baseline 0.002 -18"><span class='ocrx_word' id='word_1_550' title='bbox 2010 3905 2105 3969; x_wconf 85' lang='grc' dir='ltr'><strong>οὒς</strong></span> <span class='ocrx_word' id='word_1_551' title='bbox 2137 3907 2567 3977; x_wconf 85' lang='grc' dir='ltr'>μινσωράτωρας</span> <span class='ocrx_word' id='word_1_552' title='bbox 2587 3905 2683 3960; x_wconf 90' lang='grc' dir='ltr'><strong>νῦν</strong></span> <span class='ocrx_word' id='word_1_553' title='bbox 2706 3907 2986 3961; x_wconf 86' lang='grc' dir='ltr'>καλοῦσιν.</span> 
     </span>
    </p>
   </div>
   <div class='ocr_carea' id='block_1_91' title="bbox 2083 3998 3594 4069">
    <p class='ocr_par' dir='ltr' id='par_1_91' title="bbox 2083 3998 3594 4069">
     <span class='ocr_line' id='line_1_91' title="bbox 2083 3998 3594 4069; baseline 0.001 -18"><span class='ocrx_word' id='word_1_554' title='bbox 2083 3998 2189 4067; x_wconf 88' lang='grc' dir='ltr'>κγ’.</span> <span class='ocrx_word' id='word_1_555' title='bbox 2235 3998 2647 4069; x_wconf 84' lang='grc' dir='ltr'>Ἀντικένσορας</span> <span class='ocrx_word' id='word_1_556' title='bbox 2671 4000 2728 4054; x_wconf 82' lang='grc' dir='ltr'>δὲ</span> <span class='ocrx_word' id='word_1_557' title='bbox 2746 3999 2939 4063; x_wconf 75' lang='grc' dir='ltr'>ἄλλους</span> <span class='ocrx_word' id='word_1_558' title='bbox 2961 4000 3114 4060; x_wconf 85' lang='grc' dir='ltr'>τινὰς</span> <span class='ocrx_word' id='word_1_559' title='bbox 3139 4001 3325 4067; x_wconf 75' lang='grc' dir='ltr'>ἔλεγον</span> <span class='ocrx_word' id='word_1_560' title='bbox 3350 4002 3399 4054; x_wconf 74' lang='lat' dir='ltr'><strong>si</strong></span> <span class='ocrx_word' id='word_1_561' title='bbox 3423 4000 3594 4055; x_wconf 86' lang='grc' dir='ltr'>πάλαι</span> 
     </span>
    </p>
   </div>
   <div class='ocr_carea' id='block_1_92' title="bbox 2023 4091 3595 4165">
    <p class='ocr_par' dir='ltr' id='par_1_92' title="bbox 2023 4091 3595 4165">
     <span class='ocr_line' id='line_1_92' title="bbox 2023 4091 3595 4165; baseline 0.002 -21"><span class='ocrx_word' id='word_1_562' title='bbox 2023 4093 2303 4161; x_wconf 81' lang='grc' dir='ltr'>Ῥωμαῖοι,</span> <span class='ocrx_word' id='word_1_563' title='bbox 2345 4091 2460 4156; x_wconf 82' lang='grc' dir='ltr'>οὓς,</span> <span class='ocrx_word' id='word_1_564' title='bbox 2493 4093 2570 4156; x_wconf 83' lang='grc' dir='ltr'>ὡς</span> <span class='ocrx_word' id='word_1_565' title='bbox 2600 4093 2991 4165; x_wconf 73' lang='grc' dir='ltr'>ὑπολαμϐάνω,</span> <span class='ocrx_word' id='word_1_566' title='bbox 3033 4094 3130 4149; x_wconf 88' lang='grc' dir='ltr'><strong>νῦν</strong></span> <span class='ocrx_word' id='word_1_567' title='bbox 3161 4101 3275 4157; x_wconf 77' lang='grc' dir='ltr'>τοῖς</span> <span class='ocrx_word' id='word_1_568' title='bbox 3316 4094 3595 4164; x_wconf 84' lang='grc' dir='ltr'>μινσωρά-</span> 
     </span>
    </p>
   </div>
   <div class='ocr_carea' id='block_1_93' title="bbox 2009 4180 3594 4255">
    <p class='ocr_par' dir='ltr' id='par_1_93' title="bbox 2009 4180 3594 4255">
     <span class='ocr_line' id='line_1_93' title="bbox 2009 4180 3594 4255; baseline 0 -18"><span class='ocrx_word' id='word_1_569' title='bbox 2009 4201 2178 4255; x_wconf 86' lang='grc' dir='ltr'>τωρσι</span> <span class='ocrx_word' id='word_1_570' title='bbox 2220 4185 2642 4249; x_wconf 79' lang='grc' dir='ltr'>συντάσσοντες,</span> <span class='ocrx_word' id='word_1_571' title='bbox 2684 4185 2831 4249; x_wconf 85' lang='grc' dir='ltr'>ίδίως</span> <span class='ocrx_word' id='word_1_572' title='bbox 2879 4186 2979 4239; x_wconf 79' lang='grc' dir='ltr'><strong>οὐκ</strong></span> <span class='ocrx_word' id='word_1_573' title='bbox 3015 4185 3394 4255; x_wconf 78' lang='grc' dir='ltr'>ὀνομάζουσιν.</span> <span class='ocrx_word' id='word_1_574' title='bbox 3436 4180 3594 4239; x_wconf 73' lang='grc' dir='ltr'>Οὗτοι</span> 
     </span>
    </p>
   </div>
   <div class='ocr_carea' id='block_1_94' title="bbox 2008 4275 3594 4348">
    <p class='ocr_par' dir='ltr' id='par_1_94' title="bbox 2008 4275 3594 4348">
     <span class='ocr_line' id='line_1_94' title="bbox 2008 4275 3594 4348; baseline 0 -20"><span class='ocrx_word' id='word_1_575' title='bbox 2008 4275 2067 4328; x_wconf 84' lang='grc' dir='ltr'><strong>δέ</strong></span> <span class='ocrx_word' id='word_1_576' title='bbox 2102 4276 2240 4329; x_wconf 84' lang='grc' dir='ltr'>εἰσιν</span> <span class='ocrx_word' id='word_1_577' title='bbox 2269 4277 2318 4328; x_wconf 85' lang='grc' dir='ltr'><strong>οί</strong></span> <span class='ocrx_word' id='word_1_578' title='bbox 2347 4276 2714 4347; x_wconf 78' lang='grc' dir='ltr'>προλαϐόντες</span> <span class='ocrx_word' id='word_1_579' title='bbox 2747 4278 2806 4329; x_wconf 81' lang='grc' dir='ltr'><strong>έν</strong></span> <span class='ocrx_word' id='word_1_580' title='bbox 2832 4279 2952 4340; x_wconf 88' lang='grc' dir='ltr'>ταῖς</span> <span class='ocrx_word' id='word_1_581' title='bbox 2990 4276 3341 4348; x_wconf 81' lang='grc' dir='ltr'>ὁδοιπορίαις,</span> <span class='ocrx_word' id='word_1_582' title='bbox 3374 4276 3468 4329; x_wconf 73' lang='grc' dir='ltr'>καὶ</span> <span class='ocrx_word' id='word_1_583' title='bbox 3494 4276 3594 4338; x_wconf 80' lang='grc' dir='ltr'>τὰς</span> 
     </span>
    </p>
   </div>
   <div class='ocr_carea' id='block_1_95' title="bbox 2012 4367 3592 4438">
    <p class='ocr_par' dir='ltr' id='par_1_95' title="bbox 2012 4367 3592 4438">
     <span class='ocr_line' id='line_1_95' title="bbox 2012 4367 3592 4438; baseline 0.001 -19"><span class='ocrx_word' id='word_1_584' title='bbox 2012 4367 2323 4437; x_wconf 83' lang='grc' dir='ltr'>ἐπιτηδείας</span> <span class='ocrx_word' id='word_1_585' title='bbox 2359 4367 2511 4431; x_wconf 79' lang='grc' dir='ltr'>ὁδοὺς</span> <span class='ocrx_word' id='word_1_586' title='bbox 2542 4368 2639 4421; x_wconf 82' lang='grc' dir='ltr'>καὶ</span> <span class='ocrx_word' id='word_1_587' title='bbox 2676 4368 2803 4431; x_wconf 83' lang='grc' dir='ltr'>τοὺς</span> <span class='ocrx_word' id='word_1_588' title='bbox 2844 4368 3043 4422; x_wconf 68' lang='grc' dir='ltr'>τόπους</span> <span class='ocrx_word' id='word_1_589' title='bbox 3076 4368 3494 4438; x_wconf 82' lang='grc' dir='ltr'>ἀνερευνῶντες,</span> <span class='ocrx_word' id='word_1_590' title='bbox 3535 4370 3592 4420; x_wconf 84' lang='grc' dir='ltr'>ἐν</span> 
     </span>
    </p>
   </div>
   <div class='ocr_carea' id='block_1_96' title="bbox 2010 4454 3593 4526">
    <p class='ocr_par' dir='ltr' id='par_1_96' title="bbox 2010 4454 3593 4526">
     <span class='ocr_line' id='line_1_96' title="bbox 2010 4454 3593 4526; baseline 0 -16"><span class='ocrx_word' id='word_1_591' title='bbox 2010 4454 2092 4521; x_wconf 73' lang='grc' dir='ltr'><strong>οἷς</strong></span> <span class='ocrx_word' id='word_1_592' title='bbox 2138 4457 2210 4510; x_wconf 84' lang='grc' dir='ltr'><strong>τά</strong></span> <span class='ocrx_word' id='word_1_593' title='bbox 2255 4458 2510 4522; x_wconf 84' lang='grc' dir='ltr'>ἄπληκτα</span> <span class='ocrx_word' id='word_1_594' title='bbox 2569 4458 2816 4526; x_wconf 83' lang='grc' dir='ltr'>γίνεσθαι</span> <span class='ocrx_word' id='word_1_595' title='bbox 2874 4458 3185 4524; x_wconf 79' lang='grc' dir='ltr'>ὀφείλουσι,</span> <span class='ocrx_word' id='word_1_596' title='bbox 3242 4459 3336 4512; x_wconf 76' lang='grc' dir='ltr'>καὶ</span> <span class='ocrx_word' id='word_1_597' title='bbox 3391 4458 3593 4521; x_wconf 88' lang='grc' dir='ltr'>ταύτας</span> 
     </span>
    </p>
   </div>
   <div class='ocr_carea' id='block_1_97' title="bbox 1936 4549 2774 4613">
    <p class='ocr_par' dir='ltr' id='par_1_97' title="bbox 1936 4549 2774 4613">
     <span class='ocr_line' id='line_1_97' title="bbox 1936 4549 2774 4613; baseline 0.002 -11"><span class='ocrx_word' id='word_1_598' title='bbox 1936 4554 1989 4612; x_wconf 90' lang='lat' dir='ltr'><strong>D</strong></span> <span class='ocrx_word' id='word_1_599' title='bbox 2012 4549 2195 4603; x_wconf 84' lang='grc' dir='ltr'>ὁποῖαί</span> <span class='ocrx_word' id='word_1_600' title='bbox 2226 4552 2331 4603; x_wconf 87' lang='grc' dir='ltr'>εἱσι</span> <span class='ocrx_word' id='word_1_601' title='bbox 2361 4550 2774 4613; x_wconf 87' lang='grc' dir='ltr'>κατανοοῦντες.</span> 
     </span>
    </p>
   </div>
   <div class='ocr_carea' id='block_1_98' title="bbox 2078 4637 3592 4712">
    <p class='ocr_par' dir='ltr' id='par_1_98' title="bbox 2078 4637 3592 4712">
     <span class='ocr_line' id='line_1_98' title="bbox 2078 4637 3592 4712; baseline -0.001 -18"><span class='ocrx_word' id='word_1_602' title='bbox 2078 4637 2179 4694; x_wconf 91' lang='grc' dir='ltr'>κδ’.</span> <span class='ocrx_word' id='word_1_603' title='bbox 2221 4642 2639 4712; x_wconf 83' lang='grc' dir='ltr'>Σκουλκάτωρες</span> <span class='ocrx_word' id='word_1_604' title='bbox 2669 4642 2726 4694; x_wconf 84' lang='grc' dir='ltr'>δὲ</span> <span class='ocrx_word' id='word_1_605' title='bbox 2754 4644 2803 4695; x_wconf 87' lang='grc' dir='ltr'>οἱ</span> <span class='ocrx_word' id='word_1_606' title='bbox 2835 4642 3172 4697; x_wconf 82' lang='grc' dir='ltr'>κατάσκοποι</span> <span class='ocrx_word' id='word_1_607' title='bbox 3195 4642 3468 4711; x_wconf 83' lang='grc' dir='ltr'>λέγονται,</span> <span class='ocrx_word' id='word_1_608' title='bbox 3508 4641 3592 4693; x_wconf 82' lang='grc' dir='ltr'><strong>οἰ-</strong></span> 
     </span>
    </p>
   </div>
   <div class='ocr_carea' id='block_1_99' title="bbox 2004 4735 3529 4807">
    <p class='ocr_par' dir='ltr' id='par_1_99' title="bbox 2004 4735 3529 4807">
     <span class='ocr_line' id='line_1_99' title="bbox 2004 4735 3529 4807; baseline 0.001 -18"><span class='ocrx_word' id='word_1_609' title='bbox 2004 4752 2153 4798; x_wconf 85' lang='grc' dir='ltr'>τινες</span> <span class='ocrx_word' id='word_1_610' title='bbox 2187 4735 2550 4806; x_wconf 86' lang='grc' dir='ltr'>μανθάνοντες</span> <span class='ocrx_word' id='word_1_611' title='bbox 2571 4735 2640 4788; x_wconf 80' lang='grc' dir='ltr'>τὰ</span> <span class='ocrx_word' id='word_1_612' title='bbox 2665 4736 2776 4789; x_wconf 87' lang='grc' dir='ltr'>τῶν</span> <span class='ocrx_word' id='word_1_613' title='bbox 2807 4736 3039 4807; x_wconf 76' lang='grc' dir='ltr'>ἐχθρῶν,</span> <span class='ocrx_word' id='word_1_614' title='bbox 3070 4737 3529 4805; x_wconf 80' lang='grc' dir='ltr'>ἀπαγγέλλουσιν.</span> 
     </span>
    </p>
   </div>
   <div class='ocr_carea' id='block_1_100' title="bbox 2078 4826 3591 4899">
    <p class='ocr_par' dir='ltr' id='par_1_100' title="bbox 2078 4826 3591 4899">
     <span class='ocr_line' id='line_1_100' title="bbox 2078 4826 3591 4899; baseline -0.002 -17"><span class='ocrx_word' id='word_1_615' title='bbox 2078 4826 2177 4882; x_wconf 86' lang='grc' dir='ltr'>κε’.</span> <span class='ocrx_word' id='word_1_616' title='bbox 2230 4828 2681 4896; x_wconf 82' lang='grc' dir='ltr'>Πλαγιοφύλακες</span> <span class='ocrx_word' id='word_1_617' title='bbox 2731 4826 2788 4879; x_wconf 91' lang='grc' dir='ltr'><strong>δέ</strong></span> <span class='ocrx_word' id='word_1_618' title='bbox 2837 4826 2995 4893; x_wconf 83' lang='grc' dir='ltr'>εἰσιν,</span> <span class='ocrx_word' id='word_1_619' title='bbox 3044 4829 3093 4880; x_wconf 79' lang='lat' dir='ltr'><strong>oi</strong></span> <span class='ocrx_word' id='word_1_620' title='bbox 3144 4828 3281 4899; x_wconf 80' lang='grc' dir='ltr'>πρὸς</span> <span class='ocrx_word' id='word_1_621' title='bbox 3341 4828 3591 4897; x_wconf 80' lang='grc' dir='ltr'>φυλακὴν</span> 
     </span>
    </p>
   </div>
   <div class='ocr_carea' id='block_1_101' title="bbox 2005 4912 3364 4987">
    <p class='ocr_par' dir='ltr' id='par_1_101' title="bbox 2005 4912 3364 4987">
     <span class='ocr_line' id='line_1_101' title="bbox 2005 4912 3364 4987; baseline 0.002 -20"><span class='ocrx_word' id='word_1_622' title='bbox 2005 4914 2116 4968; x_wconf 84' lang='grc' dir='ltr'>τῶν</span> <span class='ocrx_word' id='word_1_623' title='bbox 2143 4913 2390 4982; x_wconf 85' lang='grc' dir='ltr'>πλαγίων</span> <span class='ocrx_word' id='word_1_624' title='bbox 2417 4912 2517 4984; x_wconf 83' lang='grc' dir='ltr'>τῆς</span> <span class='ocrx_word' id='word_1_625' title='bbox 2542 4912 2764 4984; x_wconf 84' lang='grc' dir='ltr'>πρώτης</span> <span class='ocrx_word' id='word_1_626' title='bbox 2784 4912 2992 4978; x_wconf 79' lang='grc' dir='ltr'>τάξεως</span> <span class='ocrx_word' id='word_1_627' title='bbox 3019 4916 3364 4987; x_wconf 76' lang='grc' dir='ltr'>τασσόμενοι.</span> 
     </span>
    </p>
   </div>
   <div class='ocr_carea' id='block_1_102' title="bbox 2084 5104 3591 5184">
    <p class='ocr_par' dir='ltr' id='par_1_102' title="bbox 2084 5104 3591 5184">
     <span class='ocr_line' id='line_1_102' title="bbox 2084 5104 3591 5184; baseline 0.003 -24"><span class='ocrx_word' id='word_1_628' title='bbox 2084 5104 2200 5171; x_wconf 83' lang='grc' dir='ltr'>κς’.</span> <span class='ocrx_word' id='word_1_629' title='bbox 2253 5107 2693 5178; x_wconf 72' lang='grc' dir='ltr'>’Υπερκερασταὶ</span> <span class='ocrx_word' id='word_1_630' title='bbox 2722 5108 2800 5174; x_wconf 84' lang='grc' dir='ltr'><strong>δὲ,</strong></span> <span class='ocrx_word' id='word_1_631' title='bbox 2832 5110 2882 5161; x_wconf 88' lang='grc' dir='ltr'>οἱ</span> <span class='ocrx_word' id='word_1_632' title='bbox 2913 5111 3049 5181; x_wconf 80' lang='grc' dir='ltr'>πρὸς</span> <span class='ocrx_word' id='word_1_633' title='bbox 3086 5112 3147 5165; x_wconf 82' lang='grc' dir='ltr'><strong>τὸ</strong></span> <span class='ocrx_word' id='word_1_634' title='bbox 3183 5112 3498 5184; x_wconf 74' lang='grc' dir='ltr'>περιλαϐεῖν</span> <span class='ocrx_word' id='word_1_635' title='bbox 3529 5112 3591 5165; x_wconf 82' lang='grc' dir='ltr'>τὸ</span> 
     </span>
    </p>
   </div>
   <div class='ocr_carea' id='block_1_103' title="bbox 2014 5195 2993 5268">
    <p class='ocr_par' dir='ltr' id='par_1_103' title="bbox 2014 5195 2993 5268">
     <span class='ocr_line' id='line_1_103' title="bbox 2014 5195 2993 5268; baseline 0.008 -21"><span class='ocrx_word' id='word_1_636' title='bbox 2014 5195 2124 5249; x_wconf 86' lang='grc' dir='ltr'>τῶν</span> <span class='ocrx_word' id='word_1_637' title='bbox 2149 5195 2426 5264; x_wconf 88' lang='grc' dir='ltr'>πολεμίων</span> <span class='ocrx_word' id='word_1_638' title='bbox 2450 5196 2620 5266; x_wconf 81' lang='grc' dir='ltr'>κέρας</span> <span class='ocrx_word' id='word_1_639' title='bbox 2648 5199 2993 5268; x_wconf 86' lang='grc' dir='ltr'>τασσόμενοι.</span> 
     </span>
    </p>
   </div>
   <div class='ocr_carea' id='block_1_104' title="bbox 1864 5335 2098 5394">
    <p class='ocr_par' dir='ltr' id='par_1_104' title="bbox 1864 5335 2098 5394">
     <span class='ocr_line' id='line_1_104' title="bbox 1864 5335 2098 5394; baseline 0.017 -5"><span class='ocrx_word' id='word_1_640' title='bbox 1864 5335 2098 5394; x_wconf 67' lang='lat' dir='ltr'><strong>NOTAE.</strong></span> 
     </span>
    </p>
   </div>
   <div class='ocr_carea' id='block_1_105' title="bbox 391 5450 1899 5523">
    <p class='ocr_par' dir='ltr' id='par_1_105' title="bbox 391 5450 1899 5523">
     <span class='ocr_line' id='line_1_105' title="bbox 391 5450 1899 5523; baseline 0.004 -18"><span class='ocrx_word' id='word_1_641' title='bbox 391 5454 503 5523; x_wconf 74' lang='grc'><strong>(21)</strong></span> <span class='ocrx_word' id='word_1_642' title='bbox 543 5454 657 5521; x_wconf 78' lang='grc' dir='ltr'><strong>Τῆς</strong></span> <span class='ocrx_word' id='word_1_643' title='bbox 700 5453 897 5518; x_wconf 80' lang='grc' dir='ltr'>ἀκίας.</span> <span class='ocrx_word' id='word_1_644' title='bbox 937 5453 1124 5523; x_wconf 78' lang='lat' dir='ltr'><strong>_Codex</strong></span> <span class='ocrx_word' id='word_1_645' title='bbox 1158 5450 1440 5507; x_wconf 83' lang='lat' dir='ltr'><strong>Palatinus</strong></span> <span class='ocrx_word' id='word_1_646' title='bbox 1482 5452 1571 5505; x_wconf 88' lang='lat' dir='ltr'><strong>bic</strong></span> <span class='ocrx_word' id='word_1_647' title='bbox 1597 5455 1751 5509; x_wconf 83' lang='lat' dir='ltr'><strong>valde</strong></span> <span class='ocrx_word' id='word_1_648' title='bbox 1774 5472 1899 5510; x_wconf 86' lang='lat' dir='ltr'><strong>cor-</strong></span> 
     </span>
    </p>
   </div>
   <div class='ocr_carea' id='block_1_106' title="bbox 322 5521 1894 5593">
    <p class='ocr_par' dir='ltr' id='par_1_106' title="bbox 322 5521 1894 5593">
     <span class='ocr_line' id='line_1_106' title="bbox 322 5521 1894 5593; baseline 0.001 -16"><span class='ocrx_word' id='word_1_649' title='bbox 322 5521 519 5593; x_wconf 79' lang='lat' dir='ltr'><strong>ruptus</strong></span> <span class='ocrx_word' id='word_1_650' title='bbox 568 5536 672 5588; x_wconf 86' lang='lat' dir='ltr'><strong>est,</strong></span> <span class='ocrx_word' id='word_1_651' title='bbox 726 5534 809 5593; x_wconf 12' lang='lat' dir='ltr'><strong>ut,</strong></span> <span class='ocrx_word' id='word_1_652' title='bbox 850 5532 904 5576; x_wconf 91' lang='lat' dir='ltr'><strong>et</strong></span> <span class='ocrx_word' id='word_1_653' title='bbox 934 5521 1298 5585; x_wconf 83' lang='lat' dir='ltr'><strong>Pistorianus,</strong></span> <span class='ocrx_word' id='word_1_654' title='bbox 1346 5524 1440 5591; x_wconf 88' lang='lat' dir='ltr'><strong>qui</strong></span> <span class='ocrx_word' id='word_1_655' title='bbox 1482 5524 1646 5577; x_wconf 80' lang='lat' dir='ltr'><strong>habet</strong></span> <span class='ocrx_word' id='word_1_656' title='bbox 1678 5528 1894 5589; x_wconf 79' lang='grc' dir='ltr'>κακίας.</span> 
     </span>
    </p>
   </div>
   <div class='ocr_carea' id='block_1_107' title="bbox 320 5592 1895 5674">
    <p class='ocr_par' dir='ltr' id='par_1_107' title="bbox 320 5592 1895 5674">
     <span class='ocr_line' id='line_1_107' title="bbox 320 5592 1895 5674; baseline 0.003 -29"><span class='ocrx_word' id='word_1_657' title='bbox 320 5592 1031 5674; x_wconf 30' lang='grc' dir='ltr'>Αιὶἱεὰκακίαςκοοουιτὶι</span> <span class='ocrx_word' id='word_1_658' title='bbox 1076 5608 1295 5661; x_wconf 90' lang='lat' dir='ltr'><strong>quoque</strong></span> <span class='ocrx_word' id='word_1_659' title='bbox 1326 5594 1537 5674; x_wconf 58' lang='lat' dir='ltr'><strong>iterum</strong></span> <span class='ocrx_word' id='word_1_660' title='bbox 1594 5593 1735 5674; x_wconf 59' lang='lat'><strong>§5§.</strong></span> <span class='ocrx_word' id='word_1_661' title='bbox 1788 5596 1895 5674; x_wconf 76' lang='lat' dir='ltr'><strong>sed</strong></span> 
     </span>
    </p>
   </div>
   <div class='ocr_carea' id='block_1_108' title="bbox 316 5662 1896 5785">
    <p class='ocr_par' dir='ltr' id='par_1_108' title="bbox 316 5662 1896 5785">
     <span class='ocr_line' id='line_1_108' title="bbox 316 5662 1896 5731; baseline 0.004 -17"><span class='ocrx_word' id='word_1_662' title='bbox 316 5663 700 5731; x_wconf 72' lang='lat' dir='ltr'><strong>corrigendum</strong></span> <span class='ocrx_word' id='word_1_663' title='bbox 747 5663 849 5716; x_wconf 89' lang='lat' dir='ltr'><strong>hoc</strong></span> <span class='ocrx_word' id='word_1_664' title='bbox 904 5663 1086 5727; x_wconf 88' lang='lat' dir='ltr'><strong>modo,</strong></span> <span class='ocrx_word' id='word_1_665' title='bbox 1137 5678 1247 5731; x_wconf 92' lang='lat' dir='ltr'><strong>quo</strong></span> <span class='ocrx_word' id='word_1_666' title='bbox 1308 5662 1468 5717; x_wconf 78' lang='lat' dir='ltr'><strong>dixi:</strong></span> <span class='ocrx_word' id='word_1_667' title='bbox 1511 5662 1639 5717; x_wconf 82' lang='lat' dir='ltr'><strong>nam</strong></span> <span class='ocrx_word' id='word_1_668' title='bbox 1688 5667 1896 5721; x_wconf 69' lang='grc' dir='ltr'>ἀκακία</span> 
     </span>
     <span class='ocr_line' id='line_1_109' title="bbox 318 5731 774 5785; baseline 0 -4"><span class='ocrx_word' id='word_1_669' title='bbox 318 5731 477 5785; x_wconf 75' lang='lat' dir='ltr'><strong>luntre</strong></span> <span class='ocrx_word' id='word_1_670' title='bbox 499 5733 643 5783; x_wconf 85' lang='lat' dir='ltr'><strong>aliud</strong></span> <span class='ocrx_word' id='word_1_671' title='bbox 670 5741 774 5785; x_wconf 90' lang='lat' dir='ltr'><strong>est.</strong></span> 
     </span>
    </p>
   </div>
   <div class='ocr_carea' id='block_1_109' title="bbox 392 5747 1477 5874">
    <p class='ocr_par' dir='ltr' id='par_1_109' title="bbox 392 5747 1477 5874">
     <span class='ocr_line' id='line_1_110' title="bbox 392 5747 774 5785; baseline 0 -4"><span class='ocrx_word' id='word_1_672' title='bbox 392 5747 408 5781; x_wconf 81' lang='grc' dir='ltr'><strong>ι</strong></span> <span class='ocrx_word' id='word_1_673' title='bbox 449 5750 477 5783; x_wconf 85' lang='lat' dir='ltr'><strong>e</strong></span> <span class='ocrx_word' id='word_1_674' title='bbox 499 5747 643 5783; x_wconf 85' lang='lat' dir='ltr'><strong>auuu</strong></span> <span class='ocrx_word' id='word_1_675' title='bbox 670 5747 774 5785; x_wconf 76' lang='grc' dir='ltr'>εει.</span> 
     </span>
     <span class='ocr_line' id='line_1_111' title="bbox 392 5747 1477 5874; baseline 0.01 -27"><span class='ocrx_word' id='word_1_676' title='bbox 392 5747 503 5865; x_wconf 57' lang='lat' dir='ltr'><strong>(g2)</strong></span> <span class='ocrx_word' id='word_1_677' title='bbox 535 5802 894 5865; x_wconf 81' lang='grc' dir='ltr'>Σκρίμωνες.</span> <span class='ocrx_word' id='word_1_678' title='bbox 933 5802 1122 5859; x_wconf 88' lang='lat' dir='ltr'><strong>Scribe</strong></span> <span class='ocrx_word' id='word_1_679' title='bbox 1155 5805 1477 5874; x_wconf 80' lang='grc' dir='ltr'>σκρίὸωνες.</span> 
     </span>
    </p>
   </div>
   <div class='ocr_carea' id='block_1_110' title="bbox 2077 5456 3280 5535">
    <p class='ocr_par' dir='ltr' id='par_1_110' title="bbox 2077 5456 3280 5535">
     <span class='ocr_line' id='line_1_112' title="bbox 2077 5456 3280 5535; baseline 0.008 -27"><span class='ocrx_word' id='word_1_680' title='bbox 2225 5458 2411 5535; x_wconf 66' lang='lat' dir='ltr'><strong>_E_l:z§p</strong></span> <span class='ocrx_word' id='word_1_681' title='bbox 2440 5458 3097 5535; x_wconf 40' lang='lat' dir='ltr'><strong>amotiouscribebatur,</strong></span> <span class='ocrx_word' id='word_1_682' title='bbox 3121 5464 3280 5535; x_wconf 62' lang='grc' dir='ltr'>ὅπερ.</span> 
     </span>
    </p>
   </div>
   <div class='ocr_carea' id='block_1_111' title="bbox 2081 5527 3073 5596">
    <p class='ocr_par' dir='ltr' id='par_1_111' title="bbox 2081 5527 3073 5596">
     <span class='ocr_line' id='line_1_113' title="bbox 2081 5527 3073 5596; baseline 0.006 -17"><span class='ocrx_word' id='word_1_683' title='bbox 2081 5527 2193 5596; x_wconf 71' lang='grc'><strong>(24)</strong></span> <span class='ocrx_word' id='word_1_684' title='bbox 2225 5527 2557 5592; x_wconf 79' lang='grc' dir='ltr'>Ἐνδίκους.</span> <span class='ocrx_word' id='word_1_685' title='bbox 2589 5529 2780 5583; x_wconf 79' lang='lat' dir='ltr'><strong>Scribe</strong></span> <span class='ocrx_word' id='word_1_686' title='bbox 2807 5531 3073 5594; x_wconf 80' lang='grc' dir='ltr'>ἐκδίκους.</span> 
     </span>
    </p>
   </div>
   <div class='ocr_carea' id='block_1_112' title="bbox 2074 5598 3586 5666">
    <p class='ocr_par' dir='ltr' id='par_1_112' title="bbox 2074 5598 3586 5666">
     <span class='ocr_line' id='line_1_114' title="bbox 2074 5598 3586 5666; baseline 0.007 -17"><span class='ocrx_word' id='word_1_687' title='bbox 2074 5598 2540 5666; x_wconf 74' lang='grc' dir='ltr'>(25)Μίνσωρες.</span> <span class='ocrx_word' id='word_1_688' title='bbox 2571 5598 2629 5650; x_wconf 86' lang='lat' dir='ltr'><strong>In</strong></span> <span class='ocrx_word' id='word_1_689' title='bbox 2667 5601 2827 5652; x_wconf 78' lang='lat' dir='ltr'><strong>Cltcci</strong></span> <span class='ocrx_word' id='word_1_690' title='bbox 2882 5605 3073 5655; x_wconf 82' lang='lat' dir='ltr'><strong>codice</strong></span> <span class='ocrx_word' id='word_1_691' title='bbox 3133 5604 3348 5657; x_wconf 87' lang='lat' dir='ltr'><strong>viuelur</strong></span> <span class='ocrx_word' id='word_1_692' title='bbox 3414 5603 3586 5660; x_wconf 82' lang='lat' dir='ltr'><strong>fuisse</strong></span> 
     </span>
    </p>
   </div>
   <div class='ocr_carea' id='block_1_113' title="bbox 2001 5666 3584 5741">
    <p class='ocr_par' dir='ltr' id='par_1_113' title="bbox 2001 5666 3584 5741">
     <span class='ocr_line' id='line_1_115' title="bbox 2001 5666 3584 5741; baseline 0.007 -24"><span class='ocrx_word' id='word_1_693' title='bbox 2001 5666 2294 5741; x_wconf 54' lang='lat' dir='ltr'><strong>scivcwpegz</strong></span> <span class='ocrx_word' id='word_1_694' title='bbox 2329 5668 2477 5741; x_wconf 74' lang='lat' dir='ltr'><strong>quod</strong></span> <span class='ocrx_word' id='word_1_695' title='bbox 2508 5684 2616 5741; x_wconf 56' lang='lat' dir='ltr'><strong>non</strong></span> <span class='ocrx_word' id='word_1_696' title='bbox 2647 5668 2915 5741; x_wconf 83' lang='lat' dir='ltr'><strong>improbo.</strong></span> <span class='ocrx_word' id='word_1_697' title='bbox 2953 5669 3256 5741; x_wconf 86' lang='lat' dir='ltr'><strong>Hesychius</strong></span> <span class='ocrx_word' id='word_1_698' title='bbox 3288 5675 3584 5741; x_wconf 80' lang='grc' dir='ltr'>κηνσίτωρ,</span> 
     </span>
    </p>
   </div>
   <div class='ocr_carea' id='block_1_114' title="bbox 1997 5736 3579 5807">
    <p class='ocr_par' dir='ltr' id='par_1_114' title="bbox 1997 5736 3579 5807">
     <span class='ocr_line' id='line_1_116' title="bbox 1997 5736 3579 5807; baseline 0.005 -20"><span class='ocrx_word' id='word_1_699' title='bbox 1997 5737 2026 5786; x_wconf 90' lang='grc' dir='ltr'>ὁ</span> <span class='ocrx_word' id='word_1_700' title='bbox 2047 5736 2145 5804; x_wconf 76' lang='grc' dir='ltr'>τὴν</span> <span class='ocrx_word' id='word_1_701' title='bbox 2167 5739 2270 5807; x_wconf 82' lang='grc' dir='ltr'><strong>γῆν</strong></span> <span class='ocrx_word' id='word_1_702' title='bbox 2302 5738 2540 5807; x_wconf 82' lang='grc' dir='ltr'>μετρῶν.</span> <span class='ocrx_word' id='word_1_703' title='bbox 2575 5738 2639 5792; x_wconf 84' lang='grc' dir='ltr'>Ει</span> <span class='ocrx_word' id='word_1_704' title='bbox 2677 5738 2920 5793; x_wconf 81' lang='lat' dir='ltr'><strong>Isidorus</strong></span> <span class='ocrx_word' id='word_1_705' title='bbox 2954 5742 3008 5794; x_wconf 86' lang='lat' dir='ltr'><strong>in</strong></span> <span class='ocrx_word' id='word_1_706' title='bbox 3035 5736 3248 5799; x_wconf 76' lang='lat' dir='ltr'><strong>Glossis</strong></span> <span class='ocrx_word' id='word_1_707' title='bbox 3277 5760 3291 5795; x_wconf 87' lang='lat'>:</span> <span class='ocrx_word' id='word_1_708' title='bbox 3330 5736 3579 5798; x_wconf 71' lang='lat' dir='ltr'><strong>Gemite-</strong></span> 
     </span>
    </p>
   </div>
   <div class='ocr_carea' id='block_1_115' title="bbox 1999 5806 2548 5874">
    <p class='ocr_par' dir='ltr' id='par_1_115' title="bbox 1999 5806 2548 5874">
     <span class='ocr_line' id='line_1_117' title="bbox 1999 5806 2548 5874; baseline 0.005 -18"><span class='ocrx_word' id='word_1_709' title='bbox 1999 5822 2101 5871; x_wconf 78' lang='lat' dir='ltr'><strong>res,</strong></span> <span class='ocrx_word' id='word_1_710' title='bbox 2134 5806 2548 5874; x_wconf 76' lang='lat' dir='ltr'><strong>Agrimenseres.</strong></span> 
     </span>
    </p>
   </div>
  </div>
