  <div class='ocr_page' id='page_1' title='image "/cluster/home/n/w/nwhite01/storage/ocr_20150623/107/coo.31924054870112/398.png"; bbox 0 0 4022 6432; ppageno 0'>
   <div class='ocr_carea' id='block_1_1' title="bbox 330 378 437 441">
    <p class='ocr_par' dir='ltr' id='par_1_1' title="bbox 330 378 437 441">
     <span class='ocr_line' id='line_1_1' title="bbox 330 378 437 441; baseline -0.028 0"><span class='ocrx_word' id='word_1_1' title='bbox 330 378 437 441; x_wconf 76' lang='grc'><strong>’705</strong></span> 
     </span>
    </p>
   </div>
   <div class='ocr_carea' id='block_1_2' title="bbox 1419 368 2537 454">
    <p class='ocr_par' dir='ltr' id='par_1_2' title="bbox 1419 368 2537 454">
     <span class='ocr_line' id='line_1_2' title="bbox 1419 368 2537 454; baseline 0.001 -25"><span class='ocrx_word' id='word_1_2' title='bbox 1419 368 1751 429; x_wconf 82' lang='lat' dir='ltr'><strong>TACTICA.</strong></span> <span class='ocrx_word' id='word_1_3' title='bbox 1798 393 1867 406; x_wconf 90' lang='grc'><strong>--</strong></span> <span class='ocrx_word' id='word_1_4' title='bbox 1902 371 2408 432; x_wconf 74' lang='lat' dir='ltr'><strong>CONSTITUTIO</strong></span> <span class='ocrx_word' id='word_1_5' title='bbox 2440 372 2537 454; x_wconf 61' lang='lat' dir='ltr'><strong>1V:</strong></span> 
     </span>
    </p>
   </div>
   <div class='ocr_carea' id='block_1_3' title="bbox 3482 377 3590 441">
    <p class='ocr_par' dir='ltr' id='par_1_3' title="bbox 3482 377 3590 441">
     <span class='ocr_line' id='line_1_3' title="bbox 3482 377 3590 441; baseline 0.019 -2"><span class='ocrx_word' id='word_1_6' title='bbox 3482 377 3590 441; x_wconf 82' lang='lat'><strong>706</strong></span> 
     </span>
    </p>
   </div>
   <div class='ocr_carea' id='block_1_4' title="bbox 404 482 1908 559">
    <p class='ocr_par' dir='ltr' id='par_1_4' title="bbox 404 482 1908 559">
     <span class='ocr_line' id='line_1_4' title="bbox 404 482 1908 559; baseline -0.004 -18"><span class='ocrx_word' id='word_1_7' title='bbox 404 484 504 551; x_wconf 72' lang='grc' dir='ltr'>κζ’.</span> <span class='ocrx_word' id='word_1_8' title='bbox 544 485 788 559; x_wconf 80' lang='grc' dir='ltr'>Ἔνεδροι</span> <span class='ocrx_word' id='word_1_9' title='bbox 830 486 908 551; x_wconf 79' lang='grc' dir='ltr'>δὲ,</span> <span class='ocrx_word' id='word_1_10' title='bbox 961 486 1013 539; x_wconf 72' lang='grc' dir='ltr'><strong>οἱ</strong></span> <span class='ocrx_word' id='word_1_11' title='bbox 1063 484 1199 556; x_wconf 73' lang='grc' dir='ltr'>πρὸς</span> <span class='ocrx_word' id='word_1_12' title='bbox 1239 484 1306 538; x_wconf 76' lang='grc' dir='ltr'>τὰ</span> <span class='ocrx_word' id='word_1_13' title='bbox 1347 483 1717 553; x_wconf 76' lang='grc' dir='ltr'>ὲγκρύμματα</span> <span class='ocrx_word' id='word_1_14' title='bbox 1769 482 1908 535; x_wconf 69' lang='grc' dir='ltr'>κατὰ</span> 
     </span>
    </p>
   </div>
   <div class='ocr_carea' id='block_1_5' title="bbox 2022 482 3591 559">
    <p class='ocr_par' dir='ltr' id='par_1_5' title="bbox 2078 484 3591 558">
     <span class='ocr_line' id='line_1_5' title="bbox 2078 484 3591 558; baseline 0.005 -20"><span class='ocrx_word' id='word_1_15' title='bbox 2078 485 2166 538; x_wconf 71' lang='lat'><strong>27.</strong></span> <span class='ocrx_word' id='word_1_16' title='bbox 2225 484 2441 541; x_wconf 76' lang='lat' dir='ltr'><strong>Insidiae</strong></span> <span class='ocrx_word' id='word_1_17' title='bbox 2492 485 2868 553; x_wconf 77' lang='lat' dir='ltr'><strong>nominantur,</strong></span> <span class='ocrx_word' id='word_1_18' title='bbox 2915 490 3010 558; x_wconf 90' lang='lat' dir='ltr'><strong>qui</strong></span> <span class='ocrx_word' id='word_1_19' title='bbox 3071 487 3125 543; x_wconf 90' lang='lat' dir='ltr'><strong>in</strong></span> <span class='ocrx_word' id='word_1_20' title='bbox 3178 487 3406 546; x_wconf 59' lang='lat' dir='ltr'><strong>occultis</strong></span> <span class='ocrx_word' id='word_1_21' title='bbox 3453 490 3591 546; x_wconf 89' lang='lat' dir='ltr'><strong>locis</strong></span> 
     </span>
    </p>
   </div>
   <div class='ocr_carea' id='block_1_6' title="bbox 334 574 1663 649">
    <p class='ocr_par' dir='ltr' id='par_1_6' title="bbox 334 574 1663 649">
     <span class='ocr_line' id='line_1_6' title="bbox 334 574 1663 649; baseline -0.005 -18"><span class='ocrx_word' id='word_1_22' title='bbox 334 580 426 645; x_wconf 80' lang='grc' dir='ltr'>τῆς</span> <span class='ocrx_word' id='word_1_23' title='bbox 448 577 810 649; x_wconf 78' lang='grc' dir='ltr'>παρατάξεως</span> <span class='ocrx_word' id='word_1_24' title='bbox 841 576 951 630; x_wconf 92' lang='grc' dir='ltr'><strong>τῶν</strong></span> <span class='ocrx_word' id='word_1_25' title='bbox 984 576 1194 646; x_wconf 71' lang='grc' dir='ltr'>ἐχθρῶν</span> <span class='ocrx_word' id='word_1_26' title='bbox 1231 574 1663 643; x_wconf 76' lang='grc' dir='ltr'>έτοιμαζόμενοι.</span> 
     </span>
    </p>
   </div>
   <div class='ocr_carea' id='block_1_7' title="bbox 402 664 1911 740">
    <p class='ocr_par' dir='ltr' id='par_1_7' title="bbox 402 664 1911 740">
     <span class='ocr_line' id='line_1_7' title="bbox 402 664 1911 740; baseline -0.003 -17"><span class='ocrx_word' id='word_1_27' title='bbox 402 677 508 740; x_wconf 80' lang='grc' dir='ltr'>κη’.</span> <span class='ocrx_word' id='word_1_28' title='bbox 546 670 945 738; x_wconf 78' lang='grc' dir='ltr'>Νωτοφύλακες</span> <span class='ocrx_word' id='word_1_29' title='bbox 990 669 1046 722; x_wconf 86' lang='grc' dir='ltr'>δὲ</span> <span class='ocrx_word' id='word_1_30' title='bbox 1076 670 1125 722; x_wconf 83' lang='grc' dir='ltr'>οἱ</span> <span class='ocrx_word' id='word_1_31' title='bbox 1188 668 1366 721; x_wconf 83' lang='grc' dir='ltr'>ὀπίσω</span> <span class='ocrx_word' id='word_1_32' title='bbox 1407 670 1507 736; x_wconf 82' lang='grc' dir='ltr'>τῆς</span> <span class='ocrx_word' id='word_1_33' title='bbox 1550 664 1911 737; x_wconf 81' lang='grc' dir='ltr'>παρατάξεως</span> 
     </span>
    </p>
   </div>
   <div class='ocr_carea' id='block_1_8' title="bbox 310 760 1238 830">
    <p class='ocr_par' dir='ltr' id='par_1_8' title="bbox 310 760 1238 830">
     <span class='ocr_line' id='line_1_8' title="bbox 310 760 1238 830; baseline 0 -17"><span class='ocrx_word' id='word_1_34' title='bbox 310 761 511 830; x_wconf 75' lang='grc' dir='ltr'>πάσης</span> <span class='ocrx_word' id='word_1_35' title='bbox 539 760 861 830; x_wconf 76' lang='grc' dir='ltr'><strong>τασσόμενοι</strong></span> <span class='ocrx_word' id='word_1_36' title='bbox 894 762 1238 829; x_wconf 83' lang='grc' dir='ltr'>περιπατεῖν.</span> 
     </span>
    </p>
   </div>
   <div class='ocr_carea' id='block_1_9' title="bbox 400 849 1911 920">
    <p class='ocr_par' dir='ltr' id='par_1_9' title="bbox 400 849 1911 920">
     <span class='ocr_line' id='line_1_9' title="bbox 400 849 1911 920; baseline -0.001 -17"><span class='ocrx_word' id='word_1_37' title='bbox 400 849 502 904; x_wconf 82' lang='grc' dir='ltr'>κθ’.</span> <span class='ocrx_word' id='word_1_38' title='bbox 554 852 665 905; x_wconf 74' lang='grc' dir='ltr'><strong>Καὶ</strong></span> <span class='ocrx_word' id='word_1_39' title='bbox 718 850 938 904; x_wconf 83' lang='grc' dir='ltr'>τοῦλδόν</span> <span class='ocrx_word' id='word_1_40' title='bbox 988 852 1140 903; x_wconf 76' lang='grc' dir='ltr'>ἐστιν</span> <span class='ocrx_word' id='word_1_41' title='bbox 1195 851 1228 920; x_wconf 86' lang='grc' dir='ltr'><strong>ή</strong></span> <span class='ocrx_word' id='word_1_42' title='bbox 1275 849 1554 919; x_wconf 84' lang='grc' dir='ltr'>ἀποσκευὴ</span> <span class='ocrx_word' id='word_1_43' title='bbox 1606 850 1701 902; x_wconf 73' lang='grc' dir='ltr'>καὶ</span> <span class='ocrx_word' id='word_1_44' title='bbox 1750 849 1911 919; x_wconf 82' lang='grc' dir='ltr'>χρεία</span> 
     </span>
    </p>
   </div>
   <div class='ocr_carea' id='block_1_10' title="bbox 339 938 1911 1009">
    <p class='ocr_par' dir='ltr' id='par_1_10' title="bbox 339 938 1911 1009">
     <span class='ocr_line' id='line_1_10' title="bbox 339 938 1911 1009; baseline -0.002 -15"><span class='ocrx_word' id='word_1_45' title='bbox 339 943 485 995; x_wconf 77' lang='grc' dir='ltr'>πᾶσα</span> <span class='ocrx_word' id='word_1_46' title='bbox 534 941 644 994; x_wconf 88' lang='grc' dir='ltr'><strong>τῶν</strong></span> <span class='ocrx_word' id='word_1_47' title='bbox 697 940 1068 1009; x_wconf 85' lang='grc' dir='ltr'><strong>στρατιωτῶν,</strong></span> <span class='ocrx_word' id='word_1_48' title='bbox 1127 939 1372 993; x_wconf 83' lang='grc' dir='ltr'><strong>τουτέστι</strong></span> <span class='ocrx_word' id='word_1_49' title='bbox 1429 938 1617 1001; x_wconf 84' lang='grc' dir='ltr'>παῖδές</span> <span class='ocrx_word' id='word_1_50' title='bbox 1677 955 1764 1001; x_wconf 90' lang='grc' dir='ltr'><strong>τε,</strong></span> <span class='ocrx_word' id='word_1_51' title='bbox 1819 939 1911 991; x_wconf 78' lang='grc' dir='ltr'><strong>καὶ</strong></span> 
     </span>
    </p>
   </div>
   <div class='ocr_carea' id='block_1_11' title="bbox 336 1030 1911 1102">
    <p class='ocr_par' dir='ltr' id='par_1_11' title="bbox 336 1030 1911 1102">
     <span class='ocr_line' id='line_1_11' title="bbox 336 1030 1911 1102; baseline -0.002 -15"><span class='ocrx_word' id='word_1_52' title='bbox 336 1033 618 1101; x_wconf 68' lang='grc' dir='ltr'>ὑποζύγια,</span> <span class='ocrx_word' id='word_1_53' title='bbox 646 1036 741 1086; x_wconf 77' lang='grc' dir='ltr'>καὶ</span> <span class='ocrx_word' id='word_1_54' title='bbox 771 1032 838 1085; x_wconf 83' lang='grc' dir='ltr'>τὰ</span> <span class='ocrx_word' id='word_1_55' title='bbox 863 1032 1027 1085; x_wconf 79' lang='grc' dir='ltr'>λοιπὰ</span> <span class='ocrx_word' id='word_1_56' title='bbox 1050 1032 1186 1096; x_wconf 78' lang='grc' dir='ltr'>ζῶα,</span> <span class='ocrx_word' id='word_1_57' title='bbox 1212 1032 1305 1084; x_wconf 75' lang='grc' dir='ltr'>καὶ</span> <span class='ocrx_word' id='word_1_58' title='bbox 1328 1033 1433 1084; x_wconf 84' lang='grc' dir='ltr'>εἴτι</span> <span class='ocrx_word' id='word_1_59' title='bbox 1461 1030 1649 1099; x_wconf 74' lang='grc' dir='ltr'>ἕτερον</span> <span class='ocrx_word' id='word_1_60' title='bbox 1678 1032 1911 1102; x_wconf 82' lang='grc' dir='ltr'>πρᾶγμα</span> 
     </span>
    </p>
   </div>
   <div class='ocr_carea' id='block_1_12' title="bbox 330 1119 1597 1193">
    <p class='ocr_par' dir='ltr' id='par_1_12' title="bbox 330 1119 1597 1193">
     <span class='ocr_line' id='line_1_12' title="bbox 330 1119 1597 1193; baseline -0.002 -19"><span class='ocrx_word' id='word_1_61' title='bbox 330 1122 467 1193; x_wconf 79' lang='grc' dir='ltr'>πρὸς</span> <span class='ocrx_word' id='word_1_62' title='bbox 499 1121 801 1192; x_wconf 79' lang='grc' dir='ltr'>ὑπηρεσίαν</span> <span class='ocrx_word' id='word_1_63' title='bbox 831 1120 923 1173; x_wconf 84' lang='grc' dir='ltr'>τοῦ</span> <span class='ocrx_word' id='word_1_64' title='bbox 955 1121 1225 1189; x_wconf 86' lang='grc' dir='ltr'>φοσσάτου</span> <span class='ocrx_word' id='word_1_65' title='bbox 1258 1119 1597 1192; x_wconf 79' lang='grc' dir='ltr'>ἑπισύρεται.</span> 
     </span>
    </p>
   </div>
   <div class='ocr_carea' id='block_1_13' title="bbox 396 1211 1911 1283">
    <p class='ocr_par' dir='ltr' id='par_1_13' title="bbox 396 1211 1911 1283">
     <span class='ocr_line' id='line_1_13' title="bbox 396 1211 1911 1283; baseline -0.003 -17"><span class='ocrx_word' id='word_1_66' title='bbox 396 1212 458 1268; x_wconf 84' lang='grc' dir='ltr'>λ’.</span> <span class='ocrx_word' id='word_1_67' title='bbox 505 1215 660 1267; x_wconf 85' lang='grc' dir='ltr'>Ἔστι</span> <span class='ocrx_word' id='word_1_68' title='bbox 690 1212 747 1265; x_wconf 82' lang='grc' dir='ltr'>δὲ</span> <span class='ocrx_word' id='word_1_69' title='bbox 773 1215 806 1283; x_wconf 82' lang='grc' dir='ltr'><strong>ἡ</strong></span> <span class='ocrx_word' id='word_1_70' title='bbox 831 1212 924 1265; x_wconf 80' lang='grc' dir='ltr'>τοῦ</span> <span class='ocrx_word' id='word_1_71' title='bbox 957 1212 1263 1283; x_wconf 80' lang='grc' dir='ltr'><strong>στρατηγοῦ</strong></span> <span class='ocrx_word' id='word_1_72' title='bbox 1292 1211 1616 1282; x_wconf 80' lang='grc' dir='ltr'>προέλευσις</span> <span class='ocrx_word' id='word_1_73' title='bbox 1648 1211 1730 1275; x_wconf 81' lang='grc' dir='ltr'>εἷς</span> <span class='ocrx_word' id='word_1_74' title='bbox 1758 1228 1911 1273; x_wconf 86' lang='grc' dir='ltr'>τινας</span> 
     </span>
    </p>
   </div>
   <div class='ocr_carea' id='block_1_14' title="bbox 328 1298 1912 1376">
    <p class='ocr_par' dir='ltr' id='par_1_14' title="bbox 328 1298 1912 1376">
     <span class='ocr_line' id='line_1_14' title="bbox 328 1298 1912 1376; baseline -0.003 -17"><span class='ocrx_word' id='word_1_75' title='bbox 328 1308 590 1376; x_wconf 79' lang='grc' dir='ltr'>ἄρχοντας</span> <span class='ocrx_word' id='word_1_76' title='bbox 617 1306 994 1375; x_wconf 78' lang='grc' dir='ltr'><strong>διαιρουμένη,</strong></span> <span class='ocrx_word' id='word_1_77' title='bbox 1026 1298 1138 1357; x_wconf 73' lang='grc' dir='ltr'>οἷον</span> <span class='ocrx_word' id='word_1_78' title='bbox 1164 1306 1255 1356; x_wconf 84' lang='grc' dir='ltr'><strong>τόν</strong></span> <span class='ocrx_word' id='word_1_79' title='bbox 1275 1321 1330 1355; x_wconf 90' lang='grc' dir='ltr'><strong>τε</strong></span> <span class='ocrx_word' id='word_1_80' title='bbox 1349 1303 1565 1372; x_wconf 88' lang='grc' dir='ltr'>κόμητα</span> <span class='ocrx_word' id='word_1_81' title='bbox 1594 1302 1691 1371; x_wconf 83' lang='grc' dir='ltr'>τῆς</span> <span class='ocrx_word' id='word_1_82' title='bbox 1711 1303 1912 1371; x_wconf 87' lang='grc' dir='ltr'>κόρτης</span> 
     </span>
    </p>
   </div>
   <div class='ocr_carea' id='block_1_15' title="bbox 328 1393 1909 1465">
    <p class='ocr_par' dir='ltr' id='par_1_15' title="bbox 328 1393 1909 1465">
     <span class='ocr_line' id='line_1_15' title="bbox 328 1393 1909 1465; baseline -0.004 -15"><span class='ocrx_word' id='word_1_83' title='bbox 328 1396 515 1463; x_wconf 79' lang='grc' dir='ltr'>αὑτοῦ,</span> <span class='ocrx_word' id='word_1_84' title='bbox 550 1397 642 1450; x_wconf 81' lang='grc' dir='ltr'><strong>καὶ</strong></span> <span class='ocrx_word' id='word_1_85' title='bbox 676 1397 769 1448; x_wconf 79' lang='grc' dir='ltr'><strong>τὸν</strong></span> <span class='ocrx_word' id='word_1_86' title='bbox 798 1396 891 1448; x_wconf 81' lang='grc' dir='ltr'>τοῦ</span> <span class='ocrx_word' id='word_1_87' title='bbox 935 1395 1167 1465; x_wconf 84' lang='grc' dir='ltr'>θέματος</span> <span class='ocrx_word' id='word_1_88' title='bbox 1206 1395 1546 1464; x_wconf 85' lang='grc' dir='ltr'>δομέστικον,</span> <span class='ocrx_word' id='word_1_89' title='bbox 1593 1394 1688 1446; x_wconf 65' lang='grc' dir='ltr'><strong>καλ⁸</strong></span> <span class='ocrx_word' id='word_1_90' title='bbox 1723 1393 1909 1458; x_wconf 87' lang='grc' dir='ltr'>ἁπλῶς</span> 
     </span>
    </p>
   </div>
   <div class='ocr_carea' id='block_1_16' title="bbox 327 1484 1911 1555">
    <p class='ocr_par' dir='ltr' id='par_1_16' title="bbox 327 1484 1911 1555">
     <span class='ocr_line' id='line_1_16' title="bbox 327 1484 1911 1555; baseline -0.003 -15"><span class='ocrx_word' id='word_1_91' title='bbox 327 1491 521 1547; x_wconf 85' lang='grc' dir='ltr'>εἰπεῖν,</span> <span class='ocrx_word' id='word_1_92' title='bbox 563 1490 643 1550; x_wconf 86' lang='grc' dir='ltr'>εἰς</span> <span class='ocrx_word' id='word_1_93' title='bbox 687 1488 815 1549; x_wconf 76' lang='grc' dir='ltr'>τοὺς</span> <span class='ocrx_word' id='word_1_94' title='bbox 853 1485 1073 1549; x_wconf 81' lang='grc' dir='ltr'>λοιποὺς</span> <span class='ocrx_word' id='word_1_95' title='bbox 1110 1485 1170 1549; x_wconf 77' lang='grc' dir='ltr'>ἐξ</span> <span class='ocrx_word' id='word_1_96' title='bbox 1206 1485 1362 1546; x_wconf 76' lang='grc' dir='ltr'>ἔθους</span> <span class='ocrx_word' id='word_1_97' title='bbox 1407 1486 1507 1555; x_wconf 79' lang='grc' dir='ltr'>τῆς</span> <span class='ocrx_word' id='word_1_98' title='bbox 1538 1484 1911 1555; x_wconf 83' lang='grc' dir='ltr'>προελεύσεως</span> 
     </span>
    </p>
   </div>
   <div class='ocr_carea' id='block_1_17' title="bbox 326 1574 1908 1647">
    <p class='ocr_par' dir='ltr' id='par_1_17' title="bbox 326 1574 1908 1647">
     <span class='ocr_line' id='line_1_17' title="bbox 326 1574 1908 1647; baseline -0.003 -17"><span class='ocrx_word' id='word_1_99' title='bbox 326 1577 490 1630; x_wconf 83' lang='grc' dir='ltr'>αὑτοῦ</span> <span class='ocrx_word' id='word_1_100' title='bbox 550 1577 862 1647; x_wconf 79' lang='grc' dir='ltr'><strong>ὑπηρέτας,</strong></span> <span class='ocrx_word' id='word_1_101' title='bbox 921 1574 1015 1639; x_wconf 80' lang='grc' dir='ltr'><strong>οὒς</strong></span> <span class='ocrx_word' id='word_1_102' title='bbox 1099 1575 1359 1646; x_wconf 78' lang='grc' dir='ltr'>περισσὸν</span> <span class='ocrx_word' id='word_1_103' title='bbox 1431 1574 1713 1645; x_wconf 80' lang='grc' dir='ltr'><strong>ἡγούμεθα</strong></span> <span class='ocrx_word' id='word_1_104' title='bbox 1774 1591 1908 1627; x_wconf 89' lang='grc' dir='ltr'>κατ-</span> 
     </span>
    </p>
   </div>
   <div class='ocr_carea' id='block_1_18' title="bbox 325 1670 602 1737">
    <p class='ocr_par' dir='ltr' id='par_1_18' title="bbox 325 1670 602 1737">
     <span class='ocr_line' id='line_1_18' title="bbox 325 1670 602 1737; baseline -0.011 -16"><span class='ocrx_word' id='word_1_105' title='bbox 325 1670 602 1737; x_wconf 79' lang='grc' dir='ltr'>αριθμείν.</span> 
     </span>
    </p>
   </div>
   <div class='ocr_carea' id='block_1_19' title="bbox 394 1746 1907 1828">
    <p class='ocr_par' dir='ltr' id='par_1_19' title="bbox 394 1746 1907 1828">
     <span class='ocr_line' id='line_1_19' title="bbox 394 1746 1907 1828; baseline 0.001 -20"><span class='ocrx_word' id='word_1_106' title='bbox 394 1754 497 1810; x_wconf 85' lang='grc' dir='ltr'>λα’.</span> <span class='ocrx_word' id='word_1_107' title='bbox 546 1757 604 1809; x_wconf 84' lang='lat'><strong>&#39;0</strong></span> <span class='ocrx_word' id='word_1_108' title='bbox 653 1746 761 1825; x_wconf 80' lang='grc' dir='ltr'><strong>γὰρ</strong></span> <span class='ocrx_word' id='word_1_109' title='bbox 804 1757 1239 1828; x_wconf 84' lang='grc' dir='ltr'>πρωτονοτάριος</span> <span class='ocrx_word' id='word_1_110' title='bbox 1284 1756 1377 1809; x_wconf 75' lang='grc' dir='ltr'>τοῦ</span> <span class='ocrx_word' id='word_1_111' title='bbox 1419 1756 1685 1827; x_wconf 81' lang='grc' dir='ltr'>θέματος,</span> <span class='ocrx_word' id='word_1_112' title='bbox 1741 1757 1837 1809; x_wconf 77' lang='grc' dir='ltr'><strong>καὶ</strong></span> <span class='ocrx_word' id='word_1_113' title='bbox 1879 1758 1907 1809; x_wconf 89' lang='grc' dir='ltr'>ὁ</span> 
     </span>
    </p>
   </div>
   <div class='ocr_carea' id='block_1_20' title="bbox 324 1831 1979 1920">
    <p class='ocr_par' dir='ltr' id='par_1_20' title="bbox 324 1831 1979 1920">
     <span class='ocr_line' id='line_1_20' title="bbox 324 1831 1979 1920; baseline -0.001 -20"><span class='ocrx_word' id='word_1_114' title='bbox 324 1848 747 1920; x_wconf 85' lang='grc' dir='ltr'>χαρτουλάριος,</span> <span class='ocrx_word' id='word_1_115' title='bbox 795 1847 1018 1918; x_wconf 78' lang='grc' dir='ltr'>προσέτι</span> <span class='ocrx_word' id='word_1_116' title='bbox 1056 1847 1113 1901; x_wconf 84' lang='grc' dir='ltr'>δὲ</span> <span class='ocrx_word' id='word_1_117' title='bbox 1157 1848 1252 1900; x_wconf 74' lang='grc' dir='ltr'><strong>καὶ</strong></span> <span class='ocrx_word' id='word_1_118' title='bbox 1292 1850 1320 1900; x_wconf 89' lang='grc' dir='ltr'>ὁ</span> <span class='ocrx_word' id='word_1_119' title='bbox 1362 1847 1635 1918; x_wconf 88' lang='grc' dir='ltr'>πραίτωρ,</span> <span class='ocrx_word' id='word_1_120' title='bbox 1680 1848 1845 1919; x_wconf 68' lang='grc' dir='ltr'>ἤγουν</span> <span class='ocrx_word' id='word_1_121' title='bbox 1878 1846 1907 1899; x_wconf 84' lang='grc' dir='ltr'>ὁ</span> <span class='ocrx_word' id='word_1_122' title='bbox 1937 1831 1979 1886; x_wconf 79' lang='grc' dir='ltr'><strong>Β</strong></span> 
     </span>
    </p>
   </div>
   <div class='ocr_carea' id='block_1_21' title="bbox 321 1939 1905 2011">
    <p class='ocr_par' dir='ltr' id='par_1_21' title="bbox 321 1939 1905 2011">
     <span class='ocr_line' id='line_1_21' title="bbox 321 1939 1905 2011; baseline 0.001 -19"><span class='ocrx_word' id='word_1_123' title='bbox 321 1939 416 1992; x_wconf 78' lang='grc' dir='ltr'>τοῦ</span> <span class='ocrx_word' id='word_1_124' title='bbox 459 1939 691 2010; x_wconf 87' lang='grc' dir='ltr'>θέματος</span> <span class='ocrx_word' id='word_1_125' title='bbox 728 1939 1007 2010; x_wconf 88' lang='grc' dir='ltr'>δικαστής.</span> <span class='ocrx_word' id='word_1_126' title='bbox 1060 1940 1120 1994; x_wconf 82' lang='grc' dir='ltr'><strong>Ὀ</strong></span> <span class='ocrx_word' id='word_1_127' title='bbox 1168 1940 1269 2011; x_wconf 85' lang='grc' dir='ltr'><strong>μὲν</strong></span> <span class='ocrx_word' id='word_1_128' title='bbox 1312 1940 1411 2009; x_wconf 83' lang='grc' dir='ltr'><strong>τῆς</strong></span> <span class='ocrx_word' id='word_1_129' title='bbox 1459 1940 1743 2011; x_wconf 83' lang='grc' dir='ltr'>πολιτικῆς</span> <span class='ocrx_word' id='word_1_130' title='bbox 1789 1941 1905 1994; x_wconf 84' lang='grc' dir='ltr'>ἐστι</span> 
     </span>
    </p>
   </div>
   <div class='ocr_carea' id='block_1_22' title="bbox 319 2029 1904 2102">
    <p class='ocr_par' dir='ltr' id='par_1_22' title="bbox 319 2029 1904 2102">
     <span class='ocr_line' id='line_1_22' title="bbox 319 2029 1904 2102; baseline 0.001 -20"><span class='ocrx_word' id='word_1_131' title='bbox 319 2030 643 2099; x_wconf 79' lang='grc' dir='ltr'>διοικήσεως</span> <span class='ocrx_word' id='word_1_132' title='bbox 681 2031 709 2083; x_wconf 86' lang='grc' dir='ltr'><strong><em>ὁ</em></strong></span> <span class='ocrx_word' id='word_1_133' title='bbox 746 2031 952 2101; x_wconf 80' lang='grc' dir='ltr'>ἄρχων,</span> <span class='ocrx_word' id='word_1_134' title='bbox 1001 2030 1029 2082; x_wconf 83' lang='grc' dir='ltr'><strong>ὁ</strong></span> <span class='ocrx_word' id='word_1_135' title='bbox 1062 2030 1117 2083; x_wconf 81' lang='grc' dir='ltr'><strong>δὲ</strong></span> <span class='ocrx_word' id='word_1_136' title='bbox 1155 2030 1291 2100; x_wconf 79' lang='grc' dir='ltr'>πρὸς</span> <span class='ocrx_word' id='word_1_137' title='bbox 1334 2031 1433 2102; x_wconf 81' lang='grc' dir='ltr'>τὴν</span> <span class='ocrx_word' id='word_1_138' title='bbox 1466 2030 1560 2083; x_wconf 79' lang='grc' dir='ltr'>τοῦ</span> <span class='ocrx_word' id='word_1_139' title='bbox 1597 2029 1904 2100; x_wconf 77' lang='grc' dir='ltr'>στρατηγοῦ</span> 
     </span>
    </p>
   </div>
   <div class='ocr_carea' id='block_1_23' title="bbox 322 2120 1907 2192">
    <p class='ocr_par' dir='ltr' id='par_1_23' title="bbox 322 2120 1907 2192">
     <span class='ocr_line' id='line_1_23' title="bbox 322 2120 1907 2192; baseline 0.001 -20"><span class='ocrx_word' id='word_1_140' title='bbox 322 2121 688 2191; x_wconf 85' lang='grc' dir='ltr'>καταγραφήν</span> <span class='ocrx_word' id='word_1_141' title='bbox 717 2120 829 2190; x_wconf 69' lang='grc'><strong>(26)</strong></span> <span class='ocrx_word' id='word_1_142' title='bbox 867 2138 926 2174; x_wconf 88' lang='grc' dir='ltr'><strong>τε</strong></span> <span class='ocrx_word' id='word_1_143' title='bbox 960 2121 1055 2174; x_wconf 80' lang='grc' dir='ltr'>καὶ</span> <span class='ocrx_word' id='word_1_144' title='bbox 1101 2120 1457 2192; x_wconf 80' lang='grc' dir='ltr'>ἀναζήτησιν.</span> <span class='ocrx_word' id='word_1_145' title='bbox 1512 2120 1569 2174; x_wconf 84' lang='grc' dir='ltr'>Ὀ</span> <span class='ocrx_word' id='word_1_146' title='bbox 1614 2121 1796 2182; x_wconf 79' lang='grc' dir='ltr'>δὲτὰς</span> <span class='ocrx_word' id='word_1_147' title='bbox 1830 2121 1907 2173; x_wconf 86' lang='grc' dir='ltr'>δί-</span> 
     </span>
    </p>
   </div>
   <div class='ocr_carea' id='block_1_24' title="bbox 322 2210 1905 2281">
    <p class='ocr_par' dir='ltr' id='par_1_24' title="bbox 322 2210 1905 2281">
     <span class='ocr_line' id='line_1_24' title="bbox 322 2210 1905 2281; baseline -0.001 -17"><span class='ocrx_word' id='word_1_148' title='bbox 322 2229 425 2275; x_wconf 89' lang='grc' dir='ltr'><strong>κας</strong></span> <span class='ocrx_word' id='word_1_149' title='bbox 457 2211 562 2264; x_wconf 88' lang='grc' dir='ltr'><strong>τῶν</strong></span> <span class='ocrx_word' id='word_1_150' title='bbox 587 2212 957 2281; x_wconf 79' lang='grc' dir='ltr'>δικαζομένων</span> <span class='ocrx_word' id='word_1_151' title='bbox 989 2211 1214 2274; x_wconf 79' lang='grc' dir='ltr'>διαλύει,</span> <span class='ocrx_word' id='word_1_152' title='bbox 1245 2210 1339 2273; x_wconf 81' lang='grc' dir='ltr'><strong>οὒς</strong></span> <span class='ocrx_word' id='word_1_153' title='bbox 1374 2214 1423 2263; x_wconf 86' lang='grc' dir='ltr'>εἰ</span> <span class='ocrx_word' id='word_1_154' title='bbox 1478 2212 1573 2264; x_wconf 70' lang='grc' dir='ltr'><strong>καὶ</strong></span> <span class='ocrx_word' id='word_1_155' title='bbox 1595 2210 1673 2280; x_wconf 85' lang='grc' dir='ltr'>τῷ</span> <span class='ocrx_word' id='word_1_156' title='bbox 1707 2227 1905 2281; x_wconf 86' lang='grc' dir='ltr'>στρατ-</span> 
     </span>
    </p>
   </div>
   <div class='ocr_carea' id='block_1_25' title="bbox 322 2299 1905 2373">
    <p class='ocr_par' dir='ltr' id='par_1_25' title="bbox 322 2299 1905 2373">
     <span class='ocr_line' id='line_1_25' title="bbox 322 2299 1905 2373; baseline -0.001 -17"><span class='ocrx_word' id='word_1_157' title='bbox 322 2302 443 2373; x_wconf 88' lang='grc' dir='ltr'>ηγῷ</span> <span class='ocrx_word' id='word_1_158' title='bbox 483 2305 540 2356; x_wconf 77' lang='grc' dir='ltr'>ἐν</span> <span class='ocrx_word' id='word_1_159' title='bbox 581 2320 723 2356; x_wconf 90' lang='grc' dir='ltr'>τισιν</span> <span class='ocrx_word' id='word_1_160' title='bbox 777 2303 1178 2358; x_wconf 81' lang='grc' dir='ltr'>ὑποτάσσεσθαι</span> <span class='ocrx_word' id='word_1_161' title='bbox 1224 2302 1352 2373; x_wconf 84' lang='grc' dir='ltr'>χρὴ,</span> <span class='ocrx_word' id='word_1_162' title='bbox 1385 2302 1501 2355; x_wconf 80' lang='grc' dir='ltr'>ἀλλ’</span> <span class='ocrx_word' id='word_1_163' title='bbox 1541 2299 1635 2356; x_wconf 85' lang='grc' dir='ltr'><strong>οὖν</strong></span> <span class='ocrx_word' id='word_1_164' title='bbox 1662 2302 1789 2363; x_wconf 84' lang='grc' dir='ltr'>τοὺς</span> <span class='ocrx_word' id='word_1_165' title='bbox 1822 2302 1905 2355; x_wconf 85' lang='grc' dir='ltr'>λό-</span> 
     </span>
    </p>
   </div>
   <div class='ocr_carea' id='block_1_26' title="bbox 322 2392 1905 2465">
    <p class='ocr_par' dir='ltr' id='par_1_26' title="bbox 322 2392 1905 2465">
     <span class='ocr_line' id='line_1_26' title="bbox 322 2392 1905 2465; baseline -0.002 -17"><span class='ocrx_word' id='word_1_166' title='bbox 322 2412 455 2461; x_wconf 82' lang='grc' dir='ltr'>γους</span> <span class='ocrx_word' id='word_1_167' title='bbox 497 2395 607 2448; x_wconf 86' lang='grc' dir='ltr'><strong>τῶν</strong></span> <span class='ocrx_word' id='word_1_168' title='bbox 650 2396 835 2448; x_wconf 85' lang='grc' dir='ltr'>ίδικῶν</span> <span class='ocrx_word' id='word_1_169' title='bbox 882 2394 1061 2447; x_wconf 84' lang='grc' dir='ltr'>αὐτῶν</span> <span class='ocrx_word' id='word_1_170' title='bbox 1104 2394 1423 2464; x_wconf 82' lang='grc' dir='ltr'>διοικήσεων</span> <span class='ocrx_word' id='word_1_171' title='bbox 1450 2392 1587 2464; x_wconf 84' lang='grc' dir='ltr'>πρὸς</span> <span class='ocrx_word' id='word_1_172' title='bbox 1622 2394 1720 2465; x_wconf 77' lang='grc' dir='ltr'>τὴν</span> <span class='ocrx_word' id='word_1_173' title='bbox 1752 2392 1905 2463; x_wconf 86' lang='grc' dir='ltr'>βασι-</span> 
     </span>
    </p>
   </div>
   <div class='ocr_carea' id='block_1_27' title="bbox 319 2483 1907 2559">
    <p class='ocr_par' dir='ltr' id='par_1_27' title="bbox 319 2483 1907 2559">
     <span class='ocr_line' id='line_1_27' title="bbox 319 2483 1907 2559; baseline -0.001 -20"><span class='ocrx_word' id='word_1_174' title='bbox 319 2486 472 2541; x_wconf 84' lang='grc' dir='ltr'>λείαν</span> <span class='ocrx_word' id='word_1_175' title='bbox 506 2487 667 2559; x_wconf 85' lang='grc' dir='ltr'>ήμῶν</span> <span class='ocrx_word' id='word_1_176' title='bbox 707 2488 940 2559; x_wconf 83' lang='grc' dir='ltr'>άφορᾷν,</span> <span class='ocrx_word' id='word_1_177' title='bbox 983 2484 1125 2539; x_wconf 85' lang='grc' dir='ltr'>ὥστε</span> <span class='ocrx_word' id='word_1_178' title='bbox 1160 2484 1228 2537; x_wconf 85' lang='grc' dir='ltr'>δι’</span> <span class='ocrx_word' id='word_1_179' title='bbox 1273 2485 1452 2537; x_wconf 89' lang='grc' dir='ltr'>αὑτῶν</span> <span class='ocrx_word' id='word_1_180' title='bbox 1486 2483 1776 2554; x_wconf 80' lang='grc' dir='ltr'>μανθάνειν</span> <span class='ocrx_word' id='word_1_181' title='bbox 1808 2484 1907 2546; x_wconf 85' lang='grc' dir='ltr'><strong>τάς</strong></span> 
     </span>
    </p>
   </div>
   <div class='ocr_carea' id='block_1_28' title="bbox 320 2576 1907 2647">
    <p class='ocr_par' dir='ltr' id='par_1_28' title="bbox 320 2576 1907 2647">
     <span class='ocr_line' id='line_1_28' title="bbox 320 2576 1907 2647; baseline -0.001 -15"><span class='ocrx_word' id='word_1_182' title='bbox 320 2597 376 2632; x_wconf 85' lang='grc' dir='ltr'><strong>τε</strong></span> <span class='ocrx_word' id='word_1_183' title='bbox 406 2578 521 2631; x_wconf 88' lang='grc' dir='ltr'><strong>τῶν</strong></span> <span class='ocrx_word' id='word_1_184' title='bbox 552 2578 844 2632; x_wconf 82' lang='grc' dir='ltr'>πολιτικῶν</span> <span class='ocrx_word' id='word_1_185' title='bbox 876 2578 969 2631; x_wconf 68' lang='grc' dir='ltr'>καὶ</span> <span class='ocrx_word' id='word_1_186' title='bbox 990 2577 1099 2629; x_wconf 88' lang='grc' dir='ltr'><strong>τῶν</strong></span> <span class='ocrx_word' id='word_1_187' title='bbox 1132 2576 1539 2645; x_wconf 86' lang='grc' dir='ltr'>στρατιωτικῶν</span> <span class='ocrx_word' id='word_1_188' title='bbox 1565 2577 1907 2647; x_wconf 83' lang='grc' dir='ltr'>πραγμάτων</span> 
     </span>
    </p>
   </div>
   <div class='ocr_carea' id='block_1_29' title="bbox 321 2667 1902 2739">
    <p class='ocr_par' dir='ltr' id='par_1_29' title="bbox 321 2667 1902 2739">
     <span class='ocr_line' id='line_1_29' title="bbox 321 2667 1902 2739; baseline -0.001 -16"><span class='ocrx_word' id='word_1_189' title='bbox 321 2670 691 2734; x_wconf 75' lang='grc' dir='ltr'>καταστάσεις</span> <span class='ocrx_word' id='word_1_190' title='bbox 722 2670 815 2723; x_wconf 82' lang='grc' dir='ltr'><strong>καὶ</strong></span> <span class='ocrx_word' id='word_1_191' title='bbox 843 2669 1139 2739; x_wconf 81' lang='grc' dir='ltr'>διοικήσεις</span> <span class='ocrx_word' id='word_1_192' title='bbox 1166 2669 1571 2738; x_wconf 82' lang='grc' dir='ltr'>ἀσφαλέστερον</span> <span class='ocrx_word' id='word_1_193' title='bbox 1594 2667 1902 2737; x_wconf 84' lang='grc' dir='ltr'>ἡγούμεθα.</span> 
     </span>
    </p>
   </div>
   <div class='ocr_carea' id='block_1_30' title="bbox 388 2748 1908 2829">
    <p class='ocr_par' dir='ltr' id='par_1_30' title="bbox 388 2748 1908 2829">
     <span class='ocr_line' id='line_1_30' title="bbox 388 2748 1908 2829; baseline -0.005 -17"><span class='ocrx_word' id='word_1_194' title='bbox 388 2756 497 2829; x_wconf 85' lang='grc' dir='ltr'>λβ’.</span> <span class='ocrx_word' id='word_1_195' title='bbox 540 2757 642 2811; x_wconf 80' lang='grc' dir='ltr'>Τὸν</span> <span class='ocrx_word' id='word_1_196' title='bbox 682 2759 779 2828; x_wconf 86' lang='grc' dir='ltr'>μὲν</span> <span class='ocrx_word' id='word_1_197' title='bbox 823 2756 952 2827; x_wconf 78' lang='grc' dir='ltr'>γοῦν</span> <span class='ocrx_word' id='word_1_198' title='bbox 994 2755 1222 2826; x_wconf 82' lang='grc' dir='ltr'>στρατὸν</span> <span class='ocrx_word' id='word_1_199' title='bbox 1256 2756 1399 2819; x_wconf 86' lang='grc' dir='ltr'>ὂλον,</span> <span class='ocrx_word' id='word_1_200' title='bbox 1435 2748 1480 2807; x_wconf 78' lang='grc' dir='ltr'>ὦ</span> <span class='ocrx_word' id='word_1_201' title='bbox 1503 2754 1797 2824; x_wconf 74' lang='grc' dir='ltr'>στρατηγέ,</span> <span class='ocrx_word' id='word_1_202' title='bbox 1828 2753 1908 2806; x_wconf 85' lang='grc' dir='ltr'>δι-</span> 
     </span>
    </p>
   </div>
   <div class='ocr_carea' id='block_1_31' title="bbox 323 2844 1909 2921">
    <p class='ocr_par' dir='ltr' id='par_1_31' title="bbox 323 2844 1909 2921">
     <span class='ocr_line' id='line_1_31' title="bbox 323 2844 1909 2921; baseline -0.004 -18"><span class='ocrx_word' id='word_1_203' title='bbox 323 2853 577 2921; x_wconf 81' lang='grc' dir='ltr'>αιρήσεις</span> <span class='ocrx_word' id='word_1_204' title='bbox 610 2851 690 2913; x_wconf 86' lang='grc' dir='ltr'><strong>είς</strong></span> <span class='ocrx_word' id='word_1_205' title='bbox 729 2849 964 2918; x_wconf 85' lang='grc' dir='ltr'>διάφορα</span> <span class='ocrx_word' id='word_1_206' title='bbox 1002 2848 1291 2917; x_wconf 81' lang='grc' dir='ltr'>τάγματα,</span> <span class='ocrx_word' id='word_1_207' title='bbox 1338 2846 1432 2898; x_wconf 77' lang='grc' dir='ltr'><strong>καὶ</strong></span> <span class='ocrx_word' id='word_1_208' title='bbox 1469 2846 1784 2913; x_wconf 78' lang='grc' dir='ltr'>ἐπιστήσεις</span> <span class='ocrx_word' id='word_1_209' title='bbox 1814 2844 1909 2897; x_wconf 85' lang='grc' dir='ltr'>αὑ-</span> 
     </span>
    </p>
   </div>
   <div class='ocr_carea' id='block_1_32' title="bbox 322 2934 1907 3013">
    <p class='ocr_par' dir='ltr' id='par_1_32' title="bbox 322 2934 1907 3013">
     <span class='ocr_line' id='line_1_32' title="bbox 322 2934 1907 3013; baseline -0.005 -20"><span class='ocrx_word' id='word_1_210' title='bbox 322 2942 462 3013; x_wconf 77' lang='grc' dir='ltr'>τοῖς,</span> <span class='ocrx_word' id='word_1_211' title='bbox 508 2939 584 2999; x_wconf 85' lang='grc' dir='ltr'>ὡς</span> <span class='ocrx_word' id='word_1_212' title='bbox 622 2939 857 3011; x_wconf 71' lang='grc' dir='ltr'>εἴρηται,</span> <span class='ocrx_word' id='word_1_213' title='bbox 892 2938 1160 3009; x_wconf 78' lang='grc' dir='ltr'>ἄρχοντας</span> <span class='ocrx_word' id='word_1_214' title='bbox 1195 2935 1513 3008; x_wconf 73' lang='grc' dir='ltr'>φρονίμους,</span> <span class='ocrx_word' id='word_1_215' title='bbox 1556 2934 1653 2987; x_wconf 72' lang='grc' dir='ltr'><strong>καὶ</strong></span> <span class='ocrx_word' id='word_1_216' title='bbox 1694 2934 1907 3005; x_wconf 86' lang='grc' dir='ltr'>ἀνδρεί-</span> 
     </span>
    </p>
   </div>
   <div class='ocr_carea' id='block_1_33' title="bbox 320 3028 1175 3101">
    <p class='ocr_par' dir='ltr' id='par_1_33' title="bbox 320 3028 1175 3101">
     <span class='ocr_line' id='line_1_33' title="bbox 320 3028 1175 3101; baseline -0.004 -16"><span class='ocrx_word' id='word_1_217' title='bbox 320 3051 438 3099; x_wconf 86' lang='grc' dir='ltr'>ους,</span> <span class='ocrx_word' id='word_1_218' title='bbox 472 3032 565 3085; x_wconf 68' lang='grc' dir='ltr'>καλ.</span> <span class='ocrx_word' id='word_1_219' title='bbox 596 3030 941 3101; x_wconf 83' lang='grc' dir='ltr'>προσφόρους</span> <span class='ocrx_word' id='word_1_220' title='bbox 974 3028 1175 3090; x_wconf 83' lang='grc' dir='ltr'>αὐτοῖς.</span> 
     </span>
    </p>
   </div>
   <div class='ocr_carea' id='block_1_34' title="bbox 386 3117 1906 3191">
    <p class='ocr_par' dir='ltr' id='par_1_34' title="bbox 386 3117 1906 3191">
     <span class='ocr_line' id='line_1_34' title="bbox 386 3117 1906 3191; baseline -0.004 -16"><span class='ocrx_word' id='word_1_221' title='bbox 386 3120 497 3191; x_wconf 81' lang='grc' dir='ltr'>λγ’.</span> <span class='ocrx_word' id='word_1_222' title='bbox 538 3122 675 3174; x_wconf 77' lang='grc' dir='ltr'><strong>Ἀπὸ</strong></span> <span class='ocrx_word' id='word_1_223' title='bbox 700 3122 757 3174; x_wconf 86' lang='grc' dir='ltr'>δὲ</span> <span class='ocrx_word' id='word_1_224' title='bbox 784 3121 878 3174; x_wconf 78' lang='grc' dir='ltr'><strong>τοῦ</strong></span> <span class='ocrx_word' id='word_1_225' title='bbox 912 3121 1190 3189; x_wconf 81' lang='grc' dir='ltr'>τάγματος</span> <span class='ocrx_word' id='word_1_226' title='bbox 1222 3119 1341 3189; x_wconf 75' lang='grc' dir='ltr'>ἦτοι</span> <span class='ocrx_word' id='word_1_227' title='bbox 1386 3117 1578 3188; x_wconf 85' lang='grc' dir='ltr'>βάνδου</span> <span class='ocrx_word' id='word_1_228' title='bbox 1618 3117 1743 3179; x_wconf 82' lang='grc' dir='ltr'>τοὺς</span> <span class='ocrx_word' id='word_1_229' title='bbox 1774 3117 1906 3169; x_wconf 83' lang='grc' dir='ltr'>ἑκα-</span> 
     </span>
    </p>
   </div>
   <div class='ocr_carea' id='block_1_35' title="bbox 321 3208 1906 3284">
    <p class='ocr_par' dir='ltr' id='par_1_35' title="bbox 321 3208 1906 3284">
     <span class='ocr_line' id='line_1_35' title="bbox 321 3208 1906 3284; baseline -0.005 -16"><span class='ocrx_word' id='word_1_230' title='bbox 321 3215 629 3284; x_wconf 80' lang='grc' dir='ltr'>τοντάρχας</span> <span class='ocrx_word' id='word_1_231' title='bbox 668 3212 781 3284; x_wconf 80' lang='lat'><strong>(‘27)</strong></span> <span class='ocrx_word' id='word_1_232' title='bbox 825 3210 1094 3279; x_wconf 78' lang='grc' dir='ltr'>ἐπιλέγων</span> <span class='ocrx_word' id='word_1_233' title='bbox 1142 3210 1441 3281; x_wconf 84' lang='grc' dir='ltr'>φρονίμους</span> <span class='ocrx_word' id='word_1_234' title='bbox 1487 3208 1584 3262; x_wconf 76' lang='grc' dir='ltr'>καὶ</span> <span class='ocrx_word' id='word_1_235' title='bbox 1626 3208 1906 3275; x_wconf 86' lang='grc' dir='ltr'>γενναίους</span> 
     </span>
    </p>
   </div>
   <div class='ocr_carea' id='block_1_36' title="bbox 323 3299 1907 3377">
    <p class='ocr_par' dir='ltr' id='par_1_36' title="bbox 323 3299 1907 3377">
     <span class='ocr_line' id='line_1_36' title="bbox 323 3299 1907 3377; baseline -0.005 -17"><span class='ocrx_word' id='word_1_236' title='bbox 323 3308 402 3371; x_wconf 85' lang='grc' dir='ltr'><strong>είς</strong></span> <span class='ocrx_word' id='word_1_237' title='bbox 455 3306 740 3377; x_wconf 75' lang='grc' dir='ltr'>ἀνδρείανσ</span> <span class='ocrx_word' id='word_1_238' title='bbox 785 3299 904 3358; x_wconf 77' lang='grc' dir='ltr'>εἶτα</span> <span class='ocrx_word' id='word_1_239' title='bbox 947 3306 1095 3370; x_wconf 80' lang='grc' dir='ltr'>τοὺς,</span> <span class='ocrx_word' id='word_1_240' title='bbox 1138 3303 1232 3357; x_wconf 69' lang='grc' dir='ltr'>καὶ</span> <span class='ocrx_word' id='word_1_241' title='bbox 1278 3301 1415 3373; x_wconf 75' lang='grc' dir='ltr'>μετὰ</span> <span class='ocrx_word' id='word_1_242' title='bbox 1459 3302 1585 3364; x_wconf 78' lang='grc' dir='ltr'>τοὺς</span> <span class='ocrx_word' id='word_1_243' title='bbox 1610 3300 1907 3370; x_wconf 86' lang='grc' dir='ltr'>δεκάρχους</span> 
     </span>
    </p>
   </div>
   <div class='ocr_carea' id='block_1_37' title="bbox 322 3390 1906 3464">
    <p class='ocr_par' dir='ltr' id='par_1_37' title="bbox 322 3390 1906 3464">
     <span class='ocr_line' id='line_1_37' title="bbox 322 3390 1906 3464; baseline -0.007 -11"><span class='ocrx_word' id='word_1_244' title='bbox 322 3401 414 3453; x_wconf 76' lang='grc' dir='ltr'><strong>καὶ</strong></span> <span class='ocrx_word' id='word_1_245' title='bbox 443 3398 645 3460; x_wconf 81' lang='grc' dir='ltr'>αὑτοὺς</span> <span class='ocrx_word' id='word_1_246' title='bbox 674 3396 955 3464; x_wconf 79' lang='grc' dir='ltr'>γενναίους</span> <span class='ocrx_word' id='word_1_247' title='bbox 988 3396 1083 3448; x_wconf 73' lang='grc' dir='ltr'><strong>καὶ</strong></span> <span class='ocrx_word' id='word_1_248' title='bbox 1113 3394 1455 3462; x_wconf 78' lang='grc' dir='ltr'>αὐτόχειρας,</span> <span class='ocrx_word' id='word_1_249' title='bbox 1487 3392 1534 3443; x_wconf 86' lang='grc' dir='ltr'>εἰ</span> <span class='ocrx_word' id='word_1_250' title='bbox 1566 3390 1791 3443; x_wconf 86' lang='grc' dir='ltr'>δυνατὸν</span> <span class='ocrx_word' id='word_1_251' title='bbox 1827 3390 1906 3455; x_wconf 87' lang='grc' dir='ltr'><strong>δὲ,</strong></span> 
     </span>
    </p>
   </div>
   <div class='ocr_carea' id='block_1_38' title="bbox 320 3481 1909 3553">
    <p class='ocr_par' dir='ltr' id='par_1_38' title="bbox 320 3481 1909 3553">
     <span class='ocr_line' id='line_1_38' title="bbox 320 3481 1909 3553; baseline -0.008 -9"><span class='ocrx_word' id='word_1_252' title='bbox 320 3492 414 3544; x_wconf 74' lang='grc' dir='ltr'><strong>καὶ</strong></span> <span class='ocrx_word' id='word_1_253' title='bbox 445 3487 690 3553; x_wconf 80' lang='grc' dir='ltr'>τοξεύειν</span> <span class='ocrx_word' id='word_1_254' title='bbox 719 3486 949 3548; x_wconf 82' lang='grc' dir='ltr'>εἰδότας.</span> <span class='ocrx_word' id='word_1_255' title='bbox 994 3485 1105 3538; x_wconf 73' lang='grc' dir='ltr'><strong>Καὶ</strong></span> <span class='ocrx_word' id='word_1_256' title='bbox 1139 3483 1274 3553; x_wconf 75' lang='grc' dir='ltr'>μετὰ</span> <span class='ocrx_word' id='word_1_257' title='bbox 1303 3483 1426 3545; x_wconf 79' lang='grc' dir='ltr'>τοὺς</span> <span class='ocrx_word' id='word_1_258' title='bbox 1454 3481 1758 3549; x_wconf 85' lang='grc' dir='ltr'>δεκάρχους</span> <span class='ocrx_word' id='word_1_259' title='bbox 1781 3482 1909 3543; x_wconf 79' lang='grc' dir='ltr'>τοὺς</span> 
     </span>
    </p>
   </div>
   <div class='ocr_carea' id='block_1_39' title="bbox 321 3568 1907 3647">
    <p class='ocr_par' dir='ltr' id='par_1_39' title="bbox 321 3568 1907 3647">
     <span class='ocr_line' id='line_1_39' title="bbox 321 3568 1907 3647; baseline -0.006 -17"><span class='ocrx_word' id='word_1_260' title='bbox 321 3575 638 3647; x_wconf 84' lang='grc' dir='ltr'>πεντάρχας</span> <span class='ocrx_word' id='word_1_261' title='bbox 667 3574 761 3627; x_wconf 73' lang='grc' dir='ltr'><strong>καὶ</strong></span> <span class='ocrx_word' id='word_1_262' title='bbox 788 3574 1098 3643; x_wconf 81' lang='grc' dir='ltr'>τετράρχας</span> <span class='ocrx_word' id='word_1_263' title='bbox 1118 3571 1340 3641; x_wconf 84' lang='grc' dir='ltr'>ὁμοίως.</span> <span class='ocrx_word' id='word_1_264' title='bbox 1374 3571 1484 3623; x_wconf 70' lang='grc' dir='ltr'>Καὶ</span> <span class='ocrx_word' id='word_1_265' title='bbox 1505 3569 1627 3623; x_wconf 90' lang='grc' dir='ltr'>τότε</span> <span class='ocrx_word' id='word_1_266' title='bbox 1651 3570 1775 3632; x_wconf 75' lang='grc' dir='ltr'>τοὺς</span> <span class='ocrx_word' id='word_1_267' title='bbox 1803 3568 1907 3638; x_wconf 91' lang='grc' dir='ltr'>φύ-</span> 
     </span>
    </p>
   </div>
   <div class='ocr_carea' id='block_1_40' title="bbox 318 3658 1908 3733">
    <p class='ocr_par' dir='ltr' id='par_1_40' title="bbox 318 3658 1908 3733">
     <span class='ocr_line' id='line_1_40' title="bbox 318 3658 1908 3733; baseline -0.009 -11"><span class='ocrx_word' id='word_1_268' title='bbox 318 3669 500 3730; x_wconf 88' lang='grc' dir='ltr'>λακας</span> <span class='ocrx_word' id='word_1_269' title='bbox 550 3666 659 3719; x_wconf 91' lang='grc' dir='ltr'><strong>τῶν</strong></span> <span class='ocrx_word' id='word_1_270' title='bbox 702 3665 909 3728; x_wconf 84' lang='grc' dir='ltr'>ἀκιῶν,</span> <span class='ocrx_word' id='word_1_271' title='bbox 955 3664 1121 3733; x_wconf 75' lang='grc' dir='ltr'>ἤγουν</span> <span class='ocrx_word' id='word_1_272' title='bbox 1156 3660 1265 3713; x_wconf 90' lang='grc' dir='ltr'><strong>τῶν</strong></span> <span class='ocrx_word' id='word_1_273' title='bbox 1313 3660 1456 3712; x_wconf 85' lang='grc' dir='ltr'><strong>κατά</strong></span> <span class='ocrx_word' id='word_1_274' title='bbox 1492 3659 1554 3712; x_wconf 86' lang='grc' dir='ltr'><strong>τὸ</strong></span> <span class='ocrx_word' id='word_1_275' title='bbox 1596 3658 1769 3727; x_wconf 83' lang='grc' dir='ltr'>πάχος</span> <span class='ocrx_word' id='word_1_276' title='bbox 1811 3659 1908 3727; x_wconf 82' lang='grc' dir='ltr'><strong>τῆς</strong></span> 
     </span>
    </p>
   </div>
   <div class='ocr_carea' id='block_1_41' title="bbox 322 3749 1905 3832">
    <p class='ocr_par' dir='ltr' id='par_1_41' title="bbox 322 3749 1905 3832">
     <span class='ocr_line' id='line_1_41' title="bbox 322 3749 1905 3832; baseline -0.009 -17"><span class='ocrx_word' id='word_1_277' title='bbox 322 3758 689 3832; x_wconf 82' lang='grc' dir='ltr'>παρατάξεως</span> <span class='ocrx_word' id='word_1_278' title='bbox 729 3756 976 3825; x_wconf 82' lang='grc' dir='ltr'>όρδίνων,</span> <span class='ocrx_word' id='word_1_279' title='bbox 1022 3753 1071 3806; x_wconf 86' lang='grc' dir='ltr'>οἳ</span> <span class='ocrx_word' id='word_1_280' title='bbox 1119 3752 1213 3806; x_wconf 60' lang='grc' dir='ltr'><strong>κοιλ¹</strong></span> <span class='ocrx_word' id='word_1_281' title='bbox 1260 3750 1544 3821; x_wconf 82' lang='grc' dir='ltr'>δεκαρχῖαι</span> <span class='ocrx_word' id='word_1_282' title='bbox 1594 3749 1905 3814; x_wconf 79' lang='grc' dir='ltr'>καλοῦνται,</span> 
     </span>
    </p>
   </div>
   <div class='ocr_carea' id='block_1_42' title="bbox 325 3842 1906 3918">
    <p class='ocr_par' dir='ltr' id='par_1_42' title="bbox 325 3842 1906 3918">
     <span class='ocr_line' id='line_1_42' title="bbox 325 3842 1906 3918; baseline -0.008 -12"><span class='ocrx_word' id='word_1_283' title='bbox 325 3854 420 3907; x_wconf 87' lang='grc' dir='ltr'><strong>δύο</strong></span> <span class='ocrx_word' id='word_1_284' title='bbox 469 3853 578 3905; x_wconf 80' lang='grc' dir='ltr'>ἀπὸ</span> <span class='ocrx_word' id='word_1_285' title='bbox 610 3851 846 3918; x_wconf 80' lang='grc' dir='ltr'>ἑκάστης</span> <span class='ocrx_word' id='word_1_286' title='bbox 885 3847 1053 3908; x_wconf 76' lang='grc' dir='ltr'>ὰκίας</span> <span class='ocrx_word' id='word_1_287' title='bbox 1087 3845 1224 3914; x_wconf 74' lang='lat'><strong>(28),</strong></span> <span class='ocrx_word' id='word_1_288' title='bbox 1249 3843 1326 3906; x_wconf 85' lang='grc' dir='ltr'>ὡς</span> <span class='ocrx_word' id='word_1_289' title='bbox 1351 3842 1597 3910; x_wconf 70' lang='grc' dir='ltr'>γίνεσθαι</span> <span class='ocrx_word' id='word_1_290' title='bbox 1632 3843 1756 3905; x_wconf 78' lang='grc' dir='ltr'>τοὺς</span> <span class='ocrx_word' id='word_1_291' title='bbox 1788 3844 1906 3894; x_wconf 82' lang='grc' dir='ltr'>ἐπι-</span> 
     </span>
    </p>
   </div>
   <div class='ocr_carea' id='block_1_43' title="bbox 318 3932 1909 4009">
    <p class='ocr_par' dir='ltr' id='par_1_43' title="bbox 318 3932 1909 4009">
     <span class='ocr_line' id='line_1_43' title="bbox 318 3932 1909 4009; baseline -0.009 -11"><span class='ocrx_word' id='word_1_292' title='bbox 318 3945 550 4008; x_wconf 86' lang='grc' dir='ltr'>λέκτους</span> <span class='ocrx_word' id='word_1_293' title='bbox 587 3943 825 4009; x_wconf 78' lang='grc' dir='ltr'>ἑκάστης</span> <span class='ocrx_word' id='word_1_294' title='bbox 856 3939 1017 4001; x_wconf 87' lang='grc' dir='ltr'>ἀκίας</span> <span class='ocrx_word' id='word_1_295' title='bbox 1058 3936 1258 4006; x_wconf 85' lang='grc' dir='ltr'>ἄνδρας</span> <span class='ocrx_word' id='word_1_296' title='bbox 1297 3932 1359 3989; x_wconf 86' lang='grc' dir='ltr'>ε’.</span> <span class='ocrx_word' id='word_1_297' title='bbox 1400 3935 1508 3988; x_wconf 89' lang='grc' dir='ltr'><strong>Καί</strong></span> <span class='ocrx_word' id='word_1_298' title='bbox 1546 3934 1670 3997; x_wconf 74' lang='grc' dir='ltr'>τοὺς</span> <span class='ocrx_word' id='word_1_299' title='bbox 1700 3932 1909 4002; x_wconf 84' lang='grc' dir='ltr'>ἀπομέ-</span> 
     </span>
    </p>
   </div>
   <div class='ocr_carea' id='block_1_44' title="bbox 318 4024 1909 4105">
    <p class='ocr_par' dir='ltr' id='par_1_44' title="bbox 318 4024 1909 4105">
     <span class='ocr_line' id='line_1_44' title="bbox 318 4024 1909 4105; baseline -0.009 -15"><span class='ocrx_word' id='word_1_300' title='bbox 318 4053 515 4097; x_wconf 81' lang='grc' dir='ltr'>νοντας</span> <span class='ocrx_word' id='word_1_301' title='bbox 541 4033 847 4105; x_wconf 79' lang='grc' dir='ltr'>ὀρδινεὺσαι</span> <span class='ocrx_word' id='word_1_302' title='bbox 872 4032 949 4093; x_wconf 86' lang='grc' dir='ltr'><strong>είς</strong></span> <span class='ocrx_word' id='word_1_303' title='bbox 983 4029 1081 4090; x_wconf 76' lang='grc' dir='ltr'><strong>τὰς</strong></span> <span class='ocrx_word' id='word_1_304' title='bbox 1108 4028 1271 4089; x_wconf 85' lang='grc' dir='ltr'>ἀκίας</span> <span class='ocrx_word' id='word_1_305' title='bbox 1301 4024 1563 4088; x_wconf 86' lang='grc' dir='ltr'>παλαιούς</span> <span class='ocrx_word' id='word_1_306' title='bbox 1600 4042 1657 4077; x_wconf 88' lang='grc' dir='ltr'><strong>τε</strong></span> <span class='ocrx_word' id='word_1_307' title='bbox 1698 4024 1792 4077; x_wconf 74' lang='grc' dir='ltr'><strong>καὶ</strong></span> <span class='ocrx_word' id='word_1_308' title='bbox 1821 4024 1909 4076; x_wconf 88' lang='grc' dir='ltr'>νέ-</span> 
     </span>
    </p>
   </div>
   <div class='ocr_carea' id='block_1_45' title="bbox 316 4111 1906 4196">
    <p class='ocr_par' dir='ltr' id='par_1_45' title="bbox 316 4111 1906 4196">
     <span class='ocr_line' id='line_1_45' title="bbox 316 4111 1906 4196; baseline -0.009 -15"><span class='ocrx_word' id='word_1_309' title='bbox 316 4146 411 4192; x_wconf 81' lang='grc' dir='ltr'><strong>ους</strong></span> <span class='ocrx_word' id='word_1_310' title='bbox 463 4127 841 4196; x_wconf 82' lang='grc' dir='ltr'>ἀναμίκτους,</span> <span class='ocrx_word' id='word_1_311' title='bbox 894 4122 1009 4173; x_wconf 81' lang='grc' dir='ltr'>ὅσοι</span> <span class='ocrx_word' id='word_1_312' title='bbox 1055 4120 1121 4173; x_wconf 79' lang='grc' dir='ltr'>ἄν</span> <span class='ocrx_word' id='word_1_313' title='bbox 1166 4120 1272 4170; x_wconf 84' lang='grc' dir='ltr'>εἱσι</span> <span class='ocrx_word' id='word_1_314' title='bbox 1317 4116 1544 4170; x_wconf 77' lang='grc' dir='ltr'>κατὰτὸ</span> <span class='ocrx_word' id='word_1_315' title='bbox 1576 4116 1773 4185; x_wconf 82' lang='grc' dir='ltr'>μέτρον</span> <span class='ocrx_word' id='word_1_316' title='bbox 1813 4111 1906 4167; x_wconf 78' lang='grc' dir='ltr'>τοῦ</span> 
     </span>
    </p>
   </div>
   <div class='ocr_carea' id='block_1_46' title="bbox 288 4211 971 4288">
    <p class='ocr_par' dir='ltr' id='par_1_46' title="bbox 288 4211 971 4288">
     <span class='ocr_line' id='line_1_46' title="bbox 288 4211 971 4288; baseline -0.012 -16"><span class='ocrx_word' id='word_1_317' title='bbox 288 4224 293 4231; x_wconf 81' lang='grc'><strong>’</strong></span> <span class='ocrx_word' id='word_1_318' title='bbox 320 4218 566 4288; x_wconf 81' lang='grc' dir='ltr'>πλήθους</span> <span class='ocrx_word' id='word_1_319' title='bbox 592 4215 687 4269; x_wconf 75' lang='grc' dir='ltr'>τοῦ</span> <span class='ocrx_word' id='word_1_320' title='bbox 718 4211 971 4282; x_wconf 78' lang='grc' dir='ltr'>στρατοῦ.</span> 
     </span>
    </p>
   </div>
   <div class='ocr_carea' id='block_1_47' title="bbox 386 4297 1909 4377">
    <p class='ocr_par' dir='ltr' id='par_1_47' title="bbox 386 4297 1909 4377">
     <span class='ocr_line' id='line_1_47' title="bbox 386 4297 1909 4377; baseline -0.007 -16"><span class='ocrx_word' id='word_1_321' title='bbox 386 4307 488 4363; x_wconf 82' lang='grc' dir='ltr'>λδ’.</span> <span class='ocrx_word' id='word_1_322' title='bbox 524 4308 737 4377; x_wconf 82' lang='grc' dir='ltr'>Στήσας</span> <span class='ocrx_word' id='word_1_323' title='bbox 768 4304 823 4357; x_wconf 84' lang='grc' dir='ltr'>δὲ</span> <span class='ocrx_word' id='word_1_324' title='bbox 850 4305 942 4357; x_wconf 77' lang='grc' dir='ltr'><strong>καὶ</strong></span> <span class='ocrx_word' id='word_1_325' title='bbox 960 4304 1184 4365; x_wconf 89' lang='grc' dir='ltr'>τούτους</span> <span class='ocrx_word' id='word_1_326' title='bbox 1210 4302 1605 4372; x_wconf 87' lang='grc' dir='ltr'>ἀπομένοντας,</span> <span class='ocrx_word' id='word_1_327' title='bbox 1638 4298 1759 4350; x_wconf 87' lang='grc' dir='ltr'>τότε</span> <span class='ocrx_word' id='word_1_328' title='bbox 1783 4297 1909 4360; x_wconf 82' lang='grc' dir='ltr'>τοὺς</span> 
     </span>
    </p>
   </div>
   <div class='ocr_carea' id='block_1_48' title="bbox 318 4389 1910 4462">
    <p class='ocr_par' dir='ltr' id='par_1_48' title="bbox 318 4389 1910 4462">
     <span class='ocr_line' id='line_1_48' title="bbox 318 4389 1910 4462; baseline -0.007 -9"><span class='ocrx_word' id='word_1_329' title='bbox 318 4399 646 4461; x_wconf 75' lang='grc' dir='ltr'>ἐπιλέκτους</span> <span class='ocrx_word' id='word_1_330' title='bbox 691 4395 949 4449; x_wconf 78' lang='grc' dir='ltr'>ἐπίϐαλλε</span> <span class='ocrx_word' id='word_1_331' title='bbox 992 4395 1133 4448; x_wconf 68' lang='grc' dir='ltr'>κατὰ</span> <span class='ocrx_word' id='word_1_332' title='bbox 1191 4392 1452 4462; x_wconf 68' lang='grc' dir='ltr'>διαφορὰν</span> <span class='ocrx_word' id='word_1_333' title='bbox 1482 4390 1619 4462; x_wconf 71' lang='grc' dir='ltr'>πρὸς</span> <span class='ocrx_word' id='word_1_334' title='bbox 1656 4390 1755 4460; x_wconf 86' lang='grc' dir='ltr'><strong>τὴν</strong></span> <span class='ocrx_word' id='word_1_335' title='bbox 1787 4389 1910 4443; x_wconf 81' lang='grc' dir='ltr'>ἑκά-</span> 
     </span>
    </p>
   </div>
   <div class='ocr_carea' id='block_1_49' title="bbox 319 4476 1902 4555">
    <p class='ocr_par' dir='ltr' id='par_1_49' title="bbox 319 4476 1902 4555">
     <span class='ocr_line' id='line_1_49' title="bbox 319 4476 1902 4555; baseline -0.009 -13"><span class='ocrx_word' id='word_1_336' title='bbox 319 4507 451 4542; x_wconf 93' lang='grc' dir='ltr'>στου</span> <span class='ocrx_word' id='word_1_337' title='bbox 486 4486 771 4555; x_wconf 86' lang='grc' dir='ltr'>ποιότητα,</span> <span class='ocrx_word' id='word_1_338' title='bbox 798 4484 967 4554; x_wconf 81' lang='grc' dir='ltr'>ήγουν</span> <span class='ocrx_word' id='word_1_339' title='bbox 1007 4483 1168 4551; x_wconf 89' lang='grc' dir='ltr'>φύσιν</span> <span class='ocrx_word' id='word_1_340' title='bbox 1218 4482 1311 4534; x_wconf 76' lang='grc' dir='ltr'><strong>καὶ</strong></span> <span class='ocrx_word' id='word_1_341' title='bbox 1351 4480 1600 4548; x_wconf 88' lang='grc' dir='ltr'>δύναμιν,</span> <span class='ocrx_word' id='word_1_342' title='bbox 1624 4478 1750 4540; x_wconf 81' lang='grc' dir='ltr'>τοὺς</span> <span class='ocrx_word' id='word_1_343' title='bbox 1803 4476 1902 4547; x_wconf 82' lang='grc' dir='ltr'>μὲν</span> 
     </span>
    </p>
   </div>
   <div class='ocr_carea' id='block_1_50' title="bbox 317 4569 1909 4651">
    <p class='ocr_par' dir='ltr' id='par_1_50' title="bbox 317 4569 1909 4651">
     <span class='ocr_line' id='line_1_50' title="bbox 317 4569 1909 4651; baseline -0.009 -16"><span class='ocrx_word' id='word_1_344' title='bbox 317 4581 640 4651; x_wconf 86' lang='grc' dir='ltr'>κρείττονας</span> <span class='ocrx_word' id='word_1_345' title='bbox 671 4576 1005 4648; x_wconf 74' lang='grc' dir='ltr'>ἔμπροσθεν,</span> <span class='ocrx_word' id='word_1_346' title='bbox 1035 4575 1160 4637; x_wconf 82' lang='grc' dir='ltr'>τοὺς</span> <span class='ocrx_word' id='word_1_347' title='bbox 1198 4574 1254 4627; x_wconf 82' lang='grc' dir='ltr'><strong>δὲ</strong></span> <span class='ocrx_word' id='word_1_348' title='bbox 1286 4573 1505 4635; x_wconf 81' lang='grc' dir='ltr'>λοιποὺς</span> <span class='ocrx_word' id='word_1_349' title='bbox 1534 4570 1746 4638; x_wconf 78' lang='grc' dir='ltr'>ἀλόγως</span> <span class='ocrx_word' id='word_1_350' title='bbox 1787 4569 1909 4622; x_wconf 74' lang='grc' dir='ltr'>ὑπι-</span> 
     </span>
    </p>
   </div>
   <div class='ocr_carea' id='block_1_51' title="bbox 319 4666 999 4735">
    <p class='ocr_par' dir='ltr' id='par_1_51' title="bbox 319 4666 999 4735">
     <span class='ocr_line' id='line_1_51' title="bbox 319 4666 999 4735; baseline -0.006 -12"><span class='ocrx_word' id='word_1_351' title='bbox 319 4671 449 4723; x_wconf 86' lang='grc' dir='ltr'>σθέν</span> <span class='ocrx_word' id='word_1_352' title='bbox 480 4685 538 4721; x_wconf 88' lang='grc' dir='ltr'><strong>τε</strong></span> <span class='ocrx_word' id='word_1_353' title='bbox 566 4668 660 4721; x_wconf 77' lang='grc' dir='ltr'><strong>καὶ</strong></span> <span class='ocrx_word' id='word_1_354' title='bbox 688 4666 775 4719; x_wconf 83' lang='grc' dir='ltr'><strong>διά</strong></span> <span class='ocrx_word' id='word_1_355' title='bbox 812 4667 999 4735; x_wconf 82' lang='grc' dir='ltr'>μέσου.</span> 
     </span>
    </p>
   </div>
   <div class='ocr_carea' id='block_1_52' title="bbox 388 4750 1909 4827">
    <p class='ocr_par' dir='ltr' id='par_1_52' title="bbox 388 4750 1909 4827">
     <span class='ocr_line' id='line_1_52' title="bbox 388 4750 1909 4827; baseline -0.007 -15"><span class='ocrx_word' id='word_1_356' title='bbox 388 4761 491 4814; x_wconf 83' lang='grc' dir='ltr'>λε’.</span> <span class='ocrx_word' id='word_1_357' title='bbox 532 4758 637 4811; x_wconf 93' lang='grc' dir='ltr'>Δύο</span> <span class='ocrx_word' id='word_1_358' title='bbox 668 4758 726 4811; x_wconf 80' lang='grc' dir='ltr'>δὲ</span> <span class='ocrx_word' id='word_1_359' title='bbox 760 4758 1118 4827; x_wconf 66' lang='grc' dir='ltr'>μανδάτωρας</span> <span class='ocrx_word' id='word_1_360' title='bbox 1147 4753 1461 4825; x_wconf 84' lang='grc' dir='ltr'>ἀγρύπνους</span> <span class='ocrx_word' id='word_1_361' title='bbox 1488 4752 1581 4804; x_wconf 65' lang='grc' dir='ltr'><strong>καὶ</strong></span> <span class='ocrx_word' id='word_1_362' title='bbox 1615 4750 1909 4821; x_wconf 83' lang='grc' dir='ltr'>φρονίμους</span> 
     </span>
    </p>
   </div>
   <div class='ocr_carea' id='block_1_53' title="bbox 319 4842 1908 4922">
    <p class='ocr_par' dir='ltr' id='par_1_53' title="bbox 319 4842 1908 4922">
     <span class='ocr_line' id='line_1_53' title="bbox 319 4842 1908 4922; baseline -0.008 -16"><span class='ocrx_word' id='word_1_363' title='bbox 319 4852 644 4922; x_wconf 79' lang='grc' dir='ltr'>ὲπιλεγῆναι</span> <span class='ocrx_word' id='word_1_364' title='bbox 680 4850 817 4912; x_wconf 88' lang='grc' dir='ltr'>δέον,</span> <span class='ocrx_word' id='word_1_365' title='bbox 865 4849 960 4902; x_wconf 79' lang='grc' dir='ltr'><strong>καὶ</strong></span> <span class='ocrx_word' id='word_1_366' title='bbox 1006 4847 1097 4900; x_wconf 89' lang='grc' dir='ltr'><strong>δύο</strong></span> <span class='ocrx_word' id='word_1_367' title='bbox 1134 4846 1496 4917; x_wconf 79' lang='grc' dir='ltr'>βανδοφόρους</span> <span class='ocrx_word' id='word_1_368' title='bbox 1531 4842 1639 4896; x_wconf 81' lang='grc' dir='ltr'>ἀπὸ</span> <span class='ocrx_word' id='word_1_369' title='bbox 1677 4843 1908 4896; x_wconf 73' lang='grc' dir='ltr'>ἑκάστου</span> 
     </span>
    </p>
   </div>
   <div class='ocr_carea' id='block_1_54' title="bbox 316 4929 1909 5010">
    <p class='ocr_par' dir='ltr' id='par_1_54' title="bbox 316 4929 1909 5010">
     <span class='ocr_line' id='line_1_54' title="bbox 316 4929 1909 5010; baseline -0.009 -15"><span class='ocrx_word' id='word_1_370' title='bbox 316 4943 625 5010; x_wconf 86' lang='grc' dir='ltr'>τάγματος.</span> <span class='ocrx_word' id='word_1_371' title='bbox 666 4937 778 5006; x_wconf 81' lang='grc' dir='ltr'>Τὴν</span> <span class='ocrx_word' id='word_1_372' title='bbox 810 4936 868 4989; x_wconf 81' lang='grc' dir='ltr'>δὲ</span> <span class='ocrx_word' id='word_1_373' title='bbox 909 4934 1165 5003; x_wconf 87' lang='grc' dir='ltr'>τοιαύτην</span> <span class='ocrx_word' id='word_1_374' title='bbox 1211 4932 1469 5002; x_wconf 80' lang='grc' dir='ltr'>έπιλογὴν</span> <span class='ocrx_word' id='word_1_375' title='bbox 1512 4930 1607 4984; x_wconf 76' lang='grc' dir='ltr'><strong>καὶ</strong></span> <span class='ocrx_word' id='word_1_376' title='bbox 1644 4929 1909 5001; x_wconf 83' lang='grc' dir='ltr'>ὀρδινείαν</span> 
     </span>
    </p>
   </div>
   <div class='ocr_carea' id='block_1_55' title="bbox 319 5021 1903 5097">
    <p class='ocr_par' dir='ltr' id='par_1_55' title="bbox 319 5021 1903 5097">
     <span class='ocr_line' id='line_1_55' title="bbox 319 5021 1903 5097; baseline -0.008 -14"><span class='ocrx_word' id='word_1_377' title='bbox 319 5030 600 5083; x_wconf 88' lang='grc' dir='ltr'>ποιεῖσθαι</span> <span class='ocrx_word' id='word_1_378' title='bbox 637 5028 696 5081; x_wconf 71' lang='grc' dir='ltr'>ἑν</span> <span class='ocrx_word' id='word_1_379' title='bbox 731 5029 843 5090; x_wconf 87' lang='grc' dir='ltr'>τοῖς</span> <span class='ocrx_word' id='word_1_380' title='bbox 877 5024 1325 5097; x_wconf 84' lang='grc' dir='ltr'>κοντου6ερνίοις,</span> <span class='ocrx_word' id='word_1_381' title='bbox 1369 5021 1646 5076; x_wconf 83' lang='grc' dir='ltr'>τουτέστιν</span> <span class='ocrx_word' id='word_1_382' title='bbox 1691 5021 1748 5073; x_wconf 76' lang='grc' dir='ltr'>ἐν</span> <span class='ocrx_word' id='word_1_383' title='bbox 1784 5022 1903 5082; x_wconf 87' lang='grc' dir='ltr'>ταῖς</span> 
     </span>
    </p>
   </div>
   <div class='ocr_carea' id='block_1_56' title="bbox 317 5122 529 5183">
    <p class='ocr_par' dir='ltr' id='par_1_56' title="bbox 317 5122 529 5183">
     <span class='ocr_line' id='line_1_56' title="bbox 317 5122 529 5183; baseline -0.009 -8"><span class='ocrx_word' id='word_1_384' title='bbox 317 5122 529 5183; x_wconf 83' lang='grc' dir='ltr'>ἀκίαις.</span> 
     </span>
    </p>
   </div>
   <div class='ocr_carea' id='block_1_57' title="bbox 389 5203 1904 5278">
    <p class='ocr_par' dir='ltr' id='par_1_57' title="bbox 389 5203 1904 5278">
     <span class='ocr_line' id='line_1_57' title="bbox 389 5203 1904 5278; baseline -0.007 -12"><span class='ocrx_word' id='word_1_385' title='bbox 389 5213 503 5278; x_wconf 82' lang='grc' dir='ltr'>λς’.</span> <span class='ocrx_word' id='word_1_386' title='bbox 544 5213 657 5265; x_wconf 70' lang='grc' dir='ltr'>Καὶ</span> <span class='ocrx_word' id='word_1_387' title='bbox 694 5211 841 5277; x_wconf 73' lang='grc' dir='ltr'>ἔνθα,</span> <span class='ocrx_word' id='word_1_388' title='bbox 877 5209 951 5274; x_wconf 84' lang='grc' dir='ltr'><strong>ὡς</strong></span> <span class='ocrx_word' id='word_1_389' title='bbox 994 5208 1161 5274; x_wconf 76' lang='grc' dir='ltr'>εἰκὸς,</span> <span class='ocrx_word' id='word_1_390' title='bbox 1206 5206 1395 5269; x_wconf 84' lang='grc' dir='ltr'>παῖδες</span> <span class='ocrx_word' id='word_1_391' title='bbox 1445 5205 1546 5258; x_wconf 81' lang='grc' dir='ltr'><strong>οὑκ</strong></span> <span class='ocrx_word' id='word_1_392' title='bbox 1592 5204 1734 5268; x_wconf 80' lang='grc' dir='ltr'>εἰσὶ,</span> <span class='ocrx_word' id='word_1_393' title='bbox 1780 5203 1904 5264; x_wconf 80' lang='grc' dir='ltr'>τοὺς</span> 
     </span>
    </p>
   </div>
   <div class='ocr_carea' id='block_1_58' title="bbox 317 5295 1905 5373">
    <p class='ocr_par' dir='ltr' id='par_1_58' title="bbox 317 5295 1905 5373">
     <span class='ocr_line' id='line_1_58' title="bbox 317 5295 1905 5373; baseline -0.006 -17"><span class='ocrx_word' id='word_1_394' title='bbox 317 5302 746 5372; x_wconf 82' lang='grc' dir='ltr'>ὑποδεεστέρους</span> <span class='ocrx_word' id='word_1_395' title='bbox 809 5301 917 5353; x_wconf 90' lang='grc' dir='ltr'><strong>τῶν</strong></span> <span class='ocrx_word' id='word_1_396' title='bbox 972 5298 1323 5373; x_wconf 84' lang='grc' dir='ltr'>στρατιωτῶν</span> <span class='ocrx_word' id='word_1_397' title='bbox 1364 5298 1443 5361; x_wconf 82' lang='grc' dir='ltr'><strong>είς</strong></span> <span class='ocrx_word' id='word_1_398' title='bbox 1496 5295 1564 5349; x_wconf 76' lang='grc' dir='ltr'>τὰ</span> <span class='ocrx_word' id='word_1_399' title='bbox 1620 5295 1905 5365; x_wconf 86' lang='grc' dir='ltr'>σαγμὰρια</span> 
     </span>
    </p>
   </div>
   <div class='ocr_carea' id='block_1_59' title="bbox 316 5388 1902 5466">
    <p class='ocr_par' dir='ltr' id='par_1_59' title="bbox 316 5388 1902 5466">
     <span class='ocr_line' id='line_1_59' title="bbox 316 5388 1902 5466; baseline -0.008 -17"><span class='ocrx_word' id='word_1_400' title='bbox 316 5395 627 5466; x_wconf 75' lang='grc' dir='ltr'>ἀφορίζειν,</span> <span class='ocrx_word' id='word_1_401' title='bbox 674 5394 952 5447; x_wconf 84' lang='grc' dir='ltr'>τουτέστιν</span> <span class='ocrx_word' id='word_1_402' title='bbox 990 5394 1070 5455; x_wconf 83' lang='grc' dir='ltr'>εἰς</span> <span class='ocrx_word' id='word_1_403' title='bbox 1113 5391 1237 5463; x_wconf 82' lang='grc' dir='ltr'>τρία</span> <span class='ocrx_word' id='word_1_404' title='bbox 1280 5388 1313 5459; x_wconf 84' lang='grc' dir='ltr'>ἢ</span> <span class='ocrx_word' id='word_1_405' title='bbox 1360 5390 1440 5451; x_wconf 83' lang='grc' dir='ltr'><strong>είς</strong></span> <span class='ocrx_word' id='word_1_406' title='bbox 1484 5388 1725 5451; x_wconf 88' lang='grc' dir='ltr'>τέσσαρα</span> <span class='ocrx_word' id='word_1_407' title='bbox 1768 5402 1902 5454; x_wconf 90' lang='grc' dir='ltr'>σαγ-</span> 
     </span>
    </p>
   </div>
   <div class='ocr_carea' id='block_1_60' title="bbox 2012 576 3062 647">
    <p class='ocr_par' dir='ltr' id='par_1_60' title="bbox 2012 576 3062 647">
     <span class='ocr_line' id='line_1_60' title="bbox 2012 576 3062 647; baseline 0.003 -18"><span class='ocrx_word' id='word_1_408' title='bbox 2012 576 2275 631; x_wconf 85' lang='lat' dir='ltr'><strong>adversus</strong></span> <span class='ocrx_word' id='word_1_409' title='bbox 2306 576 2548 631; x_wconf 89' lang='lat' dir='ltr'><strong>hostium</strong></span> <span class='ocrx_word' id='word_1_410' title='bbox 2578 576 2751 631; x_wconf 88' lang='lat' dir='ltr'><strong>aciem</strong></span> <span class='ocrx_word' id='word_1_411' title='bbox 2780 588 3062 647; x_wconf 79' lang='lat' dir='ltr'><strong>parantur.</strong></span> 
     </span>
    </p>
   </div>
   <div class='ocr_carea' id='block_1_61' title="bbox 2081 664 3593 739">
    <p class='ocr_par' dir='ltr' id='par_1_61' title="bbox 2081 664 3593 739">
     <span class='ocr_line' id='line_1_61' title="bbox 2081 664 3593 739; baseline 0.009 -20"><span class='ocrx_word' id='word_1_412' title='bbox 2081 666 2172 721; x_wconf 76' lang='lat'><strong>28.</strong></span> <span class='ocrx_word' id='word_1_413' title='bbox 2215 664 2538 735; x_wconf 88' lang='lat' dir='ltr'><strong>Tergistites</strong></span> <span class='ocrx_word' id='word_1_414' title='bbox 2567 676 2718 733; x_wconf 90' lang='lat' dir='ltr'><strong>sunt,</strong></span> <span class='ocrx_word' id='word_1_415' title='bbox 2749 670 2842 739; x_wconf 90' lang='lat' dir='ltr'><strong>qui</strong></span> <span class='ocrx_word' id='word_1_416' title='bbox 2870 678 2931 724; x_wconf 91' lang='lat' dir='ltr'><strong>ut</strong></span> <span class='ocrx_word' id='word_1_417' title='bbox 2960 677 3087 738; x_wconf 82' lang='lat' dir='ltr'><strong>post</strong></span> <span class='ocrx_word' id='word_1_418' title='bbox 3139 670 3311 726; x_wconf 91' lang='lat' dir='ltr'><strong>aciem</strong></span> <span class='ocrx_word' id='word_1_419' title='bbox 3366 672 3593 731; x_wconf 60' lang='lat' dir='ltr'><strong>univero</strong></span> 
     </span>
    </p>
   </div>
   <div class='ocr_carea' id='block_1_62' title="bbox 2012 759 2764 822">
    <p class='ocr_par' dir='ltr' id='par_1_62' title="bbox 2012 759 2764 822">
     <span class='ocr_line' id='line_1_62' title="bbox 2012 759 2764 822; baseline 0.003 -11"><span class='ocrx_word' id='word_1_420' title='bbox 2012 772 2126 812; x_wconf 87' lang='lat' dir='ltr'><strong>sam</strong></span> <span class='ocrx_word' id='word_1_421' title='bbox 2157 768 2306 822; x_wconf 87' lang='lat' dir='ltr'><strong>eant.</strong></span> <span class='ocrx_word' id='word_1_422' title='bbox 2337 759 2764 815; x_wconf 91' lang='lat' dir='ltr'><strong>constituuntur.</strong></span> 
     </span>
    </p>
   </div>
   <div class='ocr_carea' id='block_1_63' title="bbox 2080 849 3591 927">
    <p class='ocr_par' dir='ltr' id='par_1_63' title="bbox 2080 849 3591 927">
     <span class='ocr_line' id='line_1_63' title="bbox 2080 849 3591 927; baseline 0.007 -24"><span class='ocrx_word' id='word_1_423' title='bbox 2080 849 2171 904; x_wconf 73' lang='lat'><strong>29.</strong></span> <span class='ocrx_word' id='word_1_424' title='bbox 2234 849 2493 915; x_wconf 87' lang='lat' dir='ltr'><strong>Tuldum,</strong></span> <span class='ocrx_word' id='word_1_425' title='bbox 2546 852 2662 907; x_wconf 70' lang='lat' dir='ltr'><strong>sive</strong></span> <span class='ocrx_word' id='word_1_426' title='bbox 2709 852 3125 921; x_wconf 87' lang='lat' dir='ltr'><strong>impedimenta,</strong></span> <span class='ocrx_word' id='word_1_427' title='bbox 3158 870 3243 911; x_wconf 86' lang='lat' dir='ltr'><strong>est</strong></span> <span class='ocrx_word' id='word_1_428' title='bbox 3291 868 3591 927; x_wconf 79' lang='lat' dir='ltr'><strong>apparatus</strong></span> 
     </span>
    </p>
   </div>
   <div class='ocr_carea' id='block_1_64' title="bbox 2011 945 3592 1021">
    <p class='ocr_par' dir='ltr' id='par_1_64' title="bbox 2011 945 3592 1021">
     <span class='ocr_line' id='line_1_64' title="bbox 2011 945 3592 1021; baseline 0.004 -21"><span class='ocrx_word' id='word_1_429' title='bbox 2011 945 2304 1000; x_wconf 88' lang='lat' dir='ltr'><strong>universus</strong></span> <span class='ocrx_word' id='word_1_430' title='bbox 2379 953 2435 999; x_wconf 86' lang='lat' dir='ltr'><strong>et</strong></span> <span class='ocrx_word' id='word_1_431' title='bbox 2512 946 2767 1001; x_wconf 91' lang='lat' dir='ltr'><strong>utensilia</strong></span> <span class='ocrx_word' id='word_1_432' title='bbox 2849 948 3108 1016; x_wconf 85' lang='lat' dir='ltr'><strong>militum,</strong></span> <span class='ocrx_word' id='word_1_433' title='bbox 3161 958 3223 1004; x_wconf 91' lang='lat' dir='ltr'><strong>ut</strong></span> <span class='ocrx_word' id='word_1_434' title='bbox 3292 952 3471 1021; x_wconf 89' lang='lat' dir='ltr'><strong>pueri,</strong></span> <span class='ocrx_word' id='word_1_435' title='bbox 3535 962 3592 1007; x_wconf 91' lang='lat' dir='ltr'><strong>et</strong></span> 
     </span>
    </p>
   </div>
   <div class='ocr_carea' id='block_1_65' title="bbox 2006 1036 3588 1112">
    <p class='ocr_par' dir='ltr' id='par_1_65' title="bbox 2006 1036 3588 1112">
     <span class='ocr_line' id='line_1_65' title="bbox 2006 1036 3588 1112; baseline 0.008 -25"><span class='ocrx_word' id='word_1_436' title='bbox 2006 1036 2276 1104; x_wconf 83' lang='lat' dir='ltr'><strong>juntenta,</strong></span> <span class='ocrx_word' id='word_1_437' title='bbox 2330 1038 2647 1108; x_wconf 86' lang='lat' dir='ltr'><strong>reliquaque</strong></span> <span class='ocrx_word' id='word_1_438' title='bbox 2674 1038 2998 1101; x_wconf 82' lang='lat' dir='ltr'><strong>animantia.</strong></span> <span class='ocrx_word' id='word_1_439' title='bbox 3030 1042 3115 1096; x_wconf 89' lang='lat' dir='ltr'><strong>vel</strong></span> <span class='ocrx_word' id='word_1_440' title='bbox 3162 1042 3208 1097; x_wconf 97' lang='lat' dir='ltr'><strong>si</strong></span> <span class='ocrx_word' id='word_1_441' title='bbox 3248 1045 3391 1112; x_wconf 87' lang='lat' dir='ltr'><strong>quod</strong></span> <span class='ocrx_word' id='word_1_442' title='bbox 3438 1044 3588 1099; x_wconf 88' lang='lat' dir='ltr'><strong>aliud</strong></span> 
     </span>
    </p>
   </div>
   <div class='ocr_carea' id='block_1_66' title="bbox 2010 1124 3482 1201">
    <p class='ocr_par' dir='ltr' id='par_1_66' title="bbox 2010 1124 3482 1201">
     <span class='ocr_line' id='line_1_66' title="bbox 2010 1124 3482 1201; baseline 0.005 -21"><span class='ocrx_word' id='word_1_443' title='bbox 2010 1124 2439 1181; x_wconf 84' lang='lat' dir='ltr'><strong>instrumentum</strong></span> <span class='ocrx_word' id='word_1_444' title='bbox 2480 1129 2545 1181; x_wconf 86' lang='lat' dir='ltr'><strong>ad</strong></span> <span class='ocrx_word' id='word_1_445' title='bbox 2579 1144 2734 1183; x_wconf 93' lang='lat' dir='ltr'><strong>usum</strong></span> <span class='ocrx_word' id='word_1_446' title='bbox 2771 1138 3107 1185; x_wconf 86' lang='lat' dir='ltr'><strong>castrensem</strong></span> <span class='ocrx_word' id='word_1_447' title='bbox 3146 1131 3482 1201; x_wconf 73' lang='lat' dir='ltr'><strong>adiungitur.</strong></span> 
     </span>
    </p>
   </div>
   <div class='ocr_carea' id='block_1_67' title="bbox 2081 1218 3590 1295">
    <p class='ocr_par' dir='ltr' id='par_1_67' title="bbox 2081 1218 3590 1295">
     <span class='ocr_line' id='line_1_67' title="bbox 2081 1218 3590 1295; baseline 0.005 -23"><span class='ocrx_word' id='word_1_448' title='bbox 2081 1218 2172 1272; x_wconf 82' lang='lat'><strong>&#39;50.</strong></span> <span class='ocrx_word' id='word_1_449' title='bbox 2210 1218 2494 1288; x_wconf 84' lang='lat' dir='ltr'><strong>Expeditio</strong></span> <span class='ocrx_word' id='word_1_450' title='bbox 2525 1237 2744 1290; x_wconf 90' lang='lat' dir='ltr'><strong>quoque</strong></span> <span class='ocrx_word' id='word_1_451' title='bbox 2769 1225 3042 1278; x_wconf 83' lang='lat' dir='ltr'><strong>exercitus</strong></span> <span class='ocrx_word' id='word_1_452' title='bbox 3071 1225 3125 1278; x_wconf 91' lang='lat' dir='ltr'><strong>in</strong></span> <span class='ocrx_word' id='word_1_453' title='bbox 3153 1226 3418 1294; x_wconf 81' lang='lat' dir='ltr'><strong>quasdam</strong></span> <span class='ocrx_word' id='word_1_454' title='bbox 3452 1241 3590 1295; x_wconf 62' lang='lat' dir='ltr'><strong>pra:-</strong></span> 
     </span>
    </p>
   </div>
   <div class='ocr_carea' id='block_1_68' title="bbox 2014 1310 3586 1383">
    <p class='ocr_par' dir='ltr' id='par_1_68' title="bbox 2014 1310 3586 1383">
     <span class='ocr_line' id='line_1_68' title="bbox 2014 1310 3586 1383; baseline 0.004 -20"><span class='ocrx_word' id='word_1_455' title='bbox 2014 1310 2257 1366; x_wconf 77' lang='lat' dir='ltr'><strong>fectttras</strong></span> <span class='ocrx_word' id='word_1_456' title='bbox 2287 1312 2552 1367; x_wconf 71' lang='lat' dir='ltr'><strong>dividitur</strong></span> <span class='ocrx_word' id='word_1_457' title='bbox 2583 1330 2598 1365; x_wconf 88' lang='lat'><strong>:</strong></span> <span class='ocrx_word' id='word_1_458' title='bbox 2643 1324 2703 1367; x_wconf 85' lang='lat' dir='ltr'><strong>ut</strong></span> <span class='ocrx_word' id='word_1_459' title='bbox 2737 1314 2791 1367; x_wconf 90' lang='lat' dir='ltr'><strong>in</strong></span> <span class='ocrx_word' id='word_1_460' title='bbox 2829 1315 3075 1371; x_wconf 86' lang='lat' dir='ltr'><strong>cohortis</strong></span> <span class='ocrx_word' id='word_1_461' title='bbox 3118 1318 3397 1383; x_wconf 90' lang='lat' dir='ltr'><strong>comitem,</strong></span> <span class='ocrx_word' id='word_1_462' title='bbox 3434 1328 3487 1373; x_wconf 87' lang='lat' dir='ltr'><strong>et</strong></span> <span class='ocrx_word' id='word_1_463' title='bbox 3533 1320 3586 1371; x_wconf 89' lang='lat' dir='ltr'><strong>in</strong></span> 
     </span>
    </p>
   </div>
   <div class='ocr_carea' id='block_1_69' title="bbox 2008 1402 3587 1479">
    <p class='ocr_par' dir='ltr' id='par_1_69' title="bbox 2008 1402 3587 1479">
     <span class='ocr_line' id='line_1_69' title="bbox 2008 1402 3587 1479; baseline 0.005 -22"><span class='ocrx_word' id='word_1_464' title='bbox 2008 1402 2325 1457; x_wconf 78' lang='lat' dir='ltr'><strong>domesticae</strong></span> <span class='ocrx_word' id='word_1_465' title='bbox 2353 1404 2581 1460; x_wconf 88' lang='lat' dir='ltr'><strong>ditionis</strong></span> <span class='ocrx_word' id='word_1_466' title='bbox 2613 1406 2893 1468; x_wconf 88' lang='lat' dir='ltr'><strong>comitem,</strong></span> <span class='ocrx_word' id='word_1_467' title='bbox 2920 1416 2974 1461; x_wconf 92' lang='lat' dir='ltr'><strong>et</strong></span> <span class='ocrx_word' id='word_1_468' title='bbox 3001 1408 3229 1463; x_wconf 92' lang='lat' dir='ltr'><strong>omnino</strong></span> <span class='ocrx_word' id='word_1_469' title='bbox 3262 1409 3314 1462; x_wconf 92' lang='lat' dir='ltr'><strong>in</strong></span> <span class='ocrx_word' id='word_1_470' title='bbox 3343 1410 3587 1479; x_wconf 88' lang='lat' dir='ltr'><strong>reliquos</strong></span> 
     </span>
    </p>
   </div>
   <div class='ocr_carea' id='block_1_70' title="bbox 2009 1495 3587 1569">
    <p class='ocr_par' dir='ltr' id='par_1_70' title="bbox 2009 1495 3587 1569">
     <span class='ocr_line' id='line_1_70' title="bbox 2009 1495 3587 1569; baseline 0.003 -22"><span class='ocrx_word' id='word_1_471' title='bbox 2009 1502 2288 1550; x_wconf 80' lang='lat' dir='ltr'><strong>consuetae</strong></span> <span class='ocrx_word' id='word_1_472' title='bbox 2324 1495 2693 1563; x_wconf 78' lang='lat' dir='ltr'><strong>expeditionis</strong></span> <span class='ocrx_word' id='word_1_473' title='bbox 2731 1496 3107 1563; x_wconf 89' lang='lat' dir='ltr'><strong>administros,</strong></span> <span class='ocrx_word' id='word_1_474' title='bbox 3135 1514 3276 1569; x_wconf 93' lang='lat' dir='ltr'><strong>quos</strong></span> <span class='ocrx_word' id='word_1_475' title='bbox 3302 1514 3587 1555; x_wconf 77' lang='lat' dir='ltr'><strong>recensere</strong></span> 
     </span>
    </p>
   </div>
   <div class='ocr_carea' id='block_1_71' title="bbox 1968 1596 2614 1654">
    <p class='ocr_par' dir='ltr' id='par_1_71' title="bbox 1968 1596 2614 1654">
     <span class='ocr_line' id='line_1_71' title="bbox 1968 1596 2614 1654; baseline 0.003 -15"><span class='ocrx_word' id='word_1_476' title='bbox 1968 1610 1971 1611; x_wconf 73' lang='lat'><strong><em>&#39;</em></strong></span> <span class='ocrx_word' id='word_1_477' title='bbox 2009 1599 2477 1654; x_wconf 81' lang='lat' dir='ltr'><strong>supervacaneum</strong></span> <span class='ocrx_word' id='word_1_478' title='bbox 2509 1596 2614 1641; x_wconf 69' lang='lat' dir='ltr'><strong>85L</strong></span> 
     </span>
    </p>
   </div>
   <div class='ocr_carea' id='block_1_72' title="bbox 2076 1754 3590 1833">
    <p class='ocr_par' dir='ltr' id='par_1_72' title="bbox 2076 1754 3590 1833">
     <span class='ocr_line' id='line_1_72' title="bbox 2076 1754 3590 1833; baseline 0.006 -24"><span class='ocrx_word' id='word_1_479' title='bbox 2076 1756 2168 1813; x_wconf 82' lang='grc'>51.</span> <span class='ocrx_word' id='word_1_480' title='bbox 2208 1754 2628 1812; x_wconf 85' lang='lat' dir='ltr'><strong>Protonotarius</strong></span> <span class='ocrx_word' id='word_1_481' title='bbox 2663 1757 2890 1813; x_wconf 87' lang='lat' dir='ltr'><strong>ditionis</strong></span> <span class='ocrx_word' id='word_1_482' title='bbox 2916 1770 2970 1815; x_wconf 91' lang='lat' dir='ltr'><strong>et</strong></span> <span class='ocrx_word' id='word_1_483' title='bbox 3000 1760 3389 1826; x_wconf 86' lang='lat' dir='ltr'><strong>chartularius,</strong></span> <span class='ocrx_word' id='word_1_484' title='bbox 3424 1773 3590 1833; x_wconf 89' lang='lat' dir='ltr'><strong>atque</strong></span> 
     </span>
    </p>
   </div>
   <div class='ocr_carea' id='block_1_73' title="bbox 2007 1847 3588 1918">
    <p class='ocr_par' dir='ltr' id='par_1_73' title="bbox 2007 1847 3588 1918">
     <span class='ocr_line' id='line_1_73' title="bbox 2007 1847 3588 1918; baseline 0.004 -16"><span class='ocrx_word' id='word_1_485' title='bbox 2007 1847 2169 1902; x_wconf 88' lang='lat' dir='ltr'><strong>etiam</strong></span> <span class='ocrx_word' id='word_1_486' title='bbox 2208 1858 2407 1916; x_wconf 64' lang='lat' dir='ltr'><strong>praetor</strong></span> <span class='ocrx_word' id='word_1_487' title='bbox 2439 1848 2552 1904; x_wconf 84' lang='lat' dir='ltr'><strong>sive</strong></span> <span class='ocrx_word' id='word_1_488' title='bbox 2583 1849 2809 1904; x_wconf 87' lang='lat' dir='ltr'><strong>ditionis</strong></span> <span class='ocrx_word' id='word_1_489' title='bbox 2854 1866 2969 1905; x_wconf 65' lang='lat' dir='ltr'><strong>sum</strong></span> <span class='ocrx_word' id='word_1_490' title='bbox 3004 1852 3195 1918; x_wconf 82' lang='lat' dir='ltr'><strong>judex.</strong></span> <span class='ocrx_word' id='word_1_491' title='bbox 3242 1854 3378 1912; x_wconf 81' lang='lat' dir='ltr'><strong>alter</strong></span> <span class='ocrx_word' id='word_1_492' title='bbox 3419 1856 3588 1909; x_wconf 87' lang='lat' dir='ltr'><strong>urba-</strong></span> 
     </span>
    </p>
   </div>
   <div class='ocr_carea' id='block_1_74' title="bbox 2008 1940 3589 2017">
    <p class='ocr_par' dir='ltr' id='par_1_74' title="bbox 2008 1940 3589 2017">
     <span class='ocr_line' id='line_1_74' title="bbox 2008 1940 3589 2017; baseline 0.005 -25"><span class='ocrx_word' id='word_1_493' title='bbox 2008 1954 2203 1993; x_wconf 90' lang='lat' dir='ltr'><strong>narum</strong></span> <span class='ocrx_word' id='word_1_494' title='bbox 2237 1955 2419 1993; x_wconf 92' lang='lat' dir='ltr'><strong>rerum</strong></span> <span class='ocrx_word' id='word_1_495' title='bbox 2453 1940 2917 1996; x_wconf 82' lang='lat' dir='ltr'><strong>administrationi</strong></span> <span class='ocrx_word' id='word_1_496' title='bbox 2947 1942 3042 2011; x_wconf 88' lang='lat' dir='ltr'><strong>qtti</strong></span> <span class='ocrx_word' id='word_1_497' title='bbox 3072 1953 3289 2012; x_wconf 65' lang='lat' dir='ltr'><strong>prmest,</strong></span> <span class='ocrx_word' id='word_1_498' title='bbox 3328 1947 3466 2000; x_wconf 87' lang='lat' dir='ltr'><strong>alter</strong></span> <span class='ocrx_word' id='word_1_499' title='bbox 3494 1948 3589 2017; x_wconf 87' lang='lat' dir='ltr'><strong>qui</strong></span> 
     </span>
    </p>
   </div>
   <div class='ocr_carea' id='block_1_75' title="bbox 2008 2026 3587 2101">
    <p class='ocr_par' dir='ltr' id='par_1_75' title="bbox 2008 2026 3587 2101">
     <span class='ocr_line' id='line_1_75' title="bbox 2008 2026 3587 2101; baseline 0.006 -22"><span class='ocrx_word' id='word_1_500' title='bbox 2008 2026 2284 2081; x_wconf 80' lang='lat' dir='ltr'><strong>exercitus</strong></span> <span class='ocrx_word' id='word_1_501' title='bbox 2335 2026 2695 2095; x_wconf 90' lang='lat' dir='ltr'><strong>descriptioni</strong></span> <span class='ocrx_word' id='word_1_502' title='bbox 2756 2039 2810 2082; x_wconf 91' lang='lat' dir='ltr'><strong>et</strong></span> <span class='ocrx_word' id='word_1_503' title='bbox 2872 2028 3215 2099; x_wconf 84' lang='lat' dir='ltr'><strong>inquisitioni</strong></span> <span class='ocrx_word' id='word_1_504' title='bbox 3267 2034 3587 2101; x_wconf 64' lang='lat' dir='ltr'><strong>praeﬁcitur.</strong></span> 
     </span>
    </p>
   </div>
   <div class='ocr_carea' id='block_1_76' title="bbox 2008 2115 3591 2191">
    <p class='ocr_par' dir='ltr' id='par_1_76' title="bbox 2008 2115 3591 2191">
     <span class='ocr_line' id='line_1_76' title="bbox 2008 2115 3591 2191; baseline 0.009 -22"><span class='ocrx_word' id='word_1_505' title='bbox 2008 2115 2109 2171; x_wconf 84' lang='lat' dir='ltr'><strong>Hic</strong></span> <span class='ocrx_word' id='word_1_506' title='bbox 2151 2118 2557 2173; x_wconf 81' lang='lat' dir='ltr'><strong>controversias</strong></span> <span class='ocrx_word' id='word_1_507' title='bbox 2605 2133 2820 2185; x_wconf 88' lang='lat' dir='ltr'><strong>eorum,</strong></span> <span class='ocrx_word' id='word_1_508' title='bbox 2846 2121 2940 2189; x_wconf 88' lang='lat' dir='ltr'><strong>qui</strong></span> <span class='ocrx_word' id='word_1_509' title='bbox 2975 2122 3027 2174; x_wconf 91' lang='lat' dir='ltr'><strong>in</strong></span> <span class='ocrx_word' id='word_1_510' title='bbox 3068 2122 3158 2191; x_wconf 89' lang='lat' dir='ltr'><strong>jus</strong></span> <span class='ocrx_word' id='word_1_511' title='bbox 3189 2126 3436 2191; x_wconf 87' lang='lat' dir='ltr'><strong>veniunt,</strong></span> <span class='ocrx_word' id='word_1_512' title='bbox 3472 2127 3591 2183; x_wconf 85' lang='lat' dir='ltr'><strong>dis-</strong></span> 
     </span>
    </p>
   </div>
   <div class='ocr_carea' id='block_1_77' title="bbox 2008 2209 3591 2281">
    <p class='ocr_par' dir='ltr' id='par_1_77' title="bbox 2008 2209 3591 2281">
     <span class='ocr_line' id='line_1_77' title="bbox 2008 2209 3591 2281; baseline 0.006 -17"><span class='ocrx_word' id='word_1_513' title='bbox 2008 2209 2193 2264; x_wconf 80' lang='lat' dir='ltr'><strong>solvit.</strong></span> <span class='ocrx_word' id='word_1_514' title='bbox 2238 2210 2401 2273; x_wconf 84' lang='lat' dir='ltr'><strong>Istos,</strong></span> <span class='ocrx_word' id='word_1_515' title='bbox 2435 2224 2747 2281; x_wconf 85' lang='lat' dir='ltr'><strong>quanquam</strong></span> <span class='ocrx_word' id='word_1_516' title='bbox 2797 2213 3111 2281; x_wconf 90' lang='lat' dir='ltr'><strong>imperatori</strong></span> <span class='ocrx_word' id='word_1_517' title='bbox 3144 2214 3197 2268; x_wconf 91' lang='lat' dir='ltr'><strong>in</strong></span> <span class='ocrx_word' id='word_1_518' title='bbox 3236 2218 3422 2272; x_wconf 91' lang='lat' dir='ltr'><strong>multis</strong></span> <span class='ocrx_word' id='word_1_519' title='bbox 3460 2219 3591 2274; x_wconf 82' lang='lat' dir='ltr'><strong>obe-</strong></span> 
     </span>
    </p>
   </div>
   <div class='ocr_carea' id='block_1_78' title="bbox 2006 2301 3587 2375">
    <p class='ocr_par' dir='ltr' id='par_1_78' title="bbox 2006 2301 3587 2375">
     <span class='ocr_line' id='line_1_78' title="bbox 2006 2301 3587 2375; baseline 0.007 -20"><span class='ocrx_word' id='word_1_520' title='bbox 2006 2301 2127 2355; x_wconf 88' lang='lat' dir='ltr'><strong>dire</strong></span> <span class='ocrx_word' id='word_1_521' title='bbox 2162 2310 2397 2370; x_wconf 87' lang='lat' dir='ltr'><strong>oportet,</strong></span> <span class='ocrx_word' id='word_1_522' title='bbox 2441 2303 2622 2356; x_wconf 83' lang='lat' dir='ltr'><strong>tamen</strong></span> <span class='ocrx_word' id='word_1_523' title='bbox 2667 2302 2813 2372; x_wconf 90' lang='lat' dir='ltr'><strong>quod</strong></span> <span class='ocrx_word' id='word_1_524' title='bbox 2856 2305 2922 2358; x_wconf 88' lang='lat' dir='ltr'><strong>ad</strong></span> <span class='ocrx_word' id='word_1_525' title='bbox 2971 2307 3307 2375; x_wconf 88' lang='lat' dir='ltr'><strong>privatarum</strong></span> <span class='ocrx_word' id='word_1_526' title='bbox 3360 2326 3587 2366; x_wconf 85' lang='lat' dir='ltr'><strong>suarum</strong></span> 
     </span>
    </p>
   </div>
   <div class='ocr_carea' id='block_1_79' title="bbox 2008 2392 3586 2472">
    <p class='ocr_par' dir='ltr' id='par_1_79' title="bbox 2008 2392 3586 2472">
     <span class='ocr_line' id='line_1_79' title="bbox 2008 2392 3586 2472; baseline 0.008 -27"><span class='ocrx_word' id='word_1_527' title='bbox 2008 2392 2544 2447; x_wconf 86' lang='lat' dir='ltr'><strong>administrationum</strong></span> <span class='ocrx_word' id='word_1_528' title='bbox 2624 2395 2866 2449; x_wconf 88' lang='lat' dir='ltr'><strong>rationes</strong></span> <span class='ocrx_word' id='word_1_529' title='bbox 2924 2406 3173 2464; x_wconf 80' lang='lat' dir='ltr'><strong>Spectat,</strong></span> <span class='ocrx_word' id='word_1_530' title='bbox 3227 2401 3294 2453; x_wconf 83' lang='lat' dir='ltr'><strong>ad</strong></span> <span class='ocrx_word' id='word_1_531' title='bbox 3359 2418 3586 2472; x_wconf 89' lang='lat' dir='ltr'><strong>regnum</strong></span> 
     </span>
    </p>
   </div>
   <div class='ocr_carea' id='block_1_80' title="bbox 2009 2484 3592 2553">
    <p class='ocr_par' dir='ltr' id='par_1_80' title="bbox 2009 2484 3592 2553">
     <span class='ocr_line' id='line_1_80' title="bbox 2009 2484 3592 2553; baseline 0.007 -16"><span class='ocrx_word' id='word_1_532' title='bbox 2009 2495 2259 2538; x_wconf 87' lang='lat' dir='ltr'><strong>nostrum</strong></span> <span class='ocrx_word' id='word_1_533' title='bbox 2288 2484 2564 2553; x_wconf 85' lang='lat' dir='ltr'><strong>pertinere</strong></span> <span class='ocrx_word' id='word_1_534' title='bbox 2597 2486 2872 2552; x_wconf 90' lang='lat' dir='ltr'><strong>volumus,</strong></span> <span class='ocrx_word' id='word_1_535' title='bbox 2914 2496 2975 2541; x_wconf 95' lang='lat' dir='ltr'><strong>ut</strong></span> <span class='ocrx_word' id='word_1_536' title='bbox 3012 2504 3080 2542; x_wconf 82' lang='lat' dir='ltr'><strong>ex</strong></span> <span class='ocrx_word' id='word_1_537' title='bbox 3124 2504 3190 2543; x_wconf 84' lang='lat' dir='ltr'><strong>eo</strong></span> <span class='ocrx_word' id='word_1_538' title='bbox 3247 2492 3489 2547; x_wconf 84' lang='lat' dir='ltr'><strong>civilium</strong></span> <span class='ocrx_word' id='word_1_539' title='bbox 3535 2503 3592 2549; x_wconf 88' lang='lat' dir='ltr'><strong>et</strong></span> 
     </span>
    </p>
   </div>
   <div class='ocr_carea' id='block_1_81' title="bbox 2011 2575 3592 2641">
    <p class='ocr_par' dir='ltr' id='par_1_81' title="bbox 2011 2575 3592 2641">
     <span class='ocr_line' id='line_1_81' title="bbox 2011 2575 3592 2641; baseline 0.008 -11"><span class='ocrx_word' id='word_1_540' title='bbox 2011 2575 2328 2630; x_wconf 89' lang='lat' dir='ltr'><strong>bellicarum</strong></span> <span class='ocrx_word' id='word_1_541' title='bbox 2367 2590 2551 2631; x_wconf 83' lang='lat' dir='ltr'><strong>rerum</strong></span> <span class='ocrx_word' id='word_1_542' title='bbox 2591 2577 3126 2635; x_wconf 86' lang='lat' dir='ltr'><strong>administrationem</strong></span> <span class='ocrx_word' id='word_1_543' title='bbox 3161 2590 3216 2636; x_wconf 91' lang='lat' dir='ltr'><strong>et</strong></span> <span class='ocrx_word' id='word_1_544' title='bbox 3245 2586 3592 2641; x_wconf 87' lang='lat' dir='ltr'><strong>constitutio-</strong></span> 
     </span>
    </p>
   </div>
   <div class='ocr_carea' id='block_1_82' title="bbox 2010 2665 2791 2736">
    <p class='ocr_par' dir='ltr' id='par_1_82' title="bbox 2010 2665 2791 2736">
     <span class='ocr_line' id='line_1_82' title="bbox 2010 2665 2791 2736; baseline 0.003 -18"><span class='ocrx_word' id='word_1_545' title='bbox 2010 2679 2133 2719; x_wconf 88' lang='lat' dir='ltr'><strong>nem</strong></span> <span class='ocrx_word' id='word_1_546' title='bbox 2169 2665 2341 2719; x_wconf 89' lang='lat' dir='ltr'><strong>tutius</strong></span> <span class='ocrx_word' id='word_1_547' title='bbox 2370 2680 2791 2736; x_wconf 82' lang='lat' dir='ltr'><strong>cognoscamus.</strong></span> 
     </span>
    </p>
   </div>
   <div class='ocr_carea' id='block_1_83' title="bbox 2081 2754 3589 2825">
    <p class='ocr_par' dir='ltr' id='par_1_83' title="bbox 2081 2754 3589 2825">
     <span class='ocr_line' id='line_1_83' title="bbox 2081 2754 3589 2825; baseline 0.007 -15"><span class='ocrx_word' id='word_1_548' title='bbox 2081 2756 2171 2810; x_wconf 72' lang='lat'><strong>32.</strong></span> <span class='ocrx_word' id='word_1_549' title='bbox 2241 2754 2567 2811; x_wconf 89' lang='lat' dir='ltr'><strong>Universum</strong></span> <span class='ocrx_word' id='word_1_550' title='bbox 2643 2757 2809 2825; x_wconf 82' lang='lat' dir='ltr'><strong>igitur</strong></span> <span class='ocrx_word' id='word_1_551' title='bbox 2865 2760 3169 2814; x_wconf 83' lang='lat' dir='ltr'><strong>exercitum</strong></span> <span class='ocrx_word' id='word_1_552' title='bbox 3240 2762 3293 2815; x_wconf 91' lang='lat' dir='ltr'><strong>in</strong></span> <span class='ocrx_word' id='word_1_553' title='bbox 3372 2764 3589 2820; x_wconf 85' lang='lat' dir='ltr'><strong>diversa</strong></span> 
     </span>
    </p>
   </div>
   <div class='ocr_carea' id='block_1_84' title="bbox 2011 2847 3592 2919">
    <p class='ocr_par' dir='ltr' id='par_1_84' title="bbox 2011 2847 3592 2919">
     <span class='ocr_line' id='line_1_84' title="bbox 2011 2847 3592 2919; baseline 0.008 -18"><span class='ocrx_word' id='word_1_554' title='bbox 2011 2849 2248 2917; x_wconf 82' lang='lat' dir='ltr'><strong>agmina,</strong></span> <span class='ocrx_word' id='word_1_555' title='bbox 2273 2847 2323 2901; x_wconf 91' lang='lat' dir='ltr'><strong>id</strong></span> <span class='ocrx_word' id='word_1_556' title='bbox 2341 2857 2446 2912; x_wconf 92' lang='lat' dir='ltr'><strong>est,</strong></span> <span class='ocrx_word' id='word_1_557' title='bbox 2474 2848 2753 2914; x_wconf 89' lang='lat' dir='ltr'><strong>cohortes,</strong></span> <span class='ocrx_word' id='word_1_558' title='bbox 2776 2848 3093 2917; x_wconf 81' lang='lat' dir='ltr'><strong>imperator,</strong></span> <span class='ocrx_word' id='word_1_559' title='bbox 3126 2852 3358 2919; x_wconf 85' lang='lat' dir='ltr'><strong>divides,</strong></span> <span class='ocrx_word' id='word_1_560' title='bbox 3388 2864 3443 2910; x_wconf 89' lang='lat' dir='ltr'><strong>et</strong></span> <span class='ocrx_word' id='word_1_561' title='bbox 3484 2858 3592 2914; x_wconf 88' lang='lat' dir='ltr'><strong>illis</strong></span> 
     </span>
    </p>
   </div>
   <div class='ocr_carea' id='block_1_85' title="bbox 2011 2936 3591 3016">
    <p class='ocr_par' dir='ltr' id='par_1_85' title="bbox 2011 2936 3591 3016">
     <span class='ocr_line' id='line_1_85' title="bbox 2011 2936 3591 3016; baseline 0.009 -28"><span class='ocrx_word' id='word_1_562' title='bbox 2011 2936 2286 3005; x_wconf 90' lang='lat' dir='ltr'><strong>principes</strong></span> <span class='ocrx_word' id='word_1_563' title='bbox 2339 2936 2623 3005; x_wconf 62' lang='lat' dir='ltr'><strong>praeﬁcies,</strong></span> <span class='ocrx_word' id='word_1_564' title='bbox 2672 2937 2987 3007; x_wconf 89' lang='lat' dir='ltr'><strong>prudentes,</strong></span> <span class='ocrx_word' id='word_1_565' title='bbox 3041 2940 3230 3009; x_wconf 80' lang='lat' dir='ltr'><strong>lortes,</strong></span> <span class='ocrx_word' id='word_1_566' title='bbox 3283 2955 3448 3016; x_wconf 87' lang='lat' dir='ltr'><strong>atque</strong></span> <span class='ocrx_word' id='word_1_567' title='bbox 3498 2963 3591 3003; x_wconf 85' lang='lat' dir='ltr'><strong>ac-</strong></span> 
     </span>
    </p>
   </div>
   <div class='ocr_carea' id='block_1_86' title="bbox 2011 3028 2607 3084">
    <p class='ocr_par' dir='ltr' id='par_1_86' title="bbox 2011 3028 2607 3084">
     <span class='ocr_line' id='line_1_86' title="bbox 2011 3028 2607 3084; baseline 0.007 -4"><span class='ocrx_word' id='word_1_568' title='bbox 2011 3028 2387 3084; x_wconf 81' lang='lat' dir='ltr'><strong>commodatas</strong></span> <span class='ocrx_word' id='word_1_569' title='bbox 2420 3028 2546 3083; x_wconf 90' lang='lat' dir='ltr'><strong>illis.</strong></span> <span class='ocrx_word' id='word_1_570' title='bbox 2604 3030 2607 3033; x_wconf 84' lang='grc'><em>’</em></span> 
     </span>
    </p>
   </div>
   <div class='ocr_carea' id='block_1_87' title="bbox 2083 3116 3589 3189">
    <p class='ocr_par' dir='ltr' id='par_1_87' title="bbox 2083 3116 3589 3189">
     <span class='ocr_line' id='line_1_87' title="bbox 2083 3116 3589 3189; baseline 0.011 -18"><span class='ocrx_word' id='word_1_571' title='bbox 2083 3116 2174 3172; x_wconf 87' lang='grc'><strong>55.</strong></span> <span class='ocrx_word' id='word_1_572' title='bbox 2219 3118 2295 3173; x_wconf 83' lang='lat' dir='ltr'><strong>Ex</strong></span> <span class='ocrx_word' id='word_1_573' title='bbox 2344 3133 2678 3189; x_wconf 88' lang='lat' dir='ltr'><strong>unaquaque</strong></span> <span class='ocrx_word' id='word_1_574' title='bbox 2728 3121 2956 3177; x_wconf 84' lang='lat' dir='ltr'><strong>cohorte</strong></span> <span class='ocrx_word' id='word_1_575' title='bbox 3000 3123 3115 3178; x_wconf 85' lang='lat' dir='ltr'><strong>sive</strong></span> <span class='ocrx_word' id='word_1_576' title='bbox 3165 3125 3346 3181; x_wconf 52' lang='lat' dir='ltr'><strong>bantlo</strong></span> <span class='ocrx_word' id='word_1_577' title='bbox 3394 3141 3589 3186; x_wconf 85' lang='lat' dir='ltr'><strong>centu-</strong></span> 
     </span>
    </p>
   </div>
   <div class='ocr_carea' id='block_1_88' title="bbox 2010 3207 3588 3285">
    <p class='ocr_par' dir='ltr' id='par_1_88' title="bbox 2010 3207 3588 3285">
     <span class='ocr_line' id='line_1_88' title="bbox 2010 3207 3588 3285; baseline 0.011 -25"><span class='ocrx_word' id='word_1_578' title='bbox 2010 3207 2198 3262; x_wconf 91' lang='lat' dir='ltr'><strong>riones</strong></span> <span class='ocrx_word' id='word_1_579' title='bbox 2261 3208 2421 3279; x_wconf 89' lang='lat' dir='ltr'><strong>elige,</strong></span> <span class='ocrx_word' id='word_1_580' title='bbox 2475 3211 2789 3279; x_wconf 89' lang='lat' dir='ltr'><strong>prudentes,</strong></span> <span class='ocrx_word' id='word_1_581' title='bbox 2844 3213 3014 3269; x_wconf 83' lang='lat' dir='ltr'><strong>fortes</strong></span> <span class='ocrx_word' id='word_1_582' title='bbox 3068 3225 3233 3285; x_wconf 90' lang='lat' dir='ltr'><strong>atque</strong></span> <span class='ocrx_word' id='word_1_583' title='bbox 3262 3226 3518 3277; x_wconf 88' lang='lat' dir='ltr'><strong>strenuos</strong></span> <span class='ocrx_word' id='word_1_584' title='bbox 3572 3240 3588 3276; x_wconf 90' lang='lat'><strong>:</strong></span> 
     </span>
    </p>
   </div>
   <div class='ocr_carea' id='block_1_89' title="bbox 2011 3297 3591 3377">
    <p class='ocr_par' dir='ltr' id='par_1_89' title="bbox 2011 3297 3591 3377">
     <span class='ocr_line' id='line_1_89' title="bbox 2011 3297 3591 3377; baseline 0.01 -25"><span class='ocrx_word' id='word_1_585' title='bbox 2011 3297 2207 3353; x_wconf 91' lang='lat' dir='ltr'><strong>deinde</strong></span> <span class='ocrx_word' id='word_1_586' title='bbox 2257 3299 2517 3367; x_wconf 89' lang='lat' dir='ltr'><strong>decanos,</strong></span> <span class='ocrx_word' id='word_1_587' title='bbox 2567 3316 2770 3371; x_wconf 89' lang='lat' dir='ltr'><strong>eosque</strong></span> <span class='ocrx_word' id='word_1_588' title='bbox 2820 3312 3077 3361; x_wconf 90' lang='lat' dir='ltr'><strong>strenuos</strong></span> <span class='ocrx_word' id='word_1_589' title='bbox 3122 3316 3289 3377; x_wconf 88' lang='lat' dir='ltr'><strong>atque</strong></span> <span class='ocrx_word' id='word_1_590' title='bbox 3338 3310 3591 3377; x_wconf 89' lang='lat' dir='ltr'><strong>invictos,</strong></span> 
     </span>
    </p>
   </div>
   <div class='ocr_carea' id='block_1_90' title="bbox 2009 3388 3593 3471">
    <p class='ocr_par' dir='ltr' id='par_1_90' title="bbox 2009 3388 3593 3471">
     <span class='ocr_line' id='line_1_90' title="bbox 2009 3388 3593 3471; baseline 0.009 -29"><span class='ocrx_word' id='word_1_591' title='bbox 2009 3396 2063 3442; x_wconf 90' lang='lat' dir='ltr'><strong>et</strong></span> <span class='ocrx_word' id='word_1_592' title='bbox 2092 3388 2135 3441; x_wconf 88' lang='lat' dir='ltr'><strong>si</strong></span> <span class='ocrx_word' id='word_1_593' title='bbox 2170 3389 2222 3441; x_wconf 87' lang='lat' dir='ltr'><strong>id</strong></span> <span class='ocrx_word' id='word_1_594' title='bbox 2258 3388 2371 3443; x_wconf 80' lang='lat' dir='ltr'><strong>ﬁeri</strong></span> <span class='ocrx_word' id='word_1_595' title='bbox 2407 3401 2603 3459; x_wconf 88' lang='lat' dir='ltr'><strong>potest,</strong></span> <span class='ocrx_word' id='word_1_596' title='bbox 2647 3393 2972 3461; x_wconf 86' lang='lat' dir='ltr'><strong>sagittarum</strong></span> <span class='ocrx_word' id='word_1_597' title='bbox 3017 3395 3402 3463; x_wconf 85' lang='lat' dir='ltr'><strong>jaciendarum</strong></span> <span class='ocrx_word' id='word_1_598' title='bbox 3448 3404 3593 3471; x_wconf 88' lang='lat' dir='ltr'><strong>peri-</strong></span> 
     </span>
    </p>
   </div>
   <div class='ocr_carea' id='block_1_91' title="bbox 2012 3478 3589 3559">
    <p class='ocr_par' dir='ltr' id='par_1_91' title="bbox 2012 3478 3589 3559">
     <span class='ocr_line' id='line_1_91' title="bbox 2012 3478 3589 3559; baseline 0.009 -26"><span class='ocrx_word' id='word_1_599' title='bbox 2012 3488 2117 3533; x_wconf 92' lang='lat' dir='ltr'><strong>tos.</strong></span> <span class='ocrx_word' id='word_1_600' title='bbox 2156 3478 2288 3533; x_wconf 91' lang='lat' dir='ltr'><strong>Post</strong></span> <span class='ocrx_word' id='word_1_601' title='bbox 2321 3480 2586 3548; x_wconf 87' lang='lat' dir='ltr'><strong>decanos,</strong></span> <span class='ocrx_word' id='word_1_602' title='bbox 2616 3482 2911 3550; x_wconf 90' lang='lat' dir='ltr'><strong>quintanos</strong></span> <span class='ocrx_word' id='word_1_603' title='bbox 2955 3496 3368 3559; x_wconf 89' lang='lat' dir='ltr'><strong>quartanosque</strong></span> <span class='ocrx_word' id='word_1_604' title='bbox 3414 3510 3428 3545; x_wconf 91' lang='lat'><strong>:</strong></span> <span class='ocrx_word' id='word_1_605' title='bbox 3474 3501 3589 3547; x_wconf 87' lang='lat' dir='ltr'><strong>tum</strong></span> 
     </span>
    </p>
   </div>
   <div class='ocr_carea' id='block_1_92' title="bbox 2009 3574 3588 3649">
    <p class='ocr_par' dir='ltr' id='par_1_92' title="bbox 2009 3574 3588 3649">
     <span class='ocr_line' id='line_1_92' title="bbox 2009 3574 3588 3649; baseline 0.009 -22"><span class='ocrx_word' id='word_1_606' title='bbox 2009 3574 2353 3628; x_wconf 87' lang='lat' dir='ltr'><strong>contubernii</strong></span> <span class='ocrx_word' id='word_1_607' title='bbox 2381 3576 2654 3639; x_wconf 88' lang='lat' dir='ltr'><strong>custodes,</strong></span> <span class='ocrx_word' id='word_1_608' title='bbox 2684 3576 2735 3629; x_wconf 94' lang='lat' dir='ltr'><strong>id</strong></span> <span class='ocrx_word' id='word_1_609' title='bbox 2770 3586 2872 3639; x_wconf 89' lang='lat' dir='ltr'><strong>est,</strong></span> <span class='ocrx_word' id='word_1_610' title='bbox 2901 3594 2997 3633; x_wconf 90' lang='lat' dir='ltr'><strong>eos</strong></span> <span class='ocrx_word' id='word_1_611' title='bbox 3025 3582 3117 3649; x_wconf 90' lang='lat' dir='ltr'><strong>qui</strong></span> <span class='ocrx_word' id='word_1_612' title='bbox 3145 3582 3210 3635; x_wconf 90' lang='lat' dir='ltr'><strong>ad</strong></span> <span class='ocrx_word' id='word_1_613' title='bbox 3245 3583 3588 3641; x_wconf 89' lang='lat' dir='ltr'><strong>altitudinem</strong></span> 
     </span>
    </p>
   </div>
   <div class='ocr_carea' id='block_1_93' title="bbox 2010 3666 3590 3747">
    <p class='ocr_par' dir='ltr' id='par_1_93' title="bbox 2010 3666 3590 3747">
     <span class='ocr_line' id='line_1_93' title="bbox 2010 3666 3590 3747; baseline 0.009 -28"><span class='ocrx_word' id='word_1_614' title='bbox 2010 3666 2358 3719; x_wconf 89' lang='lat' dir='ltr'><strong>contubernii</strong></span> <span class='ocrx_word' id='word_1_615' title='bbox 2407 3668 2825 3722; x_wconf 86' lang='lat' dir='ltr'><strong>custodiendam</strong></span> <span class='ocrx_word' id='word_1_616' title='bbox 2874 3672 3156 3726; x_wconf 89' lang='lat' dir='ltr'><strong>constituti</strong></span> <span class='ocrx_word' id='word_1_617' title='bbox 3207 3685 3354 3739; x_wconf 90' lang='lat' dir='ltr'><strong>sunt,</strong></span> <span class='ocrx_word' id='word_1_618' title='bbox 3400 3680 3488 3747; x_wconf 92' lang='lat' dir='ltr'><strong>qui</strong></span> <span class='ocrx_word' id='word_1_619' title='bbox 3524 3695 3590 3734; x_wconf 79' lang='lat' dir='ltr'><strong>ex</strong></span> 
     </span>
    </p>
   </div>
   <div class='ocr_carea' id='block_1_94' title="bbox 2009 3756 3592 3837">
    <p class='ocr_par' dir='ltr' id='par_1_94' title="bbox 2009 3756 3592 3837">
     <span class='ocr_line' id='line_1_94' title="bbox 2009 3756 3592 3837; baseline 0.007 -27"><span class='ocrx_word' id='word_1_620' title='bbox 2009 3756 2240 3825; x_wconf 79' lang='lat' dir='ltr'><strong>singulis</strong></span> <span class='ocrx_word' id='word_1_621' title='bbox 2270 3757 2649 3812; x_wconf 84' lang='lat' dir='ltr'><strong>contuberniis</strong></span> <span class='ocrx_word' id='word_1_622' title='bbox 2692 3759 2801 3812; x_wconf 89' lang='lat' dir='ltr'><strong>duo</strong></span> <span class='ocrx_word' id='word_1_623' title='bbox 2848 3766 3000 3822; x_wconf 89' lang='lat' dir='ltr'><strong>sunt,</strong></span> <span class='ocrx_word' id='word_1_624' title='bbox 3058 3768 3116 3812; x_wconf 87' lang='lat' dir='ltr'><strong>ut</strong></span> <span class='ocrx_word' id='word_1_625' title='bbox 3153 3776 3219 3816; x_wconf 79' lang='lat' dir='ltr'><strong>ex</strong></span> <span class='ocrx_word' id='word_1_626' title='bbox 3262 3780 3592 3837; x_wconf 88' lang='lat' dir='ltr'><strong>unoquoque</strong></span> 
     </span>
    </p>
   </div>
   <div class='ocr_carea' id='block_1_95' title="bbox 2010 3849 3590 3926">
    <p class='ocr_par' dir='ltr' id='par_1_95' title="bbox 2010 3849 3590 3926">
     <span class='ocr_line' id='line_1_95' title="bbox 2010 3849 3590 3926; baseline 0.007 -25"><span class='ocrx_word' id='word_1_627' title='bbox 2010 3849 2373 3903; x_wconf 85' lang='lat' dir='ltr'><strong>contubernio</strong></span> <span class='ocrx_word' id='word_1_628' title='bbox 2409 3850 2509 3903; x_wconf 87' lang='lat' dir='ltr'><strong>viri</strong></span> <span class='ocrx_word' id='word_1_629' title='bbox 2556 3851 2752 3905; x_wconf 88' lang='lat' dir='ltr'><strong>delecti</strong></span> <span class='ocrx_word' id='word_1_630' title='bbox 2801 3852 3045 3921; x_wconf 90' lang='lat' dir='ltr'><strong>quinque</strong></span> <span class='ocrx_word' id='word_1_631' title='bbox 3081 3853 3210 3907; x_wconf 92' lang='lat' dir='ltr'><strong>sint.</strong></span> <span class='ocrx_word' id='word_1_632' title='bbox 3243 3854 3346 3911; x_wconf 87' lang='lat' dir='ltr'><strong>Eos</strong></span> <span class='ocrx_word' id='word_1_633' title='bbox 3396 3856 3487 3926; x_wconf 87' lang='lat' dir='ltr'><strong>qui</strong></span> <span class='ocrx_word' id='word_1_634' title='bbox 3534 3857 3590 3912; x_wconf 88' lang='lat' dir='ltr'><strong>in</strong></span> 
     </span>
    </p>
   </div>
   <div class='ocr_carea' id='block_1_96' title="bbox 2010 3939 3591 4007">
    <p class='ocr_par' dir='ltr' id='par_1_96' title="bbox 2010 3939 3591 4007">
     <span class='ocr_line' id='line_1_96' title="bbox 2010 3939 3591 4007; baseline 0.006 -16"><span class='ocrx_word' id='word_1_635' title='bbox 2010 3939 2387 3993; x_wconf 82' lang='lat' dir='ltr'><strong>contuberniis</strong></span> <span class='ocrx_word' id='word_1_636' title='bbox 2434 3950 2643 3993; x_wconf 89' lang='lat' dir='ltr'><strong>restant</strong></span> <span class='ocrx_word' id='word_1_637' title='bbox 2684 3940 2766 3995; x_wconf 92' lang='lat' dir='ltr'><strong>sic</strong></span> <span class='ocrx_word' id='word_1_638' title='bbox 2811 3941 3049 4007; x_wconf 88' lang='lat' dir='ltr'><strong>instrue,</strong></span> <span class='ocrx_word' id='word_1_639' title='bbox 3120 3953 3179 3998; x_wconf 92' lang='lat' dir='ltr'><strong>ut</strong></span> <span class='ocrx_word' id='word_1_640' title='bbox 3241 3961 3401 4000; x_wconf 87' lang='lat' dir='ltr'><strong>senes</strong></span> <span class='ocrx_word' id='word_1_641' title='bbox 3457 3947 3591 4001; x_wconf 88' lang='lat' dir='ltr'><strong>ado-</strong></span> 
     </span>
    </p>
   </div>
   <div class='ocr_carea' id='block_1_97' title="bbox 2018 4028 3590 4100">
    <p class='ocr_par' dir='ltr' id='par_1_97' title="bbox 2018 4028 3590 4100">
     <span class='ocr_line' id='line_1_97' title="bbox 2018 4028 3590 4100; baseline 0.009 -20"><span class='ocrx_word' id='word_1_642' title='bbox 2018 4028 2392 4099; x_wconf 86' lang='lat' dir='ltr'><strong>lescentesque</strong></span> <span class='ocrx_word' id='word_1_643' title='bbox 2444 4030 2609 4086; x_wconf 61' lang='lat' dir='ltr'><strong>simul</strong></span> <span class='ocrx_word' id='word_1_644' title='bbox 2660 4047 2758 4100; x_wconf 91' lang='lat' dir='ltr'><strong>pro</strong></span> <span class='ocrx_word' id='word_1_645' title='bbox 2808 4034 3021 4089; x_wconf 89' lang='lat' dir='ltr'><strong>ratione</strong></span> <span class='ocrx_word' id='word_1_646' title='bbox 3053 4044 3108 4089; x_wconf 90' lang='lat' dir='ltr'><strong>et</strong></span> <span class='ocrx_word' id='word_1_647' title='bbox 3142 4052 3373 4092; x_wconf 90' lang='lat' dir='ltr'><strong>numero</strong></span> <span class='ocrx_word' id='word_1_648' title='bbox 3429 4053 3590 4094; x_wconf 79' lang='lat' dir='ltr'><strong>exer-</strong></span> 
     </span>
    </p>
   </div>
   <div class='ocr_carea' id='block_1_98' title="bbox 2010 4118 2875 4190">
    <p class='ocr_par' dir='ltr' id='par_1_98' title="bbox 2010 4118 2875 4190">
     <span class='ocr_line' id='line_1_98' title="bbox 2010 4118 2875 4190; baseline 0.003 -19"><span class='ocrx_word' id='word_1_649' title='bbox 2010 4118 2154 4172; x_wconf 87' lang='lat' dir='ltr'><strong>citus</strong></span> <span class='ocrx_word' id='word_1_650' title='bbox 2182 4118 2258 4172; x_wconf 91' lang='lat' dir='ltr'><strong>tui</strong></span> <span class='ocrx_word' id='word_1_651' title='bbox 2292 4119 2433 4173; x_wconf 90' lang='lat' dir='ltr'><strong>inter</strong></span> <span class='ocrx_word' id='word_1_652' title='bbox 2458 4134 2519 4173; x_wconf 90' lang='lat' dir='ltr'><strong>se</strong></span> <span class='ocrx_word' id='word_1_653' title='bbox 2549 4120 2875 4190; x_wconf 86' lang='lat' dir='ltr'><strong>conjungas.</strong></span> 
     </span>
    </p>
   </div>
   <div class='ocr_carea' id='block_1_99' title="bbox 2080 4292 3586 4365">
    <p class='ocr_par' dir='ltr' id='par_1_99' title="bbox 2080 4292 3586 4365">
     <span class='ocr_line' id='line_1_99' title="bbox 2080 4292 3586 4365; baseline 0.007 -17"><span class='ocrx_word' id='word_1_654' title='bbox 2080 4294 2170 4348; x_wconf 69' lang='grc'>54.</span> <span class='ocrx_word' id='word_1_655' title='bbox 2231 4292 2334 4349; x_wconf 87' lang='lat' dir='ltr'><strong>Ubi</strong></span> <span class='ocrx_word' id='word_1_656' title='bbox 2389 4297 2524 4350; x_wconf 92' lang='lat' dir='ltr'><strong>istos</strong></span> <span class='ocrx_word' id='word_1_657' title='bbox 2582 4295 2650 4351; x_wconf 90' lang='lat' dir='ltr'><strong>ad</strong></span> <span class='ocrx_word' id='word_1_658' title='bbox 2703 4298 2851 4351; x_wconf 90' lang='lat' dir='ltr'><strong>hunc</strong></span> <span class='ocrx_word' id='word_1_659' title='bbox 2915 4297 3139 4352; x_wconf 90' lang='lat' dir='ltr'><strong>modum</strong></span> <span class='ocrx_word' id='word_1_660' title='bbox 3207 4302 3586 4365; x_wconf 88' lang='lat' dir='ltr'><strong>constitueris,</strong></span> 
     </span>
    </p>
   </div>
   <div class='ocr_carea' id='block_1_100' title="bbox 2010 4386 3590 4465">
    <p class='ocr_par' dir='ltr' id='par_1_100' title="bbox 2010 4386 3590 4465">
     <span class='ocr_line' id='line_1_100' title="bbox 2010 4386 3590 4465; baseline 0.006 -24"><span class='ocrx_word' id='word_1_661' title='bbox 2010 4386 2182 4441; x_wconf 89' lang='lat' dir='ltr'><strong>lectos</strong></span> <span class='ocrx_word' id='word_1_662' title='bbox 2213 4401 2277 4440; x_wconf 89' lang='lat' dir='ltr'><strong>ac</strong></span> <span class='ocrx_word' id='word_1_663' title='bbox 2307 4386 2518 4442; x_wconf 87' lang='lat' dir='ltr'><strong>nobiles</strong></span> <span class='ocrx_word' id='word_1_664' title='bbox 2555 4388 2647 4457; x_wconf 91' lang='lat' dir='ltr'><strong>qui</strong></span> <span class='ocrx_word' id='word_1_665' title='bbox 2690 4396 2901 4443; x_wconf 88' lang='lat' dir='ltr'><strong>restant</strong></span> <span class='ocrx_word' id='word_1_666' title='bbox 2931 4389 3079 4444; x_wconf 89' lang='lat' dir='ltr'><strong>varie</strong></span> <span class='ocrx_word' id='word_1_667' title='bbox 3125 4391 3464 4458; x_wconf 89' lang='lat' dir='ltr'><strong>distribuito,</strong></span> <span class='ocrx_word' id='word_1_668' title='bbox 3492 4412 3590 4465; x_wconf 92' lang='lat' dir='ltr'><strong>pro</strong></span> 
     </span>
    </p>
   </div>
   <div class='ocr_carea' id='block_1_101' title="bbox 2013 4477 3587 4555">
    <p class='ocr_par' dir='ltr' id='par_1_101' title="bbox 2013 4477 3587 4555">
     <span class='ocr_line' id='line_1_101' title="bbox 2013 4477 3587 4555; baseline 0.008 -24"><span class='ocrx_word' id='word_1_669' title='bbox 2013 4477 2448 4547; x_wconf 86' lang='lat' dir='ltr'><strong>uniuscujusque</strong></span> <span class='ocrx_word' id='word_1_670' title='bbox 2487 4478 2752 4548; x_wconf 88' lang='lat' dir='ltr'><strong>dignitate</strong></span> <span class='ocrx_word' id='word_1_671' title='bbox 2797 4495 2891 4535; x_wconf 90' lang='lat' dir='ltr'><strong>seu</strong></span> <span class='ocrx_word' id='word_1_672' title='bbox 2925 4480 2976 4534; x_wconf 90' lang='lat' dir='ltr'><strong>vi</strong></span> <span class='ocrx_word' id='word_1_673' title='bbox 3008 4488 3063 4535; x_wconf 93' lang='lat' dir='ltr'><strong>et</strong></span> <span class='ocrx_word' id='word_1_674' title='bbox 3096 4490 3314 4548; x_wconf 90' lang='lat' dir='ltr'><strong>natura,</strong></span> <span class='ocrx_word' id='word_1_675' title='bbox 3348 4487 3587 4555; x_wconf 79' lang='lat' dir='ltr'><strong>Optimos</strong></span> 
     </span>
    </p>
   </div>
   <div class='ocr_carea' id='block_1_102' title="bbox 2016 4569 3585 4641">
    <p class='ocr_par' dir='ltr' id='par_1_102' title="bbox 2016 4569 3585 4641">
     <span class='ocr_line' id='line_1_102' title="bbox 2016 4569 3585 4641; baseline 0.007 -19"><span class='ocrx_word' id='word_1_676' title='bbox 2016 4569 2191 4639; x_wconf 91' lang='lat' dir='ltr'><strong>primo</strong></span> <span class='ocrx_word' id='word_1_677' title='bbox 2240 4570 2381 4634; x_wconf 90' lang='lat' dir='ltr'><strong>loco,</strong></span> <span class='ocrx_word' id='word_1_678' title='bbox 2419 4570 2663 4640; x_wconf 88' lang='lat' dir='ltr'><strong>reliquos</strong></span> <span class='ocrx_word' id='word_1_679' title='bbox 2702 4572 2962 4641; x_wconf 87' lang='lat' dir='ltr'><strong>permiste</strong></span> <span class='ocrx_word' id='word_1_680' title='bbox 3013 4581 3131 4627; x_wconf 89' lang='lat' dir='ltr'><strong>tum</strong></span> <span class='ocrx_word' id='word_1_681' title='bbox 3178 4585 3423 4629; x_wconf 85' lang='lat' dir='ltr'><strong>extremo</strong></span> <span class='ocrx_word' id='word_1_682' title='bbox 3470 4586 3585 4633; x_wconf 93' lang='lat' dir='ltr'><strong>tum</strong></span> 
     </span>
    </p>
   </div>
   <div class='ocr_carea' id='block_1_103' title="bbox 2011 4658 2444 4716">
    <p class='ocr_par' dir='ltr' id='par_1_103' title="bbox 2011 4658 2444 4716">
     <span class='ocr_line' id='line_1_103' title="bbox 2011 4658 2444 4716; baseline 0 -2"><span class='ocrx_word' id='word_1_683' title='bbox 2011 4661 2191 4716; x_wconf 88' lang='lat' dir='ltr'><strong>medio</strong></span> <span class='ocrx_word' id='word_1_684' title='bbox 2222 4662 2273 4713; x_wconf 92' lang='lat' dir='ltr'><strong>in</strong></span> <span class='ocrx_word' id='word_1_685' title='bbox 2302 4658 2444 4715; x_wconf 93' lang='lat' dir='ltr'><strong>loco.</strong></span> 
     </span>
    </p>
   </div>
   <div class='ocr_carea' id='block_1_104' title="bbox 2080 4751 3588 4827">
    <p class='ocr_par' dir='ltr' id='par_1_104' title="bbox 2080 4751 3588 4827">
     <span class='ocr_line' id='line_1_104' title="bbox 2080 4751 3588 4827; baseline 0.005 -20"><span class='ocrx_word' id='word_1_686' title='bbox 2080 4753 2172 4807; x_wconf 84' lang='grc'><strong>55.</strong></span> <span class='ocrx_word' id='word_1_687' title='bbox 2230 4751 2420 4822; x_wconf 85' lang='lat' dir='ltr'><strong>Itaque</strong></span> <span class='ocrx_word' id='word_1_688' title='bbox 2467 4753 2819 4810; x_wconf 90' lang='lat' dir='ltr'><strong>mandatores</strong></span> <span class='ocrx_word' id='word_1_689' title='bbox 2864 4755 3147 4825; x_wconf 86' lang='lat' dir='ltr'><strong>vigilantes</strong></span> <span class='ocrx_word' id='word_1_690' title='bbox 3188 4766 3244 4812; x_wconf 90' lang='lat' dir='ltr'><strong>et</strong></span> <span class='ocrx_word' id='word_1_691' title='bbox 3291 4758 3588 4827; x_wconf 83' lang='lat' dir='ltr'><strong>prudentes</strong></span> 
     </span>
    </p>
   </div>
   <div class='ocr_carea' id='block_1_105' title="bbox 2010 4840 3584 4916">
    <p class='ocr_par' dir='ltr' id='par_1_105' title="bbox 2010 4840 3584 4916">
     <span class='ocr_line' id='line_1_105' title="bbox 2010 4840 3584 4916; baseline 0.006 -22"><span class='ocrx_word' id='word_1_692' title='bbox 2010 4840 2210 4911; x_wconf 84' lang='lat' dir='ltr'><strong>eligere</strong></span> <span class='ocrx_word' id='word_1_693' title='bbox 2256 4850 2511 4912; x_wconf 88' lang='lat' dir='ltr'><strong>oportet,</strong></span> <span class='ocrx_word' id='word_1_694' title='bbox 2568 4853 2622 4899; x_wconf 89' lang='lat' dir='ltr'><strong>et</strong></span> <span class='ocrx_word' id='word_1_695' title='bbox 2649 4845 3054 4914; x_wconf 87' lang='lat' dir='ltr'><strong>bandophoros,</strong></span> <span class='ocrx_word' id='word_1_696' title='bbox 3106 4846 3224 4901; x_wconf 86' lang='lat' dir='ltr'><strong>sive</strong></span> <span class='ocrx_word' id='word_1_697' title='bbox 3269 4846 3584 4916; x_wconf 81' lang='lat' dir='ltr'><strong>signiferos,</strong></span> 
     </span>
    </p>
   </div>
   <div class='ocr_carea' id='block_1_106' title="bbox 2014 4936 3584 5006">
    <p class='ocr_par' dir='ltr' id='par_1_106' title="bbox 2014 4936 3584 5006">
     <span class='ocr_line' id='line_1_106' title="bbox 2014 4936 3584 5006; baseline 0.006 -20"><span class='ocrx_word' id='word_1_698' title='bbox 2014 4945 2275 5002; x_wconf 65' lang='lat' dir='ltr'><strong>praeterea</strong></span> <span class='ocrx_word' id='word_1_699' title='bbox 2303 4936 2440 4990; x_wconf 92' lang='lat' dir='ltr'><strong>duos</strong></span> <span class='ocrx_word' id='word_1_700' title='bbox 2466 4951 2532 4991; x_wconf 78' lang='lat' dir='ltr'><strong>ex</strong></span> <span class='ocrx_word' id='word_1_701' title='bbox 2562 4952 2889 5006; x_wconf 87' lang='lat' dir='ltr'><strong>unaquaque</strong></span> <span class='ocrx_word' id='word_1_702' title='bbox 2915 4937 3162 4991; x_wconf 89' lang='lat' dir='ltr'><strong>cohorte.</strong></span> <span class='ocrx_word' id='word_1_703' title='bbox 3204 4937 3356 4995; x_wconf 91' lang='lat' dir='ltr'><strong>Talis</strong></span> <span class='ocrx_word' id='word_1_704' title='bbox 3402 4951 3584 4996; x_wconf 89' lang='lat' dir='ltr'><strong>autem</strong></span> 
     </span>
    </p>
   </div>
   <div class='ocr_carea' id='block_1_107' title="bbox 2012 5024 3238 5085">
    <p class='ocr_par' dir='ltr' id='par_1_107' title="bbox 2012 5024 3238 5085">
     <span class='ocr_line' id='line_1_107' title="bbox 2012 5024 3238 5085; baseline 0.005 -8"><span class='ocrx_word' id='word_1_705' title='bbox 2012 5024 2255 5081; x_wconf 88' lang='lat' dir='ltr'><strong>delectus</strong></span> <span class='ocrx_word' id='word_1_706' title='bbox 2280 5025 2334 5079; x_wconf 89' lang='lat' dir='ltr'><strong>in</strong></span> <span class='ocrx_word' id='word_1_707' title='bbox 2362 5027 2737 5082; x_wconf 89' lang='lat' dir='ltr'><strong>contuberniis</strong></span> <span class='ocrx_word' id='word_1_708' title='bbox 2760 5026 3105 5085; x_wconf 89' lang='lat' dir='ltr'><strong>adhibendus</strong></span> <span class='ocrx_word' id='word_1_709' title='bbox 3134 5038 3238 5084; x_wconf 88' lang='lat' dir='ltr'><strong>est.</strong></span> 
     </span>
    </p>
   </div>
   <div class='ocr_carea' id='block_1_108' title="bbox 2083 5200 3592 5277">
    <p class='ocr_par' dir='ltr' id='par_1_108' title="bbox 2083 5200 3592 5277">
     <span class='ocr_line' id='line_1_108' title="bbox 2083 5200 3592 5277; baseline 0.003 -21"><span class='ocrx_word' id='word_1_710' title='bbox 2083 5202 2173 5256; x_wconf 87' lang='grc'><strong>56.</strong></span> <span class='ocrx_word' id='word_1_711' title='bbox 2216 5200 2318 5256; x_wconf 91' lang='lat' dir='ltr'><strong>Ubi</strong></span> <span class='ocrx_word' id='word_1_712' title='bbox 2347 5202 2499 5271; x_wconf 88' lang='lat' dir='ltr'><strong>pueri</strong></span> <span class='ocrx_word' id='word_1_713' title='bbox 2526 5202 2659 5256; x_wconf 90' lang='lat' dir='ltr'><strong>nulli</strong></span> <span class='ocrx_word' id='word_1_714' title='bbox 2694 5212 2842 5270; x_wconf 90' lang='lat' dir='ltr'><strong>sunt,</strong></span> <span class='ocrx_word' id='word_1_715' title='bbox 2870 5204 2969 5270; x_wconf 88' lang='lat' dir='ltr'><strong>ibi,</strong></span> <span class='ocrx_word' id='word_1_716' title='bbox 3002 5205 3465 5270; x_wconf 86' lang='lat' dir='ltr'><strong>quemadmodum</strong></span> <span class='ocrx_word' id='word_1_717' title='bbox 3492 5222 3592 5277; x_wconf 89' lang='lat' dir='ltr'><strong>par</strong></span> 
     </span>
    </p>
   </div>
   <div class='ocr_carea' id='block_1_109' title="bbox 2012 5293 3592 5368">
    <p class='ocr_par' dir='ltr' id='par_1_109' title="bbox 2012 5293 3592 5368">
     <span class='ocr_line' id='line_1_109' title="bbox 2012 5293 3592 5368; baseline 0.001 -20"><span class='ocrx_word' id='word_1_718' title='bbox 2012 5303 2119 5358; x_wconf 89' lang='lat' dir='ltr'><strong>est,</strong></span> <span class='ocrx_word' id='word_1_719' title='bbox 2146 5309 2211 5347; x_wconf 83' lang='lat' dir='ltr'><strong>ex</strong></span> <span class='ocrx_word' id='word_1_720' title='bbox 2242 5293 2601 5349; x_wconf 90' lang='lat' dir='ltr'><strong>debilioribus</strong></span> <span class='ocrx_word' id='word_1_721' title='bbox 2630 5294 2899 5351; x_wconf 85' lang='lat' dir='ltr'><strong>militibus</strong></span> <span class='ocrx_word' id='word_1_722' title='bbox 2941 5299 3007 5353; x_wconf 87' lang='lat' dir='ltr'><strong>ad</strong></span> <span class='ocrx_word' id='word_1_723' title='bbox 3056 5298 3445 5368; x_wconf 88' lang='lat' dir='ltr'><strong>impedimenta</strong></span> <span class='ocrx_word' id='word_1_724' title='bbox 3494 5314 3592 5353; x_wconf 82' lang='lat' dir='ltr'><strong>cu—</strong></span> 
     </span>
    </p>
   </div>
   <div class='ocr_carea' id='block_1_110' title="bbox 2014 5383 3586 5458">
    <p class='ocr_par' dir='ltr' id='par_1_110' title="bbox 2014 5383 3586 5458">
     <span class='ocr_line' id='line_1_110' title="bbox 2014 5383 3586 5458; baseline 0.001 -20"><span class='ocrx_word' id='word_1_725' title='bbox 2014 5384 2296 5439; x_wconf 90' lang='lat' dir='ltr'><strong>stodienda</strong></span> <span class='ocrx_word' id='word_1_726' title='bbox 2323 5383 2591 5439; x_wconf 85' lang='lat' dir='ltr'><strong>delectum</strong></span> <span class='ocrx_word' id='word_1_727' title='bbox 2616 5385 2790 5439; x_wconf 86' lang='lat' dir='ltr'><strong>virum</strong></span> <span class='ocrx_word' id='word_1_728' title='bbox 2812 5399 3073 5453; x_wconf 89' lang='lat' dir='ltr'><strong>unum,et</strong></span> <span class='ocrx_word' id='word_1_729' title='bbox 3101 5389 3267 5443; x_wconf 86' lang='lat' dir='ltr'><strong>alium</strong></span> <span class='ocrx_word' id='word_1_730' title='bbox 3295 5388 3586 5458; x_wconf 85' lang='lat' dir='ltr'><strong>quemdam</strong></span> 
     </span>
    </p>
   </div>
   <div class='ocr_carea' id='block_1_111' title="bbox 1867 5510 2100 5585">
    <p class='ocr_par' dir='ltr' id='par_1_111' title="bbox 1867 5510 2100 5585">
     <span class='ocr_line' id='line_1_111' title="bbox 1867 5510 2100 5585; baseline 0.013 -3"><span class='ocrx_word' id='word_1_731' title='bbox 1867 5510 2100 5585; x_wconf 55' lang='lat' dir='ltr'><strong>NOTZE.</strong></span> 
     </span>
    </p>
   </div>
   <div class='ocr_carea' id='block_1_112' title="bbox 395 5617 1909 5706">
    <p class='ocr_par' dir='ltr' id='par_1_112' title="bbox 395 5617 1909 5706">
     <span class='ocr_line' id='line_1_112' title="bbox 395 5617 1909 5706; baseline -0.007 -25"><span class='ocrx_word' id='word_1_732' title='bbox 395 5626 512 5696; x_wconf 73' lang='lat'><strong>(26)</strong></span> <span class='ocrx_word' id='word_1_733' title='bbox 536 5625 687 5706; x_wconf 60' lang='lat' dir='ltr'><strong>~To?)</strong></span> <span class='ocrx_word' id='word_1_734' title='bbox 719 5625 1063 5694; x_wconf 77' lang='grc' dir='ltr'>στρατηγοῦ</span> <span class='ocrx_word' id='word_1_735' title='bbox 1112 5622 1523 5692; x_wconf 60' lang='grc' dir='ltr'>κατίιῃλαςςήν.</span> <span class='ocrx_word' id='word_1_736' title='bbox 1572 5620 1787 5685; x_wconf 84' lang='lat' dir='ltr'><strong>Scribe,</strong></span> <span class='ocrx_word' id='word_1_737' title='bbox 1814 5617 1909 5672; x_wconf 80' lang='grc' dir='ltr'><strong>τοῦ</strong></span> 
     </span>
    </p>
   </div>
   <div class='ocr_carea' id='block_1_113' title="bbox 320 5714 1795 5838">
    <p class='ocr_par' dir='ltr' id='par_1_113' title="bbox 320 5714 1795 5838">
     <span class='ocr_line' id='line_1_113' title="bbox 320 5714 1034 5769; baseline -0.011 -15"><span class='ocrx_word' id='word_1_738' title='bbox 320 5714 562 5769; x_wconf 86' lang='grc' dir='ltr'>στρατου</span> <span class='ocrx_word' id='word_1_739' title='bbox 595 5714 648 5749; x_wconf 91' lang='grc' dir='ltr'><strong>κ.</strong></span> <span class='ocrx_word' id='word_1_740' title='bbox 1027 5718 1034 5723; x_wconf 88' lang='grc'>·</span> 
     </span>
     <span class='ocr_line' id='line_1_114' title="bbox 394 5762 1795 5838; baseline -0.006 -16"><span class='ocrx_word' id='word_1_741' title='bbox 394 5769 514 5838; x_wconf 77' lang='lat'><strong>(‘27)</strong></span> <span class='ocrx_word' id='word_1_742' title='bbox 559 5765 1055 5835; x_wconf 66' lang='lat' dir='ltr'><strong>&#39;Exatortdpzac.</strong></span> <span class='ocrx_word' id='word_1_743' title='bbox 1095 5766 1471 5829; x_wconf 75' lang='lat' dir='ltr'><strong>Seribehatur,</strong></span> <span class='ocrx_word' id='word_1_744' title='bbox 1509 5762 1795 5831; x_wconf 83' lang='grc' dir='ltr'>ὲκτάρχαι.</span> 
     </span>
    </p>
   </div>
   <div class='ocr_carea' id='block_1_114' title="bbox 568 5856 1217 5921">
    <p class='ocr_par' dir='ltr' id='par_1_114' title="bbox 568 5856 1217 5921">
     <span class='ocr_line' id='line_1_115' title="bbox 568 5856 1217 5921; baseline -0.009 -1"><span class='ocrx_word' id='word_1_745' title='bbox 568 5864 840 5921; x_wconf 76' lang='grc' dir='ltr'>ΡΑτιιοι..</span> <span class='ocrx_word' id='word_1_746' title='bbox 875 5862 991 5920; x_wconf 76' lang='lat' dir='ltr'><strong>(in.</strong></span> <span class='ocrx_word' id='word_1_747' title='bbox 1027 5856 1217 5921; x_wconf 84' lang='lat' dir='ltr'><strong>CVll.</strong></span> 
     </span>
    </p>
   </div>
   <div class='ocr_carea' id='block_1_115' title="bbox 2091 5619 3588 5703">
    <p class='ocr_par' dir='ltr' id='par_1_115' title="bbox 2091 5619 3588 5703">
     <span class='ocr_line' id='line_1_116' title="bbox 2091 5619 3588 5703; baseline 0.004 -29"><span class='ocrx_word' id='word_1_748' title='bbox 2091 5621 2204 5691; x_wconf 68' lang='lat'><strong>(28)</strong></span> <span class='ocrx_word' id='word_1_749' title='bbox 2243 5619 2542 5703; x_wconf 71' lang='grc' dir='ltr'>Ἐκάστῃς</span> <span class='ocrx_word' id='word_1_750' title='bbox 2578 5621 2777 5689; x_wconf 59' lang='lat' dir='ltr'><strong>dictae,</strong></span> <span class='ocrx_word' id='word_1_751' title='bbox 2825 5622 3198 5688; x_wconf 84' lang='lat' dir='ltr'><strong>Scribebalur,</strong></span> <span class='ocrx_word' id='word_1_752' title='bbox 3236 5627 3281 5679; x_wconf 84' lang='grc' dir='ltr'>ὲ.</span> <span class='ocrx_word' id='word_1_753' title='bbox 3328 5623 3588 5689; x_wconf 81' lang='grc' dir='ltr'>ἀκακίας,</span> 
     </span>
    </p>
   </div>
   <div class='ocr_carea' id='block_1_116' title="bbox 2020 5703 2512 5761">
    <p class='ocr_par' dir='ltr' id='par_1_116' title="bbox 2020 5703 2512 5761">
     <span class='ocr_line' id='line_1_117' title="bbox 2020 5703 2512 5761; baseline 0.004 -17"><span class='ocrx_word' id='word_1_754' title='bbox 2020 5703 2074 5746; x_wconf 85' lang='grc' dir='ltr'><strong>ιιι</strong></span> <span class='ocrx_word' id='word_1_755' title='bbox 2107 5708 2270 5761; x_wconf 81' lang='lat' dir='ltr'><strong>supra</strong></span> <span class='ocrx_word' id='word_1_756' title='bbox 2304 5708 2512 5747; x_wconf 76' lang='lat' dir='ltr'><strong>tnonun.</strong></span> 
     </span>
    </p>
   </div>
   <div class='ocr_carea' id='block_1_117' title="bbox 3200 5853 3277 5911">
    <p class='ocr_par' dir='ltr' id='par_1_117' title="bbox 3200 5853 3277 5911">
     <span class='ocr_line' id='line_1_118' title="bbox 3200 5853 3277 5911; baseline 0 0"><span class='ocrx_word' id='word_1_757' title='bbox 3200 5853 3277 5911; x_wconf 75' lang='lat'><strong>23</strong></span> 
     </span>
    </p>
   </div>
  </div>
