4022 6438
393 378 502 451 707

1666 367 1944 432 LEONIS
1972 363 2436 428 PHILOSOPHI

3568 354 3679 420 708

399 502 724 576 prudentem
771 495 1000 551 militem
1053 507 1119 548 ac
1180 489 1437 546 idoneum
1497 487 1716 558 signum
1763 482 1982 554 aliquod

2099 479 2265 551 μάρια
2320 478 2491 550 ἄνδρα
2529 475 2646 542 ἕνα,
2690 476 2785 529 καὶ
2821 473 3013 546 ἔτερόν
3055 489 3175 526 τινα
3220 468 3332 523 τῶν
3376 468 3678 542 ἐλλογίμων

401 599 706 665 gestantem
737 583 1070 656 designabis,
1097 595 1262 652 quem
1292 579 1528 647 tuldum,
1549 578 1601 634 id
1618 587 1723 642 est,
1753 590 1977 648 sagma-

399 687 482 740 ria
513 683 628 740 sive
657 677 1048 748 impedimenta
1075 681 1399 744 sequentur.

467 862 557 917 '57.
626 854 1005 915 Contubernia
1056 854 1244 909 omnia
1297 851 1604 915 describes,
1657 860 1713 905 et
1759 865 1883 919 qme
1928 851 1984 903 in

396 953 586 1008 dextra
614 947 880 1014 cohortis,
916 959 1150 1017 quaeque
1177 952 1233 999 et
1272 951 1409 1014 quot
1443 942 1497 996 in
1535 941 1669 996 laeva
1710 943 1843 995 liant
1889 955 1984 995 as-

398 1045 660 1117 signabis.

469 1139 557 1194 58.
600 1134 977 1193 Contubernia
1011 1133 1064 1187 in
1112 1131 1360 1202 quinque
1399 1129 1484 1184 vel
1530 1130 1743 1194 decem,
1789 1138 1883 1184 aut
1929 1131 1984 1184 in

397 1239 636 1300 quatuor
667 1227 752 1281 vel
792 1234 919 1282 octo
963 1225 1045 1279 vel
1083 1223 1319 1278 sedecim
1351 1221 1681 1293 distingues,
1715 1222 1984 1290 quemad-

398 1321 626 1377 modum
655 1316 994 1373 intellexeris
1021 1329 1120 1384 pro
1149 1323 1398 1383 tempore
1430 1313 1536 1366 hoc
1567 1312 1700 1367 utile
1731 1325 1875 1376 esse,
1926 1319 1988 1366 ut

397 1412 801 1470 consuetudine
827 1410 1065 1481 quadam
1111 1407 1388 1477 conjuncti
1415 1404 1851 1460 contubernales
1887 1420 1987 1474 pro

398 1524 459 1564 se
488 1516 682 1561 mutuo
713 1505 769 1559 in
803 1503 1002 1574 proelio
1029 1500 1314 1566 dimicent,
1345 1505 1400 1552 et
1435 1497 1500 1552 ad
1533 1497 1777 1568 pericuia
1807 1499 1986 1553 susci-

400 1599 596 1673 pienda
632 1596 808 1667 magis
851 1595 1182 1651 excitentur.
1227 1591 1438 1646 Ilabeat.
1474 1605 1697 1661 quoque
1744 1589 1983 1659 aliquem

399 1705 750 1747 communem
785 1689 928 1742 inter
960 1701 1021 1742 se
1054 1700 1212 1740 usum
1239 1682 1675 1752 unumquodque
1701 1683 1988 1737 contuber-

399 1785 576 1847 nium,
602 1779 1066 1851 quemadmodum
1102 1788 1263 1832 antea
1288 1775 1731 1846 explanavimus.

2091 571 2152 638 ἐξ
2189 571 2370 626 αὐτῶν
2422 568 2772 642 στρατιωτῶν
2799 568 3074 638 χρήσιμον
3117 564 3256 635 μετὰ
3309 563 3563 634 σημείου,

2087 680 2194 716 τινι
2218 662 2281 716 τὸ
2310 662 2431 716 ὅλον
2458 660 2678 717 τοῦλδον
2720 661 2888 730 ἧγουν
2925 659 2992 713 τά
3030 659 3316 730 σαγμάρια
3359 657 3674 712 ἀκολουθεῖν

2088 755 2417 824 ὀφείλουσιν.
3168 737 3172 741 ⁵

2158 846 2257 909 λζ’.
2307 846 2547 917 Ὀρίσεις
2584 844 2643 898 δὲ
2685 844 2782 898 καὶ
2826 844 2926 907 τὰς
2980 843 3141 904 ἀκίας
3189 842 3354 897 πόσαι
3401 842 3501 895 καὶ
3531 845 3682 895 ποῖαι

2087 938 2361 1008 ὀφείλουσι
2393 936 2542 1002 δεξιὰ
2575 935 2671 990 τοῦ
2705 935 2898 1006 βάνδου
2933 935 3250 999 τάσσεσθαι,
3284 936 3379 988 καὶ
3401 935 3564 988 πόσαι
3585 935 3683 988 καὶ

2088 1033 2241 1085 ποῖαι
2265 1031 2536 1103 ἀριστερὰ
2563 1029 2754 1086 αὐτοῦ.

2157 1125 2260 1194 λη’.
2301 1124 2497 1189 Τάξεις
2527 1123 2586 1178 δὲ
2613 1121 2799 1178 καὶτὰ
2827 1122 3216 1193 κοντουδέρνια
3244 1120 3277 1193 ἢ
3319 1123 3460 1175 κατά
3492 1122 3680 1185 πέντε,

2083 1215 2164 1279 ὡς
2203 1215 2441 1288 εἴρηται,
2494 1216 2528 1287 ἢ
2577 1215 2715 1269 δέκα
2761 1214 2985 1286 ἄνδρας,
3036 1215 3070 1284 ἦ
3124 1215 3265 1267 κατὰ
3311 1214 3603 1286 τέσσαρας,
3642 1210 3679 1284 ἢ

2087 1309 2253 1378 ὀκτὼ,
2299 1308 2334 1381 ἢ
2377 1311 2511 1364 δέκα
2549 1308 2629 1376 ἓξ,
2671 1307 2748 1372 ὡς
2779 1308 2845 1363 ἂν
2874 1307 3166 1376 γινώσκεις
3192 1304 3259 1359 τὸ
3306 1305 3449 1359 κατὰ
3488 1305 3682 1376 καιρὸν

2088 1401 2382 1472 χρήσιμον,
2423 1400 2511 1453 ἵνα
2548 1401 2614 1471 τῇ
2661 1397 2922 1470 συνηθείᾳ
2985 1394 3552 1467 humanam-ﬁne?
3587 1395 3683 1450 ἀλ-

2087 1491 2264 1564 λήλων
2291 1493 2350 1546 έν
2391 1494 2512 1556 ταῖς
2555 1493 2759 1563 μάχαις
2797 1489 3216 1560 ἀγωνιζόμενοι,
3275 1485 3682 1559 χρησιμώτεροι

2089 1584 2229 1655 πρὸς
2279 1584 2532 1654 ἀνδρείαν
2574 1584 2863 1653 γένωνται.
2907 1582 3094 1653 Ἐχειν
3139 1580 3198 1635 δὲ
3248 1580 3446 1645 αὐτοὺς
3495 1583 3684 1653 κοινὴν

2089 1677 2186 1730 καὶ
2221 1677 2320 1748 τὴν
2361 1676 2557 1748 χρείαν
2587 1675 2712 1732 καθ’
2741 1676 2974 1730 ἕκαστον
3003 1670 3438 1744 κοντουϐέρνιον,
3468 1672 3544 1736 ὡς
3578 1673 3683 1745 ἠδη

2090 1768 2595 1842 προδιωρισάμεθα.

466 1875 559 1930 59.
620 1872 928 1928 Prudenter
983 1878 1166 1925 autem
1229 1867 1428 1923 feceris
1484 1866 1529 1921 si
1599 1865 1808 1921 amicos
1856 1879 1982 1920 cum

2163 1861 2261 1916 λθ’.
2295 1861 2706 1934 Φρονιμὼτερον
2721 1860 2776 1914 δὲ
2801 1860 3068 1930 ποιήσεις,
3093 1859 3189 1915 ἐὰν
3218 1859 3409 1932 τάξῃς,
3436 1858 3682 1930 εἰτύχοι,

397 1968 617 2033 amicis,
652 1966 852 2021 fratres
885 1979 1012 2018 cum
1045 1961 1328 2025 fratribus,
1359 1960 1523 2029 idque
1552 1960 1604 2012 in
1642 1958 1759 2028 ipsa
1803 1959 1983 2028 proelii

397 2062 516 2116 acie
550 2059 902 2129 potissimum
944 2053 1302 2124 conjunxeris
1335 2069 1349 2104 :
1384 2051 1607 2121 quando
1649 2051 1796 2104 enim
1839 2051 1986 2120 peri-

397 2153 609 2209 clitanti
635 2152 919 2222 proximus
946 2147 1246 2204 admodum
1279 2146 1494 2200 amicus
1517 2152 1620 2206 est,
1653 2157 1878 2198 necesse
1903 2153 1987 2199 est

397 2263 498 2318 pro
530 2262 617 2312 eo,
647 2259 808 2314 quem
833 2244 1063 2297 charum
1100 2238 1317 2302 habeat,
1344 2236 1649 2291 animosius
1675 2242 1839 2304 atque
1868 2235 1986 2290 ala-

398 2344 548 2398 crius
578 2341 823 2394 dimicet.
855 2337 1006 2390 Alter
1035 2344 1219 2388 autem
1251 2331 1382 2402 quia
1435 2346 1542 2385 non
1591 2328 1821 2384 reddere
1863 2344 1987 2397 gia-

399 2435 533 2487 tiam
561 2433 678 2484 viro
701 2444 800 2500 pro
825 2442 884 2483 se
906 2435 1015 2480 tam
1051 2425 1265 2478 fortiter
1297 2421 1664 2492 propugnanti
1692 2417 1986 2484 erubescit,

400 2525 550 2576 hunc
606 2517 1005 2574 benemeritum
1059 2514 1310 2568 δεδι-τοτε
1365 2522 1418 2564 et
1466 2509 1817 2579 tergiversari
1871 2509 1989 2563 sine

404 2614 604 2668 rubore
631 2625 740 2665 non
766 2618 964 2679 potest.

473 2704 564 2758 40.
630 2699 1007 2756 Contubernia
1059 2706 1266 2759 autem,
1321 2704 1378 2748 ut
1433 2696 1544 2766 jam
1609 2694 1984 2764 prmdiximus.

400 2804 688 2867 propterea
731 2807 760 2846 a
795 2789 1232 2862 provet-tioribus
1261 2788 1425 2842 simul
1457 2795 1510 2841 et
1536 2785 1855 2856 junioribus
1887 2785 1990 2838 mi-

404 2890 596 2944 litibus
631 2886 744 2941 fieri
779 2892 1015 2956 oportet,
1043 2890 1103 2936 ut
1149 2896 1216 2934 ne
1245 2880 1614 2950 pl‘0\'et‘li0l‘P-S
1650 2893 1745 2948 per
1779 2879 1988 2947 seipsos

402 2979 655 3036 collocati
708 2977 917 3033 debiles
972 2985 1138 3044 atque
1194 2972 1498 3026 imbecilles
1557 2972 1684 3034 sint,
1736 2971 1990 3040 juniores

402 3082 611 3138 autem,
650 3083 845 3138 nempe
896 3081 1077 3121 rerum
1117 3063 1378 3133 imperiti,
1427 3062 1862 3133 perturbatiores
1903 3075 1990 3114 re-

2094 1954 2360 2024 άδελφούς
2383 1954 2524 2021 μετὰ
2550 1952 2820 2022 ἀδελφῶν,
2856 1952 2950 2006 καὶ
2972 1950 3160 2020 φίλους
3191 1952 3329 2022 μετὰ
3358 1951 3551 2020 φίλων,
3581 1951 3686 2022 μά·

2088 2048 2244 2100 λιστα
2281 2048 2340 2099 ἐν
2386 2049 2508 2109 ταῖς
2551 2046 2650 2115 τῆς
2695 2045 2874 2115 μάχης
2919 2043 3317 2115 παρατάξεσιν.
3359 2045 3530 2098 Ὅταν
3575 2045 3687 2116 γάρ

2091 2141 2206 2193 ἐστι
2258 2137 2338 2210 τῷ
2391 2137 2756 2192 κινδυνεύοντι
2816 2139 2844 2190 ὁ
2908 2137 3138 2206 πλησίον
3194 2135 3683 2208 προσφιλέστατος,

2089 2231 2306 2302 ἀνάγκη
2337 2231 2432 2286 τὸν
2471 2229 2776 2299 ἀγαπῶντα
2822 2229 3332 2300 φιλοκινδυνότερον
3388 2229 3531 2302 ὑπὲρ
3588 2229 3685 2284 τοῦ

2092 2322 2322 2392 πλησίον
2369 2324 2465 2376 καὶ
2523 2321 2848 2391 φιλουμένου
2893 2321 3279 2390 ἀγωνίζεσθαι.
3339 2323 3451 2376 Καὶ
3493 2322 3557 2393 δή
3600 2339 3687 2385 τις

2091 2413 2408 2485 αἰδούμενος
2434 2414 2507 2484 μὴ
2539 2412 2833 2468 ἀποδοῦναι
2861 2414 3025 2485 χάριν
3048 2412 3127 2483 τῷ
3155 2414 3293 2484 φίλῳ
3320 2406 3396 2467 ὧν
3423 2413 3684 2480 πέπονθε,

2097 2506 2250 2575 φίλον
2314 2505 2631 2575 αἰσχύνεται
2693 2507 3017 2559 καταλιπεῖν
3064 2505 3158 2558 τὸν
3214 2505 3683 2580 εὐεργετήσαντα,

2095 2599 2189 2650 καὶ
2220 2597 2433 2667 πρῶτος
2464 2595 2629 2648 αὐτοῦ
2669 2595 2940 2666 ἄρξασθαι
2970 2591 3173 2667 φυγῆς.

2170 2695 2241 2758 μ’.
2301 2688 2384 2740 Τά
2441 2687 2496 2738 δὲ
2547 2686 2955 2757 κοντουόέρνια,
3011 2687 3087 2750 ὡς
3139 2688 3242 2758 ἥδη
3293 2689 3541 2759 εἴπομεν,
3598 2688 3689 2742 διὰ

2091 2779 2252 2834 τοῦτο
2268 2778 2375 2833 άπὸ
2400 2778 2649 2832 παλαιῶν
2669 2781 2759 2832 καὶ
2782 2779 2918 2832 νέων
2945 2780 3296 2850 στρατιωτῶν
3314 2779 3395 2833 δεῖ
3414 2779 3684 2849 γίνεσθαι,

2094 2874 2181 2926 ἵνα
2239 2871 2372 2942 μηδὲ
2459 2872 2508 2923 oi
2581 2871 2802 2924 παλαιοί⁵
2867 2870 2986 2924 καθ’
3058 2873 3292 2937 ἑαυτοὺς
3358 2873 3686 2942 τασσόμενοι

2092 2964 2338 3026 ἀσθενεῖς
2369 2963 2475 3016 είσι
2510 2963 2604 3016 καὶ
2636 2963 2908 3028 ἀδύνατοι,
2957 2965 3091 3034 μηδὲ
3139 2967 3189 3018 οί
3259 2965 3517 3036 νεώτεροι
3549 2965 3684 3020 ἄτα-

2094 3073 2214 3108 κτοι
2241 3055 2542 3126 εὑρεθῶσιν
2570 3055 2646 3118 ὡς
2697 3055 3009 3128 ἀπείρατοι.
3035 3057 3099 3110 Οί
3127 3058 3227 3128 μὲν
3257 3059 3365 3130 γάρ
3387 3062 3435 3112 εί
3465 3043 3562 3113 καὶ
3594 3075 3688 3127 γε·

401 3165 704 3233 periantur.
736 3159 821 3214 Illi
865 3159 1009 3213 enim
1048 3169 1363 3226 quanquam
1400 3169 1560 3208 senes
1609 3162 1760 3217 sunt,
1799 3165 1980 3207 tamen

2099 3147 2261 3214 ραιοὶ,
2302 3147 2437 3201 ἀλλὰ
2482 3148 2880 3219 πεπειραμένοι
2911 3187 2926 3213 ,
2970 3149 3021 3202 οἱ
3064 3148 3120 3203 δὲ
3172 3151 3222 3202 εί
3265 3150 3686 3232 καὶ-νεάζοντες

399 3250 749 3322 experientes
776 3256 906 3302 sunt
933 3266 944 3300 :
975 3246 1209 3315 juvenes
1237 3253 1443 3307 autem,
1477 3258 1792 3313 quanquam
1816 3242 1985 3298 fortes

401 3351 551 3408 sunt,
584 3351 765 3397 tamen
805 3339 1100 3395 inscientes
1132 3347 1297 3408 atque
1331 3337 1570 3406 imperiti
1598 3345 1750 3390 sunt.

470 3437 560 3492 ιι.
592 3433 931 3490 Cohorlibus
954 3432 1118 3501 igitur
1143 3431 1257 3485 sive
1281 3430 1474 3485 bandis
1495 3430 1562 3483 ad
1589 3430 1732 3483 hunc
1766 3428 1985 3482 modum

399 3527 748 3590 distributis,
810 3524 1054 3595 praefecti
1110 3523 1218 3578 illis
1280 3521 1374 3592 qui
1426 3523 1658 3575 comites
1720 3529 1985 3574 vocantur

399 3619 635 3691 eligendi
668 3628 797 3674 sunt
829 3635 844 3672 :
877 3627 933 3672 et
967 3629 1417 3684 unamquamque
1447 3613 1728 3668 cohortem
1761 3627 1824 3668 ex
1856 3612 1987 3666 viris

404 3711 664 3768 trecentis
701 3711 879 3765 media
931 3709 1169 3778 quadam
1223 3708 1435 3761 ratione
1477 3705 1756 3760 conticies.
1803 3704 1990 3773 Neque

402 3804 654 3877 quamvis
685 3805 957 3874 ingentem
992 3801 1195 3856 habeas
1221 3803 1545 3860 evcrcitum,
1571 3800 1696 3868 plus
1723 3796 1989 3868 quadrina

401 3898 581 3966 gentis
615 3895 746 3950 viris
781 3894 838 3948 in
891 3891 1121 3949 cohorte
1171 3891 1532 3947 collocabis:
1578 3905 1752 3961 neque
1806 3890 1988 3944 minus

400 3991 674 4057 ducentis,
703 3987 1224 4058 quantuluscunque
1252 3984 1418 4040 fuerit
1446 3983 1745 4039 exercitus.

470 4167 561 4222 42.
590 4167 741 4222 ἰδίας
771 4165 1028 4221 cohortes
1057 4161 1420 4234 congregabis
1455 4161 1510 4215 in
1555 4161 1815 4216 cohortes
1863 4158 1986 4212 mil-

400 4261 590 4316 liarias
617 4273 758 4328 quas
806 4257 1070 4325 drungos,
1115 4254 1469 4318 chiliarchas,
1513 4251 1630 4307 sive
1676 4250 1895 4321 μοίρας,
1931 4249 1982 4302 id

398 4360 514 4416 est,
571 4349 898 4419 particulas,
955 4347 1223 4401 vocabant
1279 4344 1514 4412 antiqui,
1564 4357 1796 4412 quorum
1851 4355 1986 4410 pra:-

401 4443 573 4498 fectos
600 4440 850 4494 tribunos
879 4439 992 4492 sive
1020 4435 1349 4490 rhiliarcbos
1383 4444 1436 4489 et
1463 4435 1793 4503 drungarios
1821 4448 1984 4487 voca-

399 4533 547 4588 bant.

467 4713 555 4766 45.
600 4710 710 4765 has
746 4710 908 4778 igitur
939 4708 1194 4763 cohortes
1238 4708 1528 4762 milliarias
1579 4708 1696 4763 sive
1738 4709 1982 4779 drungos

394 4801 643 4858 conferes
682 4804 734 4854 in
760 4809 946 4871 partes
981 4801 1096 4855 sive
1129 4809 1365 4862 turmas,
1392 4808 1446 4853 et
1472 4807 1747 4867 praeerant
1779 4797 1886 4852 illis
1914 4813 1979 4852 ex

394 4894 661 4950 electione
691 4902 882 4949 nostra
939 4894 1085 4963 regia
1120 4893 1442 4958 merarchae,
1492 4905 1632 4960 quos
1669 4905 1816 4944 nunc
1868 4899 1982 4945 tur~

393 4987 672 5051 marches,
714 4987 766 5041 id
803 4995 921 5053 est,
963 4996 1271 5042 turmarum
1309 4983 1595 5054 praefectos
1623 4982 1980 5054 appellamus.

396 5077 521 5133 Illos
551 5076 870 5148 prudentes,
918 5077 1214 5144 modestos,
1265 5088 1518 5130 strenuos
1566 5089 1689 5129 esse
1741 5082 1978 5142 oportet,

391 5172 758 5241 experientes,
792 5180 846 5226 et
879 5169 1189 5225 litterarum
1229 5169 1486 5234 scientes,
1528 5176 1694 5236 atque
1739 5181 1864 5221 eum
1923 5167 1976 5218 in

389 5261 584 5328 primis
634 5261 726 5330 qui
775 5261 965 5315 mediae
1011 5270 1202 5315 turmae
1233 5268 1445 5328 prmest,
1477 5274 1639 5328 quem
1673 5258 1973 5327 principem

391 5353 751 5422 appellamus,
780 5353 872 5422 qui
912 5353 1000 5406 ubi
1059 5366 1199 5421 opus
1239 5360 1345 5418 est,
1383 5351 1733 5419 imperatoris
1789 5350 1972 5402 locum

391 5445 443 5497 in
473 5445 733 5500 omnibus
766 5445 1063 5515 supplebit.

456 5619 548 5672 44.
589 5619 700 5676 Has
737 5622 902 5691 igitur
938 5633 1048 5677 tres
1089 5632 1302 5678 turmas
1348 5624 1689 5678 constituere
1733 5629 1972 5691 oportet,

387 5722 620 5774 quarum
653 5713 884 5782 singulis
915 5729 1187 5782 pra'crunt
1215 5717 1568 5779 turmarchm,
1589 5715 1972 5784 unusquisque

389 5805 578 5850 turmae
609 5817 718 5854 suae
755 5805 1064 5872 praefectus,
1107 5819 1160 5862 ut
1196 5809 1266 5862 sit
1316 5808 1568 5862 universa
1616 5809 1970 5878 imperatoris

2095 3240 2188 3292 καὶ
2217 3239 2471 3310 ἀνδρεῖοι,
2511 3240 2646 3293 ἀλλὰ
2675 3240 2900 3310 ἄπειροί
2932 3242 3092 3295 εἰσιν.

2166 3423 2273 3484 μα’.
2328 3415 2513 3476 Οὐτο›;
2569 3413 2663 3468 οὖν
2714 3417 2823 3468 τῶν
2869 3419 3200 3488 ταγμάτων,
3255 3422 3424 3492 ἤγουν
3477 3423 3686 3492 βάνδων

2089 3507 2502 3579 διαιρουμένων,
2539 3508 2623 3576 ἐφ’
2659 3509 2829 3562 ἑαυτὰ
2879 3511 2985 3580 χρὴ
3031 3512 3323 3582 ἐπιστῆναι
3360 3509 3545 3580 αὐτοῖς
3585 3519 3685 3589 ἄρ·

2091 3618 2282 3671 χοντας
2329 3602 2453 3664 τούς
2501 3601 2830 3671 λεγομένους
2883 3602 3165 3673 κόμητας,
3228 3608 3580 3663 συνίστασθαι
3627 3611 3686 3664 δὲ

2090 3693 2322 3747 ἕκαστον
2363 3694 2550 3761 τάγμα
2594 3694 2702 3746 ὰπὸ
2751 3695 2962 3766 ἀνδρῶν
3014 3697 3343 3767 τριακοσίων
3399 3699 3542 3754 κατὰ
3591 3701 3686 3757 τὸν

2094 3784 2260 3854 μέσον
2292 3785 2512 3855 τρόπον.
2555 3787 2709 3854 Μήτε
2751 3786 2809 3839 δὲ
2851 3788 3014 3841 πλέον
3053 3791 3425 3860 τετρακοσίων
3473 3793 3685 3865 ἀνδρῶν

2091 3875 2152 3929 τὸ
2191 3875 2380 3946 τάγμα
2427 3877 2574 3946 ἔχειν
2619 3877 2834 3949 ὁρίσῃς,
2888 3879 2991 3934 κᾶν
3040 3881 3183 3934 πάνυ
3230 3882 3396 3937 πολὺν
3451 3889 3685 3957 στρατὸν

2092 3965 2247 4037 ἔχῃς,
2289 3971 2425 4035 μήτε
2460 3967 2722 4021 ὑποκάτω
2754 3968 2864 4022 τῶν
2909 3969 3224 4038 διακοσίων,
3260 3974 3360 4029 κάν
3387 3976 3536 4031 ἐστιν
3569 3979 3681 4032 ὀλί-

2090 4072 2186 4124 γος
2213 4058 2241 4109 ὀ
2271 4060 2519 4128 στρατός.

2167 4150 2275 4220 μβ⁹.
2307 4149 2492 4204 Ταῦτα
2513 4152 2570 4206 δὲ
2597 4151 2664 4206 τὰ
2686 4153 2946 4224 τάγματα
2973 4155 3220 4222 συνάξεις
3248 4159 3326 4222 είς
3351 4159 3680 4234 χιλιαρχίας,

2091 4245 2210 4314 ἤτοι
2243 4245 2438 4314 μοίρας
2465 4246 2559 4309 τάς
2607 4245 2910 4316 λεγομένας
2949 4249 3270 4319 δρούγγους.
3307 4254 3417 4306 Καὶ
3449 4255 3682 4325 ἐπιστή-

2094 4353 2207 4400 σεις
2254 4338 2438 4400 αὐτοῖς
2498 4340 2800 4410 μοιράρχας
2849 4343 3190 4412 χρησίμους,
3238 4343 3542 4416 ἀνδρείους,
3586 4351 3682 4402 καὶ

2094 4433 2352 4501 φρονήσει
2388 4433 2483 4484 καὶ
2513 4432 2757 4504 εὐταξίᾳ,
2800 4435 2849 4485 εί
2879 4434 3128 4500 δυνατὸν,
3168 4438 3264 4491 καὶ
3293 4440 3547 4512 εὐγενείᾳ
3585 4446 3683 4496 καὶ

2018 4536 2064 4590 ι)
2096 4520 2328 4592 εὐπορίᾳ
2351 4522 2733 4592 διαφέροντας,
2759 4524 2884 4588 τούς
2905 4523 3230 4596 λεγομένους
3258 4527 3676 4603 δρουγγαρίους,

2089 4609 2183 4673 οὓς
2217 4629 2347 4664 ποτε
2377 4614 2684 4684 χιλιάρχους
2712 4615 2941 4669 ἐκάλουν
2973 4618 3022 4669 ei
3052 4619 3290 4673 παλαιοί.
3409 4673 3411 4682 Α

2161 4702 2271 4772 μγ’.
2310 4704 2420 4768 Τάς
2453 4705 2510 4759 δὲ
2537 4706 2728 4777 μοίρας
2768 4706 2995 4774 ταύτας,
3031 4711 3149 4780 ἦτοι
3181 4712 3307 4776 τοὺς
3353 4714 3676 4786 δρούγγους,

2090 4794 2371 4858 συντάξεις
2397 4799 2476 4858 εἰς
2513 4797 2679 4869 μέρη,
2711 4799 2880 4869 ἤγουν
2912 4801 3183 4873 τούρμας,
3219 4807 3314 4858 καὶ
3354 4787 3680 4878 ἐπιστήσον-

2087 4902 2177 4937 ται
2225 4887 2409 4950 αὐτοῖς
2448 4889 2644 4962 γνώμῃ
2699 4891 2801 4960 τῆς
2842 4891 3124 4962 βασιλείας
3169 4897 3326 4966 ἡμῶν
3377 4901 3675 4970 μεράρχαι,

2089 4977 2140 5030 oi
2166 4977 2451 5050 λεγόμενοι
2497 4999 2628 5036 ποτε
2661 4985 2758 5037 καὶ
2805 4987 3196 5059 στρατηλάται,
3231 4990 3328 5044 νῦν
3359 4971 3520 5063 δεινῇ
3549 5010 3676 5048 συν-

2090 5070 2590 5171 ηθείᾳικαλούμενοι
2614 5077 2978 5149 τουρμάρχαι.
3003 5082 3111 5135 Καὶ
3129 5082 3354 5147 τούτους
3373 5087 3712 5171 φρονίμουςΧ

2087 5160 2182 5213 καὶ
2212 5161 2507 5226 εὐτάκτους
2538 5160 2701 5230 εἶναι,
2740 5169 2834 5220 καὶ
2862 5170 3175 5242 ἐναρέτους,
3220 5174 3314 5226 καὶ
3349 5160 3794 5246 ἐμπείρουςχΧ

2085 5252 2134 5304 εί
2159 5251 2404 5319 δυνατὸν,
2433 5255 2644 5320 εἰδότας
2675 5259 2768 5311 καὶ
2798 5259 3123 5330 γράμματα,
3173 5263 3268 5316 καὶ
3310 5264 3547 5334 μάλιστα
3580 5269 3676 5321 τὸν

2082 5340 2176 5394 τοῦ
2239 5344 2405 5414 μέσου
2462 5346 2660 5418 μέρους
2723 5349 2815 5401 τὸν
2883 5351 3177 5422 λεγόμενον
3235 5355 3671 5428 ὑποστράτηγον,

2089 5435 2393 5502 ὀφείλοντα,
2425 5439 2473 5490 εί
2495 5441 2652 5508 χρεία
2680 5441 2926 5511 γένηται,
2969 5445 3026 5497 έν
3057 5448 3189 5498 πᾶσι
3217 5446 3309 5500 τὸν
3343 5447 3439 5500 τοῦ
3471 5465 3674 5519 στρατ-

2087 5528 2224 5597 ηγοῦ
2251 5529 2416 5584 τόπον
2449 5531 2816 5604 ἀναπληροῦν.

2162 5622 2265 5690 μδ’.
2301 5625 2484 5677 Ταῦτα
2513 5625 2569 5677 δὲ
2594 5628 2659 5678 τὰ
2694 5631 2834 5698 μέρη
2880 5628 3006 5698 τρία
3041 5635 3325 5700 συστῆναι,
3371 5634 3456 5702 ἐφ’
3493 5626 3537 5701 ᾧ
3579 5635 3676 5689 καὶ

2083 5719 2234 5786 τρεῖς
2298 5719 2691 5789 ἐπιστήσονται
2741 5723 3106 5792 τουρμάρχαι,
3155 5719 3236 5786 εἷς
3274 5724 3504 5788 ἕκαστος
3540 5727 3672 5780 ἰδίου

2089 5810 2288 5882 μέρους
2331 5813 2535 5881 ἄρχων,
2577 5813 2715 5864 ὥστε
2765 5810 2903 5868 εἶναι
2944 5815 3035 5867 τοῦ
3078 5817 3278 5882 παντὸς
3313 5819 3544 5890 στρατοῦ
3571 5819 3670 5889 τὴν
