4022 6434
337 396 443 460 709

1412 391 1746 452 TACTICA.
1800 416 1869 428 —
1905 388 2411 452 CONSTITUTIO
2443 390 2541 451 IV.

3490 393 3600 461 710

340 506 624 576 ἀνωτάτην
646 504 844 575 τομὴν,
876 502 1004 573 τρία
1043 501 1185 573 μέρη
1230 502 1517 575 ἰσάριθμα,
1557 506 1726 575 ἤγουν
1765 503 1927 575 τούρ.

2063 505 2304 560 xercitus
2336 504 2421 560 sui
2456 503 2656 560 divisio
2699 502 2754 559 in
2806 512 2921 560 tres
2968 505 3208 575 aequales
3261 514 3443 576 partes
3488 508 3604 565 sive

344 617 467 672 μας,
522 596 773 652 τουτέστι
828 594 1016 665 μέσον,
1067 594 1288 665 ἄριστόν
1316 595 1429 662 (29)
1473 613 1530 649 τε
1583 595 1680 649 καὶ
1724 596 1918 660 δεξιόν.

340 693 522 747 Ταῦτα
552 692 699 744 ποιεῖ
724 690 824 757 τὴν
873 687 1056 740 πᾶσαν
1086 687 1186 758 τὴν
1232 686 1338 741 ὑπὸ
1368 688 1447 758 τῷ
1493 687 1786 758 στρατηγῷ
1831 705 1923 740 τε-

336 782 633 852 ταγμένην.

407 870 510 942 με’.
541 873 663 944 Χρὴ
683 872 760 936 δὲ,
795 872 870 936 ώς
904 869 1140 943 εἴρηται,
1170 871 1245 940 μὴ
1276 868 1464 939 τάγμα
1492 869 1655 923 πλέον
1688 870 1798 923 τῶν
1832 888 1925 923 τε-

334 963 643 1036 τρακοσίων
706 963 920 1035 ἀνδρῶν
967 963 1258 1032 γίνεσθαι,
1309 963 1477 1034 ῆγουν
1518 962 1581 1015 τὸ
1611 961 1706 1015 τοῦ
1749 964 1923 1034 κόμη-

335 1075 424 1119 10;
447 1056 558 1129 (50)
583 1055 772 1126 βάνδον
788 1071 804 1087 ⁸
829 1056 967 1127 μήτε
983 1054 1247 1126 δροῢγγον
1268 1056 1431 1107 πλέον
1460 1053 1568 1108 τῶν
1586 1055 1922 1125 τρισχιλίων*

339 1148 476 1219 μήτε
507 1146 747 1218 τοῦρμαν
766 1146 928 1200 πλέον
955 1146 1065 1200 τῶν
1090 1146 1280 1211 ἑξάκις
1305 1144 1518 1217 χιλίων.

408 1338 527 1410 με’.
553 1337 615 1392 Εἰ
658 1336 716 1390 δὲ
752 1335 932 1406 συμϐῇ
987 1333 1151 1388 πλέον
1194 1332 1291 1386 τοῦ
1315 1332 1598 1403 λεχθέντος
1624 1330 1823 1402 μέτρου
1848 1326 1925 1383 εἴ.

334 1450 425 1486 ναι
457 1431 551 1484 τὸν
594 1427 845 1499 στρατὸν,
900 1425 1119 1479 κάλλιόν
1169 1426 1317 1476 ἐστιν
1350 1422 1549 1488 ἔξωθεν
1576 1422 1685 1475 τῶν
1720 1423 1926 1492 μερῶν,

334 1526 456 1594 ῆτοι
483 1521 591 1575 τῶν
611 1518 962 1589 τουρμαχιῶν
990 1517 1123 1586 (51),
1154 1518 1211 1569 ὲν
1228 1515 1457 1587 δευτέρᾳ
1476 1515 1629 1580 τάξει
1660 1513 1927 1567 καθίστα-

338 1616 483 1679 σθαι,
535 1613 703 1685 ἤγουν
736 1613 795 1664 ὲν
819 1614 883 1678 τῇ
920 1608 1145 1663 ὄπισθεν
1204 1609 1306 1677 τῆς
1368 1608 1658 1676 προμάχου
1720 1604 1929 1669 τάξεως

339 1707 657 1778 παραταγῇ,
688 1704 747 1756 ὲν
777 1701 1113 1772 ὑποῦοηθείᾳ
1144 1700 1238 1753 καὶ
1267 1700 1348 1762 είς
1377 1698 1623 1769 φυλακὴν
1647 1697 1755 1750 τῶν
1790 1697 1929 1750 πλα-

336 1800 475 1867 γίων
509 1798 713 1869 μερῶν,
732 1798 829 1850 καὶ
861 1796 942 1858 είς
965 1792 1375 1861 νωτοφύλακας,
1418 1790 1518 1845 καὶ
1568 1791 1649 1853 είς
1680 1790 1925 1860 ἐνέδρας,

336 1891 459 1960 1ἤτοι
503 1886 912 1960 ὲγκρύμματα,
962 1886 1057 1939 καὶ
1110 1887 1190 1948 είς
1247 1881 1551 1945 κυκλώσεις
1605 1882 1715 1937 τῶν
1766 1882 1927 1934 πολε-

340 1984 502 2052 μίων.

410 2073 521 2145 μζ.
547 2072 659 2127 Καὶ
710 2071 851 2143 μήτε
876 2070 975 2134 τὰς
1003 2068 1271 2139 τούρμας,
1305 2084 1443 2137 μητε
1471 2067 1597 2130 τοὺς
1627 2066 1926 2137 δρούγγουι,

342 2148 842 2234 μείζοναςλποιεῖν,
904 2163 992 2216 ἵνα
1030 2160 1105 2233 μὴ
1135 2162 1212 2225 ώς
1252 2159 1463 2230 μεγάλα
1519 2159 1614 2211 καὶ
1649 2158 1744 2212 ἐπὶ
1792 2157 1928 2211 πολὺ

339 2258 693 2327 ὶκτεινόμενα
720 2256 919 2327 ἀπειθῆ
941 2255 1077 2325 πρὸς
1099 2254 1168 2309 τά
1195 2252 1653 2324 παραγγέλματα,
1682 2253 1777 2305 καὶ
1800 2267 1930 2319 συγ·

340 2352 620 2421 κεχυμὲνα
646 2348 968 2419 εὗρεθῶσιν.

414 2526 530 2598 μη⁹.
568 2526 730 2581 Ἀλλὰ
778 2526 875 2579 καὶ
903 2525 1092 2596 ἕτερον
1135 2541 1217 2577 σοι
1263 2524 1535 2595 χρήσιμον
1593 2523 1930 2593 παραινέσω,

339 2622 484 2674 ὥστε
533 2621 610 2690 μὴ
637 2619 818 2673 πάντα
846 2618 914 2670 1i:
939 2616 1198 2686 τάγματα
1226 2617 1346 2685 ῆτοι
1405 2615 1572 2684 βάνδα
1606 2613 1933 2684 ἐπιτηδεύῃς

342 2712 562 2773 πάντως
589 2712 679 2763 ῖσα
715 2710 909 2761 ποιεῖν·
949 2707 1034 2759 ἵνα
1069 2708 1142 2778 μὴ
1159 2710 1223 2760 ὲκ
1257 2705 1351 2759 106
1377 2706 1615 2778 ἀριθμοῦ
1650 2706 1758 2759 τῶν
1808 2705 1935 2775 βάν-

340 2806 454 2858 δων
504 2802 869 2873 εὐαρίθμητος
917 2802 1029 2863 τοῖς
1064 2801 1283 2869 ἐχθροῖς
1321 2801 1349 2852 ὁ
1376 2800 1605 2870 στρατὸς
1639 2798 1751 2869 (52)
1779 2798 1938 2869 γένη-

342 2896 624 2966 ται,ὅπερ
647 2893 910 2955 πολλάκις
952 2891 1196 2961 μεγάλας
1231 2890 1485 2960 προξενεῖ
1554 2890 1652 2953 τὰς
1706 2890 1933 2960 βλάϐας.

354 2987 523 3040 Ἀλλὰ
568 2984 728 3039 τοῦτο
775 2983 1085 3053 φυλάττειν,
1125 2982 1261 3053 μηδὲ
1290 2982 1397 3034 τῶν
1425 2979 1468 3032 υ⁷
1496 2980 1728 3051 ἀνδρῶν,
1756 2979 1832 3041 ὡς
1863 2980 1939 3031 εῐ-

345 3096 547 3150 πομεν,
581 3078 761 3137 πλέον.
793 3075 927 3146 μηδὲ
953 3074 1059 3127 τῶν
1086 3072 1376 3127 διακοσίων
1403 3071 1612 3143 ἀνδρῶν
1636 3070 1938 3139 ὀλιγώτερα

345 3173 604 3241 γενέσθαι
637 3171 799 3224 αὐτά.

418 3264 534 3336 μθ’.
590 3265 681 3317 Διὸ
731 3262 990 3326 πολλάκις
1038 3261 1133 3315 καὶ
1182 3259 1525 3312 καθέκαστυν
1571 3256 1780 3324 τάγμα,
1841 3254 1938 3305 ἐὰν

344 3358 443 3412 δύο
499 3356 665 3427 βάνδα
728 3353 1084 3425 εὐτρεπίζῃς,
1152 3349 1547 3420 ἀναφαίνεσθαι
1599 3348 1800 3418 (55)ὲν
1860 3344 1938 3416 τῷ

348 3449 531 3520 καιρῷ
550 3449 650 3519 τῆς
675 3449 766 3500 τοῦ
794 3447 1040 3517 πολέμου
1081 3443 1361 3514 συμϐολῆς
1410 3442 1509 3494 οὐκ
1560 3440 1834 3511 ἄχρηστον
1860 3439 1941 3501 είς

348 3542 407 3595 τὸ
437 3538 785 3607 καταπλῆξαι
852 3543 979 3600 τοὺς
1028 3533 1342 3602 πολεμίους.
1394 3532 1514 3600 Χρή
1555 3529 1611 3582 δὲ
1646 3526 1943 3599 ἀφορισθῆ-

350 3654 439 3690 ναι
494 3635 602 3687 ἀπὸ
657 3633 889 3687 ἑκάστου
944 3628 1134 3699 βάνδου
1163 3627 1242 3688 εἰς
1266 3625 1365 3687 τὰς
1399 3622 1703 3690 ἀναγκαίας
1732 3619 1941 3689 χρείας,

348 3730 423 3792 ώς
456 3726 699 3797 εῐρηται,
758 3724 886 3784 τοὺς
928 3719 1282 3791 μανδάτωρας
1316 3714 1652 3784 ἀγρύπνους,
1691 3711 1788 3763 καὶ
1814 3725 1944 3761 συν-

351 3820 534 3884 ετοίις,
563 3818 659 3871 καὶ
694 3814 950 3886 γοργοὺς,
990 3811 1084 3864 καὶ
1116 3808 1416 3879 εὐφώνους,
1451 3805 1681 3867 εἰδότας,
1707 3804 1756 3855 εί
1780 3802 1944 3854 δυνα-

352 3915 470 3975 τὸν,
493 3911 587 3965 καὶ
610 3909 894 3978 διαφόροις
923 3902 1201 3973 γλώσσαις
1230 3902 1417 3953 καλεῖν
1453 3898 1590 3967 (54).

422 4002 493 4059 ν’.
530 4005 644 4057 Καὶ
693 3999 1122 4072 βουκινάτωρας,
1180 3996 1377 4057 οἵτινες
1416 3993 1475 4045 ἐν
1514 3990 1693 4061 καιρῷ
1725 3990 1793 4041 τὰ
1824 4006 1949 4041 συν-

355 4096 469 4166 ήθη
502 4094 847 4157 σαλπίζουσι.
900 4089 1286 4158 Σαμιάτωρας,
1321 4083 1661 4150 τοξοποιοὺς,
1714 4096 1945 4148 σαγγιτο

356 4188 633 4250 τοποιοὺς,
671 4185 767 4239 καὶ
793 4184 920 4247 τοὺς
952 4180 1173 4243 λοιποὺς
1195 4177 1332 4249 πρὸς,
1376 4176 1475 4246 τὴν
1503 4173 1563 4238 ἐξ
1594 4174 1747 4236 ἔθους
1766 4170 1949 4225 διατύ-

358 4294 562 4332 πωσιν.

430 4463 536 4511 να⁰.
563 4452 994 4526 Προσαφορίσεις
1032 4450 1089 4503 δὲ
1138 4450 1232 4503 καί
1284 4465 1435 4509 τινας
1480 4448 1605 4508 τοὺς
1643 4443 1954 4512 ὀφείλοντας

2024 603 2256 659 turmas,
2285 598 2339 649 in
2368 595 2641 662 dextram,
2674 596 2911 650 mediam
2935 606 2989 651 et
3017 596 3318 651 sinistram.
3351 596 3475 653 Haec
3501 600 3604 653 tria

2025 686 2336 740 universam
2369 688 2543 740 aciem
2583 687 2887 754 continent,
2922 703 3046 758 quae
3095 689 3201 742 sub
3252 689 3604 758 imperatoris

2024 776 2366 832 dominatum
2401 778 2710 846 subjicitur.

2094 866 2184 921 45.
2243 864 2472 936 Oportet
2515 868 2720 937 igitur,
2774 868 3236 938 quemadmodum
3284 872 3605 939 praedictum

2025 969 2133 1027 est,
2184 977 2363 1031 neque
2417 963 2697 1017 cohortem
2758 963 2872 1017 sive
2915 963 3153 1018 bandum
3208 966 3429 1020 comitis
3483 966 3606 1035 plus

2026 1055 2439 1126 quadringentis
2485 1064 2700 1119 tenere,
2739 1072 2917 1126 neque
2965 1058 3246 1113 cohortem
3293 1058 3605 1112 milliariam

2027 1146 2143 1201 sive
2164 1147 2436 1216 drungum
2472 1148 2594 1216 plus
2630 1149 2805 1203 tribus
2851 1148 3115 1214 millibus,
3151 1164 3331 1221 neque
3370 1160 3606 1204 turmam

2029 1238 2153 1307 plus
2185 1254 2279 1291 se:
2315 1237 2576 1292 millibus.
3030 1262 3033 1263 ν

2094 1329 2284 1384 46.δί
2327 1344 2457 1385 vero
2502 1331 2784 1401 contingat
2829 1329 3094 1399 majorem
3142 1348 3431 1388 numerum
3485 1348 3613 1388 esse

2029 1423 2305 1475 exercitus
2328 1436 2494 1491 quam
2520 1422 2841 1490 pnedictum
2864 1432 2969 1487 est,
3000 1424 3269 1492 optimum
3303 1440 3425 1478 esse
3453 1433 3609 1479 extra

2032 1520 2242 1565 turmas
2278 1528 2403 1566 eum
2442 1512 2495 1565 in
2534 1514 2776 1567 secunda
2817 1518 2957 1581 acie,
2997 1515 3048 1568 id
3082 1524 3188 1581 est,
3216 1524 3339 1585 post
3379 1517 3609 1585 primam

2030 1605 2204 1658 aciem
2231 1605 2285 1658 in
2317 1604 2580 1660 subsidiis
2606 1606 2901 1671 collocare,
2932 1608 3017 1662 vel
3054 1608 3119 1661 ad
3160 1609 3389 1661 laterum
3421 1615 3611 1661 custo-

2032 1697 2174 1761 dias,
2205 1698 2271 1751 ad
2312 1699 2633 1767 tergistites,
2667 1699 2737 1753 ad
2773 1700 3027 1767 insidias,
3064 1700 3130 1754 ad
3157 1700 3475 1755 obsidiones
3512 1700 3612 1755 bo-

2035 1789 2200 1844 stium
2230 1789 2552 1845 transferre.

2092 2073 2183 2128 4'7.
2218 2073 2405 2143 Neque
2451 2074 2616 2145 igitur
2661 2084 2877 2142 turmae,
2911 2092 3089 2147 neque
3133 2077 3353 2148 drungi,
3401 2077 3454 2131 id
3503 2086 3612 2143 est,

2030 2166 2286 2222 cohortes
2336 2167 2652 2232 milliaria,
2693 2169 2931 2237 majores
2982 2171 3089 2224 sint
3148 2171 3231 2224 vel
3284 2171 3417 2225 ﬁant
3447 2187 3616 2241 quam

2034 2258 2347 2325 pmdictum
2377 2266 2480 2323 est,
2506 2268 2678 2325 utne,
2707 2260 2751 2313 si
2785 2260 2839 2312 in
2862 2260 3097 2329 aliquem
3125 2260 3389 2329 majorem
3422 2276 3615 2314 nume-

2032 2362 2153 2400 rum
2196 2348 2614 2416 producantur,
2641 2350 2826 2401 minus
2883 2340 3199 2403 obedientes
3241 2350 3526 2418 imperatis
3563 2358 3620 2404 et

2036 2440 2465 2509 perturbatiores
2492 2441 2863 2495 inveniantur.

2103 2532 2192 2585 48.
2216 2536 2392 2602 Atque
2418 2534 2523 2588 hoc
2556 2534 2650 2587 tibi
2682 2536 3155 2603 pernecessarium
3190 2551 3315 2593 esse
3336 2536 3615 2598 existimo,

2036 2628 2097 2672 ut
2146 2622 2329 2674 omnia
2375 2621 2551 2675 banda
2612 2624 2726 2677 sive
2758 2626 3012 2679 cohortes
3058 2642 3406 2697 nequaquam
3466 2626 3615 2697 pari:

2038 2723 2268 2761 numero
2302 2709 2445 2762 inter
2472 2725 2528 2763 se
2552 2708 2746 2772 facias,
2780 2726 2847 2766 ne
2877 2722 2989 2766 tum
3022 2715 3379 2769 numerabilis
3408 2715 3623 2770 exerci-

2039 2808 2127 2855 tus
2157 2811 2283 2856 tuus
2315 2800 2606 2856 confestim
2644 2803 2757 2866 ﬁat,
2796 2818 2917 2870 qua:
2953 2819 3041 2857 res
3074 2805 3440 2859 maximorum
3476 2820 3622 2874 saepe

2038 2887 2306 2940 malorum
2329 2902 2493 2942 causa
2521 2897 2624 2942 est.
2655 2888 2769 2944 Hoc
2802 2904 2984 2945 tamen
3017 2894 3405 2962 perdiligenter
3435 2896 3622 2950 obser-

2037 2978 2278 3033 vandum
2310 2989 2413 3043 est,
2448 2990 2506 3034 ut
2532 2997 2599 3034 ne
2624 2981 2807 3049 plures
2829 2984 3265 3054 quadringentis,
3291 3000 3466 3053 neque
3488 3001 3624 3054 pau-

2041 3070 2220 3126 ciores
2252 3071 2504 3127 ducentis
2537 3075 2589 3128 in
2623 3076 2802 3129 bando
2833 3077 2948 3131 sive
2983 3077 3208 3131 cohorte
3255 3079 3619 3132 collocentur.

2114 3254 2203 3308 49.
2236 3254 2419 3321 Quare
2444 3272 2890 3326 unamquamque
2919 3258 3201 3313 cohortem
3230 3258 3273 3312 si
3298 3258 3436 3313 duas
3456 3274 3624 3330 appa-

2044 3358 2168 3398 rere
2235 3344 2426 3407 facias,
2459 3362 2702 3415 perszepe
2744 3347 2835 3401 ubi
2886 3348 3283 3416 conﬂigendum
3315 3364 3437 3402 cum
3469 3348 3627 3403 hoste

2043 3432 2230 3495 fuerit,
2268 3449 2375 3487 non
2409 3434 2602 3487 inutile
2626 3436 2690 3486 ad
2719 3433 3251 3502 perterrefacieudos
3279 3432 3627 3487 adversarios

2045 3523 2171 3577 erit.
2202 3519 2430 3591 Oportet
2457 3532 2640 3575 autem
2667 3521 2738 3576 ab
2762 3535 3093 3589 unoquoque
3124 3521 3302 3575 bandu
3327 3520 3394 3574 ad
3432 3536 3625 3576 neces-

2044 3612 2220 3668 sarios
2267 3627 2399 3665 usus
2445 3610 2709 3680 separari,
2746 3618 2804 3664 ut
2845 3610 3055 3664 dictum
3107 3618 3214 3672 est,
3272 3610 3627 3665 mandatorcs

2044 3704 2357 3773 vigilantes,
2391 3704 2711 3771 prudentes,
2749 3718 2924 3769 acres,
2952 3702 3189 3764 vocales,
3215 3703 3335 3761 etsi
3367 3702 3481 3757 ﬁeri
3508 3717 3632 3773 pos-

2047 3798 2139 3859 sit,
2174 3797 2471 3850 multarum
2510 3796 2822 3866 linguarum
2854 3796 3243 3866 intelligemus.

2118 3976 2210 4031 50.
2245 3975 2310 4029 Et
2343 3975 2723 4029 buccinatores
2750 3987 2967 4043 quoque
3005 3973 3120 4043 qui,
3160 3972 3378 4040 quando
3412 3971 3631 4027 occasio

2051 4064 2174 4129 l‘erl,
2195 4063 2583 4116 bur-cinabunt.
2600 4061 2956 4125 Samiatores,
2976 4060 3027 4115 id
3046 4070 3151 4126 est,
3171 4061 3260 4130 qui
3279 4076 3472 4115 omnes
3484 4061 3633 4117 acies

2052 4154 2258 4209 ferreas
2289 4162 2584 4209 exacuunt.
2619 4151 2826 4207 Fahros
2857 4152 3161 4218 arcuarios,
3193 4160 3249 4206 et
3295 4153 3633 4221 sagittarios,

2051 4246 2402 4315 reliquosque
2433 4245 2531 4325 qui
2555 4245 2622 4299 ad
2656 4259 2837 4299 rerum
2866 4253 3258 4299 consuetarum
3288 4244 3634 4303 ell‘ectionem

2056 4337 2358 4405 pertinent.

2126 4426 2214 4480 5|.
2248 4425 2565 4482 Constitues
2603 4427 2767 4480 etiam
2810 4424 2904 4494 qui
2949 4438 3040 4480 res
3086 4425 3321 4482 amissas
3352 4426 3638 4483 collecturi

357 4550 428 4603 τὰ
455 4516 950 4618 εὑρισκόμενα-τῶν
971 4539 1362 4610 ἀπολλυμένων
1395 4536 1669 4603 συνάγειν,
1706 4533 1801 4587 καὶ
1818 4534 1937 4585 ἀπο

2058 4526 2110 4572 et
2132 4517 2374 4572 dominis
2400 4519 2516 4572 suis
2546 4516 2855 4572 rcstituturi
2888 4516 3019 4572 sint.

359 4641 566 4695 διδόναι
594 4639 705 4701 τοῖς
741 4635 951 4704 κυρίοις
980 4632 1182 4687 αὐτῶν.

435 4730 538 4801 νβ.
570 4730 781 4798 Ὥσπερ
813 4726 869 4780 δὲ
911 4726 1001 4779 ἐπὶ
1030 4723 1125 4777 106
1157 4720 1376 4775 τούλδου
1407 4716 1517 4772 τῶν
1567 4713 1950 4785 καὸαλλαρίων

364 4824 668 4890 ἀναγκαῖον
707 4819 889 4888 ὁρίσαι
912 4818 1038 4880 τοὺς
1079 4815 1399 4885 ὀφείλοντας
1423 4810 1712 4879 ἐπιστῆναι
1749 4809 1950 4876 ἄρχον-

364 4932 489 4980 τας,
543 4911 713 4975 οὓτως
762 4911 857 4965 καὶ
887 4909 981 4964 ἐπὶ
1032 4906 1129 4961 τοῦ
1157 4906 1376 4959 τούλδου
1411 4906 1528 4975 ἦτοι
1574 4900 1681 4954 τῶν
1709 4897 1954 4969 ἁμαξέων

368 5008 471 5077 τῆς
507 5004 737 5072 πεζικῆς
798 5001 1007 5065 τάξεως
1038 4988 1327 5069 ἀφορίσειξ
1366 4995 1541 5058 τινὰς,
1577 4990 1656 5055 οἷς
1678 4991 1953 5060 ὀφείλουσι

370 5098 662 5153 πείθεσθαι
695 5097 744 5150 οί
775 5095 869 5149 τοῦ
893 5093 1191 5163 λεγομένου
1224 5088 1489 5158 καραγοῦ.

444 5189 546 5259 νγ’.
591 5186 848 5259 Καραγὸς
894 5187 1002 5256 γὰρ
1032 5185 1253 5252 λέγεται
1287 5185 1314 5236 ὁ
1343 5182 1430 5235 διὰ
1458 5180 1568 5233 τῶν
1612 5176 1838 5248 ἁμαξῶν
1865 5174 1961 5227 καὶ

373 5279 641 5349 τριὸόλων
692 5279 790 5332 καὶ
841 5276 947 5329 τῶν
1004 5275 1180 5330 ἄλλων
1213 5273 1473 5343 μηχανῶν
1499 5271 1784 5339 γινόμενος
1807 5281 1961 5335 περι-

374 5370 604 5442 ορισμὺς
633 5370 715 5433 είς
743 5367 1049 5436 ἀσφάλειαν
1074 5364 1169 5419 τοῦ
1200 5362 1460 5435 στρατοῦ.

2131 4720 2219 4775 52.
2247 4718 2719 4787 Quemadmodum
2752 4718 2900 4774 enim
2947 4718 3017 4772 ad
3065 4719 3454 4789 impedimenta
3485 4721 3644 4791 equi-

2058 4823 2175 4869 tum
2201 4810 2554 4884 gubcrnanda
2579 4810 2819 4881 przelecti
2849 4809 3220 4865 constituendi
3255 4818 3425 4874 sunt,
3466 4812 3546 4867 sic
3576 4813 3645 4867 ad

2062 4904 2448 4974 impedimenta
2497 4901 2833 4972 pedestrium
2875 4899 3041 4969 eliges
3070 4900 3338 4969 quosdam
3363 4940 3378 4964 ,
3418 4902 3642 4971 quibus,

2064 4998 2155 5069 qui
2190 4997 2255 5052 ad
2292 5012 2548 5065 caragum
2582 4995 2876 5064 pertinent,
2906 4993 3228 5047 obedientes
3254 4995 3387 5048 sint.

2138 5175 2229 5230 5³5.
2259 5175 2507 5245 Caragus
2559 5171 2761 5226 dicitur
2803 5186 2868 5226 ex
2916 5171 3091 5226 carris
3134 5180 3186 5227 et
3222 5171 3433 5228 bellicis
3484 5170 3646 5226 rebus

2071 5267 2303 5323 munitio
2329 5265 2401 5322 ad
2429 5263 2729 5319 exercitum
2762 5260 3185 5317 defendendum.

1867 5492 2102 5551 ΝΟΤᾸΞ.

460 5622 571 5693 (29)
600 5623 827 5687 Μέσον,
859 5620 1126 5693 ἅριστόῖ.
1175 5616 1617 5693 ScribeLpésov,
1648 5614 1953 5693 ἀριστερόν.

607 5695 717 5747 Τοῦ
748 5682 1028 5763 accipin-70g.
1066 5690 1161 5744 Sic
1188 5692 1356 5743 codex
1386 5682 1746 5742 Pistorlautis'.
1770 5682 1956 5739 Recte.

387 5759 766 5825 Scribebat'ur,
797 5759 890 5815 τοῦ
931 5765 1158 5830 κόσμου.

464 5832 573 5905 (51)
610 5831 1007 5902 Τουρμαχιῶν.
1038 5825 1236 5886 Scribe
1274 5825 1657 5898 τουρμαρχῶν.

2140 5609 2252 5681 (52)
2280 5607 2468 5681 Codex
2490 5606 2897 5681 Laurentianus
2929 5603 3091 5681 habet
3120 5602 3423 5676 στρατηγός

2142 5675 2253 5749 (55)
2280 5680 2414 5735 Cod.
2450 5678 2611 5749 Laur.
2640 5675 3074 5749 ἀναδείκνυσθαι.

2147 5742 2257 5819 (54)
2286 5749 2524 5803 Καλεῐν.
2579 5748 2637 5803 In
2675 5745 3006 5820 _Pistoriano
3065 5744 3257 5802 codice
3304 5749 3428 5801 erat
3478 5742 3657 5799 λαεϊν.

2081 5822 2277 5877 Scribe
2306 5820 2507 5875 λαλεῖν.
