4022 6438
376 372 476 442 711
1634 370 1909 430 LEONIS
1944 365 2407 429 PHILOSOPl-Il
3515 362 3623 429 712

446 490 532 545 54.
566 486 623 543 in
650 497 977 554 unaquaque
1016 491 1193 535 turma
1235 494 1403 531 unum
1457 494 1731 533 summum
1760 479 1942 548 raragi

2123 473 2217 532 νδ’.
2257 474 2367 526 Kal.
2391 472 2510 526 καθ’
2539 473 2767 525 ἕκαστον
2810 472 2994 543 μέρος,
3031 472 3119 526 ἵνα
3150 470 3364 543 πρῶτοι
3393 472 3503 543 (55)
3534 474 3627 525 τὸν

377 579 688 648 przel'ectum
724 590 843 631 esse
877 583 1113 642 oportet,
1143 579 1196 623 et
1224 570 1437 639 signum
1484 569 1724 639 aliquod,
1756 586 1947 638 quem-

2073 568 2238 637 ἱρχειν
2272 566 2575 635 ὀφείλοντα,
2631 566 2725 617 καὶ
2775 568 2999 635 σημεῖον
3021 566 3096 628 ώς
3120 567 3213 619 ἐπὶ
3255 567 3364 619 τῶν
3420 569 3630 623 ἱππέων

378 667 668 722 admodum
719 665 773 718 in
825 663 1000 731 equis,
1036 661 1113 715 sic
1146 661 1197 711 in
1242 658 1418 712 bobus
1457 658 1752 726 unicuique
1773 654 1948 710 ordini

2073 656 2319 709 ιντιθέναι
2343 657 2423 717 είς
2454 656 2551 716 τὰς
2579 652 2706 723 βοῦς
2728 654 2856 707 ἴδιον
2904 655 3137 708 ἑκάστου
3168 656 3427 725 ἀριθμοῦ,
3462 658 3548 710 ἵνα
3564 659 3629 711 ἐκ

380 758 649 825 privatum
692 752 960 815 adhiberi,
988 761 1049 805 ιιι
1090 749 1247 804 facile
1284 749 1539 817 cognosci
1582 757 1636 803 et
1672 748 1880 803 adverti
1917 760 1949 800 a

2073 746 2151 815 ςῆς
2188 746 2355 817 χρόας
2397 745 2492 798 τοῦ
2545 744 2771 814 σημείου
2802 747 3035 816 φανεραὶ
3062 747 3173 809 τοῖς
3201 748 3351 809 ἰδίοις
3398 748 3630 803 ἑκάστου

378 847 493 901 suis
526 845 755 915 possint.

449 936 537 989 55.
578 936 722 989 Bene
757 942 939 988 autem
967 932 1233 1002 pedestris
1275 932 1407 988 aciei
1452 930 1782 985 mentionem
1816 927 1948 981 ieci-

378 1042 522 1081 mus.
553 1027 777 1095 Oportet
808 1036 989 1079 autetn
1022 1024 1183 1094 huius
1212 1025 1534 1080 divisionem
1569 1021 1772 1086 facere,
1810 1029 1864 1073 et
1897 1020 1949 1073 in

377 1132 438 1171 ea
470 1115 757 1185 praefectos
802 1123 856 1169 et
889 1116 1055 1170 duces
1091 1115 1327 1184 majores
1377 1124 1432 1168 et
1473 1114 1714 1167 minores
1744 1110 1949 1166 consti-

378 1218 550 1273 tuere,
568 1217 624 1263 et
656 1209 875 1263 illorum
898 1222 1116 1278 quoque
1144 1209 1363 1261 nomina
1390 1220 1735 1276 percensere,
1756 1219 1951 1272 quem-

381 1300 674 1355 admodum
716 1300 784 1353 ab
810 1299 1050 1368 antiquis
1087 1299 1163 1352 rei
1200 1299 1453 1352 militaris
1500 1296 1689 1366 peritis
1736 1295 1954 1361 accepi-

378 1409 526 1457 mus,
561 1403 613 1447 et
642 1391 1105 1461 quemadmodum
1159 1392 1493 1444 recentiores
1530 1404 1683 1443 suam
1709 1388 1952 1457 ipsorum

382 1483 717 1537 instruenda:
765 1482 904 1537 aciei
923 1465 1181 1536 'l'ormam
1221 1492 1274 1536 et
1304 1480 1748 1536 constitutionem
1796 1477 1954 1532 nobis

383 1575 741 1644 reliquerunt.
758 1648 763 1653 η

454 1666 544 1719 56.
578 1666 800 1735 Antiqui
825 1666 969 1721 enim
1005 1668 1350 1723 multitudine
1378 1666 1657 1721 hominum
1690 1679 1753 1718 ea
1782 1664 1957 1718 abun-
2038 1664 2041 1665 ⁷

386 1757 589 1811 dabant
627 1758 718 1827 qui
768 1758 895 1812 olim
945 1760 1170 1823 armati,
1214 1776 1362 1815 nunc
1407 1758 1605 1814 scutati
1640 1767 1950 1812 vocantur:

383 1862 697 1916 quanquam
728 1848 832 1903 hoc
865 1863 1061 1903 nomen
1098 1859 1319 1920 propter
1349 1865 1603 1920 magnam
1640 1849 1715 1903 rei
1754 1839 1957 1902 milita-

384 1940 464 1994 ris
503 1948 665 2009 atque
700 1940 983 1995 industria:
1024 1941 1234 1996 bellica:
1276 1942 1658 2011 negligentiam
1708 1955 1845 2009 pene
1890 1940 1958 1993 ab

386 2031 644 2084 omnibus
678 2032 978 2101 ignoretur.
1012 2030 1215 2088 Horum
1278 2034 1445 2103 igitur
1484 2042 1821 2087 scutatorum
1865 2046 1960 2086 co-

387 2122 574 2178 bortcs
622 2138 688 2176 ex
731 2123 966 2178 sedecim
1019 2125 1399 2179 contuberniis
1450 2124 1741 2189 faciebant,
1768 2124 1821 2177 id
1852 2132 1957 2187 est,

386 2227 451 2267 ex
480 2212 889 2269 viris'dueentis
922 2223 975 2269 et
1006 2216 1401 2285 quinquaginta
1445 2230 1561 2281 sex,
1587 2230 1755 2269 unum
1791 2215 1962 2284 quod-

387 2318 493 2372 que
518 2304 937 2358 contubernium
957 2306 1200 2359 virorum
1223 2306 1479 2372 sedecim,
1498 2307 1761 2375 quadrata
1786 2306 1961 2360 forma

388 2403 443 2447 et
470 2409 719 2448 numero.
743 2394 1023 2449 Invenitur
1046 2406 1224 2449 autem
1255 2396 1308 2449 in
1338 2396 1441 2449 illis
1466 2396 1701 2465 phalanx
1725 2396 1961 2464 peditum

392 2493 586 2553 quater
629 2485 777 2540 mille
828 2490 1124 2555 nonaginta
1171 2501 1300 2550 sex,
1336 2502 1499 2555 quam
1544 2495 1743 2541 vocant
1790 2486 1963 2540 aciem

394 2577 727 2645 pedestrem.
761 2587 814 2631 ct
844 2576 1159 2647 praefectum
1189 2578 1405 2631 illorum
1435 2578 1841 2648 imperatorem.

462 2753 551 2807 57.
586 2752 883 2806 Perfectam
910 2763 1089 2806 autem
1124 2752 1296 2807 aciem
1328 2751 1602 2807 faciebant
1631 2767 1699 2807 ex
1723 2752 1967 2807 cohorti-

393 2844 495 2898 bus
532 2844 813 2913 sexaginta
857 2852 1125 2913 quatuor,
1171 2844 1547 2898 contuberniis
1589 2844 1738 2898 mille
1777 2843 1966 2913 viginti

392 2946 657 3007 quatuor,
724 2937 1005 2991 hominum
1067 2936 1303 2991 sedecim
1338 2936 1579 2990 millibus
1630 2944 1715 2990 ter
1747 2945 1963 2990 centum

392 3030 667 3100 octoginta
703 3038 956 3098 quatuor.
992 3027 1149 3083 Levis
1194 3037 1486 3081 armaturae
1532 3038 1712 3081 autem
1736 3068 1749 3090 ,
1782 3037 1839 3082 ut
1876 3044 1966 3083 sa-

394 3122 761 3188 gittariorum,
807 3120 1195 3190 iaculatorum,
1230 3119 1590 3183 funditorum,
1623 3129 1747 3173 octo
1796 3119 1965 3173 millia
1994 3143 2037 3202 ο

393 3223 610 3268 centum
659 3212 953 3281 nonaginta
985 3212 1112 3277 duo,
1144 3222 1202 3265 ut
1230 3211 1376 3266 acies
1408 3212 1539 3266 levis
1568 3220 1861 3266 armatura:
1886 3212 1971 3266 di-

396 3303 559 3358 midia
605 3305 676 3358 sit
726 3304 857 3358 aciei
903 3312 1238 3358 scutatorum
1295 3302 1378 3356 vel
1426 3302 1605 3372 gravis
1655 3311 1963 3357 armaturae.

394 3392 650 3464 Equitum
685 3403 863 3448 autem
890 3394 981 3462 qui
1013 3408 1134 3447 cum
1177 3392 1261 3446 his
1302 3392 1672 3456 instruuntur,
1710 3403 1766 3446 et
1798 3391 1966 3460 pede-

395 3487 493 3541 stri
555 3486 692 3541 aciei
746 3486 1159 3548 admiscentur,
1210 3491 1403 3551 quater
1460 3484 1608 3538 mille
1670 3485 1967 3553 nonaginta

396 3593 490 3631 sex
529 3596 541 3631 :
575 3587 627 3631 et
663 3578 892 3631 istorum
928 3574 1216 3646 praefectus
1243 3574 1525 3629 dicebatur
1559 3576 1873 3645 imperator.

468 3759 557 3813 58.
595 3760 660 3812 Et
703 3760 803 3813 ista
847 3757 1067 3826 quidem
1111 3757 1177 3811 ad
1225 3757 1372 3811 hunc
1406 3756 1625 3809 modum
1654 3754 1968 3823 partieban-

398 3866 508 3907 tur.
536 3852 801 3907 Cohortes
842 3859 1179 3905 scutatorum
1222 3850 1276 3902 in
1320 3849 1497 3902 fronte
1529 3862 1625 3916 pro
1645 3847 1819 3915 prima
1852 3846 1970 3900 acie

395 3954 585 3998 contra
612 3943 795 3997 hostes
830 3941 1192 4005 collocabant,
1227 3949 1279 3994 et
1312 3941 1455 3993 hanc
1499 3939 1552 3992 in
1579 3947 1815 4007 quatuor
1843 3953 1969 4005 par-

396 4046 476 4090 tes
504 4036 616 4089 sive
636 4042 843 4089 turmas
871 4033 1203 4094 dividebant,
1223 4034 1491 4096 dextram,
1519 4031 1821 4093 sinistram,
1839 4030 1970 4083 dex-

396 4138 536 4182 tram
568 4127 827 4189 mediam,
860 4125 1135 4180 sinistram
1169 4124 1423 4177 mediam.

468 4218 555 4271 59.
590 4216 747 4271 Levis
778 4224 1070 4270 armaturae
1093 4215 1371 4278 cohortes,
1407 4215 1533 4283 quia
1567 4224 1749 4270 truces
1776 4225 1830 4269 et
1854 4215 1967 4285 agi‘

396 4306 477 4360 les
502 4312 678 4369 erant,
699 4304 782 4358 vel
808 4313 937 4357 ante
960 4318 1152 4358 omnes
1180 4303 1524 4357 collocabant
1547 4305 1611 4357 ad
1637 4318 1971 4373 persequen-

396 4396 496 4449 dos
514 4394 721 4456 hostes,
747 4393 829 4447 vel
850 4393 915 4447 ad
941 4394 1108 4447 latera
1133 4393 1507 4463 obliquabant,
1548 4395 1630 4449 vel
1663 4396 1728 4449 ad
1760 4404 1968 4464 tergum

398 4488 587 4557 prima:
607 4486 744 4540 aciei
768 4486 1195 4551 constituebant,
1215 4487 1322 4551 vel,
1346 4486 1806 4555 quemadmodum
1839 4504 1972 4543 usus
2004 4473 2048 4528 Ῑ)

398 4580 680 4649 poscebat,
716 4578 1121 4643 deserihebant,
1154 4578 1221 4632 de
1248 4579 1450 4648 quibus
1490 4580 1785 4647 separatim
1820 4577 1971 4634 dice-

397 4688 541 4725 111118.

469 4763 560 4818 60.
598 4764 823 4833 Equites
852 4763 907 4817 in
950 4762 1086 4817 duas
1118 4771 1328 4817 turmas
1362 4761 1473 4819 sive
1519 4771 1701 4831 partes
1729 4762 1975 4816 dividen-

398 4857 582 4920 tes,ad
615 4857 781 4910 latera
808 4856 1074 4926 pedestris
1098 4855 1231 4909 aciei
1262 4854 1623 4917 collocabant,
1650 4869 1841 4923 nempe
1873 4855 1970 4909 ad-

400 4949 610 5017 iutores
640 4958 693 5001 et
719 4948 999 5016 expeditos
1034 4946 1348 5001 incursores
1383 4944 1643 5000 hostium.

470 5126 560 5179 6i.
590 5122 661 5178 Ut
684 5124 867 5195 igitur,
896 5138 964 5179 ne
990 5123 1173 5177 omnia
1194 5120 1566 5192 percensendo
1596 5119 1758 5174 nimis
1789 5120 1971 5174 curio-

402 5232 499 5271 sus
533 5218 659 5280 sim,
689 5216 908 5279 loelton,
948 5215 999 5269 id
1042 5223 1143 5280 est,
1181 5211 1618 5281 manipulorum,
1661 5217 1715 5264 et
1743 5208 1971 5275 τάξεων,

2051 837 2309 904 γίνωνται
2341 836 2475 905 (56).

2124 925 2214 980 νε’.
2246 926 2440 989 Καλῶς
2459 926 2515 978 δὲ
2544 925 2637 980 καὶ
2667 927 2764 995 τῆς
2791 926 3026 997 πεζικῆς
3047 929 3255 993 τάξεως
3278 931 3632 1002 ἐπεμνήσθη-

2056 1036 2173 1088 μεν.
2230 1020 2319 1070 Δεῖ
2373 1019 2481 1089 γὰρ
2508 1020 2602 1072 καὶ
2626 1021 2832 1089 ταύτης
2861 1021 2961 1091 τὴν
2989 1020 3256 1090 διαίρεσιν
3286 1024 3627 1095 ὑπογράψαι.

2054 1110 2149 1164 κον.)⁹
2185 1112 2311 1174 τοὺς
2350 1112 2408 1164 ἐν
2433 1112 2570 1181 αὐτῇ
2628 1112 2996 1180 τασσομένους
3034 1113 3301 1183 ἄρχοντάς
3329 1132 3389 1167 τε
3422 1118 3519 1169 καὶ
3547 1116 3637 1169 άλ-

2054 1201 2179 1265 λους
2206 1204 2479 1274 ἡγεμόνας
2504 1203 2733 1273 μικρούς
2763 1221 2821 1257 τε
2847 1205 2941 1258 καὶ
2973 1206 3243 1281 μεγάλους
3274 1210 3634 1277 καταστῆσαι,

2055 1296 2150 1348 καὶ
2194 1296 2289 1359 τὰς
2329 1296 2505 1348 αὐτῶν
2535 1296 2773 1366 δηλῶσαι
2823 1298 3140 1366 ὀνομασίας,
3172 1299 3248 1361 ὼς
3284 1300 3413 1371 περὶ
3464 1300 3636 1369 αὐτῆς

2055 1389 2119 1438 ἐκ
2140 1386 2248 1438 τῶν
2298 1386 2539 1439 παλαιῶν
2576 1388 2855 1441 τακτικῶν
2900 1388 3307 1459 παρελάϐομεν,
3368 1391 3460 1443 καὶ
3484 1391 3559 1454 ώς
3583 1392 3635 1444 oi

2055 1477 2307 1546 νεώτεροι
2341 1479 2533 1548 μέχρις
2571 1478 2730 1547 ἡμῶν
2758 1479 2857 1548 τὴν
2883 1479 3063 1535 αὐτῶν
3092 1481 3309 1549 ἔκταξιν
3331 1484 3422 1535 καὶ
3471 1483 3637 1537 κατά-

2058 1583 2244 1619 στασιν
2274 1568 2487 1635 παρεπέ
2497 1568 2725 1636 μψαντο.

2126 1656 2231 1721 νς’.
2257 1660 2319 1710 Οἱ
2340 1658 2438 1728 μὲν
2471 1658 2578 1727 γὰρ
2596 1660 2810 1729 ἀρχαῖοι
2838 1661 2972 1715 πολὺ
3004 1661 3208 1730 πλῆθος
3232 1662 3446 1732 ἔχοντες
3467 1680 3636 1735 στρα-

2056 1753 2341 1818 τευμάτων
2391 1752 2521 1804 ποτὲ
2547 1754 2855 1823 λεγομένων
2911 1754 3169 1818 ὁπλιτῶν,
3203 1754 3298 1807 νῦν
3327 1755 3383 1808 δὲ
3404 1755 3637 1808 σκουτά-

2057 1860 2165 1896 των
2190 1844 2559 1912 καλουμένων,
2603 1846 2803 1915 μᾶλλον
2828 1847 2885 1900 δὲ
2924 1849 3018 1902 καὶ
3051 1849 3220 1902 αὑτοῦ
3246 1848 3341 1903 τοῦ
3375 1850 3638 1920 ὀνόματος

2059 1931 2148 1985 διά
2194 1931 2294 2000 τὴν
2342 1932 2484 1998 άγαν
2530 1934 2628 2001 τῆς
2684 1936 2952 2004 τακτικῆς
2986 1936 3215 2006 μελέτης
3248 1937 3342 1992 καὶ
3388 1938 3639 2007 πράξεως

2061 2024 2322 2095 ἀμέλειαν
2387 2026 2538 2095 παρά
2578 2026 2775 2097 μικρὸν
2806 2029 2957 2096 παρά
3003 2030 3222 2082 πάντων
3244 2032 3636 2100 ἀγνοουμένου.

2062 2115 2225 2169 Ταῦτ’
2283 2116 2375 2169 οὖν
2426 2118 2494 2170 τὰ
2553 2120 2809 2186 τάγματα
2857 2120 2965 2172 τῶν
3020 2121 3337 2175 σκουτάτων
3397 2122 3506 2174 ἀπὸ
3562 2139 3623 2186 ις·

2063 2207 2232 2261 άκιῶν
2292 2210 2509 2262 ἐποίουν
2566 2210 2773 2278 ἀνδρῶν
2841 2209 2982 2275 σνς’,
3056 2213 3332 2265 τουτέστιν
3402 2214 3640 2281 ἐκάστην

2063 2297 2225 2351 ἀκίαν
2297 2299 2507 2367 ἀνδρῶν
2573 2298 2637 2364 ιζ’
2684 2300 2895 2370 (57-58)
2961 2300 3064 2354 ὑπὸ
3134 2301 3464 2374 τετραγώνῳ
3528 2304 3644 2373 ἀρι-

2066 2389 2231 2460 θμῷο
2289 2390 2600 2460 εὑρίσκεται
2677 2391 2734 2444 δὲ
2795 2392 3025 2456 ἐκείνοις
3091 2396 3117 2463 ὴ
3176 2394 3390 2462 φάλαγξ
3459 2395 3643 2457 πεζῶν

2067 2478 2274 2549 ἀνδρῶν
2312 2480 2760 2551 τετρακισχιλίων
2808 2483 3131 2553 ἐνενήκοντα
3171 2484 3253 2548 ἓξ,
3302 2486 3371 2555 ἢν
3411 2485 3644 2537 ἐκάλουν

2069 2569 2402 2638 στρατηγίαν
2422 2586 2435 2600 ·
2472 2571 2567 2625 καὶ⁹
2606 2570 2698 2623 τὸν
2728 2571 2930 2643 ταύτης
2961 2573 3264 2643 ἡγούμενον
3292 2575 3409 2644 (59)
3448 2592 3642 2645 στρατ-

2070 2662 2224 2732 ηγόν.

2138 2752 2234 2818 νίζ’.
2262 2754 2372 2825 Τὴν
2401 2755 2455 2807 δέ
2485 2754 2695 2809 τελείαν
2741 2759 3050 2829 παράταξιν
3092 2760 3308 2813 ἐποίουν
3348 2760 3646 2831 ταγμάτων

2071 2842 2162 2908 ξδ’,
2195 2846 2367 2899 ἀκιῶν
2427 2846 2612 2915 χιλίων
2636 2846 2737 2913 κδ’,
2767 2849 2977 2921 ἀνδρῶν
3020 2852 3229 2922 μυρίων
3264 2851 3646 2921 ἑξακισχιλίων

2069 2936 2433 3005 τετρακοσίων
2486 2936 2597 3007 (40)
2654 2936 2759 2990 πδ”
2818 2939 2991 3009 ψιλῶν
3044 2940 3132 3004 δὲ,
3186 2942 3296 2996 τῶν
3335 2942 3646 3010 λεγομένων

2073 3027 2504 3097 σαγιττατόρων,
2540 3028 2633 3081 καὶ
2683 3029 3016 3082 ἀκοντιστῶν
3047 3071 3061 3095 ,
3109 3031 3202 3084 καὶ
3255 3031 3646 3102 σφενδονιστῶν

2069 3116 2277 3187 ἀνδρῶν
2326 3117 2748 3185 ὀκτακισχιλίων
2803 3120 2997 3174 ἑκατὸν
3037 3123 3362 3192 ἐνενήκοντα
3408 3123 3538 3187 δύο,
3588 3125 3647 3194 ἡ·

2070 3224 2200 3276 γουν
2252 3208 2508 3277 ἡμίσειαν
2538 3208 2644 3261 τῶν
2674 3208 2846 3278 ψιλῶν
2876 3207 3014 3265 εἶναι
3046 3212 3142 3284 τὴν
3172 3213 3325 3279 τάξιν
3351 3214 3458 3267 τῶν
3489 3215 3646 3283 λεγο-

2073 3298 2248 3367 μένων
2280 3296 2534 3365 ὁπλιτῶν,
2568 3299 2686 3369 ἦτοι
2734 3304 3063 3368 σκουτάτων,
3097 3304 3204 3357 τῶν
3236 3305 3293 3358 δὲ
3338 3308 3434 3359 σὺν
3463 3308 3649 3371 αὐτοῖς

2071 3389 2574 3460 παρατασσομένων
2607 3393 2839 3458 ἱππέων,
2866 3395 2984 3465 ἤτοι
3016 3397 3340 3465 συμμίκτων
3359 3399 3425 3468 τῇ
3448 3396 3644 3468 πεζικῇ

2069 3483 2221 3549 τάξει
2284 3482 2497 3551 ἀνδρῶν
2546 3483 2928 3553 καὸαλλαρίων
2984 3488 3436 3557 τετρακισχιλίων
3466 3490 3648 3559 ἐνενή-

2072 3592 2237 3629 κοντα
2269 3573 2349 3639 ἐξ.
2399 3574 2511 3627 Καὶ
2561 3574 2765 3628 τούτων
2815 3577 3119 3647 ἡγούμενος
3170 3577 3389 3646 ἐλέγετο
3452 3595 3649 3646 στρατ-

2070 3670 2224 3740 ηγός.
2346 3664 2353 3670 ’
3596 3679 3602 3688 ’

2144 3768 2243 3830 νη’.
2274 3763 2383 3817 Καὶ
2402 3762 2575 3816 ταῦτα
2602 3763 2698 3833 μὲν
2724 3758 2977 3830 ἐμέριζον
3001 3760 3192 3823 οὕτως.
3217 3761 3298 3813 Ta
3318 3760 3374 3813 δέ
3393 3760 3650 3830 τάγματα

2071 3852 2177 3906 τῶν
2210 3854 2520 3908 σκουτάτων
2548 3854 2858 3925 ἔμπροσθεν
2890 3853 2968 3915 είς
2992 3855 3275 3922 πρόμαχον
3310 3851 3462 3915 τάξιν
3510 3869 3651 3920 παρ-

2074 3944 2298 3998 έτασσον
2329 3945 2470 4000 κατὰ
2497 3946 2607 3999 τῶν
2635 3945 2915 4007 ἐναντίων,
2946 3945 3039 3997 καὶ
3068 3944 3272 4013 ταύτην
3308 3946 3386 4006 εἰς
3408 3943 3651 4013 τέσσαρα

2076 4036 2240 4107 μέρη,
2259 4038 2347 4091 ἵνα
2366 4039 2585 4093 ἐποίουν
2605 4037 2795 4103 δεξιὸν,
2814 4035 3123 4106 ἀριστερὸν,
3150 4037 3435 4111 ἀριστερὸν
3461 4036 3648 4107 μέσον,

2072 4125 2264 4192 δεξιόν.

2144 4217 2240 4270 νϐ’.
2273 4219 2353 4272 Τὰ
2378 4220 2435 4273 δέ
2463 4218 2571 4272 τῶν
2612 4219 2784 4288 ψιλῶν
2839 4220 3096 4289 τάγματα
3140 4218 3248 4271 ἴδια
3292 4218 3379 4271 διά
3410 4218 3469 4270 τὸ
3520 4235 3653 4288 γορ-

2072 4310 2203 4374 γοὺς
2249 4304 2387 4363 εἶναι
2437 4312 2533 4364 καὶ
2586 4312 2855 4383 ἐλαφροὺς
2898 4313 3273 4384 ἧέμπροσθεν
3299 4313 3381 4377 είς
3426 4312 3649 4366 ἐπιδίω-

2075 4398 2156 4463 ξιν
2182 4400 2289 4453 τῶν
2334 4401 2542 4472 ἐχθρῶν
2602 4404 2847 4468 έτασσον,
2878 4404 2910 4474 ἣ
2967 4407 3047 4467 εἰς
3083 4404 3308 4471 πλάγια,
3338 4404 3371 4473 ἢ
3405 4404 3498 4456 ἐπὶ
3553 4402 3647 4455 τοῦ

2078 4489 2247 4544 νώτου
2278 4493 2375 4561 τῆς
2404 4495 2628 4563 πρώτης
2662 4495 3038 4566 παρατάξεως,
3066 4497 3099 4566 ἢ
3133 4496 3206 4558 ὡς
3236 4494 3394 4565 χρεία
3427 4492 3648 4565 ἀπῄτει,

2081 4583 2211 4652 περὶ
2238 4576 2315 4636 ὧν
2346 4584 2403 4637 ἐν
2431 4584 2508 4654 τῷ
2530 4585 2822 4655 ἀρμόζοντι
2845 4587 2992 4656 τόπῳ
3020 4587 3128 4657 (41)
3151 4586 3402 4657 ἐροῦμεν.

2154 4760 2217 4826 ξ’.
2251 4761 2391 4824 Τοὺς
2423 4760 2481 4814 δέ
2511 4762 2908 4831 καϐαλλαρίους
2969 4764 3047 4825 είς
3074 4762 3166 4815 δύο
3220 4762 3361 4832 μέρη
3399 4760 3651 4831 διαχωρί-

2081 4853 2263 4916 ςοντες
2311 4851 2421 4921 (42)
2479 4854 2618 4905 κατά
2645 4855 2710 4905 τὰ
2741 4854 2941 4920 πλάγια
2993 4853 3092 4921 τῆς
3130 4853 3235 4906 τῶν
3266 4852 3445 4917 πεζῶν
3474 4869 3653 4921 παρα-

2081 4941 2286 5004 τάξεως
2341 4940 2562 4994 ἔταττον
2621 4942 2847 5012 βοηθοὺς
2910 4946 3001 4996 καὶ
3024 4944 3188 5010 ὀξέως
3242 4943 3652 5014 ἐπιτιθεμένους

2081 5033 2191 5092 τοῖς
2216 5030 2497 5094 ἐναντίοις.

2152 5118 2251 5184 ξα’.
2282 5121 2399 5175 Ἵνα
2455 5121 2547 5175 οὖν
2594 5123 2669 5194 μὴ
2703 5123 2823 5177 καθ’
2848 5124 3078 5179 ἕκαστον
3129 5127 3303 5196 λέγων
3348 5128 3442 5181 ἐπὶ
3470 5127 3653 5196 λεπτῷ

2080 5210 2190 5265 τῶν
2220 5229 2279 5265 τε
2312 5212 2485 5284 λόχων
2528 5216 2621 5269 καὶ
2650 5216 2757 5270 τῶν
2786 5218 2994 5285 τάξεων
3020 5221 3112 5273 καὶ
3137 5220 3244 5272 τῶν
3275 5219 3651 5290 ἐφισταμένων

1939 5366 2148 5425 ΝΟΤᾹΞ

474 5498 587 5567 (⁸55)
618 5497 751 5567 [Ινᾳ
774 5492 1027 5567 ίτρῶτοξ.
1067 5492 1409 5567 Sgrilic‘téya
1454 5510 1515 5545 π.

431 5556 588 5650 Μίόὃ)
618 5564 753 5619 Cod.
786 5556 950 5617 Laur.
980 5563 1067 5615 ἴνα
1090 5556 1190 5615 ὦσι
1217 5562 1427 5631 εὔδηλοι
1462 5564 1554 5616 καὶ
1572 5559 1803 5632 φανεραὶ
1858 5561 1973 5623 τοῖς

408 5635 688 5767 ἱοιῗὲξο-ὅὸ)
758 5700 1020 5767 Ἀνδρῶν
1053 5700 1135 5760 ιζ’.
1162 5700 1371 5765 Scribe,
1402 5701 1456 5754 ἀ.
1495 5707 1588 5764 ις’.

480 5770 587 5835 (59)
618 5769 755 5823 Cod.
789 5768 953 5823 Laur.
976 5771 1071 5850 καὶ
1096 5772 1186 5823 τὸν
1212 5771 1570 5839 ἐφιστάμενον
1607 5769 1795 5839 αὐτῆς.

2175 5494 2265 5565 40)
2301 5494 2722 5563 Τετρακοσίων.
2760 5497 2817 5549 In
2857 5494 3023 5550 Checi
3056 5494 3246 5551 codice
3269 5493 3483 5549 videlur
3518 5490 3657 5548 fuis-

2084 5579 2164 5630 se,
2197 5567 2549 5633 τριακοσίων.

2156 5635 2270 5706 (4!)
2302 5634 2437 5706 god.
2461 5634 2635 5706 _Laur.
2662 5636 2814 5706 κατά
2844 5635 3045 5706 χώραν.

2157 5702 2267 5776 (42)
2293 5702 2427 5766 Cod.
2458 5704 2623 5761 Laur.
2654 5702 2939 5761 διελόντεεζ
