4022 6434
340 405 446 467 713

1429 410 1764 472 TACTICA.
1801 438 1868 448 -
1908 413 2419 477 CONSTITUTIO
2466 417 2565 478 IV.

3512 414 3620 484 714

337 516 521 577 αὐτοῖς
553 512 676 567 τότε
718 513 997 585 ἀρχόντων
1030 516 1327 587 ὀνομασίας
1371 518 1464 573 διὰ
1498 520 1600 591 τὴν
1622 520 1718 575 νῦν
1749 524 1927 578 αὐτῶν

2041 526 2089 581 id
2112 535 2217 593 est,
2241 526 2511 591 acierum,
2549 536 2603 581 et
2629 540 2811 582 eorm:
2856 527 2951 597 qui
2982 527 3047 583 iis
3081 536 3327 597 praesunt
3372 531 3621 595 nomina,

340 603 675 675 ἀχρηστίαν,
742 607 836 657 καὶ
894 607 1046 677 παρὰ
1116 611 1250 661 πᾶσι
1303 612 1418 674 τοῖς
1472 614 1929 685 στρατευομένοις

352 697 541 767 σχεδόν
565 713 669 749 που
691 697 871 749 αὑτῶν
892 699 1165 767 ἀσάφειαν
1186 702 1276 753 καὶ
1299 703 1704 773 ἀκαταληψίαν,
1729 707 1825 760 καὶ
1844 707 1930 761 ἵνα

342 789 415 858 μὴ
445 787 689 857 ἀκαίρως
719 787 1050 858 δαπανῶμεν
1098 791 1191 844 τὸν
1238 793 1453 862 καιρὸν,
1492 795 1601 848 τῶν
1637 796 1931 865 ἀναγκαιο-

337 878 512 947 τέρων
537 878 612 941 ὼς
654 881 1005 949 σαφεστέρων
1058 882 1156 934 καὶ
1209 886 1638 956 συντομωτέρων
1669 889 1929 961 ἐπιλήψο-

340 987 457 1038 μεν.
481 971 695 1024 Ἐκεῖνα
716 971 815 1040 μὲν
832 973 964 1043 γὰρ,
983 972 1058 1038 ὡς
1075 973 1241 1041 έοικε,
1262 977 1329 1029 τά
1341 993 1398 1029 τε
1418 977 1528 1030 τῶν
1545 979 1931 1053 καὸαλλαρίων

334 1062 682 1132 διατάγματα
703 1064 798 1116 καὶ
826 1063 893 1117 τὰ
924 1064 1033 1118 τῶν
1051 1064 1251 1131 πεζῶν,
1276 1066 1516 1137 πλήθους
1537 1065 1605 1139 ἦν
1634 1073 1921 1141 στρατιᾶς.

332 1151 475 1206 ὥστε
536 1154 631 1207 καὶ
681 1154 971 1218 τοσούτους
1004 1157 1099 1210 κα)⁸
1132 1159 1413 1227 γενναίους
1462 1162 1603 1215 κατά
1666 1163 1920 1233 ἀνδρείαν

335 1245 687 1318 εὑρίσκεσθαι
719 1248 1080 1318 στρατιώτας.

407 1426 506 1494 ξβ’.
530 1425 646 1478 Νῦν
669 1425 747 1489 δὲ,
781 1420 827 1480 ὦ
854 1430 1150 1500 στρατηγέ,
1205 1422 1406 1501 ὀλίγων
1437 1434 1552 1504 (45)
1585 1434 1779 1501 ὄντων,
1831 1440 1927 1491 καὶ

336 1519 476 1586 μηδὲ
535 1519 648 1571 ἴσον
703 1520 938 1588 ἐχόντων
963 1522 1026 1574 τὸ
1067 1524 1290 1594 μέτρον,
1321 1525 1526 1595 μᾶλλον
1575 1528 1633 1581 δὲ
1666 1528 1760 1582 καὶ
1790 1529 1926 1583 πολὺ

332 1609 578 1673 ἔλαττον,
614 1611 715 1663 οὑκ
756 1610 915 1664 ἐστιν’
948 1611 1171 1667 εὔκολον
1206 1615 1355 1684 (44),
1403 1617 1584 1687 ὁρίσαι
1623 1618 1683 1671 τὸ
1725 1619 1927 1691 μέτρον

329 1700 429 1753 τοῦ
480 1702 780 1770 τάγματος,
822 1702 945 1756 οὔτε
978 1705 1038 1756 ὲν
1088 1709 1204 1769 τοῖς
1241 1706 1653 1781 καόαλλαρίοις,
1715 1710 1837 1764 οὔτε
1868 1713 1926 1764 ἐν

331 1792 541 1855 πεζοῖς,
571 1791 658 1845 ἵνα
688 1791 785 1863 μὴ,
817 1792 893 1855 ὡς
924 1794 1094 1858 εἰκὸς,
1120 1797 1153 1867 ἢ
1183 1798 1603 1868 περισσεύοντες
1628 1801 1723 1854 τοῦ
1752 1789 1922 1856 ποσοῦ

329 1884 444 1937 τῶν
506 1891 624 1948 σνς’
660 1884 874 1954 ἀνδρῶν
912 1886 1229 1957 άρχήσωσιν
1294 1888 1430 1957 (45),
1496 1890 1528 1960 ἢ
1574 1892 1758 1959 πάλιν,
1819 1894 1920 1947 ὲάν
1958 1887 1997 1944 Β

331 1976 583 2045 ἀκαίροις
634 1976 814 2040 ἄλλοις
843 1977 1122 2048 τάγμασιν
1159 1980 1558 2052 προστεθῶσιν,
1590 1983 1665 2047 ὡς
1705 1984 1928 2039 ἄτακτοι

335 2066 641 2133 ἀνωφελεῖς
670 2067 987 2138 εὑρεθῶσιν.

409 2156 510 2227 ξγ¹.
554 2158 713 2211 Ἀλλά
764 2162 833 2214 τὰ
876 2161 974 2230 μὲν
1030 2161 1291 2233 τάγματα
1351 2168 1526 2218 ποιεῖν
1580 2168 1660 2230 είς
1699 2166 1929 2221 ἕκαστον

328 2250 569 2322 ἀριθμὸν
610 2251 686 2313 ὼς
737 2252 1045 2322 ἀπαντήσει
1097 2255 1130 2321 ἡ
1163 2253 1258 2306 τοῦ
1323 2255 1566 2326 πλήθους
1623 2257 1784 2327 χρεία
1832 2259 1927 2312 καὶ

328 2344 399 2395 τὸ
426 2342 592 2396 ποσὸν
630 2342 740 2397 τῶν
768 2344 1084 2413 προσόντων
1120 2344 1354 2416 ἀνδρῶν,
1390 2348 1533 2400 κατά
1572 2348 1671 2417 τὴν
1699 2348 1929 2418 δύναμιν

328 2434 430 2488 τοῦ
461 2436 604 2488 κατά
634 2436 725 2489 τὸν
760 2436 949 2506 καιρὸν
979 2438 1374 2509 εὑρισκομένου
1412 2440 1563 2493 λαοῦ.
1596 2442 1706 2493 Καὶ
1737 2441 1929 2510 βάνδον

328 2527 480 2596 ἔχειν
504 2526 635 2579 ῐδιον
664 2525 895 2580 ἕκαστον
924 2528 1107 2580 αὑτῶν
1151 2529 1245 2582 καὶ
1274 2530 1510 2600 ἄρχοντα
1539 2531 1657 2600 ήτοι
1712 2532 1929 2602 κόμητα

270 2642 273 2646 ⁴
328 2622 584 2690 γενναῖον
622 2621 716 2673 καὶ
747 2620 1012 2691 φρόνιμον
1074 2623 1168 2675 καὶ
1196 2623 1441 2693 ἀνδρεῖον
1476 2628 1570 2676 καὶ
1597 2625 1740 2679 κατὰ
1769 2627 1928 2696 χεῖρα

332 2710 610 2782 μάχεσθαι
643 2712 967 2781 δυνάμενον.

409 2802 500 2869 ξδ’.
557 2806 669 2868 Τὰς
732 2806 916 2875 μέντοι
979 2806 1144 2870 ἀκίας
1204 2808 1440 2862 ἑκάστου
1499 2810 1779 2877 τάγματος
1819 2809 1930 2863 τῶν

330 2895 520 2961 πεζῶν
588 2898 1038 2969 παραφυλάττειν
1097 2900 1203 2953 ἀπὸ
1265 2898 1339 2964 ις’
1400 2900 1611 2972 ἀνδρῶν
1658 2900 1929 2971 ὁρδινεύε-

331 2989 465 3042 σθαι
522 2990 604 3052 είς
664 2990 760 3041 τὸν
814 2990 915 3059 τῆς
972 2991 1153 3061 μάχης
1217 2992 1483 3060 κάματον,
1544 2992 1643 3061 τὴν
1704 2991 1761 3044 δὲ
1819 3010 1925 3045 πα-

332 3080 563 3150 ράταξιν
619 3082 757 3149 πρὸς
776 3081 839 3134 τὸ
872 3080 1036 3153 μέρος
1097 3082 1192 3136 τοῦ
1240 3082 1634 3154 εὑρισκομένου
1676 3084 1915 3153 στρατοῦ

329 3175 537 3228 ποιεῖν.

2037 622 2327 685 propterea
2360 616 2509 685 quod
2537 631 2605 670 ex
2638 631 2738 670 usu
2774 616 2998 670 militari
3021 617 3135 685 jam
3167 629 3547 682 excesserunt,
3570 632 3628 677 et

2036 706 2166 775 quia
2196 705 2409 761 incerta
2438 713 2604 776 atque
2632 705 3211 775 incomprehensibilia
3254 709 3513 764 omnibus
3544 710 3624 764 vi-

2036 797 2469 853 rismilitaribus
2490 802 2717 860 sunt,‘et
2746 808 2806 852 ut
2834 814 2901 853 ne
2926 804 3142 867 tempus
3168 799 3403 854 inaniter
3428 816 3627 857 consu-

2040 904 2279 955 mamus,
2310 891 2816 959 praetermittamus,
2846 901 2900 945 et
2936 893 3049 946 haec
3079 906 3201 960 qum
3225 892 3397 962 magis
3431 908 3626 948 neces-

2035 979 2183 1035 saria
2217 980 2285 1035 ad
2319 996 2479 1035 usum
2512 988 2661 1046 sunt,
2698 988 2752 1034 et
2789 982 2855 1035 ad
2885 981 3329 1049 cognoscendum
3363 981 3621 1043 certiora,

2033 1081 2088 1127 et
2136 1073 2310 1142 magis
2361 1073 2793 1142 compendiaria,
2841 1087 3165 1142 peraequar.
3219 1071 3326 1126 Illae
3364 1072 3509 1126 enim
3564 1080 3623 1125 nt

2040 1164 2259 1219 videtur
2290 1163 2534 1234 equitum
2569 1164 2717 1218 acies
2758 1172 2925 1233 atque
2970 1164 3241 1233 peditum,
3275 1177 3377 1232 pro
3410 1163 3625 1217 ratione

2032 1256 2402 1311 multitudinis
2433 1256 2667 1310 militum
2710 1256 2946 1319 fuerant,
3011 1270 3138 1309 cum
3193 1264 3273 1309 tot
3306 1255 3518 1309 strenui
3560 1270 3625 1309 ac

2034 1347 2205 1402 fortes
2240 1348 2619 1402 invenirentur
2652 1347 2878 1402 milites.

2102 1437 2190 1493 62.
2228 1436 2385 1492 Nunc
2408 1452 2557 1501 vero,
2590 1437 2910 1506 imperator,
2947 1450 3069 1490 cum
3099 1432 3277 1488 multo
3319 1434 3610 1504 pauciores

2030 1533 2141 1587 sint
2181 1531 2385 1586 milites
2412 1532 2465 1584 in
2511 1530 2757 1586 exercitu
2792 1543 2958 1599 quam
2996 1528 3124 1583 olim
3165 1527 3404 1590 fuerant,
3436 1538 3623 1581 etnon

2032 1627 2192 1682 modo
2225 1642 2333 1681 non
2362 1627 2653 1695 aequalem,
2690 1624 2783 1679 sed
2816 1624 2980 1678 etiam
3018 1622 3181 1692 longe
3218 1621 3485 1674 minorem
3522 1620 3623 1673 ha-

2029 1718 2191 1771 beant
2221 1730 2530 1777 nnmernm,
2555 1713 2776 1767 dillicile
2813 1723 2896 1766 est
2934 1711 3163 1765 delinire
3197 1724 3487 1762 numerum
3527 1724 3621 1762 co—

2030 1809 2202 1864 hortis
2232 1816 2344 1861 lum
2375 1808 2668 1877 equestris,
2700 1817 2816 1858 tum
2842 1804 3135 1873 pedestris,
3176 1818 3245 1855 ne
3280 1801 3324 1855 si
3352 1801 3621 1855 excedant

2031 1916 2321 1955 numerum
2362 1900 2722 1954 ducentorum
2760 1896 3167 1966 quinquaginta
3207 1910 3303 1949 sex
3344 1896 3618 1960 virorum,

2033 1993 2197 2048 otiosi
2234 1992 2379 2051 sint,
2419 1993 2497 2045 vel
2538 2006 2727 2044 rursus
2758 1990 2802 2043 si
2852 1990 2917 2041 ad
2957 1988 3096 2042 alias
3124 1988 3378 2042 cohortes
3424 1987 3623 2053 adjun-

2034 2092 2254 2153 gantnr,
2303 2083 2460 2151 quasi
2500 2081 2790 2134 inordinati
2826 2079 3027 2132 milites
3082 2077 3299 2130 inutiles
3329 2077 3618 2131 exsistant.

2102 2173 2190 2227 65.
2223 2173 2478 2227 Cohortis
2520 2183 2625 2226 tuae
2653 2186 2938 2225 numerum
2970 2169 3144 2223 facias
3169 2183 3271 2237 pro
3299 2168 3618 2222 multitudi-

2033 2264 2119 2319 nis
2140 2272 2245 2317 tuae
2264 2264 2492 2326 ratione,
2507 2273 2561 2317 et
2579 2260 2983 2315 multitudinem
3003 2258 3249 2313 virorum
3273 2261 3619 2326 praesentium

2033 2373 2130 2425 pro
2152 2359 2347 2411 virtute
2374 2367 2430 2411 et
2448 2356 2765 2411 fortitudine
2792 2354 3026 2408 militum
3054 2363 3271 2408 tuorum
3326 2355 3619 2409 collocata.

2034 2448 2477 2519 Unumquodque
2523 2459 2701 2501 autem
2756 2447 2993 2500 handum
3017 2485 3031 2510 ,
3062 2447 3177 2500 sive
3222 2448 3447 2511 cohors,
3479 2462 3619 2515 prm-A

2033 2540 2232 2595 fectum
2257 2556 2417 2594 suum
2443 2539 2695 2593 comitem
2717 2538 2914 2591 haheat
2934 2546 3247 2597 strenuum,
3271 2538 3617 2604 prudentem,

2032 2633 2225 2687 fortem
2278 2642 2334 2687 et
2370 2632 2624 2686 manibus
2656 2629 2923 2686 consertis
2954 2630 3019 2683 ad
3048 2627 3423 2698 prceliandum
3458 2629 3619 2683 habi-

2032 2725 2160 2777 lem.

2042 2876 2047 2881 ,
2100 2817 2189 2871 64.
2224 2816 2600 2873 Contubernia
2635 2832 2766 2871 vero
2802 2818 3013 2887 singula
3048 2817 3292 2886 peditum
3323 2814 3618 2884 diligenter

2028 2908 2322 2963 observare
2361 2916 2601 2976 Oportet.
2637 2917 2695 2960 nt
2724 2923 2790 2961 ex
2842 2909 3077 2963 sedecim
3122 2906 3437 2962 hominibus
3488 2906 3622 2959 [iant

2029 3001 2094 3053 ad
2139 3000 2357 3054 labores
2394 3000 2567 3068 prmlii
2613 2999 2998 3070 suscipiendos
3036 3000 3276 3053 idoneis.
3308 2996 3613 3050 Numerum

2028 3097 2211 3141 autem
2260 3087 2397 3141 aciei
2439 3092 2541 3156 pro
2589 3089 2799 3144 ratione
2828 3085 3107 3142 exercitus
3148 3095 3202 3140 et
3251 3083 3617 3139 multitudinis

2033 3179 2110 3232 tui
2143 3178 2337 3233 facias.

407 3263 497 3329 Ee’.
532 3265 751 3337 Ταύτην
798 3267 856 3321 δὲ
883 3268 965 3332 είς
1016 3268 1258 3338 τέσσαρα
1320 3267 1411 3320 ῐσα
1464 3267 1607 3337 μέρη
1664 3266 1920 3338 διαχωρί-

2088 3269 2178 3325 65.
2213 3269 2363 3327 Hanc
2398 3286 2528 3326 vero
2554 3270 2730 3325 aciem
2753 3286 2817 3324 ex
2850 3280 3203 3341 quotcunque
3232 3267 3396 3322 fuerit
3425 3265 3619 3320 cohor-

329 3358 453 3422 ζειν
489 3358 548 3425 ἐξ
581 3359 725 3414 ὅσων
764 3360 1057 3432 ἀπαντήσῃ
1112 3358 1411 3431 ταγμάτων
1469 3359 1564 3412 καὶ
1618 3357 1813 3421 άκιῶν,
1841 3358 1919 3422 ὡς

329 3448 554 3519 εἴρηταί
596 3451 822 3520 μοικαὶ
876 3452 1106 3515 ἀνωθεν,
1162 3451 1441 3505 τουτέστιν
1502 3453 1583 3514 εἰς
1635 3449 1829 3516 δεξιὸν,
1858 3444 1920 3504 οὗ

329 3541 498 3611 ἄρχει
520 3544 549 3596 6
564 3542 735 3609 δεξιὸς
761 3544 1064 3614 μεράρχης,
1085 3544 1203 3614 ἦτοι
1222 3543 1617 3614 στρατηλάτης,
1635 3542 1694 3595 ὃν
1720 3558 1922 3612 τουρμ-

328 3632 514 3702 ἀρχην
563 3633 869 3703 καλοῦμεν,
905 3636 987 3697 είς
1024 3634 1314 3705 ἀριστερὸν
1346 3626 1408 3687 οὗ
1455 3633 1615 3703 ἄρχει
1648 3635 1677 3687 6
1717 3634 1918 3688 εὐώνυ-

334 3740 442 3795 μος
504 3727 881 3798 τουρμάρχης,
918 3727 1012 3779 καὶ
1058 3727 1139 3790 είς
1171 3727 1240 3780 τὰ
1271 3727 1437 3797 ἔτερα
1466 3726 1559 3779 δύο
1592 3727 1732 3797 μέσα
1769 3727 1912 3799 μέρη

329 3814 560 3884 ὁμοίως,
589 3817 648 3868 ὲν
671 3810 754 3878 οἷς
785 3816 1000 3870 ἵσταται
1018 3817 1114 3869 καὶ
1142 3816 1204 3869 τὸ
1222 3815 1317 3869 τοῦ
1348 3815 1659 3888 στρατηγοῦ
1685 3816 1894 3887 βάνδον.

412 3905 519 3969 is”.
550 3906 680 3959 Δέον
708 3906 767 3960 δέ
817 3908 966 3960 ἐστιν
1000 3909 1065 3960 ἐκ
1104 3906 1370 3977 περισσοῦ
1432 3906 1534 3975 τῆς
1565 3904 1928 3975 παρατάξεως

333 3996 634 4067 φυλάττειν
687 3997 903 4067 ὀλίγους
958 4000 1054 4052 καὶ
1103 3998 1438 4074 σκουτάτουςμ
1497 3998 1592 4051 καὶ
1644 3997 1833 4065 ψιλοὺς
1865 3998 1927 4049 ὲν

335 4089 699 4161 ὑποϐοηθείᾳ,
730 4091 825 4143 καὶ
879 4090 1119 4160 ἄρχοντα
1169 4089 1314 4159 ἔχειν
1377 4089 1507 4142 ίδιον
1539 4089 1571 4153 ἢ
1608 4091 1763 4159 παρὰ
1825 4089 1921 4143 σοῦ

332 4183 465 4235 τότε
522 4180 947 4251 καθιστάμενον,
1004 4182 1095 4235 ἴνα
1155 4181 1252 4234 ἐὰν
1337 4180 1496 4251 χρεία
1562 4181 1788 4250 γένηται
1846 4183 1925 4245 εἰς

332 4272 414 4325 τὰ
463 4272 610 4343 ἄκρα
660 4274 762 4343 τῆς
812 4273 1174 4343 παρατάξεως
1233 4272 1430 4337 ἔξωθεν
1493 4271 1600 4324 τῶν
1659 4271 1934 4326 καϐαλλα-

337 4367 675 4438 ρίων,ἤεὲς
732 4368 831 4431 τὰς
904 4366 1139 4438 ἀμάξας,
1199 4366 1231 4437 ἦ
1291 4368 1371 4429 είς
1434 4365 1654 4436 ἐτέρους
1710 4366 1930 4431 τόπους,

338 4458 485 4528 μετά
518 4458 626 4511 τῶν
661 4459 807 4511 ίδίων
830 4459 1011 4512 αὑτῶν
1061 4458 1339 4529 ἀρχόντων
1372 4456 1758 4527 συντρέχοντες
1804 4456 1934 4526 βοη-

336 4548 535 4602 θῶσιν.

415 4640 514 4705 ξς.
556 4640 676 4713 Χρὴ
706 4642 763 4694 δὲ
814 4642 910 4695 ἐὰν
960 4640 1288 4712 ὁλιγώτερος
1346 4642 1567 4714 ὑπάρχῃ
1621 4642 1651 4694 6
1693 4642 1927 4712 στρατὸς

2031 3362 2175 3417 tibus
2206 3371 2259 3417 et
2282 3363 2676 3429 contuberniis,
2704 3362 2757 3416 in
2788 3371 3024 3432 quatuor
3082 3361 3165 3430 (ut
3200 3375 3366 3428 supra
3411 3358 3618 3412 dictum

2029 3452 2133 3521 est)
2175 3461 2383 3507 turmas
2426 3451 2607 3507 divide
2643 3466 2658 3506 :
2701 3453 2752 3505 in
2785 3452 3056 3515 dextram,
3084 3448 3173 3503 cui
3200 3456 3399 3518 praeest
3431 3446 3621 3501 dexter

2031 3545 2379 3611 turmarcha;
2410 3546 2463 3598 in
2490 3545 2700 3610 hevam,
2736 3543 2825 3598 cui
2860 3542 3027 3597 lmvus
3061 3539 3371 3595 turmarcha
3404 3555 3417 3592 :
3450 3546 3505 3593 et
3566 3538 3617 3589 in

2028 3637 2165 3689 duas
2190 3636 2396 3690 medias
2426 3645 2656 3699 turmas,
2689 3637 2741 3689 in
2769 3636 2970 3705 quibus
2999 3634 3103 3688 erit
3132 3630 3482 3702 imperatoris
3520 3644 3617 3684 co-

2023 3729 2152 3785 hors
2180 3731 2293 3784 sive
2322 3730 2581 3785 bandum.

2110 3906 2199 3961 66.
2236 3907 2440 3961 Prmter
2485 3904 2749 3972 integram
2800 3902 2940 3953 hanc
2989 3901 3160 3954 aciem
3201 3905 3415 3967 oportet
3455 3896 3618 3950 etiam

2033 4011 2238 4067 paucos
2265 3995 2529 4065 quosdam
2560 3996 2759 4047 habere
2781 4002 3023 4047 scutatos
3053 4001 3108 4046 et
3136 3991 3324 4045 velites
3347 3989 3401 4042 in
3433 3988 3613 4041 subsi-

2031 4088 2160 4149 diis,
2188 4088 2280 4156 qui
2315 4087 2509 4140 ducem
2558 4099 2717 4138 suum
2758 4084 3088 4151 peculiarem
3123 4082 3380 4145 habeant,
3410 4078 3511 4133 abs
3551 4090 3601 4133 te

2033 4178 2197 4231 etiam
2222 4178 2586 4246 designatum,
2620 4181 2680 4226 ut
2712 4174 2755 4226 si
2799 4172 3019 4241 quando
3044 4186 3183 4240 opus
3214 4170 3394 4233 fuerit,
3431 4169 3483 4221 in
3518 4183 3615 4221 ex—

2035 4270 2222 4324 tremis
2240 4271 2349 4323 oris
2368 4271 2642 4321 insn‘ucta‘.
2659 4265 2794 4320 aciei
2816 4272 2969 4318 extra
2992 4265 3204 4332 equites
3230 4262 3361 4326 sint,
3380 4262 3463 4315 vel
3485 4260 3622 4314 inter

2035 4378 2242 4423 carros,
2273 4371 2367 4415 aut
2399 4360 2523 4415 aliis
2555 4361 2608 4413 in
2662 4358 2800 4415 locis
2834 4371 2959 4412 eum
2992 4356 3227 4411 ducibus
3266 4362 3615 4409 excurrentzs

2038 4470 2195 4524 opem
2224 4456 2417 4508 lerant.

2112 4630 2202 4683 67.
2220 4629 2447 4697 Oportet
2474 4636 2679 4691 autem,
2705 4627 2749 4682 si
2774 4627 2952 4682 minor
2974 4642 3236 4683 numerus
3262 4626 3448 4695 viginti
3485 4643 3623 4695 qua-

336 4703 711 4801 κδίχιλιάδῶν
766 4733 969 4801 πεζῶν,
1002 4703 1077 4805 μή
1108 4703 1283 4786 ποιεῖν
1338 4703 1587 4804 τέσσαρα
1643 4703 1784 4804 μέρη
1832 4703 1927 4803 τὴν

2041 4733 2162 4780 tnor
2192 4723 2435 4778 millibus
2463 4722 2711 4792 peditum
2744 4724 2833 4785 sit,
2866 4722 3180 4776 universam
3224 4720 3396 4774 aciem
3430 4720 3485 4774 in
3510 4729 3620 4775 tres

338 4824 674 4894 παράταξιν,
743 4826 880 4880 ἀλλά
907 4829 1055 4896 τρία,
1083 4827 1141 4878 ἐν
1170 4824 1249 4896 τῷ
1278 4826 1430 4896 μέσῳ
1460 4825 1519 4879 δὲ
1553 4826 1707 4897 μέρει
1734 4826 1931 4879 τάσσε-

339 4915 468 4969 σθαι
491 4915 551 4968 τδ
576 4916 666 4969 τοῦ
700 4917 1008 4988 στρατηγοῦ
1052 4916 1264 4987 βάνδον,
1320 4911 1473 4986 ᾧτινι
1513 4919 1608 4972 καὶ
1646 4918 1931 4971 πείθεσθαι

336 5007 413 5058 τά
450 5006 609 5060 λοιπά
640 5007 806 5077 βάνδα
834 5008 1165 5077 ὀφείλουσιν.

416 5096 521 5168 ξη’.
550 5098 823 5169 Πρότερον
848 5100 904 5152 δὲ
943 5101 1203 5171 χωρίσεις
1227 5103 1307 5165 είς
1335 5102 1544 5169 ψιλοὺς,
1571 5102 1694 5163 τοὺς
1725 5099 1932 5161 εἰδότας

337 5174 679 5260 τοξεῦσαι,ἢ
731 5190 825 5243 καὶ
875 5192 1066 5262 μαθεῖν
1108 5193 1487 5263 δυναμένους,
1542 5193 1777 5263 γοργοὺς
1836 5195 1931 5245 καὶ

336 5282 664 5351 νεωτέρους,
719 5284 939 5348 ἱκανοὺς
996 5285 1177 5357 πηδᾷν
1204 5288 1338 5341 ὅπου
1373 5286 1676 5355 βούλονται,
1710 5286 1805 5339 ὲάν
1833 5286 1932 5355 μὲν

338 5373 485 5442 ὑπὲρ
540 5374 640 5437 τὰς
668 5373 746 5428 κδ’
775 5376 1021 5446 χιλιάδας
1069 5378 1200 5443 εἰσὶ,
1242 5379 1304 5432 τὸ
1348 5380 1521 5449 ἥμισυ
1562 5377 1748 5449 μέρος,
1799 5378 1847 5430 εί
1875 5376 1934 5430 δὲ

338 5460 656 5535 ὀλιγώτεροι
678 5465 786 5518 τῶν
818 5465 895 5519 κδ’
926 5465 1181 5537 χιλιάδων
1215 5468 1343 5533 εἰσὶ,
1368 5467 1428 5521 τὸ
1466 5468 1650 5537 τρίτον
1684 5467 1847 5537 μέρος
1872 5466 1930 5519 ὲν

340 5552 563 5625 ἑκάστῳ
609 5555 849 5629 ἀριθμῷ.
883 5559 993 5611 Καὶ
1039 5558 1164 5612 τότε
1192 5558 1568 5630 ὀρδινευθῆναι
1599 5558 1816 5624 αὑτοὺς,
1851 5556 1928 5620 ὥς

2041 4812 2218 4867 solum
2266 4823 2481 4866 turmas
2522 4811 2794 4875 (lividere,
2849 4820 2904 4864 et
2954 4812 3007 4865 in
3049 4810 3224 4863 media
3277 4810 3620 4877 imperatoris

2040 4906 2275 4960 handum
2313 4906 2429 4960 sive
2469 4906 2751 4959 cohortem
2792 4903 3053 4957 collocari
3083 4912 3335 4971 Oportet,
3391 4903 3477 4956 cui
3515 4920 3594 4958 cae

2040 5008 2154 5053 tera
2188 5000 2363 5054 banda
2387 5001 2666 5054 ohediant.

2068 5126 2073 5129 -
2105 5092 2192 5148 68.
2228 5091 2384 5146 Prius
2424 5101 2607 5146 autem
2650 5086 2860 5143 divides
2906 5085 3099 5141 velites
3138 5087 3190 5139 in
3237 5087 3508 5149 homines,
3540 5088 3621 5142 vel

2039 5186 2325 5255 sagittandi
2378 5187 2599 5253 peritos,
2632 5182 2714 5237 vel
2762 5190 2909 5235 certe
2940 5179 3147 5233 habiles
3184 5180 3249 5233 ad
3272 5180 3619 5243 discendum,

2039 5275 2084 5329 si
2120 5276 2225 5343 ηιιί
2278 5286 2461 5328 truces
2502 5280 2722 5342 aspectu
2783 5280 2838 5323 et
2874 5268 3125 5337 jnniores
3163 5266 3388 5331 fuerint,
3424 5275 3480 5321 et
3526 5271 3621 5337 qni

2041 5382 2136 5435 per
2160 5365 2339 5419 omnia
2366 5363 2615 5429 loea,nbi
2651 5362 2840 5422 velint,
2875 5361 3077 5415 saltare
3116 5361 3353 5430 possint.
3394 5359 3450 5413 Si
3476 5360 3623 5414 enim

2041 5472 2206 5526 supra
2229 5454 2416 5525 viginti
2453 5463 2692 5524 quatuor
2718 5453 2885 5507 millia
2915 5450 3141 5517 iuerint,
3172 5450 3456 5505 dimidiam
3494 5452 3615 5505 illo-

2038 5566 2157 5603 rum
2185 5558 2390 5618 partcm
2432 5547 2600 5616 eliges
2636 5562 2646 5597 :
2684 5544 2769 5600 sin
2799 5543 3087 5613 pauciores
3134 5540 3355 5605 fuerint,
3401 5539 3622 5595 tertiam

1886 5668 2115 5728 NOTAE.

722 5764 888 5838 _l.anr.
920 5765 1324 5838 εὑαριθμήτων.

423 5832 531 5904 (44)
552 5833 689 5890 Cod.
721 5833 888 5891 Laur.
924 5832 1166 5907 εὐχερές.

2111 5760 2221 5830 (15)
2258 5757 2668 5827 ’Apziio'mcrw.
2708 5752 2920 5820 Scribe,
2952 5752 3296 5822 ἀργήσωσιν.
