4022 6438
396 398 509 467 715

1660 398 1934 459 LEONIS
1973 399 2431 461 PHILOSOPHI

3540 386 3651 449 716

404 519 840 588 uniuscujusque
872 516 1085 571 numeri
1119 525 1327 587 partem
1372 531 1641 580 assumes,
1674 524 1730 570 et
1766 516 1889 569 illos
1925 515 1978 568 in

2092 534 2189 569 που
2219 519 2315 570 καὶ
2333 517 2588 584 ἀνωτέρω
2612 513 2859 580 εἴπομεν,
2874 511 2959 581 ,εἰς
2980 505 3295 577 δεκαρχίας,
3318 503 3411 558 καὶ
3429 503 3655 572 ἐπιστῆ-

402 612 655 668 decurias
686 612 804 664 sive
836 609 1215 675 contubernia,
1251 617 1311 663 ut
1353 622 1480 663 ante
1510 609 1711 662 dictum
1745 618 1852 670 est,
1889 607 1975 662 di-

401 705 573 769 vides,
615 702 830 771 illisque
863 701 1099 755 decanos
1128 701 1303 755 bonos
1337 709 1500 769 atque
1539 700 1764 755 idoneos
1799 702 1977 769 prazli-

401 798 534 861 cies,
584 808 861 864 unumque
909 794 1076 847 etiam
1114 794 1357 847 omnium
1415 793 1612 849 ducem
1661 791 1976 862 praefectum

403 889 807 957 sagittariorum
844 887 1180 942 nominabis.

463 980 555 1035 69.
584 979 935 1047 Reliquarum
969 979 1198 1032 duarum
1235 978 1466 1046 partium
1490 977 1800 1040 dimidium,
1826 984 1979 1031 octo-

401 1070 575 1124 decim
606 1069 847 1122 virorum
876 1068 1150 1121 Seniorum
1184 1067 1364 1132 simul,
1396 1077 1450 1121 et
1478 1067 1755 1137 juniorum
1788 1075 1979 1120 contu-

402 1160 591 1214 bernia
623 1160 853 1224 dividas,
879 1167 933 1212 et
966 1159 1106 1213 duos
1135 1174 1199 1213 ex
1231 1159 1297 1213 iis
1321 1158 1645 1223 octodecim,
1682 1157 1774 1227 qui
1820 1156 1977 1212 debi-

402 1252 597 1306 lissimi
631 1260 778 1311 sunt.
807 1266 902 1305 seu
945 1252 1127 1319 potius
1166 1266 1378 1314 omnes,
1414 1251 1507 1319 qui
1546 1265 1710 1318 supra
1742 1248 1978 1302 sedecim

401 1342 628 1405 sunt,ad
642 1356 828 1395 carros
841 1342 1184 1410 reliquasque
1196 1340 1437 1394 sarcinas
1451 1340 1747 1393 servandas
1760 1353 1977 1408 operam

403 1447 608 1485 navare
640 1440 855 1500 oportet
889 1449 902 1485 :
937 1432 1171 1486 sedecim
1226 1439 1407 1485 autem
1466 1431 1709 1499 reliquos
1757 1430 1810 1483 in
1860 1428 1981 1483 acie

404 1522 728 1585 consistere,
766 1532 821 1576 et
849 1538 1082 1591 praeesse
1111 1522 1217 1576 illis
1244 1523 1614 1592 manipulares
1643 1522 1832 1587 duces,
1860 1521 1977 1575 sive

402 1615 643 1669 decanos
677 1622 892 1684 Oportet
913 1624 1175 1669 strenuos
1196 1624 1359 1684 atque
1388 1615 1637 1669 idoneos.

467 1792 557 1846 70.
580 1790 720 1847 Octo
740 1806 867 1846 vero
898 1807 963 1845 ex
996 1791 1117 1846 istis
1137 1791 1399 1857 sedecim,
1424 1791 1517 1860 qui
1545 1789 1801 1845 meliores
1827 1797 1975 1854 sunt,

403 1887 611 1953 primos
664 1895 718 1938 et
778 1892 1085 1952 postremos
1149 1882 1491 1937 contubernii
1546 1882 1661 1937 sive
1714 1881 1976 1949 manipuli

403 1974 737 2028 constituere
777 1982 1010 2042 oportet.
1045 1973 1183 2026 Nam
1231 1972 1466 2027 sedecim
1510 1972 1752 2025 virorum
1782 1980 1980 2025 contu-

404 2062 681 2125 bernium,
733 2062 1068 2131 manipulum
1113 2062 1321 2130 antiqni
1363 2069 1716 2115 vocaverunt.
1756 2059 1978 2114 Consti-

405 2164 558 2208 tuere
586 2165 766 2208 autent
809 2169 903 2207 eos
951 2162 1164 2221 oportet
1208 2154 1262 2207 in
1298 2152 1495 2221 primo,
1530 2153 1584 2204 in
1630 2150 1889 2214 secundo,
1922 2149 1976 2202 in

407 2246 584 2307 tertio,
608 2246 659 2298 in
693 2254 888 2314 quarto
918 2244 1058 2306 loco,
1078 2243 1130 2297 in
1151 2259 1261 2308 xvr,
1293 2242 1345 2296 in
1371 2258 1461 2307 sv,
1483 2244 1534 2295 in
1567 2258 1678 2304 xlv,
1698 2240 1753 2294 in
1784 2256 1901 2303 xm,
1923 2250 1980 2293 ut

405 2335 691 2390 altitudine
712 2336 777 2390 ad
801 2344 1036 2405 quatuor
1060 2337 1343 2389 hominum
1375 2350 1665 2389 numerum
1687 2333 1978 2400 descripta,

407 2429 656 2482 ﬁrmetur
690 2438 801 2481 tum
836 2428 989 2482 frons
1021 2437 1133 2482 tum
1180 2431 1375 2489 cauda,
1427 2428 1480 2481 id
1525 2436 1632 2491 est,
1675 2434 1980 2481 extremum

407 2535 624 2589 agmen.
663 2517 875 2587 Reliqui
910 2535 1042 2574 vero
1094 2528 1220 2573 octo
1264 2518 1649 2573 imbecilliores
1702 2518 1755 2571 in
1802 2516 1982 2569 medio

407 2609 717 2664 collocandi
747 2618 897 2663 sunt.

480 2901 575 2957 7i.
597 2899 734 2956 Istos
762 2899 1001 2955 sedecim
1032 2898 1344 2953 nominabis
1370 2896 1599 2951 seorsitn
1628 2911 1725 2965 per
1754 2895 1981 2965 primos,

406 3002 465 3049 et
492 2994 783 3057 secumlos,
807 2993 887 3046 vel
921 3008 1014 3060 per
1035 2992 1301 3061 praestites
1334 3000 1388 3044 et
1421 2991 1629 3044 astites.
1655 2986 1772 3041 Duo
1801 2994 1981 3040 autem

408 3100 475 3138 ex
499 3085 608 3139 illis
634 3085 938 3138 binomines
968 3094 1149 3145 erunt.
1181 3092 1236 3138 et
1265 3082 1726 3151 primus‘quidem
1756 3079 1979 3133 vocabi-

2080 626 2167 663 ναι
2204 609 2386 671 αὐτοῖς
2404 608 2674 677 δεκάρχας
2703 603 3029 675 χρησίμους,
3056 600 3150 653 καὶ
3176 598 3412 669 ἄρχοντα
3438 596 3534 649 ἕνα
3560 595 3655 648 τὸν

2078 701 2372 771 λεγόμενον
2404 696 2922 771 ἁρχισαγιττάτωρα
2985 689 3119 763 (46),
3149 691 3316 761 ἤγουν
3372 685 3653 761 ἀρχιτοξόο

2077 809 2203 861 την.

2153 965 2250 1031 ξθ’.
2282 966 2357 1019 Τὸ
2406 965 2464 1018 δὲ
2504 963 2667 1034 μόνον
2718 962 2963 1032 δίμοιρον
3007 957 3174 1030 μέρος
3225 955 3260 1026 ἢ
3324 955 3496 1024 ἤμισυ
3539 954 3659 1007 διαο

2081 1060 2306 1129 μερίσαι
2350 1058 2431 1120 είς
2477 1056 2641 1120 άκίας
2672 1053 2779 1107 ἀπὸ
2812 1050 3025 1123 ἀνδρῶν
3086 1046 3155 1119 ιη’
3191 1045 3436 1100 παλαιῶν
3465 1063 3527 1098 τε
3559 1046 3658 1099 καὶ

2078 1151 2237 1205 νέων.
2298 1148 2477 1203 ’Δκίαι
2505 1148 2562 1201 δὲ
2591 1147 2868 1215 λέγονται,
2894 1143 2971 1207 ὥς
2999 1160 3088 1213 μοι
3123 1140 3361 1212 εερηται,
3385 1138 3454 1193 τὰ
3495 1137 3654 1205 λεγό-

2083 1261 2221 1313 μενα
2270 1241 2656 1310 κοντουδέρνια
2705 1237 2838 1307 (47).
2897 1237 3010 1289 Καὶ
3055 1235 3185 1294 τοὺς
3216 1232 3316 1302 μὲν
3342 1230 3435 1284 δύο
3476 1228 3660 1282 αὐτῶν

2078 1336 2205 1399 τοὺς
2228 1334 2668 1404 ὑποδεεστέρους,
2708 1332 2827 1400 ἤτοι
2855 1330 2982 1390 τοὺς
3019 1326 3275 1387 πλείονας
3316 1323 3423 1376 τῶν
3448 1320 3545 1386 ις’,
3576 1322 3659 1382 είς

2078 1426 2180 1489 τὰς
2202 1426 2417 1495 ἀμάξας
2438 1424 2531 1476 καὶ
2556 1423 2777 1492 ἑτέρας,
2796 1421 2870 1482 ὡς
2897 1414 3267 1486 είκὸς,Ιχρείας
3289 1410 3657 1482 ἀσχολεῖσθαι,

2079 1521 2206 1582 τοὺς
2232 1518 2288 1571 δὲ
2325 1515 2399 1579 ις’
2429 1515 2681 1569 ἵστασθαι
2704 1516 2763 1567 ὲν
2794 1514 2860 1583 τῇ
2888 1508 3217 1581 παρατάξει,
3247 1506 3343 1559 καὶ
3371 1504 3662 1574 ἐπιστῆναι

2082 1610 2266 1670 αὐτοῖς
2296 1608 2422 1669 τοὺς
2469 1605 2816 1676 λοχαγωγοὺς
2862 1601 2975 1671 (48)
3001 1597 3327 1669 λεγομένους
3375 1593 3664 1663 γενναίους

2082 1702 2176 1757 καὶ
2202 1701 2525 1771 χρησίμους.

2151 1801 2213 1849 ο’.
2260 1794 2364 1859 ‘Ex;
2407 1792 2613 1844 τούτων
2651 1790 2708 1842 δὲ
2748 1788 2862 1841 τῶν
2891 1784 2971 1851 ις’
2995 1781 3442 1854 χρησιμωτέρους
3474 1784 3524 1848 η’
3555 1776 3662 1846 έμ-

2081 1886 2317 1956 προσθεν
2368 1884 2465 1936 καὶ
2523 1881 2745 1934 ὄπισθεν
2792 1881 2891 1948 τῆς
2944 1876 3108 1937 ἀκίας
3170 1875 3289 1943 ἤτοι
3343 1870 3437 1923 τοῦ
3499 1868 3661 1937 λόχου

2080 1977 2440 2045 καταστῆσαι.
2493 1974 2606 2043 Τὴν
2658 1972 2767 2042 γάρ
2814 1970 2923 2023 τῶν
2949 1967 3024 2031 ις’
3047 1966 3258 2036 ἀνδρῶν
3313 1964 3476 2016 ἀκίαν
3497 1961 3658 2031 λόχου

2081 2069 2307 2124 ἐκάλουν
2334 2069 2384 2120 οἱ
2415 2065 2655 2120 παλαιοί.
2684 2064 2885 2133 Στῆσαι
2918 2061 2975 2114 δὲ
2997 2060 3195 2121 αὐτοὺς
3224 2058 3304 2119 εἰς
3325 2055 3418 2109 τὸν
3442 2053 3661 2124 πρῶτον

2080 2161 2276 2222 τόπον,
2326 2158 2423 2212 καὶ
2479 2157 2559 2219 είς
2614 2155 2705 2208 τὸν
2763 2151 3036 2221 δεύτερον,
3073 2148 3172 2201 καὶ
3208 2148 3290 2210 είς
3337 2146 3429 2198 τὸν
3453 2142 3663 2213 τρίτον,

2084 2251 2179 2304 καὶ
2200 2250 2282 2311 είς
2324 2247 2417 2300 τὸν
2451 2245 2732 2314 τέταρτον,
2765 2242 2861 2295 καὶ⁵
2881 2242 2959 2303 είς
2981 2239 3072 2292 τὸν
3099 2236 3404 2302 έξδέκατον,
3442 2232 3539 2285 καὶ
3569 2230 3666 2284 τὸν

2083 2336 2697 2399 πεντεκαιδέκατον,καὶ
2729 2336 2809 2396 εὶς
2841 2334 2931 2386 τὸν
2956 2326 3550 2401 τέσσαρεσκαιδέκατον
3566 2325 3666 2377 καὶ

2082 2437 2165 2497 είς
2225 2432 2315 2484 τὸν
2364 2427 2828 2500 τρισκαιδέκατον,
2874 2424 2961 2477 ἴνα
3018 2423 3112 2476 καὶ
3173 2420 3333 2490 μέχρι
3380 2414 3666 2484 τεσσάρων

2082 2524 2293 2593 ἀνδρῶν
2327 2505 2699 2591 ’μεριζομένου
2739 2516 2832 2569 τοῦ
2869 2513 3085 2583 βάθους,
3135 2512 3253 2581 ἤτοι
3295 2507 3390 2561 τοῦ
3457 2506 3663 2574 πάχους

2083 2615 2182 2681 τῆς
2221 2613 2401 2675 ὰκίας,
2429 2613 2486 2663 ὲν
2508 2609 2734 2677 δυνάμει
2775 2605 3010 2676 ὑπάρχει
3040 2605 3073 2674 ἤ
3113 2602 3251 2671 οὐρὰ
3289 2598 3458 2666 αὐτῆς
3483 2598 3578 2649 καὶ
3600 2595 3665 2647 τὸ

2087 2708 2360 2779 μέτωπον.
2419 2703 2556 2764 Τοὺς
2576 2701 2632 2753 δὲ
2656 2700 2874 2762 λοιποὺς
2936 2698 3061 2759 τοὺς
3136 2691 3549 2759 ὑποδεεστέρους
3604 2689 3667 2740 έν

2081 2799 2160 2868 τῷ
2189 2799 2337 2869 μέσῳ
2365 2796 2535 2864 αὐτῆς
2562 2793 2740 2857 τάξαι.

2153 2888 2249 2944 οα’.
2312 2887 2546 2949 Τούτους
2570 2886 2626 2938 δὲ
2657 2884 2783 2945 τούς
2840 2880 2914 2947 ις’
2953 2880 3219 2949 ὀνομάσαι
3272 2878 3371 2931 ἕνα
3402 2876 3537 2947 παρ’
3564 2874 3663 2927 ἕνα

2084 2984 2192 3039 ἀπὸ
2220 2981 2460 3052 πρίμων,
2490 2979 2586 3032 καὶ
2608 2976 2931 3034 σεκούνδων,
2964 2973 3082 3043 ἤτοι
3112 2968 3512 3042 πρωτοστατῶν
3547 2965 3662 3037 (49)

2085 3079 2179 3131 καὶ
2206 3074 2533 3129 ἐπιστατῶν.
2566 3072 2705 3134 Τοὺς
2730 3070 2787 3122 δξ
2814 3068 2907 3121 δύο
2941 3070 2998 3119 ὲν
3025 3066 3209 3128 αὐτοῖς
3245 3064 3352 3118 άπὸ
3393 3061 3487 3115 δύο
3515 3061 3671 3129 ἔχειν

410 3184 501 3228 tur
547 3174 832 3243 loeltagus,
870 3174 986 3227 sive
1032 3172 1390 3241 manipularis
1437 3172 1543 3223 dux
1600 3171 1830 3239 primus,
1866 3168 1981 3222 sive

2092 3170 2385 3238 ὀνομάτων,
2436 3165 2529 3218 καὶ
2563 3162 2654 3215 τὸν
2717 3163 2814 3230 μὲν
2842 3160 3062 3228 πρῶτον
3117 3154 3400 3210 καλεῖσθαι
3433 3151 3667 3222 λοχαγὸν

410 3272 783 3333 protostatcs;
822 3265 959 3316 alter
997 3273 1178 3316 autem
1240 3261 1523 3315 vocabitur
1578 3259 1884 3314 decarclms
1931 3266 1987 3313 et

411 3354 686 3409 secundus
726 3354 842 3408 sive
883 3361 1050 3415 astes,
1082 3361 1137 3405 et
1164 3352 1418 3421 deinceps
1456 3350 1730 3414 similiter,
1773 3358 1831 3403 ut
1865 3350 1985 3403 uni-

410 3459 565 3499 versa
593 3445 739 3499 acies
794 3459 860 3498 ex
906 3445 1239 3513 praestitibus
1273 3450 1326 3497 et
1367 3443 1618 3496 astitibus
1661 3442 1962 3495 instruatur

486 3534 574 3589 72.
609 3535 679 3591 Ut
724 3544 905 3589 autem
939 3535 1160 3587 obedire
1195 3532 1412 3587 facilius
1440 3533 1672 3601 possint,
1699 3542 1751 3584 et
1792 3531 1985 3584 idonee

412 3630 557 3682 inter
583 3642 640 3680 se
662 3626 865 3686 vivere.
902 3626 1097 3679 melius
1139 3633 1226 3677 est
1270 3625 1394 3679 illos
1429 3624 1483 3677 in
1516 3624 1624 3676 duo
1648 3623 1826 3677 solum
1854 3636 1987 3675 con-

411 3717 662 3770 tubernia
699 3717 959 3782 dividere,
1001 3725 1058 3769 ut
1088 3716 1246 3785 primi
1288 3719 1403 3770 sive
1440 3716 1711 3785 praestites
1734 3714 1985 3770 sintcum

411 3808 670 3879 praelecto
720 3809 1079 3877 manipulari,
1130 3809 1352 3863 secundi
1409 3816 1587 3861 autem
1656 3808 1740 3861 vel
1798 3806 1986 3859 astitcs

410 3901 520 3953 sint
561 3913 686 3953 cum
730 3901 968 3968 decano;
1012 3899 1085 3953 ita
1135 3901 1227 3954 liet
1277 3910 1357 3963 ιιι,
1395 3913 1709 3968 quanquam
1756 3899 1807 3951 in
1860 3898 1988 3950 vitae

409 3990 560 4045 cultu
596 4000 941 4060 separantur,
974 3992 1028 4043 in
1061 3991 1178 4044 acie
1210 3999 1389 4043 tamen
1423 3989 1670 4052 adunati,
1704 3988 1792 4042 isti
1830 3987 1985 4043 sede-

411 4080 519 4133 cim
561 4080 795 4136 concilio
824 4079 1189 4148 mandatoque
1218 4080 1578 4144 manipularis
1613 4078 1854 4147 praefecti
1886 4077 1982 4131 ob-

412 4179 736 4239 temperent.
772 4168 885 4225 Hoc
908 4171 1072 4225 modo
1100 4172 1246 4227 acies
1282 4172 1488 4240 optime
1522 4180 1902 4233 conservatur,
1932 4181 1990 4225 et

411 4259 491 4316 illi
524 4261 779 4317 facillime
804 4264 1118 4318 obedientes
1150 4274 1331 4320 erunt.

484 4438 574 4492 75.
613 4436 757 4493 Utile
787 4447 967 4493 autem
996 4447 1100 4502 est,
1138 4439 1183 4493 si
1216 4440 1266 4493 id
1304 4440 1418 4496 fieri
1454 4448 1649 4510 potest,
1674 4456 1780 4496 non
1810 4442 1986 4496 solum

2090 3262 2181 3313 καὶ
2227 3256 2654 3328 πρωτοστάτην,
2700 3252 2790 3305 τδν
2841 3251 2899 3304 δὲ
2942 3250 3195 3319 δεύτερον
3241 3246 3512 3316 δεκάρχην
3568 3242 3671 3296 καὶ

2087 3348 2372 3405 σεκοῦνδον
2399 3349 2564 3417 ἤγουν
2592 3343 2908 3413 ἐπιστάτην,
2942 3340 3083 3393 ὥστε
3122 3335 3263 3393 εἶναι
3290 3337 3379 3390 τὸν
3407 3335 3527 3390 ὅλον
3555 3332 3668 3388 στί-

2086 3460 2183 3514 χον
2216 3444 2281 3495 ὲκ
2307 3437 2700 3509 πρωτοστατῶν
2729 3437 2822 3489 καὶ
2853 3432 3157 3487 ἐπιστατῶν
3186 3428 3563 3499 συγκείμενον.

2156 3530 2253 3602 οβ’.
2289 3532 2406 3584 ’Ὶνα
2451 3529 2506 3582 δὲ
2535 3526 2627 3579 καὶ
2667 3524 2931 3596 ἄρχεσθαι
2988 3522 3223 3584 εὐκόλως
3251 3520 3534 3579 δύνωνται,
3568 3516 3670 3569 καὶ.

2088 3623 2437 3696 ἁρμοζόντως
2496 3620 2802 3686 συνδιάγειν
2862 3615 3115 3685 ἀλλήλοις
3145 3651 3163 3677 ,
3228 3610 3447 3666 κάλλιόν
3516 3610 3671 3661 ἔστιν

2091 3715 2291 3784 μᾶλλον
2322 3710 2545 3773 τούτους
2574 3711 2653 3773 είς
2681 3707 2774 3760 δύο
2807 3707 2943 3776 μόνα
2983 3702 3369 3772 κοντουδέρνια
3396 3698 3671 3767 γίνεσθαι,

2090 3806 2176 3858 ῐνα
2203 3806 2253 3858 οἱ
2298 3804 2397 3874 μὲν
2446 3801 2654 3871 πρίμου
2697 3799 2869 3869 ἤγουν
2889 3797 2937 3849 οἱ
2966 3793 3348 3865 πρωτοστάται
3399 3786 3502 3844 ὦσι
3528 3790 3669 3859 μετὰ

2087 3896 2181 3951 τοῦ
2232 3894 2485 3965 λοχαγοῦ,
2534 3893 2585 3945 οι
2627 3891 2682 3944 δὲ
2728 3888 3002 3944 σεκοῦνδοι
3053 3887 3221 3957 ἤγουν
3264 3887 3313 3938 οί
3375 3883 3669 3935 ἐπιστάται

2093 3987 2231 4059 μετὰ
2278 3984 2371 4038 τοῦ
2424 3983 2709 4052 δεκάρχου,
2737 3979 2878 4034 οὕτω
2937 3978 3120 4047 μέντοι
3156 3975 3321 4039 ὥστε,
3371 3973 3476 4026 κᾶν
3503 3974 3561 4025 έν
3594 3973 3665 4041 τῇ

2088 4076 2332 4145 διαγωγῇ
2360 4070 2696 4142 διαιρῶνται,
2731 4068 2846 4124 ἀλλ’
2872 4067 2965 4121 οῦν
2998 4068 3056 4119 ὲν
3095 4067 3161 4135 τῇ
3189 4063 3343 4129 τάξει
3395 4060 3674 4131 ἡνωμένοι

2089 4167 2239 4229 ὄντες
2269 4166 2320 4219 oi
2347 4162 2421 4228 Lg"
2450 4166 2515 4233 τῇ
2545 4161 2707 4231 βουλῇ
2742 4161 2839 4213 καλ⁸
2863 4158 3057 4230 γνώμῃ
3104 4156 3199 4209 τοῦ
3254 4154 3488 4223 λοχαγοῦ
3540 4150 3666 4203 πεί-

2091 4258 2312 4313 θωνται.
2357 4253 2637 4309 Ἐντεῦθεν
2670 4252 2780 4322 γὰρ
2816 4252 2912 4305 καὶ
2936 4251 2970 4321 ἡ
3003 4248 3155 4314 τάξις
3187 4246 3540 4316 φυλάσσεται,
3571 4241 3673 4296 καὶ

2091 4348 2329 4410 εὐκόλως
2360 4344 2624 4416 ἄρχεσθαι
2644 4342 2921 4396 δύνανται.

2162 4437 2262 4506 ογ’.
2332 4438 2617 4507 Χρήσιμον
2648 4433 2705 4487 δέ
2745 4435 2916 4495 ἐστιν,
2972 4429 3067 4483 ἐὰν
3106 4428 3353 4498 δέχηται,
3398 4426 3473 4497 μὴ
3509 4425 3678 4496 μόνον

413 4530 719 4585 secundum
768 4531 1046 4597 virtutem,
1089 4530 1172 4584 vel
1212 4533 1585 4587 strenuitatem
1632 4532 1981 4601 unumquod-

2094 4528 2236 4583 κατὰ
2285 4526 2547 4594 ποιότητα
2586 4524 2753 4594 ἤγουν
2784 4519 3047 4589 εὐψυχίαν
3083 4515 3379 4588 όρδινεύειν
3420 4515 3547 4578 τοὺς
3592 4511 3675 4579 ις’

412 4637 521 4691 que
581 4621 1000 4676 contubernium
1061 4631 1396 4677 scutatorum
1448 4625 1727 4689 ordinare,
1793 4638 1984 4677 verum

411 4714 575 4769 etiam
603 4714 759 4782 juxta
787 4723 1024 4780 aetatem,
1056 4723 1116 4768 ut
1150 4718 1521 4786 provectiores
1554 4726 1732 4780 aetate,
1757 4717 1800 4772 si
1831 4725 1987 4770 ante»

414 4816 709 4870 ponantur,
743 4807 917 4876 magis
950 4815 1231 4875 parentem
1283 4814 1447 4876 atque
1501 4808 1844 4861 obedientem
1872 4822 1985 4862 ma-

412 4896 661 4965 nipulum
696 4896 913 4952 faciant.
946 4896 1014 4951 Ut
1048 4912 1178 4952 vero
1205 4913 1270 4951 ne
1299 4899 1491 4952 omnia
1514 4897 1598 4951 vel
1632 4897 1698 4951 ad
1747 4896 1985 4951 strenui-

415 4998 602 5048 tatem,
638 4988 719 5043 vel
762 4990 827 5043 ad
863 4999 1077 5043 aetatem
1128 4989 1466 5054 referamus,
1503 4999 1719 5058 oportet
1764 5005 1859 5043 eos
1885 4989 1991 5057 qui

411 5078 709 5133 alacriores
744 5090 797 5133 et
824 5080 1202 5148 generosiores
1235 5089 1383 5141 sunt,
1408 5080 1464 5134 in
1495 5080 1672 5133 fronte
1711 5088 1766 5134 et
1789 5079 1986 5145 cauda,

414 5171 468 5225 id
492 5180 596 5235 est,
629 5178 873 5226 extremo
903 5172 1278 5234 contubernio,
1311 5171 1690 5226 imbecilliores
1721 5180 1901 5225 autem
1930 5169 1983 5224 in

416 5264 618 5327 medio,
649 5264 1114 5333 quemadmodum
1146 5264 1525 5333 praediximus,
1560 5264 1841 5319 collocari.

486 5356 573 5411 74.
613 5355 908 5428 Propterea
953 5367 1135 5414 autem
1186 5358 1399 5427 antiqui
1452 5372 1520 5413 ex
1563 5358 1798 5415 sedecim
1847 5356 1980 5413 viris

2095 4619 2217 4674 καθ’
2264 4618 2500 4685 ἑκάστην
2531 4613 2690 4669 ἀκίαν
2724 4610 2835 4664 τῶν
2867 4609 3203 4673 σκουτάτων,
3237 4606 3371 4659 ἀλλὰ
3401 4606 3493 4658 καὶ
3528 4604 3673 4657 κατὰ

2094 4711 2345 4784 ἡλικίανο
2385 4710 2476 4763 ἳνα
2518 4708 2567 4759 οἱ
2600 4705 2928 4775 μακρότεροι
2968 4701 3279 4772 ἔμπροσθεν
3342 4698 3673 4767 τασσόμενοι

2093 4800 2491 4869 εὐτακτοτέραν
2518 4798 2617 4866 τὴν
2646 4792 2950 4866 παράταξιν
2993 4792 3372 4855 ἀποδείξωσιν.
3400 4788 3463 4842 El
3495 4788 3552 4840 δὲ
3591 4788 3667 4857 μὴ

2093 4895 2312 4950 ἅπαντα
2360 4890 2498 4960 πρὸς
2529 4886 2747 4957 ἡλικίαν
2801 4885 2897 4938 καὶ
2920 4883 3169 4954 ἀνδρείαν
3205 4882 3444 4945 πάντως,
3483 4881 3558 4942 ὡς
3590 4881 3669 4932 εἷ·-

2095 5003 2291 5056 πομεν,
2349 4981 2476 5042 τοὺς
2524 4977 2920 5047 εὐψυχοτέρους
2962 4975 3057 5027 καὶ
3094 4974 3501 5041 γενναιοτέρους
3538 4970 3671 5023 ἑκά-

2097 5091 2228 5145 στης
2257 5071 2418 5132 ἀκίας
2440 5069 2557 5122 δέον
2585 5068 2729 5119 ἐστὶν
2759 5064 2973 5127 εἰςτοίις
2996 5061 3304 5133 ἔμπροσθεν
3333 5060 3677 5127 καὶρπισθεν

2096 5166 2295 5228 τόπους
2310 5159 2624 5215 τάσσεσθαι¹
2645 5157 2769 5219 τοὺς
2788 5155 2845 5208 δὲ
2868 5154 3289 5225 ὑποδεεστέρους
3318 5153 3396 5215 εἰς
3418 5151 3479 5204 τὸ
3504 5151 3671 5220 μέσον

2094 5257 2299 5321 αὐτῶν,
2335 5254 2455 5308 καθ’
2510 5252 2570 5305 ὃν
2600 5250 2906 5321 εἰρήκαμεν
2935 5247 3157 5318 τρόπον.
3280 5256 3281 5259 ‘

2155 5349 2248 5405 06’.
2280 5349 2446 5401 Ὥστε
2483 5340 2576 5399 οῦν
2604 5342 2693 5397 διὰ
2743 5340 2901 5396 τοῦτο
2948 5341 3045 5394 καὶ
3078 5340 3139 5407 οἱ,
3174 5340 3390 5410 ἀρχαῖοι
3439 5336 3548 5391 ἀπὸ
3585 5334 3661 5401 ις’

1934 5483 2170 5543 ΝΟΤΛΕ.

416 5582 1215 5707 τάἓῗξὲαξὲρχισαγιττάτωρα.
1281 5584 1658 5651 Scribebatur,
1694 5586 1986 5657 άρχισαγι-

492 5723 604 5790 (Π)
632 5722 817 5794 ’Λα-[αι
844 5723 912 5777 δὲ
941 5724 1220 5791 λέγονται
1255 5726 1328 5780 τὰ
1373 5726 1668 5794 λεγόμενα
1722 5743 1972 5781 κον-του-

422 5788 640 5855 εέρνεα.
701 5790 822 5845 "tuo
865 5810 893 5847 a
923 5788 1105 5864 glossa
1155 5810 1274 5851 esse
1328 5788 1548 5862 censeo,
1589 5814 1765 5868 neque
1811 5798 1977 5859 Checi

2096 5604 2223 5660 item
2250 5602 2420 5656 codex
2463 5600 2729 5670 agnoscit.

2164 5674 2275 5743 (48)
2313 5671 2459 5736 Τοὺς
2496 5659 3160 5743 ἂσχαγιῳγοιξς.βοιίὶιε,.
3196 5662 3321 5725 τοὺς
3356 5659 3671 5743 ,λοχαγούμ

2158 5731 2270 5814 (ᾌῡῇ
2326 5731 2762 5811 Πρώτοσὶάἑῶἑ
2812 5731 3022 5805 scribe,
3060 5731 3447 5807 πορωστατῶν.
