  <div class='ocr_page' id='page_1' title='image "/cluster/home/n/w/nwhite01/storage/ocr_20150623/107/coo.31924054870112/404.png"; bbox 0 0 4022 6432; ppageno 0'>
   <div class='ocr_carea' id='block_1_1' title="bbox 296 394 399 464">
    <p class='ocr_par' dir='ltr' id='par_1_1' title="bbox 296 394 399 464">
     <span class='ocr_line' id='line_1_1' title="bbox 296 394 399 464; baseline -0.019 -1"><span class='ocrx_word' id='word_1_1' title='bbox 296 394 399 464; x_wconf 73' lang='lat'><strong>717</strong></span> 
     </span>
    </p>
   </div>
   <div class='ocr_carea' id='block_1_2' title="bbox 1382 396 2483 461">
    <p class='ocr_par' dir='ltr' id='par_1_2' title="bbox 1382 396 2483 461">
     <span class='ocr_line' id='line_1_2' title="bbox 1382 396 2483 461; baseline -0.006 0"><span class='ocrx_word' id='word_1_2' title='bbox 1382 400 1718 461; x_wconf 84' lang='lat' dir='ltr'><strong>TACTICA.</strong></span> <span class='ocrx_word' id='word_1_3' title='bbox 1758 423 1828 434; x_wconf 90' lang='grc'><strong>·-</strong></span> <span class='ocrx_word' id='word_1_4' title='bbox 1865 396 2375 459; x_wconf 86' lang='lat' dir='ltr'><strong>CONSTITUTIO</strong></span> <span class='ocrx_word' id='word_1_5' title='bbox 2414 397 2483 458; x_wconf 87' lang='lat' dir='ltr'><strong>V.</strong></span> 
     </span>
    </p>
   </div>
   <div class='ocr_carea' id='block_1_3' title="bbox 3442 383 3554 450">
    <p class='ocr_par' dir='ltr' id='par_1_3' title="bbox 3442 383 3554 450">
     <span class='ocr_line' id='line_1_3' title="bbox 3442 383 3554 450; baseline 0 0"><span class='ocrx_word' id='word_1_6' title='bbox 3442 383 3554 450; x_wconf 75' lang='lat'><strong>718</strong></span> 
     </span>
    </p>
   </div>
   <div class='ocr_carea' id='block_1_4' title="bbox 290 504 1896 582">
    <p class='ocr_par' dir='ltr' id='par_1_4' title="bbox 290 509 1874 582">
     <span class='ocr_line' id='line_1_4' title="bbox 290 509 1874 582; baseline -0.003 -16"><span class='ocrx_word' id='word_1_7' title='bbox 290 510 502 580; x_wconf 80' lang='grc' dir='ltr'>ἀνδρῶν</span> <span class='ocrx_word' id='word_1_8' title='bbox 529 509 712 575; x_wconf 71' lang='grc' dir='ltr'>πεζῶν</span> <span class='ocrx_word' id='word_1_9' title='bbox 734 510 796 564; x_wconf 77' lang='grc' dir='ltr'>τὸ</span> <span class='ocrx_word' id='word_1_10' title='bbox 816 510 979 581; x_wconf 79' lang='grc' dir='ltr'>βάθος</span> <span class='ocrx_word' id='word_1_11' title='bbox 1013 512 1119 565; x_wconf 87' lang='grc' dir='ltr'><strong>τῶν</strong></span> <span class='ocrx_word' id='word_1_12' title='bbox 1147 512 1320 566; x_wconf 81' lang='grc' dir='ltr'>άκιῶν</span> <span class='ocrx_word' id='word_1_13' title='bbox 1359 512 1480 582; x_wconf 79' lang='grc' dir='ltr'>ῆτοι</span> <span class='ocrx_word' id='word_1_14' title='bbox 1509 512 1619 565; x_wconf 89' lang='grc' dir='ltr'><strong>τῶν</strong></span> <span class='ocrx_word' id='word_1_15' title='bbox 1648 510 1874 581; x_wconf 88' lang='grc' dir='ltr'>ὀρδίνων</span> 
     </span>
    </p>
   </div>
   <div class='ocr_carea' id='block_1_5' title="bbox 2009 504 3557 582">
    <p class='ocr_par' dir='ltr' id='par_1_5' title="bbox 2009 504 3557 576">
     <span class='ocr_line' id='line_1_5' title="bbox 2009 504 3557 576; baseline -0.005 -11"><span class='ocrx_word' id='word_1_16' title='bbox 2009 510 2251 566; x_wconf 71' lang='grc' dir='ltr'>»εόὶιίὺιιε</span> <span class='ocrx_word' id='word_1_17' title='bbox 2294 507 2710 564; x_wconf 67' lang='lat' dir='ltr'><strong>contubernium</strong></span> <span class='ocrx_word' id='word_1_18' title='bbox 2758 506 2811 560; x_wconf 90' lang='lat' dir='ltr'><strong>in</strong></span> <span class='ocrx_word' id='word_1_19' title='bbox 2864 505 3057 560; x_wconf 89' lang='lat' dir='ltr'><strong>militia</strong></span> <span class='ocrx_word' id='word_1_20' title='bbox 3102 504 3557 576; x_wconf 81' lang='lat' dir='ltr'><strong>designaverunt;</strong></span> 
     </span>
    </p>
   </div>
   <div class='ocr_carea' id='block_1_6' title="bbox 293 597 1896 673">
    <p class='ocr_par' dir='ltr' id='par_1_6' title="bbox 293 601 1874 673">
     <span class='ocr_line' id='line_1_6' title="bbox 293 601 1874 673; baseline -0.001 -18"><span class='ocrx_word' id='word_1_21' title='bbox 293 602 499 673; x_wconf 81' lang='grc' dir='ltr'>ὥρισαν</span> <span class='ocrx_word' id='word_1_22' title='bbox 522 602 581 655; x_wconf 70' lang='grc' dir='ltr'>ἐν</span> <span class='ocrx_word' id='word_1_23' title='bbox 612 603 733 663; x_wconf 69' lang='grc' dir='ltr'>ταῖς</span> <span class='ocrx_word' id='word_1_24' title='bbox 768 601 990 670; x_wconf 84' lang='grc' dir='ltr'><strong>μάχαις,</strong></span> <span class='ocrx_word' id='word_1_25' title='bbox 1014 602 1205 673; x_wconf 74' lang='grc' dir='ltr'>ἐπειδὴ</span> <span class='ocrx_word' id='word_1_26' title='bbox 1238 604 1333 656; x_wconf 76' lang='grc' dir='ltr'>καὶ</span> <span class='ocrx_word' id='word_1_27' title='bbox 1360 602 1423 655; x_wconf 81' lang='grc' dir='ltr'>τὸ</span> <span class='ocrx_word' id='word_1_28' title='bbox 1451 602 1649 672; x_wconf 84' lang='grc' dir='ltr'><strong>μέτρον</strong></span> <span class='ocrx_word' id='word_1_29' title='bbox 1670 601 1874 673; x_wconf 75' lang='grc' dir='ltr'>ἀρκοῦν</span> 
     </span>
    </p>
   </div>
   <div class='ocr_carea' id='block_1_7' title="bbox 2009 597 3558 673">
    <p class='ocr_par' dir='ltr' id='par_1_7' title="bbox 2019 597 3558 662">
     <span class='ocr_line' id='line_1_7' title="bbox 2019 597 3558 662; baseline -0.003 -8"><span class='ocrx_word' id='word_1_30' title='bbox 2019 601 2240 655; x_wconf 89' lang='lat' dir='ltr'><strong>uoniam</strong></span> <span class='ocrx_word' id='word_1_31' title='bbox 2261 600 2349 654; x_wconf 83' lang='lat' dir='ltr'><strong>hic</strong></span> <span class='ocrx_word' id='word_1_32' title='bbox 2374 614 2636 654; x_wconf 89' lang='lat' dir='ltr'><strong>numerus</strong></span> <span class='ocrx_word' id='word_1_33' title='bbox 2663 607 2776 653; x_wconf 90' lang='lat' dir='ltr'><strong>tum</strong></span> <span class='ocrx_word' id='word_1_34' title='bbox 2812 597 3040 653; x_wconf 88' lang='lat' dir='ltr'><strong>idoneus</strong></span> <span class='ocrx_word' id='word_1_35' title='bbox 3072 603 3154 650; x_wconf 88' lang='lat' dir='ltr'><strong>est</strong></span> <span class='ocrx_word' id='word_1_36' title='bbox 3180 608 3342 662; x_wconf 85' lang='lat' dir='ltr'><strong>quem</strong></span> <span class='ocrx_word' id='word_1_37' title='bbox 3376 603 3558 649; x_wconf 88' lang='lat' dir='ltr'><strong>trans-</strong></span> 
     </span>
    </p>
   </div>
   <div class='ocr_carea' id='block_1_8' title="bbox 293 684 1877 765">
    <p class='ocr_par' dir='ltr' id='par_1_8' title="bbox 293 684 1877 765">
     <span class='ocr_line' id='line_1_8' title="bbox 293 684 1877 765; baseline -0.001 -19"><span class='ocrx_word' id='word_1_38' title='bbox 293 697 459 755; x_wconf 70' lang='grc' dir='ltr'>ἐστιν,</span> <span class='ocrx_word' id='word_1_39' title='bbox 491 692 628 763; x_wconf 82' lang='grc' dir='ltr'>ὅπερ</span> <span class='ocrx_word' id='word_1_40' title='bbox 669 684 1021 764; x_wconf 71' lang='grc' dir='ltr'>ὑπερϐαίνειν</span> <span class='ocrx_word' id='word_1_41' title='bbox 1049 695 1111 747; x_wconf 81' lang='grc' dir='ltr'>οὐ</span> <span class='ocrx_word' id='word_1_42' title='bbox 1135 694 1263 765; x_wconf 85' lang='grc' dir='ltr'>χρὴ,</span> <span class='ocrx_word' id='word_1_43' title='bbox 1305 695 1402 748; x_wconf 76' lang='grc' dir='ltr'><strong>καὶ</strong></span> <span class='ocrx_word' id='word_1_44' title='bbox 1424 696 1481 747; x_wconf 81' lang='grc' dir='ltr'>ὲν</span> <span class='ocrx_word' id='word_1_45' title='bbox 1508 696 1630 755; x_wconf 84' lang='grc' dir='ltr'>ταῖς</span> <span class='ocrx_word' id='word_1_46' title='bbox 1665 693 1877 763; x_wconf 80' lang='grc' dir='ltr'><strong>χρείαις</strong></span> 
     </span>
    </p>
   </div>
   <div class='ocr_carea' id='block_1_9' title="bbox 1980 685 3562 761">
    <p class='ocr_par' dir='ltr' id='par_1_9' title="bbox 1980 685 3562 761">
     <span class='ocr_line' id='line_1_9' title="bbox 1980 685 3562 761; baseline -0.003 -16"><span class='ocrx_word' id='word_1_47' title='bbox 1980 695 2058 746; x_wconf 88' lang='lat' dir='ltr'><strong>ire</strong></span> <span class='ocrx_word' id='word_1_48' title='bbox 2095 706 2206 746; x_wconf 90' lang='lat' dir='ltr'><strong>non</strong></span> <span class='ocrx_word' id='word_1_49' title='bbox 2238 699 2472 761; x_wconf 75' lang='lat' dir='ltr'><strong>oportet,</strong></span> <span class='ocrx_word' id='word_1_50' title='bbox 2505 700 2617 745; x_wconf 91' lang='lat' dir='ltr'><strong>tum</strong></span> <span class='ocrx_word' id='word_1_51' title='bbox 2648 690 2702 745; x_wconf 92' lang='lat' dir='ltr'><strong>in</strong></span> <span class='ocrx_word' id='word_1_52' title='bbox 2737 689 2888 745; x_wconf 91' lang='lat' dir='ltr'><strong>omni</strong></span> <span class='ocrx_word' id='word_1_53' title='bbox 2933 686 3156 743; x_wconf 84' lang='lat' dir='ltr'><strong>militari</strong></span> <span class='ocrx_word' id='word_1_54' title='bbox 3184 702 3286 741; x_wconf 92' lang='lat' dir='ltr'><strong>usu</strong></span> <span class='ocrx_word' id='word_1_55' title='bbox 3318 685 3478 741; x_wconf 80' lang='lat' dir='ltr'><strong>facile</strong></span> <span class='ocrx_word' id='word_1_56' title='bbox 3504 696 3562 741; x_wconf 92' lang='lat' dir='ltr'><strong>et</strong></span> 
     </span>
    </p>
   </div>
   <div class='ocr_carea' id='block_1_10' title="bbox 294 778 1896 856">
    <p class='ocr_par' dir='ltr' id='par_1_10' title="bbox 294 784 1876 856">
     <span class='ocr_line' id='line_1_10' title="bbox 294 784 1876 856; baseline 0.001 -19"><span class='ocrx_word' id='word_1_57' title='bbox 294 784 570 847; x_wconf 76' lang='grc' dir='ltr'><strong>εὐτάκτως</strong></span> <span class='ocrx_word' id='word_1_58' title='bbox 619 784 716 837; x_wconf 79' lang='grc' dir='ltr'>καὶ</span> <span class='ocrx_word' id='word_1_59' title='bbox 776 785 1057 855; x_wconf 78' lang='grc' dir='ltr'><strong>συντόμως</strong></span> <span class='ocrx_word' id='word_1_60' title='bbox 1090 784 1400 856; x_wconf 79' lang='grc' dir='ltr'><strong>μερίζεται,</strong></span> <span class='ocrx_word' id='word_1_61' title='bbox 1427 786 1523 839; x_wconf 73' lang='grc' dir='ltr'>καὶ</span> <span class='ocrx_word' id='word_1_62' title='bbox 1546 785 1876 839; x_wconf 82' lang='grc' dir='ltr'><strong>λεπτύνεται</strong></span> 
     </span>
    </p>
   </div>
   <div class='ocr_carea' id='block_1_11' title="bbox 2009 778 3557 856">
    <p class='ocr_par' dir='ltr' id='par_1_11' title="bbox 2009 778 3557 853">
     <span class='ocr_line' id='line_1_11' title="bbox 2009 778 3557 853; baseline -0.004 -17"><span class='ocrx_word' id='word_1_63' title='bbox 2009 783 2132 839; x_wconf 83' lang='grc' dir='ltr'>ιιιΙΙο</span> <span class='ocrx_word' id='word_1_64' title='bbox 2164 784 2386 853; x_wconf 85' lang='lat' dir='ltr'><strong>negotio</strong></span> <span class='ocrx_word' id='word_1_65' title='bbox 2409 781 2694 847; x_wconf 90' lang='lat' dir='ltr'><strong>dividitur,</strong></span> <span class='ocrx_word' id='word_1_66' title='bbox 2732 791 2789 836; x_wconf 89' lang='lat' dir='ltr'><strong>et</strong></span> <span class='ocrx_word' id='word_1_67' title='bbox 2828 789 3047 836; x_wconf 85' lang='lat' dir='ltr'><strong>secatur</strong></span> <span class='ocrx_word' id='word_1_68' title='bbox 3080 793 3257 848; x_wconf 89' lang='lat' dir='ltr'><strong>usque</strong></span> <span class='ocrx_word' id='word_1_69' title='bbox 3285 778 3353 833; x_wconf 89' lang='lat' dir='ltr'><strong>ad</strong></span> <span class='ocrx_word' id='word_1_70' title='bbox 3387 793 3557 831; x_wconf 91' lang='lat' dir='ltr'><strong>unum</strong></span> 
     </span>
    </p>
   </div>
   <div class='ocr_carea' id='block_1_12' title="bbox 298 869 1896 975">
    <p class='ocr_par' dir='ltr' id='par_1_12' title="bbox 298 874 1877 975">
     <span class='ocr_line' id='line_1_12' title="bbox 298 874 1877 975; baseline 0.001 -49"><span class='ocrx_word' id='word_1_71' title='bbox 298 874 489 975; x_wconf 67' lang='grc' dir='ltr'>μέχρις</span> <span class='ocrx_word' id='word_1_72' title='bbox 532 875 676 975; x_wconf 52' lang='grc' dir='ltr'><strong>ἐνὸς-</strong></span> <span class='ocrx_word' id='word_1_73' title='bbox 706 875 919 975; x_wconf 59' lang='grc' dir='ltr'>ἀνδρὸς.</span> <span class='ocrx_word' id='word_1_74' title='bbox 963 876 1219 975; x_wconf 74' lang='grc' dir='ltr'>Τοσαῦτα</span> <span class='ocrx_word' id='word_1_75' title='bbox 1252 877 1353 946; x_wconf 83' lang='grc' dir='ltr'>μὲν</span> <span class='ocrx_word' id='word_1_76' title='bbox 1382 877 1476 931; x_wconf 70' lang='grc' dir='ltr'>οὖν</span> <span class='ocrx_word' id='word_1_77' title='bbox 1500 877 1745 946; x_wconf 70' lang='grc' dir='ltr'>καὶπερὶ</span> <span class='ocrx_word' id='word_1_78' title='bbox 1776 876 1877 945; x_wconf 81' lang='grc' dir='ltr'>τῆς</span> 
     </span>
    </p>
   </div>
   <div class='ocr_carea' id='block_1_13' title="bbox 2009 869 3560 975">
    <p class='ocr_par' dir='ltr' id='par_1_13' title="bbox 2009 869 3560 943">
     <span class='ocr_line' id='line_1_13' title="bbox 2009 869 3560 943; baseline -0.005 -14"><span class='ocrx_word' id='word_1_79' title='bbox 2009 877 2187 933; x_wconf 71' lang='lat' dir='ltr'><strong>&#39;irum.</strong></span> <span class='ocrx_word' id='word_1_80' title='bbox 2220 873 2399 943; x_wconf 86' lang='lat' dir='ltr'><strong>Atque</strong></span> <span class='ocrx_word' id='word_1_81' title='bbox 2442 873 2559 928; x_wconf 69' lang='lat' dir='ltr'><strong>haec</strong></span> <span class='ocrx_word' id='word_1_82' title='bbox 2600 872 2820 942; x_wconf 89' lang='lat' dir='ltr'><strong>quidem</strong></span> <span class='ocrx_word' id='word_1_83' title='bbox 2869 871 2937 926; x_wconf 88' lang='lat' dir='ltr'><strong>de</strong></span> <span class='ocrx_word' id='word_1_84' title='bbox 2981 870 3253 924; x_wconf 82' lang='lat' dir='ltr'><strong>exercitus</strong></span> <span class='ocrx_word' id='word_1_85' title='bbox 3287 869 3560 924; x_wconf 90' lang='lat' dir='ltr'><strong>divisione</strong></span> 
     </span>
    </p>
   </div>
   <div class='ocr_carea' id='block_1_14' title="bbox 293 960 1896 1066">
    <p class='ocr_par' dir='ltr' id='par_1_14' title="bbox 293 963 1879 1066">
     <span class='ocr_line' id='line_1_14' title="bbox 293 963 1879 1066; baseline 0.003 -49"><span class='ocrx_word' id='word_1_86' title='bbox 293 965 387 1066; x_wconf 61' lang='grc' dir='ltr'>τοῦ</span> <span class='ocrx_word' id='word_1_87' title='bbox 448 964 680 1034; x_wconf 77' lang='grc' dir='ltr'>στρατοῦ</span> <span class='ocrx_word' id='word_1_88' title='bbox 740 963 1059 1035; x_wconf 69' lang='grc' dir='ltr'>δωιρὲσεὼς</span> <span class='ocrx_word' id='word_1_89' title='bbox 1095 983 1156 1019; x_wconf 89' lang='grc' dir='ltr'><strong>τε</strong></span> <span class='ocrx_word' id='word_1_90' title='bbox 1192 968 1285 1020; x_wconf 77' lang='grc' dir='ltr'>καὶ</span> <span class='ocrx_word' id='word_1_91' title='bbox 1339 967 1752 1033; x_wconf 80' lang='grc' dir='ltr'><strong>καταστάσεως,</strong></span> <span class='ocrx_word' id='word_1_92' title='bbox 1783 969 1879 1021; x_wconf 79' lang='grc' dir='ltr'>καὶ</span> 
     </span>
    </p>
   </div>
   <div class='ocr_carea' id='block_1_15' title="bbox 2009 960 3558 1066">
    <p class='ocr_par' dir='ltr' id='par_1_15' title="bbox 2009 960 3558 1029">
     <span class='ocr_line' id='line_1_15' title="bbox 2009 960 3558 1029; baseline -0.004 -8"><span class='ocrx_word' id='word_1_93' title='bbox 2009 979 2032 1021; x_wconf 60' lang='grc' dir='ltr'><strong>ηι</strong></span> <span class='ocrx_word' id='word_1_94' title='bbox 2062 967 2476 1029; x_wconf 86' lang='lat' dir='ltr'><strong>constitutione,</strong></span> <span class='ocrx_word' id='word_1_95' title='bbox 2509 973 2563 1020; x_wconf 90' lang='lat' dir='ltr'><strong>et</strong></span> <span class='ocrx_word' id='word_1_96' title='bbox 2607 966 2675 1020; x_wconf 92' lang='lat' dir='ltr'><strong>de</strong></span> <span class='ocrx_word' id='word_1_97' title='bbox 2707 963 2937 1019; x_wconf 84' lang='lat' dir='ltr'><strong>ducibus</strong></span> <span class='ocrx_word' id='word_1_98' title='bbox 2982 961 3111 1016; x_wconf 85' lang='lat' dir='ltr'><strong>huic</strong></span> <span class='ocrx_word' id='word_1_99' title='bbox 3143 960 3412 1029; x_wconf 67' lang='lat' dir='ltr'><strong>praefectis</strong></span> <span class='ocrx_word' id='word_1_100' title='bbox 3443 968 3558 1015; x_wconf 93' lang='lat' dir='ltr'><strong>tum</strong></span> 
     </span>
    </p>
   </div>
   <div class='ocr_carea' id='block_1_16' title="bbox 294 1050 1896 1129">
    <p class='ocr_par' dir='ltr' id='par_1_16' title="bbox 294 1052 1880 1129">
     <span class='ocr_line' id='line_1_16' title="bbox 294 1052 1880 1129; baseline 0.001 -21"><span class='ocrx_word' id='word_1_101' title='bbox 294 1052 403 1108; x_wconf 86' lang='grc' dir='ltr'><strong>τῶν</strong></span> <span class='ocrx_word' id='word_1_102' title='bbox 426 1054 519 1106; x_wconf 68' lang='grc' dir='ltr'><strong>ἐπὶ</strong></span> <span class='ocrx_word' id='word_1_103' title='bbox 539 1054 743 1108; x_wconf 81' lang='grc' dir='ltr'>τούτων</span> <span class='ocrx_word' id='word_1_104' title='bbox 767 1056 1122 1125; x_wconf 82' lang='grc' dir='ltr'><strong>τεταγμένων</strong></span> <span class='ocrx_word' id='word_1_105' title='bbox 1153 1056 1435 1129; x_wconf 77' lang='grc' dir='ltr'><strong>ἀρχόντων</strong></span> <span class='ocrx_word' id='word_1_106' title='bbox 1466 1058 1681 1129; x_wconf 84' lang='grc' dir='ltr'>μικρῶν</span> <span class='ocrx_word' id='word_1_107' title='bbox 1701 1075 1760 1110; x_wconf 83' lang='grc' dir='ltr'><strong>τε</strong></span> <span class='ocrx_word' id='word_1_108' title='bbox 1785 1058 1880 1111; x_wconf 77' lang='grc' dir='ltr'>καὶ</span> 
     </span>
    </p>
   </div>
   <div class='ocr_carea' id='block_1_17' title="bbox 2009 1050 3419 1129">
    <p class='ocr_par' dir='ltr' id='par_1_17' title="bbox 2009 1050 3419 1129">
     <span class='ocr_line' id='line_1_17' title="bbox 2009 1050 3419 1129; baseline -0.006 -16"><span class='ocrx_word' id='word_1_109' title='bbox 2009 1057 2304 1129; x_wconf 67' lang='lat' dir='ltr'><strong>majoribus,</strong></span> <span class='ocrx_word' id='word_1_110' title='bbox 2339 1065 2452 1111; x_wconf 88' lang='lat' dir='ltr'><strong>tum</strong></span> <span class='ocrx_word' id='word_1_111' title='bbox 2494 1056 2818 1117; x_wconf 81' lang='lat' dir='ltr'><strong>minoribus,</strong></span> <span class='ocrx_word' id='word_1_112' title='bbox 2851 1069 2881 1107; x_wconf 90' lang='lat' dir='ltr'><strong>a</strong></span> <span class='ocrx_word' id='word_1_113' title='bbox 2914 1051 3075 1108; x_wconf 87' lang='lat' dir='ltr'><strong>nobis</strong></span> <span class='ocrx_word' id='word_1_114' title='bbox 3098 1050 3243 1106; x_wconf 80' lang='lat' dir='ltr'><strong>dicta</strong></span> <span class='ocrx_word' id='word_1_115' title='bbox 3285 1052 3419 1106; x_wconf 85' lang='lat' dir='ltr'><strong>sint.</strong></span> 
     </span>
    </p>
   </div>
   <div class='ocr_carea' id='block_1_18' title="bbox 298 1146 995 1218">
    <p class='ocr_par' dir='ltr' id='par_1_18' title="bbox 298 1146 995 1218">
     <span class='ocr_line' id='line_1_18' title="bbox 298 1146 995 1218; baseline 0.001 -19"><span class='ocrx_word' id='word_1_116' title='bbox 298 1146 552 1216; x_wconf 79' lang='grc' dir='ltr'>μεγάλων</span> <span class='ocrx_word' id='word_1_117' title='bbox 592 1146 995 1218; x_wconf 83' lang='grc' dir='ltr'><strong>διωρισάμεθα.</strong></span> 
     </span>
    </p>
   </div>
   <div class='ocr_carea' id='block_1_19' title="bbox 857 1240 1301 1295">
    <p class='ocr_par' dir='ltr' id='par_1_19' title="bbox 857 1240 1301 1295">
     <span class='ocr_line' id='line_1_19' title="bbox 857 1240 1301 1295; baseline 0.002 -2"><span class='ocrx_word' id='word_1_118' title='bbox 857 1241 1172 1295; x_wconf 77' lang='grc' dir='ltr'><strong>ΔΙΑΤΑΞῘΣ</strong></span> <span class='ocrx_word' id='word_1_119' title='bbox 1226 1240 1301 1294; x_wconf 86' lang='lat' dir='ltr'><strong>E&#39;.</strong></span> 
     </span>
    </p>
   </div>
   <div class='ocr_carea' id='block_1_20' title="bbox 893 1331 1282 1401">
    <p class='ocr_par' dir='ltr' id='par_1_20' title="bbox 893 1331 1282 1401">
     <span class='ocr_line' id='line_1_20' title="bbox 893 1331 1282 1401; baseline 0.003 -15"><span class='ocrx_word' id='word_1_120' title='bbox 893 1332 1033 1401; x_wconf 73' lang='grc' dir='ltr'>Περὶ</span> <span class='ocrx_word' id='word_1_121' title='bbox 1056 1331 1282 1387; x_wconf 76' lang='grc' dir='ltr'><strong>ὅπλων.</strong></span> 
     </span>
    </p>
   </div>
   <div class='ocr_carea' id='block_1_21' title="bbox 368 1422 1881 1495">
    <p class='ocr_par' dir='ltr' id='par_1_21' title="bbox 368 1422 1881 1495">
     <span class='ocr_line' id='line_1_21' title="bbox 368 1422 1881 1495; baseline -0.003 -17"><span class='ocrx_word' id='word_1_122' title='bbox 368 1423 442 1491; x_wconf 36' lang='lat' dir='ltr'><strong>ai.</strong></span> <span class='ocrx_word' id='word_1_123' title='bbox 500 1422 812 1495; x_wconf 79' lang='grc' dir='ltr'>Κελεύομεν</span> <span class='ocrx_word' id='word_1_124' title='bbox 880 1425 1065 1492; x_wconf 81' lang='grc' dir='ltr'>μέντοι</span> <span class='ocrx_word' id='word_1_125' title='bbox 1121 1424 1215 1477; x_wconf 81' lang='grc' dir='ltr'><strong>νῦν</strong></span> <span class='ocrx_word' id='word_1_126' title='bbox 1258 1426 1323 1495; x_wconf 81' lang='grc' dir='ltr'>τῇ</span> <span class='ocrx_word' id='word_1_127' title='bbox 1368 1424 1524 1494; x_wconf 88' lang='grc' dir='ltr'>ὑμῶν</span> <span class='ocrx_word' id='word_1_128' title='bbox 1558 1423 1881 1493; x_wconf 78' lang='grc' dir='ltr'>ἐνδοξότητι,</span> 
     </span>
    </p>
   </div>
   <div class='ocr_carea' id='block_1_22' title="bbox 296 1517 1882 1586">
    <p class='ocr_par' dir='ltr' id='par_1_22' title="bbox 296 1517 1882 1586">
     <span class='ocr_line' id='line_1_22' title="bbox 296 1517 1882 1586; baseline -0.003 -15"><span class='ocrx_word' id='word_1_129' title='bbox 296 1519 407 1572; x_wconf 87' lang='grc' dir='ltr'><strong>τῶν</strong></span> <span class='ocrx_word' id='word_1_130' title='bbox 455 1519 535 1581; x_wconf 78' lang='grc' dir='ltr'><strong>εἰς</strong></span> <span class='ocrx_word' id='word_1_131' title='bbox 600 1517 728 1581; x_wconf 82' lang='grc' dir='ltr'>τοὺς</span> <span class='ocrx_word' id='word_1_132' title='bbox 810 1518 1084 1586; x_wconf 74' lang='grc' dir='ltr'><strong>πολέμους</strong></span> <span class='ocrx_word' id='word_1_133' title='bbox 1151 1519 1533 1571; x_wconf 84' lang='grc' dir='ltr'>συντεινόντων</span> <span class='ocrx_word' id='word_1_134' title='bbox 1583 1517 1765 1570; x_wconf 81' lang='grc' dir='ltr'>ὅπλων</span> <span class='ocrx_word' id='word_1_135' title='bbox 1820 1533 1882 1568; x_wconf 87' lang='grc' dir='ltr'><strong>τε</strong></span> 
     </span>
    </p>
   </div>
   <div class='ocr_carea' id='block_1_23' title="bbox 297 1607 1882 1680">
    <p class='ocr_par' dir='ltr' id='par_1_23' title="bbox 297 1607 1882 1680">
     <span class='ocr_line' id='line_1_23' title="bbox 297 1607 1882 1680; baseline -0.002 -17"><span class='ocrx_word' id='word_1_136' title='bbox 297 1610 396 1663; x_wconf 80' lang='grc' dir='ltr'>καὶ</span> <span class='ocrx_word' id='word_1_137' title='bbox 445 1609 768 1663; x_wconf 82' lang='grc' dir='ltr'>ἀποσκευῶν</span> <span class='ocrx_word' id='word_1_138' title='bbox 824 1607 1027 1680; x_wconf 81' lang='grc' dir='ltr'>πεζικῇ</span> <span class='ocrx_word' id='word_1_139' title='bbox 1061 1626 1122 1662; x_wconf 90' lang='grc' dir='ltr'><strong>τε</strong></span> <span class='ocrx_word' id='word_1_140' title='bbox 1150 1610 1246 1662; x_wconf 69' lang='grc' dir='ltr'>καὶ</span> <span class='ocrx_word' id='word_1_141' title='bbox 1286 1609 1666 1679; x_wconf 80' lang='grc' dir='ltr'>καὸαλλαρικῇ</span> <span class='ocrx_word' id='word_1_142' title='bbox 1711 1625 1882 1679; x_wconf 89' lang='grc' dir='ltr'>στρα-</span> 
     </span>
    </p>
   </div>
   <div class='ocr_carea' id='block_1_24' title="bbox 294 1701 1883 1773">
    <p class='ocr_par' dir='ltr' id='par_1_24' title="bbox 294 1701 1883 1773">
     <span class='ocr_line' id='line_1_24' title="bbox 294 1701 1883 1773; baseline 0 -18"><span class='ocrx_word' id='word_1_143' title='bbox 294 1703 391 1773; x_wconf 80' lang='grc' dir='ltr'><strong>τιᾷ</strong></span> <span class='ocrx_word' id='word_1_144' title='bbox 445 1702 750 1772; x_wconf 79' lang='grc' dir='ltr'>φροντίσαι,</span> <span class='ocrx_word' id='word_1_145' title='bbox 805 1701 946 1755; x_wconf 83' lang='grc' dir='ltr'>ὥστε</span> <span class='ocrx_word' id='word_1_146' title='bbox 997 1701 1177 1755; x_wconf 82' lang='grc' dir='ltr'>ταῦτα</span> <span class='ocrx_word' id='word_1_147' title='bbox 1222 1703 1502 1773; x_wconf 83' lang='grc' dir='ltr'>διαμένειν</span> <span class='ocrx_word' id='word_1_148' title='bbox 1537 1703 1883 1766; x_wconf 85' lang='grc' dir='ltr'>ἀδιάλειπτα,</span> 
     </span>
    </p>
   </div>
   <div class='ocr_carea' id='block_1_25' title="bbox 295 1793 1885 1866">
    <p class='ocr_par' dir='ltr' id='par_1_25' title="bbox 295 1793 1885 1866">
     <span class='ocr_line' id='line_1_25' title="bbox 295 1793 1885 1866; baseline -0.001 -18"><span class='ocrx_word' id='word_1_149' title='bbox 295 1794 395 1848; x_wconf 79' lang='grc' dir='ltr'>καὶ</span> <span class='ocrx_word' id='word_1_150' title='bbox 452 1793 589 1863; x_wconf 82' lang='grc' dir='ltr'>πρὸς</span> <span class='ocrx_word' id='word_1_151' title='bbox 648 1795 748 1864; x_wconf 79' lang='grc' dir='ltr'>τὴν</span> <span class='ocrx_word' id='word_1_152' title='bbox 813 1795 1255 1863; x_wconf 77' lang='grc' dir='ltr'>κατεπείγουσαν</span> <span class='ocrx_word' id='word_1_153' title='bbox 1314 1795 1392 1864; x_wconf 84' lang='grc' dir='ltr'>τῷ</span> <span class='ocrx_word' id='word_1_154' title='bbox 1448 1796 1631 1866; x_wconf 78' lang='grc' dir='ltr'>καιρῷ</span> <span class='ocrx_word' id='word_1_155' title='bbox 1688 1795 1885 1865; x_wconf 82' lang='grc' dir='ltr'>χρείαν</span> 
     </span>
    </p>
   </div>
   <div class='ocr_carea' id='block_1_26' title="bbox 292 1887 513 1959">
    <p class='ocr_par' dir='ltr' id='par_1_26' title="bbox 292 1887 513 1959">
     <span class='ocr_line' id='line_1_26' title="bbox 292 1887 513 1959; baseline 0 -16"><span class='ocrx_word' id='word_1_156' title='bbox 292 1887 409 1943; x_wconf 76' lang='grc' dir='ltr'>ῐτοι</span> <span class='ocrx_word' id='word_1_157' title='bbox 416 1905 513 1959; x_wconf 86' lang='grc' dir='ltr'>μα.</span> 
     </span>
    </p>
   </div>
   <div class='ocr_carea' id='block_1_27' title="bbox 369 1978 1883 2053">
    <p class='ocr_par' dir='ltr' id='par_1_27' title="bbox 369 1978 1883 2053">
     <span class='ocr_line' id='line_1_27' title="bbox 369 1978 1883 2053; baseline -0.002 -16"><span class='ocrx_word' id='word_1_158' title='bbox 369 1981 436 2053; x_wconf 88' lang='grc' dir='ltr'><strong>β’.</strong></span> <span class='ocrx_word' id='word_1_159' title='bbox 476 1979 649 2034; x_wconf 84' lang='grc' dir='ltr'>Τοῦτο</span> <span class='ocrx_word' id='word_1_160' title='bbox 674 1979 732 2034; x_wconf 82' lang='grc' dir='ltr'>δὲ</span> <span class='ocrx_word' id='word_1_161' title='bbox 754 1981 948 2045; x_wconf 79' lang='grc' dir='ltr'>ποιεῖν,</span> <span class='ocrx_word' id='word_1_162' title='bbox 969 1980 1031 2033; x_wconf 76' lang='grc' dir='ltr'>τὸ</span> <span class='ocrx_word' id='word_1_163' title='bbox 1083 1980 1183 2050; x_wconf 85' lang='grc' dir='ltr'>μὲν</span> <span class='ocrx_word' id='word_1_164' title='bbox 1222 1979 1310 2034; x_wconf 75' lang='grc' dir='ltr'><strong>διὰ</strong></span> <span class='ocrx_word' id='word_1_165' title='bbox 1356 1978 1451 2034; x_wconf 82' lang='grc' dir='ltr'>σοῦ</span> <span class='ocrx_word' id='word_1_166' title='bbox 1493 1979 1682 2044; x_wconf 71' lang='grc' dir='ltr'>αὐτοῦ,</span> <span class='ocrx_word' id='word_1_167' title='bbox 1733 1981 1795 2034; x_wconf 82' lang='grc' dir='ltr'>τὸ</span> <span class='ocrx_word' id='word_1_168' title='bbox 1826 1980 1883 2034; x_wconf 85' lang='grc' dir='ltr'>δὲ</span> 
     </span>
    </p>
   </div>
   <div class='ocr_carea' id='block_1_28' title="bbox 291 2072 1881 2144">
    <p class='ocr_par' dir='ltr' id='par_1_28' title="bbox 291 2072 1881 2144">
     <span class='ocr_line' id='line_1_28' title="bbox 291 2072 1881 2144; baseline -0.001 -16"><span class='ocrx_word' id='word_1_169' title='bbox 291 2075 388 2129; x_wconf 75' lang='grc' dir='ltr'>διὰ</span> <span class='ocrx_word' id='word_1_170' title='bbox 444 2074 555 2128; x_wconf 86' lang='grc' dir='ltr'><strong>τῶν</strong></span> <span class='ocrx_word' id='word_1_171' title='bbox 587 2074 693 2127; x_wconf 76' lang='grc' dir='ltr'><strong>ὑπὸ</strong></span> <span class='ocrx_word' id='word_1_172' title='bbox 740 2073 803 2126; x_wconf 78' lang='grc' dir='ltr'><strong>σε</strong></span> <span class='ocrx_word' id='word_1_173' title='bbox 851 2072 1133 2144; x_wconf 82' lang='grc' dir='ltr'>ἀρχόντων</span> <span class='ocrx_word' id='word_1_174' title='bbox 1203 2074 1416 2144; x_wconf 83' lang='grc' dir='ltr'>μικρῶν</span> <span class='ocrx_word' id='word_1_175' title='bbox 1467 2076 1563 2127; x_wconf 82' lang='grc' dir='ltr'>καὶ</span> <span class='ocrx_word' id='word_1_176' title='bbox 1608 2074 1881 2143; x_wconf 83' lang='grc' dir='ltr'><strong>μεγάλων,</strong></span> 
     </span>
    </p>
   </div>
   <div class='ocr_carea' id='block_1_29' title="bbox 291 2165 1885 2236">
    <p class='ocr_par' dir='ltr' id='par_1_29' title="bbox 291 2165 1885 2236">
     <span class='ocr_line' id='line_1_29' title="bbox 291 2165 1885 2236; baseline -0.001 -15"><span class='ocrx_word' id='word_1_177' title='bbox 291 2168 379 2231; x_wconf 70' lang='grc' dir='ltr'><strong>εἰς</strong></span> <span class='ocrx_word' id='word_1_178' title='bbox 426 2165 642 2220; x_wconf 76' lang='grc' dir='ltr'>ὅπλισιν</span> <span class='ocrx_word' id='word_1_179' title='bbox 673 2166 770 2218; x_wconf 73' lang='grc' dir='ltr'>καὶ</span> <span class='ocrx_word' id='word_1_180' title='bbox 792 2165 1104 2235; x_wconf 70' lang='grc' dir='ltr'>ὑπηρεσίαν</span> <span class='ocrx_word' id='word_1_181' title='bbox 1131 2165 1228 2218; x_wconf 84' lang='grc' dir='ltr'><strong>τοῦ</strong></span> <span class='ocrx_word' id='word_1_182' title='bbox 1256 2165 1360 2219; x_wconf 81' lang='grc' dir='ltr'><strong>ὑπὸ</strong></span> <span class='ocrx_word' id='word_1_183' title='bbox 1384 2165 1447 2218; x_wconf 86' lang='grc' dir='ltr'>τὸ</span> <span class='ocrx_word' id='word_1_184' title='bbox 1477 2166 1571 2219; x_wconf 80' lang='grc' dir='ltr'>σὸν</span> <span class='ocrx_word' id='word_1_185' title='bbox 1601 2165 1745 2234; x_wconf 86' lang='grc' dir='ltr'>θέμα</span> <span class='ocrx_word' id='word_1_186' title='bbox 1779 2183 1885 2236; x_wconf 84' lang='grc' dir='ltr'>μα-</span> 
     </span>
    </p>
   </div>
   <div class='ocr_carea' id='block_1_30' title="bbox 292 2260 752 2334">
    <p class='ocr_par' dir='ltr' id='par_1_30' title="bbox 292 2260 752 2334">
     <span class='ocr_line' id='line_1_30' title="bbox 292 2260 752 2334; baseline 0 -19"><span class='ocrx_word' id='word_1_187' title='bbox 292 2263 353 2333; x_wconf 77' lang='grc' dir='ltr'>χε</span> <span class='ocrx_word' id='word_1_188' title='bbox 358 2279 461 2333; x_wconf 84' lang='grc' dir='ltr'><strong>μου</strong></span> <span class='ocrx_word' id='word_1_189' title='bbox 496 2260 752 2334; x_wconf 82' lang='grc' dir='ltr'>στρατοῦ.</span> 
     </span>
    </p>
   </div>
   <div class='ocr_carea' id='block_1_31' title="bbox 369 2349 1888 2422">
    <p class='ocr_par' dir='ltr' id='par_1_31' title="bbox 369 2349 1888 2422">
     <span class='ocr_line' id='line_1_31' title="bbox 369 2349 1888 2422; baseline -0.002 -14"><span class='ocrx_word' id='word_1_190' title='bbox 369 2360 439 2421; x_wconf 89' lang='grc' dir='ltr'><strong>γ’.</strong></span> <span class='ocrx_word' id='word_1_191' title='bbox 473 2349 600 2407; x_wconf 75' lang='grc' dir='ltr'>Οἷον</span> <span class='ocrx_word' id='word_1_192' title='bbox 655 2351 883 2422; x_wconf 78' lang='grc' dir='ltr'>τοξάρια</span> <span class='ocrx_word' id='word_1_193' title='bbox 923 2349 1062 2421; x_wconf 88' lang='grc' dir='ltr'>μετὰ</span> <span class='ocrx_word' id='word_1_194' title='bbox 1124 2349 1404 2420; x_wconf 88' lang='grc' dir='ltr'>θηκαρίων</span> <span class='ocrx_word' id='word_1_195' title='bbox 1438 2351 1643 2417; x_wconf 81' lang='grc' dir='ltr'>αὐτῶν,</span> <span class='ocrx_word' id='word_1_196' title='bbox 1685 2351 1888 2421; x_wconf 79' lang='grc' dir='ltr'>σαγὶτ-</span> 
     </span>
    </p>
   </div>
   <div class='ocr_carea' id='block_1_32' title="bbox 292 2441 1888 2515">
    <p class='ocr_par' dir='ltr' id='par_1_32' title="bbox 292 2441 1888 2515">
     <span class='ocr_line' id='line_1_32' title="bbox 292 2441 1888 2515; baseline -0.002 -15"><span class='ocrx_word' id='word_1_197' title='bbox 292 2462 398 2509; x_wconf 85' lang='grc' dir='ltr'><strong>τας</strong></span> <span class='ocrx_word' id='word_1_198' title='bbox 430 2444 566 2515; x_wconf 83' lang='grc' dir='ltr'>μετὰ</span> <span class='ocrx_word' id='word_1_199' title='bbox 593 2442 932 2513; x_wconf 82' lang='grc' dir='ltr'>κουκούρων,</span> <span class='ocrx_word' id='word_1_200' title='bbox 972 2441 1179 2495; x_wconf 82' lang='grc' dir='ltr'>σπαθία</span> <span class='ocrx_word' id='word_1_201' title='bbox 1230 2443 1568 2513; x_wconf 74' lang='grc' dir='ltr'>ἠκονημένα,</span> <span class='ocrx_word' id='word_1_202' title='bbox 1602 2445 1696 2497; x_wconf 75' lang='grc' dir='ltr'><strong>καὶ</strong></span> <span class='ocrx_word' id='word_1_203' title='bbox 1722 2462 1888 2497; x_wconf 84' lang='grc' dir='ltr'>σεσα-</span> 
     </span>
    </p>
   </div>
   <div class='ocr_carea' id='block_1_33' title="bbox 298 2531 1886 2606">
    <p class='ocr_par' dir='ltr' id='par_1_33' title="bbox 298 2531 1886 2606">
     <span class='ocr_line' id='line_1_33' title="bbox 298 2531 1886 2606; baseline -0.001 -18"><span class='ocrx_word' id='word_1_204' title='bbox 298 2534 573 2606; x_wconf 84' lang='grc' dir='ltr'>μιωμένα,</span> <span class='ocrx_word' id='word_1_205' title='bbox 631 2532 957 2600; x_wconf 80' lang='grc' dir='ltr'>σκουτάρια,</span> <span class='ocrx_word' id='word_1_206' title='bbox 984 2533 1078 2585; x_wconf 75' lang='grc' dir='ltr'>καὶ</span> <span class='ocrx_word' id='word_1_207' title='bbox 1105 2531 1269 2601; x_wconf 75' lang='grc' dir='ltr'>ἔτερα</span> <span class='ocrx_word' id='word_1_208' title='bbox 1317 2532 1617 2604; x_wconf 87' lang='grc' dir='ltr'>σκουτάρια</span> <span class='ocrx_word' id='word_1_209' title='bbox 1652 2534 1886 2603; x_wconf 81' lang='grc' dir='ltr'>μεγάλα,</span> 
     </span>
    </p>
   </div>
   <div class='ocr_carea' id='block_1_34' title="bbox 294 2628 1891 2703">
    <p class='ocr_par' dir='ltr' id='par_1_34' title="bbox 294 2628 1891 2703">
     <span class='ocr_line' id='line_1_34' title="bbox 294 2628 1891 2703; baseline -0.003 -18"><span class='ocrx_word' id='word_1_210' title='bbox 294 2632 448 2703; x_wconf 76' lang='grc' dir='ltr'>ἅπερ</span> <span class='ocrx_word' id='word_1_211' title='bbox 496 2632 750 2699; x_wconf 79' lang='grc' dir='ltr'>λέγονται</span> <span class='ocrx_word' id='word_1_212' title='bbox 793 2629 999 2700; x_wconf 77' lang='grc' dir='ltr'>θυρεοὶ,</span> <span class='ocrx_word' id='word_1_213' title='bbox 1024 2629 1191 2697; x_wconf 74' lang='grc' dir='ltr'>ἕτερα</span> <span class='ocrx_word' id='word_1_214' title='bbox 1217 2628 1618 2698; x_wconf 89' lang='grc' dir='ltr'>σκουταρίσκια</span> <span class='ocrx_word' id='word_1_215' title='bbox 1647 2630 1759 2683; x_wconf 87' lang='grc' dir='ltr'><strong>τῶν</strong></span> <span class='ocrx_word' id='word_1_216' title='bbox 1793 2647 1891 2682; x_wconf 69' lang='grc' dir='ltr'>περ</span> 
     </span>
    </p>
   </div>
   <div class='ocr_carea' id='block_1_35' title="bbox 296 2720 1893 2791">
    <p class='ocr_par' dir='ltr' id='par_1_35' title="bbox 296 2720 1893 2791">
     <span class='ocr_line' id='line_1_35' title="bbox 296 2720 1893 2791; baseline -0.002 -14"><span class='ocrx_word' id='word_1_217' title='bbox 296 2724 413 2791; x_wconf 82' lang='grc' dir='ltr'>ζῶν</span> <span class='ocrx_word' id='word_1_218' title='bbox 462 2723 533 2779; x_wconf 83' lang='grc' dir='ltr'><strong>τά</strong></span> <span class='ocrx_word' id='word_1_219' title='bbox 579 2739 710 2777; x_wconf 90' lang='grc' dir='ltr'>ποτε</span> <span class='ocrx_word' id='word_1_220' title='bbox 756 2721 1025 2789; x_wconf 78' lang='grc' dir='ltr'>λεγόμενα</span> <span class='ocrx_word' id='word_1_221' title='bbox 1078 2720 1273 2773; x_wconf 80' lang='grc' dir='ltr'>πέλται</span> <span class='ocrx_word' id='word_1_222' title='bbox 1305 2761 1321 2786; x_wconf 91' lang='grc'><strong>,</strong></span> <span class='ocrx_word' id='word_1_223' title='bbox 1407 2720 1573 2790; x_wconf 79' lang='grc' dir='ltr'>ἕτερα</span> <span class='ocrx_word' id='word_1_224' title='bbox 1667 2724 1893 2775; x_wconf 85' lang='grc' dir='ltr'>σκουτά-</span> 
     </span>
    </p>
   </div>
   <div class='ocr_carea' id='block_1_36' title="bbox 298 2812 1895 2889">
    <p class='ocr_par' dir='ltr' id='par_1_36' title="bbox 298 2812 1895 2889">
     <span class='ocr_line' id='line_1_36' title="bbox 298 2812 1895 2889; baseline -0.004 -18"><span class='ocrx_word' id='word_1_225' title='bbox 298 2835 399 2889; x_wconf 62' lang='lat' dir='ltr'><strong>pta</strong></span> <span class='ocrx_word' id='word_1_226' title='bbox 424 2816 619 2887; x_wconf 77' lang='grc' dir='ltr'>σιδηρᾶ</span> <span class='ocrx_word' id='word_1_227' title='bbox 676 2812 985 2884; x_wconf 85' lang='grc' dir='ltr'>στρογγύλα</span> <span class='ocrx_word' id='word_1_228' title='bbox 1059 2813 1470 2882; x_wconf 82' lang='grc' dir='ltr'>σεσαμιωμένα,</span> <span class='ocrx_word' id='word_1_229' title='bbox 1513 2813 1771 2883; x_wconf 79' lang='grc' dir='ltr'>κοντάρια</span> <span class='ocrx_word' id='word_1_230' title='bbox 1809 2832 1895 2881; x_wconf 82' lang='grc' dir='ltr'>μι-</span> 
     </span>
    </p>
   </div>
   <div class='ocr_carea' id='block_1_37' title="bbox 301 2898 1894 2975">
    <p class='ocr_par' dir='ltr' id='par_1_37' title="bbox 301 2898 1894 2975">
     <span class='ocr_line' id='line_1_37' title="bbox 301 2898 1894 2975; baseline -0.007 -13"><span class='ocrx_word' id='word_1_231' title='bbox 301 2907 422 2975; x_wconf 77' lang='grc' dir='ltr'><strong>κρά</strong></span> <span class='ocrx_word' id='word_1_232' title='bbox 503 2905 814 2975; x_wconf 85' lang='grc' dir='ltr'>ὀκτάπηχα.</span> <span class='ocrx_word' id='word_1_233' title='bbox 863 2898 1046 2955; x_wconf 77' lang='grc' dir='ltr'>Ἦσαν</span> <span class='ocrx_word' id='word_1_234' title='bbox 1101 2900 1159 2953; x_wconf 77' lang='grc' dir='ltr'>δέ</span> <span class='ocrx_word' id='word_1_235' title='bbox 1240 2916 1373 2952; x_wconf 75' lang='grc' dir='ltr'>ποτε</span> <span class='ocrx_word' id='word_1_236' title='bbox 1440 2899 1737 2966; x_wconf 81' lang='grc' dir='ltr'>Ῥωμαίοις</span> <span class='ocrx_word' id='word_1_237' title='bbox 1798 2902 1894 2951; x_wconf 78' lang='grc' dir='ltr'>καὶ</span> 
     </span>
    </p>
   </div>
   <div class='ocr_carea' id='block_1_38' title="bbox 294 2989 1894 3066">
    <p class='ocr_par' dir='ltr' id='par_1_38' title="bbox 294 2989 1894 3066">
     <span class='ocr_line' id='line_1_38' title="bbox 294 2989 1894 3066; baseline -0.008 -14"><span class='ocrx_word' id='word_1_238' title='bbox 294 2996 581 3056; x_wconf 80' lang='grc' dir='ltr'>Μακεδόσι</span> <span class='ocrx_word' id='word_1_239' title='bbox 606 2996 866 3066; x_wconf 83' lang='grc' dir='ltr'>κοντάρια</span> <span class='ocrx_word' id='word_1_240' title='bbox 886 2995 1014 3063; x_wconf 76' lang='grc' dir='ltr'>ἄχρι</span> <span class='ocrx_word' id='word_1_241' title='bbox 1038 2992 1227 3061; x_wconf 80' lang='grc' dir='ltr'>πηχῶν</span> <span class='ocrx_word' id='word_1_242' title='bbox 1253 2990 1349 3055; x_wconf 80' lang='grc' dir='ltr'>ις’,</span> <span class='ocrx_word' id='word_1_243' title='bbox 1372 2990 1515 3060; x_wconf 72' lang='grc' dir='ltr'>άπερ</span> <span class='ocrx_word' id='word_1_244' title='bbox 1544 2992 1577 3060; x_wconf 79' lang='grc' dir='ltr'>ἡ</span> <span class='ocrx_word' id='word_1_245' title='bbox 1607 2989 1703 3043; x_wconf 82' lang='grc' dir='ltr'><strong>νῦν</strong></span> <span class='ocrx_word' id='word_1_246' title='bbox 1734 2990 1894 3060; x_wconf 88' lang='grc' dir='ltr'>χρεία</span> 
     </span>
    </p>
   </div>
   <div class='ocr_carea' id='block_1_39' title="bbox 298 3082 1894 3156">
    <p class='ocr_par' dir='ltr' id='par_1_39' title="bbox 298 3082 1894 3156">
     <span class='ocr_line' id='line_1_39' title="bbox 298 3082 1894 3156; baseline -0.009 -10"><span class='ocrx_word' id='word_1_247' title='bbox 298 3094 409 3146; x_wconf 82' lang='grc' dir='ltr'>οὐκ</span> <span class='ocrx_word' id='word_1_248' title='bbox 457 3091 697 3144; x_wconf 78' lang='grc' dir='ltr'>ἀπαιτεῖ.</span> <span class='ocrx_word' id='word_1_249' title='bbox 733 3088 806 3140; x_wconf 73' lang='grc' dir='ltr'><strong>Τὸ</strong></span> <span class='ocrx_word' id='word_1_250' title='bbox 836 3086 946 3156; x_wconf 82' lang='grc' dir='ltr'>γὰρ</span> <span class='ocrx_word' id='word_1_251' title='bbox 1000 3084 1140 3138; x_wconf 79' lang='grc' dir='ltr'>κατὰ</span> <span class='ocrx_word' id='word_1_252' title='bbox 1189 3084 1289 3154; x_wconf 86' lang='grc' dir='ltr'>τὴν</span> <span class='ocrx_word' id='word_1_253' title='bbox 1320 3084 1557 3152; x_wconf 77' lang='grc' dir='ltr'>εκάστην</span> <span class='ocrx_word' id='word_1_254' title='bbox 1585 3082 1698 3134; x_wconf 90' lang='grc' dir='ltr'><strong>τῶν</strong></span> <span class='ocrx_word' id='word_1_255' title='bbox 1730 3099 1894 3152; x_wconf 70' lang='grc' dir='ltr'>μεται</span> 
     </span>
    </p>
   </div>
   <div class='ocr_carea' id='block_1_40' title="bbox 296 3174 1949 3255">
    <p class='ocr_par' dir='ltr' id='par_1_40' title="bbox 296 3174 1949 3255">
     <span class='ocr_line' id='line_1_40' title="bbox 296 3174 1949 3255; baseline -0.009 -17"><span class='ocrx_word' id='word_1_256' title='bbox 296 3180 695 3255; x_wconf 82' lang='grc' dir='ltr'>χειριζομένων</span> <span class='ocrx_word' id='word_1_257' title='bbox 750 3177 981 3246; x_wconf 80' lang='grc' dir='ltr'>δύναμιν</span> <span class='ocrx_word' id='word_1_258' title='bbox 1009 3177 1174 3230; x_wconf 85' lang='grc' dir='ltr'>ὅπλον</span> <span class='ocrx_word' id='word_1_259' title='bbox 1199 3174 1512 3245; x_wconf 82' lang='grc' dir='ltr'>σύμμετρόν</span> <span class='ocrx_word' id='word_1_260' title='bbox 1540 3190 1600 3225; x_wconf 90' lang='grc' dir='ltr'><strong>τε</strong></span> <span class='ocrx_word' id='word_1_261' title='bbox 1628 3174 1723 3227; x_wconf 72' lang='grc' dir='ltr'>καὶ</span> <span class='ocrx_word' id='word_1_262' title='bbox 1753 3174 1882 3243; x_wconf 79' lang='grc' dir='ltr'>χρή·</span> <span class='ocrx_word' id='word_1_263' title='bbox 1909 3193 1949 3250; x_wconf 79' lang='lat' dir='ltr'><strong>C</strong></span> 
     </span>
    </p>
   </div>
   <div class='ocr_carea' id='block_1_41' title="bbox 304 3265 1885 3345">
    <p class='ocr_par' dir='ltr' id='par_1_41' title="bbox 304 3265 1885 3345">
     <span class='ocr_line' id='line_1_41' title="bbox 304 3265 1885 3345; baseline -0.008 -15"><span class='ocrx_word' id='word_1_264' title='bbox 304 3291 498 3344; x_wconf 87' lang='grc' dir='ltr'>σιμον,</span> <span class='ocrx_word' id='word_1_265' title='bbox 539 3273 804 3345; x_wconf 81' lang='grc' dir='ltr'>ριπτάρια</span> <span class='ocrx_word' id='word_1_266' title='bbox 862 3270 997 3340; x_wconf 84' lang='grc'>(50),</span> <span class='ocrx_word' id='word_1_267' title='bbox 1033 3266 1318 3336; x_wconf 76' lang='grc' dir='ltr'>τζικούρια</span> <span class='ocrx_word' id='word_1_268' title='bbox 1350 3268 1443 3320; x_wconf 72' lang='grc' dir='ltr'>καὶ</span> <span class='ocrx_word' id='word_1_269' title='bbox 1469 3266 1638 3337; x_wconf 67' lang='grc' dir='ltr'>ἕτερα</span> <span class='ocrx_word' id='word_1_270' title='bbox 1669 3265 1885 3330; x_wconf 65' lang='grc' dir='ltr'>τζικούσ</span> 
     </span>
    </p>
   </div>
   <div class='ocr_carea' id='block_1_42' title="bbox 301 3354 1886 3436">
    <p class='ocr_par' dir='ltr' id='par_1_42' title="bbox 301 3354 1886 3436">
     <span class='ocr_line' id='line_1_42' title="bbox 301 3354 1886 3436; baseline -0.008 -18"><span class='ocrx_word' id='word_1_271' title='bbox 301 3382 401 3436; x_wconf 87' lang='grc' dir='ltr'><strong>ρια</strong></span> <span class='ocrx_word' id='word_1_272' title='bbox 450 3362 792 3433; x_wconf 82' lang='grc' dir='ltr'>ἀμφίστομα,</span> <span class='ocrx_word' id='word_1_273' title='bbox 841 3361 928 3427; x_wconf 77' lang='grc' dir='ltr'><strong>ἐφ’</strong></span> <span class='ocrx_word' id='word_1_274' title='bbox 981 3358 1101 3421; x_wconf 78' lang='grc' dir='ltr'>ἑνὸς</span> <span class='ocrx_word' id='word_1_275' title='bbox 1161 3357 1362 3428; x_wconf 81' lang='grc' dir='ltr'>μέρους</span> <span class='ocrx_word' id='word_1_276' title='bbox 1428 3357 1593 3409; x_wconf 75' lang='grc' dir='ltr'>οἱονεὶ</span> <span class='ocrx_word' id='word_1_277' title='bbox 1637 3354 1886 3419; x_wconf 79' lang='grc' dir='ltr'>σπαθίον,</span> 
     </span>
    </p>
   </div>
   <div class='ocr_carea' id='block_1_43' title="bbox 304 3446 1888 3525">
    <p class='ocr_par' dir='ltr' id='par_1_43' title="bbox 304 3446 1888 3525">
     <span class='ocr_line' id='line_1_43' title="bbox 304 3446 1888 3525; baseline -0.007 -17"><span class='ocrx_word' id='word_1_278' title='bbox 304 3452 459 3525; x_wconf 80' lang='grc' dir='ltr'>μετὰ</span> <span class='ocrx_word' id='word_1_279' title='bbox 485 3454 594 3507; x_wconf 90' lang='grc' dir='ltr'><strong>τῶν</strong></span> <span class='ocrx_word' id='word_1_280' title='bbox 625 3450 909 3523; x_wconf 86' lang='grc' dir='ltr'>θηρακίων</span> <span class='ocrx_word' id='word_1_281' title='bbox 935 3448 1115 3501; x_wconf 73' lang='grc' dir='ltr'>αὐτῶν</span> <span class='ocrx_word' id='word_1_282' title='bbox 1148 3447 1490 3517; x_wconf 86' lang='grc' dir='ltr'>δερματίνων</span> <span class='ocrx_word' id='word_1_283' title='bbox 1526 3446 1620 3499; x_wconf 71' lang='grc' dir='ltr'><strong>καὶ</strong></span> <span class='ocrx_word' id='word_1_284' title='bbox 1682 3446 1888 3516; x_wconf 84' lang='grc' dir='ltr'>βαστα-</span> 
     </span>
    </p>
   </div>
   <div class='ocr_carea' id='block_1_44' title="bbox 297 3537 1888 3616">
    <p class='ocr_par' dir='ltr' id='par_1_44' title="bbox 297 3537 1888 3616">
     <span class='ocr_line' id='line_1_44' title="bbox 297 3537 1888 3616; baseline -0.016 -15"><span class='ocrx_word' id='word_1_285' title='bbox 297 3546 465 3616; x_wconf 82' lang='grc' dir='ltr'>γίων,</span> <span class='ocrx_word' id='word_1_286' title='bbox 529 3543 901 3614; x_wconf 85' lang='grc' dir='ltr'>παραμήρια,</span> <span class='ocrx_word' id='word_1_287' title='bbox 982 3537 1263 3610; x_wconf 81' lang='grc' dir='ltr'>μαχαίρας</span> <span class='ocrx_word' id='word_1_288' title='bbox 1313 3537 1556 3607; x_wconf 88' lang='grc' dir='ltr'>μεγάλας</span> <span class='ocrx_word' id='word_1_289' title='bbox 1632 3537 1888 3606; x_wconf 77' lang='grc' dir='ltr'>μονοστό-</span> 
     </span>
    </p>
   </div>
   <div class='ocr_carea' id='block_1_45' title="bbox 301 3653 465 3708">
    <p class='ocr_par' dir='ltr' id='par_1_45' title="bbox 301 3653 465 3708">
     <span class='ocr_line' id='line_1_45' title="bbox 301 3653 465 3708; baseline 0.006 -18"><span class='ocrx_word' id='word_1_290' title='bbox 301 3653 465 3708; x_wconf 84' lang='grc' dir='ltr'>μους.</span> 
     </span>
    </p>
   </div>
   <div class='ocr_carea' id='block_1_46' title="bbox 372 3716 1896 3797">
    <p class='ocr_par' dir='ltr' id='par_1_46' title="bbox 372 3716 1896 3797">
     <span class='ocr_line' id='line_1_46' title="bbox 372 3716 1896 3797; baseline -0.008 -16"><span class='ocrx_word' id='word_1_291' title='bbox 372 3727 438 3782; x_wconf 83' lang='grc' dir='ltr'><strong>δ⁹.</strong></span> <span class='ocrx_word' id='word_1_292' title='bbox 458 3725 705 3797; x_wconf 85' lang='grc' dir='ltr'>Δωρίκια</span> <span class='ocrx_word' id='word_1_293' title='bbox 724 3719 945 3794; x_wconf 84' lang='grc' dir='ltr'>μέχρι[ς</span> <span class='ocrx_word' id='word_1_294' title='bbox 966 3719 1373 3792; x_wconf 83' lang='grc' dir='ltr'>ἀ]στραγάλων,</span> <span class='ocrx_word' id='word_1_295' title='bbox 1396 3718 1776 3788; x_wconf 88' lang='grc' dir='ltr'>άνασυρόμενα</span> <span class='ocrx_word' id='word_1_296' title='bbox 1804 3716 1896 3770; x_wconf 84' lang='grc' dir='ltr'><strong>διά</strong></span> 
     </span>
    </p>
   </div>
   <div class='ocr_carea' id='block_1_47' title="bbox 297 3807 1895 3890">
    <p class='ocr_par' dir='ltr' id='par_1_47' title="bbox 297 3807 1895 3890">
     <span class='ocr_line' id='line_1_47' title="bbox 297 3807 1895 3890; baseline -0.009 -16"><span class='ocrx_word' id='word_1_297' title='bbox 297 3818 523 3890; x_wconf 84' lang='grc' dir='ltr'>λωρίων</span> <span class='ocrx_word' id='word_1_298' title='bbox 576 3816 671 3869; x_wconf 71' lang='grc' dir='ltr'>καὶ</span> <span class='ocrx_word' id='word_1_299' title='bbox 702 3813 1044 3884; x_wconf 79' lang='grc' dir='ltr'>κρικελλίων,</span> <span class='ocrx_word' id='word_1_300' title='bbox 1082 3810 1220 3881; x_wconf 88' lang='grc' dir='ltr'>μετὰ</span> <span class='ocrx_word' id='word_1_301' title='bbox 1252 3810 1362 3863; x_wconf 85' lang='grc' dir='ltr'><strong>τῶν</strong></span> <span class='ocrx_word' id='word_1_302' title='bbox 1404 3809 1683 3878; x_wconf 87' lang='grc' dir='ltr'>θηκαρίων</span> <span class='ocrx_word' id='word_1_303' title='bbox 1717 3807 1895 3861; x_wconf 76' lang='grc' dir='ltr'>αὐτῶν</span> 
     </span>
    </p>
   </div>
   <div class='ocr_carea' id='block_1_48' title="bbox 297 3895 1895 3981">
    <p class='ocr_par' dir='ltr' id='par_1_48' title="bbox 297 3895 1895 3981">
     <span class='ocr_line' id='line_1_48' title="bbox 297 3895 1895 3981; baseline -0.01 -17"><span class='ocrx_word' id='word_1_304' title='bbox 297 3908 668 3981; x_wconf 79' lang='grc' dir='ltr'>δερματίνων,</span> <span class='ocrx_word' id='word_1_305' title='bbox 712 3906 807 3958; x_wconf 73' lang='grc' dir='ltr'>καὶ</span> <span class='ocrx_word' id='word_1_306' title='bbox 848 3906 896 3957; x_wconf 78' lang='grc' dir='ltr'>εξ</span> <span class='ocrx_word' id='word_1_307' title='bbox 929 3902 1154 3957; x_wconf 81' lang='grc' dir='ltr'>δυνατὸν</span> <span class='ocrx_word' id='word_1_308' title='bbox 1190 3900 1367 3953; x_wconf 84' lang='grc' dir='ltr'>πάντα</span> <span class='ocrx_word' id='word_1_309' title='bbox 1399 3898 1705 3953; x_wconf 85' lang='grc' dir='ltr'>άλυσίδετα.</span> <span class='ocrx_word' id='word_1_310' title='bbox 1740 3898 1802 3949; x_wconf 86' lang='grc' dir='ltr'><strong>Εἰ</strong></span> <span class='ocrx_word' id='word_1_311' title='bbox 1839 3895 1895 3949; x_wconf 79' lang='grc' dir='ltr'>δὲ</span> 
     </span>
    </p>
   </div>
   <div class='ocr_carea' id='block_1_49' title="bbox 304 3987 1896 4073">
    <p class='ocr_par' dir='ltr' id='par_1_49' title="bbox 304 3987 1896 4073">
     <span class='ocr_line' id='line_1_49' title="bbox 304 3987 1896 4073; baseline -0.019 -15"><span class='ocrx_word' id='word_1_312' title='bbox 304 4003 390 4073; x_wconf 82' lang='grc' dir='ltr'>μή</span> <span class='ocrx_word' id='word_1_313' title='bbox 430 4017 518 4070; x_wconf 87' lang='grc' dir='ltr'><strong>γε,</strong></span> <span class='ocrx_word' id='word_1_314' title='bbox 552 3998 676 4051; x_wconf 86' lang='grc' dir='ltr'>τινὰ</span> <span class='ocrx_word' id='word_1_315' title='bbox 698 3995 877 4050; x_wconf 85' lang='grc' dir='ltr'>αὐτῶν</span> <span class='ocrx_word' id='word_1_316' title='bbox 906 3995 1000 4048; x_wconf 76' lang='grc' dir='ltr'>καὶ</span> <span class='ocrx_word' id='word_1_317' title='bbox 1027 3993 1113 4046; x_wconf 82' lang='grc' dir='ltr'><strong>διὰ</strong></span> <span class='ocrx_word' id='word_1_318' title='bbox 1146 3991 1439 4061; x_wconf 87' lang='grc' dir='ltr'>κερατίνης</span> <span class='ocrx_word' id='word_1_319' title='bbox 1470 3989 1603 4057; x_wconf 77' lang='grc' dir='ltr'>ὕλης</span> <span class='ocrx_word' id='word_1_320' title='bbox 1628 3989 1660 4060; x_wconf 79' lang='grc' dir='ltr'>ἢ</span> <span class='ocrx_word' id='word_1_321' title='bbox 1699 3987 1896 4057; x_wconf 74' lang='grc' dir='ltr'><strong>βουὸα-</strong></span> 
     </span>
    </p>
   </div>
   <div class='ocr_carea' id='block_1_50' title="bbox 298 4079 1889 4160">
    <p class='ocr_par' dir='ltr' id='par_1_50' title="bbox 298 4079 1889 4160">
     <span class='ocr_line' id='line_1_50' title="bbox 298 4079 1889 4160; baseline -0.012 -12"><span class='ocrx_word' id='word_1_322' title='bbox 298 4091 476 4148; x_wconf 81' lang='grc' dir='ltr'>λικῶν</span> <span class='ocrx_word' id='word_1_323' title='bbox 521 4089 810 4160; x_wconf 85' lang='grc' dir='ltr'>δερμάτων</span> <span class='ocrx_word' id='word_1_324' title='bbox 870 4084 1215 4152; x_wconf 78' lang='grc' dir='ltr'>καταξήρων,</span> <span class='ocrx_word' id='word_1_325' title='bbox 1285 4079 1591 4151; x_wconf 67' lang='grc' dir='ltr'>ὲπιλωρικέι</span> <span class='ocrx_word' id='word_1_326' title='bbox 1677 4079 1889 4147; x_wconf 81' lang='grc' dir='ltr'>ἱμάτια,</span> 
     </span>
    </p>
   </div>
   <div class='ocr_carea' id='block_1_51' title="bbox 300 4168 1897 4249">
    <p class='ocr_par' dir='ltr' id='par_1_51' title="bbox 300 4168 1897 4249">
     <span class='ocr_line' id='line_1_51' title="bbox 300 4168 1897 4249; baseline -0.011 -11"><span class='ocrx_word' id='word_1_327' title='bbox 300 4183 560 4239; x_wconf 74' lang='grc' dir='ltr'>κλιϐάνια</span> <span class='ocrx_word' id='word_1_328' title='bbox 592 4179 809 4249; x_wconf 77' lang='grc' dir='ltr'>σιδηρᾶ.</span> <span class='ocrx_word' id='word_1_329' title='bbox 839 4177 872 4248; x_wconf 76' lang='grc' dir='ltr'>ἢ</span> <span class='ocrx_word' id='word_1_330' title='bbox 912 4177 1007 4229; x_wconf 71' lang='grc' dir='ltr'>καὶ</span> <span class='ocrx_word' id='word_1_331' title='bbox 1047 4174 1106 4239; x_wconf 82' lang='grc' dir='ltr'>ὲξ</span> <span class='ocrx_word' id='word_1_332' title='bbox 1139 4173 1335 4240; x_wconf 76' lang='grc' dir='ltr'>ἑτέρας</span> <span class='ocrx_word' id='word_1_333' title='bbox 1370 4171 1522 4241; x_wconf 77' lang='grc' dir='ltr'>ὕλης,</span> <span class='ocrx_word' id='word_1_334' title='bbox 1554 4169 1630 4232; x_wconf 80' lang='grc' dir='ltr'><strong>ὡς</strong></span> <span class='ocrx_word' id='word_1_335' title='bbox 1660 4168 1897 4239; x_wconf 72' lang='grc' dir='ltr'>εἴρηται,</span> 
     </span>
    </p>
   </div>
   <div class='ocr_carea' id='block_1_52' title="bbox 301 4259 1896 4335">
    <p class='ocr_par' dir='ltr' id='par_1_52' title="bbox 301 4259 1896 4335">
     <span class='ocr_line' id='line_1_52' title="bbox 301 4259 1896 4335; baseline -0.012 -5"><span class='ocrx_word' id='word_1_336' title='bbox 301 4272 573 4335; x_wconf 77' lang='grc' dir='ltr'>κασσίδας</span> <span class='ocrx_word' id='word_1_337' title='bbox 599 4269 811 4332; x_wconf 85' lang='grc' dir='ltr'>τελείας</span> <span class='ocrx_word' id='word_1_338' title='bbox 832 4283 849 4300; x_wconf 88' lang='grc'><strong>·</strong></span> <span class='ocrx_word' id='word_1_339' title='bbox 892 4265 1217 4335; x_wconf 74' lang='grc' dir='ltr'>ποδόψελλα,</span> <span class='ocrx_word' id='word_1_340' title='bbox 1271 4261 1594 4333; x_wconf 76' lang='grc' dir='ltr'>χειρόψελλα</span> <span class='ocrx_word' id='word_1_341' title='bbox 1618 4259 1831 4330; x_wconf 79' lang='grc' dir='ltr'>σιδηρᾶ,</span> <span class='ocrx_word' id='word_1_342' title='bbox 1863 4259 1896 4328; x_wconf 83' lang='grc' dir='ltr'><strong>ἢ</strong></span> 
     </span>
    </p>
   </div>
   <div class='ocr_carea' id='block_1_53' title="bbox 302 4348 1903 4430">
    <p class='ocr_par' dir='ltr' id='par_1_53' title="bbox 302 4348 1903 4430">
     <span class='ocr_line' id='line_1_53' title="bbox 302 4348 1903 4430; baseline -0.013 -11"><span class='ocrx_word' id='word_1_343' title='bbox 302 4363 413 4419; x_wconf 71' lang='grc' dir='ltr'>καὶ</span> <span class='ocrx_word' id='word_1_344' title='bbox 447 4363 508 4427; x_wconf 76' lang='grc' dir='ltr'><strong>ἐξ</strong></span> <span class='ocrx_word' id='word_1_345' title='bbox 540 4360 734 4430; x_wconf 77' lang='grc' dir='ltr'>ἑτέρας</span> <span class='ocrx_word' id='word_1_346' title='bbox 757 4358 913 4427; x_wconf 78' lang='grc' dir='ltr'>ὕλης,</span> <span class='ocrx_word' id='word_1_347' title='bbox 940 4356 1028 4409; x_wconf 80' lang='grc' dir='ltr'>διὰ</span> <span class='ocrx_word' id='word_1_348' title='bbox 1056 4355 1184 4417; x_wconf 81' lang='grc' dir='ltr'>τοὺς</span> <span class='ocrx_word' id='word_1_349' title='bbox 1212 4352 1287 4423; x_wconf 84' lang='grc' dir='ltr'>μὴ</span> <span class='ocrx_word' id='word_1_350' title='bbox 1311 4351 1534 4423; x_wconf 79' lang='grc' dir='ltr'>ἔχοντας</span> <span class='ocrx_word' id='word_1_351' title='bbox 1565 4348 1903 4420; x_wconf 77' lang='grc' dir='ltr'>περιτραχὴ-</span> 
     </span>
    </p>
   </div>
   <div class='ocr_carea' id='block_1_54' title="bbox 301 4439 1901 4516">
    <p class='ocr_par' dir='ltr' id='par_1_54' title="bbox 301 4439 1901 4516">
     <span class='ocr_line' id='line_1_54' title="bbox 301 4439 1901 4516; baseline -0.012 -7"><span class='ocrx_word' id='word_1_352' title='bbox 301 4455 400 4509; x_wconf 84' lang='grc' dir='ltr'><strong>λια</strong></span> <span class='ocrx_word' id='word_1_353' title='bbox 430 4451 736 4513; x_wconf 85' lang='grc' dir='ltr'>άλυσίδετα,</span> <span class='ocrx_word' id='word_1_354' title='bbox 764 4448 983 4516; x_wconf 84' lang='grc' dir='ltr'>σιδηρᾶ,</span> <span class='ocrx_word' id='word_1_355' title='bbox 1014 4443 1368 4513; x_wconf 78' lang='grc' dir='ltr'>ὲνδεδυμένα,</span> <span class='ocrx_word' id='word_1_356' title='bbox 1394 4440 1596 4495; x_wconf 77' lang='grc' dir='ltr'>ἔσωθεν</span> <span class='ocrx_word' id='word_1_357' title='bbox 1620 4439 1728 4494; x_wconf 83' lang='grc' dir='ltr'><strong>ἀπὸ</strong></span> <span class='ocrx_word' id='word_1_358' title='bbox 1754 4440 1779 4491; x_wconf 84' lang='grc' dir='ltr'>ὲ</span> <span class='ocrx_word' id='word_1_359' title='bbox 1789 4439 1901 4510; x_wconf 83' lang='grc' dir='ltr'>ρίου</span> 
     </span>
    </p>
   </div>
   <div class='ocr_carea' id='block_1_55' title="bbox 305 4529 1983 4611">
    <p class='ocr_par' dir='ltr' id='par_1_55' title="bbox 305 4529 1983 4611">
     <span class='ocr_line' id='line_1_55' title="bbox 305 4529 1983 4611; baseline -0.011 -11"><span class='ocrx_word' id='word_1_360' title='bbox 305 4544 406 4600; x_wconf 76' lang='grc' dir='ltr'><strong>καὶ</strong></span> <span class='ocrx_word' id='word_1_361' title='bbox 432 4542 633 4611; x_wconf 76' lang='grc' dir='ltr'>ἔξωθεν</span> <span class='ocrx_word' id='word_1_362' title='bbox 665 4538 836 4593; x_wconf 90' lang='grc' dir='ltr'>λίνου.</span> <span class='ocrx_word' id='word_1_363' title='bbox 868 4534 1117 4607; x_wconf 83' lang='grc' dir='ltr'>Νευρικὰ</span> <span class='ocrx_word' id='word_1_364' title='bbox 1146 4535 1214 4587; x_wconf 80' lang='grc' dir='ltr'><strong>τά</strong></span> <span class='ocrx_word' id='word_1_365' title='bbox 1244 4532 1352 4588; x_wconf 75' lang='grc' dir='ltr'><strong>άπὸ</strong></span> <span class='ocrx_word' id='word_1_366' title='bbox 1386 4530 1720 4584; x_wconf 82' lang='grc' dir='ltr'>κενδούκλων</span> <span class='ocrx_word' id='word_1_367' title='bbox 1761 4529 1904 4597; x_wconf 87' lang='grc' dir='ltr'>γινό-</span> <span class='ocrx_word' id='word_1_368' title='bbox 1937 4553 1983 4609; x_wconf 67' lang='grc' dir='ltr'><strong>ι)</strong></span> 
     </span>
    </p>
   </div>
   <div class='ocr_carea' id='block_1_56' title="bbox 311 4623 1904 4708">
    <p class='ocr_par' dir='ltr' id='par_1_56' title="bbox 311 4623 1904 4708">
     <span class='ocr_line' id='line_1_56' title="bbox 311 4623 1904 4708; baseline -0.011 -17"><span class='ocrx_word' id='word_1_369' title='bbox 311 4653 485 4708; x_wconf 87' lang='grc' dir='ltr'>μενα,</span> <span class='ocrx_word' id='word_1_370' title='bbox 533 4637 632 4689; x_wconf 79' lang='grc' dir='ltr'>καὶ</span> <span class='ocrx_word' id='word_1_371' title='bbox 687 4630 828 4687; x_wconf 82' lang='grc' dir='ltr'>αὐτὰ</span> <span class='ocrx_word' id='word_1_372' title='bbox 884 4629 1004 4684; x_wconf 75' lang='grc' dir='ltr'>ἀντὶ</span> <span class='ocrx_word' id='word_1_373' title='bbox 1036 4625 1308 4697; x_wconf 87' lang='grc' dir='ltr'>λωρικίων</span> <span class='ocrx_word' id='word_1_374' title='bbox 1352 4626 1466 4687; x_wconf 82' lang='grc' dir='ltr'>τοῖς</span> <span class='ocrx_word' id='word_1_375' title='bbox 1501 4624 1575 4695; x_wconf 83' lang='grc' dir='ltr'>μὴ</span> <span class='ocrx_word' id='word_1_376' title='bbox 1609 4623 1791 4693; x_wconf 78' lang='grc' dir='ltr'>ἔχουσι</span> <span class='ocrx_word' id='word_1_377' title='bbox 1822 4639 1904 4674; x_wconf 81' lang='grc' dir='ltr'><strong>σι-</strong></span> 
     </span>
    </p>
   </div>
   <div class='ocr_carea' id='block_1_57' title="bbox 307 4713 1906 4799">
    <p class='ocr_par' dir='ltr' id='par_1_57' title="bbox 307 4713 1906 4799">
     <span class='ocr_line' id='line_1_57' title="bbox 307 4713 1906 4799; baseline -0.012 -15"><span class='ocrx_word' id='word_1_378' title='bbox 307 4729 481 4799; x_wconf 71' lang='grc' dir='ltr'>δηρᾶ.</span> <span class='ocrx_word' id='word_1_379' title='bbox 513 4724 826 4781; x_wconf 73' lang='grc' dir='ltr'>Κένδουκλα</span> <span class='ocrx_word' id='word_1_380' title='bbox 858 4720 1068 4791; x_wconf 83' lang='grc' dir='ltr'>φαρδέα</span> <span class='ocrx_word' id='word_1_381' title='bbox 1118 4718 1372 4772; x_wconf 83' lang='grc' dir='ltr'>ὲνδύοντα</span> <span class='ocrx_word' id='word_1_382' title='bbox 1424 4716 1516 4769; x_wconf 86' lang='grc' dir='ltr'>τὸν</span> <span class='ocrx_word' id='word_1_383' title='bbox 1565 4713 1906 4786; x_wconf 86' lang='grc' dir='ltr'>στρατιώτην</span> 
     </span>
    </p>
   </div>
   <div class='ocr_carea' id='block_1_58' title="bbox 313 4804 1907 4891">
    <p class='ocr_par' dir='ltr' id='par_1_58' title="bbox 313 4804 1907 4891">
     <span class='ocr_line' id='line_1_58' title="bbox 313 4804 1907 4891; baseline -0.011 -17"><span class='ocrx_word' id='word_1_384' title='bbox 313 4819 459 4891; x_wconf 77' lang='grc' dir='ltr'>μετὰ</span> <span class='ocrx_word' id='word_1_385' title='bbox 486 4818 595 4872; x_wconf 89' lang='grc' dir='ltr'><strong>τῶν</strong></span> <span class='ocrx_word' id='word_1_386' title='bbox 628 4816 829 4871; x_wconf 83' lang='grc' dir='ltr'>ὃπλων.</span> <span class='ocrx_word' id='word_1_387' title='bbox 868 4812 1187 4882; x_wconf 85' lang='grc' dir='ltr'>Σωληνάρια</span> <span class='ocrx_word' id='word_1_388' title='bbox 1219 4808 1358 4880; x_wconf 79' lang='grc' dir='ltr'>μετὰ</span> <span class='ocrx_word' id='word_1_389' title='bbox 1388 4805 1601 4879; x_wconf 84' lang='grc' dir='ltr'>μικρῶν</span> <span class='ocrx_word' id='word_1_390' title='bbox 1635 4804 1907 4874; x_wconf 86' lang='grc' dir='ltr'>σαγιττῶν</span> 
     </span>
    </p>
   </div>
   <div class='ocr_carea' id='block_1_59' title="bbox 312 4896 1909 4978">
    <p class='ocr_par' dir='ltr' id='par_1_59' title="bbox 312 4896 1909 4978">
     <span class='ocr_line' id='line_1_59' title="bbox 312 4896 1909 4978; baseline -0.011 -13"><span class='ocrx_word' id='word_1_391' title='bbox 312 4910 414 4966; x_wconf 76' lang='grc' dir='ltr'>καὶ</span> <span class='ocrx_word' id='word_1_392' title='bbox 477 4906 794 4978; x_wconf 76' lang='grc' dir='ltr'>κωκούρων</span> <span class='ocrx_word' id='word_1_393' title='bbox 845 4902 1026 4957; x_wconf 80' lang='grc' dir='ltr'>αὐτῶν</span> <span class='ocrx_word' id='word_1_394' title='bbox 1078 4899 1410 4970; x_wconf 73' lang='grc' dir='ltr'>σφενδοὸϐλα</span> <span class='ocrx_word' id='word_1_395' title='bbox 1434 4914 1450 4929; x_wconf 77' lang='grc' dir='ltr'><strong><em>ο</em></strong></span> <span class='ocrx_word' id='word_1_396' title='bbox 1511 4896 1909 4964; x_wconf 80' lang='grc' dir='ltr'>σελλοπούγγια</span> 
     </span>
    </p>
   </div>
   <div class='ocr_carea' id='block_1_60' title="bbox 323 4986 1915 5070">
    <p class='ocr_par' dir='ltr' id='par_1_60' title="bbox 323 4986 1915 5070">
     <span class='ocr_line' id='line_1_60' title="bbox 323 4986 1915 5070; baseline -0.011 -14"><span class='ocrx_word' id='word_1_397' title='bbox 323 4999 539 5070; x_wconf 81' lang='grc' dir='ltr'>μεγάλα</span> <span class='ocrx_word' id='word_1_398' title='bbox 558 5014 574 5029; x_wconf 74' lang='grc' dir='ltr'><strong>ο</strong></span> <span class='ocrx_word' id='word_1_399' title='bbox 618 4994 929 5067; x_wconf 64' lang='grc' dir='ltr'>ωρέκδολα</span> <span class='ocrx_word' id='word_1_400' title='bbox 952 4993 1047 5047; x_wconf 73' lang='grc' dir='ltr'>καὶ</span> <span class='ocrx_word' id='word_1_401' title='bbox 1077 4991 1248 5053; x_wconf 79' lang='grc' dir='ltr'>ὖσκας</span> <span class='ocrx_word' id='word_1_402' title='bbox 1280 4989 1392 5060; x_wconf 77' lang='grc'><strong>(51)</strong></span> <span class='ocrx_word' id='word_1_403' title='bbox 1411 5001 1430 5019; x_wconf 84' lang='grc'><strong><em>⁸</em></strong></span> <span class='ocrx_word' id='word_1_404' title='bbox 1454 4987 1738 5057; x_wconf 84' lang='grc' dir='ltr'>λωρόσοκα</span> <span class='ocrx_word' id='word_1_405' title='bbox 1760 5003 1774 5016; x_wconf 74' lang='grc' dir='ltr'><strong>ο</strong></span> <span class='ocrx_word' id='word_1_406' title='bbox 1815 4986 1915 5038; x_wconf 81' lang='grc' dir='ltr'><strong>πέ-</strong></span> 
     </span>
    </p>
   </div>
   <div class='ocr_carea' id='block_1_61' title="bbox 312 5076 1913 5162">
    <p class='ocr_par' dir='ltr' id='par_1_61' title="bbox 312 5076 1913 5162">
     <span class='ocr_line' id='line_1_61' title="bbox 312 5076 1913 5162; baseline -0.012 -16"><span class='ocrx_word' id='word_1_407' title='bbox 312 5092 440 5147; x_wconf 82' lang='grc' dir='ltr'>διλα</span> <span class='ocrx_word' id='word_1_408' title='bbox 485 5090 741 5162; x_wconf 78' lang='grc' dir='ltr'>σεληναϊα</span> <span class='ocrx_word' id='word_1_409' title='bbox 775 5085 972 5157; x_wconf 86' lang='grc' dir='ltr'>σιδηρᾶ</span> <span class='ocrx_word' id='word_1_410' title='bbox 1014 5084 1152 5153; x_wconf 82' lang='grc' dir='ltr'>μετὰ</span> <span class='ocrx_word' id='word_1_411' title='bbox 1184 5080 1436 5151; x_wconf 83' lang='grc' dir='ltr'>καρφίων</span> <span class='ocrx_word' id='word_1_412' title='bbox 1470 5077 1651 5132; x_wconf 78' lang='grc' dir='ltr'>αὐτῶν</span> <span class='ocrx_word' id='word_1_413' title='bbox 1676 5093 1691 5108; x_wconf 78' lang='grc' dir='ltr'><strong><em>ο</em></strong></span> <span class='ocrx_word' id='word_1_414' title='bbox 1746 5076 1913 5146; x_wconf 82' lang='grc' dir='ltr'>ρινία,</span> 
     </span>
    </p>
   </div>
   <div class='ocr_carea' id='block_1_62' title="bbox 2485 1224 3052 1284">
    <p class='ocr_par' dir='ltr' id='par_1_62' title="bbox 2485 1224 3052 1284">
     <span class='ocr_line' id='line_1_62' title="bbox 2485 1224 3052 1284; baseline -0.007 -2"><span class='ocrx_word' id='word_1_415' title='bbox 2485 1224 2948 1284; x_wconf 82' lang='lat' dir='ltr'><strong>CONSTITUTIO</strong></span> <span class='ocrx_word' id='word_1_416' title='bbox 2990 1224 3052 1279; x_wconf 74' lang='grc' dir='ltr'><strong>ν.</strong></span> 
     </span>
    </p>
   </div>
   <div class='ocr_carea' id='block_1_63' title="bbox 2402 1320 3144 1389">
    <p class='ocr_par' dir='ltr' id='par_1_63' title="bbox 2402 1320 3144 1389">
     <span class='ocr_line' id='line_1_63' title="bbox 2402 1320 3144 1389; baseline -0.005 -14"><span class='ocrx_word' id='word_1_417' title='bbox 2402 1320 2474 1375; x_wconf 81' lang='lat' dir='ltr'><strong>De</strong></span> <span class='ocrx_word' id='word_1_418' title='bbox 2531 1329 2797 1389; x_wconf 82' lang='lat' dir='ltr'><strong>apparatu</strong></span> <span class='ocrx_word' id='word_1_419' title='bbox 2849 1334 3144 1372; x_wconf 85' lang='lat' dir='ltr'><strong>armorum.</strong></span> 
     </span>
    </p>
   </div>
   <div class='ocr_carea' id='block_1_64' title="bbox 2058 1412 3562 1481">
    <p class='ocr_par' dir='ltr' id='par_1_64' title="bbox 2058 1412 3562 1481">
     <span class='ocr_line' id='line_1_64' title="bbox 2058 1412 3562 1481; baseline -0.006 -12"><span class='ocrx_word' id='word_1_420' title='bbox 2058 1417 2107 1469; x_wconf 84' lang='grc' dir='ltr'><strong>ι.</strong></span> <span class='ocrx_word' id='word_1_421' title='bbox 2138 1414 2460 1470; x_wconf 79' lang='lat' dir='ltr'><strong>Mandamus</strong></span> <span class='ocrx_word' id='word_1_422' title='bbox 2492 1412 2744 1481; x_wconf 75' lang='lat' dir='ltr'><strong>dignitati</strong></span> <span class='ocrx_word' id='word_1_423' title='bbox 2783 1422 2889 1465; x_wconf 68' lang='lat' dir='ltr'><strong>tum</strong></span> <span class='ocrx_word' id='word_1_424' title='bbox 2920 1421 2980 1463; x_wconf 91' lang='lat' dir='ltr'><strong>ut</strong></span> <span class='ocrx_word' id='word_1_425' title='bbox 3002 1425 3220 1465; x_wconf 90' lang='lat' dir='ltr'><strong>omnem</strong></span> <span class='ocrx_word' id='word_1_426' title='bbox 3243 1416 3562 1479; x_wconf 80' lang='lat' dir='ltr'><strong>apparatum</strong></span> 
     </span>
    </p>
   </div>
   <div class='ocr_carea' id='block_1_65' title="bbox 1990 1503 3569 1576">
    <p class='ocr_par' dir='ltr' id='par_1_65' title="bbox 1990 1503 3569 1576">
     <span class='ocr_line' id='line_1_65' title="bbox 1990 1503 3569 1576; baseline -0.007 -13"><span class='ocrx_word' id='word_1_427' title='bbox 1990 1508 2242 1563; x_wconf 88' lang='lat' dir='ltr'><strong>bellicum</strong></span> <span class='ocrx_word' id='word_1_428' title='bbox 2288 1505 2358 1560; x_wconf 90' lang='lat' dir='ltr'><strong>ad</strong></span> <span class='ocrx_word' id='word_1_429' title='bbox 2387 1504 2671 1576; x_wconf 84' lang='lat' dir='ltr'><strong>pedestres</strong></span> <span class='ocrx_word' id='word_1_430' title='bbox 2699 1514 2750 1558; x_wconf 91' lang='lat' dir='ltr'><strong>et</strong></span> <span class='ocrx_word' id='word_1_431' title='bbox 2793 1513 3076 1573; x_wconf 84' lang='lat' dir='ltr'><strong>equestres</strong></span> <span class='ocrx_word' id='word_1_432' title='bbox 3105 1503 3292 1571; x_wconf 81' lang='lat' dir='ltr'><strong>cepias</strong></span> <span class='ocrx_word' id='word_1_433' title='bbox 3324 1507 3569 1571; x_wconf 85' lang='lat' dir='ltr'><strong>spectan-</strong></span> 
     </span>
    </p>
   </div>
   <div class='ocr_carea' id='block_1_66' title="bbox 1990 1590 3566 1666">
    <p class='ocr_par' dir='ltr' id='par_1_66' title="bbox 1990 1590 3566 1666">
     <span class='ocr_line' id='line_1_66' title="bbox 1990 1590 3566 1666; baseline -0.008 -12"><span class='ocrx_word' id='word_1_434' title='bbox 1990 1610 2096 1654; x_wconf 90' lang='lat' dir='ltr'><strong>tem</strong></span> <span class='ocrx_word' id='word_1_435' title='bbox 2130 1610 2377 1664; x_wconf 89' lang='lat' dir='ltr'><strong>accures,</strong></span> <span class='ocrx_word' id='word_1_436' title='bbox 2416 1604 2475 1650; x_wconf 89' lang='lat' dir='ltr'><strong>ut</strong></span> <span class='ocrx_word' id='word_1_437' title='bbox 2524 1596 2733 1666; x_wconf 83' lang='lat' dir='ltr'><strong>integra</strong></span> <span class='ocrx_word' id='word_1_438' title='bbox 2786 1594 3126 1663; x_wconf 87' lang='lat' dir='ltr'><strong>minimeque</strong></span> <span class='ocrx_word' id='word_1_439' title='bbox 3181 1592 3392 1647; x_wconf 82' lang='lat' dir='ltr'><strong>defecta</strong></span> <span class='ocrx_word' id='word_1_440' title='bbox 3436 1590 3566 1653; x_wconf 86' lang='lat' dir='ltr'><strong>sint,</strong></span> 
     </span>
    </p>
   </div>
   <div class='ocr_carea' id='block_1_67' title="bbox 1989 1682 3563 1758">
    <p class='ocr_par' dir='ltr' id='par_1_67' title="bbox 1989 1682 3563 1758">
     <span class='ocr_line' id='line_1_67' title="bbox 1989 1682 3563 1758; baseline -0.007 -10"><span class='ocrx_word' id='word_1_441' title='bbox 1989 1694 2083 1748; x_wconf 90' lang='lat' dir='ltr'><strong>sed</strong></span> <span class='ocrx_word' id='word_1_442' title='bbox 2125 1691 2193 1747; x_wconf 89' lang='lat' dir='ltr'><strong>ad</strong></span> <span class='ocrx_word' id='word_1_443' title='bbox 2228 1704 2446 1746; x_wconf 91' lang='lat' dir='ltr'><strong>omnem</strong></span> <span class='ocrx_word' id='word_1_444' title='bbox 2481 1688 2946 1758; x_wconf 88' lang='lat' dir='ltr'><strong>opportunitatem</strong></span> <span class='ocrx_word' id='word_1_445' title='bbox 2990 1702 3275 1757; x_wconf 71' lang='lat' dir='ltr'><strong>usumqua:</strong></span> <span class='ocrx_word' id='word_1_446' title='bbox 3309 1682 3563 1739; x_wconf 86' lang='lat' dir='ltr'><strong>bellicum</strong></span> 
     </span>
    </p>
   </div>
   <div class='ocr_carea' id='block_1_68' title="bbox 1992 1795 2203 1853">
    <p class='ocr_par' dir='ltr' id='par_1_68' title="bbox 1992 1795 2203 1853">
     <span class='ocr_line' id='line_1_68' title="bbox 1992 1795 2203 1853; baseline -0.014 -15"><span class='ocrx_word' id='word_1_447' title='bbox 1992 1795 2203 1853; x_wconf 80' lang='lat' dir='ltr'><strong>parata.</strong></span> 
     </span>
    </p>
   </div>
   <div class='ocr_carea' id='block_1_69' title="bbox 2055 1944 3569 2018">
    <p class='ocr_par' dir='ltr' id='par_1_69' title="bbox 2055 1944 3569 2018">
     <span class='ocr_line' id='line_1_69' title="bbox 2055 1944 3569 2018; baseline -0.007 -11"><span class='ocrx_word' id='word_1_448' title='bbox 2055 1952 2112 2007; x_wconf 74' lang='lat'><strong>2.</strong></span> <span class='ocrx_word' id='word_1_449' title='bbox 2177 1950 2295 2005; x_wconf 86' lang='lat' dir='ltr'><strong>lloc</strong></span> <span class='ocrx_word' id='word_1_450' title='bbox 2357 1957 2541 2005; x_wconf 92' lang='lat' dir='ltr'><strong>autem</strong></span> <span class='ocrx_word' id='word_1_451' title='bbox 2613 1948 2813 2018; x_wconf 89' lang='lat' dir='ltr'><strong>partim</strong></span> <span class='ocrx_word' id='word_1_452' title='bbox 2876 1960 2973 2016; x_wconf 89' lang='lat' dir='ltr'><strong>per</strong></span> <span class='ocrx_word' id='word_1_453' title='bbox 3048 1947 3307 2015; x_wconf 89' lang='lat' dir='ltr'><strong>teipsum,</strong></span> <span class='ocrx_word' id='word_1_454' title='bbox 3369 1944 3569 2013; x_wconf 82' lang='lat' dir='ltr'><strong>partim</strong></span> 
     </span>
    </p>
   </div>
   <div class='ocr_carea' id='block_1_70' title="bbox 1988 2035 3570 2113">
    <p class='ocr_par' dir='ltr' id='par_1_70' title="bbox 1988 2035 3570 2113">
     <span class='ocr_line' id='line_1_70' title="bbox 1988 2035 3570 2113; baseline -0.006 -14"><span class='ocrx_word' id='word_1_455' title='bbox 1988 2059 2085 2113; x_wconf 90' lang='lat' dir='ltr'><strong>per</strong></span> <span class='ocrx_word' id='word_1_456' title='bbox 2128 2042 2414 2113; x_wconf 57' lang='lat' dir='ltr'><strong>praefectos</strong></span> <span class='ocrx_word' id='word_1_457' title='bbox 2487 2047 2612 2094; x_wconf 88' lang='lat' dir='ltr'><strong>tuos</strong></span> <span class='ocrx_word' id='word_1_458' title='bbox 2670 2046 2786 2092; x_wconf 90' lang='lat' dir='ltr'><strong>tum</strong></span> <span class='ocrx_word' id='word_1_459' title='bbox 2852 2036 3112 2106; x_wconf 84' lang='lat' dir='ltr'><strong>majores,</strong></span> <span class='ocrx_word' id='word_1_460' title='bbox 3153 2044 3268 2090; x_wconf 89' lang='lat' dir='ltr'><strong>tum</strong></span> <span class='ocrx_word' id='word_1_461' title='bbox 3329 2035 3570 2089; x_wconf 88' lang='lat' dir='ltr'><strong>minores</strong></span> 
     </span>
    </p>
   </div>
   <div class='ocr_carea' id='block_1_71' title="bbox 1988 2126 3572 2201">
    <p class='ocr_par' dir='ltr' id='par_1_71' title="bbox 1988 2126 3572 2201">
     <span class='ocr_line' id='line_1_71' title="bbox 1988 2126 3572 2201; baseline -0.006 -11"><span class='ocrx_word' id='word_1_462' title='bbox 1988 2136 2210 2201; x_wconf 78' lang='lat' dir='ltr'><strong>ellicies,</strong></span> <span class='ocrx_word' id='word_1_463' title='bbox 2267 2134 2332 2189; x_wconf 86' lang='lat' dir='ltr'><strong>ad</strong></span> <span class='ocrx_word' id='word_1_464' title='bbox 2366 2131 2606 2187; x_wconf 84' lang='lat' dir='ltr'><strong>universi</strong></span> <span class='ocrx_word' id='word_1_465' title='bbox 2646 2130 2918 2185; x_wconf 82' lang='lat' dir='ltr'><strong>exercitus</strong></span> <span class='ocrx_word' id='word_1_466' title='bbox 2981 2128 3075 2198; x_wconf 91' lang='lat' dir='ltr'><strong>qui</strong></span> <span class='ocrx_word' id='word_1_467' title='bbox 3106 2128 3208 2182; x_wconf 92' lang='lat' dir='ltr'><strong>sub</strong></span> <span class='ocrx_word' id='word_1_468' title='bbox 3239 2126 3445 2181; x_wconf 86' lang='lat' dir='ltr'><strong>ditione</strong></span> <span class='ocrx_word' id='word_1_469' title='bbox 3480 2134 3572 2180; x_wconf 86' lang='lat' dir='ltr'><strong>tua</strong></span> 
     </span>
    </p>
   </div>
   <div class='ocr_carea' id='block_1_72' title="bbox 1989 2221 3036 2293">
    <p class='ocr_par' dir='ltr' id='par_1_72' title="bbox 1989 2221 3036 2293">
     <span class='ocr_line' id='line_1_72' title="bbox 1989 2221 3036 2293; baseline -0.01 -10"><span class='ocrx_word' id='word_1_470' title='bbox 1989 2236 2095 2293; x_wconf 90' lang='lat' dir='ltr'><strong>est,</strong></span> <span class='ocrx_word' id='word_1_471' title='bbox 2120 2234 2455 2280; x_wconf 80' lang='lat' dir='ltr'><strong>armaturam</strong></span> <span class='ocrx_word' id='word_1_472' title='bbox 2484 2233 2537 2278; x_wconf 90' lang='lat' dir='ltr'><strong>et</strong></span> <span class='ocrx_word' id='word_1_473' title='bbox 2563 2221 3036 2291; x_wconf 65' lang='lat' dir='ltr'><strong>praeparationem.</strong></span> 
     </span>
    </p>
   </div>
   <div class='ocr_carea' id='block_1_73' title="bbox 2058 2311 3574 2382">
    <p class='ocr_par' dir='ltr' id='par_1_73' title="bbox 2058 2311 3574 2382">
     <span class='ocr_line' id='line_1_73' title="bbox 2058 2311 3574 2382; baseline -0.007 -11"><span class='ocrx_word' id='word_1_474' title='bbox 2058 2316 2112 2372; x_wconf 81' lang='lat'><strong>5.</strong></span> <span class='ocrx_word' id='word_1_475' title='bbox 2154 2318 2332 2369; x_wconf 84' lang='lat' dir='ltr'><strong>Arcus</strong></span> <span class='ocrx_word' id='word_1_476' title='bbox 2365 2329 2489 2369; x_wconf 90' lang='lat' dir='ltr'><strong>cum</strong></span> <span class='ocrx_word' id='word_1_477' title='bbox 2525 2312 2729 2382; x_wconf 82' lang='lat' dir='ltr'><strong>corytis</strong></span> <span class='ocrx_word' id='word_1_478' title='bbox 2782 2311 2920 2375; x_wconf 89' lang='lat' dir='ltr'><strong>suis,</strong></span> <span class='ocrx_word' id='word_1_479' title='bbox 2955 2311 3183 2379; x_wconf 79' lang='lat' dir='ltr'><strong>sagittas</strong></span> <span class='ocrx_word' id='word_1_480' title='bbox 3232 2323 3355 2363; x_wconf 90' lang='lat' dir='ltr'><strong>cum</strong></span> <span class='ocrx_word' id='word_1_481' title='bbox 3401 2322 3574 2362; x_wconf 86' lang='lat' dir='ltr'><strong>cucu-</strong></span> 
     </span>
    </p>
   </div>
   <div class='ocr_carea' id='block_1_74' title="bbox 1994 2398 3578 2473">
    <p class='ocr_par' dir='ltr' id='par_1_74' title="bbox 1994 2398 3578 2473">
     <span class='ocr_line' id='line_1_74' title="bbox 1994 2398 3578 2473; baseline -0.009 -12"><span class='ocrx_word' id='word_1_482' title='bbox 1994 2408 2092 2471; x_wconf 88' lang='lat' dir='ltr'><strong>ris,</strong></span> <span class='ocrx_word' id='word_1_483' title='bbox 2151 2406 2376 2473; x_wconf 83' lang='lat' dir='ltr'><strong>spathas</strong></span> <span class='ocrx_word' id='word_1_484' title='bbox 2448 2410 2667 2466; x_wconf 89' lang='lat' dir='ltr'><strong>acutas,</strong></span> <span class='ocrx_word' id='word_1_485' title='bbox 2721 2409 2773 2453; x_wconf 85' lang='lat' dir='ltr'><strong>et</strong></span> <span class='ocrx_word' id='word_1_486' title='bbox 2805 2400 3085 2453; x_wconf 87' lang='lat' dir='ltr'><strong>samiatas.</strong></span> <span class='ocrx_word' id='word_1_487' title='bbox 3134 2398 3322 2459; x_wconf 87' lang='lat' dir='ltr'><strong>Scuta,</strong></span> <span class='ocrx_word' id='word_1_488' title='bbox 3380 2409 3578 2463; x_wconf 85' lang='lat' dir='ltr'><strong>nempe</strong></span> 
     </span>
    </p>
   </div>
   <div class='ocr_carea' id='block_1_75' title="bbox 1992 2479 3577 2561">
    <p class='ocr_par' dir='ltr' id='par_1_75' title="bbox 1992 2479 3577 2561">
     <span class='ocr_line' id='line_1_75' title="bbox 1992 2479 3577 2561; baseline -0.012 -9"><span class='ocrx_word' id='word_1_489' title='bbox 1992 2506 2147 2554; x_wconf 89' lang='lat' dir='ltr'><strong>scuta</strong></span> <span class='ocrx_word' id='word_1_490' title='bbox 2181 2494 2412 2561; x_wconf 88' lang='lat' dir='ltr'><strong>majora,</strong></span> <span class='ocrx_word' id='word_1_491' title='bbox 2435 2505 2557 2560; x_wconf 83' lang='lat' dir='ltr'><strong>quae</strong></span> <span class='ocrx_word' id='word_1_492' title='bbox 2588 2489 2767 2544; x_wconf 84' lang='lat' dir='ltr'><strong>tburei</strong></span> <span class='ocrx_word' id='word_1_493' title='bbox 2796 2487 3158 2555; x_wconf 80' lang='lat' dir='ltr'><strong>appellantur,</strong></span> <span class='ocrx_word' id='word_1_494' title='bbox 3185 2493 3238 2538; x_wconf 88' lang='lat' dir='ltr'><strong>et</strong></span> <span class='ocrx_word' id='word_1_495' title='bbox 3280 2490 3435 2537; x_wconf 89' lang='lat' dir='ltr'><strong>scuta</strong></span> <span class='ocrx_word' id='word_1_496' title='bbox 3471 2479 3577 2534; x_wconf 86' lang='lat' dir='ltr'><strong>mi-</strong></span> 
     </span>
    </p>
   </div>
   <div class='ocr_carea' id='block_1_76' title="bbox 1994 2573 3574 2654">
    <p class='ocr_par' dir='ltr' id='par_1_76' title="bbox 1994 2573 3574 2654">
     <span class='ocr_line' id='line_1_76' title="bbox 1994 2573 3574 2654; baseline -0.013 -9"><span class='ocrx_word' id='word_1_497' title='bbox 1994 2602 2133 2645; x_wconf 91' lang='lat' dir='ltr'><strong>nora</strong></span> <span class='ocrx_word' id='word_1_498' title='bbox 2171 2586 2433 2654; x_wconf 87' lang='lat' dir='ltr'><strong>peditum,</strong></span> <span class='ocrx_word' id='word_1_499' title='bbox 2466 2596 2589 2650; x_wconf 76' lang='lat' dir='ltr'><strong>qua:</strong></span> <span class='ocrx_word' id='word_1_500' title='bbox 2640 2580 2818 2649; x_wconf 74' lang='lat' dir='ltr'><strong>pelue,</strong></span> <span class='ocrx_word' id='word_1_501' title='bbox 2858 2578 2912 2632; x_wconf 92' lang='lat' dir='ltr'><strong>id</strong></span> <span class='ocrx_word' id='word_1_502' title='bbox 2957 2584 3064 2641; x_wconf 90' lang='lat' dir='ltr'><strong>est,</strong></span> <span class='ocrx_word' id='word_1_503' title='bbox 3088 2585 3250 2631; x_wconf 74' lang='lat' dir='ltr'><strong>cetra:</strong></span> <span class='ocrx_word' id='word_1_504' title='bbox 3278 2573 3574 2629; x_wconf 85' lang='lat' dir='ltr'><strong>nominan-</strong></span> 
     </span>
    </p>
   </div>
   <div class='ocr_carea' id='block_1_77' title="bbox 1997 2666 3578 2747">
    <p class='ocr_par' dir='ltr' id='par_1_77' title="bbox 1997 2666 3578 2747">
     <span class='ocr_line' id='line_1_77' title="bbox 1997 2666 3578 2747; baseline -0.009 -13"><span class='ocrx_word' id='word_1_505' title='bbox 1997 2693 2083 2737; x_wconf 91' lang='lat' dir='ltr'><strong>tur</strong></span> <span class='ocrx_word' id='word_1_506' title='bbox 2108 2697 2124 2747; x_wconf 91' lang='lat'><strong>;</strong></span> <span class='ocrx_word' id='word_1_507' title='bbox 2149 2688 2204 2734; x_wconf 86' lang='lat' dir='ltr'><strong>et</strong></span> <span class='ocrx_word' id='word_1_508' title='bbox 2232 2685 2389 2732; x_wconf 86' lang='lat' dir='ltr'><strong>scuta</strong></span> <span class='ocrx_word' id='word_1_509' title='bbox 2413 2674 2661 2744; x_wconf 65' lang='lat' dir='ltr'><strong>quaedam</strong></span> <span class='ocrx_word' id='word_1_510' title='bbox 2686 2671 2832 2727; x_wconf 86' lang='lat' dir='ltr'><strong>l‘erro</strong></span> <span class='ocrx_word' id='word_1_511' title='bbox 2860 2669 3094 2725; x_wconf 86' lang='lat' dir='ltr'><strong>rotundo</strong></span> <span class='ocrx_word' id='word_1_512' title='bbox 3117 2669 3366 2737; x_wconf 88' lang='lat' dir='ltr'><strong>signata;</strong></span> <span class='ocrx_word' id='word_1_513' title='bbox 3394 2666 3578 2720; x_wconf 82' lang='lat' dir='ltr'><strong>hastas</strong></span> 
     </span>
    </p>
   </div>
   <div class='ocr_carea' id='block_1_78' title="bbox 1996 2756 3579 2843">
    <p class='ocr_par' dir='ltr' id='par_1_78' title="bbox 1996 2756 3579 2843">
     <span class='ocr_line' id='line_1_78' title="bbox 1996 2756 3579 2843; baseline -0.012 -14"><span class='ocrx_word' id='word_1_514' title='bbox 1996 2787 2192 2843; x_wconf 87' lang='lat' dir='ltr'><strong>parvas</strong></span> <span class='ocrx_word' id='word_1_515' title='bbox 2216 2777 2479 2841; x_wconf 69' lang='lat' dir='ltr'><strong>praeterea</strong></span> <span class='ocrx_word' id='word_1_516' title='bbox 2513 2774 2637 2820; x_wconf 91' lang='lat' dir='ltr'><strong>octo</strong></span> <span class='ocrx_word' id='word_1_517' title='bbox 2670 2763 3006 2818; x_wconf 90' lang='lat' dir='ltr'><strong>cubitorum.</strong></span> <span class='ocrx_word' id='word_1_518' title='bbox 3041 2760 3210 2814; x_wconf 87' lang='lat' dir='ltr'><strong>Erant</strong></span> <span class='ocrx_word' id='word_1_519' title='bbox 3255 2767 3436 2813; x_wconf 84' lang='lat' dir='ltr'><strong>autem</strong></span> <span class='ocrx_word' id='word_1_520' title='bbox 3469 2756 3579 2811; x_wconf 79' lang='lat' dir='ltr'><strong>Ro-</strong></span> 
     </span>
    </p>
   </div>
   <div class='ocr_carea' id='block_1_79' title="bbox 1999 2848 3578 2919">
    <p class='ocr_par' dir='ltr' id='par_1_79' title="bbox 1999 2848 3578 2919">
     <span class='ocr_line' id='line_1_79' title="bbox 1999 2848 3578 2919; baseline -0.012 0"><span class='ocrx_word' id='word_1_521' title='bbox 1999 2864 2175 2919; x_wconf 85' lang='lat' dir='ltr'><strong>manis</strong></span> <span class='ocrx_word' id='word_1_522' title='bbox 2226 2870 2281 2916; x_wconf 89' lang='lat' dir='ltr'><strong>et.</strong></span> <span class='ocrx_word' id='word_1_523' title='bbox 2334 2856 2720 2914; x_wconf 78' lang='lat' dir='ltr'><strong>Macedonibus</strong></span> <span class='ocrx_word' id='word_1_524' title='bbox 2766 2855 2937 2908; x_wconf 80' lang='lat' dir='ltr'><strong>hastae</strong></span> <span class='ocrx_word' id='word_1_525' title='bbox 2982 2850 3219 2906; x_wconf 87' lang='lat' dir='ltr'><strong>sedecim</strong></span> <span class='ocrx_word' id='word_1_526' title='bbox 3267 2848 3578 2903; x_wconf 87' lang='lat' dir='ltr'><strong>cubitorum</strong></span> 
     </span>
    </p>
   </div>
   <div class='ocr_carea' id='block_1_80' title="bbox 2000 2938 3577 3026">
    <p class='ocr_par' dir='ltr' id='par_1_80' title="bbox 2000 2938 3577 3026">
     <span class='ocr_line' id='line_1_80' title="bbox 2000 2938 3577 3026; baseline -0.015 -15"><span class='ocrx_word' id='word_1_527' title='bbox 2000 2954 2361 3026; x_wconf 79' lang='lat' dir='ltr'><strong>longitudine,</strong></span> <span class='ocrx_word' id='word_1_528' title='bbox 2391 2964 2529 3019; x_wconf 90' lang='lat' dir='ltr'><strong>quas</strong></span> <span class='ocrx_word' id='word_1_529' title='bbox 2578 2960 2726 3000; x_wconf 91' lang='lat' dir='ltr'><strong>nunc</strong></span> <span class='ocrx_word' id='word_1_530' title='bbox 2771 2959 2902 2998; x_wconf 90' lang='lat' dir='ltr'><strong>usus</strong></span> <span class='ocrx_word' id='word_1_531' title='bbox 2948 2951 3136 2996; x_wconf 91' lang='lat' dir='ltr'><strong>uoster</strong></span> <span class='ocrx_word' id='word_1_532' title='bbox 3180 2954 3287 2994; x_wconf 90' lang='lat' dir='ltr'><strong>non</strong></span> <span class='ocrx_word' id='word_1_533' title='bbox 3325 2938 3577 3006; x_wconf 76' lang='lat' dir='ltr'><strong>requirit,</strong></span> 
     </span>
    </p>
   </div>
   <div class='ocr_carea' id='block_1_81' title="bbox 1997 3029 3581 3112">
    <p class='ocr_par' dir='ltr' id='par_1_81' title="bbox 1997 3029 3581 3112">
     <span class='ocr_line' id='line_1_81' title="bbox 1997 3029 3581 3112; baseline -0.014 -11"><span class='ocrx_word' id='word_1_534' title='bbox 1997 3047 2089 3102; x_wconf 87' lang='lat' dir='ltr'><strong>sed</strong></span> <span class='ocrx_word' id='word_1_535' title='bbox 2120 3042 2330 3112; x_wconf 87' lang='lat' dir='ltr'><strong>singula</strong></span> <span class='ocrx_word' id='word_1_536' title='bbox 2354 3041 2465 3109; x_wconf 89' lang='lat' dir='ltr'><strong>jam</strong></span> <span class='ocrx_word' id='word_1_537' title='bbox 2497 3052 2594 3107; x_wconf 86' lang='lat' dir='ltr'><strong>pro</strong></span> <span class='ocrx_word' id='word_1_538' title='bbox 2621 3035 2825 3090; x_wconf 89' lang='lat' dir='ltr'><strong>utentis</strong></span> <span class='ocrx_word' id='word_1_539' title='bbox 2863 3034 3069 3086; x_wconf 75' lang='lat' dir='ltr'><strong>viribus</strong></span> <span class='ocrx_word' id='word_1_540' title='bbox 3109 3045 3172 3084; x_wconf 88' lang='lat' dir='ltr'><strong>ac</strong></span> <span class='ocrx_word' id='word_1_541' title='bbox 3209 3029 3403 3082; x_wconf 87' lang='lat' dir='ltr'><strong>robore</strong></span> <span class='ocrx_word' id='word_1_542' title='bbox 3427 3041 3581 3079; x_wconf 87' lang='lat' dir='ltr'><strong>arma</strong></span> 
     </span>
    </p>
   </div>
   <div class='ocr_carea' id='block_1_82' title="bbox 1998 3118 3582 3207">
    <p class='ocr_par' dir='ltr' id='par_1_82' title="bbox 1998 3118 3582 3207">
     <span class='ocr_line' id='line_1_82' title="bbox 1998 3118 3582 3207; baseline -0.014 -16"><span class='ocrx_word' id='word_1_543' title='bbox 1998 3146 2122 3207; x_wconf 91' lang='lat' dir='ltr'><strong>apta</strong></span> <span class='ocrx_word' id='word_1_544' title='bbox 2166 3143 2329 3203; x_wconf 89' lang='lat' dir='ltr'><strong>atque</strong></span> <span class='ocrx_word' id='word_1_545' title='bbox 2371 3130 2565 3185; x_wconf 88' lang='lat' dir='ltr'><strong>idonea</strong></span> <span class='ocrx_word' id='word_1_546' title='bbox 2612 3128 2771 3191; x_wconf 74' lang='lat' dir='ltr'><strong>fiunt,</strong></span> <span class='ocrx_word' id='word_1_547' title='bbox 2802 3124 3088 3189; x_wconf 89' lang='lat' dir='ltr'><strong>rhictaria,</strong></span> <span class='ocrx_word' id='word_1_548' title='bbox 3133 3119 3361 3175; x_wconf 87' lang='lat' dir='ltr'><strong>tzicnria</strong></span> <span class='ocrx_word' id='word_1_549' title='bbox 3390 3118 3582 3172; x_wconf 87' lang='lat' dir='ltr'><strong>biden-</strong></span> 
     </span>
    </p>
   </div>
   <div class='ocr_carea' id='block_1_83' title="bbox 1998 3209 3585 3294">
    <p class='ocr_par' dir='ltr' id='par_1_83' title="bbox 1998 3209 3585 3294">
     <span class='ocr_line' id='line_1_83' title="bbox 1998 3209 3585 3294; baseline -0.014 -11"><span class='ocrx_word' id='word_1_550' title='bbox 1998 3230 2094 3294; x_wconf 90' lang='lat' dir='ltr'><strong>tia,</strong></span> <span class='ocrx_word' id='word_1_551' title='bbox 2128 3226 2299 3281; x_wconf 87' lang='lat' dir='ltr'><strong>altera</strong></span> <span class='ocrx_word' id='word_1_552' title='bbox 2348 3238 2411 3277; x_wconf 80' lang='lat' dir='ltr'><strong>ex</strong></span> <span class='ocrx_word' id='word_1_553' title='bbox 2462 3228 2613 3290; x_wconf 87' lang='lat' dir='ltr'><strong>parte</strong></span> <span class='ocrx_word' id='word_1_554' title='bbox 2655 3217 2913 3273; x_wconf 60' lang='lat' dir='ltr'><strong>l‘abentia</strong></span> <span class='ocrx_word' id='word_1_555' title='bbox 2947 3216 3118 3270; x_wconf 90' lang='lat' dir='ltr'><strong>aciem</strong></span> <span class='ocrx_word' id='word_1_556' title='bbox 3158 3213 3315 3281; x_wconf 88' lang='lat' dir='ltr'><strong>quasi</strong></span> <span class='ocrx_word' id='word_1_557' title='bbox 3353 3209 3585 3280; x_wconf 55' lang='lat' dir='ltr'><strong>spathae,</strong></span> 
     </span>
    </p>
   </div>
   <div class='ocr_carea' id='block_1_84' title="bbox 1999 3301 3571 3384">
    <p class='ocr_par' dir='ltr' id='par_1_84' title="bbox 1999 3301 3571 3384">
     <span class='ocr_line' id='line_1_84' title="bbox 1999 3301 3571 3384; baseline -0.014 -11"><span class='ocrx_word' id='word_1_558' title='bbox 1999 3320 2167 3373; x_wconf 91' lang='lat' dir='ltr'><strong>altera</strong></span> <span class='ocrx_word' id='word_1_559' title='bbox 2227 3330 2291 3370; x_wconf 81' lang='lat' dir='ltr'><strong>ex</strong></span> <span class='ocrx_word' id='word_1_560' title='bbox 2352 3323 2507 3384; x_wconf 88' lang='lat' dir='ltr'><strong>parte</strong></span> <span class='ocrx_word' id='word_1_561' title='bbox 2551 3310 2707 3380; x_wconf 89' lang='lat' dir='ltr'><strong>quasi</strong></span> <span class='ocrx_word' id='word_1_562' title='bbox 2742 3311 2912 3362; x_wconf 74' lang='lat' dir='ltr'><strong>hasta:</strong></span> <span class='ocrx_word' id='word_1_563' title='bbox 2963 3305 3419 3373; x_wconf 84' lang='lat' dir='ltr'><strong>cuspidcm,cum</strong></span> <span class='ocrx_word' id='word_1_564' title='bbox 3449 3301 3571 3352; x_wconf 82' lang='lat' dir='ltr'><strong>tlte-</strong></span> 
     </span>
    </p>
   </div>
   <div class='ocr_carea' id='block_1_85' title="bbox 2000 3391 3585 3479">
    <p class='ocr_par' dir='ltr' id='par_1_85' title="bbox 2000 3391 3585 3479">
     <span class='ocr_line' id='line_1_85' title="bbox 2000 3391 3585 3479; baseline -0.014 -12"><span class='ocrx_word' id='word_1_565' title='bbox 2000 3414 2080 3467; x_wconf 85' lang='lat' dir='ltr'><strong>cis</strong></span> <span class='ocrx_word' id='word_1_566' title='bbox 2103 3426 2170 3465; x_wconf 82' lang='lat' dir='ltr'><strong>ex</strong></span> <span class='ocrx_word' id='word_1_567' title='bbox 2197 3408 2451 3479; x_wconf 88' lang='lat' dir='ltr'><strong>pellibus,</strong></span> <span class='ocrx_word' id='word_1_568' title='bbox 2473 3416 2528 3459; x_wconf 89' lang='lat' dir='ltr'><strong>et</strong></span> <span class='ocrx_word' id='word_1_569' title='bbox 2551 3402 2814 3472; x_wconf 82' lang='lat' dir='ltr'><strong>bastagia,</strong></span> <span class='ocrx_word' id='word_1_570' title='bbox 2842 3397 3146 3462; x_wconf 81' lang='lat' dir='ltr'><strong>lemoralia,</strong></span> <span class='ocrx_word' id='word_1_571' title='bbox 3170 3396 3222 3450; x_wconf 91' lang='lat' dir='ltr'><strong>id</strong></span> <span class='ocrx_word' id='word_1_572' title='bbox 3245 3404 3351 3460; x_wconf 90' lang='lat' dir='ltr'><strong>est,</strong></span> <span class='ocrx_word' id='word_1_573' title='bbox 3371 3391 3585 3463; x_wconf 81' lang='lat' dir='ltr'><strong>gladios</strong></span> 
     </span>
    </p>
   </div>
   <div class='ocr_carea' id='block_1_86' title="bbox 2002 3490 3175 3569">
    <p class='ocr_par' dir='ltr' id='par_1_86' title="bbox 2002 3490 3175 3569">
     <span class='ocr_line' id='line_1_86' title="bbox 2002 3490 3175 3569; baseline -0.014 -12"><span class='ocrx_word' id='word_1_574' title='bbox 2002 3515 2233 3569; x_wconf 77' lang='lat' dir='ltr'><strong>magnos</strong></span> <span class='ocrx_word' id='word_1_575' title='bbox 2268 3513 2433 3553; x_wconf 88' lang='lat' dir='ltr'><strong>uuam</strong></span> <span class='ocrx_word' id='word_1_576' title='bbox 2465 3496 2643 3551; x_wconf 91' lang='lat' dir='ltr'><strong>solum</strong></span> <span class='ocrx_word' id='word_1_577' title='bbox 2672 3493 2847 3547; x_wconf 90' lang='lat' dir='ltr'><strong>aciem</strong></span> <span class='ocrx_word' id='word_1_578' title='bbox 2887 3490 3175 3544; x_wconf 86' lang='lat' dir='ltr'><strong>habentes.</strong></span> 
     </span>
    </p>
   </div>
   <div class='ocr_carea' id='block_1_87' title="bbox 2071 3669 3587 3753">
    <p class='ocr_par' dir='ltr' id='par_1_87' title="bbox 2071 3669 3587 3753">
     <span class='ocr_line' id='line_1_87' title="bbox 2071 3669 3587 3753; baseline -0.015 -6"><span class='ocrx_word' id='word_1_579' title='bbox 2071 3692 2126 3746; x_wconf 83' lang='grc'><strong>4.</strong></span> <span class='ocrx_word' id='word_1_580' title='bbox 2157 3690 2374 3753; x_wconf 89' lang='lat' dir='ltr'><strong>Lorica,</strong></span> <span class='ocrx_word' id='word_1_581' title='bbox 2402 3687 2456 3742; x_wconf 95' lang='lat' dir='ltr'><strong>id</strong></span> <span class='ocrx_word' id='word_1_582' title='bbox 2485 3693 2588 3746; x_wconf 82' lang='lat' dir='ltr'><strong>est,</strong></span> <span class='ocrx_word' id='word_1_583' title='bbox 2608 3682 2775 3753; x_wconf 84' lang='lat' dir='ltr'><strong>galeae</strong></span> <span class='ocrx_word' id='word_1_584' title='bbox 2802 3682 2977 3748; x_wconf 88' lang='lat' dir='ltr'><strong>usque</strong></span> <span class='ocrx_word' id='word_1_585' title='bbox 3006 3675 3072 3729; x_wconf 88' lang='lat' dir='ltr'><strong>ad</strong></span> <span class='ocrx_word' id='word_1_586' title='bbox 3100 3673 3349 3743; x_wconf 83' lang='lat' dir='ltr'><strong>jugulum</strong></span> <span class='ocrx_word' id='word_1_587' title='bbox 3385 3669 3587 3725; x_wconf 74' lang='lat' dir='ltr'><strong>demis-</strong></span> 
     </span>
    </p>
   </div>
   <div class='ocr_carea' id='block_1_88' title="bbox 2002 3760 3586 3849">
    <p class='ocr_par' dir='ltr' id='par_1_88' title="bbox 2002 3760 3586 3849">
     <span class='ocr_line' id='line_1_88' title="bbox 2002 3760 3586 3849; baseline -0.017 -8"><span class='ocrx_word' id='word_1_588' title='bbox 2002 3800 2077 3842; x_wconf 83' lang='lat' dir='ltr'><strong>sae</strong></span> <span class='ocrx_word' id='word_1_589' title='bbox 2106 3783 2237 3839; x_wconf 90' lang='lat' dir='ltr'><strong>loris</strong></span> <span class='ocrx_word' id='word_1_590' title='bbox 2261 3777 2561 3849; x_wconf 90' lang='lat' dir='ltr'><strong>et|annulis</strong></span> <span class='ocrx_word' id='word_1_591' title='bbox 2599 3788 2725 3829; x_wconf 91' lang='lat' dir='ltr'><strong>cum</strong></span> <span class='ocrx_word' id='word_1_592' title='bbox 2756 3772 2931 3827; x_wconf 85' lang='lat' dir='ltr'><strong>thecis</strong></span> <span class='ocrx_word' id='word_1_593' title='bbox 2960 3765 3223 3824; x_wconf 87' lang='lat' dir='ltr'><strong>coriaceis</strong></span> <span class='ocrx_word' id='word_1_594' title='bbox 3260 3781 3276 3831; x_wconf 89' lang='lat'><strong>;</strong></span> <span class='ocrx_word' id='word_1_595' title='bbox 3304 3772 3357 3818; x_wconf 92' lang='lat' dir='ltr'><strong>et</strong></span> <span class='ocrx_word' id='word_1_596' title='bbox 3390 3762 3437 3816; x_wconf 89' lang='lat' dir='ltr'><strong>si</strong></span> <span class='ocrx_word' id='word_1_597' title='bbox 3470 3760 3586 3815; x_wconf 80' lang='lat' dir='ltr'><strong>ﬁeri</strong></span> 
     </span>
    </p>
   </div>
   <div class='ocr_carea' id='block_1_89' title="bbox 2004 3852 3590 3949">
    <p class='ocr_par' dir='ltr' id='par_1_89' title="bbox 2004 3852 3590 3949">
     <span class='ocr_line' id='line_1_89' title="bbox 2004 3852 3590 3949; baseline -0.018 -17"><span class='ocrx_word' id='word_1_598' title='bbox 2004 3884 2205 3949; x_wconf 88' lang='lat' dir='ltr'><strong>potest,</strong></span> <span class='ocrx_word' id='word_1_599' title='bbox 2236 3871 2422 3928; x_wconf 87' lang='lat' dir='ltr'><strong>omnia</strong></span> <span class='ocrx_word' id='word_1_600' title='bbox 2467 3869 2580 3924; x_wconf 91' lang='lat' dir='ltr'><strong>sint</strong></span> <span class='ocrx_word' id='word_1_601' title='bbox 2614 3871 2864 3920; x_wconf 86' lang='lat' dir='ltr'><strong>catenata</strong></span> <span class='ocrx_word' id='word_1_602' title='bbox 2903 3878 2918 3927; x_wconf 91' lang='lat'><strong>;</strong></span> <span class='ocrx_word' id='word_1_603' title='bbox 2966 3860 3052 3916; x_wconf 88' lang='lat' dir='ltr'><strong>sin</strong></span> <span class='ocrx_word' id='word_1_604' title='bbox 3088 3858 3291 3919; x_wconf 89' lang='lat' dir='ltr'><strong>minus,</strong></span> <span class='ocrx_word' id='word_1_605' title='bbox 3337 3852 3590 3923; x_wconf 61' lang='lat' dir='ltr'><strong>quaedam</strong></span> 
     </span>
    </p>
   </div>
   <div class='ocr_carea' id='block_1_90' title="bbox 2003 3942 3590 4028">
    <p class='ocr_par' dir='ltr' id='par_1_90' title="bbox 2003 3942 3590 4028">
     <span class='ocr_line' id='line_1_90' title="bbox 2003 3942 3590 4028; baseline -0.019 -4"><span class='ocrx_word' id='word_1_606' title='bbox 2003 3942 2070 4025; x_wconf 77' lang='lat' dir='ltr'><strong>ex</strong></span> <span class='ocrx_word' id='word_1_607' title='bbox 2113 3967 2220 4021; x_wconf 87' lang='lat' dir='ltr'><strong>illis</strong></span> <span class='ocrx_word' id='word_1_608' title='bbox 2254 3977 2455 4019; x_wconf 86' lang='lat' dir='ltr'><strong>cornea</strong></span> <span class='ocrx_word' id='word_1_609' title='bbox 2490 3960 2673 4028; x_wconf 89' lang='lat' dir='ltr'><strong>aliqua</strong></span> <span class='ocrx_word' id='word_1_610' title='bbox 2705 3953 2959 4015; x_wconf 86' lang='lat' dir='ltr'><strong>materia,</strong></span> <span class='ocrx_word' id='word_1_611' title='bbox 2986 3950 3069 4002; x_wconf 91' lang='lat' dir='ltr'><strong>vel</strong></span> <span class='ocrx_word' id='word_1_612' title='bbox 3109 3945 3334 4001; x_wconf 89' lang='lat' dir='ltr'><strong>siccatis</strong></span> <span class='ocrx_word' id='word_1_613' title='bbox 3368 3942 3590 3997; x_wconf 81' lang='lat' dir='ltr'><strong>bubalo—</strong></span> 
     </span>
    </p>
   </div>
   <div class='ocr_carea' id='block_1_91' title="bbox 2006 4030 3589 4126">
    <p class='ocr_par' dir='ltr' id='par_1_91' title="bbox 2006 4030 3589 4126">
     <span class='ocr_line' id='line_1_91' title="bbox 2006 4030 3589 4126; baseline -0.018 -13"><span class='ocrx_word' id='word_1_614' title='bbox 2006 4074 2128 4113; x_wconf 89' lang='lat' dir='ltr'><strong>rum</strong></span> <span class='ocrx_word' id='word_1_615' title='bbox 2157 4054 2388 4126; x_wconf 90' lang='lat' dir='ltr'><strong>pellibus</strong></span> <span class='ocrx_word' id='word_1_616' title='bbox 2422 4048 2629 4120; x_wconf 88' lang='lat' dir='ltr'><strong>junctis</strong></span> <span class='ocrx_word' id='word_1_617' title='bbox 2658 4062 2675 4110; x_wconf 84' lang='lat'><strong>;</strong></span> <span class='ocrx_word' id='word_1_618' title='bbox 2712 4040 3083 4112; x_wconf 88' lang='lat' dir='ltr'><strong>superloricas</strong></span> <span class='ocrx_word' id='word_1_619' title='bbox 3114 4045 3314 4099; x_wconf 89' lang='lat' dir='ltr'><strong>vestes,</strong></span> <span class='ocrx_word' id='word_1_620' title='bbox 3356 4030 3589 4088; x_wconf 90' lang='lat' dir='ltr'><strong>clibania</strong></span> 
     </span>
    </p>
   </div>
   <div class='ocr_carea' id='block_1_92' title="bbox 2008 4123 3587 4213">
    <p class='ocr_par' dir='ltr' id='par_1_92' title="bbox 2008 4123 3587 4213">
     <span class='ocr_line' id='line_1_92' title="bbox 2008 4123 3587 4213; baseline -0.019 -9"><span class='ocrx_word' id='word_1_621' title='bbox 2008 4123 2205 4213; x_wconf 76' lang='lat' dir='ltr'><strong>ferrea,</strong></span> <span class='ocrx_word' id='word_1_622' title='bbox 2231 4144 2318 4200; x_wconf 87' lang='lat' dir='ltr'><strong>vel</strong></span> <span class='ocrx_word' id='word_1_623' title='bbox 2345 4159 2410 4198; x_wconf 84' lang='lat' dir='ltr'><strong>ex</strong></span> <span class='ocrx_word' id='word_1_624' title='bbox 2441 4142 2544 4195; x_wconf 90' lang='lat' dir='ltr'><strong>alia</strong></span> <span class='ocrx_word' id='word_1_625' title='bbox 2571 4136 2849 4208; x_wconf 87' lang='lat' dir='ltr'><strong>quapiam,</strong></span> <span class='ocrx_word' id='word_1_626' title='bbox 2875 4143 2933 4186; x_wconf 93' lang='lat' dir='ltr'><strong>ut</strong></span> <span class='ocrx_word' id='word_1_627' title='bbox 2970 4130 3176 4185; x_wconf 89' lang='lat' dir='ltr'><strong>dictum</strong></span> <span class='ocrx_word' id='word_1_628' title='bbox 3204 4133 3311 4190; x_wconf 89' lang='lat' dir='ltr'><strong>est,</strong></span> <span class='ocrx_word' id='word_1_629' title='bbox 3337 4123 3587 4178; x_wconf 88' lang='lat' dir='ltr'><strong>materia.</strong></span> 
     </span>
    </p>
   </div>
   <div class='ocr_carea' id='block_1_93' title="bbox 2007 4216 3591 4305">
    <p class='ocr_par' dir='ltr' id='par_1_93' title="bbox 2007 4216 3591 4305">
     <span class='ocr_line' id='line_1_93' title="bbox 2007 4216 3591 4305; baseline -0.018 -8"><span class='ocrx_word' id='word_1_630' title='bbox 2007 4240 2261 4297; x_wconf 86' lang='lat' dir='ltr'><strong>Cassidcs</strong></span> <span class='ocrx_word' id='word_1_631' title='bbox 2292 4236 2555 4305; x_wconf 85' lang='lat' dir='ltr'><strong>integras,</strong></span> <span class='ocrx_word' id='word_1_632' title='bbox 2584 4228 2855 4290; x_wconf 86' lang='lat' dir='ltr'><strong>manicas,</strong></span> <span class='ocrx_word' id='word_1_633' title='bbox 2895 4234 3089 4280; x_wconf 86' lang='lat' dir='ltr'><strong>ocreas</strong></span> <span class='ocrx_word' id='word_1_634' title='bbox 3127 4221 3354 4285; x_wconf 84' lang='lat' dir='ltr'><strong>ferreas,</strong></span> <span class='ocrx_word' id='word_1_635' title='bbox 3394 4216 3481 4271; x_wconf 86' lang='lat' dir='ltr'><strong>vel</strong></span> <span class='ocrx_word' id='word_1_636' title='bbox 3524 4231 3591 4271; x_wconf 83' lang='lat' dir='ltr'><strong>ex</strong></span> 
     </span>
    </p>
   </div>
   <div class='ocr_carea' id='block_1_94' title="bbox 2010 4315 3591 4402">
    <p class='ocr_par' dir='ltr' id='par_1_94' title="bbox 2010 4315 3591 4402">
     <span class='ocr_line' id='line_1_94' title="bbox 2010 4315 3591 4402; baseline -0.017 -13"><span class='ocrx_word' id='word_1_637' title='bbox 2010 4334 2115 4389; x_wconf 91' lang='lat' dir='ltr'><strong>alia</strong></span> <span class='ocrx_word' id='word_1_638' title='bbox 2154 4329 2434 4402; x_wconf 89' lang='lat' dir='ltr'><strong>quapiam,</strong></span> <span class='ocrx_word' id='word_1_639' title='bbox 2467 4333 2529 4380; x_wconf 91' lang='lat' dir='ltr'><strong>ut</strong></span> <span class='ocrx_word' id='word_1_640' title='bbox 2557 4322 2766 4377; x_wconf 89' lang='lat' dir='ltr'><strong>dictum</strong></span> <span class='ocrx_word' id='word_1_641' title='bbox 2796 4328 2902 4381; x_wconf 91' lang='lat' dir='ltr'><strong>cst,</strong></span> <span class='ocrx_word' id='word_1_642' title='bbox 2945 4315 3197 4376; x_wconf 90' lang='lat' dir='ltr'><strong>materia,</strong></span> <span class='ocrx_word' id='word_1_643' title='bbox 3229 4318 3445 4380; x_wconf 90' lang='lat' dir='ltr'><strong>propter</strong></span> <span class='ocrx_word' id='word_1_644' title='bbox 3473 4322 3591 4374; x_wconf 89' lang='lat' dir='ltr'><strong>eos,</strong></span> 
     </span>
    </p>
   </div>
   <div class='ocr_carea' id='block_1_95' title="bbox 2011 4400 3594 4496">
    <p class='ocr_par' dir='ltr' id='par_1_95' title="bbox 2011 4400 3594 4496">
     <span class='ocr_line' id='line_1_95' title="bbox 2011 4400 3594 4496; baseline -0.017 -15"><span class='ocrx_word' id='word_1_645' title='bbox 2011 4425 2105 4496; x_wconf 92' lang='lat' dir='ltr'><strong>qui</strong></span> <span class='ocrx_word' id='word_1_646' title='bbox 2141 4400 2247 4478; x_wconf 81' lang='lat' dir='ltr'><strong>non</strong></span> <span class='ocrx_word' id='word_1_647' title='bbox 2283 4419 2485 4474; x_wconf 89' lang='lat' dir='ltr'><strong>habent</strong></span> <span class='ocrx_word' id='word_1_648' title='bbox 2507 4412 2734 4472; x_wconf 81' lang='lat' dir='ltr'><strong>collaria</strong></span> <span class='ocrx_word' id='word_1_649' title='bbox 2767 4416 3019 4465; x_wconf 88' lang='lat' dir='ltr'><strong>catenata</strong></span> <span class='ocrx_word' id='word_1_650' title='bbox 3049 4405 3247 4468; x_wconf 82' lang='lat' dir='ltr'><strong>ferrea,</strong></span> <span class='ocrx_word' id='word_1_651' title='bbox 3278 4410 3418 4456; x_wconf 87' lang='lat' dir='ltr'><strong>tecta</strong></span> <span class='ocrx_word' id='word_1_652' title='bbox 3446 4400 3594 4454; x_wconf 79' lang='lat' dir='ltr'><strong>intus</strong></span> 
     </span>
    </p>
   </div>
   <div class='ocr_carea' id='block_1_96' title="bbox 2011 4492 3595 4580">
    <p class='ocr_par' dir='ltr' id='par_1_96' title="bbox 2011 4492 3595 4580">
     <span class='ocr_line' id='line_1_96' title="bbox 2011 4492 3595 4580; baseline -0.016 -8"><span class='ocrx_word' id='word_1_653' title='bbox 2011 4492 2157 4580; x_wconf 69' lang='lat' dir='ltr'><strong>lana,</strong></span> <span class='ocrx_word' id='word_1_654' title='bbox 2200 4512 2336 4567; x_wconf 85' lang='lat' dir='ltr'><strong>l&#39;oris</strong></span> <span class='ocrx_word' id='word_1_655' title='bbox 2384 4510 2533 4575; x_wconf 91' lang='lat' dir='ltr'><strong>lino;</strong></span> <span class='ocrx_word' id='word_1_656' title='bbox 2586 4518 2785 4561; x_wconf 91' lang='lat' dir='ltr'><strong>nervos</strong></span> <span class='ocrx_word' id='word_1_657' title='bbox 2824 4510 2879 4557; x_wconf 89' lang='lat' dir='ltr'><strong>et</strong></span> <span class='ocrx_word' id='word_1_658' title='bbox 2920 4500 3037 4554; x_wconf 90' lang='lat' dir='ltr'><strong>lora</strong></span> <span class='ocrx_word' id='word_1_659' title='bbox 3070 4511 3103 4551; x_wconf 89' lang='lat' dir='ltr'><strong>a</strong></span> <span class='ocrx_word' id='word_1_660' title='bbox 3136 4492 3442 4552; x_wconf 90' lang='lat' dir='ltr'><strong>cenduclis,</strong></span> <span class='ocrx_word' id='word_1_661' title='bbox 3473 4504 3595 4560; x_wconf 74' lang='lat' dir='ltr'><strong>qua:</strong></span> 
     </span>
    </p>
   </div>
   <div class='ocr_carea' id='block_1_97' title="bbox 2010 4579 3592 4677">
    <p class='ocr_par' dir='ltr' id='par_1_97' title="bbox 2010 4579 3592 4677">
     <span class='ocr_line' id='line_1_97' title="bbox 2010 4579 3592 4677; baseline -0.021 -12"><span class='ocrx_word' id='word_1_662' title='bbox 2010 4618 2068 4665; x_wconf 89' lang='lat' dir='ltr'><strong>et</strong></span> <span class='ocrx_word' id='word_1_663' title='bbox 2100 4609 2217 4677; x_wconf 91' lang='lat' dir='ltr'><strong>ipsa</strong></span> <span class='ocrx_word' id='word_1_664' title='bbox 2256 4604 2365 4659; x_wconf 87' lang='lat' dir='ltr'><strong>sint</strong></span> <span class='ocrx_word' id='word_1_665' title='bbox 2399 4600 2679 4670; x_wconf 86' lang='lat' dir='ltr'><strong>galearum</strong></span> <span class='ocrx_word' id='word_1_666' title='bbox 2713 4594 2851 4659; x_wconf 89' lang='lat' dir='ltr'><strong>vice,</strong></span> <span class='ocrx_word' id='word_1_667' title='bbox 2884 4590 2954 4646; x_wconf 87' lang='lat' dir='ltr'><strong>iis</strong></span> <span class='ocrx_word' id='word_1_668' title='bbox 2987 4588 3080 4660; x_wconf 90' lang='lat' dir='ltr'><strong>qui</strong></span> <span class='ocrx_word' id='word_1_669' title='bbox 3115 4587 3292 4641; x_wconf 77' lang='lat' dir='ltr'><strong>ferrea</strong></span> <span class='ocrx_word' id='word_1_670' title='bbox 3330 4579 3592 4637; x_wconf 89' lang='lat' dir='ltr'><strong>cenducla</strong></span> 
     </span>
    </p>
   </div>
   <div class='ocr_carea' id='block_1_98' title="bbox 2015 4671 3595 4757">
    <p class='ocr_par' dir='ltr' id='par_1_98' title="bbox 2015 4671 3595 4757">
     <span class='ocr_line' id='line_1_98' title="bbox 2015 4671 3595 4757; baseline -0.022 0"><span class='ocrx_word' id='word_1_671' title='bbox 2015 4671 2135 4757; x_wconf 45' lang='lat' dir='ltr'><strong>non-</strong></span> <span class='ocrx_word' id='word_1_672' title='bbox 2155 4698 2376 4753; x_wconf 85' lang='lat' dir='ltr'><strong>habent.</strong></span> <span class='ocrx_word' id='word_1_673' title='bbox 2399 4691 2613 4749; x_wconf 88' lang='lat' dir='ltr'><strong>Fardea</strong></span> <span class='ocrx_word' id='word_1_674' title='bbox 2649 4688 2843 4743; x_wconf 86' lang='lat' dir='ltr'><strong>induat</strong></span> <span class='ocrx_word' id='word_1_675' title='bbox 2876 4683 3035 4739; x_wconf 85' lang='lat' dir='ltr'><strong>miles</strong></span> <span class='ocrx_word' id='word_1_676' title='bbox 3063 4693 3190 4735; x_wconf 89' lang='lat' dir='ltr'><strong>cum</strong></span> <span class='ocrx_word' id='word_1_677' title='bbox 3221 4674 3410 4738; x_wconf 91' lang='lat' dir='ltr'><strong>armis,</strong></span> <span class='ocrx_word' id='word_1_678' title='bbox 3456 4671 3595 4727; x_wconf 79' lang='lat' dir='ltr'><strong>sole-</strong></span> 
     </span>
    </p>
   </div>
   <div class='ocr_carea' id='block_1_99' title="bbox 2014 4763 3598 4857">
    <p class='ocr_par' dir='ltr' id='par_1_99' title="bbox 2014 4763 3598 4857">
     <span class='ocr_line' id='line_1_99' title="bbox 2014 4763 3598 4857; baseline -0.022 -7"><span class='ocrx_word' id='word_1_679' title='bbox 2014 4794 2169 4850; x_wconf 89' lang='lat' dir='ltr'><strong>naria</strong></span> <span class='ocrx_word' id='word_1_680' title='bbox 2203 4805 2325 4847; x_wconf 86' lang='lat' dir='ltr'><strong>cum</strong></span> <span class='ocrx_word' id='word_1_681' title='bbox 2361 4785 2543 4857; x_wconf 86' lang='lat' dir='ltr'><strong>parvis</strong></span> <span class='ocrx_word' id='word_1_682' title='bbox 2569 4780 2805 4853; x_wconf 86' lang='lat' dir='ltr'><strong>sagittis,</strong></span> <span class='ocrx_word' id='word_1_683' title='bbox 2840 4785 2895 4831; x_wconf 89' lang='lat' dir='ltr'><strong>et</strong></span> <span class='ocrx_word' id='word_1_684' title='bbox 2921 4771 3140 4829; x_wconf 89' lang='lat' dir='ltr'><strong>cucuris</strong></span> <span class='ocrx_word' id='word_1_685' title='bbox 3164 4767 3297 4838; x_wconf 89' lang='lat' dir='ltr'><strong>ipsis</strong></span> <span class='ocrx_word' id='word_1_686' title='bbox 3328 4782 3343 4831; x_wconf 90' lang='lat'><strong>;</strong></span> <span class='ocrx_word' id='word_1_687' title='bbox 3378 4763 3598 4829; x_wconf 76' lang='lat' dir='ltr'><strong>fundas,</strong></span> 
     </span>
    </p>
   </div>
   <div class='ocr_carea' id='block_1_100' title="bbox 2016 4856 3596 4954">
    <p class='ocr_par' dir='ltr' id='par_1_100' title="bbox 2016 4856 3596 4954">
     <span class='ocr_line' id='line_1_100' title="bbox 2016 4856 3596 4954; baseline -0.022 -14"><span class='ocrx_word' id='word_1_688' title='bbox 2016 4880 2612 4954; x_wconf 81' lang='lat' dir='ltr'><strong>sellopungiamagna,</strong></span> <span class='ocrx_word' id='word_1_689' title='bbox 2643 4867 2954 4943; x_wconf 83' lang='lat' dir='ltr'><strong>pyrecbola,</strong></span> <span class='ocrx_word' id='word_1_690' title='bbox 2985 4864 3036 4918; x_wconf 91' lang='lat' dir='ltr'><strong>id</strong></span> <span class='ocrx_word' id='word_1_691' title='bbox 3066 4869 3170 4925; x_wconf 79' lang='lat' dir='ltr'><strong>est,</strong></span> <span class='ocrx_word' id='word_1_692' title='bbox 3203 4860 3381 4929; x_wconf 84' lang='lat' dir='ltr'><strong>ignem</strong></span> <span class='ocrx_word' id='word_1_693' title='bbox 3409 4856 3596 4926; x_wconf 86' lang='lat' dir='ltr'><strong>jacen-</strong></span> 
     </span>
    </p>
   </div>
   <div class='ocr_carea' id='block_1_101' title="bbox 2014 4951 3601 5042">
    <p class='ocr_par' dir='ltr' id='par_1_101' title="bbox 2014 4951 3601 5042">
     <span class='ocr_line' id='line_1_101' title="bbox 2014 4951 3601 5042; baseline -0.02 -9"><span class='ocrx_word' id='word_1_694' title='bbox 2014 4979 2112 5042; x_wconf 90' lang='lat' dir='ltr'><strong>tia,</strong></span> <span class='ocrx_word' id='word_1_695' title='bbox 2148 4951 2312 5038; x_wconf 35' lang='lat' dir='ltr'><strong>i—scas,</strong></span> <span class='ocrx_word' id='word_1_696' title='bbox 2344 4972 2650 5030; x_wconf 85' lang='lat' dir='ltr'><strong>lorosacca,</strong></span> <span class='ocrx_word' id='word_1_697' title='bbox 2690 4964 2885 5034; x_wconf 89' lang='lat' dir='ltr'><strong>pedila,</strong></span> <span class='ocrx_word' id='word_1_698' title='bbox 2921 4960 2973 5013; x_wconf 89' lang='lat' dir='ltr'><strong>id</strong></span> <span class='ocrx_word' id='word_1_699' title='bbox 3003 4963 3107 5023; x_wconf 89' lang='lat' dir='ltr'><strong>est,</strong></span> <span class='ocrx_word' id='word_1_700' title='bbox 3137 4954 3349 5010; x_wconf 87' lang='lat' dir='ltr'><strong>calceos</strong></span> <span class='ocrx_word' id='word_1_701' title='bbox 3382 4951 3601 5005; x_wconf 85' lang='lat' dir='ltr'><strong>lunatos</strong></span> 
     </span>
    </p>
   </div>
   <div class='ocr_carea' id='block_1_102' title="bbox 2017 5042 3598 5132">
    <p class='ocr_par' dir='ltr' id='par_1_102' title="bbox 2017 5042 3598 5132">
     <span class='ocr_line' id='line_1_102' title="bbox 2017 5042 3598 5132; baseline -0.02 -7"><span class='ocrx_word' id='word_1_702' title='bbox 2017 5070 2225 5126; x_wconf 79' lang='lat' dir='ltr'><strong>ferreos</strong></span> <span class='ocrx_word' id='word_1_703' title='bbox 2254 5080 2378 5120; x_wconf 89' lang='lat' dir='ltr'><strong>cum</strong></span> <span class='ocrx_word' id='word_1_704' title='bbox 2405 5061 2539 5132; x_wconf 88' lang='lat' dir='ltr'><strong>ipsis</strong></span> <span class='ocrx_word' id='word_1_705' title='bbox 2560 5056 2830 5127; x_wconf 88' lang='lat' dir='ltr'><strong>carpbiis;</strong></span> <span class='ocrx_word' id='word_1_706' title='bbox 2857 5051 3061 5116; x_wconf 84' lang='lat' dir='ltr'><strong>rbinia,</strong></span> <span class='ocrx_word' id='word_1_707' title='bbox 3090 5046 3297 5117; x_wconf 77' lang='lat' dir='ltr'><strong>suglia,</strong></span> <span class='ocrx_word' id='word_1_708' title='bbox 3321 5042 3598 5105; x_wconf 76' lang='lat' dir='ltr'><strong>frontalia,</strong></span> 
     </span>
    </p>
   </div>
   <div class='ocr_carea' id='block_1_103' title="bbox 318 5132 1896 5250">
    <p class='ocr_par' dir='ltr' id='par_1_103' title="bbox 318 5132 1896 5250">
     <span class='ocr_line' id='line_1_103' title="bbox 318 5132 1896 5250; baseline -0.012 -14"><span class='ocrx_word' id='word_1_709' title='bbox 318 5132 551 5236; x_wconf 39' lang='grc' dir='ltr'>λυδλία</span> <span class='ocrx_word' id='word_1_710' title='bbox 589 5132 704 5250; x_wconf 61' lang='grc' dir='ltr'><strong>ίὸἓ)</strong></span> <span class='ocrx_word' id='word_1_711' title='bbox 733 5194 747 5209; x_wconf 75' lang='grc' dir='ltr'><strong><em>ο</em></strong></span> <span class='ocrx_word' id='word_1_712' title='bbox 784 5132 1150 5249; x_wconf 55' lang='grc' dir='ltr'><strong>πρέιξετάῖτὲζᾷ</strong></span> <span class='ocrx_word' id='word_1_713' title='bbox 1417 5168 1688 5239; x_wconf 85' lang='grc' dir='ltr'>στηθάρια</span> <span class='ocrx_word' id='word_1_714' title='bbox 1731 5132 1896 5219; x_wconf 66' lang='grc' dir='ltr'>έππωπ</span> 
     </span>
    </p>
   </div>
   <div class='ocr_carea' id='block_1_104' title="bbox 2009 5132 3597 5250">
    <p class='ocr_par' dir='ltr' id='par_1_104' title="bbox 2018 5132 3597 5231">
     <span class='ocr_line' id='line_1_104' title="bbox 2018 5132 3597 5231; baseline -0.02 -15"><span class='ocrx_word' id='word_1_715' title='bbox 2018 5173 2288 5231; x_wconf 82' lang='lat' dir='ltr'><strong>equorum</strong></span> <span class='ocrx_word' id='word_1_716' title='bbox 2330 5151 2629 5225; x_wconf 86' lang='lat' dir='ltr'><strong>pectoralia</strong></span> <span class='ocrx_word' id='word_1_717' title='bbox 2661 5148 2861 5209; x_wconf 83' lang='lat' dir='ltr'><strong>ferrea,</strong></span> <span class='ocrx_word' id='word_1_718' title='bbox 2893 5142 2977 5199; x_wconf 89' lang='lat' dir='ltr'><strong>vel</strong></span> <span class='ocrx_word' id='word_1_719' title='bbox 3018 5156 3048 5195; x_wconf 89' lang='lat' dir='ltr'><strong>a</strong></span> <span class='ocrx_word' id='word_1_720' title='bbox 3095 5137 3377 5195; x_wconf 90' lang='lat' dir='ltr'><strong>cenduclis</strong></span> <span class='ocrx_word' id='word_1_721' title='bbox 3409 5132 3548 5188; x_wconf 82' lang='lat' dir='ltr'><strong>facta</strong></span> <span class='ocrx_word' id='word_1_722' title='bbox 3582 5170 3597 5195; x_wconf 92' lang='lat'><strong>,</strong></span> 
     </span>
    </p>
   </div>
   <div class='ocr_carea' id='block_1_105' title="bbox 316 5238 1896 5344">
    <p class='ocr_par' dir='ltr' id='par_1_105' title="bbox 316 5238 1896 5344">
     <span class='ocr_line' id='line_1_105' title="bbox 316 5238 1896 5344; baseline -0.01 -18"><span class='ocrx_word' id='word_1_723' title='bbox 316 5274 356 5344; x_wconf 76' lang='grc' dir='ltr'><strong>ἢ</strong></span> <span class='ocrx_word' id='word_1_724' title='bbox 410 5238 627 5343; x_wconf 64' lang='grc' dir='ltr'>σιδηρά,</span> <span class='ocrx_word' id='word_1_725' title='bbox 686 5238 804 5324; x_wconf 63' lang='grc' dir='ltr'>άπὸ</span> <span class='ocrx_word' id='word_1_726' title='bbox 830 5238 841 5249; x_wconf 50' lang='grc'><em>’</em></span> <span class='ocrx_word' id='word_1_727' title='bbox 866 5238 1169 5323; x_wconf 72' lang='grc' dir='ltr'>κενδούκων</span> <span class='ocrx_word' id='word_1_728' title='bbox 1192 5278 1208 5296; x_wconf 78' lang='grc' dir='ltr'><strong>ο</strong></span> <span class='ocrx_word' id='word_1_729' title='bbox 1274 5259 1676 5334; x_wconf 83' lang='grc' dir='ltr'>περιτραχήλια</span> <span class='ocrx_word' id='word_1_730' title='bbox 1737 5258 1896 5311; x_wconf 81' lang='grc' dir='ltr'>ἵππω·</span> 
     </span>
    </p>
   </div>
   <div class='ocr_carea' id='block_1_106' title="bbox 2009 5238 2927 5344">
    <p class='ocr_par' dir='ltr' id='par_1_106' title="bbox 2019 5238 2927 5321">
     <span class='ocr_line' id='line_1_106' title="bbox 2019 5238 2927 5321; baseline -0.02 -13"><span class='ocrx_word' id='word_1_731' title='bbox 2019 5260 2076 5308; x_wconf 89' lang='lat' dir='ltr'><strong>et</strong></span> <span class='ocrx_word' id='word_1_732' title='bbox 2097 5259 2368 5321; x_wconf 87' lang='lat' dir='ltr'><strong>equorum</strong></span> <span class='ocrx_word' id='word_1_733' title='bbox 2404 5241 2627 5300; x_wconf 90' lang='lat' dir='ltr'><strong>collaria</strong></span> <span class='ocrx_word' id='word_1_734' title='bbox 2655 5238 2927 5295; x_wconf 85' lang='lat' dir='ltr'><strong>similiter.</strong></span> 
     </span>
    </p>
   </div>
   <div class='ocr_carea' id='block_1_107' title="bbox 316 5362 543 5431">
    <p class='ocr_par' dir='ltr' id='par_1_107' title="bbox 316 5362 543 5431">
     <span class='ocr_line' id='line_1_107' title="bbox 316 5362 543 5431; baseline 0.004 -17"><span class='ocrx_word' id='word_1_735' title='bbox 316 5362 543 5431; x_wconf 72' lang='grc' dir='ltr'>ὁμοίως.</span> 
     </span>
    </p>
   </div>
   <div class='ocr_carea' id='block_1_108' title="bbox 1879 5436 2111 5496">
    <p class='ocr_par' dir='ltr' id='par_1_108' title="bbox 1879 5436 2111 5496">
     <span class='ocr_line' id='line_1_108' title="bbox 1879 5436 2111 5496; baseline -0.022 -2"><span class='ocrx_word' id='word_1_736' title='bbox 1879 5436 2111 5496; x_wconf 66' lang='lat' dir='ltr'><strong>NOTAE.</strong></span> 
     </span>
    </p>
   </div>
   <div class='ocr_carea' id='block_1_109' title="bbox 400 5537 1918 5619">
    <p class='ocr_par' dir='ltr' id='par_1_109' title="bbox 400 5537 1918 5619">
     <span class='ocr_line' id='line_1_109' title="bbox 400 5537 1918 5619; baseline -0.01 -12"><span class='ocrx_word' id='word_1_737' title='bbox 400 5550 512 5619; x_wconf 78' lang='lat'><strong>(50)</strong></span> <span class='ocrx_word' id='word_1_738' title='bbox 555 5546 878 5619; x_wconf 64' lang='lat' dir='ltr'><strong>&#39;Pqttdpza.</strong></span> <span class='ocrx_word' id='word_1_739' title='bbox 910 5547 969 5619; x_wconf 79' lang='lat' dir='ltr'><strong>In</strong></span> <span class='ocrx_word' id='word_1_740' title='bbox 1022 5545 1215 5619; x_wconf 71' lang='lat' dir='ltr'><strong>codice</strong></span> <span class='ocrx_word' id='word_1_741' title='bbox 1263 5540 1717 5619; x_wconf 75' lang='lat' dir='ltr'><strong>Checi___v_idetur&#39;</strong></span> <span class='ocrx_word' id='word_1_742' title='bbox 1746 5537 1918 5618; x_wconf 78' lang='lat' dir='ltr'><strong>fuisse</strong></span> 
     </span>
    </p>
   </div>
   <div class='ocr_carea' id='block_1_110' title="bbox 324 5609 1915 5743">
    <p class='ocr_par' dir='ltr' id='par_1_110' title="bbox 324 5609 1915 5743">
     <span class='ocr_line' id='line_1_110' title="bbox 324 5609 1915 5743; baseline -0.008 -68"><span class='ocrx_word' id='word_1_743' title='bbox 324 5609 606 5743; x_wconf 48' lang='grc' dir='ltr'>εἰκτάρια.</span> <span class='ocrx_word' id='word_1_744' title='bbox 640 5609 1050 5686; x_wconf 66' lang='grc' dir='ltr'>διξά⁷ριπτάρια</span> <span class='ocrx_word' id='word_1_745' title='bbox 1081 5615 1276 5670; x_wconf 86' lang='lat' dir='ltr'><strong>melius</strong></span> <span class='ocrx_word' id='word_1_746' title='bbox 1295 5622 1400 5670; x_wconf 80' lang='lat' dir='ltr'><strong>cst.</strong></span> <span class='ocrx_word' id='word_1_747' title='bbox 1424 5610 1557 5666; x_wconf 83' lang='lat' dir='ltr'><strong>Vide</strong></span> <span class='ocrx_word' id='word_1_748' title='bbox 1580 5609 1915 5664; x_wconf 72' lang='lat' dir='ltr'><strong>Glossarium</strong></span> 
     </span>
     <span class='ocr_line' id='line_1_111' title="bbox 387 5694 982 5743; baseline -0.008 0"><span class='ocrx_word' id='word_1_749' title='bbox 387 5694 579 5743; x_wconf 70' lang='lat' dir='ltr'><strong>tealtn.</strong></span> <span class='ocrx_word' id='word_1_750' title='bbox 620 5696 675 5742; x_wconf 91' lang='lat' dir='ltr'><strong>et</strong></span> <span class='ocrx_word' id='word_1_751' title='bbox 707 5696 982 5741; x_wconf 88' lang='lat' dir='ltr'><strong>nostrum.</strong></span> 
     </span>
    </p>
   </div>
   <div class='ocr_carea' id='block_1_111' title="bbox 385 5690 982 5757">
    <p class='ocr_par' dir='ltr' id='par_1_111' title="bbox 385 5690 982 5757">
     <span class='ocr_line' id='line_1_112' title="bbox 385 5690 982 5757; baseline -0.008 -14"><span class='ocrx_word' id='word_1_752' title='bbox 385 5690 579 5757; x_wconf 87' lang='lat' dir='ltr'><strong>igaltii,</strong></span> <span class='ocrx_word' id='word_1_753' title='bbox 620 5696 675 5742; x_wconf 91' lang='lat' dir='ltr'><strong>et</strong></span> <span class='ocrx_word' id='word_1_754' title='bbox 692 5696 982 5757; x_wconf 82' lang='lat' dir='ltr'><strong>nostrum.</strong></span> 
     </span>
    </p>
   </div>
   <div class='ocr_carea' id='block_1_112' title="bbox 401 5747 1907 5828">
    <p class='ocr_par' dir='ltr' id='par_1_112' title="bbox 401 5747 1907 5828">
     <span class='ocr_line' id='line_1_113' title="bbox 401 5747 1907 5828; baseline -0.011 -14"><span class='ocrx_word' id='word_1_755' title='bbox 401 5747 513 5828; x_wconf 63' lang='grc'><strong>(51)</strong></span> <span class='ocrx_word' id='word_1_756' title='bbox 546 5747 919 5828; x_wconf 67' lang='grc' dir='ltr'><strong>Πυρέιιόὀλα2</strong></span> <span class='ocrx_word' id='word_1_757' title='bbox 942 5753 1041 5808; x_wconf 79' lang='grc' dir='ltr'><strong>καί</strong></span> <span class='ocrx_word' id='word_1_758' title='bbox 1064 5753 1277 5828; x_wconf 71' lang='grc' dir='ltr'>ὕσκας.</span> <span class='ocrx_word' id='word_1_759' title='bbox 1304 5747 1907 5828; x_wconf 35' lang='grc' dir='ltr'>ξεῄὺεὶξειυινηπαρέκκο</span> 
     </span>
    </p>
   </div>
   <div class='ocr_carea' id='block_1_113' title="bbox 330 5816 1915 5893">
    <p class='ocr_par' dir='ltr' id='par_1_113' title="bbox 330 5816 1915 5893">
     <span class='ocr_line' id='line_1_114' title="bbox 330 5816 1915 5893; baseline -0.008 -13"><span class='ocrx_word' id='word_1_760' title='bbox 330 5816 609 5893; x_wconf 76' lang='grc' dir='ltr'>ϐολα,’καὶ</span> <span class='ocrx_word' id='word_1_761' title='bbox 629 5816 849 5887; x_wconf 74' lang='grc' dir='ltr'>ίσακας.</span> <span class='ocrx_word' id='word_1_762' title='bbox 882 5816 1274 5880; x_wconf 79' lang='lat' dir='ltr'><strong>Constantinus</strong></span> <span class='ocrx_word' id='word_1_763' title='bbox 1307 5824 1359 5893; x_wconf 85' lang='lat' dir='ltr'><strong>in</strong></span> <span class='ocrx_word' id='word_1_764' title='bbox 1389 5820 1611 5893; x_wconf 80' lang='lat' dir='ltr'><strong>Tactici_s</strong></span> <span class='ocrx_word' id='word_1_765' title='bbox 1640 5834 1657 5871; x_wconf 93' lang='lat'><em>:</em></span> <span class='ocrx_word' id='word_1_766' title='bbox 1690 5816 1915 5893; x_wconf 59' lang='grc' dir='ltr'>Σερενδορ</span> 
     </span>
    </p>
   </div>
   <div class='ocr_carea' id='block_1_114' title="bbox 329 5886 1910 5970">
    <p class='ocr_par' dir='ltr' id='par_1_114' title="bbox 329 5886 1910 5970">
     <span class='ocr_line' id='line_1_115' title="bbox 329 5886 1910 5970; baseline -0.009 -19"><span class='ocrx_word' id='word_1_767' title='bbox 329 5886 482 5954; x_wconf 59' lang='grc' dir='ltr'>σύλα</span> <span class='ocrx_word' id='word_1_768' title='bbox 520 5897 754 5970; x_wconf 83' lang='grc' dir='ltr'>μεγάλα,</span> <span class='ocrx_word' id='word_1_769' title='bbox 806 5886 1137 5966; x_wconf 79' lang='grc' dir='ltr'>πνρὲκϐολα,</span> <span class='ocrx_word' id='word_1_770' title='bbox 1188 5893 1281 5947; x_wconf 72' lang='grc' dir='ltr'><strong>καὶ</strong></span> <span class='ocrx_word' id='word_1_771' title='bbox 1336 5892 1519 5945; x_wconf 74' lang='grc' dir='ltr'>ϋσκαι.</span> <span class='ocrx_word' id='word_1_772' title='bbox 1571 5886 1687 5942; x_wconf 73' lang='lat' dir='ltr'><strong>Iam</strong></span> <span class='ocrx_word' id='word_1_773' title='bbox 1749 5886 1910 5952; x_wconf 77' lang='grc' dir='ltr'>ῢσκα,</span> 
     </span>
    </p>
   </div>
   <div class='ocr_carea' id='block_1_115' title="bbox 2022 5497 3606 5593">
    <p class='ocr_par' dir='ltr' id='par_1_115' title="bbox 2022 5497 3606 5593">
     <span class='ocr_line' id='line_1_116' title="bbox 2022 5497 3606 5593; baseline -0.023 -4"><span class='ocrx_word' id='word_1_774' title='bbox 2022 5543 2105 5588; x_wconf 88' lang='lat' dir='ltr'><strong>est</strong></span> <span class='ocrx_word' id='word_1_775' title='bbox 2134 5532 2329 5593; x_wconf 53' lang='lat' dir='ltr'><strong>fomes,</strong></span> <span class='ocrx_word' id='word_1_776' title='bbox 2352 5519 2725 5593; x_wconf 62' lang='lat' dir='ltr'><strong>ignitabulum.</strong></span> <span class='ocrx_word' id='word_1_777' title='bbox 2764 5513 2963 5570; x_wconf 79' lang='lat' dir='ltr'><strong>Suidas</strong></span> <span class='ocrx_word' id='word_1_778' title='bbox 2992 5530 3006 5566; x_wconf 89' lang='lat'><strong>:</strong></span> <span class='ocrx_word' id='word_1_779' title='bbox 3040 5509 3205 5575; x_wconf 83' lang='grc' dir='ltr'>ὓσκα,</span> <span class='ocrx_word' id='word_1_780' title='bbox 3237 5497 3606 5577; x_wconf 64' lang='grc' dir='ltr'>ὀςράριον,καὶ</span> 
     </span>
    </p>
   </div>
   <div class='ocr_carea' id='block_1_116' title="bbox 2023 5588 3501 5670">
    <p class='ocr_par' dir='ltr' id='par_1_116' title="bbox 2023 5588 3501 5670">
     <span class='ocr_line' id='line_1_117' title="bbox 2023 5588 3501 5670; baseline 0.006 -9"><span class='ocrx_word' id='word_1_781' title='bbox 2023 5588 2826 5670; x_wconf 66' lang='grc' dir='ltr'><strong>ξύλὸνὲνῷδιτξῖεταιῖεδρο..</strong></span> <span class='ocrx_word' id='word_1_782' title='bbox 2927 5652 2983 5670; x_wconf 67' lang='grc' dir='ltr'><strong>,η</strong></span> <span class='ocrx_word' id='word_1_783' title='bbox 3072 5650 3085 5662; x_wconf 94' lang='grc'><strong>.</strong></span> <span class='ocrx_word' id='word_1_784' title='bbox 3343 5661 3369 5670; x_wconf 88' lang='grc'><strong>-</strong></span> 
     </span>
    </p>
   </div>
   <div class='ocr_carea' id='block_1_117' title="bbox 2094 5642 3602 5743">
    <p class='ocr_par' dir='ltr' id='par_1_117' title="bbox 2094 5642 3602 5743">
     <span class='ocr_line' id='line_1_118' title="bbox 2094 5642 3602 5743; baseline -0.011 16"><span class='ocrx_word' id='word_1_785' title='bbox 2094 5642 2564 5743; x_wconf 59' lang='grc' dir='ltr'><strong>ῐέέ)“ἒέίπςέλίασ</strong></span> <span class='ocrx_word' id='word_1_786' title='bbox 2626 5658 2681 5712; x_wconf 78' lang='grc' dir='ltr'><strong>ιιι</strong></span> <span class='ocrx_word' id='word_1_787' title='bbox 2704 5642 3086 5743; x_wconf 55' lang='grc' dir='ltr'><strong>δοαίετεέἓθὲ</strong></span> <span class='ocrx_word' id='word_1_788' title='bbox 3112 5642 3602 5743; x_wconf 58' lang='grc' dir='ltr'><strong>,ηιὶιξεέξξιτρειέξξξεξ</strong></span> 
     </span>
    </p>
   </div>
   <div class='ocr_carea' id='block_1_118' title="bbox 2022 5713 3599 5809">
    <p class='ocr_par' dir='ltr' id='par_1_118' title="bbox 2022 5713 3599 5809">
     <span class='ocr_line' id='line_1_119' title="bbox 2022 5713 3599 5809; baseline -0.02 -13"><span class='ocrx_word' id='word_1_789' title='bbox 2022 5713 2353 5809; x_wconf 46' lang='grc' dir='ltr'>σοξγλῗαλῖ</span> <span class='ocrx_word' id='word_1_790' title='bbox 2371 5713 2472 5789; x_wconf 73' lang='lat' dir='ltr'><strong>sic</strong></span> <span class='ocrx_word' id='word_1_791' title='bbox 2490 5713 2704 5800; x_wconf 79' lang='lat' dir='ltr'><strong>semper</strong></span> <span class='ocrx_word' id='word_1_792' title='bbox 2738 5725 3001 5783; x_wconf 90' lang='lat' dir='ltr'><strong>scribitur</strong></span> <span class='ocrx_word' id='word_1_793' title='bbox 3035 5723 3088 5777; x_wconf 90' lang='lat' dir='ltr'><strong>in</strong></span> <span class='ocrx_word' id='word_1_794' title='bbox 3111 5717 3327 5775; x_wconf 81' lang='lat' dir='ltr'><strong>Glossis</strong></span> <span class='ocrx_word' id='word_1_795' title='bbox 3376 5713 3599 5771; x_wconf 67' lang='lat' dir='ltr'><strong>Graeco-</strong></span> 
     </span>
    </p>
   </div>
   <div class='ocr_carea' id='block_1_119' title="bbox 2019 5810 2294 5871">
    <p class='ocr_par' dir='ltr' id='par_1_119' title="bbox 2019 5810 2294 5871">
     <span class='ocr_line' id='line_1_120' title="bbox 2019 5810 2294 5871; baseline -0.029 -1"><span class='ocrx_word' id='word_1_796' title='bbox 2019 5810 2294 5871; x_wconf 85' lang='lat' dir='ltr'><strong>barbaris.</strong></span> 
     </span>
    </p>
   </div>
  </div>
