4022 6432
446 390 555 459 719

1680 394 1956 455 LEONIS
1991 394 2455 455 PHILOSOPHI

3588 402 3693 463 7‘20

518 504 574 561 5.
616 501 859 559 Flamula
913 515 1130 568 magna,
1164 507 1218 555 et
1250 499 1470 554 llamula
1504 515 1668 570 parva
1714 503 2013 565 hastarum,

2192 500 2254 557 ε’.
2303 502 2589 571 Φλάμουλα
2637 501 2869 570 μεγάλα,
2912 500 3312 572 φλαμουλίσκια
3348 504 3457 557 τῶν
3497 523 3693 562 κοντα-

446 595 624 652 banda
670 592 820 647 varie
864 592 1052 653 tincta,
1089 592 1285 646 cucina
1332 606 1519 661 parva,
1567 590 1736 646 falces
1766 606 2016 660 magnas,

448 700 666 741 secures
689 725 702 747 ,
750 683 983 753 phalcia,
1020 682 1304 752 bipennes,
1331 684 1532 747 ascias,
1559 683 1793 739 tribulas
1828 682 2018 739 fasciis

446 775 767 845 quibusdam
799 773 1072 839 astrictas,
1106 790 1227 842 quae
1254 773 1425 830 clavis
1450 774 1778 843 quibusdam
1815 788 2017 844 appen-

446 869 662 921 dautur.
1205 930 1208 932 γ

511 957 565 1012 6.
598 957 799 1013 Carros
831 958 995 1025 leves,
1028 969 1194 1029 alque
1247 960 1333 1029 ad,
1371 975 1589 1014 omnem
1640 961 2014 1015 necessarium

442 1064 605 1102 usum
665 1058 719 1103 et
772 1059 1137 1105 commeatum
1167 1032 1471 1121 expeditos,
1502 1051 1568 1105 ad
1600 1053 1783 1106 omnia
1823 1068 2017 1122 nempe

442 1155 631 1208 opera.
667 1140 732 1194 ad
766 1142 939 1195 molas
967 1145 1305 1207 manuarias,
1359 1144 1573 1211 prionia
1614 1158 1832 1214 orygas,
1878 1145 2017 1198 mal-

439 1229 576 1295 leos,
614 1233 850 1301 ptyaria,
885 1233 1174 1299 caphinos,
1207 1234 1408 1299 cilicia,
1434 1244 1487 1287 et
1520 1234 1565 1287 si
1612 1234 1741 1303 quid
1772 1234 1917 1289 aliud
1946 1234 2012 1289 ad

440 1320 632 1376 fossati
663 1337 757 1377 seu
801 1332 1109 1378 castrorum
1151 1336 1430 1379 externam
1474 1326 1803 1391 custodiam,
1850 1334 1903 1379 et
1949 1327 2014 1380 ad

440 1412 709 1466 ambitum
740 1415 1179 1469 conservandum
1210 1416 1391 1469 leviori
1422 1416 1603 1484 aliqua
1632 1415 1855 1470 materia
1884 1430 2015 1469 con-

440 1502 642 1557 fectum
673 1518 703 1558 a
733 1503 869 1559 duce
895 1506 1193 1576 excogitari
1222 1515 1419 1575 potest.

517 1595 567 1647 7.
598 1594 749 1648 Alios
779 1611 977 1651 currus
1022 1597 1283 1652 habentes
1316 1598 1648 1665 sagittarios,
1691 1598 2012 1668 manganiea

440 1684 670 1739 alacatia
712 1688 969 1756 utrinque
997 1703 1283 1752 conversa,
1317 1689 1625 1743 balistarios
1646 1690 1850 1759 peritos
1872 1703 2012 1759 quos

438 1775 787 1843 maganarios
834 1777 1143 1845 appellant,
1197 1780 1516 1843 caelatores,
1560 1778 1744 1833 fabros
1789 1778 2012 1833 aerarios

438 1881 562 1921 cum
599 1867 828 1924 officinis
854 1870 968 1924 suis
998 1886 1012 1935 ;
1042 1870 1178 1925 alios
1208 1885 1403 1924 currus
1442 1872 1766 1925 armamenti
1798 1872 2011 1940 plenos,

436 1958 575 2012 alios
600 1973 795 2014 currus
819 1970 1183 2014 commeatum
1215 1960 1471 2023 ferentes,
1502 1970 1555 2015 et
1579 1961 1719 2016 alios
1754 1970 2013 2030 praeterea

435 2049 743 2117 snperlluos
767 2065 965 2104 currus
992 2059 1124 2120 quot
1151 2040 1288 2121 opus
1318 2061 1402 2106 est
1432 2069 1447 2116 ;
1475 2052 1720 2121 jumenta
1753 2066 2012 2121 praeterea

436 2138 730 2206 sagmaria,
771 2137 824 2192 id
872 2146 974 2200 est.
1013 2140 1330 2204 sarcinaria,
1376 2148 1429 2194 et
1461 2156 1632 2209 equos
1662 2142 1968 2211 sagmarios
1994 2181 2009 2205 ,

434 2238 491 2282 et
543 2230 644 2283 alia
673 2230 1037 2286 instrumenta
1091 2233 1158 2287 iis
1194 2232 1417 2294 similia,
1467 2248 1588 2302 qua:
1626 2232 1915 2298 fossatum,
1960 2234 2012 2288 id

436 2326 521 2373 est
550 2328 755 2385 castra,
787 2322 854 2375 ad
898 2338 1057 2378 usum
1104 2338 1265 2377 suum
1297 2324 1548 2389 requirit.

507 2497 561 2551 8.
618 2499 701 2552 Ad
762 2499 1076 2555 obsidiones
1145 2502 1469 2571 manganica
1542 2503 1759 2559 diversa
1811 2505 2013 2560 habere

438 2598 674 2658 oportet,
694 2599 748 2644 et
768 2592 944 2646 scalas
969 2592 1175 2661 ligneas
1193 2602 1521 2658 contractas,
1546 2605 1599 2649 et
1616 2596 1749 2651 alias
1770 2600 2013 2666 permul-

435 2688 521 2735 tas
552 2682 986 2738 machinationes
1008 2700 1360 2755 quascunque
1386 2689 1695 2755 excogitare
1722 2690 1921 2757 possis.

505 2770 559 2823 9.
593 2772 673 2826 Ad
706 2771 900 2828 ﬂuvios
943 2784 999 2827 et
1037 2774 1187 2829 lacus
1230 2776 1529 2838 naviculas,
1570 2777 1621 2829 id
1663 2786 1764 2841 est,
1801 2778 2012 2848 navigia

432 2877 621 2931 parva,
654 2863 738 2916 vel
780 2879 845 2917 ex
878 2865 1042 2919 coriis
1072 2865 1342 2932 confecta,
1372 2867 1458 2921 vel
1510 2877 1721 2922 naturae
1779 2868 1828 2923 vi
1876 2885 2014 2937 qua-

349 3022 355 3027 _
435 2955 559 3007 dam
585 2952 866 3009 fabricata.
894 2953 1238 3025 Excogitabis
1263 2957 1424 3011 etiam
1448 2973 1511 3011 ac
1541 2959 1871 3027 praeparabis
1893 2968 2011 3015 ten-

435 3054 519 3100 tas
553 3055 605 3100 et
635 3047 859 3116 ategias,
888 3047 938 3100 id
960 3058 1063 3111 est,
1090 3050 1456 3117 integumenta
1494 3066 1619 3104 cum
1643 3066 1745 3105 suo
1766 3052 2008 3121 ipsorum

435 3145 724 3203 apparatu,
753 3137 949 3205 quibus
986 3138 1289 3205 pluviarum
1323 3149 1377 3193 et
1408 3150 1639 3195 aestuum
1677 3142 1783 3195 vim
1832 3144 2010 3212 possis
2036 3159 2079 3217 ς,

435 3225 725 3294 depellere.

511 3316 597 3370 lO.
633 3316 728 3372 Rei
764 3319 973 3374 navalis
1003 3322 1319 3390 praefectura
1354 3331 1567 3391 oportet
1600 3339 1764 3379 naves
1792 3339 2006 3393 parare,

432 3405 629 3472 partim
666 3406 990 3474 bellatrices,
1016 3410 1211 3478 partim
1251 3425 1519 3481 equorum
1542 3413 1831 3479 vectrices,
1883 3430 2010 3481 par-

434 3495 531 3549 tim
570 3499 921 3563 sarciuarias,
956 3502 1021 3555 ad
1056 3503 1240 3555 omnia
1274 3518 1426 3558 arma
1462 3503 1651 3561 bellica
1687 3516 1741 3561 et
1792 3522 2009 3563 ornncm

433 3598 751 3657 apparatum
783 3592 1064 3645 nauticum
1106 3594 1430 3648 vehendum.

506 3768 595 3823 ﬂ.
621 3768 757 3823 Cum
793 3770 881 3825 hic
904 3779 1198 3840 apparatus
1221 3773 1422 3840 omnis,
1446 3775 1542 3843 qui
1569 3777 1823 3844 superius
1852 3791 1883 3830 a
1924 3793 2010 3832 me

432 3870 771 3915 memoratus
802 3871 905 3927 est,
943 3864 1136 3932 partim
1174 3866 1271 3920 abs
1302 3874 1354 3919 te
1384 3866 1525 3935 ipso,
1559 3868 1757 3937 partim
1792 3869 1863 3924 ab
1885 3870 2009 3925 aliis

431 3951 538 4006 sub
571 3960 664 4007 tuo
694 3952 977 4008 dominatu
1020 3955 1293 4023 praefectis
1346 3959 1724 4027 suppeditatus
1787 3968 1842 4014 et
1883 3959 2007 4015 suf-

430 4042 607 4098 fectus
648 4044 740 4109 sit,
785 4059 937 4100 arma
991 4048 1188 4116 partim
1242 4048 1308 4101 ad
1362 4051 1758 4119 propulsandos
1802 4051 2007 4117 hostes,

428 4134 627 4203 partim
645 4136 711 4190 ad
734 4137 1105 4205 proeliantium
1129 4140 1365 4193 militum
1387 4140 1782 4203 defensionem,
1811 4142 2008 4209 partim

430 4225 665 4279 aliarum
708 4240 890 4281 rerum
922 4243 1082 4283 usum
1122 4238 1286 4298 atque
1326 4232 1737 4300 occupationem
1765 4233 2006 4300 paranda

430 4326 580 4371 sunt.

502 4408 593 4464 12.
624 4407 859 4465 Maxime
902 4423 1080 4467 autem
1114 4428 1393 4469 armorum
1438 4413 1766 4469 bellicorum
1816 4429 2005 4470 curam

2124 595 2275 663 ρίων,
2306 593 2478 663 βάνδα
2509 592 2782 662 διαφόρως
2816 591 3153 661 βεϐαμμένα,
3188 593 3414 660 γούκινα
3458 596 3569 665 (55)
3600 616 3691 667 μι-

2119 686 2228 757 κρά
2270 685 2364 738 καὶ
2404 684 2638 754 μεγάλα,
2668 685 2933 753 δρέπανα,
2976 684 3182 750 ἀξίνας,
3224 685 3500 753 φαλκίδια,
3536 692 3693 743 πελέ-

2119 796 2234 843 κια,
2274 778 2576 844 σκέπαρνα,
2606 776 2885 847 τριϐόλους
2934 777 3326 848 ἀναδεδεμένοις
3358 780 3691 854 σφηκώμασε

2116 869 2417 939 δεδεμένοις
2449 871 2529 931 εἰς
2564 868 2727 938 ἥλους
2750 868 3010 931 τελείους.

2192 958 2266 1024 ς’.
2317 959 2561 1030 Ἀμάξας
2635 959 2912 1021 εὐσταλεῖς
2970 958 3244 1028 φερούσας
3306 964 3540 1033 ἑτοίμως
3591 967 3692 1035 τὴν

2118 1052 2423 1119 ἀναγκαίαν
2449 1052 2525 1112 είς
2548 1050 2737 1120 χρείαν
2759 1050 3090 1119 ἀποσκευὴν,
3119 1045 3229 1104 οἷον
3252 1053 3321 1106 τά
3341 1072 3399 1106 τε
3428 1058 3691 1127 είρημένα

2116 1142 2282 1213 ἔργα’
2318 1143 2412 1195 καὶ
2443 1141 2761 1212 χειρόμυλα,
2797 1143 2893 1194 καὶ⁸
2922 1144 3158 1212 πριόνια,
3216 1144 3312 1197 καὶ
3346 1146 3563 1216 όρύγια,
3595 1152 3693 1202 καὶ

2118 1234 2354 1303 σφύρας,
2391 1233 2651 1302 πτυάρια.
2686 1231 2963 1298 κοφίνους,
2995 1232 3225 1296 κιλίκια,
3256 1235 3350 1287 καὶ
3381 1236 3435 1287 εί
3461 1254 3512 1288 τι
3561 1238 3693 1291 ἄλλο

2116 1325 2253 1394 πρὸς
2303 1323 2573 1391 φοσσάτου
2617 1319 2815 1384 ἔξωθεν
2844 1320 3089 1390 φυλακὴν
3130 1322 3221 1373 καὶ
3254 1323 3545 1395 περιϐολὴν
3571 1328 3693 1378 ἐπιο

2115 1415 2277 1484 νοηοῇ
2313 1413 2389 1483 τῷ
2427 1410 2717 1481 στρατηγῷ
2750 1410 2817 1463 δι’
2850 1411 3214 1481 ἐλαφροτέρας
3256 1412 3387 1482 ὕλης
3436 1432 3689 1486 μεμηχα-

2115 1506 2365 1577 νημένον.

2185 1596 2251 1659 ζ’·
2292 1596 2518 1667 Ἐτέρας
2542 1595 2758 1665 ἀμάξας
2788 1594 3018 1665 ἐχούσας
3045 1593 3516 1667 τοξοϐαλλίστρας,
3550 1616 3690 1668 μαγ-

2113 1690 2315 1757 γανικά
2340 1689 2611 1743 ἀλακάτια
2640 1687 2985 1757 ἑκατέρωθεν
3010 1690 3375 1759 στρεφόμενα,
3398 1691 3690 1759 βαλλιστα..

2118 1782 2266 1851 ρίους
2309 1780 2605 1849 ἐμπείρους
2658 1781 2777 1847 ἦτοι
2825 1780 3252 1849 μαγγαναρίους,
3300 1781 3689 1852 λεπτουργοὺς,

2116 1872 2337 1941 χαλκεῖς
2366 1871 2503 1940 μετά
2529 1870 2636 1922 τῶν
2658 1869 2955 1939 ἐργαλείων
2989 1870 3167 1922 αὐτῶν
3187 1912 3201 1936 ,
3242 1873 3436 1939 ἐτέρας
3475 1873 3694 1941 ἀμάξας

2115 1963 2274 2031 λόγου
2322 1962 2697 2032 ἀρμαμέντου,
2763 1962 2957 2031 ἐτέρας
3002 1963 3219 2031 ἀμάξας
3274 1965 3372 2028 τάς
3420 1966 3691 2035 φερούσας

2114 2052 2443 2121 διαστροφάς
2473 2051 2607 2120 (54).
2642 2048 2754 2102 Καὶ
2784 2049 2853 2101 τὰ
2883 2052 2947 2102 ἐκ
2983 2050 3243 2119 περισσοῦ
3274 2052 3495 2121 ἅρματα
3526 2055 3626 2106 ὅσα
3658 2056 3690 2123 ἡ

2112 2144 2273 2214 χρεία
2308 2143 2481 2208 καλεῖ,
2523 2143 2618 2196 καὶ
2666 2141 2781 2194 ἔστι
2815 2140 3103 2208 ὑποζύγια,
3135 2142 3229 2194 καὶ
3251 2143 3447 2206 ἵππους
3475 2149 3697 2214 σαγμά-

2117 2252 2251 2304 ρια,
2308 2235 2676 2302 σκευοφόρια,
2738 2233 2830 2285 καὶ
2886 2232 3027 2285 αὐτὰ
3089 2232 3147 2285 δέ
3199 2233 3270 2285 τὰ
3330 2233 3465 2287 ἄλλα
3512 2238 3693 2288 πάντα

2114 2326 2342 2395 ὄργανα,
2375 2326 2476 2379 ὅσα
2506 2329 2539 2396 ή
2587 2325 2843 2395 συνήθεια
2874 2324 2969 2379 τοῦ
3010 2326 3278 2394 φοσσάτου
3323 2329 3695 2398 παρακελεύε-

2113 2435 2225 2469 ται.

2185 2508 2254 2577 η’.
2294 2509 2436 2578 Πρὸς
2486 2508 2541 2560 δέ
2590 2506 2907 2576 πολιορκίας
2951 2505 3047 2559 καὶ
3081 2508 3395 2576 μαγγανικὰ
3432 2509 3691 2578 διάφορα,

2113 2600 2207 2654 καὶ
2243 2600 2450 2661 σκάλας
2481 2598 2695 2663 ξυλίνας
2724 2596 3172 2667 συστελλόμενας,
3202 2600 3296 2653 καὶ
3322 2599 3485 2670 ἕτερα
3514 2618 3695 2672 μηχα.

2113 2693 2241 2745 νικά
2268 2692 2477 2761 ὄργανα
2507 2692 2832 2760 ἐπινοήσεις.

2187 2781 2249 2835 θ’.
2294 2783 2355 2835 Εἰ
2391 2781 2449 2834 δὲ
2479 2781 2612 2852 πρὸς
2649 2782 2927 2850 ποταμοὺς
2958 2780 2991 2850 ἢ
3035 2777 3251 2850 λίμνας,
3283 2781 3379 2833 καὶ
3409 2780 3691 2848 ναυκέλια,

2112 2874 2279 2943 ήγουν
2309 2872 2470 2924 πλοῖα
2500 2870 2694 2942 μικρὰ,
2724 2870 2757 2939 ἢ
2785 2871 2893 2924 ἀπὸ
2928 2870 3142 2940 βυρσῶν
3174 2871 3689 2941 κατασκευασμένα,

2112 2965 2145 3034 ἦ
2174 2963 2319 3017 κατὰ
2344 2963 2526 3031 φύσιν.
2555 2962 2867 3032 Φροντίσεις
2902 2961 2959 3013 δὲ
3002 2962 3099 3014 καὶ
3127 2962 3437 3032 ἐτοιμάσεις
3465 2964 3559 3015 καὶ
3589 2962 3691 3026 τὰς

2111 3054 2410 3124 λεγομένας
2450 3052 2639 3116 τένδας
2675 3053 2770 3106 καὶ
2813 3051 3066 3117 ἁτεγείας
3100 3051 3243 3122 (55),
3280 3052 3418 3122 μετά
3450 3054 3549 3123 τῆς
3586 3055 3691 3108 αύ-

2112 3146 2219 3197 τῶν
2250 3143 2597 3207 ἐξοπλίσεως,
2617 3146 2674 3196 ἐν
2704 3137 2792 3205 αἷς
2822 3144 2917 3196 καὶ
2946 3142 3116 3196 ὑετῶν
3133 3142 3227 3197 καὶ
3252 3144 3569 3214 καυμάτων,
3598 3147 3693 3199 ὅτε

2117 3236 2299 3304 χρεία,
2332 3234 2473 3298 ἕξεις
2506 3233 2841 3303 ἐλευθερίαν.

2184 3325 2235 3379 ι’.
2278 3327 2401 3387 Τοῖς
2444 3325 2501 3378 δὲ
2540 3318 2839 3393 ναυμάχοις
2868 3329 3194 3397 στρατηγοῖς
3221 3327 3319 3380 καὶ
3350 3327 3484 3391 ναῦς
3513 3344 3693 3398 παρα-

2112 3413 2402 3477 σκευάζειν
2440 3413 2871 3483 ἐξωπλισμένας,
2903 3416 3003 3478 τὰς
3038 3416 3135 3484 μὲν
3172 3417 3464 3487 μαχίμους,
3500 3418 3598 3481 τὰς
3632 3418 3693 3471 δὲ

2116 3503 2493 3570 ἱππαγωγοὺς,
2530 3502 2628 3564 τὰς
2665 3502 2723 3553 δέ
2758 3503 3143 3574 σκευοφόρους,
3189 3505 3305 3574 ἅμα
3339 3508 3403 3577 τῇ
3431 3507 3561 3578 περὶ
3589 3507 3691 3560 αὐ-

2112 3596 2211 3658 τὸς
2233 3594 2420 3666 ἁπάσῃ
2450 3593 2700 3663 χρειώδει
2717 3594 2989 3663 πανοπλίᾳ
3015 3596 3108 3648 καὶ
3132 3595 3408 3667 ἀποσκευῇ
3442 3614 3696 3666 παρακεο

2112 3686 2400 3755 λευόμεοα.

2187 3771 2275 3825 ια’.
2317 3774 2438 3825 Τῶν
2461 3773 2516 3825 δέ
2539 3773 3013 3845 ἀπαριθμημένων
3045 3792 3126 3830 σοι
3156 3778 3521 3847 παρασκευῶν
3552 3779 3695 3833 ἀνω-

2112 3863 2257 3932 τέρω
2284 3864 2390 3915 τῶν
2417 3864 2509 3916 καὶ
2537 3863 2864 3933 ὀφειλουσῶν
2892 3865 3055 3918 τινῶν
3087 3866 3186 3935 μὲν
3216 3868 3366 3937 παρὰ
3390 3868 3507 3934 σοῦ,
3529 3870 3695 3922 τινῶν

2111 3957 2168 4010 δὲ
2198 3956 2349 4026 παρά
2373 3956 2481 4008 τῶν
2506 3955 2611 4009 ὑπὸ
2641 3957 2701 4008 σέ
2733 3957 3011 4027 ἀρχόντων
3034 3958 3126 4010 καὶ
3157 3960 3506 4029 στρατιωτῶν
3538 3963 3693 4033 πορί-

2114 4045 2320 4111 ζεσθαι,
2376 4045 2444 4098 τὰ
2488 4045 2589 4115 μὲν
2640 4046 2781 4098 ὅπλα
2830 4045 2973 4111 ἕξεις
3011 4048 3089 4106 είς
3127 4046 3342 4116 ἄμυναν
3391 4049 3497 4102 τῶν
3532 4052 3694 4103 πολε-

2116 4136 2273 4205 μίων,
2329 4136 2398 4188 τὰ
2437 4135 2495 4187 δέ
2548 4136 2627 4199 εἰς
2687 4135 2932 4205 φυλακὴν
2978 4136 3086 4190 τῶν
3131 4138 3454 4208 μαχομένων
3522 4158 3692 4210 στραο

2111 4225 2347 4289 τιωτῶν,
2395 4225 2465 4278 τὰ
2506 4225 2562 4279 δὲ
2617 4228 2695 4290 είς
2749 4227 2849 4297 τὴν
2902 4226 3067 4296 ἄλλην
3129 4229 3318 4298 χρείαν
3357 4229 3540 4285 αὐτῶν
3597 4235 3694 4286 καὶ⁸

2114 4315 2447 4384 ὑπηρεσίαν.

2188 4404 2274 4475 ιβ’.
2317 4406 2426 4459 Καὶ
2458 4406 2691 4475 μάλιστα
2721 4406 2831 4459 τῶν
2874 4405 3184 4477 πολεμικῶν
3214 4408 3396 4462 ὃπλων
3421 4410 3693 4483 ἐπιμελή-

430 4512 606 4566 geres,
639 4506 699 4553 ut
738 4501 1017 4569 splendida
1064 4513 1117 4557 et
1158 4512 1315 4558 acuta
1347 4503 1411 4557 ad
1457 4504 1641 4559 hostes
1682 4505 2007 4573 perterrefa-

2119 4518 2208 4573 σῃ,
2240 4501 2314 4564 ὡς
2344 4500 2411 4553 ἂν
2436 4501 2909 4569 διαφυλάττωνται
2945 4502 3181 4554 πάντοτε
3210 4502 3438 4574 λαμπρά
3470 4506 3563 4557 καὶ
3601 4523 3692 4557 τε·

430 4588 659 4645 ciendos
690 4606 1110 4648 conserventur.
1156 4595 1283 4650 Haac
1311 4595 1494 4649 omnia
1538 4596 1829 4667 diligenter
1868 4614 2009 4668 prae-

428 4681 671 4748 parabis,
707 4694 764 4738 ut
807 4683 861 4737 in
898 4695 1153 4754 promptu
1182 4700 1306 4740 esse
1342 4686 1556 4755 possint
1594 4689 1659 4739 ad
1694 4703 1853 4742 usum
1884 4687 2009 4742 belli

428 4771 519 4837 iis,
565 4773 665 4842 qui
700 4789 759 4828 se
813 4790 914 4844 pro
945 4777 1146 4831 virtute
1179 4788 1396 4830 armant
1428 4786 1621 4830 contra
1667 4780 1851 4833 hostes
1895 4797 1910 4845 ;
1956 4794 2010 4834 et

428 4877 770 4933 nequaquam
796 4866 926 4921 illud
952 4876 1188 4936 tempus,
1209 4867 1263 4921 in
1290 4883 1403 4936 quo
1426 4868 1573 4922 acies
1598 4869 1793 4923 instrui
1827 4871 2008 4932 debet,

428 4963 645 5023 tempus
696 4959 1176 5026 praeparandorum
1232 4974 1511 5013 armorum
1549 4958 1738 5015 facias.
1793 4959 1917 5015 llaec
1956 4972 2011 5016 et

428 5045 474 5098 si
502 5060 609 5114 qua
650 5047 755 5101 alia
782 5063 811 5103 a
836 5050 991 5104 nobis
1020 5058 1244 5118 propter
1281 5050 1610 5105 oblivionem
1644 5051 2007 5119 praetermissa

428 5147 579 5204 sunt,
624 5140 936 5195 necessario
967 5140 1135 5195 debes
1180 5156 1487 5210 praeparare
1516 5158 1532 5206 ;
1567 5142 1613 5196 si
1647 5158 1773 5196 vero
1802 5143 2009 5212 aliquid

426 5231 742 5301 excogitare
792 5232 1002 5301 possis,
1055 5230 1167 5286 Deo
1206 5233 1395 5301 gratiae
1428 5233 1651 5303 agenda:
1687 5241 1741 5287 et
1772 5234 2010 5288 solertiae

429 5330 537 5376 tuae
562 5330 711 5376 sunt.

506 5413 598 5471 15.
642 5416 784 5470 Ante
824 5416 1011 5471 omnia
1050 5428 1236 5471 autem
1282 5416 1375 5471 Dei
1411 5416 1685 5483 timorem,
1723 5416 2001 5487 ingenium

2113 4593 2365 4662 ταγμένα
2397 4592 2534 4662 πρὸς
2586 4590 2928 4661 κατάπληξιν
2983 4592 3090 4644 τῶν
3144 4592 3439 4663 πολεμίων.
3504 4594 3693 4650 Ταῦτα

2113 4688 2291 4740 πάντα
2348 4685 2831 4755 προευτρεπίσεις,
2888 4686 2976 4738 ἵνα
3024 4686 3083 4738 ἐν
3140 4686 3340 4757 ἑτοίμῳ
3386 4682 3519 4740 ὦσιν
3580 4691 3695 4752 τοῖς

2113 4778 2251 4845 ὑπὲρ
2297 4775 2499 4845 ἀρετῆς
2540 4777 2727 4844 χεῖρας
2766 4775 3045 4838 ὁπλίζουσι
3081 4776 3223 4829 κατὰ
3269 4776 3377 4829 τῶν
3418 4779 3694 4846 πολεμίων

2114 4868 2205 4920 καὶ
2232 4866 2306 4935 μὴ
2338 4865 2427 4918 τὸν
2459 4864 2820 4934 παρατάξεως
2867 4866 3054 4936 καιρὸν
3098 4867 3456 4937 παρασκευῆς
3500 4870 3693 4937 καιρὸν

2112 4956 2400 5026 ἀναγκάζῃ
2453 4955 2745 5008 ποιεῖσθαι.
2807 4955 2993 5008 Ταῦτα
3048 4955 3105 5007 δὲ
3176 4957 3272 5009 καὶ
3346 4958 3505 5023 ἄλλα,
3589 4960 3694 5011 ὅσα

2112 5051 2245 5118 ἡμῖν
2298 5048 2731 5118 παραλέλειπται
2781 5047 2870 5100 διὰ
2920 5048 3112 5118 λήθην,
3148 5050 3207 5114 ἐξ
3251 5050 3497 5118 ἀνάγκης
3538 5049 3689 5117 ὀφεί-

2112 5140 2225 5202 λεις
2296 5139 2754 5208 παρασκευάζειν.
2828 5139 2891 5190 El
2947 5138 3005 5190 δέ
3062 5155 3115 5191 τι
3170 5138 3333 5191 πλέον
3383 5141 3463 5201 είς
3511 5137 3692 5191 ὅπλων

2112 5231 2466 5303 παρασκευὴν
2503 5232 2831 5301 ἐπινοήσεις,
2878 5229 2957 5301 τῷ
3002 5230 3120 5300 Θεῷ
3166 5231 3325 5300 χάρις
3376 5232 3471 5284 καὶ
3522 5233 3590 5300 τῇ
3623 5233 3690 5299 σῇ

2112 5325 2386 5395 ἀγχινοίᾳ.

2186 5416 2275 5485 ιγ’.
2306 5417 2418 5488 Πρὸ
2453 5414 2510 5468 δέ
2541 5415 2760 5469 πάντων
2800 5414 2891 5467 καὶ
2920 5415 3057 5485 μετά
3086 5416 3303 5469 πάντων
3335 5415 3498 5484 φόϐον
3528 5413 3691 5478 Θεοῦ,

1966 5529 2197 5586 NOTAE.

505 5620 616 5689 (55)
638 5622 922 5675 ιὀὐκινα.
972 5621 1110 5679 Male
1139 5624 1193 5677 in
1215 5623 1381 5695 Chcci
1414 5623 1601 5695 codice
1629 5624 1877 5694 κούνινα,
1898 5626 1988 5695 qui

436 5689 610 5763 etiam
636 5706 745 5743 non
778 5694 1022 5763 agnoscit
1052 5695 1175 5763 ista,
1216 5694 1310 5763 καὶ
1346 5694 1576 5763 μεγάλα.

511 5754 620 5823 (54)
644 5754 1028 5827 Διαστξοοθςὰς.
1064 5754 1254 5819 Scribe
1279 5754 1587 5830 διάτροφάςη

2170 5624 2281 5703 (55)
2334 5622 2749 5703 Καὶᾴτεγείᾳς.
2777 5619 3067 5703 Pe'rperam
3092 5628 3223 5699 erat.
3263 5621 3314 5673 in
3337 5618 3528 5703 codice
3584 5618 3690 5703 Pa:

2112 5686 2431 5818 Ιίιζιριιήηκαὶ
2457 5686 2760 5760 ἁτελγείας.
2818 5686 2953 5747 Vide
2981 5686 3324 5745 Glossarium
3381 5687 3693 5747 doctissimi

2180 5778 2263 5829 iga
2290 5773 2368 5819 tu.
