4022 6446
360 396 462 465 721
1425 400 1760 463 TACTICA.
1790 425 1860 435 —
1884 397 2023 458 eos
2035 386 2389 464 STITUTIO
2416 402 2516 464 vr.
3304 362 3313 365 ’
3521 404 3627 469 722

364 512 457 564 καὶ
493 508 733 565 διάνοιαν
756 509 958 579 ὀξεῖαν,
984 510 1080 564 καὶ
1110 509 1407 565 σπουδαίαν
1435 509 1661 581 γνώμην
1695 512 1754 562 ἐν
1780 509 1942 561 παντὶ

2045 510 2243 574 celere,
2276 520 2509 565 mentem
2534 512 2818 566 honestam
2854 514 2907 568 in
2939 514 3089 569 omni
3120 523 3383 586 tempore,
3409 525 3461 571 et
3505 520 3624 572 loco

362 604 506 675 ἔχειν
562 602 765 673 καιρῷ,
816 602 914 656 καὶ
968 603 1139 672 τόπῳ,
1193 604 1285 656 καὶ
1334 603 1640 674 πράγματι,
1676 602 1943 673 καὶπρὸς

2046 612 2100 656 et
2124 603 2176 655 in
2201 603 2350 656 omni
2378 619 2435 657 re
2461 603 2681 671 habeas,
2707 614 2761 660 et
2790 606 2857 660 ad
2887 607 3074 661 omnia
3108 607 3342 678 teipsum
3375 620 3623 679 paratum

362 694 581 749 ᾶπαντα
608 695 828 763 ἕτοιμον
855 689 993 748 εἶναι
1020 695 1533 766 παρακελευόμεθα.

979 711 993 747 ι
1020 695 1533 766 παρακελευόμεθα.
2046 710 2170 750 esse
2197 696 2566 763 praecipimus.

439 786 522 841 ιδ’.
570 788 705 859 Περὶ
735 787 835 858 μὲν
868 783 963 841 οὖν
1002 790 1101 858 τῆς
1136 789 1245 841 τῶν
1273 789 1451 842 ὅπλων
1482 790 1856 859 παρασκευῆς,
1899 781 1945 840 ὦ

2116 783 2202 837 14.
2225 782 2300 837 De
2315 798 2590 838 armorum
2611 785 2777 856 igitur
2797 796 3081 856 apparatu,
3104 798 3366 858 quantum
3393 790 3500 844 huc
3531 807 3623 844 us-

366 879 655 949 στρατηγὲ,
696 879 927 933 καθόσον
970 882 1104 949 ἡμῖν
1131 880 1286 941 τέως·
1311 882 1708 953 ἐχορήγησενή
1756 881 1944 950 μνήμη

2047 889 2155 941 que
2205 884 2386 929 nostra
2417 878 2655 946 suppetit
2695 879 2981 944 memoria,
3024 887 3129 933 tua-
3155 880 3404 949 dignitati
3450 883 3623 949 expli-

364 969 679 1039 ὑπεθέμεθα
712 972 776 1040 τῇ
814 972 880 1041 σῇ
912 970 1236 1041 ἐνδοξότητι.
1283 972 1440 1042 Ἑξῆς
1468 972 1524 1025 δὲ
1558 973 1686 1043 περὶ
1725 971 1825 1042 μὲν
1848 988 1946 1024 πε-

2048 967 2283 1022 cnimus.
2334 966 2408 1022 De
2457 969 2693 1037 pedestri
2741 979 2920 1024 autem
2969 980 3023 1025 ct
3064 971 3222 1025 misla
3270 971 3386 1025 acie
3435 982 3621 1042 postea

364 1061 525 1129 ζικῆς
571 1062 664 1113 καὶ
696 1062 1007 1131 συμμίκτου
1042 1059 1247 1126 τάξεως
1283 1062 1512 1133 ὕστερον
1544 1062 1797 1132 ἐροῦμεν.
1831 1061 1946 1113 Νῦν

2048 1060 2314 1116 dicemus.
2336 1061 2418 1116 Nu
2433 1079 2499 1118 ne
2520 1079 2652 1118 vero
2682 1065 3144 1134 quemadmodum
3172 1081 3619 1134 unumquemque

363 1152 420 1205 δὲ
484 1153 633 1215 ὅπως
693 1151 937 1216 ὁπλίσεις
1001 1156 1094 1206 τὸν
1161 1152 1392 1206 ἕκαστον
1448 1152 1615 1223 ἄνδρα
1669 1152 1946 1207 κασαλλά-

2049 1154 2339 1222 separatim
2392 1154 2566 1208 virum
2602 1166 2910 1225 equestrem
2958 1157 3011 1210 in
3044 1156 3549 1223 exercitationibus,
3571 1166 3624 1211 et

368 1262 482 1314 ριον
533 1244 646 1313 (56)
710 1243 1050 1315 στρατιώτην
1090 1245 1147 1299 ἕν
1186 1262 1246 1299 τε
1280 1248 1400 1309 ταῖς
1447 1246 1794 1315 γυμνασίαις,
1854 1246 1948 1299 καὶ

2049 1244 2277 1298 omnino
2312 1245 2366 1299 in
2400 1246 2521 1316 ipso
2553 1247 2680 1301 belli
2710 1257 2975 1318 tempore,
3007 1260 3061 1305 et
3091 1250 3275 1320 qualia
3313 1250 3623 1305 necessario

362 1335 425 1387 τὸ
488 1335 695 1388 τέλειον
758 1335 817 1387 ἐν
874 1334 1054 1405 καιρῷ
1105 1336 1366 1406 πολέμου,
1436 1336 1530 1388 καὶ
1596 1337 1757 1390 ὁποῖα
1804 1336 1949 1389 κατὰ

1853 1336 1949 1389 κτὰ
2050 1341 2231 1388 tecum
2260 1334 2328 1389 ad
2360 1335 2563 1391 bellum
2589 1345 2873 1407 asportare
2918 1348 3152 1408 oportet,
3183 1340 3441 1396 dicemus.

361 1427 427 1480 τὸ
478 1427 779 1494 ἀναγκαῖον
814 1427 897 1480 δεῖ
930 1427 1117 1498 φέρειν
1153 1416 1617 1499 παρασκευάσεις,
1654 1428 1753 1499 ἤδη
1788 1427 1948 1499 ἐροῦ-

368 1535 489 1587 μεν.

934 1609 1251 1663 ΔιΑΤΑΞιΣ
1284 1613 1376 1678 (τ’.

2537 1622 3006 1680 CONSTITUTIO
3046 1625 3133 1681 Vl.

515 1699 655 1767 Περὶ
685 1700 992 1754 ὀπλίσεων
1024 1702 1442 1769 καϐαλλαρίων
1472 1702 1570 1756 καὶ
1605 1700 1820 1767 πεζῶν.

1806 1740 1820 1756 ο
2250 1713 2324 1770 De
2345 1724 2625 1768 armatura
2650 1718 2964 1785 equestrium
2991 1726 3040 1771 et
3060 1717 3394 1786 pedestrium.

435 1789 503 1845 α’.
544 1794 635 1843 Δεῖ
668 1792 848 1844 τοίνυν
867 1794 1191 1864 ὁπλισθῆναι
1215 1796 1342 1857 τοὺς
1364 1794 1700 1865 στρατιώτας
1725 1793 1815 1846 διὰ
1838 1793 1945 1848 τῶν
1979 1847 2021 1901 ὓ

2124 1805 2175 1860 1.
2218 1805 2446 1874 Oportet
2493 1805 2655 1876 igitur
2690 1807 2892 1860 armari
2933 1807 3132 1861 milites
3171 1822 3201 1861 a
3237 1808 3352 1863 suis
3384 1808 3623 1877 ipsorum

363 1883 510 1936 ἰδίων
554 1885 733 1937 αὐτῶν
762 1886 1059 1955 ἀρχόντων,
1095 1887 1190 1939 καὶ
1224 1886 1290 1939 τὰ
1330 1887 1612 1957 ἐπιτήδεια
1656 1885 1736 1955 τῷ
1767 1885 1943 1956 καιρῷ

2050 1894 2339 1964 praefectis,
2371 1904 2426 1949 et
2452 1910 2573 1964 quae.
2600 1895 2790 1949 idonea
2824 1904 2972 1961 sunt,
2999 1907 3053 1951 et
3082 1897 3151 1952 ad
3181 1914 3337 1953 usum
3381 1909 3625 1953 castren-

361 1976 476 2026 εἴτε
533 1975 686 2046 παρὰ
730 1976 1033 2045 χειμαδίου,
1089 1977 1199 2029 εἴτε
1246 1978 1542 2046 φοσσάτου,
1598 1978 1948 2047 παρασκευά-

2048 2003 2161 2043 sem
2206 1987 2641 2052 accommodata,
2684 1987 2799 2042 sive
2836 1988 3100 2053 hibernis,
3152 1991 3264 2045 sive
3293 1991 3497 2062 :estivis
3534 2008 3629 2061 pa-

362 2064 557 2129 ζεσθαι
595 2066 665 2121 τὰ
698 2068 835 2138 πρὸς
875 2068 1180 2135 ἀναγκαίας
1211 2068 1400 2138 χρείας
1422 2069 1521 2138 τῆς
1564 2068 1942 2137 ἐκστρατείας,

2048 2080 2178 2145 rari,
2208 2089 2266 2133 ut
2305 2078 2681 2147 unusquisque
2716 2090 2828 2132 tum
2862 2080 3148 2147 praefectus
3173 2090 3285 2133 tum
3323 2080 3500 2146 miles,
3531 2097 3628 2150 pro

362 2158 462 2211 καὶ
502 2160 644 2229 ἔχειν
682 2160 929 2221 ἅπαντας
966 2160 1245 2229 ἀναλόγως
1282 2162 1547 2232 ἄρχοντάς
1578 2178 1639 2213 τε
1665 2161 1759 2214 καὶ
1784 2162 1949 2231 ἀρχο-

2047 2170 2248 2223 virtute
2291 2184 2356 2222 ac
2391 2169 2611 2223 dotibus
2651 2169 2766 2223 suis
2805 2184 2961 2238 aequa
2995 2170 3348 2238 pr0portione
3372 2171 3627 2235 habeant,

363 2252 561 2322 μένους
596 2252 732 2322 πρὸς
760 2251 860 2322 τὴν
901 2253 1135 2306 ἑκάστου
1174 2254 1438 2322 ποιότητά
1466 2270 1525 2306 τε
1566 2254 1660 2307 καὶ
1692 2252 1944 2324 δύναμιν,

2049 2260 2397 2329 potissimum
2442 2268 2621 2312 autem
2654 2258 2894 2327 praefecti
2925 2274 2954 2312 a
2998 2262 3312 2313 tnrmarcha
3361 2260 3630 2327 incipien—

358 2344 461 2397 καὶ
498 2343 733 2413 μάλιστα
760 2345 887 2407 τοὺς
914 2343 1185 2414 ἄρχοντας
1223 2346 1402 2398 αὐτῶν
1426 2345 1534 2398 ἀπό
1572 2363 1632 2398 τε
1666 2346 1946 2415 τουρμάρ-

2050 2360 2131 2405 tes
2169 2367 2339 2420 usque
2388 2351 2453 2404 ad
2486 2351 2863 2405 centurionem
2898 2360 2951 2404 et
2991 2360 3342 2418 quartanum.
3374 2350 3452 2404 Tu
3500 2368 3630 2404 vero

357 2452 481 2505 χου,
514 2434 608 2487 καὶ
654 2434 817 2504 μέχρι
850 2435 1150 2505 κεντάρχου
1186 2436 1281 2489 καὶ
1317 2437 1644 2506 τετράρχου,
1674 2437 1769 2489 καὶ
1805 2436 1945 2489 κατὰ

2051 2444 2105 2497 in
2137 2443 2350 2511 primis,
2378 2449 2542 2511 atque
2571 2442 2732 2495 etiam
2762 2442 2930 2509 copia:
2970 2450 3230 2511 praeterea
3262 2451 3390 2506 tum,
3421 2442 3630 2513 aliquid

358 2526 642 2596 ἐξαίρετον
679 2528 929 2591 σεαυτὸν,
962 2527 1059 2580 καὶ
1093 2528 1192 2596 τὴν
1225 2527 1330 2580 ὑπὸ
1362 2528 1422 2581 σὲ
1446 2529 1789 2598 προέλευσιν.

1446 2529 1789 2598 προέλευσιν.
2052 2534 2298 2588 habeatis
2333 2549 2442 2603 prae
2474 2534 2688 2587 caeteris
2726 2533 3014 2586 eximium.

436 2614 503 2686 β’.
548 2618 733 2685 Ἕχειν
754 2616 808 2668 δὲ
832 2616 1028 2678 αὐτοὺς
1058 2616 1139 2669 δεῖ
1157 2616 1249 2670 τὸν
1277 2616 1508 2670 ἕκαστον
1537 2617 1707 2688 ἄνδρα
1735 2617 1948 2671 ὄπλισω

2120 2626 2175 2677 2.
2214 2624 2424 2679 llahere
2467 2632 2650 2677 autem
2685 2636 2779 2677 eos
2807 2632 3020 2691 oportet
3065 2622 3343 2692 sigillatim
3391 2632 3632 2676 armatu-

356 2708 638 2777 τοιαύτην·
668 2706 849 2768 Ζά6α;
881 2705 992 2777 (57)
1018 2708 1233 2771 τελείας
1254 2709 1416 2777 μέχρι
1446 2708 1539 2761 τοῦ
1571 2710 1944 2778 ἀστραγάλου,

2050 2727 2165 2765 ram
2215 2711 2374 2765 talem
2425 2729 2436 2764 :
2487 2710 2666 2766 Zahas
2708 2711 2973 2779 integras,
3015 2719 3070 2764 et
3124 2712 3326 2764 talares
3363 2710 3635 2765 revolutas

355 2798 780 2868 ἀνασυρομὲνας
821 2796 880 2849 δὲ
921 2797 1010 2850 διὰ
1048 2796 1262 2866 λωρίων
1306 2800 1401 2850 καὶ
1433 2798 1778 2867 κρικελλίων,
1811 2798 1943 2867 μετὰ

2050 2802 2245 2855 iterum
2286 2814 2381 2868 per
2402 2799 2518 2852 lora
2563 2798 2870 2852 etannulos
2920 2812 3044 2851 cum
3106 2797 3278 2851 thecis
3321 2795 3482 2861 suis;
3539 2798 3636 2849 ha-

356 2889 473 2941 τῶν
533 2888 814 2958 θηκαρίων
854 2887 1057 2942 αὐτῶν.
1098 2887 1285 2957 Ἔχειν
1333 2889 1389 2941 δὲ
1423 2889 1517 2941 καὶ
1550 2889 1811 2951 κασσίδας
1863 2905 1944 2940 σι-

2048 2891 2210 2945 beant
2230 2899 2283 2943 et
2309 2889 2551 2943 cassides
2575 2888 2784 2942 ferreas
2813 2886 3154 2955 splendidas,
3179 2902 3300 2957 quae
3321 2888 3547 2940 omnino
3580 2890 3632 2941 in

354 2979 530 3049 δηρᾶς
563 2978 826 3040 στιλπνὰς
867 2978 956 3032 διά
988 2978 1189 3041 παντὸς
1230 2977 1459 3048 ἐχούσας
1497 2978 1703 3032 ἄνωθεν
1741 2980 1820 3041 είς
1848 2978 1942 3041 τὰς

2049 2982 2250 3036 vertice
2275 2981 2511 3034 habeant
2541 2978 2726 3047 tuphia
2761 2977 3010 3047 qutedatn
3056 2992 3246 3046 parva.
3272 2977 3447 3031 Arcus
3470 2977 3631 3030 etiam

355 3070 608 3141 κορυφάς
647 3071 844 3139 τουφία
882 3071 1077 3141 μικρά.
1115 3070 1355 3140 Τοξάρια
1411 3069 1469 3123 δὲ
1520 3069 1749 3122 ἕκαστον
1807 3070 1943 3122 κατὰ

2050 3072 2388 3141 singulorum
2435 3069 2643 3123 viribus
2694 3068 2941 3131 idoneos,
3000 3082 3107 3120 non
3143 3082 3304 3135 snpra
3344 3066 3508 3132 vires,
3539 3066 3632 3121 sed

355 3160 461 3229 τὴν
492 3159 626 3213 ἰδίαν
659 3158 812 3230 ἰσχὺν
849 3159 945 3212 καὶ
977 3159 1075 3228 οὐχ
1109 3157 1250 3227 ὑπὲρ
1288 3156 1480 3224 αὐτὴν,
1519 3155 1719 3225 μᾶλλον
1757 3154 1814 3206 δὲ
1856 3154 1943 3206 καὶ

2054 3163 2236 3233 potius
2271 3160 2409 3215 intra
2446 3162 2590 3216 vires
2619 3161 2910 3223 utentium,
2930 3160 3207 3229 corytlms,
3236 3159 3286 3213 id
3315 3168 3418 3222 est,
3451 3160 3636 3213 thecas

358 3249 713 3320 ἁπαλώτερα,
738 3249 931 3319 ἔχοντα
958 3248 1197 3318 θηκάρια
1218 3248 1447 3311 πλατέα,
1473 3246 1560 3299 ἴνα
1585 3247 1643 3298 ἐν
1670 3244 1846 3316 καιρῷ
1864 3262 1946 3297 τε·

2053 3250 2334 3307 arcnarias
2383 3251 2642 3304 habentes
2684 3250 2844 3315 latas,
2891 3257 2951 3302 ut
2984 3256 3292 3317 opportune
3339 3264 3463 3301 cum
3504 3264 3640 3303 usus

356 3340 609 3409 ταγμένα
636 3339 749 3409 (58)
805 3341 1003 3409 χωρεῖν
1055 3338 1125 3391 τὰ
1172 3336 1400 3407 τοξάρια
1440 3338 1488 3389 εί
1544 3335 1769 3390 δυνατόν
1803 3337 1944 3389 ἐστιν

2050 3344 2155 3399 fert
2183 3344 2420 3397 educere
2445 3342 2728 3410 ecorythis
2753 3356 2915 3395 arcus
2946 3341 3178 3409 possint.
3207 3338 3449 3393 [labeant
3474 3340 3636 3394 etiam

357 3431 582 3495 αὐτοῖς,
632 3430 777 3501 ἔχειν
828 3430 885 3483 δὲ
930 3429 1025 3483 καὶ
1066 3429 1265 3500 χορδὰς
1310 3430 1375 3481 ὲκ
1420 3427 1683 3498 περισσοῦ
1733 3428 1789 3479 ἐν
1833 3428 1945 3487 τοῖς

2056 3434 2313 3498 chordas,
2347 3434 2461 3489 sive
2496 3444 2691 3487 nervos
2715 3432 2916 3485 multos
2950 3431 3003 3484 in
3033 3431 3248 3501 pungiis
3269 3430 3635 3485 suis.Cucura

356 3522 673 3591 πουγγίοις
704 3520 905 3575 αὐτῶν.
965 3520 1256 3588 Κοὺκουρα
1325 3518 1464 3589 μετὰ
1529 3517 1798 3586 σαγιττῶν
1856 3520 1944 3570 καὶ

2070 3530 2373 3599 sagittarum
2420 3526 2474 3579 in
2536 3534 2907 3591 tegumentum
2968 3525 3196 3587 idonea,
3260 3538 3376 3592 qua:
3424 3524 3658 3592 capiant.

358 3613 771 3684 σκεπασμάτων
796 3610 976 3665 αὐτῶν
1016 3611 1294 3682 ἐπιτήδεια
1329 3608 1612 3679 χωροῦντα
1666 3608 1773 3661 ἀπὸ
1796 3609 1946 3675 τριά-

2054 3614 2312 3683 triginta,
2367 3612 2448 3665 vel
2495 3611 2854 3682 quadraginta
2899 3613 3143 3680 sagittas.
3211 3608 3267 3663 In
3311 3612 3637 3675 toxozoniis,

357 3723 530 3761 κοντα
567 3706 601 3775 ἢ
632 3703 1044 3776 τεσσαράκοντα
1075 3701 1362 3770 σαγιττῶν.
1412 3702 1499 3755 Ἐν
1551 3700 1609 3753 δέ
1654 3702 1767 3762 τοῖς
1804 3700 1945 3763 rogo-

2054 3704 2106 3758 id
2136 3713 2242 3767 est,
2277 3704 2330 3757 in
2372 3703 2525 3757 zonis
2554 3702 2844 3766 arcuariis,
2879 3702 3057 3755 rhinia
3081 3710 3135 3756 et
3159 3702 3357 3772 zuglia.
3395 3702 3642 3756 Habeant

356 3797 576 3861 ζωνίοις
605 3796 716 3866 (59)
754 3794 899 3866 ρινία
928 3794 1022 3846 καὶ
1058 3792 1301 3846 σουϐλία.
1344 3790 1527 3862 Ἐχειν
1556 3791 1615 3843 δὲ
1642 3792 1735 3843 καὶ
1760 3790 1944 3844 κοντά-

2056 3806 2238 3850 autem
2308 3795 2581 3859 contaria,
2620 3794 2671 3847 id
2730 3803 2836 3858 est,
2868 3794 3057 3848 hastas
3112 3802 3392 3862 equestres
3424 3794 3638 3862 longas.

362 3906 461 3961 ρια
527 3887 926 3958 καὸαλλαρικὰ,
986 3884 1195 3956 μακρὰ,
1242 3884 1433 3953 ἔχοντα
1491 3882 1661 3952 λωρία
1707 3882 1849 3935 κατὰ
1892 3881 1950 3934 τὸ

2054 3886 2109 3940 in
2147 3885 2328 3939 medio
2373 3884 2640 3939 habentes
2703 3885 2819 3938 lora
2877 3885 3123 3951 quasdam
3183 3900 3306 3938 cum
3354 3882 3640 3949 liamulis;

362 3983 535 4053 μέσον
567 3979 706 4051 μετὰ
744 3977 1096 4048 φλαμούλων.
1143 3977 1329 4046 Ἔχειν
1362 3975 1419 4027 δέ
1459 3974 1556 4028 καὶ
1581 3972 1787 4026 σπαθία
1816 3973 1950 4026 ἀπο-

2056 3979 2291 4033 habeant
2311 3989 2565 4047 praztcrca
2592 3977 2818 4046 spathas
2839 3975 3088 4030 Romano
3110 3991 3264 4029 more
3295 3976 3363 4029 ab
3395 3975 3642 4029 humeris

358 4072 691 4142 κρεμάμενα
742 4068 852 4122 τῶν
895 4068 1060 4137 ὤμων
1109 4064 1289 4119 αὐτῶν
1355 4063 1497 4117 κατὰ
1558 4062 1658 4132 τὴν
1716 4062 1946 4131 Ῥωμαῖ-

2056 4069 2278 4125 illorum
2310 4070 2625 4138 pendentes,
2658 4076 2712 4123 et
2737 4066 3131 4137 parameria,id
3162 4077 3267 4132 est,
3294 4065 3512 4136 gladios
3538 4066 3639 4120 sibi

359 4165 471 4234 κήν
500 4164 675 4230 τάξιν,
703 4161 796 4215 καὶ
836 4160 1000 4230 ἕτερα
1030 4159 1381 4229 παραμήρια,
1421 4157 1541 4226 ἦτοι
1574 4154 1850 4226 μαχαίρας
1878 4153 1957 4207 δι·
2059 4163 2362 4218 accinctos,

358 4257 704 4327 εζωσμένας.

433 4355 505 4417 γ’.
544 4348 702 4402 Ὅσοι
723 4346 780 4400 δὲ
810 4344 884 4416 μὴ
912 4343 1087 4398 οἴδασι
1113 4340 1355 4408 τοξεύειν
1378 4339 1657 4409 νεώτεροι,
1680 4337 1957 4408 ἐχέτωσαν

2132 4337 2187 4394 5.
2248 4335 2574 4403 Quicunque
2626 4341 2809 4387 autem
2884 4330 3266 4385 adolescentes
3323 4330 3644 4397 sagittarum

360 4441 627 4511 κοντάρια
659 4439 799 4510 μετὰ
830 4433 1165 4506 σκουταρίων
1196 4430 1440 4485 τελείων.
1468 4431 1531 4484 El.
1558 4428 1611 4482 δὲ
1639 4428 1737 4482 καὶ
1773 4444 1948 4498 χειρο-

2057 4424 2433 4493 jaciendarum
2494 4422 2731 4491 imperiti
2775 4429 2922 4484 sunt,
2973 4419 3209 4473 habeant
3256 4420 3525 4483 contaria,
3591 4420 3645 4473 id

365 4508 573 4603 μάνικα
599 4508 815 4599 σιδηρᾶ.
852 4527 889 4582 ἃ,
926 4527 1142 4595 λέγεται
1175 4521 1517 4593 χειρόψελλα,
1551 4519 1696 4582 τινὲς
1716 4520 1953 4589 κτήσων-

2061 4525 2166 4581 est,
2201 4516 2387 4569 hastas
2430 4529 2553 4568 cum
2588 4513 2762 4568 scutis
2797 4512 3048 4581 integris.
3092 4508 3209 4564 Non
3240 4510 3433 4565 inutile
3463 4521 3643 4565 autem

360 4602 477 4690 ται,
504 4623 623 4677 λίαν
660 4622 950 4692 χρήσιμον.
977 4619 1163 4687 Ἔχειν
1187 4616 1243 4668 δὲ
1270 4614 1366 4668 καὶ
1401 4614 1574 4684 μικρά
1602 4610 1798 4681 τουφία
1820 4610 1948 4663 κατὰ

2061 4609 2189 4670 erit,
2216 4609 2263 4662 si
2296 4605 2692 4668 chiromanica,
2718 4612 2771 4658 et
2799 4602 3147 4672 chiropsella,
3180 4602 3230 4654 id
3265 4611 3369 4666 est,
3404 4602 3648 4656 manicas

362 4716 477 4769 τῶν
512 4713 627 4783 (60)
660 4710 1046 4765 ὀπισθελλίνων
1076 4708 1185 4762 τῶν
1211 4707 1414 4770 ἵππων,
1445 4703 1542 4757 καὶ
1563 4702 1848 4772 φλάμουλα
1874 4718 1950 4771 μι-

2060 4699 2266 4755 ferreas
2300 4699 2557 4753 habeant.
2606 4696 2855 4752 Habeant
2882 4696 3045 4750 etiam
3072 4704 3125 4749 et
3154 4709 3320 4763 parva
3369 4694 3555 4762 tnphia
3593 4694 3648 4747 in

364 4810 477 4881 κρά
511 4809 700 4863 ἐπάνω
729 4806 837 4860 τῶν
866 4804 1050 4869 ζαϐῶν
1094 4802 1236 4857 κατὰ
1268 4801 1375 4855 τῶν
1410 4801 1590 4869 νόμων
1619 4799 1753 4869 (61).
1797 4799 1952 4851 Ὅσον

2059 4790 2405 4862 cpisthelinis
2481 4804 2788 4857 equorum,
2841 4796 2897 4841 et
2969 4786 3186 4840 ﬂamula
3247 4799 3411 4853 parva
3483 4798 3647 4853 supra

364 4874 477 4973 γάρ
503 4903 651 4953 ἐστιν
681 4896 962 4967 εὖσχημος
992 4897 1049 4948 ἐν
1071 4897 1140 4965 τῇ
1175 4893 1385 4947 ὁπλίσει
1423 4890 1591 4945 αὑτοῦ
1624 4893 1652 4944 ὁ
1691 4888 1952 4960 στρατιώ-

2069 4884 2234 4939 zabas
2266 4882 2319 4936 in
2351 4881 2616 4935 humeris.
2647 4879 2864 4945 Quanto
2899 4877 3045 4932 enim
3073 4874 3353 4928 decentior
3382 4874 3435 4928 in
3467 4890 3649 4928 arma-

364 4966 488 5062 της,
527 4966 913 5044 τοσοῦτονκαὶ
954 4986 1103 5058 αὑτῷ
1136 4984 1417 5058 προθυμία
1448 4981 1827 5055 προσγίνεται,
1865 4980 1952 5034 καὶ

2068 4987 2193 5030 tura
2250 4989 2348 5029 sna
2404 4972 2560 5027 miles
2612 4978 2716 5035 est,
2773 4975 2925 5023 tanto
2957 4966 3133 5036 major
3178 4966 3254 5019 illi
3298 4966 3570 5033 alacritas,
3599 4976 3653 5021 et

366 5057 481 5147 τοῖς
505 5081 720 5154 ἐχθροῖς
744 5080 933 5136 δειλία.
1185 5057 1188 5058 ν

2070 5066 2323 5123 hostibus
2359 5062 2595 5119 formido
2620 5059 3001 5116 vehementior
3028 5057 3219 5113 aderit.

1918 5250 2151 5309 NOTAE.

444 5401 559 5471 (56)
584 5398 1027 5467 Καϐαλλάριον.
1065 5394 1204 5471 Haec
1238 5410 1359 5471 ⁵τοι
1392 5392 1625 5471 νοθεύει.
1666 5390 1826 5471 ΝίιῐῐιΔ
1852 5389 1963 5459 agit

1897 5389 1963 5458 ait
2143 5384 2256 5471 (iii)
2290 5378 2659 5471 Ξεῖιξτμέτξξο,
2686 5371 3395 5471 δεὲἓΡθξ.-

376 5436 821 5543 εεὲιῐέἲιῖἶῖἴιυιο
854 5436 1204 5543 ἓὲῖὶζῐηῖὲῖίἔ
1222 5436 1594 5543 (laureae-“atri.
1657 5436 1957 5543 ειηιιειιιέῗιξν
2067 5526 2091 5543 .
2129 5436 2253 5538 ,ἰείθὶ
2290 5436 2940 5543 Τοξεζῷξίοίςεὲἱξξιξξῑ
2984 5444 3159 5543 Ξξὲξὶ
3205 5436 3652 5543 ξῖὶὶὶθη.ἱὶδέὲὲἷ

662 5507 940 5611 Erit-astri.
970 5538 1033 5589 Et
1059 5539 1114 5591 in
1139 5507 1557 5611 Proqam'iotubi
1582 5507 1957 5611 huc-respicit:

2065 5507 2259 5587 fuisse],
2286 5525 2343 5611 iv
2366 5507 2423 5573 δὲ
2445 5507 2574 5604 τοῖς.
2601 5507 3178 5611 τοξοζειξνίοιςὲλιὶθειο.
3196 5508 3505 5611 ὲοςςὺοέυξ
3525 5507 3648 5611 τοξ-

377 5576 1396 5680 agitauit,“Shuvvzitéﬂopugaxopéyuiv
1420 5576 1836 5680 ’51:).taw..Erg5
1885 5576 1961 5653 le:

2102 5576 2263 5675 ἕῖδιὲέ
2289 5576 3177 5680 Cons!alii01'§_5}¥?3=E§F:2:&°‘
3196 5580 3252 5633 δὲ
3276 5576 3356 5641 έίς
3376 5577 3446 5636 τά
3474 5576 3652 5639 εωνάσ
3685 5594 3690 5600 ’

380 5653 615 5750 ἕεὶἶὶὶὶιῖῖι
643 5653 986 5750 ἑίιηὸιίεέιενρ
1009 5653 1243 5750 ἓξίᾶσέοὗ
1271 5674 1439 5750 ἐιδρα
1466 5653 1828 5750 venerim?-

1821 5709 1828 5722 .
2066 5653 2158 5738 ρὶα
2187 5653 2761 5750 τῷνπτοξαρίωὶθρινὲα
2782 5658 2876 5750 καὶ
2904 5653 3149 5750 Ξοιδὸλία.
3203 5722 3220 5750 Χ
3295 5721 3306 5735 ι
3384 5719 3409 5730 _

448 5686 615 5734 ndum
643 5686 986 5748 simpliciter,
1009 5686 1238 5730 ἕκαστον
1271 5686 1363 5728 ανδ
1406 5690 1439 5727 α
1466 5687 1732 5743 στρατιωτ
1778 5686 1828 5722 ν.

448 5750 560 5817 (57)
588 5748 803 5813 Ζάϐας.
846 5745 1233 5811 Scribebatur,
1279 5690 1498 5814 ζώὲαςξ,
1554 5742 1687 5799 Vide
1727 5686 1959 5810 Ziona-

2066 5686 2158 5738 ρια
2187 5686 2297 5716 των
2326 5686 2591 5736 τυςαριωζι
2616 5686 2761 5727 ρινιυ.
2784 5686 2876 5737 λιιι
2906 5686 3149 5707 υυυυηιυι.
3295 5721 3306 5735 '
3384 5719 3410 5730 ‘-

1886 5753 1959 5792 ιιι-
2285 5730 2453 5817 59m
2490 5746 2647 5817 βων.
2683 5722 3235 5817 (-‘Scrltbebaturpuua‘t‘
3250 5737 3320 5774 τα
3346 5736 3474 5787 των.

381 5796 517 5873 τὶὤη
541 5796 812 5877 nostrum.
893 5796 915 5806 ⁷
1220 5796 1233 5811 ⁷
1288 5796 1307 5809 ’
1727 5801 1737 5810 ’

1727 5801 1737 5810 ’
2137 5796 2248 5874 (61)
2285 5801 2412 5856 Τῶν
2434 5801 2649 5869 νόμων.
2683 5796 2897 5864 Scribe,
2931 5796 3038 5851 τῶν
3069 5796 3288 5862 ὤμων..
