4022 6480
351 402 449 469 I23

1585 389 1861 451 LEONIS
1898 384 2359 448 PHILOSOPI‘II

3512 372 3618 436 ’124

420 512 476 566 4.
510 509 565 565 Si
601 509 711 564 lieri
732 516 927 577 potest,
960 506 1194 560 habeant
1216 502 1474 566 clibania,
1499 517 1639 571 quos
1672 500 1923 554 thoraces
1952 544 1961 559 ι

2096 496 2158 550 δ’.
2184 496 2243 547 El
2311 491 2535 547 δυνατὸν
2571 491 2627 544 δέ
2663 488 2756 544 καὶ
2785 485 3039 560 θώρακας
3077 486 3242 577 ἔχειν,
3279 484 3473 577 οῖτινες
3515 503 3621 577 κα-

349 611 567 667 vocant,
608 570 813 670 eosque
866 570 1105 653 illustres
1162 610 1226 651 ac
1274 570 1632 665 splendidos;
1683 600 1739 646 et
1773 591 1929 644 ποδό-

2077 583 2249 637 >ῦνται
2269 580 2364 635 νῦν
2386 579 2661 641 κλιϐάνια,
2686 576 2782 630 καὶ
2809 576 2950 629 αὑτά
2976 571 3206 627 στιλπνὰ
3243 570 3338 623 καὶ
3372 570 3621 640 λαμπράο

349 695 541 767 ψελλα,
572 703 627 748 et
659 691 1076 761 πτερνιστῆρας,
1108 705 1228 759 quae
1258 704 1433 743 ocrea:
1465 687 1844 750 nominantur,
1876 692 1930 739 et

354 787 732 859 superloricas,
767 784 813 840 si
843 784 1065 855 quando
1095 797 1230 852 opus
1261 782 1401 848 illis,
1434 779 1686 836 induant.

425 963 479 1017 5.
505 961 707 1017 Omnes
738 970 921 1016 autem
940 940 1417 1015 adolescentiores
1450 957 1732 1013 Romanos
1760 972 1937 1029 usque

356 1057 422 1109 ad
489 1055 850 1125 quadraginta
926 1069 1195 1108 annorum
1273 1061 1528 1116 aetatem,
1618 1065 1935 1121 quanquam

357 1163 551 1218 parum
617 1147 701 1203 vel
756 1146 892 1202 nihil
944 1146 1122 1202 sciant
1163 1146 1486 1216 sagittarum
1532 1143 1937 1214 jaciendarum,

359 1257 542 1312 coges,
582 1257 767 1297 arcum
820 1250 875 1297 et
935 1242 1249 1311 pharetram
1308 1250 1522 1310 gestare
1568 1257 1583 1295 :
1648 1248 1939 1309 postquam

360 1331 504 1386 enim
524 1348 615 1387 ars
635 1332 917 1401 sagittaria
941 1340 1252 1399 contempta
1278 1338 1573 1400 spretaque
1602 1345 1727 1384 esse
1753 1328 1938 1399 caepit,

362 1423 647 1491 permulta:
683 1422 947 1475 Romanis
979 1421 1307 1476 olfensiones
1340 1422 1695 1475 accedebant.

436 1511 493 1569 6.
535 1511 750 1567 Habeas
779 1513 942 1566 etiam
971 1513 1155 1567 hastas
1198 1513 1358 1576 duas,
1392 1521 1451 1566 ut
1480 1514 1649 1565 altera
1686 1511 1944 1566 deiicien-

368 1613 444 1669 te,
507 1604 677 1658 ahera
722 1604 903 1659 statim
932 1603 1009 1657 uti
1047 1605 1246 1673 possis.
1303 1603 1736 1673 lmperitioribus
1782 1618 1944 1658 arcus

371 1692 759 1748 imbecilliores
785 1693 913 1747 dato
944 1711 958 1759 ;
989 1708 1302 1762 quanquam
1335 1694 1478 1747 enim
1515 1691 1946 1761 sagittasjacere

368 1782 641 1845 nesciunt,
667 1790 909 1851 tempore
941 1793 1123 1837 tamen
1167 1782 1379 1838 discere
1408 1784 1775 1848 conabuntur,
1799 1783 1944 1853 quod

369 1871 428 1928 in
457 1873 651 1941 primis
689 1873 1029 1929 conducibile
1060 1883 1163 1928 est.

439 1961 495 2016 7.
534 1964 589 2017 Si
619 1963 671 2017 id
712 1963 999 2017 commode
1050 1962 1165 2017 ﬁeri
1198 1972 1395 2029 potest.
1426 1963 1710 2030 rhictaria,
1748 1963 1799 2017 id
1840 1974 1946 2029 est,

366 2052 553 2124 jacula
580 2052 637 2108 in
670 2053 856 2109 hostes
884 2054 1201 2125 conjiciant.
1239 2053 1490 2124 Equitem
1518 2054 1681 2125 igitur
1712 2055 1779 2109 ad
1807 2055 1952 2110 hunc

373 2146 597 2201 modum
632 2148 895 2202 armabis.

445 2321 501 2379 8.
541 2322 677 2394 Equi
727 2334 949 2391 autem,
1002 2324 1095 2380 sed
1147 2324 1525 2394 praefectorum
1581 2325 1956 2394 potissimum,

375 2415 824 2486 reliquorumque
881 2419 1148 2471 lectorum
1198 2417 1465 2481 virorum,
1519 2418 1849 2486 pectoralia,
1905 2427 1959 2472 et

379 2500 631 2556 frontalia
651 2504 730 2555 vel
748 2504 944 2568 ferrea,
959 2503 1119 2556 velex
1143 2504 1421 2557 cenduclis
1438 2504 1580 2556 facta
1601 2505 1855 2567 habeant,
1875 2506 1960 2559 νυι

378 2606 503 2662 quae
532 2607 598 2645 ex
626 2592 807 2647 nervis
837 2592 1166 2653 eﬂiciuntur,
1199 2601 1254 2646 et
1289 2603 1543 2661 tegantur
1583 2605 1803 2662 pectora
1841 2595 1961 2649 illo-

382 2697 528 2749 rum,
548 2690 601 2735 et
621 2681 779 2743 colla,
804 2683 846 2736 si
866 2682 979 2735 ﬁeri
1006 2684 1198 2751 possit,
1214 2693 1266 2737 et
1283 2693 1498 2737 ventres
1519 2699 1612 2751 per
1630 2699 1793 2751 parva
1814 2700 1965 2753 quai-

382 2774 508 2828 dam
559 2785 1025 2843 apucremasmata
1055 2792 1269 2841 eorum,
1306 2793 1427 2843 quae
1472 2776 1659 2833 lelctra
1700 2780 1961 2834 sellarum

380 2864 673 2933 dicuntur;
730 2882 759 2919 a
812 2868 1024 2937 magnis
1091 2868 1235 2921 enim
1295 2886 1437 2939 saepe
1481 2871 1738 2938 periculis
1794 2888 1964 2942 equos

382 2956 639 3023 liberant,
685 2968 846 3029 alque
900 2960 1036 3013 adeo
1070 2960 1216 3031 ipsos
1248 2967 1485 3030 equites.
1519 2961 1643 3019 Haec
1676 2965 1727 3018 in
1773 2968 1965 3035 primis

384 3048 620 3105 habeant
652 3050 751 3114 illi,
783 3052 877 3119 qui
908 3061 1136 3109 caeteros
1174 3054 1227 3107 in
1262 3055 1405 3109 bello
1441 3065 1724 3111 anteeunt.

2033 675 2146 730 Καὶ
2169 672 2589 745 περικνημίδας,
2617 669 2775 724 ἅτινα
2795 668 3017 735 λέγεται
3046 664 3142 718 νῦν
3177 662 3491 729 ποδόψελλα,
3529 664 3627 716 καὶ

2036 767 2440 837 πτερνιστῆρας
2474 764 2680 817 ἐνίοτεο
2741 760 2887 832 ἐχειν
2944 758 3001 811 δὲ
3054 756 3151 812 κα⁹ι
3185 754 3491 825 ἐπιλώρικα
3535 754 3624 807 ὅτε

2035 856 2193 927 χρεία
2220 855 2611 922 ἐπενδυόμενα.

2107 956 2172 1003 ε’.
2194 949 2405 1011 Πάντας
2422 948 2479 1000 δέ
2494 947 2620 1007 τοὺς
2640 942 2942 1013 νεωτέρους
2967 936 3275 1006 Ῥωμαίους
3294 936 3421 1008 ἄχρι
3434 952 3630 989 τεσσα-

2040 1042 2277 1113 ράκοντα
2303 1040 2439 1093 ἐτῶν
2460 1033 2892 1106 ἀναγκάζεσθαι,
2913 1033 3021 1086 εἴτε
3043 1027 3239 1103 [κατὰ]
3269 1029 3425 1098 λόγον
3452 1028 3629 1082 οίδασι

2038 1133 2291 1197 τοξεῦσαι
2319 1133 2428 1185 εἴτε
2457 1131 2554 1184 καὶ
2585 1128 2845 1200 μετρίως,
2879 1125 2975 1179 τοῦ
3003 1126 3224 1185 πάντως
3252 1120 3631 1191 τοξοφάρετρα

2041 1230 2252 1298 φορεῖν.
2286 1228 2397 1296 Τῆς
2430 1226 2539 1295 γὰρ
2573 1220 2789 1287 τοξείας
2818 1217 3102 1281 παντελῶς
3133 1214 3503 1288 ἀμεληθείσης
3536 1212 3631 1266 καὶ

2041 1322 2414 1393 διαπεσούσης
2452 1322 2510 1373 ἐν
2540 1321 2654 1383 τοῖς
2689 1315 2980 1387 Ῥωμαίοις
3018 1313 3088 1367 τά
3133 1310 3304 1365 πολλὰ
3331 1308 3426 1363 νῦν
3471 1305 3632 1362 εἴωθε

2046 1418 2343 1489 σφάλματα
2372 1412 2641 1483 γίνεσθαι.

2118 1514 2191 1572 ς’.
2234 1506 2421 1574 Ἔχειν
2450 1503 2505 1554 δὲ
2538 1501 2634 1554 καὶ
2665 1497 2927 1568 κοντάρια
2970 1493 3085 1556 δύο,
3124 1492 3212 1545 ἵνα
3232 1489 3328 1544 τοῦ
3376 1489 3516 1555 ἐνὸς,
3556 1488 3632 1552 ὡς

2046 1601 2216 1665 εἰκὸς,
2253 1596 2613 1667 ἀστοχοῦντος
2669 1594 2767 1665 ἔχῃ
2799 1593 2860 1646 τὸ
2888 1591 3018 1645 ἄλλο
3047 1590 3126 1652 εἰς
3170 1590 3388 1659 χρῆσιν,
3417 1586 3543 1647 τοὺς
3575 1582 3635 1637 δὲ

2046 1691 2435 1762 άπειροτέρους
2458 1685 2785 1755 ἁπαλώτερα
2810 1684 2955 1754 ἐχειν
2984 1680 3231 1750 τοξάρια.
3256 1678 3375 1731 Κᾶν
3401 1675 3509 1746 γὰρ
3535 1673 3636 1726 οὐκ

2049 1784 2225 1837 οἴδασι
2249 1781 2516 1848 τοξεύειν,
2544 1776 2623 1849 τῷ
2650 1777 2827 1849 χρόνῳ
2849 1771 3229 1844 ἐπιτηδεύουσι
3262 1768 3476 1839 μαθεῖν,
3501 1766 3639 1833 ὅπερ

2051 1876 2158 1930 τῶν
2189 1873 2529 1943 ἀναγκαίων.

2126 1966 2192 2033 ζ’.
2221 1968 2282 2020 El
2323 1966 2379 2019 δέ
2414 1962 2639 2018 δυνατὸν
2674 1961 2770 2014 καὶ
2797 1958 3021 2012 ἀκόντια
3057 1956 3176 2027 ἦτοι
3209 1953 3463 2027 ρικτάρια
3495 1949 3644 2020 ἔχειν

2053 2058 2160 2122 ἕως
2184 2059 2296 2119 δύο,
2323 2056 2411 2109 ἵνα
2447 2056 2506 2108 ἐν
2535 2052 2716 2123 καιρῷ
2750 2051 2844 2103 καὶ
2887 2048 3148 2119 ἀκοντίσῃ
3181 2044 3324 2099 κατὰ
3358 2042 3454 2096 τοῦ
3486 2040 3645 2096 πολε.-

2059 2152 2207 2220 μίου.
2240 2150 2350 2203 Καὶ
2394 2148 2485 2201 τὸν
2532 2145 2630 2216 μὲν
2672 2145 2844 2197 ἱππέα
2890 2137 3229 2210 στρατιώτην
3275 2134 3449 2197 οὓτως
3495 2131 3647 2186 ὁπλί-

2057 2258 2193 2304 σεις.

2125 2330 2197 2403 η’.
2233 2330 2372 2392 Τοὺς
2396 2328 2454 2383 δὲ
2478 2328 2678 2389 ἵππους
2700 2326 2797 2381 καὶ
2832 2324 3067 2395 μάλιστα
3091 2322 3199 2375 τῶν
3230 2320 3529 2391 ἀρχόντων,
3553 2318 3650 2372 καὶ

2060 2423 2171 2476 τῶν
2199 2420 2401 2474 λοιπῶν
2444 2419 2772 2480 ἐπιλέκτων,
2808 2411 3169 2487 προμετώπια
3198 2412 3365 2483 ἐχειν,
3395 2410 3492 2463 καὶ
3519 2425 3649 2479 στηι

2062 2515 2247 2584 θάρια,
2290 2513 2324 2581 ἢ
2371 2510 2650 2580 σιδηρᾶ,ἢ
2697 2508 2805 2561 άπὸ
2856 2504 3213 2569 κενδούκλων,
3253 2496 3365 2556 οἷον
3400 2501 3646 2571 νευρικά.

2062 2603 2175 2657 Καὶ
2202 2600 2499 2655 σκέπεσθαι
2532 2599 2600 2653 τά
2631 2598 2801 2669 στήθη
2831 2596 3076 2659 καὶτοὺς
3115 2592 3416 2665 τραχήλους
3442 2592 3649 2653 αὐτῶν,

2063 2697 2112 2747 εί
2152 2694 2398 2755 δυνατὸν,
2432 2694 2528 2745 καὶ
2561 2690 2660 2755 τὰς
2703 2690 2911 2750 κοιλίας
2957 2688 3044 2741 διὰ
3087 2686 3300 2757 μικρῶν
3330 2686 3653 2755 ἀποκρεμα-

2067 2788 2288 2857 σμάτων
2320 2787 2425 2839 ἀπὸ
2454 2786 2561 2838 τῶν
2614 2783 2924 2854 λεγομένων
2957 2780 3271 2849 άφελέτρων
3299 2779 3399 2849 τῆς
3434 2778 3549 2831 σέλ)
3561 2795 3651 2841 ας.

2066 2881 2336 2947 Μεγάλων
2361 2879 2467 2949 γὰρ
2495 2876 2671 2930 ταῦτα
2703 2874 2967 2929 κινδύνων
2997 2872 3413 2935 πολλάκιςλτοὺς
3448 2870 3651 2932 ἵππους

2066 2972 2411 3037 διασώζουσι,
2433 2972 2527 3025 καὶ
2549 2970 2613 3024 δι’
2637 2968 2816 3023 αὐτῶν
2840 2968 2965 3029 τοὺς
2986 2966 3075 3019 ἐπ’
3095 2965 3275 3019 αὐτῶν
3297 2963 3648 3034 ὀχουμένους.

2069 3064 2254 3117 Ταῦτα
2281 3064 2335 3116 δὲ
2362 3064 2506 3132 ἔχειν
2539 3061 2634 3115 καὶ
2668 3060 2904 3131 μάλιστα
2933 3058 3058 3121 τοὺς
3084 3055 3558 3128 προτασσομένους
3594 3054 3654 3107 ἐν

2068 3158 2135 3225 τῇ
2170 3156 2344 3225 μάχῃ·

453 3224 509 3282 9.
562 3227 629 3281 Et
666 3228 813 3282 sella:
862 3228 1099 3284 habeant
1137 3231 1359 3300 episelia
1409 3233 1619 3288 hirsuta
1653 3242 1708 3287 et
1750 3249 1961 3305 magna.

2111 3224 2117 3225 ⁷
2142 3246 2207 3300 θ’.
2234 3224 2342 3299 Καὶ
2374 3247 2430 3299 αἱ
2466 3245 2651 3298 σέλλαι
2677 3242 2735 3295 δὲ
2767 3243 3039 3313 ἐχέτωσαν
3069 3239 3347 3293 ἐπισέλλια
3367 3237 3533 3290 δασέα
3560 3235 3659 3290 καὶ

385 3315 565 3375 Frena
594 3327 778 3374 autem
808 3321 1027 3375 illorum
1067 3322 1259 3377 idonea
1296 3325 1407 3378 sint
1430 3332 1484 3379 et
1515 3324 1699 3379 fortia.

461 3498 549 3553 10.
590 3498 669 3551 Ad
721 3500 882 3554 sellas
922 3499 1062 3557 duas
1093 3500 1299 3559 ferreas
1346 3505 1522 3559 scalas
1550 3514 1603 3559 et
1636 3506 1968 3571 lorosocum,

388 3597 447 3643 et
472 3589 733 3658 pedilum,
760 3603 815 3645 et
843 3592 1265 3664 sellopungium,
1301 3604 1361 3649 ut
1393 3612 1503 3665 quo
1535 3606 1778 3668 tempore
1802 3600 1971 3653 advo-

388 3691 547 3737 catur
582 3683 780 3752 aliquis
804 3684 1051 3739 sullicere
1081 3698 1357 3756 sumptum
1389 3690 1622 3743 duorum
1668 3700 1761 3744 aut
1805 3691 1969 3745 trium

390 3772 605 3828 dierum
647 3775 857 3844 possit;
904 3788 957 3830 et
989 3779 1173 3847 tupliia
1208 3780 1273 3834 ad
1317 3781 1673 3851 opistheliuas
1709 3793 1969 3853 quatuor,

392 3875 447 3919 et
476 3866 773 3931 verticalia,
811 3870 934 3939 equi
968 3873 1237 3941 tuphium,
1271 3882 1323 3929 et
1347 3875 1601 3931 similiter
1626 3876 1971 3949 ὑπογήνειον,

392 3956 449 4013 id
477 3966 582 4025 est,
611 3971 1002 4018 summentum.

463 4050 551 4104 11.
599 4050 835 4109 Omnino
878 4064 1058 4111 autem
1091 4059 1331 4127 equitem
1382 4059 1582 4115 habere
1627 4070 1842 4131 oportet
1876 4063 1969 4116 lzi-

393 4156 580 4197 curem
635 4145 968 4215 ancipitem,
1025 4163 1189 4202 unam
1254 4150 1427 4205 aciem
1488 4152 1665 4207 instar
1731 4152 1975 4223 cuspidis

393 4234 567 4289 hastae
599 4235 836 4305 longam,
866 4247 922 4293 et
954 4249 1167 4294 acutam
1198 4241 1252 4295 in
1284 4242 1420 4298 sella
1450 4257 1577 4297 cum
1604 4244 1759 4300 theca
1789 4245 1974 4301 coria-

394 4337 491 4379 σου
520 4325 870 4393 pendentem.

470 4414 559 4471 12.
582 4414 774 4473 Vestes
794 4419 1049 4485 militum,
1064 4420 1178 4475 sive
1199 4422 1310 4477 sint
1327 4421 1505 4487 linea),
1520 4423 1637 4479 sive
1653 4422 1847 4489 lanea,
1861 4424 1977 4481 sive

2076 3337 2303 3407 μεγάλα,
2333 3337 2428 3390 κα)⁵
2452 3336 2521 3389 τά
2542 3334 2834 3405 χαλινάρια
2868 3331 3049 3386 αὐτῶν
3079 3331 3360 3402 ἐπιτήδεια
3385 3328 3663 3392 ἔστωσαν,

2072 3431 2165 3484 καὶ
2196 3429 2415 3498 ἰσχυρά.

2143 3522 2197 3577 ι’.
2225 3525 2318 3587 Εἰς
2343 3524 2399 3577 δὲ
2428 3522 2526 3586 τὰς
2561 3522 2753 3585 σέλλας
2781 3520 2882 3583 τὰς
2915 3519 3009 3573 δύο
3046 3517 3275 3588 σιδηρᾶς
3302 3515 3528 3579 σκάλας,
3562 3515 3663 3570 καὶ

2072 3614 2383 3684 λωρόσακον
2408 3613 2543 3683 (62),
2572 3614 2666 3666 καὶ
2696 3612 2971 3676 πέδικλον,
3007 3611 3102 3664 καὶ¹
3150 3608 3576 3679 σελλοπούγγην,
3602 3611 3662 3661 ἐν

2071 3698 2115 3772 ᾧ
2142 3704 2318 3775 καιρῷ
2355 3705 2646 3766 καλοῦντος
2674 3704 2898 3757 δυνατόν
2928 3703 3063 3755 ἐστι’
3088 3701 3184 3755 καὶ⁹
3212 3701 3379 3772 τριῶν
3405 3702 3438 3772 ἦ
3464 3700 3663 3755 τεσσά-

2077 3815 2183 3866 ρων
2212 3796 2436 3865 ἡμερῶν
2462 3796 2709 3866 δαπάνην
2732 3795 3003 3865 χωρῆσαι.
3025 3794 3136 3846 Καὶ
3156 3792 3355 3861 τουφία
3384 3792 3439 3845 δὲ
3462 3793 3543 3854 εἰς
3563 3791 3663 3855 τὰς

2074 3886 2451 3950 ὀπισθελλίνας
2506 3888 2770 3956 τέσσαρα.
2810 3886 2919 3938 Καὶ
2969 3884 3285 3954 κορυφάδην
3336 3882 3432 3935 τοῦ
3489 3882 3672 3935 ἵππου.

2073 3980 2263 4045 τουφὶν
2290 3977 2425 4048 (65),
2458 3978 2551 4029 καὶ
2572 3976 2898 4046 ὑπογήνειον
2927 3974 3151 4044 ὁμοίως.

2152 4064 2245 4121 ια’.
2281 4066 2506 4127 Πάντως
2552 4064 2610 4117 δὲ
2656 4064 2802 4133 ἔχειν
2845 4062 2927 4115 δεῖ
2970 4062 3062 4114 τὸν
3106 4058 3468 4132 καὸαλλάριον
3500 4073 3671 4127 στρα-

2074 4156 2274 4225 τιώτην
2294 4156 2390 4209 καὶ
2410 4154 2686 4223 τζικοῦριν
2714 4152 2991 4221 δίστομον,
3014 4150 3075 4202 τὸ
3106 4149 3166 4203 ἓν
3195 4149 3371 4217 στόμα
3401 4146 3554 4212 τάξιν
3583 4146 3668 4211 ξί-

2076 4264 2210 4316 φους
2261 4246 2548 4314 κονταρίου
2596 4244 2804 4315 μακρὸν
2872 4243 2969 4295 καὶ
3021 4238 3157 4304 ὀξὺ,
3202 4239 3666 4310 άποκρεμάμενον

2080 4339 2220 4408 μετὰ
2241 4338 2504 4407 θηκαρίου
2526 4335 2852 4407 δερματίνου
2882 4335 2940 4387 ἐν
2961 4334 3027 4402 τῇ
3060 4330 3243 4401 σέλλᾳ.

2149 4429 2238 4499 ιβ’.
2271 4430 2351 4481 Τά
2379 4428 2433 4480 δὲ
2462 4427 2654 4496 ἱμάτια
2704 4425 2812 4476 τῶν
2860 4420 3231 4492 στρατιωτῶν,
3265 4418 3377 4473 εἴτε
3421 4418 3541 4471 λινᾶ
3584 4419 3671 4474 εί-

394 4520 463 4562 ex
502 4507 609 4562 alia
640 4510 888 4575 materia,
922 4510 1059 4565 latas
1092 4527 1216 4568 esse
1242 4522 1474 4582 oportet,
1510 4523 1569 4570 ut
1608 4516 1675 4570 ad
1718 4517 1961 4588 equitan-

2079 4519 2185 4583 σὶν,
2208 4519 2320 4571 εἴτε
2354 4518 2413 4584 ἐξ
2439 4518 2610 4585 ἐρίου,
2647 4516 2680 4585 ἢ
2715 4516 2909 4585 ἐτέρας
2946 4514 3102 4582 ὕλης,
3124 4512 3337 4565 πλατέα
3382 4512 3464 4563 δεῖ
3500 4502 3667 4572 εἶναι,

397 4599 526 4655 dum
556 4615 663 4657 non
717 4602 1100 4672 impediantur,
1152 4614 1205 4659 et
1265 4575 1961 4683 tegant'przeterea-gcnu:

2081 4575 2253 4664 ιναἰν
2282 4610 2360 4680 τῷ
2391 4575 2915 4676 καῦαλλικεύεινμὴ
2934 4575 3362 4675 ἐμποδίζωνται,
3411 4603 3544 4656 ἀλλά
3571 4603 3674 4656 και

396 4693 641 4761 illorum,
662 4707 717 4751 et
742 4695 915 4767 magis
940 4698 1121 4753 decori
1150 4699 1302 4755 ﬁant.

471 4870 562 4926 15.
600 4869 825 4941 Oportet
845 4887 978 4927 vero
1006 4874 1269 4930 centlucla
1293 4855 1495 4930 habere
1523 4873 1631 4930 lata
1661 4876 1980 4944 admodum,

399 4980 523 5034 quae
551 4963 787 5019 habeant
822 4966 983 5020 etiam
1016 4968 1251 5023 manicia
1287 4968 1418 5034 lata,
1453 4975 1516 5022 ut
1538 4983 1662 5024 cum
1691 4981 1981 5026 armantur

401 5057 502 5123 illi,
540 5064 595 5112 et
627 5066 841 5127 gestant
874 5060 1041 5115 zabas
1077 5068 1241 5131 atque
1278 5076 1463 5127 arcus,
1494 5061 1566 5125 si.
1620 5064 1981 5131 quemadmo-

401 5146 529 5201 dum
582 5162 726 5216 saepe
777 5149 859 5213 lit,
898 5149 1179 5219 contingat
1221 5150 1462 5220 pluviam
1499 5166 1644 5215 esse,
1666 5158 1761 5206 aut
1796 5166 1980 5207 aerem

403 5236 767 5292 bumidiorem
800 5276 816 5300 ,
865 5252 1087 5292 currum
1144 5254 1305 5294 suum
1367 5249 1714 5307 conservent,
1768 5248 1823 5296 et
1871 5256 1982 5296 non

406 5329 797 5399 impediantur,
855 5330 971 5385 sive
1001 5331 1273 5398 arcubus,
1312 5333 1427 5388 sive
1465 5334 1637 5389 scutis
1680 5333 1756 5387 uti
1795 5333 1983 5389 volue-

406 5420 537 5476 rint.
597 5421 739 5477 Sunt
770 5437 901 5476 vero
930 5423 1093 5477 etiam
1135 5424 1403 5479 cenducla
1436 5424 1491 5479 in
1512 5423 1985 5494 explorationibus

406 5520 464 5568 et
493 5512 689 5584 vigiliis
722 5514 1131 5584 pernecessaria
1169 5532 1186 5583 ;
1226 5530 1336 5571 non
1370 5524 1631 5587 apparent
1657 5515 1803 5572 enim
1838 5514 1987 5570 zabae

2083 4701 2395 4752 σκέπωνται
2419 4697 2487 4750 δι’
2511 4696 2691 4751 αὐτῶν
2710 4696 2779 4749 τὰ
2804 4695 3008 4763 γόνατα
3038 4694 3240 4758 αὐτῶν,
3266 4692 3360 4747 καὶ
3398 4690 3669 4763 εῦσχημοι

2084 4788 2405 4859 φαίνωνται.

2160 4877 2247 4946 ιγ’.
2280 4878 2401 4949 Χρὴ
2423 4876 2480 4929 δὲ
2502 4877 2596 4932 καὶ¹
2618 4874 2913 4930 κένδουκλα
2939 4872 3085 4943 ἔχειν
3111 4872 3320 4926 πλατέα
3350 4872 3490 4925 πάνυ
3514 4872 3671 4944 έχον-

2081 4987 2150 5023 τα
2178 4970 2404 5039 μανίκια
2427 4969 2655 5033 πλατέα,
2692 4967 2779 5020 ἵνα
2803 4967 2861 5019 ἐν
2883 4964 2962 5036 τῷ
2990 4964 3313 5035 ὁπλισθῆναι
3345 4964 3542 5027 αὐτοὺς
3574 4967 3672 5019 καὶ

2083 5063 2271 5132 φορεῖν
2299 5062 2397 5123 τὰς
2416 5058 2591 5123 ζώνας
2615 5059 2707 5113 καὶ
2727 5056 2797 5110 τά
2815 5055 3065 5126 τοξάρια,
3094 5055 3211 5121 ἐὰν,
3238 5053 3313 5118 ὡς
3334 5053 3501 5120 εἰκὸς,
3527 5070 3670 5124 συμ-

2084 5150 2153 5221 ϐῇ
2201 5149 2399 5220 βροχην
2446 5149 2724 5217 γενέσθαι,
2761 5146 2796 5216 ἢ
2826 5146 3126 5217 ὑγρότερον
3156 5145 3250 5198 τὸν
3288 5145 3429 5215 ἀέρα
3475 5142 3542 5197 ἐκ
3569 5144 3673 5212 τῆς

2083 5243 2302 5313 δρόσου,
2337 5240 2629 5312 φοροῦντες
2670 5238 2811 5294 αὐτὰ
2846 5237 3033 5291 ἐπάνω
3073 5237 3187 5288 τῶν
3217 5234 3398 5299 ζαόῶν
3436 5236 3531 5287 καὶ
3559 5235 3674 5287 τῶν

2085 5332 2351 5402 τοξαρίων
2376 5331 2689 5401 φυλάττωσι
2732 5329 2793 5382 τὸ
2831 5329 2986 5398 ᾇρμα
3014 5326 3217 5391 αὐτῶν,
3244 5326 3341 5378 καὶ
3367 5325 3469 5377 ούκ
3501 5324 3677 5394 ἐμπο-

2083 5423 2358 5491 δίζωνται,
2400 5425 2512 5478 εἴτε
2545 5425 2662 5487 τοῖς
2693 5419 2987 5490 τοξαρίοις,
3026 5420 3140 5472 εἴτε
3172 5419 3286 5480 τοῖς
3326 5416 3674 5485 σκουταρίοις

2096 5516 2276 5570 αὐτῶν
2307 5514 2610 5587 βουληθῶσι
2649 5511 2984 5586 χρήσασθαι.
3020 5510 3210 5565 Ἔστιν
3250 5508 3306 5563 δὲ
3352 5506 3447 5563 καὶ
3494 5507 3674 5573 ἄλλως

1917 5642 2154 5701 NOTAE.

484 5741 601 5813 (θῖ)
652 5748 1031 5813 Amazon
1063 5741 1285 5810 Scribe,
1322 5742 1659 5813 Λωρόσοκον,
1721 5739 1806 5798 vel
1857 5739 2217 5812 λωρόσοκκον.

494 5810 607 5879 (63)
649 5813 891 5878 Τουφίν.
914 5812 1292 5879 Scribebatur,
1322 5810 1537 5883 τουρόν.
