4022 6466
342 422 455 490 ’125

1402 424 1737 486 TAC'I‘ICA.
1778 449 1837 460 --·
1867 420 2371 485 CONSTITUTIO
2405 423 2505 484 VI.

3495 416 3604 481 726

338 550 458 597 πως
495 533 768 611 ἀναγκαῖα
802 532 871 587 τά
908 531 1203 602 κένδουκλα
1247 532 1306 585 ὲν
1334 534 1455 595 ταῖς
1484 531 1777 594 σκούλκαις
1812 531 1925 599 (64)

2050 532 2282 585 ιοειίιιιιε
2309 569 2325 594 ,
2376 529 2510 599 ipsis
2556 528 2836 584 cenduclis
2868 536 3045 583 tectae.
3108 526 3392 585 lic-sistunt
3440 530 3606 586 etiam

338 626 507 696 ἧγουν
559 626 679 688 ταῖς
721 623 955 695 βίγλαις.
1019 623 1095 677 Οὐ
1149 622 1520 691 διαφαίνονται
1573 622 1683 693 γὰρ
1743 622 1917 693 μήκο-

338 717 430 769 θεν
492 717 605 776 τοῖς

338 806 563 876 γιττῶν.

418 896 497 953 ιδ’.
531 896 955 967 Προστάσσομεν
1001 896 1058 949 δὲ
1116 895 1238 951 καθ’
1268 896 1501 950 ἕκαστον
1539 896 1923 965 κοντουϐἐρνιν

338 988 437 1042 καὶ
454 987 698 1058 δρέπανα
718 987 815 1041 καὶ¹
836 986 1028 1051 ἀξίνας
1049 987 1193 1059 ἔχειν
1210 988 1409 1052 αὐτοὺς
1428 988 1517 1041 διὰ
1542 987 1603 1041 τὸ
1623 988 1922 1056 ἀναγκαῖον

337 1084 439 1151 τῆς
463 1081 670 1150 χρείας.

413 1167 496 1223 ιε’.
532 1169 672 1233 Τοὺς
709 1169 766 1223 δὲ
792 1169 902 1223 τῶν
928 1170 1226 1241 ταγμάτων
1264 1170 1553 1243 ἄρχοντας,
1585 1170 1618 1242 ἦ
1657 1170 1929 1242 στρατιάν-

338 1279 463 1326 τας,
496 1263 595 1315 καὶ
622 1262 734 1315 τῶν
766 1261 1081 1332 θεματικῶν
1118 1262 1324 1333 βάνδων
1357 1264 1484 1326 τοὺς
1517 1263 1923 1334 δυνατωτέρους

340 1351 751 1431 ἀναγκάζεσθαι
779 1352 908 1424 χρὴ,
938 1354 1135 1416 παῖδας
1167 1354 1382 1417 ἑαυτοῖς
1412 1354 1652 1409 ἐπινοεῖν
1679 1355 1920 1420 δούλους,

339 1443 375 1514 ἢ
409 1443 745 1514 ἐλευθέρους,
779 1444 874 1496 καὶ
920 1443 1197 1513 ἐπιμελῶς
1227 1447 1285 1499 ὲν
1312 1446 1391 1517 τῷ
1416 1445 1591 1516 καιρῷ
1614 1445 1715 1516 τῆς
1737 1463 1797 1499 τε
1829 1446 1924 1516 ῥό-

340 1551 466 1603 γας,
490 1534 586 1588 καὶ⁵
620 1534 715 1588 τοῦ
746 1534 1057 1605 ἀδνουμίου,
1086 1538 1182 1591 καὶ
1217 1536 1347 1601 τοὺς
1387 1538 1586 1600 παῖδας
1611 1537 1794 1591 αὐτῶν
1835 1535 1931 1590 καὶ

339 1628 406 1682 τὸ
443 1627 597 1697 ἅρμα
641 1628 1063 1699 ἀπογράφεσθαι
1105 1630 1200 1682 καὶ
1233 1629 1679 1699 καταζητεῖσθαι,
1729 1628 1819 1682 ἴνα
1853 1628 1929 1699 μὴ

342 1718 799 1790 περιφρονοῦντες
837 1719 1131 1789 παλλήκων
1165 1721 1279 1791 (6‘5)
1308 1721 1419 1774 τῶν
1469 1721 1830 1775 δουλευόντων
1870 1723 1929 1774 ὲν

694 714 975 785 πολεμίοις
1028 715 1088 766 αί
1178 712 1342 778 ζάϐαι
1403 712 1494 767 ὑπ’
1540 712 1723 767 αὐτῶν
1785 711 2142 782 σκεπόμεναι,
2200 716 2485 784 ἀντέχουσι
2531 714 2590 767 δὲ
2643 713 2734 767 καὶ
2778 714 2912 784 πρὸς
2948 713 3048 776 τὰς
3120 712 3282 781 βολὰς
3323 715 3433 768 τῶν

2027 623 2250 692 impetui
2280 623 2627 692 sagittarum.

3509 730 3602 769 ca-

2107 898 2196 952 M.
2221 896 2539 951 Mandamus
2577 896 2740 950 etiam
2774 903 2832 949 ut
2868 895 2921 949 in
2953 909 3285 964 unoquoque
3314 896 3607 950 contuber-

2028 988 2121 1042 nio
2173 995 2227 1042 et
2284 985 2451 1042 falces
2498 997 2554 1042 et
2595 1001 2816 1043 secures
2865 986 3102 1041 habeant
3147 985 3215 1040 ad
3265 988 3608 1041 necessarios

2098 1172 2185 1228 l5.
2213 1170 2533 1226 Cohortium
2562 1177 2745 1226 autem
2774 1168 3082 1239 praefectos,
3114 1168 3230 1222 sive
3263 1168 3487 1235 milites,
3511 1165 3606 1235 qui

2029 1262 2365 1331 potentiores
2413 1268 2563 1324 sunt,
2618 1273 2816 1329 cogere
2852 1266 3066 1327 oportet
3089 1273 3285 1327 pueros
3334 1258 3437 1311 sibi
3478 1270 3608 1310 con-

2028 1354 2247 1422 quirere
2305 1352 2421 1406 sive
2475 1365 2685 1416 servos,
2742 1349 2854 1404 sive
2879 1350 3101 1411 liberos,
3135 1360 3189 1403 et
3231 1348 3521 1417 diligenter
3548 1348 3604 1400 in

2029 1456 2278 1517 tempore
2324 1460 2469 1515 roga:
2524 1451 2580 1500 et
2629 1443 2893 1509 adnomii,
2946 1442 2999 1497 id
3054 1451 3172 1505 est,
3220 1440 3609 1510 descriptionis

2032 1540 2341 1601 nominum,
2375 1536 2527 1605 pueri
2568 1535 2784 1589 illorum
2808 1541 2863 1587 et
2900 1548 3096 1589 currus
3121 1532 3520 1593 describantur,
3555 1540 3610 1584 et

2031 1630 2427 1699 conquirantur
2450 1667 2466 1692 ,
2504 1634 2562 1681 ut
2592 1641 2661 1681 ne
2692 1624 3016 1695 contemptis
3065 1624 3131 1678 iis
3173 1622 3610 1678 adolescentibus

2032 1722 2374 1779 administris
2400 1722 2518 1791 ipso
2548 1720 2673 1774 belli
2706 1728 2945 1787 tempore
2987 1733 3054 1772 ex
3085 1718 3218 1785 ipsis
3250 1715 3514 1769 militibus
3541 1716 3608 1768 ad

342 1810 525 1882 καιρῷ
544 1810 783 1880 πολέμου
804 1812 1224 1880 ἀναγκάζωνται
1244 1813 1304 1878 ἐξ
1325 1812 1505 1867 αὐτῶν
1530 1813 1640 1865 τῶν
1663 1830 1927 1884 στρατιω-

2049 1816 2265 1878 .uldum,
2308 1814 2359 1868 id
2392 1819 2496 1877 est,
2526 1810 2911 1879 impedimenta
2939 1807 3312 1863 conservanda
3341 1812 3610 1875 cogantur

342 1900 456 1953 τῶν
486 1900 843 1971 ἀφορίζεσθαι
869 1903 948 1963 είς
976 1904 1037 1956 τὸ
1076 1902 1317 1969 τοῦλδον,
1345 1903 1440 1957 καὶ
1470 1902 1640 1973 ὀλίγοι
1665 1902 1923 1973 γίνωνται

340 1994 396 2045 οἱ
426 1993 722 2056 κοπιῶντες
748 1995 806 2046 ὲν
840 1998 905 2065 τῇ
934 1995 1102 2066 μάχῃ.

421 2083 519 2150 ις’.
552 2086 613 2140 El
634 2085 692 2139 δέ
712 2102 878 2151 τινες,
898 2086 975 2149 ὡς
995 2088 1161 2151 είκὸς,
1196 2087 1272 2159 μὴ
1300 2087 1592 2158 εὐποροῦσι
1622 2087 1924 2158 κτήσασθαι

352 2178 574 2243 παῖδας,
598 2178 894 2246 ἀναγκαῖόν
925 2179 1072 2231 ἐστιν
1112 2181 1189 2242 είς
1228 2180 1353 2242 τοὺς
1384 2178 1727 2248 κατωτέρους
1758 2196 1927 2249 στρα-

344 2269 547 2333 τιώτας
595 2272 745 2340 τρεῖς
788 2270 821 2341 ἢ
852 2270 1127 2341 τέσσαρας
1169 2270 1268 2326 ἕνα
1298 2271 1465 2325 παῖδα
1490 2270 1584 2324 τὸν
1623 2270 1925 2341 ὑπηρετεῖν

345 2360 534 2424 αὐτοῖς
562 2360 824 2430 μέλλοντα
849 2362 1105 2415 ἐπινοεῖν.

418 2534 504 2600 ιζ’.
534 2536 639 2590 Τὸν
665 2537 853 2606 ὅμοιον
874 2536 930 2589 δὲ
956 2537 1159 2607 τρόπον
1187 2540 1361 2590 ποιεῖν
1393 2537 1484 2592 καὶ
1510 2538 1591 2599 είς
1619 2536 1688 2589 τὰ
1714 2536 1933 2606 σαγμά-

352 2646 468 2699 ρια,
503 2622 576 2683 ὧν
600 2629 761 2699 χρεία
790 2628 932 2682 κατὰ
960 2629 1020 2681 τὸ
1046 2631 1345 2699 ἀναγκαῖον
1377 2630 1465 2683 διὰ
1493 2630 1593 2693 τὰς
1625 2629 1797 2694 ζάϐας
1837 2629 1932 2683 καὶ

349 2721 451 2783 τὰς
478 2720 678 2783 πέλτας
702 2720 904 2775 αὐτῶν.

427 2810 516 2882 ιη’.
549 2812 972 2883 Προστάσσομεν
998 2814 1055 2867 δὲ
1084 2814 1180 2866 καὶ
1228 2812 1329 2874 τὰς
1374 2810 1620 2881 κεφαλὰς
1660 2811 1770 2865 τῶν
1807 2810 1937 2883 βάν-

348 2905 458 2959 δων
513 2906 750 2960 ἑκάστου
804 2906 1088 2976 τάγματος
1142 2904 1442 2975 ὁμοχρόους
1493 2903 1771 2972 γίνεσθαι,
1838 2903 1934 2957 καὶ

352 2998 423 3052 τά
471 2998 755 3069 φλάμουλα
809 2999 1047 3070 ἑκάστης
1083 3001 1327 3071 τούρμας
1355 3000 1389 3069 ἢ
1425 2997 1661 3069 δρόγγου
1694 2996 1935 3067 ἰδιόχροα

353 3085 516 3145 εἶναι.

2024 1922 2301 1978 separare,
2347 1914 2401 1961 et
2435 1902 2723 1975 pauciores
2753 1901 2907 1968 ﬁant,
2939 1901 3032 1971 qui
3068 1901 3121 1955 in
3154 1900 3272 1970 ipso
3313 1898 3506 1969 prtelio
3534 1897 3611 1952 di-

2024 2001 2247 2055 micent.

2063 2092 2151 2147 16.
2182 2090 2239 2145 Si
2270 2104 2401 2144 vero
2424 2088 2671 2157 quidam,
2693 2086 3154 2156 quemadmodum
3186 2083 3483 2139 verisimile
3503 2094 3606 2145 εει,

2025 2199 2134 2239 non
2186 2182 2324 2237 adeo
2359 2179 2659 2249 locupletes
2698 2186 2847 2243 sunt,
2877 2186 2936 2231 ut
2981 2177 3085 2231 sibi
3128 2175 3377 2231 sullicere
3407 2189 3610 2243 pueros

2027 2273 2380 2328 administros
2451 2270 2685 2341 possint,
2745 2284 2971 2325 necesse
2997 2271 3093 2337 (est
3132 2267 3439 2337 tribusiaut
3471 2281 3612 2336 qua-

2029 2375 2155 2419 tuor
2210 2364 2474 2419 militibus
2506 2362 2847 2417 tenuioribus
2888 2376 3057 2415 unum
3090 2361 3330 2429 aliquem
3362 2360 3606 2415 admini-

2030 2467 2228 2518 strum,
2257 2455 2351 2523 qui
2382 2456 2492 2509 illis
2517 2470 2738 2523 operam
2771 2453 2882 2515 det,
2908 2453 3169 2506 tribucre.

2104 2549 2192 2603 Π.
2248 2546 2371 2601 Pari
2415 2546 2578 2600 modo
2631 2561 2729 2612 pro
2777 2544 3087 2614 sagmariis,
3134 2543 3184 2597 id
3224 2551 3330 2611 est,
3360 2541 3615 2597 sarciniis

2032 2642 2211 2698 facere
2260 2647 2495 2710 oportet,
2541 2652 2776 2704 quorum
2814 2651 3043 2707 magnus
3086 2645 3171 2691 est
3205 2651 3338 2691 usus
3395 2646 3620 2704 propter

2033 2735 2197 2789 zabas
2222 2740 2275 2786 et
2297 2739 2474 2784 tentas
2505 2728 2747 2782 illorum.

2105 2826 2191 2880 18.
2222 2822 2543 2878 Mandamus
2577 2827 2634 2871 ut
2660 2817 2835 2886 capita
2871 2816 3309 2885 uniuscujusque
3348 2815 3535 2879 bandi,
3561 2815 3616 2870 id

2033 2923 2137 2976 est,
2191 2913 2455 2975 cohortis,
2517 2912 2681 2965 unius
2766 2907 2970 2962 coloris
3047 2907 3216 2970 sint;
3279 2914 3333 2959 et
3399 2906 3615 2960 llamula

2036 3003 2472 3071 uniuscujusque
2504 3009 2718 3063 turmae,
2754 3006 2807 3052 et
2848 2998 3284 3066 uniuscuiusque
3307 2997 3524 3066 drungi,
3559 2996 3613 3050 id

2034 3104 2139 3162 est,
2189 3094 2433 3149 cohortis
2468 3090 2756 3155 milliariar,
2802 3091 2967 3144 unius
2996 3105 3214 3157 quoque
3254 3089 3455 3143 coloris
3486 3088 3614 3142 sint.

429 3177 516 3234 tO'.
549 3178 668 3232 Ἵνα
690 3177 862 3232 δὲκαὶ
889 3178 951 3232 τδ
974 3180 1315 3234 καοέκαστον
1339 3178 1526 3249 τάγμα
1554 3177 1793 3242 εὐκόλως
1817 3180 1934 3232 ἐπι-

2111 3189 2198 3243 19.
2232 3187 2301 3243 Ut
2340 3201 2468 3241 vero
2496 3199 2838 3254 unaquaeque
2883 3182 3084 3237 cohors
3124 3196 3279 3235 suam
3324 3181 3498 3249 ipsius
3526 3195 3619 3234 co~

350 3271 597 3343 γινώσκῃ
640 3272 701 3324 τὸ
732 3272 861 3325 ῐδιον
894 3272 1103 3342 βάνδον,
1134 3272 1216 3325 δεῖ
1251 3272 1415 3341 ἕτερα
1448 3272 1565 3341 εἴδη
1606 3272 1701 3324 καὶ
1735 3274 1937 3341 σημεῖα

352 3362 706 3433 προστιθέναι
742 3366 866 3426 ταῖς
909 3363 1176 3432 κεφαλαῖς
1222 3365 1333 3418 τῶν
1362 3364 1569 3435 βάνδων
1615 3364 1937 3435 ἐγνωσμένα

350 3454 467 3516 τοῖς
506 3453 910 3522 στρατιώταις.,
935 3452 1076 3506 ὥστε
1123 3456 1190 3507 ὲκ
1228 3454 1421 3507 τούτου
1476 3453 1938 3521 ὲπιγινὼσκεσθαι

354 3544 497 3597 αὐτὰ
540 3544 636 3598 καὶ
673 3544 814 3598 κατὰ
844 3544 943 3608 τὰς
975 3546 1243 3616 τούρμας,
1274 3547 1371 3600 καὶ
1417 3548 1563 3601 κατὰ
1590 3547 1718 3609 τοὺς
1747 3544 1940 3617 δρούγ-

351 3651 504 3705 γους,
544 3637 639 3689 καὶ
670 3636 811 3690 κατὰ
836 3637 904 3691 τὰ
937 3636 1102 3707 cavsa
1123 3637 1256 3707 (66).

428 3726 497 3783 κ’.
526 3729 710 3783 Πάντα
738 3728 796 3782 δὲ
815 3729 885 3783 τὰ
911 3731 1021 3782 τῶν
1046 3729 1410 3801 τουρμαρχῶν
1442 3730 1820 3800 ὲνηλλαγμένα
1857 3732 1940 3785 δεῖ

355 3813 497 3873 εῐναι
528 3823 625 3875 καὶ
665 3819 929 3892 πρόδηλα,
962 3822 1050 3875 ἵνα
1083 3823 1147 3874 ὲκ
1187 3820 1381 3875 πολλοῦ
1410 3822 1779 3892 διαστήματος
1816 3824 1948 3877 ἑπι-.

354 3912 786 3985 γινώ[σκω]νται
819 3917 934 3978 τοῖς
956 3915 1049 3968 ὑπ’
1082 3915 1268 3978 αὐτοῖς
1304 3915 1682 3986 τεταγμένοις.

428 4012 536 4061 κα’,
565 4005 878 4076 Κελεύομεν
899 4006 957 4059 δέ
991 4022 1097 4069 σοι,
1128 4000 1174 4059 ὦ
1204 4006 1502 4077 στρατηγέ,
1520 4005 1616 4060 καὶ
1634 4005 1785 4077 άρμα
1813 4009 1937 4061 ἐπι-

357 4098 619 4167 φέρεσθαι
658 4100 723 4151 ὲκ
767 4097 1031 4167 περισσοῦ
1074 4098 1162 4151 διὰ
1216 4096 1497 4167 βασταγῆς
1551 4098 1646 4151 καὶ
1698 4098 1938 4168 μάλιστα

355 4189 585 4259 τοξάρια
613 4190 710 4242 καὶ
739 4191 1019 4258 σαγίττας.
1049 4191 1168 4243 Ἵνα
1193 4192 1329 4256 τοῖς,
1359 4189 1436 4253 ὼς
1464 4189 1635 4254 εἰκὸς,
1676 4189 1939 4262 ἀστοχοῦ-

358 4296 445 4334 σιν
472 4281 660 4344 ὅπλοις
684 4281 749 4348 ἐξ
767 4281 945 4335 αὐτῶν
965 4282 1372 4351 ἀντεισάγηται.

432 4372 539 4442 κβ’.
578 4372 822 4438 Ἔξωθεν
853 4373 911 4427 δὲ
937 4374 1045 4427 τῶν
1080 4375 1270 4444 βοῒνων
1300 4372 1581 4445 θηκαρίων
1609 4371 1719 4427 τῶν
1754 4373 1939 4439 ζαϐὦν

2041 3283 2282 3347 hortem,
2342 3280 2395 3333 id
2435 3288 2541 3341 est,
2598 3276 2837 3331 ltandum
2888 3274 3044 3328 facile
3085 3282 3366 3341 agnoscat,
3406 3281 3621 3342 Oportet

2040 3375 2144 3428 alia
2167 3373 2413 3441 quaedam
2450 3370 2661 3439 privata
2694 3368 2850 3436 signa
2886 3364 3163 3433 capitibus
3198 3364 3516 3434 adjungere,
3558 3372 3620 3417 ut.

2038 3480 2104 3519 ex
2132 3464 2239 3518 illis
2267 3471 2380 3516 tum
2408 3476 2502 3530 per
2539 3468 2771 3521 turmas,
2810 3466 2923 3510 tum
2953 3470 3050 3526 per
3080 3455 3344 3525 drungos,
3379 3464 3494 3509 tum
3522 3471 3620 3525 per

2038 3556 2217 3611 handa
2242 3552 2498 3625 cognosci
2540 3551 2770 3622 possint.

2108 3734 2197 3788 20.
2242 3731 2435 3786 Omnia
2470 3738 2650 3783 autem
2698 3727 3139 3782 turmarcharum
3181 3726 3334 3795 signa
3384 3734 3498 3781 tum
3531 3725 3622 3781 di-

2037 3840 2196 3880 versa
2222 3839 2345 3879 esse
2372 3829 2607 3891 Oportet,
2654 3829 2767 3873 tum
2799 3818 3109 3881 manifesta,
3153 3828 3212 3872 ut
3244 3820 3405 3888 longo
3448 3820 3621 3873 inter-

2038 3918 2181 3971 vallo
2204 3928 2538 3983 cognoscere
2566 3927 2696 3966 suos
2721 3910 2958 3980 possint.

2108 4006 2198 4059 2i.
2234 4003 2554 4058 Mandamus
2584 4001 2771 4065 etiam,
2808 4009 2868 4053 ttt
2910 4016 3108 4054 currus
3155 4000 3378 4068 quidam
3431 4015 3622 4068 supcr-

2035 4096 2129 4151 ilui
2157 4095 2519 4149 adhibeantur
2547 4102 2767 4161 propter
2799 4091 3078 4161 bastageu,
3112 4090 3162 4143 id
3197 4099 3299 4146 cst.
3320 4101 3625 4153 vecturam,

2035 4198 2089 4245 et
2127 4187 2363 4242 maxime
2409 4199 2637 4238 arcuum
2671 4182 3129 4251 sagittarumque,
3182 4192 3236 4234 ut
3278 4181 3363 4247 iis,
3398 4182 3491 4252 qui
3530 4198 3621 4237 alr-

2036 4279 2143 4335 mis
2174 4277 2567 4339 destituuntur,
2602 4273 2725 4328 inde
2750 4272 2920 4328 suffici
2952 4288 3101 4327 arma
3128 4274 3362 4343 possint.

2106 4370 2198 4425 εὶ.
2239 4371 2438 4423 Ριιεῑει·
2466 4366 2695 4422 bubulas
2712 4367 2969 4420 zabarum
2999 4365 3204 4427 thecas,
3233 4365 3434 4420 habere
3462 4380 3627 4435 opor-

359 4464 506 4538 ιχεεν
538 4466 664 4530 τοὺς
695 4464 1033 4535 στρατιώτας
1066 4466 1173 4519 ἀπὸ
1190 4466 1478 4535 δερμάτων
1510 4466 1748 4537 θηκάρια
1771 4467 1934 4537 ἕτερα

2049 4470 2117 4517 tet
2159 4463 2360 4515 milites
2413 4475 2478 4514 ex
2534 4457 2766 4528 pellibus
2809 4458 2992 4512 thecas
3035 4457 3297 4527 quasdam
3326 4457 3635 4527 expeditas.

362 4551 602 4626 ἐλαφρὰ,
650 4554 799 4616 ὅπως
836 4554 870 4624 ἦ
925 4556 984 4608 ὲν
1034 4552 1214 4623 καιρῷ
1253 4553 1515 4622 πολέμου,
1567 4552 1601 4623 ἥ
1649 4554 1709 4607 ὲν
1756 4553 1934 4623 καιρῷ

2049 4562 2103 4607 ut
2125 4552 2207 4605 vel
2239 4551 2359 4606 belli
2393 4560 2655 4619 tempore,
2685 4548 2767 4603 vel
2798 4547 3211 4610 excursionum,
3243 4558 3361 4617 post
3380 4548 3625 4617 opistho-

363 4646 621 4718 κούρσου,
647 4644 872 4698 ὄπισθεν
894 4644 1002 4698 τῶν
1025 4644 1488 4714 ὀπισθοκουρδίων
1508 4643 1649 4696 κατὰ
1664 4643 1765 4707 τὰς
1797 4642 1941 4713 ψύας

362 4740 472 4793 τῶν
502 4741 688 4795 ἵππων
722 4738 1081 4811 βαστάζονται
1115 4738 1225 4810 (67)
1250 4777 1265 4802 ,
1316 4737 1411 4791 καὶ
1462 4736 1527 4790 ἂν
1581 4737 1798 4809 συμϐῇ,
1862 4736 1939 4801 ὡς

363 4830 648 4897 πολλάκις,
693 4831 722 4884 δ
776 4831 852 4902 μὴ
875 4832 1105 4898 γένοιτο,
1171 4830 1381 4901 τροπῆς
1442 4828 1736 4899 γινομένης
1782 4830 1936 4896 πρὸς

360 4924 508 4993 μίαν
532 4924 763 4993 ἡμέραν
794 4923 1049 4993 ἀφανεῖς
1092 4923 1370 4993 γενέσθαι
1394 4922 1539 4988 τοὺς
1580 4922 1695 4988 τὴν
1740 4934 1931 4991 παρα-

367 5011 607 5081 σκευὴν
665 5012 957 5081 ἔχοντας,
997 5011 1083 5082 μή
1125 5014 1245 5065 εισι
1288 5010 1511 5081 γυμναί
1537 5012 1597 5065 αἱ
1632 5009 1796 5070 ζάὸαι
1842 5010 1942 5064 καὶ

364 5103 726 5171 φθείρονται.
775 5099 922 5158 Εἶτα
948 5104 1046 5157 καί
1081 5102 1357 5157 σκέπωσι
1406 5101 1550 5168 τοὺς
1577 5100 1944 5170 στρατιώτας

365 5192 657 5260 διηνεκῶς
684 5194 1051 5263 ἐπικείμεναι
1079 5194 1305 5259 αὐτοῖς.

435 5289 543 5352 κγ’.
573 5284 727 5338 Οὐδὲ
772 5285 948 5338 τοῦτο
977 5284 1431 5352 παραλείψομεν
1449 5282 1520 5336 ἐν
1546 5280 1691 5349 τῇδε
1714 5281 1788 5351 τῇ
1821 5280 1946 5335 δια-

367 5374 553 5441 τάξει,
580 5377 682 5429 ἵνα
705 5378 760 5430 οἱ
788 5375 1079 5446 ἄρχοντες
1099 5376 1365 5431 ἑκάστου
1380 5374 1675 5447 τάγματος
1697 5376 1944 5445 διαγνώ-

366 5479 497 5531 σεις
544 5465 798 5521 ποιῶσιν
848 5467 918 5520 ἐν
963 5465 1043 5530 τῷ
1088 5463 1269 5534 καιρῷ
1310 5464 1417 5520 τοῦ
1451 5467 1945 5536 παραχειμαδίου,

2041 4644 2230 4698 curbia
2266 4643 2318 4695 in
2345 4640 2547 4694 lumbis
2586 4654 2880 4710 equorum,
2915 4639 3033 4692 etsi
3069 4638 3232 4709 (quod
3275 4638 3440 4707 absit)
3486 4653 3623 4691 (οη-

2042 4736 2213 4804 tingat
2244 4746 2618 4802 saepenumero
2652 4732 2705 4784 in
2747 4731 2928 4802 fugam
2960 4729 3224 4792 converti,
3263 4738 3310 4781 et
3346 4727 3416 4779 ad
3462 4744 3627 4780 unam

2039 4826 2177 4879 diem
2209 4826 2479 4893 disparare
2506 4840 2614 4889 eos,
2647 4825 2737 4893 qui
2765 4832 3114 4875 commeatum
3148 4819 3359 4885 habent,
3400 4836 3502 4872 non
3521 4821 3625 4874 sint

2039 4915 2195 4967 nuda
2224 4915 2389 4978 zabaz,
2433 4921 2483 4966 et
2527 4920 2955 4980 corrumpantur.
3006 4908 3201 4964 Deinde
3233 4918 3282 4963 et
3312 4916 3488 4977 tegant
3522 4908 3625 4961 mi-

2046 5008 2165 5063 lites
2198 5008 2408 5062 assidue
2435 5006 2565 5077 ipsis
2597 5004 2876 5073 impositae.

2116 5289 2209 5343 25.
2240 5286 2418 5357 Neque
2439 5287 2535 5339 Itoc
2564 5285 2947 5355 prwteribimus
2977 5285 3030 5336 in
3062 5284 3160 5337 hac
3183 5283 3532 5346 ordinatione,
3564 5293 3624 5338 ut

2047 5382 2284 5452 prazfecti
2326 5380 2558 5450 cujusvis
2594 5378 2825 5432 cohortis
2873 5386 3245 5447 recognoscant
3273 5386 3499 5445 tempore
3537 5376 3625 5428 Iti—

2054 5476 2233 5538 berno,
2262 5472 2338 5527 rei
2373 5473 2482 5525 alio
2510 5471 2606 5525 otii
2652 5480 2899 5539 tempore,
2935 5485 3005 5522 an
3053 5467 3315 5522 abundent
3351 5466 3543 5521 milites
3574 5468 3629 5520 in

1908 5603 2141 5660 NOTAE.

439 5693 551 5766 (64)
583 5694 683 5749 Ἐν
717 5696 846 5764 ταῖς
892 5697 1244 5764 σκούλκαις.
1299 5697 1672 5766 Scribebatur,
1721 5702 1780 5755 έν
1826 5702 1948 5764 ταῖς

369 5764 647 5827 σκούραις.

441 5781 553 5907 ἵέἕὶ

582 5837 1088 5906 Περιφρονοῦντες
1108 5838 1413 5908 multi“.
1452 5838 1827 5909 Scribebatur,
1854 5858 1949 5896 πε-

2057 5699 2415 5773 ριφρονῶνται
2446 5698 2729 5773 πάρλικον.

2125 5764 2241 5839 (b6)
2274 5772 2349 5825 Τὰ
2371 5764 2594 5834 βάν-δά.
2627 5767 2997 5839 Scribebatur,
3033 5764 3376 5839 :&¢_§dv6ag.

2128 5834 2239 5912 (67)
2273 5839 2689 5901 Βασιάζονται.
2722 5838 3094 5905 Scribebatnr,
3135 5834 3492 5906 βαστάζοντα.
