4022 6484
371 422 478 486 727

1625 416 1901 478 LEONIS
1949 412 2412 475 PHILOSOPIII
3550 408 3662 472 τῖε

376 539 608 607 regione,
633 544 688 589 ut
720 535 1019 590 necessaria
1060 540 1260 595 emant,
1299 541 1346 584 et
1399 531 1594 599 liqueat
1619 539 1745 599 quot
1776 529 1946 598 equis,

2077 530 2098 595 ἦ
2125 528 2194 579 ἐν
2223 525 2403 591 ἑτέρῳ
2432 525 2643 592 ἀργίας
2672 523 2854 590 καιρῷ
2891 523 3049 577 ὥστε
3078 523 3188 578 ἐὰν
3207 523 3293 593 μὴ
3315 520 3663 591 εὐπορῶσιν

377 646 483 698 qua
511 631 695 696 specie,
725 638 892 696 etquo
917 643 1078 680 curru
1105 627 1339 695 indigeat
1366 625 1592 678 militum
1621 625 1859 694 quilibet.
1900 623 1972 678 Ut

373 733 659 784 prwpares,
723 717 1035 783 imperator,
1086 731 1187 783 quo
1244 715 1354 769 hwc
1409 725 1706 782 opportuno
1741 725 1974 782 tempore

263 861 271 868 _
372 813 687 870 praestentur
725 803 855 868 ipsis
904 802 1265 867 comparanda
1296 806 1360 854 ab
1412 801 1679 869 aliquibus
1708 811 1971 855 mercato-

378 894 544 948 ribus.
572 893 752 962 Neque
784 895 904 948 inde
933 896 1190 964 indigena:
1215 893 1536 947 habitatores
1557 895 1846 958 la’dantur,
1881 911 1972 951 ue-

377 1003 474 1053 que
526 986 718 1038 milites
765 987 1076 1040 necessariis
1119 986 1405 1053 speciebus,
1448 995 1497 1039 et
1529 986 1714 1050 armis,
1758 987 1805 1038 si
1833 986 1972 1053 forte

373 1077 450 1129 ita
491 1093 570 1130 res
603 1095 657 1131 se
685 1078 898 1142 habeat,
935 1079 1130 1146 privati
1163 1077 1452 1147 indigeant.
1491 1076 1780 1147 Postquam
1809 1079 1971 1146 igitur

371 1178 657 1237 equestrem
692 1171 912 1224 militem
938 1171 1281 1231 armavimus,
1313 1169 1502 1222 deinde
1551 1178 1599 1222 et
1631 1170 1890 1238 quomodo
1922 1178 1970 1222 te

373 1269 617 1328 oporteat
643 1263 998 1315 necessariam
1024 1262 1344 1326 pedestrium
1374 1260 1604 1314 militum
1630 1268 1968 1313 armaturam

373 1352 548 1420 facere
558 1353 676 1421 jam
701 1354 958 1407 dicemus.

2075 623 2128 674 οί
2155 617 2509 687 στρατιῶται
2535 616 2682 670 κατὰ
2711 617 2826 683 τὴν
2855 615 3056 685 χώραν
3088 616 3382 685 ἀγοράσαι
3421 614 3495 669 τὰ
3532 617 3660 670 ἐπι-

2075 703 2302 778 τήδεια,
2361 710 2626 779 φανερὸν
2680 710 2956 779 γίνεσθαι
3016 710 3226 763 πόσων
3277 710 3505 776 ἵππων,
3560 710 3662 762 καί

2074 803 2250 855 ποίου
2280 799 2503 865 εἴδους,
2561 798 2661 851 καὶ
2701 800 2880 852 ποίου
2937 798 3202 867 ἅρματος
3251 798 3492 853 δέονται
3541 794 3665 851 τῶν

2073 891 2453 962 στρατιωτῶν
2522 891 2804 956 ἕκαστος.
2859 891 2998 945 Ἵνα
3057 889 3514 960 παρασκευάζῃς
3549 931 3564 955 ,
3619 885 3668 942 ὦ

2075 984 2394 1054 στρατηγέ,
2445 984 2633 1038 ταῦτα
2665 985 2735 1036 ἐν
2780 982 2862 1048 τῷ
2902 983 3098 1037 δέοντι
3151 982 3338 1051 καιρῷ
3393 983 3667 1049 εὐτρεπίσ

2074 1076 2274 1136 ζεσθαι
2309 1074 2460 1142 πρὸς
2485 1074 2821 1142 ἁγορασίαν
2856 1073 3060 1139 αὐτοῖς
3092 1073 3211 1126 ἀπὸ
3257 1073 3533 1141 ἐμπόρων
3583 1091 3666 1125 τι·

2073 1163 2217 1228 νῶν,
2264 1166 2363 1217 καὶ
2405 1162 2558 1232 μήτε
2614 1163 2896 1217 ἐντεῦθεν
2928 1167 2981 1217 οί
3032 1164 3300 1218 ἐντόπιοι
3354 1164 3668 1234 οἰκήτορες

2067 1255 2485 1320 βλάπτωνται,
2523 1254 2676 1324 μήτε
2702 1257 2756 1309 ol
2783 1255 3139 1323 στρατιῶται
3165 1257 3286 1310 τῶν
3321 1258 3667 1325 ἀναγκαίων

2070 1346 2248 1401 ειδῶν
2276 1347 2374 1402 καὶ
2411 1346 2640 1413 ὅπλων,
2693 1350 2747 1401 εί
2800 1347 2956 1401 οὕτω
3007 1350 3198 1417 τύχοι,
3228 1351 3664 1417 ὑστερούμενοι

371 1443 703 1511 ἀπορῶσιν.
743 1445 908 1498 Ἐπεὶ
935 1439 1050 1499 οὖν
1077 1444 1186 1499 τὸν
1219 1442 1631 1511 καϐαλλάριον
1668 1439 2046 1509 στρατιώτην
2073 1439 2518 1506 ἐξωπλίσαμεν,
2546 1438 2695 1506 ἑξῆς
2728 1439 2830 1493 καὶ
2883 1440 3046 1507 ὅπως
3099 1440 3217 1510 χρη
3278 1458 3354 1494 σε
3423 1443 3517 1495 καὶ
3547 1440 3668 1494 τῶν

373 1534 520 1602 πεζῇ
555 1535 913 1604 μαχομένων
937 1533 1315 1603 στρατιωτῶν
1335 1533 1449 1603 τὴν
1471 1533 1738 1588 δέουσαν
1779 1533 2154 1599 ποιήσασθαι
2182 1533 2435 1586 ὅπλισιν
2459 1531 2577 1600 ἤδη
2605 1531 2886 1601 λέξομεν.

445 1625 535 1679 24.
562 1624 694 1680 Cum
723 1627 885 1696 igitur
909 1629 1163 1693 pedestris
1200 1628 1461 1680 exercitus
1501 1627 1640 1679 acies
1669 1625 1965 1695 antiquitus

373 1718 428 1770 in
457 1717 562 1770 tria
600 1717 926 1770 divideretur
962 1717 1103 1785 apud
1129 1726 1357 1770 vetustos
1398 1718 1640 1780 tacticos,
1670 1717 1767 1769 hac
1787 1724 1886 1778 est,
1911 1717 1966 1768 in

2147 1624 2249 1677 κδ’.
2284 1622 2399 1691 Τῆς
2433 1621 2676 1690 πεζικῆς
2711 1624 2922 1677 τοίνυν
2965 1623 3076 1678 τοῦ
3127 1624 3389 1692 στρατοῦ
3436 1625 3668 1688 τάξεως

2073 1712 2262 1788 πάλαι
2277 1712 2396 1781 μὲν
2415 1713 2503 1777 είς
2519 1712 2651 1779 τρία
2669 1712 3036 1780 διῃρημένης
3059 1715 3219 1781 παρὰ
3243 1713 3369 1779 τοῖς
3390 1714 3667 1781 άρχαίοις

373 1817 610 1861 armatos
634 1825 764 1878 quos
803 1811 1112 1862 recentiores
1157 1818 1391 1862 scutatos
1445 1808 1860 1877 appellaverunt,
1912 1809 1968 1862 in

2077 1802 2394 1867 τακτικοῖς,
2440 1798 2571 1856 οἷον
2623 1805 2708 1869 είς
2761 1804 3052 1869 ὁπλίτας,
3115 1804 3226 1872 οὓς
3274 1809 3329 1859 οί
3387 1806 3662 1875 νεώτεροι

372 1901 498 1954 levis
527 1910 820 1954 armatura:
851 1901 1046 1955 milites
1073 1918 1200 1971 quos
1230 1910 1279 1955 et
1318 1903 1373 1954 in
1412 1917 1640 1969 praesens
1661 1901 1840 1954 eodem
1873 1916 1968 1954 no-

2077 1896 2457 1961 σκουτάτους
2497 1895 2828 1960 ἐκάλεσαν,
2869 1899 2955 1962 είς
2987 1897 3234 1964 ψιλοὺς,
3264 1899 3374 1963 οὓς
3403 1899 3500 1953 καὶ
3547 1899 3666 1952 νῦν

374 1993 513 2045 mine
555 2003 739 2046 vocant
761 2033 776 2056 ,
810 2005 858 2046 et
888 1994 941 2046 in
972 1993 1158 2061 peltas,
1187 2009 1409 2063 quarunt
1441 1993 1594 2046 modo
1637 2009 1698 2046 ne
1727 1992 1970 2061 appella-

2077 1985 2296 2055 ψιλοὺς
2323 1985 2404 2051 τῷ
2434 1984 2594 2050 αὐτῷ
2618 1987 2917 2041 καλοῦσιν
2943 1989 3189 2057 ὀνόματι
3206 2029 3221 2052 ,
3253 1989 3352 2043 καὶ
3397 1993 3486 2056 είς
3505 1991 3665 2054 ,πέλ-

375 2083 572 2136 tionem
609 2083 817 2157 quidem
848 2086 1084 2137 novimus
1108 2102 1125 2148 ,'
1155 2085 1358 2138 videtur
1384 2083 1512 2136 mihi
1537 2083 1662 2136 levis
1683 2094 1972 2139 armatura:

2077 2094 2202 2143 τας,
2257 2072 2346 2130 ὧν
2391 2080 2446 2130 οἱ
2496 2077 2626 2131 καθ’
2657 2077 2816 2147 ἡμᾶς
2850 2080 2922 2133 οὺ
2976 2078 3344 2148 γινώσκουσι
3381 2080 3501 2149 μὲν
3547 2083 3666 2150 τὴν

380 2173 642 2226 militibus
668 2174 760 2229 hos
787 2177 1085 2229 accensenti
1131 2175 1262 2246 duos
1303 2174 1442 2228 solos
1474 2175 1683 2228 ordines
1712 2175 1971 2242 pedestris

2077 2167 2327 2235 κλῆσιν,
2358 2167 2529 2222 δοκεῖ
2547 2187 2650 2239 μοι
2684 2169 2753 2222 δὲ
2783 2170 2910 2236 τοῖς
2952 2170 3156 2239 ψιλοῖς
3185 2173 3409 2239 αὐτοὺς
3437 2190 3667 2243 συγκα-⁹

374 2267 633 2319 exercitus
651 2282 1084 2330 commemorare,
1109 2275 1439 2319 armatorum
1462 2276 1509 2320 et
1529 2267 1652 2320 levis
1685 2277 1974 2321 armatura:

2077 2255 2443 2322 ταλέξαντες
2473 2257 2583 2311 δύο
2613 2259 2808 2327 μόνας
2836 2258 2950 2328 (68)
2972 2259 3176 2326 τάξεις
3229 2259 3471 2322 πεζικοῦ
3510 2281 3666 2332 μνη-

378 2356 630 2410 militum.
669 2355 740 2410 De
777 2357 859 2411 his
891 2358 1053 2427 igitur
1100 2358 1372 2411 ordinibus
1417 2372 1511 2411 nos
1549 2356 1770 2426 deﬁnire
1798 2373 1974 2411 susce-

381 2461 580 2514 pimus.

445 2623 536 2678 25.
587 2625 834 2679 Armabis
884 2625 1049 2695 igitur
1085 2597 1319 2678 scutatos
1367 2624 1654 2693 pedestres,
1693 2625 1784 2696 qui
1831 2626 1975 2678 anti-

378 2717 557 2786 quitus
589 2717 788 2769 armati
817 2716 1167 2780 vocabantur,
1213 2717 1292 2768 ita
1333 2723 1390 2769 ut
1433 2715 1658 2770 habeant
1707 2715 1975 2781 spatham;

377 2808 573 2861 hastile
617 2818 664 2860 et
697 2818 926 2871 scutum,
949 2824 1066 2860 cum
1100 2807 1307 2876 quidem
1329 2806 1538 2859 utilitas
1571 2816 1832 2876 exposcet,
1859 2808 1978 2860 lon-

377 2913 501 2967 gum
543 2912 816 2965 magnum,
865 2895 1006 2965 quod
1054 2903 1273 2948 vocatur
1317 2894 1543 2962 thyreos,
1596 2894 1809 2947 omnino
1857 2909 1975 2947 vero

381 2987 667 3040 rotundum
706 2987 1021 3056 perfectum.
1068 2983 1234 3038 Scuta
1263 3001 1378 3037 vero
1408 2985 1642 3036 onmium
1678 2983 1857 3036 eodem
1897 2997 1979 3036 co-

377 3079 487 3132 lore
509 3078 589 3132 vel
616 3079 903 3132 secundum
939 3091 1237 3139 numerum,
1262 3081 1338 3127 vet
1383 3075 1669 3128 secundum
1703 3073 1978 3126 ordinem;

378 3171 603 3224 habeant
639 3185 757 3223 vero
806 3171 964 3222 etiam
1021 3167 1285 3220 cassidem
1330 3167 1494 3219 crista
1534 3167 1726 3236 exigua
1755 3182 1978 3233 superne

2069 2347 2365 2415 μονεῦσαι
2408 2349 2695 2417 στρατοῦ,
2733 2351 2997 2404 ὁπλιτῶν
3028 2368 3092 2405 τε
3119 2352 3218 2405 καὶ
3240 2352 3460 2420 ψιλῶν.
3523 2355 3664 2422 Περὶ

2074 2438 2303 2491 τούτων
2345 2435 2460 2493 οὖν
2505 2439 2678 2509 ἡμεῖς
2718 2441 3109 2510 διαλαϐόντες
3151 2443 3270 2498 τῶν
3298 2445 3528 2510 τάξεων
3574 2447 3661 2501 δι-

2076 2527 2428 2598 οριοιώμεθα.

2148 2619 2244 2674 κε’.
2282 2621 2591 2688 Ὀπλίσεις
2617 2623 2735 2690 μὲν
2775 2622 2888 2676 οὖν
2919 2624 3027 2676 τὸν
3065 2622 3242 2683 πεζὸν
3273 2626 3614 2680 σκουτάτον
3637 2667 3654 2688 ,

2076 2711 2385 2782 τὸνξπάλαι
2408 2715 2790 2784 καλούμενον
2817 2717 3101 2783 ὁπλίτην,
3133 2715 3291 2770 ὥστε
3309 2717 3475 2786 ἔχειν
3501 2719 3664 2772 σπά-

2077 2809 2213 2872 θην,
2244 2806 2549 2874 κοντάριν,
2579 2807 2930 2877 σκουτάριν,
2955 2809 3055 2863 ὅτε
3083 2811 3201 2878 μὲν
3231 2812 3404 2879 χρεία
3456 2811 3660 2870 καλεῖ.

2076 2896 2392 2962 ἐπίμηκες,
2425 2898 2607 2967 μέγα,
2653 2898 2686 2952 ὅ
2713 2900 2984 2954 καλεῖται
3027 2901 3270 2968 θυρεὸς,
3311 2902 3550 2965 πάντως
3593 2900 3663 2954 δὲ

2077 2990 2460 3058 στρογγύλον
2491 2989 2747 3045 τέλειον.
2785 2993 2861 3044 Τὰ
2907 2990 2977 3044 δὲ
3009 2993 3347 3060 σκουτάρια
3400 2996 3664 3061 ὁμόχροα

2078 3079 2340 3148 πάντων,
2369 3082 2407 3150 ἢ
2435 3083 2586 3136 κατὰ
2606 3083 2878 3151 ἀριθμὸν,
2911 3082 2950 3151 ἢ
2979 3083 3129 3137 κατὰ
3158 3083 3370 3153 τάγμα,
3413 3085 3577 3154 ἔχειν
3594 3083 3665 3137 όὲ

2078 3173 2177 3226 καὶ
2229 3173 2496 3226 κασσίδα
2543 3174 2761 3242 τουφὶν
2812 3175 3030 3243 μικρὸν
3067 3175 3339 3244 ἔχουσαν
3393 3181 3656 3245 ανωθεν,

379 3262 735 3322 instructam,
780 3257 1098 3327 [undibula,
1153 3273 1360 3311 secures
1409 3258 1690 3327 ancipites,
1741 3273 1972 3326 quarum

2077 3263 2483 3332 σφενδοόόλα,
2514 3263 2809 3333 τᾷκούρια
2834 3265 3112 3335 δίστομα,
3147 3267 3212 3321 τὸ
3227 3269 3344 3337 μὲν
3363 3267 3436 3322 ἐν
3465 3273 3662 3340 στόμα

384 3353 598 3422 quidem
629 3353 768 3404 acies
800 3367 904 3404 una
927 3350 1087 3403 veluti
1110 3351 1317 3418 spatha,
1351 3349 1522 3402 altera
1549 3365 1686 3414 vero,
1709 3360 1763 3402 ut
1793 3366 1972 3403 mucro

381 3452 572 3509 hastev,
599 3460 717 3513 quae
742 3454 1021 3513 portentur
1065 3459 1184 3495 cum
1221 3441 1382 3495 thecis
1432 3442 1688 3508 pelliceis,
1722 3440 1802 3495 vel
1836 3441 1973 3496 alias

384 3548 594 3586 secures
625 3531 871 3584 habentes
897 3531 1106 3596 quidem
1143 3531 1309 3583 aciem
1354 3547 1515 3583 unam
1553 3531 1850 3599 pra’cisam,
1891 3531 1975 3583 al-

381 3634 550 3676 teram
590 3638 706 3675 vero
736 3622 1042 3687 rotundam,
1075 3621 1151 3675 vel
1191 3621 1326 3673 alias
1352 3637 1556 3674 secures
1584 3622 1837 3689 ancipites
1868 3623 1974 3674 ritu

382 3713 642 3783 pelecum.
672 3711 844 3766 Electi
867 3721 1042 3766 autent
1079 3713 1211 3765 aciei
1235 3714 1458 3766 habeant
1489 3715 1651 3767 etiam
1672 3713 1854 3778 zabas,
1879 3715 1973 3766 hoc

386 3811 467 3856 est
500 3801 722 3864 loricas,
752 3802 797 3854 si
825 3800 1073 3870 possibile
1099 3809 1199 3866 est,
1234 3802 1501 3866 universi;
1532 3803 1616 3856 sin
1641 3803 1838 3870 minus,
1866 3804 1972 3856 duo

382 3897 544 3965 primi
575 3896 826 3946 acierum.
857 3893 1058 3948 Contra
1095 3911 1210 3948 vero
1234 3895 1486 3961 membra,
1514 3897 1609 3950 hoc
1635 3908 1709 3951 est
1731 3898 1973 3952 humeros

384 3985 531 4040 zaba:
566 3984 819 4054 ﬂamulas
869 3986 1085 4054 exiguas
1132 3987 1398 4052 habeant,
1441 3998 1489 4041 et
1532 3991 1805 4054 manicas,
1857 3971 1974 4059 quae

383 4075 683 4130 manicella:
726 4085 775 4129 et
824 4074 1141 4144 chiropsella
1192 4076 1461 4140 dicuntur,
1513 4077 1734 4146 ferreas,
1788 4079 1865 4131 vel
1904 4080 1973 4132 li-

385 4184 563 4238 gneas,
605 4179 654 4221 et
682 4182 866 4221 ocreas
913 4167 1186 4230 similiter,
1211 4183 1326 4236 qua:
1372 4168 1624 4223 dicuntur
1667 4171 1972 4239 podopsella

381 4259 460 4314 vel
492 4258 826 4322 chalcotuba,
863 4260 1091 4311 maxime
1129 4275 1246 4312 vero
1277 4261 1338 4327 ii,
1377 4262 1468 4331 qui
1517 4262 1573 4315 in
1617 4263 1877 4330 capitibus
1922 4273 1972 4318 et

384 4351 574 4406 caudis
613 4351 850 4404 acierum
878 4349 1128 4404 collocati
1162 4361 1305 4406 sunt.

453 4635 544 4690 26.
584 4634 654 4689 Et
685 4644 921 4690 scutatos
967 4636 1045 4690 ita
1083 4637 1338 4702 armabis,
1386 4647 1443 4690 ut
1490 4637 1691 4691 dictum
1719 4647 1798 4690 est
1834 4650 1967 4690 :eos
1999 4610 2044 4667 ι)

384 4744 526 4790 vero,
549 4729 640 4797 qui
660 4728 784 4781 levis
803 4737 1095 4781 armatura:
1116 4728 1455 4797 appellantur
1471 4727 1566 4780 hoc
1587 4728 1773 4780 modo:
1802 4726 1975 4782 Toxo-

385 4819 659 4886 pha—retra,
691 4835 808 4886 quer:
840 4819 895 4871 in
937 4818 1169 4871 humeris
1210 4826 1485 4887 gestantur
1507 4817 1758 4870 habentia
1775 4835 1973 4872 cucura

387 4925 604 4976 magna,
639 4924 756 4976 quae
798 4908 1009 4977 singula
1035 4909 1276 4976 triginta,
1306 4907 1384 4960 vel
1407 4906 1765 4975 quadraginta
1803 4908 1971 4977 sagit-

387 5007 469 5049 tas
499 4999 731 5064 capiant.
765 4995 1043 5050 Solenaria
1081 4997 1256 5065 lignea
1280 5011 1399 5047 cum
1433 4997 1608 5063 parvis
1659 4996 1893 5065 sagittis,
1919 5007 1970 5050 et

386 5087 597 5140 cucuris
627 5088 853 5157 exiguis,
887 5103 1003 5156 qua:
1043 5087 1113 5139 ad
1145 5102 1391 5155 magnam
1417 5085 1730 5139 distantiam
1753 5085 1971 5153 jaciun-

386 5188 473 5233 tur
506 5181 570 5233 ab
595 5179 822 5233 arcubus
859 5180 997 5249 (73),
1030 5188 1084 5233 et
1114 5179 1347 5233 inimicis
1399 5177 1611 5231 inutilia
1665 5185 1811 5231 sunt.
1865 5176 1970 5228 Βιιο

2075 3355 2155 3419 ὼς
2177 3352 2443 3420 σπάθην,
2499 3353 2568 3406 τὸ
2615 3353 2684 3407 δὲ
2719 3355 2927 3423 ἕτερον
2955 3356 3035 3422 ὡς
3076 3360 3399 3426 κονταρίου
3428 3359 3607 3430 ξίφος
3637 3403 3652 3427 ,

2075 3443 2601 3512 ἀναϐασταζόμενα
2622 3446 2774 3514 μετὰ
2803 3448 3104 3515 θηκαρίων
3154 3448 3523 3518 δερματίνων
3549 3491 3566 3515 ,
3616 3453 3656 3520 ἢ

2074 3534 2366 3603 τζὶκούρια
2393 3536 2586 3605 ἕτερα,
2608 3537 2828 3605 ἔχοντα
2848 3539 2915 3591 τὸ
2931 3540 3047 3608 μὲν
3067 3539 3137 3594 ἓν
3160 3543 3355 3610 στόμα
3377 3543 3488 3613 (69)
3509 3545 3662 3596 κόπ-

2080 3643 2206 3691 τον,
2250 3626 2317 3680 τὸ
2335 3625 2404 3678 δὲ
2421 3626 2628 3695 ἕτερον
2652 3631 3133 3698 στρογγύλον.’Ἡ
3151 3632 3326 3701 ἕτερα
3357 3633 3608 3703 τζῖκούρι
3622 3652 3660 3688 a

2073 3713 2330 3782 δίστομα
2353 3713 2528 3779 τάξιν
2556 3717 2876 3771 πελεκίων.
2891 3719 3037 3785 Τοὺς
3059 3719 3129 3773 δὲ
3148 3721 3510 3789 ἐπιλέκτους
3548 3723 3661 3793 τῆς

2073 3804 2375 3876 ἀκίας(70)
2403 3806 2571 3873 ἔχειν
2608 3806 2708 3860 καὶ
2736 3807 2933 3875 ξάϐας,
2960 3810 3092 3878 ἤτοι
3138 3813 3388 3880 λωρίκια
3412 3854 3425 3879 ,
3460 3817 3513 3868 εί
3544 3817 3662 3884 μὲν

2072 3897 2354 3961 δυνατὸν,
2382 3897 2586 3964 ὅλους,
2621 3899 2720 3952 ἐπὶ
2767 3901 2880 3972 (7|)
2932 3902 3050 3956 κᾶν
3075 3904 3184 3958 δύο
3211 3907 3352 3972 τοὺς
3395 3907 3661 3976 πρώτους

2071 3987 2192 4042 τῶν
2217 3988 2428 4044 ἀκιῶν.
2461 3992 2620 4044 Κατὰ
2654 3991 2724 4044 δὲ
2751 3991 2870 4046 τῶν
2887 3995 3104 4064 μήλων
3149 3999 3280 4067 ἦτοι
3320 3998 3441 4052 τῶν
3487 4001 3663 4069 ὤμων

2071 4079 2182 4149 τῆς
2210 4079 2386 4146 ζάϐας
2446 4084 2903 4152 φλαμουλίσκια
2949 4089 3154 4156 μικρὰ,
3209 4091 3378 4158 ἔχειν
3431 4091 3500 4144 δὲ
3557 4095 3660 4146 καὶ

2071 4173 2461 4242 χειρομάνικα
2489 4175 2626 4246 (72),
2662 4177 2734 4230 τὰ
2763 4181 3058 4249 λεγόμενα
3079 4183 3469 4251 μανικέλλια,
3493 4186 3529 4253 ἢ
3557 4189 3659 4239 καὶ

2071 4265 2357 4333 χειρόψελ
2370 4267 2441 4318 1a
2470 4265 2713 4334 σιδηρᾶ,
2737 4268 2774 4336 ἢ
2808 4268 3050 4335 ξύλινα,
3079 4273 3177 4326 καὶ
3229 4289 3352 4343 περι
3365 4277 3662 4345 κνημίδας

2071 4357 2309 4425 ὁμοίως,
2364 4355 2403 4410 ἁ
2439 4356 2676 4427 λέγεται
2728 4360 3089 4430 ποδόψελλα
3136 4366 3175 4434 ἢ
3230 4369 3656 4434 χαλκότουϐα,

2065 4449 2336 4520 μάλιστα
2377 4452 2521 4517 τοὺς
2541 4453 2611 4506 ἐν
2633 4453 2763 4521 ταῖς
2793 4457 3086 4526 κεφαλαῖς
3134 4460 3234 4513 καὶ
3275 4460 3484 4529 οίεραῖς
3537 4460 3662 4515 τῶν

2071 4542 2262 4596 άκιῶν
2293 4544 2718 4614 τεταγμένους.

2148 4638 2260 4697 κςθ.
2289 4633 2397 4687 Kal
2426 4634 2567 4700 τοὺς
2589 4636 2710 4704 μὲν
2735 4638 3117 4707 σκουτάτους
3147 4641 3332 4708 οὕτως
3354 4643 3656 4708 ὁπλίσεις,

2071 4723 2151 4788 ὠς
2181 4723 2432 4792 εἴρηται,
2461 4725 2604 4790 τοὺς
2627 4724 2696 4778 δὲ
2723 4727 3091 4795 λεγομένους
3116 4731 3342 4798 ψιλοὺς
3390 4733 3498 4786 τὸν
3526 4735 3661 4800 τρόι-

2070 4831 2190 4869 πον
2205 4815 2442 4869 τοῦτον’
2485 4816 2898 4886 Τοξοςράρετρα
2940 4821 3035 4874 ἐπὶ
3073 4821 3190 4874 τῶν
3236 4822 3410 4891 ὤμων
3438 4825 3660 4877 ἀναϐα-

2069 4903 2406 4974 σταζόμενα
2437 4906 2658 4976 ἔχοντα
2683 4910 2992 4979 κούκουρα
3019 4912 3255 4981 μεγάλα
3301 4915 3614 4983 χωροῦντα
3640 4955 3656 4976 ,

2075 4998 2193 5051 ἀνὰ
2208 4995 2262 5050 λ’
2291 4997 2328 5064 ἢ
2346 4997 2404 5065 μ’
2427 4999 2741 5067 σαγιττῶν.
2760 5004 3104 5071 Σωληνάρια
3129 5005 3242 5075 (74)
3267 5005 3484 5070 ξύλινα
3507 5008 3658 5075 μετὰ

2072 5087 2304 5156 μικρῶν
2328 5089 2648 5157 σαγιττῶν,
2681 5093 2782 5145 καὶ
2831 5095 3180 5162 κουκούρων
3203 5095 3454 5165 μικρῶν,
3509 5097 3660 5165 ὅπερ

2077 5180 2175 5234 ἐπὶ
2213 5181 2373 5234 πολὺ
2401 5180 2705 5252 διάστημα
2730 5184 3046 5252 ρίπτονται
3072 5186 3168 5240 διὰ
3196 5187 3313 5242 τῶν
3339 5188 3652 5263 τοξαρίων,

1919 5268 2152 5331 NOTAE.

457 5361 571 5431 (68)
630 5361 744 5415 Δύο
765 5358 1524 5431 ιιόναςκδοτίδεῦθιιινηδύο
1560 5359 1754 5431 μῆνας.

457 5429 570 5504 (ﬁt?)
619 5433 689 5504 Τρ
717 5433 840 5504 μὲν.
862 5429 1342 5504 Er.__Scribebatur
1370 5429 1583 5504 sig‘pév.

457 5498 571 5569 (70)
603 5498 934 5568 Τῆςίάκίας.
965 5499 1338 5562 Scribebatur,
1364 5498 1541 5563 ἀξίας.

458 5569 571 5639 (71)
608 5573 739 5624 Cod.
775 5569 1034 5639 Laurent.
1079 5571 1258 5632 habet,
1294 5569 1468 5631 οὐλῶς
1507 5573 1643 5623 ἐστι.

444 5638 560 5710 (72)
577 5639 683 5710 Καὶ
699 5638 1105 5708 χειρομάνικα.
1119 5639 1500 5710 Scribebatur,
1518 5639 1609 5691 καὶ
1623 5639 1967 5709 χειρομανεα.

460 5707 570 5776 (75)
607 5707 723 5762 Huc
743 5723 936 5775 usque,
955 5724 1075 5776 qua:
1099 5708 1317 5762 diverso
1344 5710 1663 5776 charactere
1681 5707 1960 5770 notantur,

391 5775 647 5898 i‘necggfi
687 5776 874 5833 codice
907 5775 1153 5843 deerant,
1187 5793 1286 5835 ncc
1315 5794 1342 5832 a
1411 5775 1652 5832 Mcursio
1714 5778 1964 5849 suppleta

421 5859 452 5895 u
491 5858 516 5897 r
618 5877 634 5897 .

421 5859 634 5897 ueram.

2145 5365 2438 5437 (74),,Τοὺς
2476 5365 2544 5419 δὲ
2569 5368 2939 5436 λεγομένους
2979 5370 3202 5437 ψιλοὺς
3257 5369 3658 5431 ἀναϐασταζὶς-

2067 5449 2223 5508 pera
2247 5433 2467 5508 ἔχοντα
2489 5433 2788 5508 κουκούρα
2836 5433 3070 5506 μεγάλα
3112 5433 3407 5508 χοξροῦντα
3448 5442 3564 5494 ἀνὰ
3603 5447 3657 5492 ..ι’

2073 5505 2112 5570 ἣ
2138 5510 2196 5571 μ’
2244 5505 2426 5577 τόξον
2448 5505 2747 5575 φαρέτραν
2771 5505 2872 5560 ἐπὶ
2903 5505 3010 5561 τὸν
3039 5505 3227 5577 νόμον
3247 5510 3656 5569 ἀναϐασταζιξ-

2067 5589 2223 5646 μενα
2245 5573 2479 5646 ἔχονταΔ
2517 5573 2815 5644 κούκουρα
2837 5580 3071 5646 μεγάλα
3103 5573 3414 5645 χωροῦντα
3455 5580 3572 5634 ἀνὰ
3604 5579 3656 5631 ,ι’

2074 5643 2112 5708 ἢ
2139 5650 2196 5710 μ’
2230 5643 2526 5710 σαγιττῶν
2572 5643 2941 5713 σωληίνάρια,
2974 5643 3109 5702 etc.
3150 5643 3329 5703 Lacus
3381 5650 3468 5702 hic
3500 5651 3655 5702 valde

2079 5723 2535 5786 corruptusrerat,
2563 5724 2806 5786 etfacere
2843 5717 3210 5786 transposita-,
3240 5733 3303 5771 ac
3328 5721 3466 5771 male
3498 5735 3652 5786 repe-

2079 5783 2211 5866 li’l'a}.
2241 5781 2533 5866 Restitulin
2568 5803 2580 5835 :
2615 5784 2752 5866 1:0qu
2778 5785 2832 5866 se
2857 5781 3183 5866 λεγομένους
3214 5787 3412 5866 ψιλοὺὶ
3427 5781 3650 5866 ἔχοντας

2068 5851 2240 5918 τόξον,
2263 5853 2561 5922 φαρέτραν,
2580 5855 2672 5904 καὶ
2700 5851 2974 5922 mnino-opu
2993 5851 3211 5924 μεγάλα
3230 5851 3517 5924 ’χωροῦντα
3545 5854 3651 5911 ἀνὰ
