4022 6434
304 391 409 455 739

1362 335 1696 446 TACTICA.
1744 409 1795 417 ο
1832 384 2339 446 CONSTITUTIO
2379 385 2455 446 VI

3457 390 3559 453 730

306 506 398 555 καὶ
423 502 534 564 τοῖς
564 498 777 570 ἐχθροῖς
811 499 1062 570 ἄχρηστὰ
1090 501 1196 554 εἰσι
1228 517 1239 533 ’
1270 498 1512 569 βιρίττας
1543 500 1681 571 (75),
1713 499 1749 551 ἃ.
1785 498 1856 551 λέ-

1978 498 2135 553 rittas
2178 508 2384 561 autem,
2411 514 2533 568 qum
2575 498 2861 565 rhictaria,
2895 500 2947 554 id
2994 508 3101 565 cst,
3152 502 3259 558 tela
3304 502 3557 560 dicuntur

303 610 458 661 γεται
486 592 784 662 ρικτάρια,
838 592 966 655 τοὺς
1031 593 1276 663 ἀπείρως
1333 592 1470 661 πρὸς
1516 592 1616 661 τὴν
1662 591 1875 654 τοξείαν

302 686 545 752 ἔχοντας,
572 683 721 753 ἣκαὶ
750 683 1126 753 λειπομένους,
1167 684 1241 746 ὡς
1272 684 1440 746 εἰκὸς,
1474 683 1665 747 τόξων.
1690 684 1874 753 Ἐχειν

298 776 353 827 δὲ
381 776 472 828 καὶ
494 773 795 844 σκουτάρια
826 775 1020 843 μικρὰ,
1041 774 1372 846 στρογγύλα,
1407 774 1759 843 σφενδοὸόλα,
1780 774 1876 828 καὶ

299 865 581 933 τζικούρια
600 866 764 933 ὅμοια
794 864 903 917 τῶν
932 866 1241 935 εἰρημένων
1265 864 1754 934 ἀναϐασταζόμενα
1782 864 1873 917 καὶ¹

297 956 434 1008 αὐτὰ
463 957 541 1017 είς
571 954 811 1025 Θηκὰρια
842 955 1159 1025 δερμάτινα.
1193 957 1273 1008 Τὰ
1301 956 1358 1008 δὲ
1395 955 1584 1025 ἱμάτια
1622 956 1731 1008 τῶν
1770 971 1871 1007 πε-

297 1049 404 1112 ζῶν
439 1048 693 1101 ἁπάντων
716 1049 958 1101 ἔστωσαν
990 1048 1149 1101 κονδὰ
1174 1048 1339 1117 μέχρι
1368 1048 1477 1099 τῶν
1501 1047 1743 1114 γονάτων
1770 1046 1869 1099 αύ-

294 1138 425 1201 τῶν,
462 1139 557 1190 ὲάν
588 1138 809 1191 δυνατὸν
841 1139 1037 1201 αὐτοὺς
1067 1138 1211 1207 ἔχειν
1237 1140 1332 1191 καὶ
1360 1138 1682 1207 ὲπιλώρικα.
1704 1138 1784 1190 Τὰ
1813 1138 1871 1191 δὲ

296 1230 622 1299 ὑποδήματα
647 1231 828 1281 αὐτῶν
860 1230 973 1298 (76)
1018 1229 1093 1300 μὴ
1134 1229 1278 1299 ἔχειν
1308 1229 1488 1294 ὀξείας
1535 1229 1867 1300 ἔμπροσθεν.

305 1322 629 1388 Ἀναγκαῖον
672 1321 727 1373 δὲ
767 1322 883 1391 (77)
920 1323 1015 1374 καὶ
1053 1321 1255 1389 ὀλίγοις
1292 1324 1504 1393 μικροῖς
1542 1322 1692 1392 ἥλοις
1732 1323 1867 1374 καθ-

295 1411 560 1481 ηλοῦσθαι
587 1412 747 1476 αὐτὰ,
772 1414 940 1483 ἤγουν
986 1414 1241 1481 καρφίοις
1281 1414 1433 1483 (78),
1478 1414 1615 1484 πρὸς
1649 1413 1869 1466 πλείονα

294 1503 621 1572 ὑπουργίαν·
652 1504 899 1573 χρήσιμα
922 1504 1030 1574 γὰρ
1061 1504 1231 1556 ταῦτα
1249 1544 1263 1568 ,
1296 1506 1389 1557 καὶ¹
1418 1505 1476 1558 ὲν
1507 1508 1628 1565 ταῖς
1656 1505 1862 1557 έδοιποο

292 1594 439 1663 ρίαις
461 1593 715 1663 μάλιστα.
753 1593 864 1646 Καὶ
890 1593 987 1656 τὰς
1021 1595 1224 1664 κουρὰς
1266 1594 1322 1647 δὲ
1353 1594 1531 1647 αὐτῶν
1562 1595 1757 1657 κοντας
1786 1595 1867 1662 γί-

289 1690 497 1752 νεσθαι,
528 1687 621 1740 καὶ
647 1686 722 1759 μὴ
752 1688 969 1757 ἀφεῖναι
993 1688 1176 1752 αὐτοῖς
1209 1688 1417 1751 τελείας
1450 1689 1645 1758 τρίχας
1673 1688 1866 1758 χρήσι-

289 1783 395 1853 μόν
428 1784 595 1835 ἐστιν.

1976 605 2071 645 eos
2103 591 2304 645 habere
2340 599 2575 660 oportet,
2600 591 2692 659 qui
2718 593 2793 644 rei
2821 593 3115 661 sagittarire
3142 593 3376 663 imperiti
3402 604 3554 659 sunt,

1975 691 2139 750 atque
2171 683 2336 735 ctiam
2377 697 2496 745 eos,
2527 682 2621 751 qui
2644 683 2882 737 arcubus
2920 684 3264 739 deﬁciuntur.
3305 684 3555 743 Ilabeant

1973 772 2136 825 etiam
2166 772 2375 826 scutula
2406 787 2571 841 parva
2608 774 2864 839 rotunda,
2907 774 3210 838 fundibula,
3242 787 3292 831 et
3325 778 3549 833 tzicuria

1973 864 2251 934 praedictis
2280 863 2471 920 formis
2500 866 2726 931 similia,
2757 882 2861 937 qua
2893 868 3058 921 etiam
3084 869 3258 923 thecis
3287 872 3551 925 eoriaceis

1973 963 2272 1024 gestentur.
2299 954 2493 1010 Vestes
2527 956 2769 1025 peditum
2827 957 3071 1011 omnium
3104 958 3213 1011 sint
3263 961 3468 1023 condas,
3495 959 3546 1012 id

1975 1054 2080 1106 est,
2114 1055 2343 1100 attonsa:
2372 1062 2543 1116 usque
2577 1047 2641 1101 ad
2672 1062 2846 1117 genua
2890 1049 3129 1111 illorum,
3158 1056 3211 1102 et
3264 1049 3308 1103 si
3345 1049 3395 1103 id
3432 1050 3548 1104 ﬁeri

1971 1145 2168 1205 potest,
2200 1138 2533 1207 superlorica
2566 1139 2819 1193 habeant.
2855 1140 3036 1195 Calcei
3069 1141 3285 1194 illorum
3332 1141 3547 1211 fastigia

1971 1238 2095 1282 ante
2132 1231 2442 1284 acuminata
2488 1247 2557 1286 ne
2598 1232 2851 1286 habeant.
2882 1231 3261 1287 Necessarium
3298 1249 3429 1288 vero
3466 1244 3549 1288 est

1969 1321 2161 1389 paucis
2216 1323 2541 1391 quibusdam
2599 1324 2825 1378 clavulis
2878 1324 3081 1378 ﬁrmari
3130 1327 3364 1387 calceos,
3409 1342 3548 1394 quos

1970 1412 2190 1481 carphia
2226 1413 2529 1482 appellant;
2579 1416 2644 1468 ad
2682 1417 2865 1471 varios
2892 1418 3039 1469 enim
3094 1431 3228 1489 usus
3260 1416 3391 1469 illud
3416 1418 3549 1469 utile

1969 1513 2072 1565 est,
2105 1513 2160 1558 et
2190 1505 2243 1559 in
2303 1507 2494 1574 primis
2528 1508 2593 1561 ad
2631 1508 2824 1561 itinera
2869 1507 3139 1561 facienda.
3186 1508 3256 1563 Et
3298 1511 3549 1563 caesaries

1968 1594 2183 1649 illorum
2221 1598 2429 1661 condze,
2467 1600 2517 1651 id
2543 1609 2645 1660 est,
2675 1610 2904 1653 attonsa:
2941 1600 3089 1659 ﬁant.
3114 1601 3394 1654 autetiam
3428 1616 3550 1669 per-

1968 1686 2205 1751 mittere,
2244 1697 2303 1741 ttt
2348 1690 2497 1744 nullo
2545 1694 2707 1744 modo
2753 1690 2960 1745 crinem
3010 1690 3267 1755 habeant,
3310 1692 3547 1749 fortasse

1968 1791 2075 1829 non
2113 1778 2303 1832 inutile
2329 1791 2430 1834 est.

357 1893 462 1958 κζ’.
495 1894 639 1947 Ἀλλ’
672 1895 817 1949 οὕτω
858 1896 954 1965 μὲν
983 1899 1109 1959 τοὺς
1154 1897 1354 1962 πεζοὺς
1390 1898 1731 1967 στρατιώτας
1774 1898 1856 1948 ὲν-

2034 1884 2126 1938 27.
2168 1884 2234 1937 Ει
2257 1888 2461 1955 pedites
2488 1891 2704 1958 quidem
2745 1893 2811 1947 ad
2864 1893 3011 1949 hunc
3043 1896 3268 1949 modum
3302 1911 3541 1965 appara-

279 1988 466 2049 δύσεις
500 1987 594 2039 καὶ
625 1987 984 2058 περιφράξεις
1009 1988 1076 2041 δι’
1108 1988 1288 2041 ὅπλων
1316 2003 1331 2017 ⁸
1371 1989 1508 2056 πρὸς
1537 1989 1594 2039 δὲ
1626 1989 1724 2057 τὴν
1757 1989 1862 2040 ὑπ-

280 2078 514 2150 ηρεσίαν
539 2078 719 2132 αὐτῶν
753 2079 847 2132 καὶ
870 2079 1115 2151 φυλακὴν
1157 2079 1373 2150 ἁμάξας
1417 2079 1861 2149 παρασκευάσεις

278 2169 565 2233 εὐσταλεῖς
607 2170 776 2241 ἦγουν
808 2171 1048 2241 ἐλαφρὰς
1093 2171 1189 2224 καὶ
1223 2170 1429 2240 γοργᾶς
1469 2168 1609 2222 κατά
1660 2169 1860 2239 δεκαρ-

280 2262 432 2330 χίαν,
463 2261 586 2331 ἦτοι
612 2260 1014 2332 λοντουϐέρνιν,
1049 2262 1175 2331 μίαν
1200 2262 1294 2314 καὶ
1325 2261 1401 2331 μὴ
1431 2260 1615 2325 πλέον,
1665 2262 1751 2313 ἵνα
1785 2261 1858 2330 μὴ

277 2349 471 2401 πολλοὶ
501 2351 581 2412 είς
615 2350 755 2402 αὐτὰ
820 2350 1204 2420 ἀσχολούμενοι
1261 2350 1526 2419 ἀργῶσιν.
1556 2349 1759 2418 Ἐχέτω
1802 2350 1858 2402 δὲ

236 2504 242 2509 ι
276 2439 489 2507 ἑκάστη
523 2438 632 2492 τῶν
665 2439 889 2509 ἁμαξῶν
942 2439 1289 2511 χειρόμυλον,
1344 2439 1557 2510 ἀξίνην,
1613 2441 1854 2504 πέλεκιν,

278 2528 613 2597 σκέπαρνον,
652 2529 885 2598 πριόνιν,
920 2530 1125 2600 δρυγας
1182 2529 1299 2593 δύο,
1338 2530 1571 2599 σφύραν,
1620 2531 1858 2599 mncipia

274 2618 397 2683 δύο,
430 2618 664 2687 κοφίνιν,
700 2620 930 2684 κιλίκια,
966 2621 1237 2688 φαλκίαν,
1274 2620 1565 2692 τζικούρια
1586 2660 1601 2685 ,
1633 2620 1857 2689 βαρδού-

275 2726 396 2773 κια,
427 2709 732 2779 ματζούκια
763 2712 918 2779 (ἴσως
948 2713 1042 2765 καὶ
1069 2712 1275 2764 τούτων
1320 2711 1479 2783 χρεία
1502 2712 1723 2782 γένηται
1745 2714 1858 2774 τοῖς

283 2796 697 2867 στρατιώταις),
734 2798 1019 2868 τριϐόλους
1053 2788 1448 2870 ἀναδεδεμένας
1496 2800 1606 2872 (79)
1652 2801 1739 2853 διὰ
1768 2801 1856 2853 λε-

276 2886 432 2939 πτῶν
472 2888 877 2957 σφηκωμάτων,
908 2890 1003 2941 καὶ
1035 2889 1092 2942 ὲν
1120 2889 1293 2959 ἥλωσι
1326 2890 1531 2961 σιδηρῷ
1570 2890 1681 2959 (80)
1718 2892 1855 2943 ἀπο-

273 2977 654 3047 κρατουμένας
677 3016 692 3042 ,
728 2977 817 3030 διὰ
854 2977 917 3029 τὸ
960 2977 1191 3045 ἑτοίμως
1235 2978 1635 3046 συναγαγέσθαι
1665 2979 1851 3041 αὐτάς.

284 3068 517 3137 Ἐτέρας
548 3070 766 3139 ἀμάξας
788 3069 1018 3139 ἐχούσας
1041 3070 1451 3141 τοξοὸολίστρας
1474 3073 1568 3124 καὶ
1596 3072 1854 3138 σαγίττας

275 3159 483 3225 αὐτῶν,
516 3160 613 3212 καὶ
648 3160 962 3231 βαλίστρας,
993 3162 1112 3229 ἦτοι
1144 3162 1464 3230 μαγγανικὰ
1488 3162 1554 3215 τὰ
1584 3163 1853 3233 λεγόμενα

272 3251 553 3306 ἀλακάτια
578 3251 924 3321 στρεφόμενα
955 3251 1258 3316 κύκλωθεν,
1295 3253 1392 3305 καὶ
1422 3256 1853 3324 μαγγαναρίους,

272 3342 671 3411 λεπτουργοὺς,
728 3339 971 3409 χαλκεῖς,
1025 3342 1119 3393 καὶ
1170 3338 1380 3403 τούτοις
1427 3340 1557 3393 ῐδιον
1618 3340 1855 3411 ἄρχοντα

204 3500 211 3505 ⁹
270 3434 589 3502 ἐπιστῆσαι.

346 3555 459 3617 κη’.
499 3546 726 3618 Ἐτέρας
777 3546 994 3617 ἀμάξας
1056 3546 1332 3618 φερούσας
1379 3548 1441 3600 τὸ
1502 3545 1854 3618 ἀρμαμέντον

270 3642 511 3697 ἑκάστου
544 3638 780 3709 ἀριθμοῦ
816 3639 925 3690 τῶν
958 3638 1326 3709 στρατιωτῶν.
1374 3640 1599 3708 Ἑτέρας
1638 3638 1854 3708 ἁμάξας

268 3734 347 3797 ὡς
389 3733 521 3785 δέκα
556 3732 589 3802 ἤ
624 3733 719 3784 καὶ
754 3730 927 3783 εἴκοσι
954 3729 1067 3800 (81)
1106 3729 1481 3799 βασταζούσας
1512 3729 1724 3791 πιστὸν,
1757 3730 1852 3781 καὶ

272 3824 644 3893 παξιμάδιον,
699 3825 794 3875 καὶ
861 3822 1161 3889 σαγίττας,
1210 3821 1305 3874 καὶ
1362 3820 1590 3891 τοξάρια
1640 3823 1706 3873 ὲκ
1751 3836 1851 3871 πε-

272 3914 490 3988 ρισσοῦ.

342 4029 448 4082 κον.
483 4027 716 4087 Ἵππους
751 4022 1157 4093 σαγματαρίους
1183 4060 1197 4083 ,
1224 4021 1258 4091 ἢ
1298 4019 1569 4088 ὑποζύγια
1619 4060 1634 4083 ,
1666 4021 1714 4072 εἰ
1751 4018 1851 4089 μὲν

270 4120 547 4190 ἐνδέχεται
575 4159 590 4185 ,
621 4115 742 4171 καθ’
774 4115 1006 4168 ἕκαστον
1040 4111 1414 4182 κοντουὸἐρνιν
1435 4152 1449 4176 ,
1495 4113 1544 4164 εἰ
1573 4111 1629 4163 δὲ
1664 4112 1805 4180 μήγε
1831 4150 1845 4175 ,

269 4210 354 4271 είς
382 4208 451 4259 τὰ
477 4205 572 4258 δύο
602 4202 988 4271 κοντουὸέρνια
1023 4200 1140 4264 ἕνα,
1177 4201 1263 4253 ἵνα
1304 4202 1354 4252 εί
1400 4201 1626 4271 γένηται
1656 4201 1847 4269 καιρὸς

271 4297 614 4369 χωρισθῆναι
639 4294 766 4357 τοὺς
781 4292 979 4356 πεζοὺς
1000 4293 1065 4345 ὲκ
1093 4293 1198 4344 τῶν
1224 4290 1450 4361 ἁμαξῶν
1471 4331 1486 4356 ,
1517 4291 1613 4343 καὶ
1638 4308 1845 4361 προκα-

266 4388 527 4443 ταλαὸεῖν
554 4387 741 4452 τόπον,
776 4384 1066 4454 βαστάζειν
1095 4383 1239 4436 ὀκτὼ
1268 4383 1301 4453 ἢ
1337 4383 1467 4436 δέκα
1495 4382 1720 4452 ἡμερῶν
1750 4382 1846 4435 δα-

1964 1974 2070 2037 bis,
2109 1986 2164 2029 et
2186 1980 2356 2032 armis
2387 1989 2561 2048 teges.
2591 1982 2671 2037 Ad
2709 2000 2866 2038 usum
2898 1986 3113 2041 illorum
3160 1996 3210 2041 et
3250 2002 3545 2042 conserva-

1969 2067 2169 2119 tionem
2201 2082 2388 2124 carros
2447 2072 2668 2127 habebis
2697 2077 2997 2145 expeditos,
3046 2079 3214 2146 agiles
3249 2089 3302 2133 et
3333 2079 3541 2143 ﬁrmos,

1964 2158 2258 2228 unicuique
2288 2162 2525 2216 decuriae
2573 2165 2687 2218 sive
2723 2168 3083 2222 contubernio
3129 2185 3320 2233 umtm,
3348 2178 3403 2224 et
3435 2186 3543 2225 non

1963 2250 2165 2317 plures,
2201 2259 2260 2304 ut
2283 2269 2349 2307 ηε
2367 2256 2521 2308 ιηυΙιὶ
2555 2257 2607 2309 in
2640 2258 2744 2311 illis
2776 2262 3026 2327 occupati
3050 2262 3309 2315 ulientur.
3338 2261 3545 2316 Habeat

1960 2352 2141 2396 autem
2178 2347 2555 2415 unusquisque
2593 2363 2783 2403 carrus
2818 2351 3014 2404 molam
3059 2353 3420 2417 manuariam,
3450 2367 3543 2407 se-

1961 2430 2160 2494 curim,
2206 2433 2433 2499 asciam,
2490 2436 2749 2503 prionim,
2801 2438 2854 2489 id
2910 2448 3017 2501 est,
3065 2454 3294 2501 serram,
3343 2452 3545 2508 orugas

1961 2517 2119 2584 duas,
2150 2520 2425 2585 malleum,
2466 2524 2696 2593 ptyaria,
2740 2525 2854 2579 sive
2884 2540 3093 2580 vannos
3142 2527 3303 2591 duos,
3350 2528 3544 2597 cophi-

1961 2626 2086 2663 nam
2114 2612 2373 2674 ciliciam,
2403 2614 2698 2682 phalciam,
2739 2616 2992 2678 tzicuria,
3016 2617 3296 2681 barducia,
3330 2629 3543 2673 matzu-

1961 2698 2105 2763 chia,
2156 2699 2410 2755 fortassis
2455 2704 2616 2755 etiam
2668 2702 2815 2771 (nam
2866 2704 3061 2759 horum
3111 2720 3245 2760 usus
3278 2707 3543 2761 militibus

1960 2789 2232 2845 interdum
2277 2792 2403 2861 est),
2456 2794 2685 2848 tribulas
2742 2797 2926 2863 parvis
2985 2798 3312 2864 quibusdam
3354 2797 3543 2854 fasciis

1959 2880 2173 2951 ligatas,
2205 2892 2259 2937 et
2295 2884 2449 2938 clavo
2484 2882 2661 2938 ferreo
2706 2886 3098 2954 appendentes,
3149 2897 3209 2941 ut
3251 2888 3408 2943 facile
3444 2890 3545 2943 ad-

1956 2975 2081 3031 duci
2118 2977 2371 3045 possint;
2423 2977 2562 3032 alios
2590 2993 2789 3033 currus
2834 2980 3169 3049 sagittarios,
3194 2982 3286 3050 qui
3313 2984 3540 3049 sagittas

1956 3066 2153 3127 ferant,
2180 3068 2593 3137 etmanganica,
2616 3068 2731 3121 sive
2747 3068 2992 3132 balistas,
3019 3084 3141 3137 qua:
3170 3070 3396 3123 alacatia
3434 3085 3539 3123 no-

1959 3155 2265 3219 minantur,
2313 3155 2642 3218 orbiculam,
2685 3166 2739 3210 et
2784 3156 3190 3225 manganarios,
3234 3158 3536 3219 cazlatores,

1958 3240 2141 3295 fabros
2174 3243 2423 3306 mrarios,
2450 3252 2504 3296 et
2538 3244 2659 3298 istis
2682 3244 3010 3313 peculiarem
3062 3244 3297 3313 aliquem
3344 3246 3541 3314 praele-

1956 3336 2101 3382 ctum
2148 3328 2369 3398 eligere.

2024 3526 2116 3581 28.
2135 3526 2283 3580 Alios
2311 3540 2518 3589 carros,
2540 3526 2635 3596 qui
2658 3526 3094 3595 uniuscujusque
3132 3538 3531 3583 armamentum

1956 3613 2131 3669 ferant
2179 3629 2278 3683 pro
2323 3630 2553 3669 numero
2608 3616 2863 3682 militum,
2909 3618 3045 3671 alios
3094 3632 3283 3672 carros
3320 3619 3531 3683 decem,

1952 3708 2039 3762 vel
2104 3707 2314 3778 viginti,
2373 3707 2465 3775 qui
2518 3708 2697 3761 ferant
2750 3711 2977 3776 pictum,
3030 3710 3421 3779 paximadium,
3478 3712 3531 3767 id

1952 3810 2056 3863 est,
2108 3816 2303 3869 panem
2359 3801 2686 3867 biscoctum,
2739 3805 2999 3873 sagittas,
3053 3814 3107 3857 et
3162 3819 3323 3860 arcus
3375 3821 3533 3861 com-

1951 3895 2153 3964 plures.

2019 4013 2108 4067 29.
2154 4012 2229 4065 Ex
2266 4012 2443 4083 equis,
2491 4010 2574 4066 vel
2613 4010 2882 4078 jumentis
2926 4006 3297 4078 sagmatariis.
3351 4009 3404 4063 id
3443 4019 3529 4063 est

1956 4104 2295 4166 sarcinariis,
2313 4105 2355 4157 si
2382 4103 2495 4156 ﬁeri
2516 4111 2707 4170 potest,
2734 4102 2787 4155 in
2820 4116 3147 4169 unoquoque
3169 4101 3530 4155 contubernio

1955 4210 2147 4258 unum,
2181 4196 2263 4249 sin
2290 4198 2487 4259 minus,
2520 4196 2735 4248 duobus
2766 4194 3135 4249 contuberniis
3166 4210 3356 4260 unum,
3391 4204 3449 4248 ut
3479 4194 3527 4248 si

1956 4286 2174 4340 occasio
2204 4287 2408 4355 quzevis
2434 4286 2526 4339 ﬁat
2550 4285 2974 4355 separandorum
3020 4286 3260 4352 peditum
3293 4300 3323 4339 a
3348 4286 3530 4339 curri-

1962 4377 2088 4440 bus,
2127 4386 2182 4431 et
2230 4377 2563 4447 anticipandi
2610 4377 2737 4439 loci,
2789 4376 2989 4430 vehant
3029 4391 3216 4429 secum
3267 4386 3391 4430 octo
3442 4381 3528 4433 vel

267 4481 472 4549 πάνην,
523 4478 619 4531 καὶ
662 4475 977 4530 ἀκολουθεῖν
1030 4476 1223 4546 μέχρις
1269 4470 1329 4531 οὗ
1375 4476 1747 4545 ὲπιφθάσωσιν
1789 4476 1845 4529 αἱ

1961 4470 2136 4524 decem
2194 4468 2405 4522 dierum
2471 4470 2725 4522 idoneum
2793 4477 3181 4532 commeatum,
3232 4468 3406 4523 donec
3459 4486 3528 4523 eo

266 4569 484 4640 ἅμαξαι
509 4568 811 4639 ἀργότερον
840 4566 1264 4638 περιπατοῦσαι.

332 4774 403 4826 λ’.
438 4773 552 4825 Ούκ
594 4773 867 4842 ἄχρηστον
910 4772 967 4824 δέ
1005 4788 1097 4840 μοι
1132 4771 1281 4824 δοκεῖ
1314 4770 1705 4841 μνημονεῦσαι,
1745 4773 1848 4825 κᾶν

262 4868 323 4919 ἐν
371 4865 572 4935 μικρῷ,
605 4866 696 4916 καὶ
727 4863 827 4930 τῆς
850 4862 1083 4932 ἀρχαίας
1111 4861 1377 4924 ὁπλίσεως
1406 4862 1513 4915 τῶν
1540 4862 1723 4926 πεζῶν
1755 4864 1847 4915 καὶ

266 4958 379 5014 τῶν
412 4956 795 5027 καθαλλαρίων
816 4994 832 5021 ,
866 4953 1049 5019 καθὼς
1091 4954 1345 5017 Αίλιανός
1370 4971 1430 5007 τε
1461 4956 1557 5008 καὶ
1586 4958 1635 5008 οἱ
1667 4954 1843 5008 λοιποὶ

263 5050 376 5103 τῶν
400 5048 677 5102 τακτικῶν
710 5048 1047 5116 συγγραφεῖς
1075 5045 1480 5115 ύπηγόρευσαν.
1540 5046 1698 5116 Παρὰ
1734 5048 1842 5115 γὰρ

263 5140 379 5201 τοῖς
403 5138 653 5207 ἀρχαίοις
694 5137 793 5205 τὴν
840 5135 940 5205 μὲν
967 5134 1198 5205 ἱππικὴν
1218 5134 1370 5198 τάξιν
1412 5136 1491 5197 εἰς
1524 5134 1619 5187 δύο
1654 5135 1842 5204 διαφο-

268 5228 371 5298 ρὰς
433 5229 699 5281 όπλίσεων
750 5228 968 5281 ἐποίουν
1019 5227 1068 5279 οἱ
1125 5226 1468 5296 στρατηγοὶ,
1544 5226 1673 5295 μίαν
1745 5226 1845 5294 μὲν

1878 4538 1926 4596 θ
1950 4576 2170 4618 currus.
2201 4561 2293 4629 qui
2318 4560 2524 4616 tardius
2558 4559 2853 4629 procedere
2884 4560 3083 4624 solent,
3117 4569 3307 4629 postea
3336 4560 3403 4614 ad
3429 4575 3523 4615 eos

1947 4652 2284 4723 perveniant.

2016 4764 2105 4820 '50.
2138 4764 2249 4818 Non
2286 4765 2477 4820 inutile
2506 4780 2635 4819 vero
2662 4764 2793 4818 mihi
2828 4764 3038 4817 videtur
3071 4765 3257 4832 paucis
3284 4764 3523 4832 antiqua)

1945 4866 2235 4912 armatura:
2266 4858 2517 4921 formam,
2557 4857 2700 4926 quod
2745 4856 2809 4909 ad
2837 4856 3047 4923 equites
3080 4865 3131 4907 et
3158 4855 3363 4923 pedites
3394 4870 3521 4924 per-

1950 4949 2109 5011 tinet,
2142 4962 2464 5012 memorare,
2497 4945 2956 5017 quemadmodum
2999 4944 3268 5011 IElianus,
3296 4956 3348 5000 et
3392 4948 3521 5001 reli-

1949 5041 2044 5111 qui
2078 5041 2155 5094 rei
2186 5040 2438 5097 militaris
2478 5040 2770 5107 scriptorcs
2818 5037 3093 5091 memoriae
3142 5039 3519 5107 prodiderunt.

1950 5132 2106 5200 Apud
2135 5132 2392 5201 antiquos
2437 5130 2579 5183 enim
2624 5136 2931 5198 equestrem
2980 5128 3151 5181 aciem
3194 5128 3406 5184 duabus
3432 5131 3517 5183 di-

1950 5224 2127 5278 versis
2164 5220 2456 5276 armaturis
2491 5218 2837 5283 muniebant;
2879 5217 3103 5272 alteram
3144 5226 3319 5273 autem
3365 5226 3520 5273 cata-

1798 5361 2025 5421 NOTAE.

259 5497 306 5550 λ’
341 5496 377 5569 ᾗ
420 5502 477 5569 μ(
504 5498 793 5566 σαγιττῶν,
824 5499 916 5552 ἐπὶ
952 5498 1061 5552 τῶν
1104 5500 1270 5565 ὤμων
1328 5496 1838 5569 ἀναδασταζὸμενα,

263 5566 603 5636 σωληνάρια,
623 5578 728 5622 etc.

340 5634 459 5706 (Z5)
486 5634 779 5706 Βιρίττας.
812 5634 1023 5706 Serilte,
1051 5636 1343 5706 βηρύττας.

340 5654 459 5705 (ιθ)
486 5654 779 5703 υιριττας.
812 5654 1023 5700 δεηυε,
1086 5655 1117 5706 η
1159 5654 1343 5699 υττας.

487 5654 1296 5786 ⁹[ποδήματα.ηδεςρἱεεοιιιτ,
1325 5704 1712 5786 ύποδείγματα.

340 5771 454 5845 (77)
517 5771 853 5844 ’Δνατὶαῖνκ
897 5775 1271 5842 Scribebatur,
1311 5771 1647 5843 ἀναγκαίοις.

2046 5496 2134 5563 78)
2155 5457 2418 5563 Καρρία.
2455 5493 2830 5563 scribebatur,
2857 5506 2925 5563 κα
2936 5487 3086 5563 ρφίας

2044 5555 2130 5631 793
2158 5555 2638 5631 Ἀτίᾰδεδεμένας.
2664 5555 3037 5631 scribebatur,
3057 5555 3514 5631 ᾁναδεδειγμένοι.

2040 5626 2130 5705 80)
2182 5637 2278 5687 Ἐν
2302 5626 2496 5700 illc-ibt
2535 5628 2780 5754 σιδηρῷ.
2819 5628 3031 5685 Scribe.
3062 5626 3131 5706 ὲν.
3145 5627 3261 5696 ἥλῳ
3289 5626 3514 5715 σιδηρῷ.

2040 5708 2129 5754 sn
2171 5704 2264 5754 '00
2326 5702 2471 5754 δέκα
2504 5702 2542 5754 ἢ
2592 5718 2667 5754 κα
2742 5699 2957 5753 εἴκοσι.
3015 5696 3397 5754 Scrlbcbatur.
3439 5714 3514 5754 ως

2040 5696 2129 5768 8f)
2171 5704 2264 5769 Ὠς
2326 5696 2471 5757 δέκα
2504 5702 2542 5769 ἢ
2592 5696 2690 5755 καί
2742 5699 2957 5753 εἴκοσι.
3015 5696 3399 5763 Scribebatur,
3439 5696 3518 5762 ὡς

1941 5776 1997 5829 δέ
2030 5778 2125 5829 καῖ
2146 5775 2339 5828 εἴκοσι.
