4022 6442
466 391 571 458 731

1680 392 1957 454 LEONlS
1982 391 2443 455 PHILOSOPHI

3634 400 3744 464 ’τῖ’ιὲ

468 513 778 581 phrartum,
824 508 879 565 id
916 518 1020 574 est,
1067 508 1354 567 loricatum
1394 509 1759 581 appellabant,
1821 512 2047 565 alteram

2164 510 2544 581 κατάφρακτον
2582 474 2885 587 λεγομένην
2909 550 2926 579 ,
2990 512 3087 568 καὶ
3115 513 3216 587 τήν
3250 511 3448 584 ἑτέραν
3481 514 3542 571 οὗ
3572 520 3743 573 κατά·

469 613 650 657 autem
697 615 805 655 non
852 599 1281 670 cataphractum,
1322 601 1375 656 id
1428 610 1533 665 est,
1597 616 1706 656 non
1762 601 2053 656 loricatrm

468 694 740 748 dicebant.

539 782 628 838 3i.
661 783 962 838 Armabant
1000 792 1183 838 autem
1226 782 1640 853 cataphractum
1687 783 1928 852 equitem
1955 798 2057 837 un-

466 875 630 944 dique
656 884 773 929 tum
808 875 1008 944 ipsum,
1035 887 1149 929 tum
1187 889 1389 944 equum
1421 875 1583 929 etiam
1614 874 1844 938 loriciis,
1872 874 1925 928 id
1948 882 2052 937 est,

468 965 674 1035 galeis;
726 965 1010 1032 clibaneis,
1063 965 1113 1019 id
1166 974 1271 1029 est,
1304 964 1665 1021 thoracibus:
1711 966 2054 1035 parameriis,

467 1057 522 1113 id
560 1065 645 1111 est
696 1056 1005 1122 machaeris,
1052 1056 1132 1111 vel
1173 1055 1391 1119 ferreis.
1429 1057 1616 1112 velex
1668 1058 1930 1111 cornibus
1974 1056 2057 1110 in-

466 1150 649 1206 textis.
688 1147 869 1218 Equos
913 1149 1230 1204 muniebant
1261 1149 1579 1204 lateralihus
1611 1158 1667 1204 et
1710 1148 2055 1214 frontalibus,

466 1240 521 1295 id
582 1250 688 1304 est,
740 1239 932 1304 latera,
989 1249 1042 1296 et
1101 1242 1299 1311 capita,
1348 1250 1403 1295 et
1459 1242 1703 1296 cervices
1762 1256 2054 1310 equorum,

467 1330 781 1386 thoracibus
825 1340 880 1386 et
924 1330 1111 1386 loricis
1170 1341 1225 1386 et
1291 1333 1396 1386 alia
1446 1342 1592 1387 certa
1633 1334 1862 1387 materia
1908 1341 2057 1403 tege-

466 1421 619 1477 bant.

536 1512 628 1567 52.
661 1511 742 1567 Ex
767 1511 832 1569 iis
853 1514 1132 1577 omnibus,
1160 1515 1250 1584 qui
1284 1514 1364 1569 vel
1408 1515 1769 1584 cataphracti,
1819 1515 1905 1570 vel
1944 1531 2055 1570 non

467 1605 805 1674 cataphracti
834 1615 987 1669 sunt,
1022 1607 1112 1660 alii
1142 1607 1360 1675 quidem
1399 1608 1672 1662 habebant
1699 1608 1968 1671 contaria,
2000 1609 2053 1663 id

472 1704 553 1750 est
578 1734 594 1758 ,
639 1695 846 1762 hastas,
878 1710 1016 1766 quas
1041 1712 1190 1751 nunc
1223 1698 1477 1752 menaula
1516 1707 1734 1762 vocant,
1765 1714 1887 1767 quae
1922 1698 2053 1753 olim

465 1787 674 1856 antiqui
700 1788 925 1843 lonchas
953 1789 1332 1851 nominabant.
1366 1789 1462 1858 qui
1489 1790 1821 1859 cataphracti
1854 1806 2053 1848 manus

2158 618 2420 671 φρακτον.

2236 778 2340 834 λα’.
2381 779 2642 845 Ὠπλιζον
2702 780 2761 834 δὲ
2792 778 2888 835 τον
2921 781 3021 854 μὲν
3050 783 3441 854 κατάφρακτον
3472 786 3749 843 καδαλλά-

2163 887 2279 941 ριον
2301 872 2663 941 πανταχόθεν,
2685 872 2847 927 αὐτόν
2876 891 2936 927 τε
2968 874 3060 927 καὶ
3090 875 3182 928 τὸν
3218 876 3388 930 ἵππον
3416 878 3603 933 αὑτοῦ.
3636 881 3751 935 Καὶ

2156 962 2246 1015 τὸν
2279 962 2379 1032 μὲν
2401 962 2567 1033 ἄνδρα
2595 963 2897 1035 λωρικίοις,
2923 964 3018 1019 καὶ
3039 966 3339 1031 κλιϐανίοις
3362 969 3396 1040 ἢ
3425 969 3687 1041 σιδηροῖς,
3712 973 3745 1044 ἢ

2158 1055 2223 1108 ἐκ
2249 1058 2496 1127 κεράτων
2529 1057 2972 1128 ἐπιπλεγμένοις,
3018 1060 3113 1113 καὶ
3167 1062 3567 1133 παραμικρίοις
3606 1064 3749 1134 (82).

2157 1147 2298 1211 Τοὺς
2343 1149 2399 1201 δὲ
2447 1148 2648 1212 ἵππους
2689 1150 3073 1220 κατέφραττον
3117 1153 3609 1223 παραπλευριδίοις
3649 1158 3751 1209 καὶ

2156 1239 2638 1308 προμετωπιδίοις,
2666 1240 2836 1311 ήγουν
2868 1240 2935 1294 τὰ
2957 1240 3188 1310 πλευρά,
3221 1244 3317 1296 καὶ
3338 1242 3438 1307 τὰς
3473 1246 3747 1315 κεφαλὰς,

2157 1329 2399 1392 καὶτοὺς
2429 1331 2739 1401 τραχήλους
2768 1331 2879 1383 τῶν
2903 1331 3089 1385 ἵππων
3123 1333 3212 1386 διὰ
3243 1333 3539 1389 κλιϐανίων
3569 1336 3603 1406 ἢ
3636 1337 3748 1390 λω-

2161 1421 2371 1489 ρικίων,
2407 1421 2440 1491 ῆ
2470 1421 2638 1491 άλλης
2669 1421 2801 1488 ὕλης
2847 1424 3214 1480 κατέσκεπον.

2228 1513 2333 1582 λβ¹.
2372 1514 2593 1569 Τούτων
2622 1515 2679 1568 δὲ
2714 1516 2936 1568 πάντων
2968 1516 3079 1569 τῶν
3102 1534 3162 1569 τε
3191 1519 3604 1588 καταφράκτων
3644 1539 3749 1574 κα-

2158 1604 2467 1676 ϐάλλαρίων
2509 1606 2605 1659 καὶ
2653 1608 2763 1660 τῶν
2816 1606 2892 1679 μὴ
2923 1611 3334 1680 καταφράκτων
3369 1612 3418 1663 oi
3450 1612 3552 1682 μὲν
3599 1611 3751 1684 εἶχον

2157 1699 2442 1767 κοντάρια,
2486 1699 2536 1751 οἱ
2575 1698 2633 1752 δὲ
2663 1698 2733 1751 τά
2759 1698 3032 1768 λεγόμενα
3066 1701 3162 1754 νῦν
3194 1703 3438 1773 μέναυλα
3463 1743 3479 1768 ,
3518 1706 3663 1776 ἅπερ
3698 1708 3751 1760 oi

2157 1790 2375 1859 ἀρχαῖοι
2408 1789 2608 1860 λόγχας
2656 1790 2907 1845 ἐκάλουν.
2960 1792 3174 1855 Οῖτινες
3238 1795 3333 1846 καὶ
3365 1795 3750 1866 κατάφρακτοι

464 1894 591 1933 cum
624 1878 780 1933 hoste
800 1882 1185 1942 conserebant,
1219 1879 1312 1934 alii
1342 1888 1525 1934 autem
1556 1851 1772 1959 eminus
1794 1880 2050 1947 jaculan-

2340 1851 2541 1952 χεῖρας.
2559 1851 2885 1937 συνέϐαλλον
2906 1888 3018 1948 τοῖς
3048 1851 3351 1955 πολεμίοις,
3381 1888 3431 1939 ot
3456 1851 3753 1960 thbaxpd-

463 1980 569 2035 tes,
608 1986 749 2042 quos
793 1980 990 2026 vocant
1028 1973 1413 2035 acrobolistas,
1471 1972 1525 2026 id
1579 1982 1686 2034 est,
1720 1972 2055 2040 jaeulatores

462 2060 745 2115 velitares.
766 2060 869 2126 Qui
894 2075 1024 2115 vero
1042 2061 1227 2115 hastas
1251 2061 1543 2127 habebant,
1569 2061 1642 2115 illi
1663 2071 1831 2123 certe,
1866 2078 2056 2131 quem-

465 2154 761 2209 admodum
796 2155 1004 2209 dictum
1045 2163 1150 2219 est,
1185 2169 1310 2209 cum
1363 2154 1615 2210 hostibus
1665 2156 2052 2226 conﬂigebant,

462 2246 717 2301 cominus
740 2246 911 2302 hastis
942 2254 1264 2315 pugnantes.
1304 2245 1383 2299 Ex
1415 2246 1482 2301 iis
1517 2256 1697 2301 autem
1726 2250 1819 2316 qui
1854 2247 2049 2317 proelio

462 2335 851 2404 conﬂigebant,
913 2337 1004 2390 alii
1058 2337 1304 2401 thureos,
1354 2337 1407 2390 id
1454 2345 1561 2399 est,
1611 2347 1767 2392 scuta
1818 2338 2052 2404 oblonga

464 2441 663 2497 magna
692 2426 985 2492 habebant,
1010 2427 1102 2480 alii
1129 2428 1249 2481 sine
1272 2427 1444 2481 scutis
1465 2428 1600 2482 solis
1628 2428 1798 2484 hastis
1826 2431 2053 2498 prmlia-

465 2518 690 2581 bantur,
733 2525 785 2571 et
818 2517 892 2570 illi
921 2517 1138 2586 quidem
1178 2517 1559 2585 thureOphori,
1613 2517 1667 2573 id
1705 2527 1812 2585 est,
1856 2522 2054 2576 scutati

476 2606 925 2671 nominabantur,
947 2607 1002 2660 hi
1035 2622 1167 2661 vero
1192 2608 1429 2664 hastati:
1468 2623 1592 2664 nam
1618 2611 1925 2665 contarium
1956 2612 2054 2666 ha-

464 2709 608 2755 stam
640 2698 982 2769 appellabant

531 2903 620 2955 33.
651 2900 874 2971 Equites
904 2899 1284 2966 acrobolistas,
1320 2899 1372 2955 id
1417 2909 1522 2966 est,
1573 2901 1908 2971 jaculatores
1955 2916 2050 2955 ve-

463 2994 671 3055 litares,
711 2992 802 3061 qui
827 2993 1044 3046 eminus
1078 2990 1283 3045 feriunt
1329 2999 1383 3046 et
1423 2994 1766 3061 prteliantur,
1796 2993 1887 3046 alii
1927 2993 2044 3047 rhi-

460 3085 671 3145 ctariis,
704 3084 756 3137 id
788 3093 892 3147 est,
938 3083 1141 3152 jaculis
1183 3083 1499 3148 utebantur,
1546 3084 1637 3137 alii
1685 3084 1962 3139 arcubus:
1994 3092 2050 3139 et

2157 1972 2249 2024 θεν
2283 1968 2427 2042 ἦσαν
2451 1974 2851 2041 ἀκοντίζοντες,
2878 1974 2973 2037 οὒς
2996 1976 3091 2028 καὶ
3114 1976 3300 2045 ἔλεγον
3328 1977 3747 2048 άκροὸολιστάς.

2154 2064 2278 2116 Τῶν
2299 2065 2355 2117 δὲ
2380 2064 2449 2118 τά
2477 2068 2761 2137 κοντάρια,
2791 2067 2824 2137 ἢ
2854 2068 2953 2131 τάς
2990 2067 3193 2138 λόγχας
3225 2069 3458 2139 ἐχόντων
3477 2110 3493 2135 ,
3528 2071 3580 2122 ot
3602 2070 3706 2140 μὲν
3732 2108 3753 2137 ,

2153 2153 2229 2217 ὡς
2257 2155 2496 2225 εἴρηται,
2532 2152 2677 2227 ἦσαν
2705 2159 2755 2210 οί
2806 2162 2919 2222 τοῖς
2954 2159 3240 2229 πολεμίοις
3266 2161 3747 2232 συμπλεκόμενοι,

2154 2251 2253 2303 καὶ
2308 2250 2538 2320 πλησίον
2567 2251 2659 2304 διὰ
2690 2250 2799 2304 τῶν
2831 2252 3075 2322 δοράτων
3114 2255 3235 2324 ἦτοι
3285 2254 3396 2308 τῶν
3443 2256 3752 2326 κονταρίων

2161 2342 2484 2411 μαχόμενοι.
2511 2343 2731 2397 Τούτων
2759 2344 2816 2396 δὲ
2864 2344 2975 2397 τῶν
3008 2345 3481 2417 συμπλεκομένων
3500 2350 3566 2419 τῇ
3597 2348 3750 2422 μάχῃ

2154 2432 2204 2483 οἱ
2266 2432 2364 2502 μὲν
2433 2433 2659 2503 θυρεοὺς
2708 2430 2897 2503 εἶχον,
2960 2436 3081 2505 ἦτοι
3140 2437 3440 2507 σκουτάρια
3492 2437 3746 2507 ἐπιμήκη

2159 2525 2391 2594 μεγάλα,
2428 2527 2479 2578 οί
2523 2526 2580 2578 δέ
2606 2527 2778 2597 χωρὶς
2805 2526 2912 2579 τῶν
2944 2527 3156 2597 θυρεῶν
3190 2528 3375 2597 μόνοις
3414 2529 3528 2591 τοῖς
3555 2545 3752 2581 κοντα-

2158 2618 2293 2688 ρίοις
2317 2618 2429 2687 (85)
2448 2619 2737 2689 ἐμάχοντο.
2756 2620 2864 2672 Kal
2884 2621 2934 2672 οί
2957 2621 3055 2690 μὲν
3074 2621 3369 2674 ἐκαλοῦντο
3390 2620 3745 2692 θυρεοφόροι,

2151 2710 2201 2761 οἱ
2257 2708 2314 2760 δὲ
2368 2709 2510 2772 ἰδίως
2567 2708 2926 2780 δορατοφόροι
2959 2726 2974 2741 ο
3039 2712 3169 2783 δόρυ
3218 2711 3329 2784 γάρ
3378 2713 3439 2765 τὸ
3489 2715 3750 2786 κοντάριν

2153 2797 2358 2866 ελεγον.

2224 2888 2326 2959 λγ’.
2370 2892 2792 2962 ’Λκροϐολιστάς
2822 2894 2880 2949 δὲ
2910 2895 3018 2949 τῶν
3049 2893 3437 2964 καὸαλλαρίων
3462 2894 3699 2948 ἐκάλουν
3727 2934 3744 2960 ,

2152 2982 2321 3052 ἤγουν
2349 2984 2475 3046 τοὺς
2504 2986 2781 3053 μακρόθεν
2810 2985 3106 3055 βάλλοντάς
3148 3001 3207 3037 τε
3257 2985 3353 3037 καὶ
3382 2986 3745 3055 μαχομένους.

2152 3071 2370 3125 Τούτων
2409 3072 2464 3124 δὲ
2494 3073 2543 3125 οἱ
2590 3073 2689 3142 μὲν
2718 3075 2988 3145 δορατίοις
3043 3075 3212 3145 ήγουν
3254 3074 3564 3144 ρικταρίοις
3615 3074 3747 3126 ἐκέ-

463 3176 554 3230 alii
579 3190 644 3229 ex
689 3174 796 3228 illis
826 3174 1042 3228 eminus
1082 3173 1453 3241 conjiciebaut
1482 3174 1691 3236 hastas,
1717 3175 1807 3226 alii
1850 3174 2050 3229 directe

2164 3180 2377 3232 χρηντο,
2418 3164 2467 3215 οἱ
2499 3163 2553 3216 δὲ
2599 3164 2799 3228 τόξοις.
2862 3165 2975 3218 Καὶ
3004 3166 3055 3218 oi.
3088 3164 3188 3235 μέν
3237 3164 3416 3218 αὐτῶν
3468 3165 3747 3236 μακρόθεν

462 3265 842 3337 procedentes,
882 3265 970 3317 alii
1013 3266 1519 3328 circumcursando,
1563 3281 1703 3334 quos
1746 3266 2045 3334 hippacon-

462 3360 645 3422 tistas,
695 3356 745 3409 id
789 3364 894 3420 est,
939 3366 1221 3424 equestres
1265 3356 1601 3425 jaculatores
1649 3358 1922 3421 dixerunt,
1956 3357 2047 3411 alii

459 3448 702 3502 arcubus
729 3446 1016 3509 feriebant,
1052 3464 1190 3516 quos
1242 3450 1620 3514 ἱπποτοξότας,
1654 3448 1705 3502 id
1744 3460 1845 3512 est,
1881 3464 2050 3518 eque-

459 3549 601 3595 stres
631 3540 965 3608 sagittarios.
1001 3539 1234 3602 Quidam
1266 3555 1331 3592 ex
1370 3540 1477 3592 illis
1506 3540 1776 3607 expeditis
1825 3550 1877 3593 et
1908 3540 2044 3593 veli-

465 3631 674 3685 taribus
726 3630 925 3697 iaculis
993 3632 1307 3693 utebantur,
1356 3639 1412 3683 et
1465 3646 1588 3684 cum
1647 3631 1813 3684 semel
1884 3639 2047 3699 atque

463 3721 660 3774 iterum
685 3719 909 3788 jaculati
960 3718 1185 3783 fuerint,
1230 3720 1296 3773 de
1347 3728 1545 3773 caetero
1591 3720 1891 3788 conﬂigunt
1920 3734 2046 3773 cum

463 3812 739 3876 hostibus,
789 3811 873 3863 vel
932 3812 1122 3875 hastis,
1175 3827 1313 3879 quas
1356 3812 1628 3865 habebant
1686 3812 1916 3873 relictis.
1963 3812 2049 3865 vel

459 3903 732 3973 expeditis
761 3902 981 3971 jaculis,
1014 3902 1093 3954 vel
1145 3901 1355 3971 spathis
1407 3901 1520 3955 suis
1553 3911 1804 3955 utentes:
1833 3912 1886 3953 et
1913 3901 2050 3956 istos

456 3997 733 4052 vocabant
783 3995 992 4049 velites.
1026 3994 1256 4060 Quidam
1299 4010 1361 4048 ex
1415 3996 1520 4048 illis
1575 4009 1798 4049 secures
1846 4009 2043 4064 parvas

459 4087 727 4149 ferebant,
765 4087 935 4141 aciem
972 4087 1209 4155 undique
1240 4094 1475 4151 acutam,
1512 4085 1670 4154 quasi
1694 4084 1885 4138 dentes
1916 4098 2043 4137 cum

460 4188 805 4233 exacuuntur
845 4178 1128 4231 habentes.
1169 4176 1233 4230 Et
1270 4186 1578 4246 equestrem
1624 4177 1797 4230 aciem
1830 4178 2045 4244 (quem-

465 4270 761 4323 admodum
796 4269 985 4338 paueis
1008 4268 1293 4337 complecti
1346 4267 1519 4338 potui)
1550 4269 1617 4322 ad
1650 4269 1797 4321 hunc
1822 4267 2047 4321 modum

466 4360 757 4413 armabant
788 4359 1015 4428 antiqui.

536 4453 627 4506 54.
666 4450 975 4506 Pedestrem
1026 4452 1199 4506 aciem
1240 4452 1308 4507 ab
1344 4450 1585 4520 antiquis
1622 4451 1703 4505 sic
1735 4449 2048 4504 invenimus

2156 3254 2416 3326 ἔρριπτον
2442 3254 2509 3307 τὰ
2535 3258 2815 3326 ρικτάρια,
2852 3257 2884 3325 ἢ
2918 3257 3007 3309 ἐπ’
3040 3257 3259 3320 εὐθείας
3297 3256 3409 3328 (84)
3434 3257 3747 3327 ἐρχόμενοι,

2155 3345 2188 3415 ἢ
2224 3345 2408 3415 κύκλῳ
2436 3348 2871 3417 περιτρέχοντες.
2896 3346 3003 3410 Οὓς
3030 3348 3264 3401 ἐκάλουν
3297 3348 3745 3410 ίπποκοντιστάς.

2158 3437 2221 3488 Ol
2256 3436 2313 3488 δὲ
2342 3440 2455 3501 τοῖς
2489 3438 2663 3504 τόξοις
2695 3438 2919 3491 ἔϐαλλον
2945 3478 2960 3501 ,
2991 3439 3084 3501 οὓς
3114 3439 3342 3503 ἐκάλουν
3366 3440 3748 3504 ἱπποτοξότας.
3802 3497 3813 3502 ,

2157 3527 2315 3590 Τινὲς
2344 3527 2401 3580 δὲ
2430 3529 2610 3581 αὐτῶν
2656 3529 2916 3600 ἐλαφροῖς
2970 3531 3279 3601 κονταρίοις
3336 3531 3601 3601 ἐχρῶντο,
3651 3535 3750 3586 καὶ

2159 3620 2289 3690 μίαν
2326 3620 2358 3691 ἢ
2388 3620 2648 3691 δευτέραν
2685 3621 3241 3691 προεξακοντίσαντες
3286 3624 3348 3677 τὸ
3386 3625 3572 3679 λοιπὸν
3618 3643 3751 3678 συν-

2156 3711 2450 3765 επλέκοντο
2477 3715 2588 3775 τοῖς
2632 3712 2933 3783 πολεμίοις,
2988 3714 3020 3785 ἢ
3052 3718 3162 3777 τοῖς
3190 3716 3460 3788 δορατίοις
3485 3712 3568 3779 οἷς
3598 3714 3749 3786 εἶχον

2156 3805 2637 3875 ἀπολειπομένοις,
2665 3806 2835 3877 ἤγουν
2859 3808 2973 3870 τοῖς
3004 3808 3259 3880 ἐλαφροῖς
3312 3810 3623 3882 κονταρίοις
3649 3849 3666 3874 ,
3711 3811 3747 3881 ἢ

2154 3900 2272 3960 τοῖς
2313 3899 2564 3961 σπαθίοις
2638 3900 2820 3953 αὐτῶν
2864 3901 3278 3972 διαχρώμενοι,
3354 3903 3450 3956 καὶ
3515 3903 3750 3967 τούτους

2155 3990 2385 4043 ἐκάλουν
2438 3990 2729 4061 ἐλαφρούς.
2789 3992 2947 4055 Τινὲς
2994 3992 3050 4045 δὲ
3101 3993 3285 4047 αὐτῶν
3334 3994 3455 4049 καὶ
3487 3995 3747 4061 πελέκεις

2158 4083 2394 4156 μικροὺς
2435 4084 2634 4154 ἔφερον
2669 4085 3009 4155 πανταχόθεν
3045 4085 3274 4156 ἐχούσας
3310 4085 3536 4151 ἀκωκὰς
3564 4088 3753 4153 ὀξείας

2154 4176 2230 4239 ὡς
2284 4175 2509 4238 ὀδόντας
2556 4175 2953 4246 ὴκονημένους.
3007 4179 3120 4233 Kal.
3182 4180 3283 4251 τὴν
3330 4180 3754 4254 καὸαλλαρικὴν

2156 4268 2309 4333 τάξιν
2340 4269 2516 4333 οὕτως
2550 4268 2788 4336 ὥπλιζον
2840 4271 2888 4322 οἱ
2934 4270 3200 4339 παλαιοὶ,
3234 4274 3359 4327 ὅσον
3390 4274 3449 4327 ἐν
3490 4275 3753 4348 συντόμῳ

2156 4363 2351 4416 εἰπεῖν.

2228 4454 2323 4510 λδν.
2349 4455 2460 4526 Τὴν
2494 4458 2551 4511 δὲ
2577 4457 2809 4529 πεζικὴν
2839 4456 2992 4529 παρὰ
3018 4457 3119 4529 τὴν
3146 4456 3256 4510 τῶν
3303 4457 3549 4527 ἀρχαίων
3590 4457 3753 4523 τάξιν

462 4543 799 4612 descriptam
840 4558 980 4598 esse.
1023 4540 1082 4597 ln
1132 4552 1241 4599 tres
1289 4546 1433 4598 enim
1484 4554 1666 4613 partes
1704 4542 1891 4611 copias
1922 4556 2050 4597 suas

2164 4544 2329 4610 οὕτως
2349 4547 2602 4619 εὕρομεν.
2630 4549 2843 4620 Τριχῶς
2870 4549 2968 4618 μὲν
2989 4548 3099 4620 γὰρ
3127 4549 3301 4620 αὐτῆς
3319 4548 3631 4620 διεμέριζον
3647 4549 3753 4619 τὴν

461 4633 797 4698 dividebant,
823 4634 1279 4702 quemadmodum
1313 4650 1342 4686 ιι
1373 4632 1532 4687 nobis
1561 4633 1812 4702 superius
1839 4647 2047 4686 memo-

464 4734 643 4781 ratum
687 4735 771 4781 est
811 4734 908 4780 :et
944 4726 1199 4795 primam,
1234 4740 1455 4797 gravem
1506 4737 1864 4789 armaturam,
1910 4725 2047 4779 alte-

462 4832 578 4871 ram
610 4817 867 4885 peltastas
913 4817 1028 4870 sive
1064 4826 1322 4883 cetratos,
1357 4812 1570 4870 tertiam
1604 4816 1773 4871 levem
1804 4830 2046 4870 armatu-

462 4924 579 4963 nm
643 4911 929 4965 vocabant.
986 4909 1052 4962 Et
1108 4909 1288 4979 gravis
1356 4918 1649 4962 armatura:
1701 4907 2048 4961 Macedonico

466 5013 617 5053 more
641 5001 1103 5066 ponderosissima
1154 5015 1304 5054 arma
1356 4999 1554 5063 fecere,
1587 4999 2047 5070 quemadmodum

462 5088 766 5143 Alexander
794 5087 1015 5142 Macedo
1057 5088 1235 5144 facere
1262 5088 1492 5143 solebat.

536 5180 626 5236 55.
686 5180 899 5236 Etenim
948 5190 1102 5236 scuta
1149 5182 1257 5235 illis
1304 5181 1577 5236 faciebant
1622 5181 1881 5251 rotunda;
1928 5199 2047 5237 ma-

467 5288 596 5343 gna,
636 5273 892 5343 oblonga,
925 5290 1046 5343 quae
1069 5274 1291 5328 thureos
1316 5274 1681 5342 appellabant,
1716 5284 1769 5329 et
1804 5276 2052 5331 machaec

412 5386 416 5388 γ
465 5383 554 5421 ras
587 5383 725 5437 quas
756 5367 1059 5436 parameria
1100 5365 1465 5434 appellabant,
1513 5379 1565 5420 et
1618 5367 1827 5430 loricia,
1860 5368 1912 5421 id
1959 5378 2048 5423 est

465 5460 665 5530 galeas,
702 5469 755 5513 ct
805 5459 1061 5526 clibania,
1093 5457 1147 5514 id
1188 5468 1269 5513 est
1308 5459 1576 5521 thoraces.
1607 5470 1662 5515 et
1688 5459 1954 5527 cassides,
1986 5470 2046 5514 et

2150 4641 2388 4706 ὅπλισιν,
2433 4641 2511 4704 ὼς
2560 4641 2822 4709 ἀνωτέρω
2875 4642 3094 4712 εἴρηται
3132 4642 3289 4710 ἡμῖν.
3341 4641 3453 4694 Καὶ
3490 4640 3590 4710 τὴν
3644 4641 3750 4711 μὲν

2150 4731 2379 4786 ἐκάλουν
2401 4733 2627 4797 ὁπλίτας
2655 4774 2669 4799 ,
2712 4735 2813 4803 τὴν
2840 4733 2897 4785 δὲ
2926 4732 3233 4797 πελταστάς
3256 4775 3271 4799 ,
3311 4735 3413 4803 τὴν
3444 4733 3501 4787 δέ
3526 4733 3744 4803 ψιλούς.

2150 4818 2262 4873 Kal.
2291 4818 2389 4889 τὴν
2424 4818 2660 4889 μὲνδῶν
2693 4819 3004 4890 λεγομένων
3025 4821 3262 4873 ὁπλιτῶν
3287 4820 3598 4893 βαρυτάτην
3637 4839 3751 4876 πα-

2160 4909 2227 4979 ρὰ
2259 4910 2465 4971 πάντας
2497 4910 2624 4971 τοὺς
2646 4907 2847 4973 πεζοὺς
2870 4910 3111 4973 ἐποίουν,
3149 4910 3292 4964 κατὰ
3321 4912 3410 4964 τὸν
3436 4912 3743 4965 Μακεδονι-

2157 5000 2251 5052 κὸν
2282 5002 2502 5071 τρόπον,
2528 5000 2695 5070 ἤγουν
2725 5000 2848 5054 καθ’
2879 5000 2937 5054 ὃν
2962 5000 3316 5072 Ἀλέξανδρος
3346 5004 3373 5055 ὁ
3422 5002 3530 5056 τῶν
3554 5004 3748 5057 Μακε-

2156 5087 2320 5141 δόνων
2344 5090 2635 5159 ἐχρήσατο.

2227 5181 2323 5236 λε’.
2376 5183 2485 5235 Καὶ
2510 5183 2618 5253 γὰρ
2654 5182 2954 5253 σκουτάρια
2997 5183 3215 5236 ἐποίουν
3261 5183 3443 5246 αὐτοῖς
3482 5183 3745 5254 στρογγύ-

2156 5274 2223 5327 λα
2253 5275 2463 5344 μεγάλα
2494 5276 2799 5345 παραμήκη
2825 5315 2841 5339 ,
2886 5275 2922 5329 ἃ
2962 5274 3149 5344 ἔλεγον
3189 5275 3439 5345 θυρεοὺς,
3490 5279 3585 5329 καὶ
3632 5294 3741 5346 μαο

2161 5366 2355 5436 χαίρας
2388 5405 2402 5426 ,
2466 5365 2637 5434 ήγουν
2691 5366 3023 5438 παραμήρια
3053 5408 3069 5434 ,
3144 5367 3240 5420 καὶ
3292 5365 3593 5438 θώρακας,
3646 5371 3743 5421 καὶ

2155 5457 2332 5526 κράνη
2358 5495 2374 5523 ,
2414 5455 2584 5524 ἤγουν
2622 5456 2856 5528 λωρίκια
2882 5496 2899 5521 ,
2968 5458 3062 5509 καὶ
3113 5456 3368 5513 κλιϐάνια
3422 5458 3536 5529 (85)
3562 5498 3578 5525 ,
3638 5458 3739 5512 καὶ

2001 5549 2235 5607 ΝΟΤᾸΕ.

680 5640 1117 5714 Παραμικρίοές.
1157 5640 1382 5714 Scribe,
1413 5642 1805 5714 παραμηρίοις.

539 5710 649 5775 (83)
685 5714 902 5775 Μόνοις
967 5712 1089 5775 τοῖς
1137 5710 1507 5777 xor-raptam.
1546 5710 1935 5780 Scribebatur,
1986 5729 2044 5782 μ.

474 5782 837 5843 σκουταρίοις.

547 5844 763 5917 (84)”?!
795 5849 886 5900 ἐπ’
924 5850 1176 5914 εὐθείας.
1210 5850 1581 5915 Scribebatur,
1615 5850 1648 5919 ἢ
1688 5851 2006 5915 εὐπαθείαςο

2235 5640 2348 5711 (85)
2388 5640 2497 5711 Καὶ
2527 5639 2817 5711 θώρακας,
2841 5642 2937 5695 καὶ
2959 5641 3168 5708 κράνη,
3217 5641 3409 5711 ἤγουν
3467 5642 3738 5710 λωρίκια,

2187 5710 2287 5763 καὶ
2317 5709 2612 5780 κλιϐάνια.
2656 5710 2834 5766 Locus
2860 5722 3156 5780 corruptus
3196 5709 3301 5767 est.
3357 5709 3627 5777 Restituo,
3675 5729 3737 5765 ac

2153 5782 2274 5901 ἔειβο
2310 5797 2324 5836 :
2356 5779 2629 5850 θώρακας,
2659 5782 2827 5850 ’ήγουν
2859 5779 3111 5851 λωρίκια,
3146 5784 3240 5835 καὶ
3265 5784 3465 5854 κράνη,
3500 5782 3595 5835 καὶ
3627 5783 3739 5838 κλι-

2193 5866 2333 5903 ανια.
