4022 6442
275 390 375 453 733
1349 395 1683 457 TACTICA.
1723 421 1791 433 -
1820 393 2322 458 CONSTITUTIO
2346 395 2481 461 VII.
3407 400 3514 465 734

275 495 553 560 κάσσιδας,
596 497 687 550 καὶ
716 499 1024 567 μανικέλια,
1057 503 1153 557 καὶ
1177 502 1515 575 χαλκότουϐα
1542 543 1556 569 ,
1602 503 1750 575 ἅπερ
1778 503 1827 555 οἱ
1854 507 1877 565 1

1988 504 2259 572 anicellia,
2294 514 2350 561 et
2378 503 2725 573 chalcotuba,
2765 519 2890 576 qua:
2933 504 3143 576 antiqui
3186 505 3512 577 pericnemi-

274 588 487 643 παλαιοὶ
521 589 923 660 περικνημίδας
960 592 1221 647 ἐκάλουν·
1277 594 1375 649 καὶ
1414 594 1671 663 κοντάρια
1722 610 1830 662 μα-

1985 611 2053 662 ιε,
2086 597 2137 651 id
2184 606 2291 661 est,
2331 611 2525 653 ocreas
2570 610 2753 653 aeneas
2804 598 3185 661 nominabant,
3232 612 3285 655 et
3329 601 3518 660 hastas

278 679 524 750 κρότερα.
575 679 715 744 Τοὺς
748 681 853 752 μὲν
878 682 975 737 οὖν
1018 684 1244 751 ὁπλίτας
1286 686 1610 757 λεγομένους
1656 684 1830 748 οὕτως

1985 702 2146 759 νοεοε.
2188 686 2257 743 Et
2282 703 2500 759 gravem
2516 698 2854 744 armaturam
2884 691 2966 745 sic
2992 693 3303 749 armabant.

276 770 521 836 ὥπλιζον.

337 860 445 926 λς’.
464 861 603 926 Τοὺς
622 860 678 916 δὲ
698 862 886 932 ψιλοὺς
902 865 1119 921 πάντων
1143 866 1482 939 ἐλαφροτάτῃ
1507 865 1739 930 ὥπλιζον
1765 866 1832 933 τῇ

2003 864 2094 921 56.
2118 865 2315 921 Levem
2350 873 2687 921 armaturam
2747 864 3028 922 levissimo
3070 867 3315 923 omnium
3347 883 3520 939 appa-

272 955 626 1023 παρασκευῇ·
657 952 781 1008 οὔτε
808 956 919 1026 γάρ
954 956 1207 1029 θώρακας
1225 999 1239 1022 ,
1264 959 1435 1029 ἤγουν
1481 956 1735 1011 κλιὸάνια
1756 996 1771 1020 ,
1799 954 1835 1027 ἢ

1985 965 2061 1011 itu
2102 956 2356 1027 tegebant
2388 977 2401 1012 :
2431 970 2610 1027 neque
2647 956 2794 1012 enim
2818 957 3078 1023 clibania,
3113 957 3165 1013 id
3193 967 3301 1023 est,
3334 960 3522 1014 thora-

273 1044 499 1113 λωρίκια
522 1082 538 1106 ,
587 1042 711 1097 οὔτε
760 1047 1157 1118 περικνημίδας
1186 1090 1202 1115 ,
1236 1050 1405 1120 ήγουν
1432 1047 1767 1117 ποδόψελλα,
1801 1046 1835 1116 ἢ

1985 1061 2051 1113 :s,
2092 1061 2268 1117 neque
2293 1047 2510 1115 loricia,
2544 1047 2597 1102 id
2618 1055 2723 1114 est,
2752 1047 3150 1119 galeas,neque
3173 1048 3521 1117 chalcotuba,

272 1134 627 1205 χαλκότουὸα,
654 1133 779 1189 οὔτε
818 1136 1067 1209 θυρεοὺς,
1091 1139 1377 1210 ήάσπίδας
1403 1139 1647 1211 βαρείας,
1673 1139 1839 1210 ήγουν

1985 1139 2126 1206 lest,
2156 1154 2347 1195 ocreas
2385 1154 2587 1204 aureas,
2628 1154 2808 1210 neque
2851 1139 3099 1203 thureos,
3136 1138 3189 1194 id
3230 1149 3334 1207 est,
3364 1148 3522 1197 scuta

272 1228 339 1280 τὰ
369 1226 583 1297 μεγάλα
621 1227 939 1297 σκουτάρια,
968 1228 1103 1284 ἀλλὰ
1156 1229 1246 1284 διὰ
1270 1231 1380 1283 τῶν
1405 1230 1676 1301 μακρόθεν
1711 1228 1840 1299 βαλ-

1985 1244 2140 1302 tagna
2174 1229 2464 1295 habebant,
2496 1228 2591 1285 sed
2615 1230 2832 1284 eminus
2870 1229 3133 1299 conjectis
3163 1230 3281 1285 telis
3311 1245 3524 1300 pugna-

272 1318 518 1387 λομένων
558 1316 740 1371 ὃπλων
789 1318 1057 1389 ἐμάχοντο
1084 1361 1100 1385 ,
1152 1315 1265 1373 οἷον
1313 1321 1363 1374 oi
1410 1320 1754 1385 τοξεύοντες,
1806 1318 1840 1388 ἢ

1985 1325 2094 1382 ant,
2134 1326 2194 1370 ut
2240 1317 2489 1387 sagittas,
2521 1316 2605 1370 vel
2645 1317 2931 1382 rhictaria,
2972 1317 3025 1370 id
3066 1325 3169 1381 est,
3211 1316 3398 1385 jacula
3441 1325 3526 1380 vel

280 1409 534 1479 ρικτάρια
562 1408 865 1478 ῥίπτοντες,
901 1410 935 1479 ἢ
970 1409 1150 1475 λίθους
1176 1411 1461 1482 βάλλοντες
1478 1412 1603 1474 τοὺς
1634 1410 1734 1481 μὲν
1755 1410 1843 1461 διὰ

1985 1422 2081 1461 axa
2128 1406 2477 1477 projicientes
2514 1406 2620 1460 alia
2676 1420 2864 1468 manu,
2921 1406 3024 1459 alia
3094 1406 3299 1461 fundis.
3340 1408 3529 1463 Vestes

273 1500 471 1569 χειρὸς,
496 1500 626 1563 τοὺς
650 1499 708 1552 δὲ
745 1500 835 1553 διὰ
872 1502 1181 1573 σφενδόνης.
1223 1502 1421 1567 Στολὰς
1446 1502 1505 1555 δὲ
1548 1498 1693 1571 εἶχον
1725 1515 1845 1552 στε-

1990 1498 2223 1553 abebant
2246 1497 2431 1553 ﬁrmas
2452 1499 2568 1555 vice
2596 1497 2913 1554 loriciorum
2945 1508 2999 1553 et
3027 1498 3312 1553 thoracum
3343 1508 3398 1554 et
3426 1500 3533 1553 hu-

276 1591 427 1661 ρεὰς,
460 1588 554 1644 καὶ
586 1590 802 1660 πηκτάς
834 1592 956 1645 ἀντὶ
978 1591 1266 1663 λωρικίων,
1303 1594 1398 1647 καὶ
1417 1592 1726 1654 κλιϐανίων,
1751 1590 1847 1643 καὶ
1944 1587 2207 1657 jusmodi.

271 1682 381 1736 τῶν
409 1682 609 1739 ἄλλων.

340 1775 442 1839 λζ’.
478 1776 553 1828 Τὸ
578 1774 639 1828 δὲ
682 1774 793 1828 τῶν
829 1773 1149 1828 πελταστῶν
1188 1774 1476 1845 λεγόμενον
1516 1769 1687 1839 εῖδος,
1712 1775 1850 1843 ὅπερ

2023 1780 2112 1833 57.
2164 1778 2523 1833 Peltastarum
2586 1793 2683 1834 seu
2742 1787 3072 1834 cetratorum
3121 1795 3337 1851 agmen,
3383 1783 3533 1854 quod

270 1866 321 1918 οἱ
346 1865 606 1935 νεώτεροι
635 1866 746 1921 τῶν
773 1866 1049 1919 τακτικῶν
1098 1865 1200 1919 οὐκ
1239 1866 1515 1936 ἐδήλωσαν
1557 1862 1733 1937 (οἶμαι
1768 1866 1847 1929 δὲ,

1985 1870 2289 1926 eccntiores
2318 1871 2395 1925 rei
2429 1870 2682 1925 militaris
2700 1871 2995 1939 scriptores
3024 1877 3533 1940 praetermiserunt:

271 1955 345 2020 ὡς
375 1956 492 2010 ἄνω
529 1973 621 2026 μοι
659 1958 894 2027 εἴρηται,
925 1958 1041 2020 τοῖς
1077 1956 1251 2027 ψιλοῖς
1274 1956 1406 2010 αὐτὸ
1433 1957 1847 2027 συμμίξαντες),

1990 1961 2193 2016 rbitror
2215 1961 2362 2015 enim
2382 1975 2507 2014 cum
2541 1960 2645 2015 levi
2678 1971 2954 2015 armatura
2982 1963 3050 2017 ab
3081 1963 3149 2018 iis
3176 1965 3537 2033 scriptoribus

282 2049 378 2100 καὶ
416 2046 549 2100 αὐτὸ
577 2046 682 2115 μὲν
711 2043 859 2117 εἶχεν
906 2047 1172 2118 ὁπλισμὸν
1195 2085 1210 2110 ,
1252 2046 1610 2117 ἐλαφρότερον
1644 2047 1701 2100 δὲ
1743 2046 1851 2100 τῶν

1987 2050 2214 2105 onl‘usos
2241 2066 2379 2105 esse.
2422 2048 2705 2104 Hahebant
2732 2060 2910 2105 autem
2954 2052 3008 2106 hi
3053 2065 3409 2121 armaturam,
3442 2056 3537 2111 sed

270 2137 469 2190 ἄλλων.
508 2133 636 2207 Εἶχε
663 2138 771 2208 γὰρ
799 2139 1028 2209 πέλτην,
1058 2139 1087 2192 ὃ
1115 2140 1232 2192 ἐστι
1258 2138 1578 2209 σκουτάριον
1618 2140 1815 2209 μικρὸν
1835 2178 1850 2202 ,

1985 2143 2209 2196 eviorem
2238 2140 2360 2196 aliis
2393 2156 2408 2192 :
2445 2140 2715 2194 habebant
2742 2151 2923 2195 autem
2956 2142 3176 2210 peltam,
3210 2143 3263 2199 id
3294 2152 3399 2210 est,
3417 2159 3543 2200 scu-

270 2228 362 2281 καὶ
401 2227 473 2281 τά
509 2227 711 2298 δόρατα
744 2228 945 2294 αὐτῶν,
987 2229 1155 2299 ήγουν
1191 2228 1261 2282 τὰ
1297 2229 1559 2299 κοντάρια
1585 2229 1718 2282 πολὺ
1745 2229 1854 2282 τῶν

1985 2247 2071 2286 um
2103 2246 2352 2302 parvum,
2385 2240 2441 2286 ct
2486 2231 2692 2298 hastas,
2732 2246 2853 2300 quae
2894 2231 2965 2285 ab
3005 2233 3406 2303 antiquioribus
3449 2248 3543 2289 sa-

271 2317 581 2388 λεγομένων
627 2320 904 2390 σαρισσῶν
942 2321 1093 2390 παρὰ
1123 2321 1236 2383 τοῖς
1260 2320 1509 2382 παλαιοῖς
1539 2320 1853 2391 κοντότερα.

1985 2322 2113 2377 issa:
2139 2322 2296 2376 dictae
2326 2329 2457 2377 sunt
2486 2339 2499 2375 :
2525 2321 2743 2377 sarissae
2772 2331 2953 2376 autem
2994 2321 3164 2377 hasta!
3198 2333 3352 2377 erant
3371 2324 3544 2394 longa:

270 2409 333 2460 Δί
358 2407 421 2460 δὲ
454 2408 712 2476 σάρισσαι
740 2404 881 2479 ἦσαν
918 2410 1175 2480 κοντάρια
1212 2409 1397 2480 μακρὰ
1417 2409 1522 2472 ἕως
1549 2409 1741 2479 πηχῶν
1770 2408 1855 2471 ιδ’,

1985 2414 2231 2468 nterdum
2257 2414 2671 2484 quatuordecim
2718 2414 3055 2478 cubitorum,
3088 2414 3362 2468 interdum
3391 2414 3549 2469 sede-

273 2495 364 2548 καὶ
388 2496 519 2565 ἄχρι
551 2496 743 2566 πηχῶν
779 2503 874 2562 ις’.
907 2496 1095 2552 Ταῦτα
1117 2497 1175 2551 δὲ
1192 2492 1334 2568 ἦσαν
1361 2497 1596 2567 μάλιστα
1623 2500 1721 2563 τῆς
1738 2499 1861 2551 Μα-

1985 2505 2069 2559 :im
2102 2504 2436 2560 cubitorum.
2471 2504 2600 2559 Haec
2637 2511 2755 2559 erat
2790 2503 2964 2558 forma
3006 2504 3255 2558 armandi
3294 2502 3548 2560 Macedo-

1964 2596 2108 2650 nica.
2138 2594 2505 2651 Peltastarum
2533 2598 2811 2649 armatura
2846 2595 3085 2649 medium
3110 2594 3381 2664 quoddam
3405 2595 3552 2650 inter

1965 2700 2187 2754 gravem
2228 2693 2283 2739 et
2321 2685 2493 2739 levem
2542 2694 2881 2739 armaturam
2912 2685 3153 2749 tenebat,
3184 2686 3400 2757 gravior
3422 2685 3549 2753 levi,

1970 2785 2024 2830 et
2056 2776 2227 2830 levior
2250 2775 2402 2844 gravi
2426 2784 2727 2829 armatura.

276 2587 563 2659 κεδονικῆς
608 2587 898 2652 ὁπλίσεως.
931 2589 1141 2642 Ἐδόκει
1190 2589 1246 2642 δὲ
1297 2590 1331 2660 ή
1381 2590 1492 2643 τῶν
1545 2588 1862 2642 πελταστῶν

272 2679 491 2742 ὅπλισις
540 2680 712 2750 μέσην
747 2680 892 2750 ἔχειν
925 2681 1079 2748 τάξιν
1115 2680 1227 2736 τῶν
1282 2698 1342 2733 τε
1391 2680 1564 2750 ψιλῶν
1617 2682 1713 2735 καὶ
1752 2681 1863 2734 τῶν

276 2769 428 2835 ίδίως
473 2770 784 2843 λεγομένων
814 2772 1087 2839 ὁπλιτῶν,
1121 2772 1400 2843 βαρυτέρα
1449 2773 1548 2843 μὲν
1574 2766 1709 2826 οὖσα
1754 2771 1863 2825 τῶν

273 2861 474 2933 ψιλῶν,
507 2863 851 2933 ἐλαφροτέρα
879 2864 936 2916 δὲ
967 2864 1076 2917 τῶν
1101 2863 1361 2917 ὁπλιτῶν.

344 2954 455 3023 λη’.
484 2949 594 3007 Ἦν
618 2954 676 3008 δὲ
705 2955 859 3025 παρὰ
888 2957 1001 3017 τοῖς
1034 2954 1279 3018 ὁπλίταις
1306 2954 1400 3007 καὶ
1425 2954 1591 3015 ἀσπὶς
1613 2954 1862 3008 Μακεδοη

2036 2957 2124 3011 58.
2154 2956 2317 3011 Gravi
2344 2967 2638 3011 armaturae
2662 2956 2836 3012 adfuit
2864 2971 3083 3027 quoque
3111 2966 3165 3013 et
3197 2959 3347 3029 aspis
3372 2957 3556 3015 Mace-

278 3048 403 3118 νικὴ
434 3046 610 3116 χαλκῆ
664 3047 726 3100 οὐ
776 3047 900 3100 λίαν
951 3045 1105 3117 κοίλη
1152 3046 1290 3118 (86),
1345 3046 1513 3117 ήγουν
1546 3046 1865 3116 σκουτάριον

1985 3047 2163 3101 ionica
2199 3054 2362 3100 aerata
2393 3061 2503 3099 non
2549 3046 2847 3100 admodum
2882 3061 3143 3110 concava,
3189 3047 3241 3101 id
3286 3055 3392 3111 est,
3428 3063 3558 3103 scu-

282 3139 619 3210 στρογγύλον
653 3140 799 3210 μέγα
822 3180 838 3205 ,
895 3140 1223 3210 ἁπλωτέραν
1256 3139 1378 3208 ἕχον
1406 3139 1505 3208 τήν
1533 3136 1821 3205 κοιλότητα
1849 3180 1863 3203 ,

1985 3154 2085 3191 ,ιιιιι
2114 3138 2411 3193 rotundum
2436 3152 2713 3207 magnum,
2747 3138 3137 3207 simpliciorem
3176 3139 3385 3192 habens
3412 3140 3558 3193 cavi-

278 3230 338 3282 τὸ
373 3229 439 3283 δὲ
470 3230 670 3302 μέτρον
704 3230 874 3301 αὐτῆς
900 3232 1190 3302 σπιθαμῶν
1212 3231 1280 3298 γ’.
1307 3227 1416 3283 Ἦν
1446 3230 1503 3283 δὲ
1530 3228 1625 3282 καὶ
1660 3227 1857 3281 κοντόι-

1985 3239 2160 3293 .atem,
2196 3244 2511 3284 mensuram
2559 3230 2723 3284 trium
2766 3231 3186 3298 spithamarum,
3240 3229 3293 3283 id
3324 3238 3429 3295 est,
3457 3230 3559 3284 do-

281 3337 399 3391 ριον
447 3322 509 3375 οὐ
560 3322 882 3393 μικρότερον
925 3324 1117 3393 πηχῶν
1146 3321 1218 3393 η’.
1270 3323 1343 3375 Τὸ
1376 3323 1432 3376 δὲ
1481 3320 1857 3391 μακρότερον,

1985 3319 2263 3372 lrantium.
2286 3318 2413 3373 Erat
2443 3326 2626 3373 autem
2658 3319 2813 3373 hasta
2844 3333 2951 3372 non
2983 3319 3164 3374 minor
3188 3328 3313 3374 octo
3333 3320 3558 3383 cubitis,

285 3413 455 3483 μέχρι
498 3412 594 3466 τοῦ
632 3412 894 3467 δύνασθαι
938 3415 1109 3486 ἄνδρα
1158 3412 1468 3486 κρατοῦντα
1518 3414 1688 3466 κινεῖν
1732 3412 1864 3465 αὐτὸ

1985 3408 2130 3466 lasta
2158 3409 2374 3479 longior
2403 3424 2470 3462 eo
2491 3424 2666 3480 usque
2684 3409 3130 3478 ducehatur,quo
3162 3409 3324 3467 homo
3348 3410 3560 3466 viribus

281 3506 551 3568 εὐκόλως.

1985 3504 2082 3556 suis
2109 3501 2360 3570 expedite
2392 3516 2514 3554 eam
2553 3510 2789 3555 tractare
2818 3510 3095 3569 potuerat.

352 3597 457 3651 λθ’.
503 3596 566 3650 Ἡ
596 3596 650 3651 δὲ
670 3595 1018 3668 Μακεδονικὴ
1038 3596 1251 3667 φάλαγξ
1273 3596 1479 3666 ἐκείνη,
1510 3596 1679 3666 ήγουν
1700 3596 1734 3664 ή
1758 3613 1865 3647 πα-

287 3689 547 3758 ραταγὴ,
594 3689 771 3743 ἐδόκει
810 3690 923 3752 τοῖς
969 3689 1248 3759 πολεμίοις
1304 3687 1675 3748 ἀνυπόστατος
1703 3682 1863 3751 εἷναι,

284 3781 376 3835 διὰ
404 3782 508 3853 τὴν
539 3784 599 3836 ὲν
648 3785 771 3846 ταῖς
810 3782 997 3849 τάξεσι
1040 3781 1408 3850 κατασκευήν.
1435 3781 1650 3833 Ἱστατο
1695 3778 1803 3848 γὰρ
1840 3780 1868 3831 ὁ

285 3873 436 3943 ἀνὴρ
472 3871 879 3943 ἐξωπλισμένος
910 3876 969 3925 ὲν
1006 3872 1083 3943 τῷ
1114 3871 1207 3924 τοῦ
1238 3872 1445 3940 ἀγῶνος
1467 3873 1566 3941 τῆς
1594 3869 1869 3939 συμϐολῆς

288 3959 475 4031 καιρῷ
535 3960 1065 4031 καταπυκνουμένης
1129 3960 1229 4029 τῆς
1294 3960 1615 4031 παραταγῆς
1682 3960 1740 4012 ἐν
1802 3960 1868 4029 τῇ

289 4050 532 4104 ἑκάστου
565 4053 753 4105 στάσει
788 4052 872 4114 εἰς
896 4053 1093 4122 πήχεις
1121 4050 1214 4103 δύο
1245 4052 1491 4121 κατέχων
1537 4052 1634 4120 τὴν
1680 4051 1872 4121 σάρισυ

291 4158 417 4205 σαν,
453 4141 625 4212 ἤγουν
658 4142 722 4195 τὸ
754 4142 965 4213 μακρὸν
991 4142 1296 4213 κοντάριον,
1328 4142 1486 4211 ὅπερ,
1504 4141 1579 4206 ὡς
1603 4141 1702 4211 μέν
1730 4158 1874 4205 τινες

288 4230 531 4299 ἔφασαν,
568 4232 759 4302 πηχῶν
810 4232 1133 4299 ἑξκαίδεκα,
1167 4233 1308 4287 κατὰ
1349 4232 1407 4286 δὲ
1441 4232 1538 4303 τὴν
1593 4233 1873 4304 ἀλήθειαν,

2051 3587 2140 3642 59.
2170 3588 2523 3642 Macedonica
2562 3589 2820 3657 phalanx,
2854 3589 2908 3643 id
2941 3599 3043 3657 est,
3076 3590 3243 3656 acies,
3274 3591 3560 3647 videbatur

1970 3679 2225 3734 hostibus
2262 3688 2484 3748 propter
2517 3680 2653 3733 aciei
2694 3679 3026 3735 instruendae
3070 3681 3293 3735 modum
3331 3681 3565 3753 inexpu-

1970 3770 2201 3839 gnabilis
2232 3784 2377 3824 esse.
2406 3769 2597 3823 Stabat
2621 3770 2766 3823 enim
2793 3770 3172 3841 unusquisque
3206 3772 3290 3825 vir
3319 3783 3564 3827 armatus

1971 3859 2091 3929 ipso
2116 3860 2449 3931 conﬂigendi
2507 3870 2769 3930 tempore,
2836 3862 3060 3917 densata
3092 3863 3211 3919 acie
3260 3865 3329 3918 ad
3369 3881 3563 3920 unius-

1973 3947 2241 4017 cujusque
2272 3948 2588 4009 stationem,
2631 3948 2941 4002 cubitorum
2985 3951 3219 4004 duorum
3259 3950 3439 4006 locum
3474 3967 3567 4007 oc-

1976 4054 2209 4107 cupans,
2270 4039 2556 4105 sarissam,
2612 4039 2666 4093 id
2718 4048 2823 4103 est,
2871 4040 3085 4108 longam
3135 4040 3349 4095 hastam
3398 4057 3565 4096 manu

1978 4141 2192 4193 tenens,
2225 4131 2465 4186 sedecim
2496 4142 2555 4186 ut
2585 4132 2808 4200 quidam
2866 4140 3059 4201 putant
3097 4133 3429 4201 cubitorum,
3483 4150 3570 4189 re-

1980 4237 2111 4276 vera
2139 4231 2318 4275 autem
2350 4224 2762 4291 quatuordecim
2810 4223 3144 4279 cubitorum.
3196 4224 3273 4279 Ex
3310 4226 3398 4291 iis,
3435 4242 3572 4295 qua-

292 4322 496 4392 πηχῶν
526 4321 606 4374 ιδ’.
655 4320 875 4374 Τούτων
916 4320 973 4373 δὲ
1007 4321 1269 4391 τέσσαρες
1309 4320 1407 4390 μὲν
1437 4322 1629 4390 πήχεις
1658 4321 1877 4390 ἀφαιρεί

1987 4326 2111 4370 tuor
2138 4314 2445 4370 cubitorum
2470 4314 2732 4382 spatium,
2762 4330 2960 4371 manus
2986 4317 3039 4370 in
3066 4317 3424 4386 posteriorem
3449 4333 3575 4387 para

292 4413 355 4464 τὸ
384 4411 596 4482 μεταξὺ
619 4411 729 4467 τῶν
754 4412 955 4483 χειρῶν
975 4414 1056 4475 είς
1084 4411 1144 4465 τὸ
1164 4412 1361 4465 όπίσω.
1397 4412 1459 4464 Οἱ
1486 4411 1542 4463 δὲ
1585 4411 1759 4464 λοιποὶ
1788 4411 1877 4464 δέ·-

1990 4414 2097 4461 tem
2146 4414 2438 4475 occupant,
2470 4406 2665 4476 reliqui
2713 4407 2903 4462 decem
2956 4408 3123 4463 cubiti
3159 4409 3213 4463 in
3244 4411 3573 4467 anteriorem

293 4519 370 4555 κα
426 4502 628 4571 πήχεις
679 4501 761 4565 είς
793 4501 857 4554 τὺ
895 4500 1205 4572 ἔμπροσθεν
1250 4500 1582 4554 ὲκτείνονται
1624 4500 1729 4571 πρὸ
1776 4500 1877 4552 τῶν

1991 4505 2201 4566 partem
2243 4504 2368 4551 ante
2398 4511 2627 4565 corpora
2679 4498 3102 4567 protenduntur.
3150 4500 3328 4570 Atque
3357 4501 3473 4556 haec
3508 4503 3577 4557 de

297 4593 606 4664 σωμάτων.
657 4590 910 4646 Τοσαῦτα
953 4593 1052 4663 μὲν
1089 4588 1184 4647 οὖν
1213 4594 1307 4646 καὶ
1340 4592 1467 4663 περὶ
1498 4594 1596 4663 τῆς
1627 4591 1749 4644 καθ’
1793 4593 1877 4645 ἕνα

1997 4596 2245 4658 separata
2296 4587 2732 4658 uniuscujusque
2776 4591 3074 4660 singularis
3130 4592 3235 4645 viri
3275 4601 3574 4658 armatura,

295 4684 478 4755 ἄνδρα
505 4683 846 4754 στρατιώτην
874 4684 1141 4745 ὁπλίσεως
1169 4683 1234 4737 ἐκ
1259 4701 1319 4737 τε
1359 4683 1468 4736 τῶν
1520 4683 1766 4736 παλαιῶν
1795 4684 1877 4736 καῖ

1990 4695 2059 4735 ex
2112 4679 2353 4749 antiquis
2388 4688 2443 4734 et
2489 4682 2889 4738 recentioribus
2936 4683 3014 4737 rei
3054 4680 3307 4737 militaris
3340 4681 3579 4752 scripto-

296 4775 417 4829 τῶν
450 4777 734 4846 νεωτέρων
768 4775 1042 4828 τακτικῶν
1090 4773 1480 4844 ἀναλεξάμενοι
1525 4772 1877 4843 διεταξάμεθὸ

1988 4772 2142 4827 ribus
2179 4773 2498 4842 collegimus
2538 4784 2593 4828 et
2629 4775 3038 4844 descripsimus,
3082 4783 3143 4828 ut
3184 4774 3415 4830 istorum
3474 4791 3575 4830 no-

297 4881 364 4919 τε
424 4866 522 4918 καὶ
572 4864 970 4935 διωρισάμεθα,
997 4865 1085 4918 ἴνα
1140 4863 1279 4935 ἔχων
1308 4862 1488 4917 αὐτῶν
1536 4864 1636 4934 τὴν
1687 4863 1877 4931 γνῶσιι

1998 4862 2187 4917 titiam'
2232 4877 2357 4916 cum
2406 4861 2630 4928 habeas,
2679 4864 2823 4933 quod
2875 4862 3218 4918 conducibile
3275 4864 3372 4918 tibi
3414 4864 3578 4920 fuerit

298 4958 516 5029 ὲκλέγῃ
545 4959 606 5013 τὸ
637 4960 925 5030 χρήσιμον.

889 5046 1198 5101 ΔΙΑΤΑΞΙΣ
1255 5044 1329 5099 Z'.

376 5141 528 5211 Περὶ
558 5141 897 5211 γυμνασίας
929 5136 1375 5207 καϐαλλαρικῆς
1415 5135 1515 5190 καί
1552 5135 1820 5204 πεζὶκῆς.

380 5231 460 5287 α’.
500 5233 657 5301 Ἑξῆς
682 5232 738 5285 δὲ
766 5232 859 5286 καὶ
898 5233 1027 5302 περὶ
1072 5231 1171 5300 τῆς
1218 5228 1399 5282 αὐτῶν
1444 5228 1755 5296 γυμνασίας
1787 5226 1893 5296 πρὸ

2000 4954 2189 5022 eligas.

2488 5041 2949 5099 CONSTITUTIO
2992 5043 3101 5098 VII.

2256 5137 2329 5190 De
2354 5138 2725 5191 exercitatione
2749 5137 2977 5204 equestri
2999 5146 3049 5189 et
3083 5138 3334 5204 pedestri.

2073 5227 2124 5281 l.
2180 5225 2442 5293 Deinceps
2500 5224 2615 5294 jam
2666 5222 2735 5277 de
2792 5224 3184 5280 exercitatione
3231 5241 3353 5295 qua:
3384 5224 3578 5280 bellica

307 5324 430 5379 τῶν
479 5324 791 5394 πολεμικῶν
843 5324 1071 5392 ἀγώνων
1132 5322 1451 5393 ὀφειλούσης
1509 5320 1755 5388 γίνεσθαι
1798 5337 1877 5389 με·

2001 5319 2298 5374 certamina
2331 5316 2488 5369 debet
2532 5314 2762 5379 anteire,
2805 5329 3036 5369 numero
3065 5324 3119 5370 et
3169 5315 3436 5385 paucis,o
3478 5316 3583 5367 im-

306 5417 491 5487 τρίως
522 5431 603 5467 σοι
653 5415 750 5467 καὶ
803 5414 1085 5484 συντόμως
1119 5411 1592 5484 ὑπαγορεύσομεν,
1623 5405 1668 5463 ὧ
1703 5428 1900 5481 στρατ-

2002 5423 2243 5479 perator,
2276 5407 2441 5462 verba
2465 5404 2692 5470 faciam,
2725 5414 2783 5460 ut
2832 5420 2925 5475 per
2959 5406 3089 5461 istas
3128 5406 3582 5462 exercitationum

303 5507 447 5578 ηγὲ,
481 5506 565 5559 ἴνα
610 5504 1152 5576 προπαρασκευὰζῃς
1206 5506 1402 5566 αὐτοὺς
1453 5502 1728 5568 ἐθίζεσθαι
1763 5503 1877 5571 πρὸς

2006 5497 2431 5569 periclitationes
2476 5498 2541 5551 ad
2598 5512 2723 5551 vera
2780 5497 3018 5566 pericula
3084 5511 3179 5551 eos
3224 5494 3587 5551 assuefacias.

1854 5612 2088 5671 ΝΟΤίΕ.

393 5706 519 5779 (86)
551 5711 699 5766 Δίαν
728 5712 1008 5779 κοίλη.1η
1050 5711 1214 5765 Checi
1250 5710 1439 5764 codice
1469 5708 1685 5779 videtur
1717 5706 1908 5769 fuissm

308 5782 377 5836 οὐ
405 5774 535 5835 λίαν
552 5782 728 5852 κοίλη.
757 5774 944 5838 Recte.
1005 5782 1097 5835 Sic
1141 5780 1556 5835 Constantinus.
1616 5774 1773 5845 Εἶχον
1820 5781 1915 5830 καὶ

2019 5701 2317 5766 σκουτὰρια
2347 5701 2691 5756 Μακεδονικὰ
2736 5702 2933 5772 χαλκᾶ,
2983 5700 3310 5771 στρογγύλα,
3347 5696 3582 5770 μεγάλα,

2025 5773 2116 5827 καὶ
2132 5772 2192 5823 οὐ
2220 5773 2351 5823 πολὺ
2378 5772 2567 5839 βαθέα.
