  <div class='ocr_page' id='page_1' title='image "/cluster/home/n/w/nwhite01/storage/ocr_20150623/107/coo.31924054870112/413.png"; bbox 0 0 4022 6444; ppageno 0'>
   <div class='ocr_carea' id='block_1_1' title="bbox 424 380 534 442">
    <p class='ocr_par' dir='ltr' id='par_1_1' title="bbox 424 380 534 442">
     <span class='ocr_line' id='line_1_1' title="bbox 424 380 534 442; baseline -0.018 0"><span class='ocrx_word' id='word_1_1' title='bbox 424 380 534 442; x_wconf 73' lang='lat'><strong>735</strong></span> 
     </span>
    </p>
   </div>
   <div class='ocr_carea' id='block_1_2' title="bbox 1693 360 2459 426">
    <p class='ocr_par' dir='ltr' id='par_1_2' title="bbox 1693 360 2459 426">
     <span class='ocr_line' id='line_1_2' title="bbox 1693 360 2459 426; baseline -0.008 0"><span class='ocrx_word' id='word_1_2' title='bbox 1693 362 1968 426; x_wconf 87' lang='lat' dir='ltr'><strong>LEONIS</strong></span> <span class='ocrx_word' id='word_1_3' title='bbox 1994 360 2459 423; x_wconf 82' lang='lat' dir='ltr'><strong>PHILOSOPIII</strong></span> 
     </span>
    </p>
   </div>
   <div class='ocr_carea' id='block_1_3' title="bbox 3594 351 3708 414">
    <p class='ocr_par' dir='ltr' id='par_1_3' title="bbox 3594 351 3708 414">
     <span class='ocr_line' id='line_1_3' title="bbox 3594 351 3708 414; baseline -0.018 0"><span class='ocrx_word' id='word_1_4' title='bbox 3594 351 3708 414; x_wconf 79' lang='lat'><strong>736</strong></span> 
     </span>
    </p>
   </div>
   <div class='ocr_carea' id='block_1_4' title="bbox 428 462 2018 559">
    <p class='ocr_par' dir='ltr' id='par_1_4' title="bbox 428 478 2009 559">
     <span class='ocr_line' id='line_1_4' title="bbox 428 478 2009 559; baseline -0.011 -14"><span class='ocrx_word' id='word_1_5' title='bbox 428 485 700 559; x_wconf 79' lang='lat' dir='ltr'><strong>imperitia</strong></span> <span class='ocrx_word' id='word_1_6' title='bbox 723 484 865 538; x_wconf 89' lang='lat' dir='ltr'><strong>enim</strong></span> <span class='ocrx_word' id='word_1_7' title='bbox 890 481 955 535; x_wconf 86' lang='lat' dir='ltr'><strong>ad</strong></span> <span class='ocrx_word' id='word_1_8' title='bbox 983 479 1192 535; x_wconf 84' lang='lat' dir='ltr'><strong>subitas</strong></span> <span class='ocrx_word' id='word_1_9' title='bbox 1212 488 1267 532; x_wconf 86' lang='lat' dir='ltr'><strong>et</strong></span> <span class='ocrx_word' id='word_1_10' title='bbox 1292 478 1562 533; x_wconf 87' lang='lat' dir='ltr'><strong>irruentes</strong></span> <span class='ocrx_word' id='word_1_11' title='bbox 1578 490 1760 532; x_wconf 91' lang='lat' dir='ltr'><strong>rerum</strong></span> <span class='ocrx_word' id='word_1_12' title='bbox 1787 488 2009 546; x_wconf 80' lang='lat' dir='ltr'><strong>aggres~</strong></span> 
     </span>
    </p>
   </div>
   <div class='ocr_carea' id='block_1_5' title="bbox 2136 462 3712 559">
    <p class='ocr_par' dir='ltr' id='par_1_5' title="bbox 2136 462 3712 538">
     <span class='ocr_line' id='line_1_5' title="bbox 2136 462 3712 538; baseline -0.003 -17"><span class='ocrx_word' id='word_1_13' title='bbox 2136 471 2239 533; x_wconf 76' lang='grc' dir='ltr'>τοὺς</span> <span class='ocrx_word' id='word_1_14' title='bbox 2267 469 2488 538; x_wconf 82' lang='grc' dir='ltr'>ἀληθεῖς</span> <span class='ocrx_word' id='word_1_15' title='bbox 2517 467 2799 530; x_wconf 76' lang='grc' dir='ltr'><strong>κινδύνους</strong></span> <span class='ocrx_word' id='word_1_16' title='bbox 2832 465 2919 519; x_wconf 85' lang='grc' dir='ltr'><strong>διὰ</strong></span> <span class='ocrx_word' id='word_1_17' title='bbox 2949 465 3059 519; x_wconf 80' lang='grc' dir='ltr'>τῶν</span> <span class='ocrx_word' id='word_1_18' title='bbox 3088 466 3145 517; x_wconf 84' lang='grc' dir='ltr'>ἐν</span> <span class='ocrx_word' id='word_1_19' title='bbox 3193 462 3475 534; x_wconf 80' lang='grc' dir='ltr'><strong>γυμνασίᾳ</strong></span> <span class='ocrx_word' id='word_1_20' title='bbox 3522 465 3712 518; x_wconf 87' lang='grc' dir='ltr'>κινδύ-</span> 
     </span>
    </p>
   </div>
   <div class='ocr_carea' id='block_1_6' title="bbox 428 570 1397 635">
    <p class='ocr_par' dir='ltr' id='par_1_6' title="bbox 428 570 1397 635">
     <span class='ocr_line' id='line_1_6' title="bbox 428 570 1397 635; baseline -0.019 -1"><span class='ocrx_word' id='word_1_21' title='bbox 428 581 610 635; x_wconf 82' lang='lat' dir='ltr'><strong>siones</strong></span> <span class='ocrx_word' id='word_1_22' title='bbox 634 589 775 631; x_wconf 59' lang='lat' dir='ltr'><strong>caeca</strong></span> <span class='ocrx_word' id='word_1_23' title='bbox 804 581 856 628; x_wconf 90' lang='lat' dir='ltr'><strong>et</strong></span> <span class='ocrx_word' id='word_1_24' title='bbox 889 572 1058 625; x_wconf 90' lang='lat' dir='ltr'><strong>inscia</strong></span> <span class='ocrx_word' id='word_1_25' title='bbox 1088 586 1209 625; x_wconf 91' lang='lat' dir='ltr'><strong>esse</strong></span> <span class='ocrx_word' id='word_1_26' title='bbox 1243 570 1397 624; x_wconf 90' lang='lat' dir='ltr'><strong>solet.</strong></span> 
     </span>
    </p>
   </div>
   <div class='ocr_carea' id='block_1_7' title="bbox 499 830 2015 912">
    <p class='ocr_par' dir='ltr' id='par_1_7' title="bbox 499 830 2015 912">
     <span class='ocr_line' id='line_1_7' title="bbox 499 830 2015 912; baseline -0.005 -20"><span class='ocrx_word' id='word_1_27' title='bbox 499 840 553 892; x_wconf 78' lang='lat'><strong>‘2.</strong></span> <span class='ocrx_word' id='word_1_28' title='bbox 582 837 772 891; x_wconf 87' lang='lat' dir='ltr'><strong>llicme</strong></span> <span class='ocrx_word' id='word_1_29' title='bbox 802 844 892 889; x_wconf 91' lang='lat' dir='ltr'><strong>aut</strong></span> <span class='ocrx_word' id='word_1_30' title='bbox 919 834 1026 889; x_wconf 88' lang='lat' dir='ltr'><strong>alio</strong></span> <span class='ocrx_word' id='word_1_31' title='bbox 1052 833 1247 904; x_wconf 91' lang='lat' dir='ltr'><strong>quovis</strong></span> <span class='ocrx_word' id='word_1_32' title='bbox 1288 842 1559 912; x_wconf 59' lang='lat' dir='ltr'><strong>tgmpore,</strong></span> <span class='ocrx_word' id='word_1_33' title='bbox 1594 831 1816 900; x_wconf 87' lang='lat' dir='ltr'><strong>quando</strong></span> <span class='ocrx_word' id='word_1_34' title='bbox 1847 830 2015 885; x_wconf 86' lang='lat' dir='ltr'><strong>inter-</strong></span> 
     </span>
    </p>
   </div>
   <div class='ocr_carea' id='block_1_8' title="bbox 430 924 2013 992">
    <p class='ocr_par' dir='ltr' id='par_1_8' title="bbox 430 924 2013 992">
     <span class='ocr_line' id='line_1_8' title="bbox 430 924 2013 992; baseline -0.006 -7"><span class='ocrx_word' id='word_1_35' title='bbox 430 931 620 985; x_wconf 88' lang='lat' dir='ltr'><strong>missio</strong></span> <span class='ocrx_word' id='word_1_36' title='bbox 673 929 799 984; x_wconf 91' lang='lat' dir='ltr'><strong>belli</strong></span> <span class='ocrx_word' id='word_1_37' title='bbox 834 941 941 992; x_wconf 93' lang='lat' dir='ltr'><strong>est,</strong></span> <span class='ocrx_word' id='word_1_38' title='bbox 979 938 1074 981; x_wconf 89' lang='lat' dir='ltr'><strong>aut</strong></span> <span class='ocrx_word' id='word_1_39' title='bbox 1119 925 1506 981; x_wconf 83' lang='lat' dir='ltr'><strong>excursionum</strong></span> <span class='ocrx_word' id='word_1_40' title='bbox 1550 925 1605 979; x_wconf 94' lang='lat' dir='ltr'><strong>in</strong></span> <span class='ocrx_word' id='word_1_41' title='bbox 1640 924 1825 979; x_wconf 88' lang='lat' dir='ltr'><strong>hostili</strong></span> <span class='ocrx_word' id='word_1_42' title='bbox 1869 932 2013 978; x_wconf 83' lang='lat' dir='ltr'><strong>terra</strong></span> 
     </span>
    </p>
   </div>
   <div class='ocr_carea' id='block_1_9' title="bbox 430 1016 2010 1088">
    <p class='ocr_par' dir='ltr' id='par_1_9' title="bbox 430 1016 2010 1088">
     <span class='ocr_line' id='line_1_9' title="bbox 430 1016 2010 1088; baseline -0.006 -11"><span class='ocrx_word' id='word_1_43' title='bbox 430 1023 717 1088; x_wconf 62' lang='lat' dir='ltr'><strong>relaxatio,</strong></span> <span class='ocrx_word' id='word_1_44' title='bbox 801 1018 1199 1076; x_wconf 86' lang='lat' dir='ltr'><strong>assuefaciendi</strong></span> <span class='ocrx_word' id='word_1_45' title='bbox 1249 1018 1317 1073; x_wconf 91' lang='lat' dir='ltr'><strong>ad</strong></span> <span class='ocrx_word' id='word_1_46' title='bbox 1377 1018 1697 1087; x_wconf 91' lang='lat' dir='ltr'><strong>patientiam</strong></span> <span class='ocrx_word' id='word_1_47' title='bbox 1759 1016 2010 1071; x_wconf 88' lang='lat' dir='ltr'><strong>laborum</strong></span> 
     </span>
    </p>
   </div>
   <div class='ocr_carea' id='block_1_10' title="bbox 430 1109 2011 1179">
    <p class='ocr_par' dir='ltr' id='par_1_10' title="bbox 430 1109 2011 1179">
     <span class='ocr_line' id='line_1_10' title="bbox 430 1109 2011 1179; baseline -0.004 -12"><span class='ocrx_word' id='word_1_48' title='bbox 430 1122 561 1167; x_wconf 91' lang='lat' dir='ltr'><strong>sunt</strong></span> <span class='ocrx_word' id='word_1_49' title='bbox 620 1113 841 1176; x_wconf 85' lang='lat' dir='ltr'><strong>milites,</strong></span> <span class='ocrx_word' id='word_1_50' title='bbox 900 1120 954 1166; x_wconf 93' lang='lat' dir='ltr'><strong>et</strong></span> <span class='ocrx_word' id='word_1_51' title='bbox 1005 1110 1249 1164; x_wconf 84' lang='lat' dir='ltr'><strong>bellicosi</strong></span> <span class='ocrx_word' id='word_1_52' title='bbox 1297 1110 1625 1179; x_wconf 85' lang='lat' dir='ltr'><strong>Operosique</strong></span> <span class='ocrx_word' id='word_1_53' title='bbox 1683 1109 2011 1163; x_wconf 91' lang='lat' dir='ltr'><strong>assiduitate</strong></span> 
     </span>
    </p>
   </div>
   <div class='ocr_carea' id='block_1_11' title="bbox 429 1200 2015 1272">
    <p class='ocr_par' dir='ltr' id='par_1_11' title="bbox 429 1200 2015 1272">
     <span class='ocr_line' id='line_1_11' title="bbox 429 1200 2015 1272; baseline -0.003 -14"><span class='ocrx_word' id='word_1_54' title='bbox 429 1204 689 1258; x_wconf 82' lang='lat' dir='ltr'><strong>reddendi</strong></span> <span class='ocrx_word' id='word_1_55' title='bbox 719 1213 865 1269; x_wconf 91' lang='lat' dir='ltr'><strong>sunt,</strong></span> <span class='ocrx_word' id='word_1_56' title='bbox 903 1217 1081 1272; x_wconf 89' lang='lat' dir='ltr'><strong>neque</strong></span> <span class='ocrx_word' id='word_1_57' title='bbox 1112 1201 1164 1255; x_wconf 88' lang='lat' dir='ltr'><strong>in</strong></span> <span class='ocrx_word' id='word_1_58' title='bbox 1196 1201 1308 1254; x_wconf 90' lang='lat' dir='ltr'><strong>otio</strong></span> <span class='ocrx_word' id='word_1_59' title='bbox 1365 1210 1419 1254; x_wconf 93' lang='lat' dir='ltr'><strong>et</strong></span> <span class='ocrx_word' id='word_1_60' title='bbox 1446 1200 1651 1254; x_wconf 87' lang='lat' dir='ltr'><strong>desidia</strong></span> <span class='ocrx_word' id='word_1_61' title='bbox 1679 1215 1801 1255; x_wconf 89' lang='lat' dir='ltr'><strong>esse</strong></span> <span class='ocrx_word' id='word_1_62' title='bbox 1829 1200 2015 1255; x_wconf 90' lang='lat' dir='ltr'><strong>sinen-</strong></span> 
     </span>
    </p>
   </div>
   <div class='ocr_carea' id='block_1_12' title="bbox 428 1290 2011 1361">
    <p class='ocr_par' dir='ltr' id='par_1_12' title="bbox 428 1290 2011 1361">
     <span class='ocr_line' id='line_1_12' title="bbox 428 1290 2011 1361; baseline -0.004 -11"><span class='ocrx_word' id='word_1_63' title='bbox 428 1296 505 1350; x_wconf 90' lang='lat' dir='ltr'><strong>di.</strong></span> <span class='ocrx_word' id='word_1_64' title='bbox 534 1294 747 1350; x_wconf 87' lang='lat' dir='ltr'><strong>Etenim</strong></span> <span class='ocrx_word' id='word_1_65' title='bbox 781 1295 952 1348; x_wconf 90' lang='lat' dir='ltr'><strong>otium</strong></span> <span class='ocrx_word' id='word_1_66' title='bbox 983 1292 1237 1361; x_wconf 83' lang='lat' dir='ltr'><strong>languida</strong></span> <span class='ocrx_word' id='word_1_67' title='bbox 1298 1300 1353 1346; x_wconf 88' lang='lat' dir='ltr'><strong>et</strong></span> <span class='ocrx_word' id='word_1_68' title='bbox 1378 1292 1555 1345; x_wconf 90' lang='lat' dir='ltr'><strong>soluta</strong></span> <span class='ocrx_word' id='word_1_69' title='bbox 1597 1290 1728 1345; x_wconf 75' lang='lat' dir='ltr'><strong>facit</strong></span> <span class='ocrx_word' id='word_1_70' title='bbox 1758 1306 2011 1360; x_wconf 88' lang='lat' dir='ltr'><strong>corpora,</strong></span> 
     </span>
    </p>
   </div>
   <div class='ocr_carea' id='block_1_13' title="bbox 430 1380 2012 1441">
    <p class='ocr_par' dir='ltr' id='par_1_13' title="bbox 430 1380 2012 1441">
     <span class='ocr_line' id='line_1_13' title="bbox 430 1380 2012 1441; baseline -0.003 -1"><span class='ocrx_word' id='word_1_71' title='bbox 430 1386 639 1441; x_wconf 84' lang='lat' dir='ltr'><strong>desidia</strong></span> <span class='ocrx_word' id='word_1_72' title='bbox 695 1384 914 1438; x_wconf 87' lang='lat' dir='ltr'><strong>timidas</strong></span> <span class='ocrx_word' id='word_1_73' title='bbox 955 1394 1010 1437; x_wconf 91' lang='lat' dir='ltr'><strong>et</strong></span> <span class='ocrx_word' id='word_1_74' title='bbox 1050 1382 1391 1437; x_wconf 75' lang='lat' dir='ltr'><strong>elleminatas</strong></span> <span class='ocrx_word' id='word_1_75' title='bbox 1434 1383 1611 1436; x_wconf 86' lang='lat' dir='ltr'><strong>reddit</strong></span> <span class='ocrx_word' id='word_1_76' title='bbox 1642 1388 1873 1436; x_wconf 87' lang='lat' dir='ltr'><strong>mentes.</strong></span> <span class='ocrx_word' id='word_1_77' title='bbox 1901 1380 2012 1435; x_wconf 76' lang='lat' dir='ltr'><strong>Vo-</strong></span> 
     </span>
    </p>
   </div>
   <div class='ocr_carea' id='block_1_14' title="bbox 430 1472 2010 1545">
    <p class='ocr_par' dir='ltr' id='par_1_14' title="bbox 430 1472 2010 1545">
     <span class='ocr_line' id='line_1_14' title="bbox 430 1472 2010 1545; baseline -0.002 -14"><span class='ocrx_word' id='word_1_78' title='bbox 430 1478 667 1545; x_wconf 90' lang='lat' dir='ltr'><strong>luptates</strong></span> <span class='ocrx_word' id='word_1_79' title='bbox 720 1479 867 1529; x_wconf 90' lang='lat' dir='ltr'><strong>enim</strong></span> <span class='ocrx_word' id='word_1_80' title='bbox 947 1474 1191 1543; x_wconf 86' lang='lat' dir='ltr'><strong>quotidie</strong></span> <span class='ocrx_word' id='word_1_81' title='bbox 1255 1474 1569 1529; x_wconf 91' lang='lat' dir='ltr'><strong>inescantes</strong></span> <span class='ocrx_word' id='word_1_82' title='bbox 1644 1472 2010 1529; x_wconf 82' lang='lat' dir='ltr'><strong>fortissimum</strong></span> 
     </span>
    </p>
   </div>
   <div class='ocr_carea' id='block_1_15' title="bbox 430 1562 2011 1636">
    <p class='ocr_par' dir='ltr' id='par_1_15' title="bbox 430 1562 2011 1636">
     <span class='ocr_line' id='line_1_15' title="bbox 430 1562 2011 1636; baseline -0.001 -16"><span class='ocrx_word' id='word_1_83' title='bbox 430 1582 706 1636; x_wconf 86' lang='lat' dir='ltr'><strong>quemque</strong></span> <span class='ocrx_word' id='word_1_84' title='bbox 754 1575 1135 1634; x_wconf 91' lang='lat' dir='ltr'><strong>corrumpunt.</strong></span> <span class='ocrx_word' id='word_1_85' title='bbox 1181 1562 1411 1629; x_wconf 83' lang='lat' dir='ltr'><strong>Quando</strong></span> <span class='ocrx_word' id='word_1_86' title='bbox 1444 1574 1623 1617; x_wconf 91' lang='lat' dir='ltr'><strong>autem</strong></span> <span class='ocrx_word' id='word_1_87' title='bbox 1669 1565 1830 1632; x_wconf 88' lang='lat' dir='ltr'><strong>longo</strong></span> <span class='ocrx_word' id='word_1_88' title='bbox 1870 1575 2011 1619; x_wconf 85' lang='lat' dir='ltr'><strong>tem-</strong></span> 
     </span>
    </p>
   </div>
   <div class='ocr_carea' id='block_1_16' title="bbox 430 1656 2011 1727">
    <p class='ocr_par' dir='ltr' id='par_1_16' title="bbox 430 1656 2011 1727">
     <span class='ocr_line' id='line_1_16' title="bbox 430 1656 2011 1727; baseline 0 -16"><span class='ocrx_word' id='word_1_89' title='bbox 430 1674 562 1727; x_wconf 90' lang='lat' dir='ltr'><strong>pore</strong></span> <span class='ocrx_word' id='word_1_90' title='bbox 582 1658 904 1727; x_wconf 89' lang='lat' dir='ltr'><strong>interposito</strong></span> <span class='ocrx_word' id='word_1_91' title='bbox 930 1657 999 1711; x_wconf 90' lang='lat' dir='ltr'><strong>ad</strong></span> <span class='ocrx_word' id='word_1_92' title='bbox 1029 1656 1245 1710; x_wconf 86' lang='lat' dir='ltr'><strong>labores</strong></span> <span class='ocrx_word' id='word_1_93' title='bbox 1294 1658 1539 1720; x_wconf 90' lang='lat' dir='ltr'><strong>veniunt,</strong></span> <span class='ocrx_word' id='word_1_94' title='bbox 1573 1672 1750 1727; x_wconf 90' lang='lat' dir='ltr'><strong>neque</strong></span> <span class='ocrx_word' id='word_1_95' title='bbox 1780 1657 2011 1712; x_wconf 89' lang='lat' dir='ltr'><strong>libenter</strong></span> 
     </span>
    </p>
   </div>
   <div class='ocr_carea' id='block_1_17' title="bbox 430 1747 2010 1819">
    <p class='ocr_par' dir='ltr' id='par_1_17' title="bbox 430 1747 2010 1819">
     <span class='ocr_line' id='line_1_17' title="bbox 430 1747 2010 1819; baseline 0.002 -17"><span class='ocrx_word' id='word_1_96' title='bbox 430 1749 726 1812; x_wconf 76' lang='lat' dir='ltr'><strong>sustinent,</strong></span> <span class='ocrx_word' id='word_1_97' title='bbox 795 1764 976 1818; x_wconf 91' lang='lat' dir='ltr'><strong>neque</strong></span> <span class='ocrx_word' id='word_1_98' title='bbox 1000 1748 1093 1801; x_wconf 90' lang='lat' dir='ltr'><strong>diu</strong></span> <span class='ocrx_word' id='word_1_99' title='bbox 1120 1749 1340 1811; x_wconf 84' lang='lat' dir='ltr'><strong>durant,</strong></span> <span class='ocrx_word' id='word_1_100' title='bbox 1370 1747 1467 1802; x_wconf 92' lang='lat' dir='ltr'><strong>sed</strong></span> <span class='ocrx_word' id='word_1_101' title='bbox 1500 1749 1684 1802; x_wconf 87' lang='lat' dir='ltr'><strong>statim</strong></span> <span class='ocrx_word' id='word_1_102' title='bbox 1729 1748 2010 1819; x_wconf 78' lang='lat' dir='ltr'><strong>refugiunt</strong></span> 
     </span>
    </p>
   </div>
   <div class='ocr_carea' id='block_1_18' title="bbox 428 1814 2089 1930">
    <p class='ocr_par' dir='ltr' id='par_1_18' title="bbox 428 1814 2089 1930">
     <span class='ocr_line' id='line_1_18' title="bbox 428 1814 2089 1930; baseline 0.002 -37"><span class='ocrx_word' id='word_1_103' title='bbox 428 1842 750 1930; x_wconf 69' lang='lat' dir='ltr'><strong>priusquam</strong></span> <span class='ocrx_word' id='word_1_104' title='bbox 784 1814 1085 1908; x_wconf 77' lang='lat' dir='ltr'><strong>periculum</strong></span> <span class='ocrx_word' id='word_1_105' title='bbox 1116 1840 1360 1893; x_wconf 84' lang='lat' dir='ltr'><strong>laborum</strong></span> <span class='ocrx_word' id='word_1_106' title='bbox 1386 1840 1705 1893; x_wconf 90' lang='lat' dir='ltr'><strong>bellicorum</strong></span> <span class='ocrx_word' id='word_1_107' title='bbox 1742 1814 2010 1896; x_wconf 67' lang='lat' dir='ltr'><strong>fecerint:</strong></span> <span class='ocrx_word' id='word_1_108' title='bbox 2046 1814 2089 1868; x_wconf 76' lang='grc' dir='ltr'><strong>Β</strong></span> 
     </span>
    </p>
   </div>
   <div class='ocr_carea' id='block_1_19' title="bbox 428 1930 2011 2002">
    <p class='ocr_par' dir='ltr' id='par_1_19' title="bbox 428 1930 2011 2002">
     <span class='ocr_line' id='line_1_19' title="bbox 428 1930 2011 2002; baseline 0.001 -18"><span class='ocrx_word' id='word_1_109' title='bbox 428 1933 513 1985; x_wconf 89' lang='lat' dir='ltr'><strong>sin</strong></span> <span class='ocrx_word' id='word_1_110' title='bbox 548 1933 599 1985; x_wconf 92' lang='lat' dir='ltr'><strong>in</strong></span> <span class='ocrx_word' id='word_1_111' title='bbox 628 1931 928 2002; x_wconf 88' lang='lat' dir='ltr'><strong>periculum</strong></span> <span class='ocrx_word' id='word_1_112' title='bbox 956 1932 1228 1996; x_wconf 85' lang='lat' dir='ltr'><strong>venerint,</strong></span> <span class='ocrx_word' id='word_1_113' title='bbox 1262 1930 1421 1986; x_wconf 84' lang='lat' dir='ltr'><strong>facile</strong></span> <span class='ocrx_word' id='word_1_114' title='bbox 1460 1933 1661 1985; x_wconf 91' lang='lat' dir='ltr'><strong>iterum</strong></span> <span class='ocrx_word' id='word_1_115' title='bbox 1698 1932 2011 1997; x_wconf 88' lang='lat' dir='ltr'><strong>discedunt,</strong></span> 
     </span>
    </p>
   </div>
   <div class='ocr_carea' id='block_1_20' title="bbox 428 2022 2012 2094">
    <p class='ocr_par' dir='ltr' id='par_1_20' title="bbox 428 2022 2012 2094">
     <span class='ocr_line' id='line_1_20' title="bbox 428 2022 2012 2094; baseline 0.001 -17"><span class='ocrx_word' id='word_1_116' title='bbox 428 2038 608 2093; x_wconf 90' lang='lat' dir='ltr'><strong>neque</strong></span> <span class='ocrx_word' id='word_1_117' title='bbox 651 2022 717 2077; x_wconf 89' lang='lat' dir='ltr'><strong>ad</strong></span> <span class='ocrx_word' id='word_1_118' title='bbox 768 2022 1122 2093; x_wconf 80' lang='lat' dir='ltr'><strong>perferendos</strong></span> <span class='ocrx_word' id='word_1_119' title='bbox 1172 2024 1409 2088; x_wconf 90' lang='lat' dir='ltr'><strong>labores,</strong></span> <span class='ocrx_word' id='word_1_120' title='bbox 1463 2040 1639 2094; x_wconf 88' lang='lat' dir='ltr'><strong>neque</strong></span> <span class='ocrx_word' id='word_1_121' title='bbox 1691 2025 1759 2078; x_wconf 85' lang='lat' dir='ltr'><strong>ad</strong></span> <span class='ocrx_word' id='word_1_122' title='bbox 1831 2025 2012 2079; x_wconf 88' lang='lat' dir='ltr'><strong>susci-</strong></span> 
     </span>
    </p>
   </div>
   <div class='ocr_carea' id='block_1_21' title="bbox 428 2114 2015 2185">
    <p class='ocr_par' dir='ltr' id='par_1_21' title="bbox 428 2114 2015 2185">
     <span class='ocr_line' id='line_1_21' title="bbox 428 2114 2015 2185; baseline 0.003 -20"><span class='ocrx_word' id='word_1_123' title='bbox 428 2115 623 2184; x_wconf 78' lang='lat' dir='ltr'><strong>pienda</strong></span> <span class='ocrx_word' id='word_1_124' title='bbox 672 2114 909 2184; x_wconf 89' lang='lat' dir='ltr'><strong>pericula</strong></span> <span class='ocrx_word' id='word_1_125' title='bbox 960 2114 1139 2169; x_wconf 88' lang='lat' dir='ltr'><strong>idonei</strong></span> <span class='ocrx_word' id='word_1_126' title='bbox 1171 2126 1321 2169; x_wconf 90' lang='lat' dir='ltr'><strong>sunt.</strong></span> <span class='ocrx_word' id='word_1_127' title='bbox 1367 2114 1546 2180; x_wconf 87' lang='lat' dir='ltr'><strong>Quare</strong></span> <span class='ocrx_word' id='word_1_128' title='bbox 1576 2115 1778 2169; x_wconf 91' lang='lat' dir='ltr'><strong>bonum</strong></span> <span class='ocrx_word' id='word_1_129' title='bbox 1807 2130 1907 2185; x_wconf 92' lang='lat' dir='ltr'><strong>ego</strong></span> <span class='ocrx_word' id='word_1_130' title='bbox 1932 2116 2015 2185; x_wconf 86' lang='lat' dir='ltr'><strong>ju-</strong></span> 
     </span>
    </p>
   </div>
   <div class='ocr_carea' id='block_1_22' title="bbox 427 2205 2014 2276">
    <p class='ocr_par' dir='ltr' id='par_1_22' title="bbox 427 2205 2014 2276">
     <span class='ocr_line' id='line_1_22' title="bbox 427 2205 2014 2276; baseline 0.002 -17"><span class='ocrx_word' id='word_1_131' title='bbox 427 2206 551 2261; x_wconf 87' lang='lat' dir='ltr'><strong>dico</strong></span> <span class='ocrx_word' id='word_1_132' title='bbox 603 2205 1013 2275; x_wconf 87' lang='lat' dir='ltr'><strong>imperatorem,</strong></span> <span class='ocrx_word' id='word_1_133' title='bbox 1049 2206 1143 2275; x_wconf 90' lang='lat' dir='ltr'><strong>qui</strong></span> <span class='ocrx_word' id='word_1_134' title='bbox 1188 2216 1303 2260; x_wconf 87' lang='lat' dir='ltr'><strong>tttm</strong></span> <span class='ocrx_word' id='word_1_135' title='bbox 1336 2216 1626 2276; x_wconf 65' lang='lat' dir='ltr'><strong>praaparat,</strong></span> <span class='ocrx_word' id='word_1_136' title='bbox 1672 2216 1786 2261; x_wconf 90' lang='lat' dir='ltr'><strong>tum</strong></span> <span class='ocrx_word' id='word_1_137' title='bbox 1828 2207 2014 2276; x_wconf 87' lang='lat' dir='ltr'><strong>dispo-</strong></span> 
     </span>
    </p>
   </div>
   <div class='ocr_carea' id='block_1_23' title="bbox 430 2298 2014 2366">
    <p class='ocr_par' dir='ltr' id='par_1_23' title="bbox 430 2298 2014 2366">
     <span class='ocr_line' id='line_1_23' title="bbox 430 2298 2014 2366; baseline 0.001 -16"><span class='ocrx_word' id='word_1_138' title='bbox 430 2298 511 2350; x_wconf 86' lang='lat' dir='ltr'><strong>nit</strong></span> <span class='ocrx_word' id='word_1_139' title='bbox 537 2312 729 2352; x_wconf 92' lang='lat' dir='ltr'><strong>omnes</strong></span> <span class='ocrx_word' id='word_1_140' title='bbox 774 2312 883 2363; x_wconf 91' lang='lat' dir='ltr'><strong>res,</strong></span> <span class='ocrx_word' id='word_1_141' title='bbox 928 2298 1225 2366; x_wconf 91' lang='lat' dir='ltr'><strong>omniaque</strong></span> <span class='ocrx_word' id='word_1_142' title='bbox 1270 2298 1487 2365; x_wconf 89' lang='lat' dir='ltr'><strong>negotia</strong></span> <span class='ocrx_word' id='word_1_143' title='bbox 1521 2298 1588 2351; x_wconf 86' lang='lat' dir='ltr'><strong>ad</strong></span> <span class='ocrx_word' id='word_1_144' title='bbox 1627 2314 1761 2352; x_wconf 89' lang='lat' dir='ltr'><strong>usus</strong></span> <span class='ocrx_word' id='word_1_145' title='bbox 1789 2298 2014 2352; x_wconf 89' lang='lat' dir='ltr'><strong>bellicos</strong></span> 
     </span>
    </p>
   </div>
   <div class='ocr_carea' id='block_1_24' title="bbox 429 2388 2015 2458">
    <p class='ocr_par' dir='ltr' id='par_1_24' title="bbox 429 2388 2015 2458">
     <span class='ocr_line' id='line_1_24' title="bbox 429 2388 2015 2458; baseline 0.001 -16"><span class='ocrx_word' id='word_1_146' title='bbox 429 2389 764 2457; x_wconf 88' lang='lat' dir='ltr'><strong>spectantia,</strong></span> <span class='ocrx_word' id='word_1_147' title='bbox 814 2388 1033 2458; x_wconf 91' lang='lat' dir='ltr'><strong>quando</strong></span> <span class='ocrx_word' id='word_1_148' title='bbox 1117 2389 1195 2442; x_wconf 86' lang='lat' dir='ltr'><strong>rei</strong></span> <span class='ocrx_word' id='word_1_149' title='bbox 1252 2389 1460 2443; x_wconf 69' lang='lat' dir='ltr'><strong>bellica:</strong></span> <span class='ocrx_word' id='word_1_150' title='bbox 1508 2388 1657 2442; x_wconf 86' lang='lat' dir='ltr'><strong>nulla</strong></span> <span class='ocrx_word' id='word_1_151' title='bbox 1713 2389 2015 2443; x_wconf 88' lang='lat' dir='ltr'><strong>necessitas</strong></span> 
     </span>
    </p>
   </div>
   <div class='ocr_carea' id='block_1_25' title="bbox 432 2478 2012 2549">
    <p class='ocr_par' dir='ltr' id='par_1_25' title="bbox 432 2478 2012 2549">
     <span class='ocr_line' id='line_1_25' title="bbox 432 2478 2012 2549; baseline 0.002 -18"><span class='ocrx_word' id='word_1_152' title='bbox 432 2488 608 2549; x_wconf 86' lang='lat' dir='ltr'><strong>urget.</strong></span> <span class='ocrx_word' id='word_1_153' title='bbox 639 2478 905 2533; x_wconf 81' lang='lat' dir='ltr'><strong>Exerceto</strong></span> <span class='ocrx_word' id='word_1_154' title='bbox 954 2488 1138 2533; x_wconf 90' lang='lat' dir='ltr'><strong>autem</strong></span> <span class='ocrx_word' id='word_1_155' title='bbox 1188 2493 1285 2534; x_wconf 90' lang='lat' dir='ltr'><strong>eos</strong></span> <span class='ocrx_word' id='word_1_156' title='bbox 1315 2479 1401 2535; x_wconf 93' lang='lat' dir='ltr'><strong>his</strong></span> <span class='ocrx_word' id='word_1_157' title='bbox 1429 2480 1675 2535; x_wconf 91' lang='lat' dir='ltr'><strong>moribus</strong></span> <span class='ocrx_word' id='word_1_158' title='bbox 1709 2492 1765 2534; x_wconf 92' lang='lat' dir='ltr'><strong>et</strong></span> <span class='ocrx_word' id='word_1_159' title='bbox 1786 2480 2012 2535; x_wconf 83' lang='lat' dir='ltr'><strong>institu-</strong></span> 
     </span>
    </p>
   </div>
   <div class='ocr_carea' id='block_1_26' title="bbox 430 2569 530 2624">
    <p class='ocr_par' dir='ltr' id='par_1_26' title="bbox 430 2569 530 2624">
     <span class='ocr_line' id='line_1_26' title="bbox 430 2569 530 2624; baseline -0.01 0"><span class='ocrx_word' id='word_1_160' title='bbox 430 2569 530 2624; x_wconf 80' lang='lat' dir='ltr'><strong>lis:</strong></span> 
     </span>
    </p>
   </div>
   <div class='ocr_carea' id='block_1_27' title="bbox 496 2746 2015 2827">
    <p class='ocr_par' dir='ltr' id='par_1_27' title="bbox 496 2746 2015 2827">
     <span class='ocr_line' id='line_1_27' title="bbox 496 2746 2015 2827; baseline 0.001 -25"><span class='ocrx_word' id='word_1_161' title='bbox 496 2749 550 2803; x_wconf 79' lang='grc'>5.</span> <span class='ocrx_word' id='word_1_162' title='bbox 582 2746 850 2812; x_wconf 86' lang='lat' dir='ltr'><strong>Primum,</strong></span> <span class='ocrx_word' id='word_1_163' title='bbox 884 2747 1266 2819; x_wconf 91' lang='lat' dir='ltr'><strong>unusquisque</strong></span> <span class='ocrx_word' id='word_1_164' title='bbox 1304 2748 1458 2805; x_wconf 88' lang='lat' dir='ltr'><strong>miles</strong></span> <span class='ocrx_word' id='word_1_165' title='bbox 1487 2750 1539 2804; x_wconf 94' lang='lat' dir='ltr'><strong>in</strong></span> <span class='ocrx_word' id='word_1_166' title='bbox 1573 2750 1759 2820; x_wconf 89' lang='lat' dir='ltr'><strong>aliquo</strong></span> <span class='ocrx_word' id='word_1_167' title='bbox 1794 2750 2015 2827; x_wconf 79' lang='lat' dir='ltr'><strong>negatio</strong></span> 
     </span>
    </p>
   </div>
   <div class='ocr_carea' id='block_1_28' title="bbox 430 2839 2014 2914">
    <p class='ocr_par' dir='ltr' id='par_1_28' title="bbox 430 2839 2014 2914">
     <span class='ocr_line' id='line_1_28' title="bbox 430 2839 2014 2914; baseline 0.001 -19"><span class='ocrx_word' id='word_1_168' title='bbox 430 2842 520 2895; x_wconf 91' lang='lat' dir='ltr'><strong>sit.</strong></span> <span class='ocrx_word' id='word_1_169' title='bbox 538 2839 752 2895; x_wconf 85' lang='lat' dir='ltr'><strong>Graves</strong></span> <span class='ocrx_word' id='word_1_170' title='bbox 787 2847 992 2903; x_wconf 89' lang='lat' dir='ltr'><strong>autem,</strong></span> <span class='ocrx_word' id='word_1_171' title='bbox 1024 2840 1077 2894; x_wconf 93' lang='lat' dir='ltr'><strong>id</strong></span> <span class='ocrx_word' id='word_1_172' title='bbox 1125 2850 1211 2895; x_wconf 91' lang='lat' dir='ltr'><strong>est</strong></span> <span class='ocrx_word' id='word_1_173' title='bbox 1247 2849 1494 2897; x_wconf 89' lang='lat' dir='ltr'><strong>scutatos</strong></span> <span class='ocrx_word' id='word_1_174' title='bbox 1547 2843 1779 2912; x_wconf 91' lang='lat' dir='ltr'><strong>pedites,</strong></span> <span class='ocrx_word' id='word_1_175' title='bbox 1812 2845 1895 2897; x_wconf 87' lang='lat' dir='ltr'><strong>vel</strong></span> <span class='ocrx_word' id='word_1_176' title='bbox 1921 2844 2014 2914; x_wconf 93' lang='lat' dir='ltr'><strong>qui</strong></span> 
     </span>
    </p>
   </div>
   <div class='ocr_carea' id='block_1_29' title="bbox 432 2933 2017 3006">
    <p class='ocr_par' dir='ltr' id='par_1_29' title="bbox 432 2933 2017 3006">
     <span class='ocr_line' id='line_1_29' title="bbox 432 2933 2017 3006; baseline 0.003 -22"><span class='ocrx_word' id='word_1_177' title='bbox 432 2933 743 2987; x_wconf 88' lang='lat' dir='ltr'><strong>universam</strong></span> <span class='ocrx_word' id='word_1_178' title='bbox 802 2943 1137 2986; x_wconf 87' lang='lat' dir='ltr'><strong>armaturam</strong></span> <span class='ocrx_word' id='word_1_179' title='bbox 1185 2942 1400 3003; x_wconf 88' lang='lat' dir='ltr'><strong>gestant</strong></span> <span class='ocrx_word' id='word_1_180' title='bbox 1423 2936 1491 2989; x_wconf 80' lang='lat' dir='ltr'><strong>ad</strong></span> <span class='ocrx_word' id='word_1_181' title='bbox 1525 2936 1806 3006; x_wconf 81' lang='lat' dir='ltr'><strong>singulare</strong></span> <span class='ocrx_word' id='word_1_182' title='bbox 1834 2947 2017 2991; x_wconf 88' lang='lat' dir='ltr'><strong>certa-</strong></span> 
     </span>
    </p>
   </div>
   <div class='ocr_carea' id='block_1_30' title="bbox 430 3027 1765 3095">
    <p class='ocr_par' dir='ltr' id='par_1_30' title="bbox 430 3027 1765 3095">
     <span class='ocr_line' id='line_1_30' title="bbox 430 3027 1765 3095; baseline 0.001 -14"><span class='ocrx_word' id='word_1_183' title='bbox 430 3043 555 3081; x_wconf 90' lang='lat' dir='ltr'><strong>men</strong></span> <span class='ocrx_word' id='word_1_184' title='bbox 591 3042 714 3081; x_wconf 91' lang='lat' dir='ltr'><strong>cum</strong></span> <span class='ocrx_word' id='word_1_185' title='bbox 735 3027 907 3081; x_wconf 90' lang='lat' dir='ltr'><strong>scutis</strong></span> <span class='ocrx_word' id='word_1_186' title='bbox 932 3035 986 3081; x_wconf 93' lang='lat' dir='ltr'><strong>et</strong></span> <span class='ocrx_word' id='word_1_187' title='bbox 1026 3027 1192 3095; x_wconf 78' lang='lat' dir='ltr'><strong>virgis</strong></span> <span class='ocrx_word' id='word_1_188' title='bbox 1230 3028 1372 3082; x_wconf 91' lang='lat' dir='ltr'><strong>inter</strong></span> <span class='ocrx_word' id='word_1_189' title='bbox 1396 3043 1458 3083; x_wconf 89' lang='lat' dir='ltr'><strong>se</strong></span> <span class='ocrx_word' id='word_1_190' title='bbox 1484 3044 1765 3085; x_wconf 82' lang='lat' dir='ltr'><strong>exerceas.</strong></span> 
     </span>
    </p>
   </div>
   <div class='ocr_carea' id='block_1_31' title="bbox 500 3116 2012 3186">
    <p class='ocr_par' dir='ltr' id='par_1_31' title="bbox 500 3116 2012 3186">
     <span class='ocr_line' id='line_1_31' title="bbox 500 3116 2012 3186; baseline 0.001 -15"><span class='ocrx_word' id='word_1_191' title='bbox 500 3118 555 3171; x_wconf 72' lang='grc'>4.</span> <span class='ocrx_word' id='word_1_192' title='bbox 585 3116 666 3171; x_wconf 85' lang='lat' dir='ltr'><strong>Ad</strong></span> <span class='ocrx_word' id='word_1_193' title='bbox 709 3117 1047 3186; x_wconf 81' lang='lat' dir='ltr'><strong>conjicienda</strong></span> <span class='ocrx_word' id='word_1_194' title='bbox 1084 3118 1299 3172; x_wconf 90' lang='lat' dir='ltr'><strong>eminus</strong></span> <span class='ocrx_word' id='word_1_195' title='bbox 1349 3119 1557 3186; x_wconf 87' lang='lat' dir='ltr'><strong>jacula,</strong></span> <span class='ocrx_word' id='word_1_196' title='bbox 1588 3130 1641 3173; x_wconf 92' lang='lat' dir='ltr'><strong>et</strong></span> <span class='ocrx_word' id='word_1_197' title='bbox 1675 3127 2012 3173; x_wconf 83' lang='lat' dir='ltr'><strong>matzumar-</strong></span> 
     </span>
    </p>
   </div>
   <div class='ocr_carea' id='block_1_32' title="bbox 433 3210 1871 3278">
    <p class='ocr_par' dir='ltr' id='par_1_32' title="bbox 433 3210 1871 3278">
     <span class='ocr_line' id='line_1_32' title="bbox 433 3210 1871 3278; baseline 0.001 -15"><span class='ocrx_word' id='word_1_198' title='bbox 433 3210 649 3274; x_wconf 87' lang='lat' dir='ltr'><strong>bulum,</strong></span> <span class='ocrx_word' id='word_1_199' title='bbox 678 3210 822 3278; x_wconf 90' lang='lat' dir='ltr'><strong>quod</strong></span> <span class='ocrx_word' id='word_1_200' title='bbox 855 3225 1002 3263; x_wconf 92' lang='lat' dir='ltr'><strong>nunc</strong></span> <span class='ocrx_word' id='word_1_201' title='bbox 1024 3210 1227 3263; x_wconf 89' lang='lat' dir='ltr'><strong>dicitur</strong></span> <span class='ocrx_word' id='word_1_202' title='bbox 1253 3210 1445 3272; x_wconf 84' lang='lat' dir='ltr'><strong>saliba,</strong></span> <span class='ocrx_word' id='word_1_203' title='bbox 1476 3211 1563 3265; x_wconf 79' lang='lat' dir='ltr'><strong>vel</strong></span> <span class='ocrx_word' id='word_1_204' title='bbox 1598 3211 1871 3265; x_wconf 86' lang='lat' dir='ltr'><strong>tzicurim.</strong></span> 
     </span>
    </p>
   </div>
   <div class='ocr_carea' id='block_1_33' title="bbox 504 3303 2021 3377">
    <p class='ocr_par' dir='ltr' id='par_1_33' title="bbox 504 3303 2021 3377">
     <span class='ocr_line' id='line_1_33' title="bbox 504 3303 2021 3377; baseline 0.003 -19"><span class='ocrx_word' id='word_1_205' title='bbox 504 3305 557 3358; x_wconf 83' lang='lat'><strong>5.</strong></span> <span class='ocrx_word' id='word_1_206' title='bbox 586 3303 784 3359; x_wconf 89' lang='lat' dir='ltr'><strong>Levem</strong></span> <span class='ocrx_word' id='word_1_207' title='bbox 817 3310 1153 3357; x_wconf 88' lang='lat' dir='ltr'><strong>armaturam</strong></span> <span class='ocrx_word' id='word_1_208' title='bbox 1185 3303 1489 3369; x_wconf 78' lang='lat' dir='ltr'><strong>exercebis,</strong></span> <span class='ocrx_word' id='word_1_209' title='bbox 1520 3305 1586 3358; x_wconf 89' lang='lat' dir='ltr'><strong>ad</strong></span> <span class='ocrx_word' id='word_1_210' title='bbox 1622 3306 1850 3377; x_wconf 78' lang='lat' dir='ltr'><strong>sagittas</strong></span> <span class='ocrx_word' id='word_1_211' title='bbox 1875 3308 2021 3362; x_wconf 85' lang='lat' dir='ltr'><strong>cele-</strong></span> 
     </span>
    </p>
   </div>
   <div class='ocr_carea' id='block_1_34' title="bbox 432 3395 2017 3466">
    <p class='ocr_par' dir='ltr' id='par_1_34' title="bbox 432 3395 2017 3466">
     <span class='ocr_line' id='line_1_34' title="bbox 432 3395 2017 3466; baseline 0.004 -16"><span class='ocrx_word' id='word_1_212' title='bbox 432 3397 564 3451; x_wconf 88' lang='lat' dir='ltr'><strong>riter</strong></span> <span class='ocrx_word' id='word_1_213' title='bbox 617 3396 923 3464; x_wconf 86' lang='lat' dir='ltr'><strong>jaciendas,</strong></span> <span class='ocrx_word' id='word_1_214' title='bbox 971 3395 1026 3449; x_wconf 94' lang='lat' dir='ltr'><strong>in</strong></span> <span class='ocrx_word' id='word_1_215' title='bbox 1077 3395 1290 3451; x_wconf 89' lang='lat' dir='ltr'><strong>hastam</strong></span> <span class='ocrx_word' id='word_1_216' title='bbox 1327 3398 1569 3466; x_wconf 88' lang='lat' dir='ltr'><strong>aliquam</strong></span> <span class='ocrx_word' id='word_1_217' title='bbox 1605 3397 1773 3452; x_wconf 79' lang='lat' dir='ltr'><strong>altam</strong></span> <span class='ocrx_word' id='word_1_218' title='bbox 1796 3400 2017 3456; x_wconf 90' lang='lat' dir='ltr'><strong>eminus</strong></span> 
     </span>
    </p>
   </div>
   <div class='ocr_carea' id='block_1_35' title="bbox 432 3472 829 3541">
    <p class='ocr_par' dir='ltr' id='par_1_35' title="bbox 432 3472 829 3541">
     <span class='ocr_line' id='line_1_35' title="bbox 432 3472 829 3541; baseline -0.005 0"><span class='ocrx_word' id='word_1_219' title='bbox 432 3486 687 3541; x_wconf 80' lang='lat' dir='ltr'><strong>deﬁxam.</strong></span> <span class='ocrx_word' id='word_1_220' title='bbox 828 3472 829 3475; x_wconf 18' lang='grc'><strong>¹</strong></span> 
     </span>
    </p>
   </div>
   <div class='ocr_carea' id='block_1_36' title="bbox 502 3576 1876 3647">
    <p class='ocr_par' dir='ltr' id='par_1_36' title="bbox 502 3576 1876 3647">
     <span class='ocr_line' id='line_1_36' title="bbox 502 3576 1876 3647; baseline 0.003 -15"><span class='ocrx_word' id='word_1_221' title='bbox 502 3576 559 3633; x_wconf 88' lang='lat'><strong>6.</strong></span> <span class='ocrx_word' id='word_1_222' title='bbox 594 3577 675 3631; x_wconf 83' lang='lat' dir='ltr'><strong>Ad</strong></span> <span class='ocrx_word' id='word_1_223' title='bbox 701 3576 885 3647; x_wconf 85' lang='lat' dir='ltr'><strong>jacula</strong></span> <span class='ocrx_word' id='word_1_224' title='bbox 914 3576 1132 3633; x_wconf 91' lang='lat' dir='ltr'><strong>eminus</strong></span> <span class='ocrx_word' id='word_1_225' title='bbox 1174 3577 1539 3646; x_wconf 86' lang='lat' dir='ltr'><strong>conjicienda,</strong></span> <span class='ocrx_word' id='word_1_226' title='bbox 1564 3588 1617 3633; x_wconf 92' lang='lat' dir='ltr'><strong>et</strong></span> <span class='ocrx_word' id='word_1_227' title='bbox 1654 3578 1876 3637; x_wconf 83' lang='lat' dir='ltr'><strong>fundas.</strong></span> 
     </span>
    </p>
   </div>
   <div class='ocr_carea' id='block_1_37' title="bbox 508 3751 2022 3826">
    <p class='ocr_par' dir='ltr' id='par_1_37' title="bbox 508 3751 2022 3826">
     <span class='ocr_line' id='line_1_37' title="bbox 508 3751 2022 3826; baseline 0.003 -21"><span class='ocrx_word' id='word_1_228' title='bbox 508 3754 558 3806; x_wconf 91' lang='lat'><strong>7.</strong></span> <span class='ocrx_word' id='word_1_229' title='bbox 599 3751 821 3821; x_wconf 85' lang='lat' dir='ltr'><strong>Equites</strong></span> <span class='ocrx_word' id='word_1_230' title='bbox 865 3752 1148 3807; x_wconf 83' lang='lat' dir='ltr'><strong>exercebis</strong></span> <span class='ocrx_word' id='word_1_231' title='bbox 1173 3754 1238 3808; x_wconf 90' lang='lat' dir='ltr'><strong>ad</strong></span> <span class='ocrx_word' id='word_1_232' title='bbox 1271 3754 1501 3825; x_wconf 85' lang='lat' dir='ltr'><strong>sagittas</strong></span> <span class='ocrx_word' id='word_1_233' title='bbox 1540 3755 1795 3810; x_wconf 86' lang='lat' dir='ltr'><strong>celeriter</strong></span> <span class='ocrx_word' id='word_1_234' title='bbox 1816 3756 2022 3826; x_wconf 89' lang='lat' dir='ltr'><strong>jacien-</strong></span> 
     </span>
    </p>
   </div>
   <div class='ocr_carea' id='block_1_38' title="bbox 434 3844 2025 3915">
    <p class='ocr_par' dir='ltr' id='par_1_38' title="bbox 434 3844 2025 3915">
     <span class='ocr_line' id='line_1_38' title="bbox 434 3844 2025 3915; baseline 0.004 -18"><span class='ocrx_word' id='word_1_235' title='bbox 434 3844 577 3898; x_wconf 83' lang='lat' dir='ltr'><strong>das:</strong></span> <span class='ocrx_word' id='word_1_236' title='bbox 629 3844 882 3899; x_wconf 87' lang='lat' dir='ltr'><strong>celeritas</strong></span> <span class='ocrx_word' id='word_1_237' title='bbox 937 3846 1080 3897; x_wconf 80' lang='lat' dir='ltr'><strong>enim</strong></span> <span class='ocrx_word' id='word_1_238' title='bbox 1141 3857 1409 3915; x_wconf 68' lang='lat' dir='ltr'><strong>praeparat</strong></span> <span class='ocrx_word' id='word_1_239' title='bbox 1439 3847 1727 3915; x_wconf 79' lang='lat' dir='ltr'><strong>sagittam,</strong></span> <span class='ocrx_word' id='word_1_240' title='bbox 1762 3857 1822 3901; x_wconf 95' lang='lat' dir='ltr'><strong>ut</strong></span> <span class='ocrx_word' id='word_1_241' title='bbox 1864 3847 2025 3904; x_wconf 80' lang='lat' dir='ltr'><strong>facile</strong></span> 
     </span>
    </p>
   </div>
   <div class='ocr_carea' id='block_1_39' title="bbox 434 3937 2025 4008">
    <p class='ocr_par' dir='ltr' id='par_1_39' title="bbox 434 3937 2025 4008">
     <span class='ocr_line' id='line_1_39' title="bbox 434 3937 2025 4008; baseline 0.003 -17"><span class='ocrx_word' id='word_1_242' title='bbox 434 3946 488 3991; x_wconf 90' lang='lat' dir='ltr'><strong>ct</strong></span> <span class='ocrx_word' id='word_1_243' title='bbox 518 3951 644 3991; x_wconf 91' lang='lat' dir='ltr'><strong>cum</strong></span> <span class='ocrx_word' id='word_1_244' title='bbox 670 3937 873 4007; x_wconf 90' lang='lat' dir='ltr'><strong>impetu</strong></span> <span class='ocrx_word' id='word_1_245' title='bbox 906 3952 971 3992; x_wconf 83' lang='lat' dir='ltr'><strong>ex</strong></span> <span class='ocrx_word' id='word_1_246' title='bbox 1014 3954 1147 3993; x_wconf 90' lang='lat' dir='ltr'><strong>arcu</strong></span> <span class='ocrx_word' id='word_1_247' title='bbox 1192 3940 1539 3993; x_wconf 80' lang='lat' dir='ltr'><strong>excutiatur:</strong></span> <span class='ocrx_word' id='word_1_248' title='bbox 1573 3939 1717 4008; x_wconf 87' lang='lat' dir='ltr'><strong>quod</strong></span> <span class='ocrx_word' id='word_1_249' title='bbox 1765 3955 2025 3996; x_wconf 84' lang='lat' dir='ltr'><strong>necessa-</strong></span> 
     </span>
    </p>
   </div>
   <div class='ocr_carea' id='block_1_40' title="bbox 435 4027 2025 4100">
    <p class='ocr_par' dir='ltr' id='par_1_40' title="bbox 435 4027 2025 4100">
     <span class='ocr_line' id='line_1_40' title="bbox 435 4027 2025 4100; baseline 0.006 -21"><span class='ocrx_word' id='word_1_250' title='bbox 435 4027 575 4079; x_wconf 86' lang='lat' dir='ltr'><strong>rium</strong></span> <span class='ocrx_word' id='word_1_251' title='bbox 609 4035 726 4089; x_wconf 91' lang='lat' dir='ltr'><strong>est,</strong></span> <span class='ocrx_word' id='word_1_252' title='bbox 781 4037 835 4082; x_wconf 90' lang='lat' dir='ltr'><strong>et</strong></span> <span class='ocrx_word' id='word_1_253' title='bbox 894 4029 961 4084; x_wconf 92' lang='lat' dir='ltr'><strong>iis</strong></span> <span class='ocrx_word' id='word_1_254' title='bbox 1014 4030 1106 4099; x_wconf 88' lang='lat' dir='ltr'><strong>qui</strong></span> <span class='ocrx_word' id='word_1_255' title='bbox 1179 4030 1338 4100; x_wconf 90' lang='lat' dir='ltr'><strong>equis</strong></span> <span class='ocrx_word' id='word_1_256' title='bbox 1408 4028 1681 4083; x_wconf 91' lang='lat' dir='ltr'><strong>vehuntur</strong></span> <span class='ocrx_word' id='word_1_257' title='bbox 1735 4030 1787 4084; x_wconf 92' lang='lat' dir='ltr'><strong>in</strong></span> <span class='ocrx_word' id='word_1_258' title='bbox 1834 4032 2025 4100; x_wconf 83' lang='lat' dir='ltr'><strong>primis</strong></span> 
     </span>
    </p>
   </div>
   <div class='ocr_carea' id='block_1_41' title="bbox 434 4120 799 4175">
    <p class='ocr_par' dir='ltr' id='par_1_41' title="bbox 434 4120 799 4175">
     <span class='ocr_line' id='line_1_41' title="bbox 434 4120 799 4175; baseline 0.005 -2"><span class='ocrx_word' id='word_1_259' title='bbox 434 4120 799 4175; x_wconf 86' lang='lat' dir='ltr'><strong>conducibile.</strong></span> 
     </span>
    </p>
   </div>
   <div class='ocr_carea' id='block_1_42' title="bbox 504 4333 2023 4405">
    <p class='ocr_par' dir='ltr' id='par_1_42' title="bbox 504 4333 2023 4405">
     <span class='ocr_line' id='line_1_42' title="bbox 504 4333 2023 4405; baseline 0.002 -18"><span class='ocrx_word' id='word_1_260' title='bbox 504 4333 560 4387; x_wconf 90' lang='lat'><strong>8.</strong></span> <span class='ocrx_word' id='word_1_261' title='bbox 611 4335 790 4403; x_wconf 86' lang='lat' dir='ltr'><strong>Atque</strong></span> <span class='ocrx_word' id='word_1_262' title='bbox 854 4334 1017 4388; x_wconf 86' lang='lat' dir='ltr'><strong>etiam</strong></span> <span class='ocrx_word' id='word_1_263' title='bbox 1051 4342 1113 4387; x_wconf 92' lang='lat' dir='ltr'><strong>ut</strong></span> <span class='ocrx_word' id='word_1_264' title='bbox 1144 4334 1370 4405; x_wconf 65' lang='lat' dir='ltr'><strong>Tpedites</strong></span> <span class='ocrx_word' id='word_1_265' title='bbox 1400 4334 1656 4390; x_wconf 89' lang='lat' dir='ltr'><strong>similiter</strong></span> <span class='ocrx_word' id='word_1_266' title='bbox 1692 4333 1909 4390; x_wconf 89' lang='lat' dir='ltr'><strong>eminus</strong></span> <span class='ocrx_word' id='word_1_267' title='bbox 1936 4334 2023 4404; x_wconf 87' lang='lat' dir='ltr'><strong>ja-</strong></span> 
     </span>
    </p>
   </div>
   <div class='ocr_carea' id='block_1_43' title="bbox 435 4425 2022 4496">
    <p class='ocr_par' dir='ltr' id='par_1_43' title="bbox 435 4425 2022 4496">
     <span class='ocr_line' id='line_1_43' title="bbox 435 4425 2022 4496; baseline -0.001 -15"><span class='ocrx_word' id='word_1_268' title='bbox 435 4428 587 4481; x_wconf 88' lang='lat' dir='ltr'><strong>ciant</strong></span> <span class='ocrx_word' id='word_1_269' title='bbox 647 4426 893 4496; x_wconf 88' lang='lat' dir='ltr'><strong>sagittas,</strong></span> <span class='ocrx_word' id='word_1_270' title='bbox 948 4426 1064 4480; x_wconf 85' lang='lat' dir='ltr'><strong>sive</strong></span> <span class='ocrx_word' id='word_1_271' title='bbox 1131 4426 1184 4481; x_wconf 94' lang='lat' dir='ltr'><strong>in</strong></span> <span class='ocrx_word' id='word_1_272' title='bbox 1246 4426 1484 4493; x_wconf 78' lang='lat' dir='ltr'><strong>hastam,</strong></span> <span class='ocrx_word' id='word_1_273' title='bbox 1544 4426 1660 4481; x_wconf 90' lang='lat' dir='ltr'><strong>sive</strong></span> <span class='ocrx_word' id='word_1_274' title='bbox 1707 4425 1761 4479; x_wconf 93' lang='lat' dir='ltr'><strong>in</strong></span> <span class='ocrx_word' id='word_1_275' title='bbox 1787 4426 2022 4495; x_wconf 84' lang='lat' dir='ltr'><strong>quodvis</strong></span> 
     </span>
    </p>
   </div>
   <div class='ocr_carea' id='block_1_44' title="bbox 438 4518 861 4587">
    <p class='ocr_par' dir='ltr' id='par_1_44' title="bbox 438 4518 861 4587">
     <span class='ocr_line' id='line_1_44' title="bbox 438 4518 861 4587; baseline -0.002 -15"><span class='ocrx_word' id='word_1_276' title='bbox 438 4518 587 4573; x_wconf 87' lang='lat' dir='ltr'><strong>aliud</strong></span> <span class='ocrx_word' id='word_1_277' title='bbox 623 4519 861 4587; x_wconf 82' lang='lat' dir='ltr'><strong>signum.</strong></span> 
     </span>
    </p>
   </div>
   <div class='ocr_carea' id='block_1_45' title="bbox 508 4608 2023 4680">
    <p class='ocr_par' dir='ltr' id='par_1_45' title="bbox 508 4608 2023 4680">
     <span class='ocr_line' id='line_1_45' title="bbox 508 4608 2023 4680; baseline -0.003 -16"><span class='ocrx_word' id='word_1_278' title='bbox 508 4611 560 4664; x_wconf 91' lang='lat'><strong>9.</strong></span> <span class='ocrx_word' id='word_1_279' title='bbox 595 4608 665 4663; x_wconf 90' lang='lat' dir='ltr'><strong>Ut</strong></span> <span class='ocrx_word' id='word_1_280' title='bbox 712 4608 939 4679; x_wconf 88' lang='lat' dir='ltr'><strong>sagittas</strong></span> <span class='ocrx_word' id='word_1_281' title='bbox 992 4608 1045 4662; x_wconf 94' lang='lat' dir='ltr'><strong>in</strong></span> <span class='ocrx_word' id='word_1_282' title='bbox 1095 4624 1287 4665; x_wconf 88' lang='lat' dir='ltr'><strong>omnes</strong></span> <span class='ocrx_word' id='word_1_283' title='bbox 1343 4619 1523 4678; x_wconf 88' lang='lat' dir='ltr'><strong>partes</strong></span> <span class='ocrx_word' id='word_1_284' title='bbox 1576 4624 1719 4680; x_wconf 90' lang='lat' dir='ltr'><strong>equo</strong></span> <span class='ocrx_word' id='word_1_285' title='bbox 1768 4617 2023 4663; x_wconf 88' lang='lat' dir='ltr'><strong>currente</strong></span> 
     </span>
    </p>
   </div>
   <div class='ocr_carea' id='block_1_46' title="bbox 434 4700 2022 4772">
    <p class='ocr_par' dir='ltr' id='par_1_46' title="bbox 434 4700 2022 4772">
     <span class='ocr_line' id='line_1_46' title="bbox 434 4700 2022 4772; baseline -0.001 -17"><span class='ocrx_word' id='word_1_286' title='bbox 434 4702 661 4772; x_wconf 71' lang='lat' dir='ltr'><strong>iaciant,</strong></span> <span class='ocrx_word' id='word_1_287' title='bbox 694 4710 837 4765; x_wconf 91' lang='lat' dir='ltr'><strong>ante,</strong></span> <span class='ocrx_word' id='word_1_288' title='bbox 880 4708 1046 4763; x_wconf 89' lang='lat' dir='ltr'><strong>retro,</strong></span> <span class='ocrx_word' id='word_1_289' title='bbox 1100 4702 1469 4767; x_wconf 72' lang='lat' dir='ltr'><strong>dextrorsum,</strong></span> <span class='ocrx_word' id='word_1_290' title='bbox 1509 4702 1915 4757; x_wconf 83' lang='lat' dir='ltr'><strong>sinistrorsum.</strong></span> <span class='ocrx_word' id='word_1_291' title='bbox 1963 4700 2022 4754; x_wconf 91' lang='lat' dir='ltr'><strong>In</strong></span> 
     </span>
    </p>
   </div>
   <div class='ocr_carea' id='block_1_47' title="bbox 437 4794 1239 4864">
    <p class='ocr_par' dir='ltr' id='par_1_47' title="bbox 437 4794 1239 4864">
     <span class='ocr_line' id='line_1_47' title="bbox 437 4794 1239 4864; baseline -0.001 -16"><span class='ocrx_word' id='word_1_292' title='bbox 437 4810 641 4864; x_wconf 84' lang='lat' dir='ltr'><strong>equum</strong></span> <span class='ocrx_word' id='word_1_293' title='bbox 669 4804 727 4847; x_wconf 91' lang='lat' dir='ltr'><strong>ut</strong></span> <span class='ocrx_word' id='word_1_294' title='bbox 753 4794 975 4847; x_wconf 76' lang='lat' dir='ltr'><strong>exsilire</strong></span> <span class='ocrx_word' id='word_1_295' title='bbox 1008 4794 1239 4863; x_wconf 84' lang='lat' dir='ltr'><strong>possint.</strong></span> 
     </span>
    </p>
   </div>
   <div class='ocr_carea' id='block_1_48' title="bbox 510 4880 2024 4952">
    <p class='ocr_par' dir='ltr' id='par_1_48' title="bbox 510 4880 2024 4952">
     <span class='ocr_line' id='line_1_48' title="bbox 510 4880 2024 4952; baseline 0.001 -18"><span class='ocrx_word' id='word_1_296' title='bbox 510 4882 597 4936; x_wconf 80' lang='grc'><strong>10.</strong></span> <span class='ocrx_word' id='word_1_297' title='bbox 644 4880 714 4936; x_wconf 84' lang='lat' dir='ltr'><strong>Ut</strong></span> <span class='ocrx_word' id='word_1_298' title='bbox 761 4883 987 4952; x_wconf 84' lang='lat' dir='ltr'><strong>sagittas</strong></span> <span class='ocrx_word' id='word_1_299' title='bbox 1058 4891 1312 4936; x_wconf 82' lang='lat' dir='ltr'><strong>contente</strong></span> <span class='ocrx_word' id='word_1_300' title='bbox 1357 4882 1566 4951; x_wconf 86' lang='lat' dir='ltr'><strong>jaciaut</strong></span> <span class='ocrx_word' id='word_1_301' title='bbox 1621 4897 1684 4935; x_wconf 83' lang='lat' dir='ltr'><strong>ex</strong></span> <span class='ocrx_word' id='word_1_302' title='bbox 1722 4897 1864 4951; x_wconf 89' lang='lat' dir='ltr'><strong>equo</strong></span> <span class='ocrx_word' id='word_1_303' title='bbox 1895 4898 2024 4937; x_wconf 91' lang='lat' dir='ltr'><strong>cur-</strong></span> 
     </span>
    </p>
   </div>
   <div class='ocr_carea' id='block_1_49' title="bbox 439 4976 2023 5046">
    <p class='ocr_par' dir='ltr' id='par_1_49' title="bbox 439 4976 2023 5046">
     <span class='ocr_line' id='line_1_49' title="bbox 439 4976 2023 5046; baseline -0.002 -17"><span class='ocrx_word' id='word_1_304' title='bbox 439 4983 614 5038; x_wconf 88' lang='lat' dir='ltr'><strong>rente,</strong></span> <span class='ocrx_word' id='word_1_305' title='bbox 653 4991 843 5040; x_wconf 91' lang='lat' dir='ltr'><strong>unam,</strong></span> <span class='ocrx_word' id='word_1_306' title='bbox 872 4986 1035 5046; x_wconf 91' lang='lat' dir='ltr'><strong>atque</strong></span> <span class='ocrx_word' id='word_1_307' title='bbox 1066 4976 1195 5030; x_wconf 88' lang='lat' dir='ltr'><strong>item</strong></span> <span class='ocrx_word' id='word_1_308' title='bbox 1242 4978 1496 5041; x_wconf 87' lang='lat' dir='ltr'><strong>alteram,</strong></span> <span class='ocrx_word' id='word_1_309' title='bbox 1544 4984 1597 5029; x_wconf 88' lang='lat' dir='ltr'><strong>et</strong></span> <span class='ocrx_word' id='word_1_310' title='bbox 1629 4976 1898 5029; x_wconf 91' lang='lat' dir='ltr'><strong>intentum</strong></span> <span class='ocrx_word' id='word_1_311' title='bbox 1931 4990 2023 5027; x_wconf 83' lang='lat' dir='ltr'><strong>ar-</strong></span> 
     </span>
    </p>
   </div>
   <div class='ocr_carea' id='block_1_50' title="bbox 438 5065 2023 5137">
    <p class='ocr_par' dir='ltr' id='par_1_50' title="bbox 438 5065 2023 5137">
     <span class='ocr_line' id='line_1_50' title="bbox 438 5065 2023 5137; baseline -0.001 -16"><span class='ocrx_word' id='word_1_312' title='bbox 438 5082 566 5122; x_wconf 89' lang='lat' dir='ltr'><strong>cum</strong></span> <span class='ocrx_word' id='word_1_313' title='bbox 615 5065 904 5123; x_wconf 80' lang='lat' dir='ltr'><strong>confestim</strong></span> <span class='ocrx_word' id='word_1_314' title='bbox 941 5068 993 5121; x_wconf 89' lang='lat' dir='ltr'><strong>in</strong></span> <span class='ocrx_word' id='word_1_315' title='bbox 1044 5078 1294 5136; x_wconf 79' lang='lat' dir='ltr'><strong>corylum</strong></span> <span class='ocrx_word' id='word_1_316' title='bbox 1346 5074 1569 5137; x_wconf 86' lang='lat' dir='ltr'><strong>ponant,</strong></span> <span class='ocrx_word' id='word_1_317' title='bbox 1626 5068 1671 5122; x_wconf 88' lang='lat' dir='ltr'><strong>si</strong></span> <span class='ocrx_word' id='word_1_318' title='bbox 1716 5066 1860 5121; x_wconf 91' lang='lat' dir='ltr'><strong>latus</strong></span> <span class='ocrx_word' id='word_1_319' title='bbox 1889 5066 2023 5120; x_wconf 91' lang='lat' dir='ltr'><strong>satis</strong></span> 
     </span>
    </p>
   </div>
   <div class='ocr_carea' id='block_1_51' title="bbox 439 5156 2025 5228">
    <p class='ocr_par' dir='ltr' id='par_1_51' title="bbox 439 5156 2025 5228">
     <span class='ocr_line' id='line_1_51' title="bbox 439 5156 2025 5228; baseline -0.001 -16"><span class='ocrx_word' id='word_1_320' title='bbox 439 5165 663 5228; x_wconf 92' lang='lat' dir='ltr'><strong>corytus</strong></span> <span class='ocrx_word' id='word_1_321' title='bbox 709 5156 915 5212; x_wconf 86' lang='lat' dir='ltr'><strong>fuerit:</strong></span> <span class='ocrx_word' id='word_1_322' title='bbox 972 5157 1054 5210; x_wconf 89' lang='lat' dir='ltr'><strong>sin</strong></span> <span class='ocrx_word' id='word_1_323' title='bbox 1092 5157 1272 5211; x_wconf 90' lang='lat' dir='ltr'><strong>minus</strong></span> <span class='ocrx_word' id='word_1_324' title='bbox 1305 5158 1357 5210; x_wconf 92' lang='lat' dir='ltr'><strong>iu</strong></span> <span class='ocrx_word' id='word_1_325' title='bbox 1400 5158 1790 5224; x_wconf 82' lang='lat' dir='ltr'><strong>scmicorytum</strong></span> <span class='ocrx_word' id='word_1_326' title='bbox 1822 5157 1887 5210; x_wconf 89' lang='lat' dir='ltr'><strong>ad</strong></span> <span class='ocrx_word' id='word_1_327' title='bbox 1922 5156 2025 5210; x_wconf 90' lang='lat' dir='ltr'><strong>hoc</strong></span> 
     </span>
    </p>
   </div>
   <div class='ocr_carea' id='block_1_52' title="bbox 439 5246 2025 5319">
    <p class='ocr_par' dir='ltr' id='par_1_52' title="bbox 439 5246 2025 5319">
     <span class='ocr_line' id='line_1_52' title="bbox 439 5246 2025 5319; baseline -0.004 -14"><span class='ocrx_word' id='word_1_328' title='bbox 439 5265 619 5319; x_wconf 79' lang='lat' dir='ltr'><strong>Ipsum</strong></span> <span class='ocrx_word' id='word_1_329' title='bbox 653 5258 959 5319; x_wconf 87' lang='lat' dir='ltr'><strong>opportune</strong></span> <span class='ocrx_word' id='word_1_330' title='bbox 988 5246 1193 5302; x_wconf 78' lang='lat' dir='ltr'><strong>factum</strong></span> <span class='ocrx_word' id='word_1_331' title='bbox 1242 5259 1470 5318; x_wconf 85' lang='lat' dir='ltr'><strong>ponant,</strong></span> <span class='ocrx_word' id='word_1_332' title='bbox 1502 5257 1557 5303; x_wconf 93' lang='lat' dir='ltr'><strong>et</strong></span> <span class='ocrx_word' id='word_1_333' title='bbox 1586 5250 1799 5303; x_wconf 90' lang='lat' dir='ltr'><strong>hastam</strong></span> <span class='ocrx_word' id='word_1_334' title='bbox 1833 5250 2025 5301; x_wconf 91' lang='lat' dir='ltr'><strong>hume-</strong></span> 
     </span>
    </p>
   </div>
   <div class='ocr_carea' id='block_1_53' title="bbox 440 5338 2019 5412">
    <p class='ocr_par' dir='ltr' id='par_1_53' title="bbox 440 5338 2019 5412">
     <span class='ocr_line' id='line_1_53' title="bbox 440 5338 2019 5412; baseline -0.001 -18"><span class='ocrx_word' id='word_1_335' title='bbox 440 5340 519 5395; x_wconf 88' lang='lat' dir='ltr'><strong>ris</strong></span> <span class='ocrx_word' id='word_1_336' title='bbox 545 5340 661 5396; x_wconf 92' lang='lat' dir='ltr'><strong>suis</strong></span> <span class='ocrx_word' id='word_1_337' title='bbox 681 5348 946 5412; x_wconf 85' lang='lat' dir='ltr'><strong>gestatam</strong></span> <span class='ocrx_word' id='word_1_338' title='bbox 980 5340 1164 5395; x_wconf 89' lang='lat' dir='ltr'><strong>statim</strong></span> <span class='ocrx_word' id='word_1_339' title='bbox 1197 5340 1252 5394; x_wconf 91' lang='lat' dir='ltr'><strong>iu</strong></span> <span class='ocrx_word' id='word_1_340' title='bbox 1285 5356 1484 5396; x_wconf 92' lang='lat' dir='ltr'><strong>manus</strong></span> <span class='ocrx_word' id='word_1_341' title='bbox 1515 5347 1757 5395; x_wconf 87' lang='lat' dir='ltr'><strong>sumant.</strong></span> <span class='ocrx_word' id='word_1_342' title='bbox 1790 5338 2019 5393; x_wconf 85' lang='lat' dir='ltr'><strong>Postea-</strong></span> 
     </span>
    </p>
   </div>
   <div class='ocr_carea' id='block_1_54' title="bbox 440 5428 2022 5500">
    <p class='ocr_par' dir='ltr' id='par_1_54' title="bbox 440 5428 2022 5500">
     <span class='ocr_line' id='line_1_54' title="bbox 440 5428 2022 5500; baseline -0.002 -17"><span class='ocrx_word' id='word_1_343' title='bbox 440 5444 607 5499; x_wconf 87' lang='lat' dir='ltr'><strong>quam</strong></span> <span class='ocrx_word' id='word_1_344' title='bbox 657 5440 836 5485; x_wconf 85' lang='lat' dir='ltr'><strong>autetn</strong></span> <span class='ocrx_word' id='word_1_345' title='bbox 885 5444 1072 5485; x_wconf 88' lang='lat' dir='ltr'><strong>arcum</strong></span> <span class='ocrx_word' id='word_1_346' title='bbox 1119 5430 1175 5483; x_wconf 93' lang='lat' dir='ltr'><strong>in</strong></span> <span class='ocrx_word' id='word_1_347' title='bbox 1216 5440 1409 5500; x_wconf 85' lang='lat' dir='ltr'><strong>corylo</strong></span> <span class='ocrx_word' id='word_1_348' title='bbox 1443 5431 1713 5484; x_wconf 91' lang='lat' dir='ltr'><strong>intentum</strong></span> <span class='ocrx_word' id='word_1_349' title='bbox 1744 5428 2022 5493; x_wconf 86' lang='lat' dir='ltr'><strong>habuerit,</strong></span> 
     </span>
    </p>
   </div>
   <div class='ocr_carea' id='block_1_55' title="bbox 440 5519 2021 5590">
    <p class='ocr_par' dir='ltr' id='par_1_55' title="bbox 440 5519 2021 5590">
     <span class='ocr_line' id='line_1_55' title="bbox 440 5519 2021 5590; baseline -0.003 -15"><span class='ocrx_word' id='word_1_350' title='bbox 440 5532 495 5575; x_wconf 90' lang='lat' dir='ltr'><strong>et</strong></span> <span class='ocrx_word' id='word_1_351' title='bbox 523 5522 819 5590; x_wconf 86' lang='lat' dir='ltr'><strong>sumpserit</strong></span> <span class='ocrx_word' id='word_1_352' title='bbox 883 5520 1121 5583; x_wconf 81' lang='lat' dir='ltr'><strong>hastam,</strong></span> <span class='ocrx_word' id='word_1_353' title='bbox 1177 5519 1231 5572; x_wconf 89' lang='lat' dir='ltr'><strong>in</strong></span> <span class='ocrx_word' id='word_1_354' title='bbox 1284 5521 1515 5575; x_wconf 91' lang='lat' dir='ltr'><strong>humero</strong></span> <span class='ocrx_word' id='word_1_355' title='bbox 1568 5520 1765 5574; x_wconf 90' lang='lat' dir='ltr'><strong>iterum</strong></span> <span class='ocrx_word' id='word_1_356' title='bbox 1808 5519 2021 5573; x_wconf 86' lang='lat' dir='ltr'><strong>hastam</strong></span> 
     </span>
    </p>
   </div>
   <div class='ocr_carea' id='block_1_56' title="bbox 445 5611 1807 5680">
    <p class='ocr_par' dir='ltr' id='par_1_56' title="bbox 445 5611 1807 5680">
     <span class='ocr_line' id='line_1_56' title="bbox 445 5611 1807 5680; baseline -0.001 -16"><span class='ocrx_word' id='word_1_357' title='bbox 445 5615 628 5665; x_wconf 67' lang='lat' dir='ltr'><strong>statim</strong></span> <span class='ocrx_word' id='word_1_358' title='bbox 659 5620 851 5680; x_wconf 83' lang='lat' dir='ltr'><strong>ponat,</strong></span> <span class='ocrx_word' id='word_1_359' title='bbox 880 5622 930 5665; x_wconf 84' lang='lat' dir='ltr'><strong>et</strong></span> <span class='ocrx_word' id='word_1_360' title='bbox 966 5626 1153 5666; x_wconf 89' lang='lat' dir='ltr'><strong>arcum</strong></span> <span class='ocrx_word' id='word_1_361' title='bbox 1196 5611 1314 5666; x_wconf 90' lang='lat' dir='ltr'><strong>sine</strong></span> <span class='ocrx_word' id='word_1_362' title='bbox 1351 5626 1502 5665; x_wconf 88' lang='lat' dir='ltr'><strong>mora</strong></span> <span class='ocrx_word' id='word_1_363' title='bbox 1543 5617 1807 5665; x_wconf 88' lang='lat' dir='ltr'><strong>assumat.</strong></span> 
     </span>
    </p>
   </div>
   <div class='ocr_carea' id='block_1_57' title="bbox 2118 556 3714 633">
    <p class='ocr_par' dir='ltr' id='par_1_57' title="bbox 2118 556 3714 633">
     <span class='ocr_line' id='line_1_57' title="bbox 2118 556 3714 633; baseline -0.004 -16"><span class='ocrx_word' id='word_1_364' title='bbox 2118 582 2247 617; x_wconf 92' lang='grc' dir='ltr'>νων.</span> <span class='ocrx_word' id='word_1_365' title='bbox 2309 564 2383 616; x_wconf 84' lang='grc' dir='ltr'>Τὸ</span> <span class='ocrx_word' id='word_1_366' title='bbox 2428 562 2538 633; x_wconf 85' lang='grc' dir='ltr'><strong>γὰρ</strong></span> <span class='ocrx_word' id='word_1_367' title='bbox 2589 561 2941 630; x_wconf 80' lang='grc' dir='ltr'><strong>ἀγύμναστον</strong></span> <span class='ocrx_word' id='word_1_368' title='bbox 3002 557 3283 621; x_wconf 82' lang='grc' dir='ltr'><strong>παντελῶς</strong></span> <span class='ocrx_word' id='word_1_369' title='bbox 3343 556 3557 628; x_wconf 79' lang='grc' dir='ltr'>ἀμαθὲς</span> <span class='ocrx_word' id='word_1_370' title='bbox 3617 560 3714 613; x_wconf 74' lang='grc' dir='ltr'>καὶ</span> 
     </span>
    </p>
   </div>
   <div class='ocr_carea' id='block_1_58' title="bbox 2116 650 3717 726">
    <p class='ocr_par' dir='ltr' id='par_1_58' title="bbox 2116 650 3717 726">
     <span class='ocr_line' id='line_1_58' title="bbox 2116 650 3717 726; baseline -0.002 -17"><span class='ocrx_word' id='word_1_371' title='bbox 2116 655 2321 725; x_wconf 83' lang='grc' dir='ltr'>τυφλὸν</span> <span class='ocrx_word' id='word_1_372' title='bbox 2347 656 2601 726; x_wconf 67' lang='grc' dir='ltr'>πρδςτᾶις</span> <span class='ocrx_word' id='word_1_373' title='bbox 2627 653 2832 723; x_wconf 81' lang='grc' dir='ltr'>ἀθρόας</span> <span class='ocrx_word' id='word_1_374' title='bbox 2860 651 2955 706; x_wconf 76' lang='grc' dir='ltr'>καὶ</span> <span class='ocrx_word' id='word_1_375' title='bbox 2978 651 3347 723; x_wconf 80' lang='grc' dir='ltr'>ἀμελετήτους</span> <span class='ocrx_word' id='word_1_376' title='bbox 3368 650 3717 723; x_wconf 83' lang='grc' dir='ltr'>ὲγχειρήσεις</span> 
     </span>
    </p>
   </div>
   <div class='ocr_carea' id='block_1_59' title="bbox 2119 749 2460 820">
    <p class='ocr_par' dir='ltr' id='par_1_59' title="bbox 2119 749 2460 820">
     <span class='ocr_line' id='line_1_59' title="bbox 2119 749 2460 820; baseline 0.003 -18"><span class='ocrx_word' id='word_1_377' title='bbox 2119 749 2460 820; x_wconf 83' lang='grc' dir='ltr'>εὑρίσκεται.</span> 
     </span>
    </p>
   </div>
   <div class='ocr_carea' id='block_1_60' title="bbox 2190 836 3717 909">
    <p class='ocr_par' dir='ltr' id='par_1_60' title="bbox 2190 836 3717 909">
     <span class='ocr_line' id='line_1_60' title="bbox 2190 836 3717 909; baseline -0.005 -13"><span class='ocrx_word' id='word_1_378' title='bbox 2190 840 2256 909; x_wconf 85' lang='grc' dir='ltr'><strong>β’.</strong></span> <span class='ocrx_word' id='word_1_379' title='bbox 2298 842 2371 893; x_wconf 83' lang='grc' dir='ltr'>’Ἡ</span> <span class='ocrx_word' id='word_1_380' title='bbox 2396 840 2506 909; x_wconf 78' lang='grc' dir='ltr'><strong>γὰρ</strong></span> <span class='ocrx_word' id='word_1_381' title='bbox 2541 840 2599 892; x_wconf 79' lang='grc' dir='ltr'>ἐν</span> <span class='ocrx_word' id='word_1_382' title='bbox 2622 838 2800 909; x_wconf 88' lang='grc' dir='ltr'><strong>καιρῷ</strong></span> <span class='ocrx_word' id='word_1_383' title='bbox 2840 836 3132 909; x_wconf 86' lang='grc' dir='ltr'>χειμῶνος,</span> <span class='ocrx_word' id='word_1_384' title='bbox 3172 838 3206 907; x_wconf 82' lang='grc' dir='ltr'>ἢ</span> <span class='ocrx_word' id='word_1_385' title='bbox 3240 839 3299 890; x_wconf 85' lang='grc' dir='ltr'>ὲν</span> <span class='ocrx_word' id='word_1_386' title='bbox 3325 836 3499 907; x_wconf 74' lang='grc' dir='ltr'>ἑτέρῳ</span> <span class='ocrx_word' id='word_1_387' title='bbox 3528 838 3717 907; x_wconf 84' lang='grc' dir='ltr'><strong>καιρῷ</strong></span> 
     </span>
    </p>
   </div>
   <div class='ocr_carea' id='block_1_61' title="bbox 2116 926 3719 1001">
    <p class='ocr_par' dir='ltr' id='par_1_61' title="bbox 2116 926 3719 1001">
     <span class='ocr_line' id='line_1_61' title="bbox 2116 926 3719 1001; baseline -0.002 -16"><span class='ocrx_word' id='word_1_388' title='bbox 2116 932 2174 985; x_wconf 82' lang='grc' dir='ltr'>ὲν</span> <span class='ocrx_word' id='word_1_389' title='bbox 2279 934 2427 985; x_wconf 75' lang='grc' dir='ltr'>ἐστιν</span> <span class='ocrx_word' id='word_1_390' title='bbox 2454 932 2625 1001; x_wconf 82' lang='grc' dir='ltr'>ἀνοχὴ</span> <span class='ocrx_word' id='word_1_391' title='bbox 2662 930 2927 999; x_wconf 86' lang='grc' dir='ltr'>πολέμου,</span> <span class='ocrx_word' id='word_1_392' title='bbox 2959 930 2993 999; x_wconf 75' lang='grc' dir='ltr'>ἦ</span> <span class='ocrx_word' id='word_1_393' title='bbox 3021 945 3183 982; x_wconf 90' lang='grc' dir='ltr'>τινων</span> <span class='ocrx_word' id='word_1_394' title='bbox 3202 926 3545 981; x_wconf 82' lang='grc' dir='ltr'>ἐπελεύσεων</span> <span class='ocrx_word' id='word_1_395' title='bbox 3574 931 3719 982; x_wconf 71' lang='grc' dir='ltr'>κατὰ</span> 
     </span>
    </p>
   </div>
   <div class='ocr_carea' id='block_1_62' title="bbox 2116 1019 3717 1093">
    <p class='ocr_par' dir='ltr' id='par_1_62' title="bbox 2116 1019 3717 1093">
     <span class='ocr_line' id='line_1_62' title="bbox 2116 1019 3717 1093; baseline -0.001 -18"><span class='ocrx_word' id='word_1_396' title='bbox 2116 1022 2379 1093; x_wconf 76' lang='grc' dir='ltr'><strong>πολεμίας</strong></span> <span class='ocrx_word' id='word_1_397' title='bbox 2421 1022 2526 1091; x_wconf 82' lang='grc' dir='ltr'>γῆς</span> <span class='ocrx_word' id='word_1_398' title='bbox 2572 1022 2779 1083; x_wconf 82' lang='grc' dir='ltr'><strong>ἄνεσις,</strong></span> <span class='ocrx_word' id='word_1_399' title='bbox 2829 1020 3131 1090; x_wconf 75' lang='grc' dir='ltr'>γυμνάζειν</span> <span class='ocrx_word' id='word_1_400' title='bbox 3159 1036 3218 1072; x_wconf 90' lang='grc' dir='ltr'><strong>σε</strong></span> <span class='ocrx_word' id='word_1_401' title='bbox 3247 1019 3353 1089; x_wconf 85' lang='grc' dir='ltr'><strong>χρὴ</strong></span> <span class='ocrx_word' id='word_1_402' title='bbox 3384 1020 3454 1073; x_wconf 89' lang='grc' dir='ltr'><strong>τά</strong></span> <span class='ocrx_word' id='word_1_403' title='bbox 3483 1022 3717 1091; x_wconf 85' lang='grc' dir='ltr'>στρατό-</span> 
     </span>
    </p>
   </div>
   <div class='ocr_carea' id='block_1_63' title="bbox 2116 1109 3719 1181">
    <p class='ocr_par' dir='ltr' id='par_1_63' title="bbox 2116 1109 3719 1181">
     <span class='ocr_line' id='line_1_63' title="bbox 2116 1109 3719 1181; baseline -0.002 -17"><span class='ocrx_word' id='word_1_404' title='bbox 2116 1113 2274 1178; x_wconf 86' lang='grc' dir='ltr'>πεδα,</span> <span class='ocrx_word' id='word_1_405' title='bbox 2311 1112 2406 1165; x_wconf 78' lang='grc' dir='ltr'>καὶ</span> <span class='ocrx_word' id='word_1_406' title='bbox 2451 1113 2626 1164; x_wconf 88' lang='grc' dir='ltr'>ποιεῖν</span> <span class='ocrx_word' id='word_1_407' title='bbox 2677 1112 2805 1173; x_wconf 77' lang='grc' dir='ltr'>τοὺς</span> <span class='ocrx_word' id='word_1_408' title='bbox 2847 1109 3191 1181; x_wconf 74' lang='grc' dir='ltr'>στρατιώτας</span> <span class='ocrx_word' id='word_1_409' title='bbox 3234 1109 3592 1177; x_wconf 83' lang='grc' dir='ltr'>πολεμικοὺς,</span> <span class='ocrx_word' id='word_1_410' title='bbox 3622 1111 3719 1163; x_wconf 72' lang='grc' dir='ltr'>καὶ</span> 
     </span>
    </p>
   </div>
   <div class='ocr_carea' id='block_1_64' title="bbox 2115 1199 3719 1273">
    <p class='ocr_par' dir='ltr' id='par_1_64' title="bbox 2115 1199 3719 1273">
     <span class='ocr_line' id='line_1_64' title="bbox 2115 1199 3719 1273; baseline -0.002 -18"><span class='ocrx_word' id='word_1_411' title='bbox 2115 1202 2305 1273; x_wconf 78' lang='grc' dir='ltr'>ὥσπερ</span> <span class='ocrx_word' id='word_1_412' title='bbox 2358 1204 2693 1273; x_wconf 70' lang='grc' dir='ltr'>συντρόφους</span> <span class='ocrx_word' id='word_1_413' title='bbox 2736 1202 2847 1255; x_wconf 83' lang='grc' dir='ltr'>τῶν</span> <span class='ocrx_word' id='word_1_414' title='bbox 2882 1202 3059 1273; x_wconf 85' lang='grc' dir='ltr'>πόνων</span> <span class='ocrx_word' id='word_1_415' title='bbox 3090 1200 3180 1254; x_wconf 74' lang='grc' dir='ltr'><strong>διὰ</strong></span> <span class='ocrx_word' id='word_1_416' title='bbox 3201 1199 3297 1253; x_wconf 79' lang='grc' dir='ltr'>τοῦ</span> <span class='ocrx_word' id='word_1_417' title='bbox 3334 1200 3587 1269; x_wconf 79' lang='grc' dir='ltr'>ἐθισμοῦ,</span> <span class='ocrx_word' id='word_1_418' title='bbox 3621 1202 3719 1253; x_wconf 78' lang='grc' dir='ltr'>καὶ</span> 
     </span>
    </p>
   </div>
   <div class='ocr_carea' id='block_1_65' title="bbox 2119 1292 3720 1367">
    <p class='ocr_par' dir='ltr' id='par_1_65' title="bbox 2119 1292 3720 1367">
     <span class='ocr_line' id='line_1_65' title="bbox 2119 1292 3720 1367; baseline -0.002 -19"><span class='ocrx_word' id='word_1_419' title='bbox 2119 1298 2194 1367; x_wconf 87' lang='grc' dir='ltr'>μὴ</span> <span class='ocrx_word' id='word_1_420' title='bbox 2222 1296 2387 1367; x_wconf 79' lang='grc' dir='ltr'>ἀφίης</span> <span class='ocrx_word' id='word_1_421' title='bbox 2431 1296 2629 1359; x_wconf 77' lang='grc' dir='ltr'>αὐτοὺς</span> <span class='ocrx_word' id='word_1_422' title='bbox 2657 1296 2870 1364; x_wconf 83' lang='grc' dir='ltr'>ἀργεῖν,</span> <span class='ocrx_word' id='word_1_423' title='bbox 2904 1295 3041 1364; x_wconf 78' lang='grc' dir='ltr'>μήτε</span> <span class='ocrx_word' id='word_1_424' title='bbox 3070 1292 3363 1363; x_wconf 79' lang='grc' dir='ltr'>ῥᾳθυμεῖν.</span> <span class='ocrx_word' id='word_1_425' title='bbox 3396 1292 3507 1346; x_wconf 97' lang='lat' dir='ltr'><strong>Kal</strong></span> <span class='ocrx_word' id='word_1_426' title='bbox 3547 1293 3655 1363; x_wconf 80' lang='grc' dir='ltr'>γὰρ</span> <span class='ocrx_word' id='word_1_427' title='bbox 3685 1295 3720 1364; x_wconf 71' lang='grc' dir='ltr'>ἡ</span> 
     </span>
    </p>
   </div>
   <div class='ocr_carea' id='block_1_66' title="bbox 2116 1384 3717 1457">
    <p class='ocr_par' dir='ltr' id='par_1_66' title="bbox 2116 1384 3717 1457">
     <span class='ocr_line' id='line_1_66' title="bbox 2116 1384 3717 1457; baseline -0.001 -17"><span class='ocrx_word' id='word_1_428' title='bbox 2116 1386 2283 1457; x_wconf 82' lang='grc' dir='ltr'>ἀργία</span> <span class='ocrx_word' id='word_1_429' title='bbox 2342 1386 2564 1455; x_wconf 75' lang='grc' dir='ltr'>μαλακὰ</span> <span class='ocrx_word' id='word_1_430' title='bbox 2615 1384 2710 1438; x_wconf 81' lang='grc' dir='ltr'>καὶ</span> <span class='ocrx_word' id='word_1_431' title='bbox 2743 1384 2945 1455; x_wconf 85' lang='grc' dir='ltr'>ἀσθενῆ</span> <span class='ocrx_word' id='word_1_432' title='bbox 2980 1388 3125 1437; x_wconf 88' lang='grc' dir='ltr'>ποιεῖ</span> <span class='ocrx_word' id='word_1_433' title='bbox 3168 1384 3240 1436; x_wconf 85' lang='grc' dir='ltr'><strong>τά</strong></span> <span class='ocrx_word' id='word_1_434' title='bbox 3302 1384 3552 1453; x_wconf 82' lang='grc' dir='ltr'>σώματα,</span> <span class='ocrx_word' id='word_1_435' title='bbox 3589 1387 3621 1455; x_wconf 79' lang='grc' dir='ltr'>ἡ</span> <span class='ocrx_word' id='word_1_436' title='bbox 3656 1386 3717 1439; x_wconf 84' lang='grc' dir='ltr'>δὲ</span> 
     </span>
    </p>
   </div>
   <div class='ocr_carea' id='block_1_67' title="bbox 2117 1475 3721 1549">
    <p class='ocr_par' dir='ltr' id='par_1_67' title="bbox 2117 1475 3721 1549">
     <span class='ocr_line' id='line_1_67' title="bbox 2117 1475 3721 1549; baseline 0 -19"><span class='ocrx_word' id='word_1_437' title='bbox 2117 1477 2361 1549; x_wconf 79' lang='grc' dir='ltr'>ῥᾳθυμία</span> <span class='ocrx_word' id='word_1_438' title='bbox 2414 1477 2594 1539; x_wconf 74' lang='grc' dir='ltr'>δειλὰς</span> <span class='ocrx_word' id='word_1_439' title='bbox 2644 1477 2740 1530; x_wconf 76' lang='grc' dir='ltr'>καὶ</span> <span class='ocrx_word' id='word_1_440' title='bbox 2790 1477 3090 1545; x_wconf 76' lang='grc' dir='ltr'>ἀνάνδρους</span> <span class='ocrx_word' id='word_1_441' title='bbox 3129 1478 3229 1539; x_wconf 80' lang='grc' dir='ltr'>τὰς</span> <span class='ocrx_word' id='word_1_442' title='bbox 3256 1475 3442 1545; x_wconf 74' lang='grc' dir='ltr'>ψυχάς</span> <span class='ocrx_word' id='word_1_443' title='bbox 3473 1477 3588 1546; x_wconf 86' lang='grc'><strong>(87)</strong></span> <span class='ocrx_word' id='word_1_444' title='bbox 3615 1496 3721 1530; x_wconf 88' lang='grc' dir='ltr'>πα-</span> 
     </span>
    </p>
   </div>
   <div class='ocr_carea' id='block_1_68' title="bbox 2119 1568 3720 1640">
    <p class='ocr_par' dir='ltr' id='par_1_68' title="bbox 2119 1568 3720 1640">
     <span class='ocr_line' id='line_1_68' title="bbox 2119 1568 3720 1640; baseline 0 -17"><span class='ocrx_word' id='word_1_445' title='bbox 2119 1568 2461 1640; x_wconf 77' lang='grc' dir='ltr'>ρασκευάζει.</span> <span class='ocrx_word' id='word_1_446' title='bbox 2490 1570 2555 1621; x_wconf 82' lang='grc' dir='ltr'>Δί</span> <span class='ocrx_word' id='word_1_447' title='bbox 2586 1570 2693 1640; x_wconf 79' lang='grc' dir='ltr'><strong>γὰρ</strong></span> <span class='ocrx_word' id='word_1_448' title='bbox 2717 1570 2903 1639; x_wconf 76' lang='grc' dir='ltr'>ἡδοναὶ</span> <span class='ocrx_word' id='word_1_449' title='bbox 2931 1569 2992 1621; x_wconf 82' lang='grc' dir='ltr'>τὸ</span> <span class='ocrx_word' id='word_1_450' title='bbox 3024 1568 3146 1623; x_wconf 86' lang='grc' dir='ltr'>καθ’</span> <span class='ocrx_word' id='word_1_451' title='bbox 3182 1570 3397 1639; x_wconf 80' lang='grc' dir='ltr'>ἡμέραν</span> <span class='ocrx_word' id='word_1_452' title='bbox 3426 1569 3720 1633; x_wconf 74' lang='grc' dir='ltr'>δελεάζου-</span> 
     </span>
    </p>
   </div>
   <div class='ocr_carea' id='block_1_69' title="bbox 2118 1666 3721 1736">
    <p class='ocr_par' dir='ltr' id='par_1_69' title="bbox 2118 1666 3721 1736">
     <span class='ocr_line' id='line_1_69' title="bbox 2118 1666 3721 1736; baseline -0.001 -17"><span class='ocrx_word' id='word_1_453' title='bbox 2118 1683 2202 1719; x_wconf 89' lang='grc' dir='ltr'><strong>σιν</strong></span> <span class='ocrx_word' id='word_1_454' title='bbox 2247 1666 2342 1719; x_wconf 76' lang='grc' dir='ltr'>καὶ</span> <span class='ocrx_word' id='word_1_455' title='bbox 2388 1667 2775 1735; x_wconf 81' lang='grc' dir='ltr'>ὲντολμότατον</span> <span class='ocrx_word' id='word_1_456' title='bbox 2829 1666 3225 1736; x_wconf 65' lang='grc' dir='ltr'>διαφθείρουσι.</span> <span class='ocrx_word' id='word_1_457' title='bbox 3277 1667 3389 1719; x_wconf 83' lang='lat' dir='ltr'><strong>Kal</strong></span> <span class='ocrx_word' id='word_1_458' title='bbox 3450 1666 3578 1719; x_wconf 84' lang='grc' dir='ltr'>ὅταν</span> <span class='ocrx_word' id='word_1_459' title='bbox 3625 1667 3721 1718; x_wconf 66' lang='grc' dir='ltr'><strong>ἐπὶ</strong></span> 
     </span>
    </p>
   </div>
   <div class='ocr_carea' id='block_1_70' title="bbox 2121 1757 3719 1829">
    <p class='ocr_par' dir='ltr' id='par_1_70' title="bbox 2121 1757 3719 1829">
     <span class='ocr_line' id='line_1_70' title="bbox 2121 1757 3719 1829; baseline -0.001 -19"><span class='ocrx_word' id='word_1_460' title='bbox 2121 1758 2331 1829; x_wconf 82' lang='grc' dir='ltr'>μακρὸν</span> <span class='ocrx_word' id='word_1_461' title='bbox 2390 1758 2584 1827; x_wconf 89' lang='grc' dir='ltr'>χρόνον</span> <span class='ocrx_word' id='word_1_462' title='bbox 2633 1758 2916 1821; x_wconf 72' lang='grc' dir='ltr'>ἀνεθέντες</span> <span class='ocrx_word' id='word_1_463' title='bbox 2969 1758 3134 1810; x_wconf 86' lang='grc' dir='ltr'>πάλιν</span> <span class='ocrx_word' id='word_1_464' title='bbox 3191 1759 3285 1810; x_wconf 77' lang='grc' dir='ltr'><strong>ἐπὶ</strong></span> <span class='ocrx_word' id='word_1_465' title='bbox 3332 1759 3461 1821; x_wconf 78' lang='grc' dir='ltr'>τοὺς</span> <span class='ocrx_word' id='word_1_466' title='bbox 3518 1757 3719 1821; x_wconf 83' lang='grc' dir='ltr'>πόνους</span> 
     </span>
    </p>
   </div>
   <div class='ocr_carea' id='block_1_71' title="bbox 2122 1848 3722 1919">
    <p class='ocr_par' dir='ltr' id='par_1_71' title="bbox 2122 1848 3722 1919">
     <span class='ocr_line' id='line_1_71' title="bbox 2122 1848 3722 1919; baseline 0 -17"><span class='ocrx_word' id='word_1_467' title='bbox 2122 1850 2369 1912; x_wconf 76' lang='grc' dir='ltr'>ἔλθωσιν,</span> <span class='ocrx_word' id='word_1_468' title='bbox 2415 1849 2538 1902; x_wconf 72' lang='grc' dir='ltr'>οὗτε</span> <span class='ocrx_word' id='word_1_469' title='bbox 2571 1849 2743 1918; x_wconf 74' lang='grc' dir='ltr'>ἡδέως</span> <span class='ocrx_word' id='word_1_470' title='bbox 2790 1850 3035 1915; x_wconf 83' lang='grc' dir='ltr'>ἓξουσιν,</span> <span class='ocrx_word' id='word_1_471' title='bbox 3063 1848 3191 1902; x_wconf 67' lang='grc' dir='ltr'>οὔτε</span> <span class='ocrx_word' id='word_1_472' title='bbox 3226 1849 3319 1902; x_wconf 77' lang='grc' dir='ltr'><strong>ἐπὶ</strong></span> <span class='ocrx_word' id='word_1_473' title='bbox 3348 1849 3483 1902; x_wconf 81' lang='grc' dir='ltr'>πολὺ</span> <span class='ocrx_word' id='word_1_474' title='bbox 3514 1866 3722 1919; x_wconf 81' lang='grc' dir='ltr'>καρτε-</span> 
     </span>
    </p>
   </div>
   <div class='ocr_carea' id='block_1_72' title="bbox 2126 1939 3723 2012">
    <p class='ocr_par' dir='ltr' id='par_1_72' title="bbox 2126 1939 3723 2012">
     <span class='ocr_line' id='line_1_72' title="bbox 2126 1939 3723 2012; baseline -0.001 -19"><span class='ocrx_word' id='word_1_475' title='bbox 2126 1942 2401 2012; x_wconf 86' lang='grc' dir='ltr'>ρήσουσιν,</span> <span class='ocrx_word' id='word_1_476' title='bbox 2429 1940 2545 1994; x_wconf 79' lang='grc' dir='ltr'>ἀλλ’</span> <span class='ocrx_word' id='word_1_477' title='bbox 2579 1941 2781 2003; x_wconf 83' lang='grc' dir='ltr'>εὐθέως</span> <span class='ocrx_word' id='word_1_478' title='bbox 2815 1940 3109 2009; x_wconf 82' lang='grc' dir='ltr'>φεύγουσιν</span> <span class='ocrx_word' id='word_1_479' title='bbox 3144 1941 3275 2011; x_wconf 74' lang='grc' dir='ltr'>πρὶν</span> <span class='ocrx_word' id='word_1_480' title='bbox 3328 1939 3361 2011; x_wconf 77' lang='grc' dir='ltr'><strong>ἢ</strong></span> <span class='ocrx_word' id='word_1_481' title='bbox 3396 1941 3490 1993; x_wconf 87' lang='grc' dir='ltr'><strong>καί</strong></span> <span class='ocrx_word' id='word_1_482' title='bbox 3522 1943 3723 2011; x_wconf 84' lang='grc' dir='ltr'>πεῖραν</span> 
     </span>
    </p>
   </div>
   <div class='ocr_carea' id='block_1_73' title="bbox 2121 2031 3724 2103">
    <p class='ocr_par' dir='ltr' id='par_1_73' title="bbox 2121 2031 3724 2103">
     <span class='ocr_line' id='line_1_73' title="bbox 2121 2031 3724 2103; baseline -0.001 -19"><span class='ocrx_word' id='word_1_483' title='bbox 2121 2031 2303 2085; x_wconf 77' lang='grc' dir='ltr'>λαϐεῖν</span> <span class='ocrx_word' id='word_1_484' title='bbox 2339 2032 2448 2084; x_wconf 80' lang='grc' dir='ltr'>τῶν</span> <span class='ocrx_word' id='word_1_485' title='bbox 2474 2032 2787 2101; x_wconf 83' lang='grc' dir='ltr'>πολεμικῶν</span> <span class='ocrx_word' id='word_1_486' title='bbox 2830 2032 3027 2085; x_wconf 73' lang='grc' dir='ltr'>πόνων.</span> <span class='ocrx_word' id='word_1_487' title='bbox 3074 2032 3136 2084; x_wconf 80' lang='grc' dir='ltr'><strong>Εἰ</strong></span> <span class='ocrx_word' id='word_1_488' title='bbox 3167 2032 3225 2084; x_wconf 85' lang='grc' dir='ltr'>δὲ</span> <span class='ocrx_word' id='word_1_489' title='bbox 3260 2031 3356 2083; x_wconf 82' lang='grc' dir='ltr'>καὶ</span> <span class='ocrx_word' id='word_1_490' title='bbox 3390 2032 3472 2094; x_wconf 85' lang='grc' dir='ltr'><strong>είς</strong></span> <span class='ocrx_word' id='word_1_491' title='bbox 3520 2035 3724 2103; x_wconf 86' lang='grc' dir='ltr'>πεῖραν</span> 
     </span>
    </p>
   </div>
   <div class='ocr_carea' id='block_1_74' title="bbox 2122 2120 3725 2193">
    <p class='ocr_par' dir='ltr' id='par_1_74' title="bbox 2122 2120 3725 2193">
     <span class='ocr_line' id='line_1_74' title="bbox 2122 2120 3725 2193; baseline 0.001 -18"><span class='ocrx_word' id='word_1_492' title='bbox 2122 2123 2215 2176; x_wconf 70' lang='grc' dir='ltr'><strong>ἐπὶ</strong></span> <span class='ocrx_word' id='word_1_493' title='bbox 2255 2122 2450 2193; x_wconf 84' lang='grc' dir='ltr'>μικρὸν</span> <span class='ocrx_word' id='word_1_494' title='bbox 2503 2122 2754 2187; x_wconf 75' lang='grc' dir='ltr'>ἔλθωσιν,</span> <span class='ocrx_word' id='word_1_495' title='bbox 2799 2124 3008 2193; x_wconf 85' lang='grc' dir='ltr'>ταχέως</span> <span class='ocrx_word' id='word_1_496' title='bbox 3040 2120 3497 2193; x_wconf 74' lang='grc' dir='ltr'>ἁποχωρίζονται,</span> <span class='ocrx_word' id='word_1_497' title='bbox 3532 2123 3725 2193; x_wconf 85' lang='grc' dir='ltr'>φέρειν</span> 
     </span>
    </p>
   </div>
   <div class='ocr_carea' id='block_1_75' title="bbox 2120 2214 3723 2285">
    <p class='ocr_par' dir='ltr' id='par_1_75' title="bbox 2120 2214 3723 2285">
     <span class='ocr_line' id='line_1_75' title="bbox 2120 2214 3723 2285; baseline 0.001 -18"><span class='ocrx_word' id='word_1_498' title='bbox 2120 2215 2248 2278; x_wconf 81' lang='grc' dir='ltr'>τοὺς</span> <span class='ocrx_word' id='word_1_499' title='bbox 2276 2214 2471 2277; x_wconf 77' lang='grc' dir='ltr'>πόνους</span> <span class='ocrx_word' id='word_1_500' title='bbox 2497 2214 2591 2267; x_wconf 74' lang='grc' dir='ltr'>καὶ</span> <span class='ocrx_word' id='word_1_501' title='bbox 2635 2214 2915 2277; x_wconf 78' lang='grc' dir='ltr'>κινδύνους</span> <span class='ocrx_word' id='word_1_502' title='bbox 2957 2214 3016 2267; x_wconf 87' lang='grc' dir='ltr'><strong>ού</strong></span> <span class='ocrx_word' id='word_1_503' title='bbox 3057 2214 3367 2283; x_wconf 87' lang='grc' dir='ltr'>δυνάμενοι.</span> <span class='ocrx_word' id='word_1_504' title='bbox 3395 2216 3593 2285; x_wconf 83' lang='grc' dir='ltr'>Διόπερ</span> <span class='ocrx_word' id='word_1_505' title='bbox 3625 2219 3723 2269; x_wconf 58' lang='grc' dir='ltr'><strong>καὶ⁵</strong></span> 
     </span>
    </p>
   </div>
   <div class='ocr_carea' id='block_1_76' title="bbox 2121 2304 3725 2377">
    <p class='ocr_par' dir='ltr' id='par_1_76' title="bbox 2121 2304 3725 2377">
     <span class='ocr_line' id='line_1_76' title="bbox 2121 2304 3725 2377; baseline 0.001 -18"><span class='ocrx_word' id='word_1_506' title='bbox 2121 2306 2325 2375; x_wconf 84' lang='grc' dir='ltr'>ἀγαθὸν</span> <span class='ocrx_word' id='word_1_507' title='bbox 2356 2304 2469 2373; x_wconf 76' lang='grc' dir='ltr'><strong>ἐγὼ</strong></span> <span class='ocrx_word' id='word_1_508' title='bbox 2491 2305 2662 2376; x_wconf 82' lang='grc' dir='ltr'>κρίνω</span> <span class='ocrx_word' id='word_1_509' title='bbox 2691 2305 3019 2376; x_wconf 81' lang='grc' dir='ltr'>στρατηγὸν,</span> <span class='ocrx_word' id='word_1_510' title='bbox 3056 2306 3185 2357; x_wconf 85' lang='grc' dir='ltr'>ὅταν</span> <span class='ocrx_word' id='word_1_511' title='bbox 3220 2304 3289 2357; x_wconf 66' lang='grc' dir='ltr'>τὲ</span> <span class='ocrx_word' id='word_1_512' title='bbox 3323 2308 3570 2377; x_wconf 86' lang='grc' dir='ltr'>χρήσιμα</span> <span class='ocrx_word' id='word_1_513' title='bbox 3598 2307 3725 2360; x_wconf 85' lang='grc' dir='ltr'>τότε</span> 
     </span>
    </p>
   </div>
   <div class='ocr_carea' id='block_1_77' title="bbox 2125 2396 3723 2469">
    <p class='ocr_par' dir='ltr' id='par_1_77' title="bbox 2125 2396 3723 2469">
     <span class='ocr_line' id='line_1_77' title="bbox 2125 2396 3723 2469; baseline 0 -18"><span class='ocrx_word' id='word_1_514' title='bbox 2125 2397 2378 2462; x_wconf 76' lang='grc' dir='ltr'>σκευάζει</span> <span class='ocrx_word' id='word_1_515' title='bbox 2451 2398 2549 2451; x_wconf 80' lang='grc' dir='ltr'>καὶ</span> <span class='ocrx_word' id='word_1_516' title='bbox 2592 2397 2866 2451; x_wconf 79' lang='grc' dir='ltr'>διατάττει</span> <span class='ocrx_word' id='word_1_517' title='bbox 2920 2399 3016 2451; x_wconf 73' lang='grc' dir='ltr'>καὶ</span> <span class='ocrx_word' id='word_1_518' title='bbox 3058 2396 3195 2467; x_wconf 75' lang='grc' dir='ltr'>ἔργα</span> <span class='ocrx_word' id='word_1_519' title='bbox 3246 2399 3341 2450; x_wconf 73' lang='grc' dir='ltr'><strong>καὶ</strong></span> <span class='ocrx_word' id='word_1_520' title='bbox 3394 2401 3723 2469; x_wconf 80' lang='grc' dir='ltr'>πράγματα,</span> 
     </span>
    </p>
   </div>
   <div class='ocr_carea' id='block_1_78' title="bbox 2121 2488 3725 2558">
    <p class='ocr_par' dir='ltr' id='par_1_78' title="bbox 2121 2488 3725 2558">
     <span class='ocr_line' id='line_1_78' title="bbox 2121 2488 3725 2558; baseline 0.002 -17"><span class='ocrx_word' id='word_1_521' title='bbox 2121 2489 2249 2542; x_wconf 82' lang='grc' dir='ltr'>ὅταν</span> <span class='ocrx_word' id='word_1_522' title='bbox 2293 2489 2353 2541; x_wconf 84' lang='grc' dir='ltr'>οὐ</span> <span class='ocrx_word' id='word_1_523' title='bbox 2410 2489 2832 2556; x_wconf 84' lang='grc' dir='ltr'>κατεπείγουσιν</span> <span class='ocrx_word' id='word_1_524' title='bbox 2883 2489 2938 2541; x_wconf 88' lang='grc' dir='ltr'><strong>αί</strong></span> <span class='ocrx_word' id='word_1_525' title='bbox 2997 2488 3108 2540; x_wconf 84' lang='grc' dir='ltr'>τῶν</span> <span class='ocrx_word' id='word_1_526' title='bbox 3156 2489 3473 2558; x_wconf 85' lang='grc' dir='ltr'>πολεμικῶν</span> <span class='ocrx_word' id='word_1_527' title='bbox 3538 2491 3725 2545; x_wconf 91' lang='grc' dir='ltr'>πόνων</span> 
     </span>
    </p>
   </div>
   <div class='ocr_carea' id='block_1_79' title="bbox 2123 2579 3726 2650">
    <p class='ocr_par' dir='ltr' id='par_1_79' title="bbox 2123 2579 3726 2650">
     <span class='ocr_line' id='line_1_79' title="bbox 2123 2579 3726 2650; baseline 0 -17"><span class='ocrx_word' id='word_1_528' title='bbox 2123 2580 2383 2649; x_wconf 84' lang='grc' dir='ltr'>ἀνάγκαι.</span> <span class='ocrx_word' id='word_1_529' title='bbox 2446 2579 2697 2649; x_wconf 76' lang='grc' dir='ltr'>Γύμναζε</span> <span class='ocrx_word' id='word_1_530' title='bbox 2744 2580 2801 2632; x_wconf 80' lang='grc' dir='ltr'>δὲ</span> <span class='ocrx_word' id='word_1_531' title='bbox 2843 2579 2938 2632; x_wconf 83' lang='grc' dir='ltr'>τὸν</span> <span class='ocrx_word' id='word_1_532' title='bbox 2983 2579 3212 2650; x_wconf 84' lang='grc' dir='ltr'>στρατὸν</span> <span class='ocrx_word' id='word_1_533' title='bbox 3238 2581 3505 2645; x_wconf 85' lang='grc' dir='ltr'>τοιούτοις</span> <span class='ocrx_word' id='word_1_534' title='bbox 3536 2581 3726 2646; x_wconf 86' lang='grc' dir='ltr'>πόνοις</span> 
     </span>
    </p>
   </div>
   <div class='ocr_carea' id='block_1_80' title="bbox 2124 2672 2730 2743">
    <p class='ocr_par' dir='ltr' id='par_1_80' title="bbox 2124 2672 2730 2743">
     <span class='ocr_line' id='line_1_80' title="bbox 2124 2672 2730 2743; baseline -0.002 -17"><span class='ocrx_word' id='word_1_535' title='bbox 2124 2673 2219 2727; x_wconf 77' lang='grc' dir='ltr'>καὶ</span> <span class='ocrx_word' id='word_1_536' title='bbox 2241 2672 2678 2743; x_wconf 78' lang='grc' dir='ltr'>ἐπιτηδεύμασιν</span> <span class='ocrx_word' id='word_1_537' title='bbox 2714 2690 2730 2705; x_wconf 79' lang='grc' dir='ltr'><strong>ο</strong></span> 
     </span>
    </p>
   </div>
   <div class='ocr_carea' id='block_1_81' title="bbox 2194 2761 3727 2835">
    <p class='ocr_par' dir='ltr' id='par_1_81' title="bbox 2194 2761 3727 2835">
     <span class='ocr_line' id='line_1_81' title="bbox 2194 2761 3727 2835; baseline -0.002 -17"><span class='ocrx_word' id='word_1_538' title='bbox 2194 2771 2265 2832; x_wconf 93' lang='grc' dir='ltr'><strong>γ’.</strong></span> <span class='ocrx_word' id='word_1_539' title='bbox 2298 2764 2521 2835; x_wconf 84' lang='grc' dir='ltr'>Πρῶτον</span> <span class='ocrx_word' id='word_1_540' title='bbox 2588 2765 2687 2835; x_wconf 76' lang='grc' dir='ltr'>μὲν</span> <span class='ocrx_word' id='word_1_541' title='bbox 2740 2763 2833 2816; x_wconf 73' lang='grc' dir='ltr'>τὸν</span> <span class='ocrx_word' id='word_1_542' title='bbox 2879 2763 3001 2817; x_wconf 86' lang='grc' dir='ltr'>καθ’</span> <span class='ocrx_word' id='word_1_543' title='bbox 3037 2763 3136 2816; x_wconf 72' lang='grc' dir='ltr'>ἕνα</span> <span class='ocrx_word' id='word_1_544' title='bbox 3182 2762 3525 2833; x_wconf 84' lang='grc' dir='ltr'>στρατιώτην</span> <span class='ocrx_word' id='word_1_545' title='bbox 3557 2761 3634 2826; x_wconf 83' lang='grc' dir='ltr'>ὡς</span> <span class='ocrx_word' id='word_1_546' title='bbox 3665 2763 3727 2816; x_wconf 77' lang='grc' dir='ltr'>ὲν</span> 
     </span>
    </p>
   </div>
   <div class='ocr_carea' id='block_1_82' title="bbox 2128 2855 3727 2927">
    <p class='ocr_par' dir='ltr' id='par_1_82' title="bbox 2128 2855 3727 2927">
     <span class='ocr_line' id='line_1_82' title="bbox 2128 2855 3727 2927; baseline 0 -19"><span class='ocrx_word' id='word_1_547' title='bbox 2128 2856 2354 2927; x_wconf 81' lang='grc' dir='ltr'>μελέτῃ,</span> <span class='ocrx_word' id='word_1_548' title='bbox 2395 2856 2520 2919; x_wconf 82' lang='grc' dir='ltr'>τοὺς</span> <span class='ocrx_word' id='word_1_549' title='bbox 2574 2855 2678 2925; x_wconf 86' lang='grc' dir='ltr'>μὲν</span> <span class='ocrx_word' id='word_1_550' title='bbox 2717 2855 2943 2919; x_wconf 83' lang='grc' dir='ltr'>ὁπλίτας</span> <span class='ocrx_word' id='word_1_551' title='bbox 2986 2855 3318 2918; x_wconf 89' lang='grc' dir='ltr'>σκουτάτους</span> <span class='ocrx_word' id='word_1_552' title='bbox 3365 2856 3527 2927; x_wconf 74' lang='grc' dir='ltr'>πεζῇ,</span> <span class='ocrx_word' id='word_1_553' title='bbox 3556 2856 3727 2926; x_wconf 74' lang='grc' dir='ltr'>ἤγουν</span> 
     </span>
    </p>
   </div>
   <div class='ocr_carea' id='block_1_83' title="bbox 2122 2947 3729 3020">
    <p class='ocr_par' dir='ltr' id='par_1_83' title="bbox 2122 2947 3729 3020">
     <span class='ocr_line' id='line_1_83' title="bbox 2122 2947 3729 3020; baseline 0 -19"><span class='ocrx_word' id='word_1_554' title='bbox 2122 2950 2250 3011; x_wconf 76' lang='grc' dir='ltr'>τοὺς</span> <span class='ocrx_word' id='word_1_555' title='bbox 2282 2947 2584 3017; x_wconf 76' lang='grc' dir='ltr'>φοροῦντας</span> <span class='ocrx_word' id='word_1_556' title='bbox 2613 2950 2712 3017; x_wconf 78' lang='grc' dir='ltr'>τὴν</span> <span class='ocrx_word' id='word_1_557' title='bbox 2750 2948 3081 3012; x_wconf 85' lang='grc' dir='ltr'>πανοπλίαν,</span> <span class='ocrx_word' id='word_1_558' title='bbox 3101 2950 3181 3012; x_wconf 85' lang='grc' dir='ltr'><strong>είς</strong></span> <span class='ocrx_word' id='word_1_559' title='bbox 3214 2950 3550 3020; x_wconf 79' lang='grc' dir='ltr'>μονομαχίας</span> <span class='ocrx_word' id='word_1_560' title='bbox 3586 2950 3729 3019; x_wconf 81' lang='grc' dir='ltr'><strong>μετά</strong></span> 
     </span>
    </p>
   </div>
   <div class='ocr_carea' id='block_1_84' title="bbox 2125 3039 3333 3109">
    <p class='ocr_par' dir='ltr' id='par_1_84' title="bbox 2125 3039 3333 3109">
     <span class='ocr_line' id='line_1_84' title="bbox 2125 3039 3333 3109; baseline 0.001 -19"><span class='ocrx_word' id='word_1_561' title='bbox 2125 3040 2461 3108; x_wconf 86' lang='grc' dir='ltr'>σκουταρίων</span> <span class='ocrx_word' id='word_1_562' title='bbox 2494 3039 2589 3091; x_wconf 75' lang='grc' dir='ltr'>καὶ</span> <span class='ocrx_word' id='word_1_563' title='bbox 2610 3039 2846 3109; x_wconf 82' lang='grc' dir='ltr'>βεργίων</span> <span class='ocrx_word' id='word_1_564' title='bbox 2878 3040 3283 3109; x_wconf 85' lang='grc' dir='ltr'>ἀντισαλλήλων</span> <span class='ocrx_word' id='word_1_565' title='bbox 3318 3080 3333 3105; x_wconf 93' lang='grc'><strong>,</strong></span> 
     </span>
    </p>
   </div>
   <div class='ocr_carea' id='block_1_85' title="bbox 2193 3129 3729 3201">
    <p class='ocr_par' dir='ltr' id='par_1_85' title="bbox 2193 3129 3729 3201">
     <span class='ocr_line' id='line_1_85' title="bbox 2193 3129 3729 3201; baseline 0.001 -18"><span class='ocrx_word' id='word_1_566' title='bbox 2193 3130 2254 3183; x_wconf 88' lang='grc' dir='ltr'><strong>δ’.</strong></span> <span class='ocrx_word' id='word_1_567' title='bbox 2292 3130 2390 3193; x_wconf 87' lang='grc' dir='ltr'>Είς</span> <span class='ocrx_word' id='word_1_568' title='bbox 2451 3129 2512 3183; x_wconf 83' lang='grc' dir='ltr'>τὸ</span> <span class='ocrx_word' id='word_1_569' title='bbox 2568 3130 2721 3200; x_wconf 79' lang='grc' dir='ltr'>ῥίψαι</span> <span class='ocrx_word' id='word_1_570' title='bbox 2768 3130 3007 3199; x_wconf 88' lang='grc' dir='ltr'>μήκοθεν</span> <span class='ocrx_word' id='word_1_571' title='bbox 3052 3132 3331 3201; x_wconf 79' lang='grc' dir='ltr'>ρικτάρια,</span> <span class='ocrx_word' id='word_1_572' title='bbox 3370 3132 3464 3185; x_wconf 80' lang='grc' dir='ltr'><strong>καὶ</strong></span> <span class='ocrx_word' id='word_1_573' title='bbox 3520 3132 3729 3201; x_wconf 75' lang='grc' dir='ltr'>ματξυ-</span> 
     </span>
    </p>
   </div>
   <div class='ocr_carea' id='block_1_86' title="bbox 2128 3221 3616 3296">
    <p class='ocr_par' dir='ltr' id='par_1_86' title="bbox 2128 3221 3616 3296">
     <span class='ocr_line' id='line_1_86' title="bbox 2128 3221 3616 3296; baseline 0 -18"><span class='ocrx_word' id='word_1_574' title='bbox 2128 3223 2458 3294; x_wconf 76' lang='grc' dir='ltr'>μάρϐουλον,</span> <span class='ocrx_word' id='word_1_575' title='bbox 2490 3222 2518 3275; x_wconf 81' lang='grc' dir='ltr'><strong>ὃ</strong></span> <span class='ocrx_word' id='word_1_576' title='bbox 2557 3223 2775 3289; x_wconf 80' lang='grc' dir='ltr'>λέγεται</span> <span class='ocrx_word' id='word_1_577' title='bbox 2820 3221 2915 3275; x_wconf 84' lang='grc' dir='ltr'>νῦν</span> <span class='ocrx_word' id='word_1_578' title='bbox 2952 3222 3170 3287; x_wconf 80' lang='grc' dir='ltr'>σαλίὸα,</span> <span class='ocrx_word' id='word_1_579' title='bbox 3200 3225 3293 3277; x_wconf 74' lang='grc' dir='ltr'>καὶ</span> <span class='ocrx_word' id='word_1_580' title='bbox 3312 3222 3616 3296; x_wconf 79' lang='grc' dir='ltr'>τζικούριν.</span> 
     </span>
    </p>
   </div>
   <div class='ocr_carea' id='block_1_87' title="bbox 2193 3314 3724 3387">
    <p class='ocr_par' dir='ltr' id='par_1_87' title="bbox 2193 3314 3724 3387">
     <span class='ocr_line' id='line_1_87' title="bbox 2193 3314 3724 3387; baseline 0.001 -19"><span class='ocrx_word' id='word_1_581' title='bbox 2193 3324 2255 3370; x_wconf 86' lang='grc' dir='ltr'>ε’.</span> <span class='ocrx_word' id='word_1_582' title='bbox 2295 3317 2434 3379; x_wconf 71' lang='grc' dir='ltr'>Τοὺς</span> <span class='ocrx_word' id='word_1_583' title='bbox 2483 3315 2541 3368; x_wconf 84' lang='grc' dir='ltr'>δὲ</span> <span class='ocrx_word' id='word_1_584' title='bbox 2593 3315 2923 3383; x_wconf 85' lang='grc' dir='ltr'>λεγομένους</span> <span class='ocrx_word' id='word_1_585' title='bbox 2978 3314 3169 3384; x_wconf 73' lang='grc' dir='ltr'>ψιλοὺς</span> <span class='ocrx_word' id='word_1_586' title='bbox 3218 3315 3362 3370; x_wconf 81' lang='grc' dir='ltr'>οὕτω</span> <span class='ocrx_word' id='word_1_587' title='bbox 3392 3318 3724 3387; x_wconf 79' lang='grc' dir='ltr'>γυμνάσεις,</span> 
     </span>
    </p>
   </div>
   <div class='ocr_carea' id='block_1_88' title="bbox 2125 3406 3729 3479">
    <p class='ocr_par' dir='ltr' id='par_1_88' title="bbox 2125 3406 3729 3479">
     <span class='ocr_line' id='line_1_88' title="bbox 2125 3406 3729 3479; baseline 0.001 -18"><span class='ocrx_word' id='word_1_588' title='bbox 2125 3409 2206 3470; x_wconf 86' lang='grc' dir='ltr'><strong>είς</strong></span> <span class='ocrx_word' id='word_1_589' title='bbox 2252 3408 2468 3474; x_wconf 82' lang='grc' dir='ltr'>τοξείαν</span> <span class='ocrx_word' id='word_1_590' title='bbox 2531 3406 2797 3476; x_wconf 88' lang='grc' dir='ltr'>σύντομον</span> <span class='ocrx_word' id='word_1_591' title='bbox 2846 3407 2991 3459; x_wconf 84' lang='grc' dir='ltr'><strong>κατά</strong></span> <span class='ocrx_word' id='word_1_592' title='bbox 3016 3410 3310 3479; x_wconf 76' lang='grc' dir='ltr'>κονταρίον</span> <span class='ocrx_word' id='word_1_593' title='bbox 3357 3408 3565 3479; x_wconf 78' lang='grc' dir='ltr'>ὑψηλοῦ</span> <span class='ocrx_word' id='word_1_594' title='bbox 3617 3410 3729 3464; x_wconf 82' lang='grc' dir='ltr'>ἀπὸ</span> 
     </span>
    </p>
   </div>
   <div class='ocr_carea' id='block_1_89' title="bbox 2125 3501 2515 3570">
    <p class='ocr_par' dir='ltr' id='par_1_89' title="bbox 2125 3501 2515 3570">
     <span class='ocr_line' id='line_1_89' title="bbox 2125 3501 2515 3570; baseline -0.003 -18"><span class='ocrx_word' id='word_1_595' title='bbox 2125 3501 2515 3570; x_wconf 83' lang='grc' dir='ltr'>διαστήματος.</span> 
     </span>
    </p>
   </div>
   <div class='ocr_carea' id='block_1_90' title="bbox 2199 3589 3730 3664">
    <p class='ocr_par' dir='ltr' id='par_1_90' title="bbox 2199 3589 3730 3664">
     <span class='ocr_line' id='line_1_90' title="bbox 2199 3589 3730 3664; baseline 0.001 -20"><span class='ocrx_word' id='word_1_596' title='bbox 2199 3589 2273 3655; x_wconf 80' lang='grc' dir='ltr'>ς’.</span> <span class='ocrx_word' id='word_1_597' title='bbox 2310 3593 2404 3655; x_wconf 72' lang='lat' dir='ltr'><strong>El;</strong></span> <span class='ocrx_word' id='word_1_598' title='bbox 2426 3592 2487 3645; x_wconf 83' lang='grc' dir='ltr'>τὸ</span> <span class='ocrx_word' id='word_1_599' title='bbox 2517 3593 2738 3663; x_wconf 80' lang='grc' dir='ltr'>ῥίπτειν</span> <span class='ocrx_word' id='word_1_600' title='bbox 2766 3592 3006 3663; x_wconf 85' lang='grc' dir='ltr'>μήκοθεν</span> <span class='ocrx_word' id='word_1_601' title='bbox 3044 3594 3295 3664; x_wconf 82' lang='grc' dir='ltr'>ρικτάριν</span> <span class='ocrx_word' id='word_1_602' title='bbox 3324 3594 3416 3646; x_wconf 71' lang='grc' dir='ltr'>καὶ</span> <span class='ocrx_word' id='word_1_603' title='bbox 3444 3593 3730 3663; x_wconf 79' lang='grc' dir='ltr'>σφενδόδοο</span> 
     </span>
    </p>
   </div>
   <div class='ocr_carea' id='block_1_91' title="bbox 2131 3684 2246 3737">
    <p class='ocr_par' dir='ltr' id='par_1_91' title="bbox 2131 3684 2246 3737">
     <span class='ocr_line' id='line_1_91' title="bbox 2131 3684 2246 3737; baseline 0 0"><span class='ocrx_word' id='word_1_604' title='bbox 2131 3684 2246 3737; x_wconf 92' lang='grc' dir='ltr'>λον.</span> 
     </span>
    </p>
   </div>
   <div class='ocr_carea' id='block_1_92' title="bbox 2205 3774 3735 3849">
    <p class='ocr_par' dir='ltr' id='par_1_92' title="bbox 2205 3774 3735 3849">
     <span class='ocr_line' id='line_1_92' title="bbox 2205 3774 3735 3849; baseline 0 -19"><span class='ocrx_word' id='word_1_605' title='bbox 2205 3774 2271 3841; x_wconf 80' lang='grc' dir='ltr'>ζ’.</span> <span class='ocrx_word' id='word_1_606' title='bbox 2309 3777 2402 3840; x_wconf 83' lang='grc' dir='ltr'><strong>Είς</strong></span> <span class='ocrx_word' id='word_1_607' title='bbox 2432 3776 2697 3848; x_wconf 84' lang='grc' dir='ltr'>πηδήσεις</span> <span class='ocrx_word' id='word_1_608' title='bbox 2732 3780 2826 3832; x_wconf 68' lang='grc' dir='ltr'>καὶ</span> <span class='ocrx_word' id='word_1_609' title='bbox 2855 3778 3091 3849; x_wconf 88' lang='grc' dir='ltr'>δρόμους</span> <span class='ocrx_word' id='word_1_610' title='bbox 3126 3778 3268 3832; x_wconf 84' lang='grc' dir='ltr'>κατά</span> <span class='ocrx_word' id='word_1_611' title='bbox 3305 3794 3362 3830; x_wconf 85' lang='grc' dir='ltr'><strong>τε</strong></span> <span class='ocrx_word' id='word_1_612' title='bbox 3389 3776 3611 3847; x_wconf 84' lang='grc' dir='ltr'>ὁμαλῶν</span> <span class='ocrx_word' id='word_1_613' title='bbox 3643 3779 3735 3831; x_wconf 87' lang='grc' dir='ltr'>τό-</span> 
     </span>
    </p>
   </div>
   <div class='ocr_carea' id='block_1_93' title="bbox 2129 3867 3734 3939">
    <p class='ocr_par' dir='ltr' id='par_1_93' title="bbox 2129 3867 3734 3939">
     <span class='ocr_line' id='line_1_93' title="bbox 2129 3867 3734 3939; baseline -0.001 -18"><span class='ocrx_word' id='word_1_614' title='bbox 2129 3884 2245 3921; x_wconf 89' lang='grc' dir='ltr'><strong>πων</strong></span> <span class='ocrx_word' id='word_1_615' title='bbox 2274 3868 2369 3921; x_wconf 75' lang='grc' dir='ltr'>καὶ</span> <span class='ocrx_word' id='word_1_616' title='bbox 2400 3869 2727 3939; x_wconf 87' lang='grc' dir='ltr'>ἀνωμάλων.</span> <span class='ocrx_word' id='word_1_617' title='bbox 2760 3871 2899 3933; x_wconf 83' lang='grc' dir='ltr'>Τοὺς</span> <span class='ocrx_word' id='word_1_618' title='bbox 2920 3869 2976 3922; x_wconf 80' lang='grc' dir='ltr'>δὲ</span> <span class='ocrx_word' id='word_1_619' title='bbox 2998 3868 3399 3939; x_wconf 81' lang='grc' dir='ltr'>καὸαλλαρίους</span> <span class='ocrx_word' id='word_1_620' title='bbox 3420 3867 3734 3936; x_wconf 84' lang='grc' dir='ltr'>γυμνάσεις</span> 
     </span>
    </p>
   </div>
   <div class='ocr_carea' id='block_1_94' title="bbox 2127 3958 3739 4031">
    <p class='ocr_par' dir='ltr' id='par_1_94' title="bbox 2127 3958 3739 4031">
     <span class='ocr_line' id='line_1_94' title="bbox 2127 3958 3739 4031; baseline 0.002 -21"><span class='ocrx_word' id='word_1_621' title='bbox 2127 3959 2207 4021; x_wconf 87' lang='grc' dir='ltr'><strong>είς</strong></span> <span class='ocrx_word' id='word_1_622' title='bbox 2233 3958 2292 4010; x_wconf 84' lang='grc' dir='ltr'>τὸ</span> <span class='ocrx_word' id='word_1_623' title='bbox 2320 3958 2559 4024; x_wconf 78' lang='grc' dir='ltr'>τοξεύειν</span> <span class='ocrx_word' id='word_1_624' title='bbox 2584 3960 2887 4028; x_wconf 84' lang='grc' dir='ltr'>συντόμως.</span> <span class='ocrx_word' id='word_1_625' title='bbox 2933 3961 2997 4012; x_wconf 80' lang='grc' dir='ltr'><strong>ἸΙ</strong></span> <span class='ocrx_word' id='word_1_626' title='bbox 3022 3960 3129 4031; x_wconf 85' lang='grc' dir='ltr'>γὰρ</span> <span class='ocrx_word' id='word_1_627' title='bbox 3155 3960 3399 4030; x_wconf 86' lang='grc' dir='ltr'>ταχύτης</span> <span class='ocrx_word' id='word_1_628' title='bbox 3452 3960 3547 4012; x_wconf 74' lang='grc' dir='ltr'>καὶ</span> <span class='ocrx_word' id='word_1_629' title='bbox 3582 3962 3739 4013; x_wconf 73' lang='grc' dir='ltr'>ἐκτι-</span> 
     </span>
    </p>
   </div>
   <div class='ocr_carea' id='block_1_95' title="bbox 2127 4050 3735 4124">
    <p class='ocr_par' dir='ltr' id='par_1_95' title="bbox 2127 4050 3735 4124">
     <span class='ocr_line' id='line_1_95' title="bbox 2127 4050 3735 4124; baseline -0.001 -19"><span class='ocrx_word' id='word_1_630' title='bbox 2127 4050 2420 4105; x_wconf 88' lang='grc' dir='ltr'>νάσσεσθαι</span> <span class='ocrx_word' id='word_1_631' title='bbox 2471 4052 2878 4122; x_wconf 76' lang='grc' dir='ltr'>παρασκευάζει</span> <span class='ocrx_word' id='word_1_632' title='bbox 2916 4054 3016 4124; x_wconf 79' lang='grc' dir='ltr'>τὴν</span> <span class='ocrx_word' id='word_1_633' title='bbox 3060 4053 3326 4120; x_wconf 83' lang='grc' dir='ltr'>σαγίτταν</span> <span class='ocrx_word' id='word_1_634' title='bbox 3353 4054 3447 4106; x_wconf 76' lang='grc' dir='ltr'>καὶ</span> <span class='ocrx_word' id='word_1_635' title='bbox 3483 4054 3735 4123; x_wconf 79' lang='grc' dir='ltr'>ἰσχυρῶς</span> 
     </span>
    </p>
   </div>
   <div class='ocr_carea' id='block_1_96' title="bbox 2130 4142 3738 4213">
    <p class='ocr_par' dir='ltr' id='par_1_96' title="bbox 2130 4142 3738 4213">
     <span class='ocr_line' id='line_1_96' title="bbox 2130 4142 3738 4213; baseline 0.003 -19"><span class='ocrx_word' id='word_1_636' title='bbox 2130 4142 2443 4212; x_wconf 87' lang='grc' dir='ltr'>βάλλεσθαι.</span> <span class='ocrx_word' id='word_1_637' title='bbox 2474 4145 2651 4212; x_wconf 87' lang='grc' dir='ltr'>Ὅπερ</span> <span class='ocrx_word' id='word_1_638' title='bbox 2690 4145 2799 4199; x_wconf 83' lang='grc' dir='ltr'><strong>τῶν</strong></span> <span class='ocrx_word' id='word_1_639' title='bbox 2841 4145 3158 4213; x_wconf 86' lang='grc' dir='ltr'>ἀναγκαίων</span> <span class='ocrx_word' id='word_1_640' title='bbox 3198 4144 3334 4211; x_wconf 77' lang='grc' dir='ltr'>ἐστὶ,</span> <span class='ocrx_word' id='word_1_641' title='bbox 3373 4147 3467 4198; x_wconf 70' lang='grc' dir='ltr'>καὶ</span> <span class='ocrx_word' id='word_1_642' title='bbox 3493 4147 3605 4209; x_wconf 87' lang='grc' dir='ltr'>τοῖς</span> <span class='ocrx_word' id='word_1_643' title='bbox 3635 4148 3738 4199; x_wconf 75' lang='grc' dir='ltr'><strong>ἐπὶ</strong></span> 
     </span>
    </p>
   </div>
   <div class='ocr_carea' id='block_1_97' title="bbox 2138 4235 2995 4308">
    <p class='ocr_par' dir='ltr' id='par_1_97' title="bbox 2138 4235 2995 4308">
     <span class='ocr_line' id='line_1_97' title="bbox 2138 4235 2995 4308; baseline 0.005 -21"><span class='ocrx_word' id='word_1_644' title='bbox 2138 4235 2323 4290; x_wconf 80' lang='grc' dir='ltr'>ἵππων</span> <span class='ocrx_word' id='word_1_645' title='bbox 2355 4237 2673 4308; x_wconf 84' lang='grc' dir='ltr'>ὀχουμένοις</span> <span class='ocrx_word' id='word_1_646' title='bbox 2703 4239 2995 4308; x_wconf 81' lang='grc' dir='ltr'>χρήσιμον.</span> 
     </span>
    </p>
   </div>
   <div class='ocr_carea' id='block_1_98' title="bbox 2198 4329 3736 4401">
    <p class='ocr_par' dir='ltr' id='par_1_98' title="bbox 2198 4329 3736 4401">
     <span class='ocr_line' id='line_1_98' title="bbox 2198 4329 3736 4401; baseline 0.001 -19"><span class='ocrx_word' id='word_1_647' title='bbox 2198 4336 2269 4397; x_wconf 88' lang='grc' dir='ltr'>η’.</span> <span class='ocrx_word' id='word_1_648' title='bbox 2309 4329 2417 4381; x_wconf 81' lang='grc' dir='ltr'><strong>Καὶ</strong></span> <span class='ocrx_word' id='word_1_649' title='bbox 2454 4329 2535 4382; x_wconf 80' lang='grc' dir='ltr'>ἔτι</span> <span class='ocrx_word' id='word_1_650' title='bbox 2575 4331 2656 4393; x_wconf 82' lang='grc' dir='ltr'>εἰς</span> <span class='ocrx_word' id='word_1_651' title='bbox 2698 4330 2759 4382; x_wconf 84' lang='grc' dir='ltr'>τὸ</span> <span class='ocrx_word' id='word_1_652' title='bbox 2781 4330 3022 4396; x_wconf 81' lang='grc' dir='ltr'>τοξεύειν</span> <span class='ocrx_word' id='word_1_653' title='bbox 3049 4329 3188 4401; x_wconf 81' lang='grc' dir='ltr'>πεζῇ</span> <span class='ocrx_word' id='word_1_654' title='bbox 3224 4329 3331 4382; x_wconf 79' lang='grc' dir='ltr'><strong>ἀπὸ</strong></span> <span class='ocrx_word' id='word_1_655' title='bbox 3362 4330 3736 4401; x_wconf 84' lang='grc' dir='ltr'>διαστήματος</span> 
     </span>
    </p>
   </div>
   <div class='ocr_carea' id='block_1_99' title="bbox 2132 4420 3735 4492">
    <p class='ocr_par' dir='ltr' id='par_1_99' title="bbox 2132 4420 3735 4492">
     <span class='ocr_line' id='line_1_99' title="bbox 2132 4420 3735 4492; baseline 0.001 -19"><span class='ocrx_word' id='word_1_656' title='bbox 2132 4421 2435 4491; x_wconf 87' lang='grc' dir='ltr'>συντόμως,</span> <span class='ocrx_word' id='word_1_657' title='bbox 2480 4422 2590 4475; x_wconf 86' lang='grc' dir='ltr'>εῐτε</span> <span class='ocrx_word' id='word_1_658' title='bbox 2643 4421 2784 4474; x_wconf 84' lang='grc' dir='ltr'>κατὰ</span> <span class='ocrx_word' id='word_1_659' title='bbox 2815 4422 3121 4491; x_wconf 84' lang='grc' dir='ltr'>κονταρίου,</span> <span class='ocrx_word' id='word_1_660' title='bbox 3179 4422 3291 4475; x_wconf 73' lang='grc' dir='ltr'>εἴτε</span> <span class='ocrx_word' id='word_1_661' title='bbox 3346 4420 3491 4475; x_wconf 86' lang='grc' dir='ltr'><strong>κατά</strong></span> <span class='ocrx_word' id='word_1_662' title='bbox 3539 4423 3735 4492; x_wconf 81' lang='grc' dir='ltr'>ἐτέρου</span> 
     </span>
    </p>
   </div>
   <div class='ocr_carea' id='block_1_100' title="bbox 2057 4504 2381 4583">
    <p class='ocr_par' dir='ltr' id='par_1_100' title="bbox 2057 4504 2381 4583">
     <span class='ocr_line' id='line_1_100' title="bbox 2057 4504 2381 4583; baseline 0.012 -20"><span class='ocrx_word' id='word_1_663' title='bbox 2057 4504 2106 4563; x_wconf 83' lang='grc' dir='ltr'>ι)</span> <span class='ocrx_word' id='word_1_664' title='bbox 2134 4514 2381 4583; x_wconf 88' lang='grc' dir='ltr'>σημείου.</span> 
     </span>
    </p>
   </div>
   <div class='ocr_carea' id='block_1_101' title="bbox 2196 4605 3737 4676">
    <p class='ocr_par' dir='ltr' id='par_1_101' title="bbox 2196 4605 3737 4676">
     <span class='ocr_line' id='line_1_101' title="bbox 2196 4605 3737 4676; baseline -0.001 -17"><span class='ocrx_word' id='word_1_665' title='bbox 2196 4606 2260 4659; x_wconf 85' lang='grc' dir='ltr'>θ’.</span> <span class='ocrx_word' id='word_1_666' title='bbox 2290 4607 2383 4667; x_wconf 87' lang='grc' dir='ltr'>Εἰς</span> <span class='ocrx_word' id='word_1_667' title='bbox 2434 4606 2493 4659; x_wconf 78' lang='grc' dir='ltr'>τὸ</span> <span class='ocrx_word' id='word_1_668' title='bbox 2534 4605 2775 4671; x_wconf 83' lang='grc' dir='ltr'>τοξεύειν</span> <span class='ocrx_word' id='word_1_669' title='bbox 2818 4607 3003 4660; x_wconf 76' lang='grc' dir='ltr'>ἐπάνω</span> <span class='ocrx_word' id='word_1_670' title='bbox 3055 4607 3225 4659; x_wconf 81' lang='grc' dir='ltr'>ἵππου</span> <span class='ocrx_word' id='word_1_671' title='bbox 3278 4607 3566 4676; x_wconf 82' lang='grc' dir='ltr'>τρέχοντος</span> <span class='ocrx_word' id='word_1_672' title='bbox 3600 4623 3737 4658; x_wconf 81' lang='grc' dir='ltr'>συν-</span> 
     </span>
    </p>
   </div>
   <div class='ocr_carea' id='block_1_102' title="bbox 2129 4697 3739 4769">
    <p class='ocr_par' dir='ltr' id='par_1_102' title="bbox 2129 4697 3739 4769">
     <span class='ocr_line' id='line_1_102' title="bbox 2129 4697 3739 4769; baseline 0.001 -20"><span class='ocrx_word' id='word_1_673' title='bbox 2129 4699 2313 4767; x_wconf 82' lang='grc' dir='ltr'>τόμως</span> <span class='ocrx_word' id='word_1_674' title='bbox 2338 4697 2671 4767; x_wconf 74' lang='grc' dir='ltr'>ἔμπροσθεν,</span> <span class='ocrx_word' id='word_1_675' title='bbox 2699 4698 2944 4765; x_wconf 76' lang='grc' dir='ltr'>δπισθεν,</span> <span class='ocrx_word' id='word_1_676' title='bbox 2997 4698 3167 4764; x_wconf 75' lang='grc' dir='ltr'>δεξιὰ,</span> <span class='ocrx_word' id='word_1_677' title='bbox 3213 4699 3499 4769; x_wconf 76' lang='grc' dir='ltr'>ἀριστερά.</span> <span class='ocrx_word' id='word_1_678' title='bbox 3535 4698 3625 4761; x_wconf 79' lang='grc' dir='ltr'>Εἰς</span> <span class='ocrx_word' id='word_1_679' title='bbox 3671 4702 3739 4751; x_wconf 82' lang='grc' dir='ltr'>τὸ</span> 
     </span>
    </p>
   </div>
   <div class='ocr_carea' id='block_1_103' title="bbox 2130 4787 2681 4858">
    <p class='ocr_par' dir='ltr' id='par_1_103' title="bbox 2130 4787 2681 4858">
     <span class='ocr_line' id='line_1_103' title="bbox 2130 4787 2681 4858; baseline -0.002 -17"><span class='ocrx_word' id='word_1_680' title='bbox 2130 4789 2308 4858; x_wconf 84' lang='grc' dir='ltr'>πηδᾷν</span> <span class='ocrx_word' id='word_1_681' title='bbox 2339 4787 2423 4856; x_wconf 78' lang='grc' dir='ltr'><strong>ἐφ’</strong></span> <span class='ocrx_word' id='word_1_682' title='bbox 2459 4789 2681 4851; x_wconf 79' lang='grc' dir='ltr'>ἵππους.</span> 
     </span>
    </p>
   </div>
   <div class='ocr_carea' id='block_1_104' title="bbox 2184 4877 3735 4951">
    <p class='ocr_par' dir='ltr' id='par_1_104' title="bbox 2184 4877 3735 4951">
     <span class='ocr_line' id='line_1_104' title="bbox 2184 4877 3735 4951; baseline 0.002 -21"><span class='ocrx_word' id='word_1_683' title='bbox 2184 4886 2235 4931; x_wconf 85' lang='grc' dir='ltr'>ι’.</span> <span class='ocrx_word' id='word_1_684' title='bbox 2268 4878 2359 4941; x_wconf 87' lang='grc' dir='ltr'><strong>Είς</strong></span> <span class='ocrx_word' id='word_1_685' title='bbox 2404 4879 2465 4931; x_wconf 82' lang='grc' dir='ltr'>τὸ</span> <span class='ocrx_word' id='word_1_686' title='bbox 2509 4877 2748 4941; x_wconf 81' lang='grc' dir='ltr'>τοξεύειν</span> <span class='ocrx_word' id='word_1_687' title='bbox 2812 4881 3095 4950; x_wconf 80' lang='grc' dir='ltr'>συντόμως</span> <span class='ocrx_word' id='word_1_688' title='bbox 3138 4880 3324 4933; x_wconf 77' lang='grc' dir='ltr'>ἐπάνω</span> <span class='ocrx_word' id='word_1_689' title='bbox 3369 4879 3539 4931; x_wconf 66' lang='grc' dir='ltr'>ἵππου</span> <span class='ocrx_word' id='word_1_690' title='bbox 3605 4881 3735 4951; x_wconf 83' lang='grc' dir='ltr'>τρέ-</span> 
     </span>
    </p>
   </div>
   <div class='ocr_carea' id='block_1_105' title="bbox 2123 4969 3736 5043">
    <p class='ocr_par' dir='ltr' id='par_1_105' title="bbox 2123 4969 3736 5043">
     <span class='ocr_line' id='line_1_105' title="bbox 2123 4969 3736 5043; baseline 0.001 -21"><span class='ocrx_word' id='word_1_691' title='bbox 2123 4987 2306 5039; x_wconf 83' lang='grc' dir='ltr'>χοντος</span> <span class='ocrx_word' id='word_1_692' title='bbox 2343 4970 2471 5038; x_wconf 86' lang='grc' dir='ltr'>μίαν</span> <span class='ocrx_word' id='word_1_693' title='bbox 2530 4969 2563 5039; x_wconf 81' lang='grc' dir='ltr'>ἢ</span> <span class='ocrx_word' id='word_1_694' title='bbox 2625 4970 2721 5022; x_wconf 73' lang='grc' dir='ltr'>καὶ</span> <span class='ocrx_word' id='word_1_695' title='bbox 2764 4971 3021 5043; x_wconf 82' lang='grc' dir='ltr'>δευτέραν</span> <span class='ocrx_word' id='word_1_696' title='bbox 3088 4973 3370 5041; x_wconf 88' lang='grc' dir='ltr'>σαγίτταν,</span> <span class='ocrx_word' id='word_1_697' title='bbox 3409 4972 3506 5025; x_wconf 74' lang='grc' dir='ltr'>καὶ</span> <span class='ocrx_word' id='word_1_698' title='bbox 3536 4972 3736 5025; x_wconf 85' lang='grc' dir='ltr'>ἀποτί-</span> 
     </span>
    </p>
   </div>
   <div class='ocr_carea' id='block_1_106' title="bbox 2124 5060 3727 5132">
    <p class='ocr_par' dir='ltr' id='par_1_106' title="bbox 2124 5060 3727 5132">
     <span class='ocr_line' id='line_1_106' title="bbox 2124 5060 3727 5132; baseline 0 -20"><span class='ocrx_word' id='word_1_699' title='bbox 2124 5060 2312 5114; x_wconf 86' lang='grc' dir='ltr'>θεσθαι</span> <span class='ocrx_word' id='word_1_700' title='bbox 2363 5060 2423 5112; x_wconf 84' lang='grc' dir='ltr'>τὸ</span> <span class='ocrx_word' id='word_1_701' title='bbox 2480 5060 2634 5124; x_wconf 80' lang='grc' dir='ltr'>τόξον</span> <span class='ocrx_word' id='word_1_702' title='bbox 2692 5062 3030 5132; x_wconf 83' lang='grc' dir='ltr'>τεταγμένον</span> <span class='ocrx_word' id='word_1_703' title='bbox 3065 5062 3123 5115; x_wconf 83' lang='grc' dir='ltr'>ὲν</span> <span class='ocrx_word' id='word_1_704' title='bbox 3174 5060 3253 5132; x_wconf 84' lang='grc' dir='ltr'><strong>τῷ</strong></span> <span class='ocrx_word' id='word_1_705' title='bbox 3297 5060 3574 5130; x_wconf 83' lang='grc' dir='ltr'>θηκαρίῳ,</span> <span class='ocrx_word' id='word_1_706' title='bbox 3623 5060 3727 5112; x_wconf 80' lang='grc' dir='ltr'><strong>ἐὰν</strong></span> 
     </span>
    </p>
   </div>
   <div class='ocr_carea' id='block_1_107' title="bbox 2124 5149 3735 5224">
    <p class='ocr_par' dir='ltr' id='par_1_107' title="bbox 2124 5149 3735 5224">
     <span class='ocr_line' id='line_1_107' title="bbox 2124 5149 3735 5224; baseline -0.001 -20"><span class='ocrx_word' id='word_1_707' title='bbox 2124 5152 2300 5206; x_wconf 81' lang='grc' dir='ltr'>πλατὺ</span> <span class='ocrx_word' id='word_1_708' title='bbox 2533 5154 2593 5206; x_wconf 80' lang='grc' dir='ltr'>ἐν</span> <span class='ocrx_word' id='word_1_709' title='bbox 2633 5153 2777 5223; x_wconf 83' lang='grc' dir='ltr'>ἄλλῳ</span> <span class='ocrx_word' id='word_1_710' title='bbox 2811 5155 3092 5224; x_wconf 75' lang='grc' dir='ltr'>ἡμιθηκίῳ</span> <span class='ocrx_word' id='word_1_711' title='bbox 3141 5155 3233 5207; x_wconf 78' lang='grc' dir='ltr'><strong>ἐπὶ</strong></span> <span class='ocrx_word' id='word_1_712' title='bbox 3260 5152 3438 5222; x_wconf 84' lang='grc' dir='ltr'>τούτῳ</span> <span class='ocrx_word' id='word_1_713' title='bbox 3462 5152 3735 5222; x_wconf 82' lang='grc' dir='ltr'>γινομένῳ</span> 
     </span>
    </p>
   </div>
   <div class='ocr_carea' id='block_1_108' title="bbox 2126 5244 3732 5316">
    <p class='ocr_par' dir='ltr' id='par_1_108' title="bbox 2126 5244 3732 5316">
     <span class='ocr_line' id='line_1_108' title="bbox 2126 5244 3732 5316; baseline -0.001 -18"><span class='ocrx_word' id='word_1_714' title='bbox 2126 5244 2417 5315; x_wconf 85' lang='grc' dir='ltr'>εὐκαίρως.</span> <span class='ocrx_word' id='word_1_715' title='bbox 2436 5246 2546 5297; x_wconf 89' lang='lat' dir='ltr'><strong>Kal</strong></span> <span class='ocrx_word' id='word_1_716' title='bbox 2569 5245 3038 5316; x_wconf 79' lang='grc' dir='ltr'>ἐπιλαμϐάνεσθαι</span> <span class='ocrx_word' id='word_1_717' title='bbox 3061 5245 3155 5299; x_wconf 81' lang='grc' dir='ltr'>τοῦ</span> <span class='ocrx_word' id='word_1_718' title='bbox 3191 5245 3478 5316; x_wconf 83' lang='grc' dir='ltr'>κονταρίου</span> <span class='ocrx_word' id='word_1_719' title='bbox 3512 5244 3606 5295; x_wconf 69' lang='grc' dir='ltr'><strong>ἐπὶ</strong></span> <span class='ocrx_word' id='word_1_720' title='bbox 3636 5244 3732 5296; x_wconf 80' lang='grc' dir='ltr'>τοῦ</span> 
     </span>
    </p>
   </div>
   <div class='ocr_carea' id='block_1_109' title="bbox 2128 5333 3730 5406">
    <p class='ocr_par' dir='ltr' id='par_1_109' title="bbox 2128 5333 3730 5406">
     <span class='ocr_line' id='line_1_109' title="bbox 2128 5333 3730 5406; baseline -0.001 -17"><span class='ocrx_word' id='word_1_721' title='bbox 2128 5335 2277 5406; x_wconf 77' lang='grc' dir='ltr'>ὤμου</span> <span class='ocrx_word' id='word_1_722' title='bbox 2316 5335 2740 5406; x_wconf 79' lang='grc' dir='ltr'>βασταζόμενον,</span> <span class='ocrx_word' id='word_1_723' title='bbox 2778 5338 2872 5390; x_wconf 77' lang='grc' dir='ltr'>καὶ</span> <span class='ocrx_word' id='word_1_724' title='bbox 2912 5333 3031 5391; x_wconf 83' lang='grc' dir='ltr'>εἶτα</span> <span class='ocrx_word' id='word_1_725' title='bbox 3058 5338 3119 5391; x_wconf 78' lang='grc' dir='ltr'>τὸ</span> <span class='ocrx_word' id='word_1_726' title='bbox 3159 5338 3346 5402; x_wconf 80' lang='grc' dir='ltr'>τόξον,</span> <span class='ocrx_word' id='word_1_727' title='bbox 3392 5335 3730 5406; x_wconf 77' lang='grc' dir='ltr'>τεταγμένον</span> 
     </span>
    </p>
   </div>
   <div class='ocr_carea' id='block_1_110' title="bbox 2130 5428 3732 5501">
    <p class='ocr_par' dir='ltr' id='par_1_110' title="bbox 2130 5428 3732 5501">
     <span class='ocr_line' id='line_1_110' title="bbox 2130 5428 3732 5501; baseline -0.001 -20"><span class='ocrx_word' id='word_1_728' title='bbox 2130 5431 2188 5481; x_wconf 82' lang='grc' dir='ltr'>ἐν</span> <span class='ocrx_word' id='word_1_729' title='bbox 2216 5428 2294 5499; x_wconf 87' lang='grc' dir='ltr'>τῷ</span> <span class='ocrx_word' id='word_1_730' title='bbox 2341 5429 2610 5499; x_wconf 81' lang='grc' dir='ltr'>θηκαρίῳ,</span> <span class='ocrx_word' id='word_1_731' title='bbox 2647 5434 2872 5501; x_wconf 79' lang='grc' dir='ltr'>κρατεῖν</span> <span class='ocrx_word' id='word_1_732' title='bbox 2902 5432 2957 5485; x_wconf 83' lang='grc' dir='ltr'>δὲ</span> <span class='ocrx_word' id='word_1_733' title='bbox 3002 5433 3062 5485; x_wconf 85' lang='grc' dir='ltr'>τὸ</span> <span class='ocrx_word' id='word_1_734' title='bbox 3097 5432 3371 5501; x_wconf 90' lang='grc' dir='ltr'>κοντάριν,</span> <span class='ocrx_word' id='word_1_735' title='bbox 3423 5432 3518 5482; x_wconf 70' lang='grc' dir='ltr'><strong>καὶ</strong></span> <span class='ocrx_word' id='word_1_736' title='bbox 3544 5429 3732 5481; x_wconf 88' lang='grc' dir='ltr'>συντό-</span> 
     </span>
    </p>
   </div>
   <div class='ocr_carea' id='block_1_111' title="bbox 2134 5521 3733 5595">
    <p class='ocr_par' dir='ltr' id='par_1_111' title="bbox 2134 5521 3733 5595">
     <span class='ocr_line' id='line_1_111' title="bbox 2134 5521 3733 5595; baseline 0.001 -22"><span class='ocrx_word' id='word_1_737' title='bbox 2134 5538 2249 5589; x_wconf 91' lang='grc' dir='ltr'><strong>μως</strong></span> <span class='ocrx_word' id='word_1_738' title='bbox 2280 5521 2632 5575; x_wconf 83' lang='grc' dir='ltr'>ἀποτίθεσθαι</span> <span class='ocrx_word' id='word_1_739' title='bbox 2666 5524 2799 5577; x_wconf 84' lang='grc' dir='ltr'>αὐτὸ</span> <span class='ocrx_word' id='word_1_740' title='bbox 2830 5526 2889 5577; x_wconf 79' lang='grc' dir='ltr'>ἐν</span> <span class='ocrx_word' id='word_1_741' title='bbox 2918 5524 2995 5595; x_wconf 82' lang='grc' dir='ltr'><strong>τῷ</strong></span> <span class='ocrx_word' id='word_1_742' title='bbox 3053 5523 3188 5595; x_wconf 78' lang='grc' dir='ltr'>ὤμῳ</span> <span class='ocrx_word' id='word_1_743' title='bbox 3213 5564 3226 5589; x_wconf 93' lang='grc'><strong>,</strong></span> <span class='ocrx_word' id='word_1_744' title='bbox 3265 5523 3733 5594; x_wconf 59' lang='grc' dir='ltr'>ἐπιλαμϐάνεσθαι</span> 
     </span>
    </p>
   </div>
   <div class='ocr_carea' id='block_1_112' title="bbox 2131 5611 3445 5676">
    <p class='ocr_par' dir='ltr' id='par_1_112' title="bbox 2131 5611 3445 5676">
     <span class='ocr_line' id='line_1_112' title="bbox 2131 5611 3445 5676; baseline 0.002 -12"><span class='ocrx_word' id='word_1_745' title='bbox 2131 5612 2189 5664; x_wconf 81' lang='grc' dir='ltr'>δὲ</span> <span class='ocrx_word' id='word_1_746' title='bbox 2228 5611 2324 5664; x_wconf 82' lang='grc' dir='ltr'>τοῦ</span> <span class='ocrx_word' id='word_1_747' title='bbox 2351 5613 2530 5676; x_wconf 77' lang='grc' dir='ltr'>τόξου.</span> <span class='ocrx_word' id='word_1_748' title='bbox 3441 5624 3445 5628; x_wconf 78' lang='grc'><em>”</em></span> 
     </span>
    </p>
   </div>
   <div class='ocr_carea' id='block_1_113' title="bbox 1997 5705 2227 5761">
    <p class='ocr_par' dir='ltr' id='par_1_113' title="bbox 1997 5705 2227 5761">
     <span class='ocr_line' id='line_1_113' title="bbox 1997 5705 2227 5761; baseline -0.004 -1"><span class='ocrx_word' id='word_1_749' title='bbox 1997 5705 2227 5761; x_wconf 76' lang='lat' dir='ltr'><strong>NOT/E.</strong></span> 
     </span>
    </p>
   </div>
   <div class='ocr_carea' id='block_1_114' title="bbox 514 5788 2018 5871">
    <p class='ocr_par' dir='ltr' id='par_1_114' title="bbox 514 5788 2018 5867">
     <span class='ocr_line' id='line_1_114' title="bbox 514 5788 2018 5867; baseline 0.006 -19"><span class='ocrx_word' id='word_1_750' title='bbox 514 5788 626 5857; x_wconf 81' lang='grc'><strong>(87)</strong></span> <span class='ocrx_word' id='word_1_751' title='bbox 648 5793 753 5845; x_wconf 73' lang='grc' dir='ltr'><strong>Καὶ</strong></span> <span class='ocrx_word' id='word_1_752' title='bbox 780 5794 1117 5863; x_wconf 66' lang='grc' dir='ltr'>ἀνάνδρους</span> <span class='ocrx_word' id='word_1_753' title='bbox 1148 5796 1253 5863; x_wconf 75' lang='grc' dir='ltr'>τὰς</span> <span class='ocrx_word' id='word_1_754' title='bbox 1276 5798 1497 5867; x_wconf 72' lang='grc' dir='ltr'>ψυχάς.</span> <span class='ocrx_word' id='word_1_755' title='bbox 1544 5800 1923 5867; x_wconf 83' lang='lat' dir='ltr'><strong>Scribebatur,</strong></span> <span class='ocrx_word' id='word_1_756' title='bbox 1947 5819 2018 5857; x_wconf 83' lang='grc' dir='ltr'><strong>κα</strong></span> 
     </span>
    </p>
   </div>
   <div class='ocr_carea' id='block_1_115' title="bbox 2136 5788 2689 5871">
    <p class='ocr_par' dir='ltr' id='par_1_115' title="bbox 2139 5799 2689 5871">
     <span class='ocr_line' id='line_1_115' title="bbox 2139 5799 2689 5871; baseline 0 -17"><span class='ocrx_word' id='word_1_757' title='bbox 2139 5802 2270 5871; x_wconf 88' lang='grc' dir='ltr'>δρας</span> <span class='ocrx_word' id='word_1_758' title='bbox 2300 5817 2397 5862; x_wconf 85' lang='grc' dir='ltr'><strong>τας</strong></span> <span class='ocrx_word' id='word_1_759' title='bbox 2432 5799 2689 5870; x_wconf 61' lang='grc' dir='ltr'>ψυχικάς.</span> 
     </span>
    </p>
   </div>
  </div>
