4022 6432
320 363 429 432 737

1413 369 1745 431 TACTICA.
1780 391 1848 404 ·-
1877 363 2379 426 CONSTITUTIO
2400 365 2534 427 'VII.

3472 375 3580 439 738

395 478 488 536 ια’.
532 478 632 542 El;
665 479 728 532 τὸ
764 479 1099 552 ἐπέρχεσθαι
1141 482 1392 553 ἀλλήλοις
1416 482 1617 553 ἄνδρας
1658 479 1776 543 δύο,
1812 475 1906 532 καὶ

2078 473 2167 528 11.
2201 473 2273 529 Ut
2303 473 2562 529 invadant
2603 488 2660 529 se
2691 481 2885 530 mutuo
2909 474 3020 531 duo
3058 478 3185 543 viri,
3218 486 3266 534 et
3306 481 3585 553 recedant,

320 570 631 638 ὑποχωρεῖν
687 568 784 621 καὶ
842 570 1004 625 πάλιν
1046 570 1383 637 ἐπελαύνειν,
1435 573 1533 627 καὶ
1587 570 1903 638 ἐξελίσσειν,

319 659 465 713 κατά
498 657 589 710 τὸν
616 656 788 710 τύπον
813 657 909 712 τοῦ
944 657 1237 728 λεγομένου
1270 659 1734 732 παρακονταρίου.

394 772 481 841 ιβ’.
506 772 669 834 Τινάς
696 771 755 823 δέ
786 771 965 825 αὐτῶν
1002 772 1164 825 καλόν
1190 775 1306 827 ἐστι
1337 773 1430 828 καὶ
1463 774 1524 826 ἐν
1565 773 1644 843 τῷ
1694 773 1907 827 ὁδοιπο-

321 867 440 937 ριῖν
466 865 592 927 τοὺς
620 864 962 934 στρατιώτας
999 863 1377 935 γυμνάζεσθαι
1400 865 1459 918 ὲν
1490 867 1556 937 τῇ
1595 865 1702 937 ἰδίᾳ
1728 865 1902 937 χώρᾳ.

319 957 416 1011 καὶ
446 955 788 1025 ἐπιτηδεύειν
823 955 966 1009 αύτά
1006 955 1193 1011 ἐπάνω
1219 956 1329 1009 τῶν
1371 954 1553 1010 ἵππων
1581 959 1775 1011 ποιεῖν.
1810 957 1906 1010 Ἐκ

319 1046 510 1101 τούτου
539 1047 651 1118 γὰρ
683 1046 780 1099 καὶ
820 1048 854 1117 ή
880 1046 997 1110 ὁδὸς
1025 1046 1418 1118 ἀνεμπόδιστος
1455 1049 1779 1113 ἐκτελεῖται,
1810 1048 1906 1102 καὶ

318 1141 367 1193 oi
405 1138 562 1191 ῖπποι
583 1138 645 1191 ού
673 1138 1071 1209 συντρίϐονται.

395 1230 483 1298 ιγ’.
530 1230 657 1283 Ἐὰν
694 1230 752 1283 δὲ
786 1231 967 1301 συμϐῇ
1009 1230 1105 1285 καὶ
1134 1230 1379 1301 χρονίσαι
1405 1232 1467 1285 τὸ
1496 1232 1811 1304 στράτευμα
1844 1233 1906 1287 ἐν

322 1320 607 1391 ἐξπεδίτῳ,
648 1320 816 1390 ἤγουν
888 1319 1017 1374 ἔνθα
1076 1322 1368 1390 συνάγεται
1427 1322 1573 1375 κατά
1626 1323 1718 1376 τὸν
1774 1322 1906 1378 ἴδιον

318 1412 513 1483 καιρὸν
547 1411 667 1475 ὅλος
696 1411 724 1462 ὁ
755 1411 1008 1482 στρατὸς,
1046 1412 1121 1483 μὴ
1159 1413 1363 1483 ἀργοὺς
1382 1408 1524 1466 εἶναι
1554 1413 1644 1467 τὸν
1677 1413 1902 1479 καθένα,

318 1505 433 1558 ἀλλ’
465 1503 741 1567 ἐθίζεσθαι
774 1503 992 1567 αὐτοὺς,
1026 1502 1103 1568 ὡς
1124 1503 1361 1575 εἴρηται,
1406 1507 1608 1560 πονεῖν.
1630 1507 1740 1559 Καὶ
1770 1505 1904 1561 ποτὲ

323 1594 425 1665 μὲν
453 1590 831 1663 γυμνάζεσθαι
854 1596 1038 1648 πονεῖν
1065 1596 1205 1650 κατὰ
1234 1595 1328 1649 τὸν
1359 1597 1651 1667 εἰρημένον
1679 1596 1901 1667 τρόπον,

320 1685 450 1739 ποτέ
492 1686 550 1738 δὲ
592 1686 670 1750 ὡς
726 1687 783 1739 ἐν
812 1686 1113 1760 παρατάξει
1142 1689 1237 1742 καὶ
1285 1689 1344 1741 ἐν
1389 1688 1660 1758 ἀλλήλοις·
1697 1691 1905 1745 ποτὲδέ

319 1778 401 1838 εἰς
442 1775 624 1829 ὅπλων
671 1777 937 1847 ἐργασίας
978 1777 1424 1847 ἅπασχολεῖσθαι.
1465 1776 1533 1830 Ἦ
1574 1778 1686 1850 γάρ
1739 1777 1908 1848 ἀργία

317 1869 381 1922 ού
430 1869 591 1939 μόνον
642 1870 883 1940 νωθροὺς
958 1871 1053 1924 καὶ
1104 1870 1400 1942 ἀνάνδρους
1443 1873 1605 1935 ποιεῖ,
1653 1870 1790 1924 ἀλλά
1815 1872 1910 1926 καὶ

319 1961 457 2015 κενά
504 1978 629 2015 τινα
687 1962 784 2015 καὶ
839 1961 1111 2032 στασιώδη
1173 1962 1403 2033 μελετᾷν
1475 1963 1673 2026 αὐτοὺς
1727 1980 1906 2035 παρα-

320 2054 574 2118 σκευάζει
605 2054 700 2107 καὶ
728 2053 1051 2124 παρεξάγει.
1074 2054 1481 2125 Γυμναζόμενοι
1510 2056 1568 2109 δὲ
1595 2056 1733 2125 πρὸς
1778 2057 1908 2120 τοὺς

320 2145 599 2206 ἑκουσίους
639 2144 856 2211 πόνους,
913 2145 1151 2208 εὐκόλως
1191 2144 1299 2215 ἄρα
1329 2145 1423 2198 καὶ
1450 2146 1577 2209 τοὺς
1620 2146 1907 2209 ἀκουσίως

320 2235 647 2289 ύπενείκωσι
677 2275 693 2299 ,
748 2236 841 2288 καὶ
886 2236 1024 2305 πρὸς
1067 2236 1138 2289 τά
1176 2235 1670 2306 παραγγελλόμενα
1720 2235 1907 2299 αὐτοῖς

321 2326 619 2380 ὑπακούειν
652 2325 960 2381 ἐθισθῶσιν.

396 2438 479 2492 ιδ’.
508 2439 618 2492 Kal
650 2440 709 2492 ού
746 2439 906 2509 μόνον
945 2439 1148 2493 καθένα
1194 2440 1493 2508 γυμνάσεις
1517 2440 1737 2506 αὐτοὺς,
1769 2440 1904 2496 ἀλλὰ

322 2528 522 2594 ἐθίσεις
556 2530 650 2584 καὶ
696 2532 927 2585 καθόλου
963 2530 1255 2600 γινώσκειν
1282 2532 1383 2595 τάς
1414 2532 1550 2595 ιδίας
1572 2532 1778 2598 τάξεις,
1808 2536 1904 2587 καὶ

325 2621 510 2692 μένειν
565 2623 623 2675 ἐν
654 2622 865 2687 αὑταῖς,
897 2624 990 2676 καὶ
1019 2626 1140 2686 ταῖς
1182 2622 1362 2692 ὂψεσι,
1402 2623 1496 2678 καὶ
1527 2625 1641 2687 τοῖς
1672 2626 1901 2696 ὀνόμασι

323 2710 575 2781 συνήθεις
630 2711 896 2783 ἀλλήλους
948 2712 1218 2781 γίνεσθαι,
1280 2714 1376 2767 καὶ
1437 2714 1522 2778 τίς
1566 2715 1903 2787 στρατιώτης

322 2799 427 2853 ὑπὸ
482 2802 604 2854 τινα
656 2803 803 2855 ἐστὶν
854 2802 1107 2875 ἄρχοντα,
1165 2805 1262 2858 καὶ
1308 2807 1366 2880 ἐν
1403 2805 1542 2876 ποίῳ
1581 2805 1779 2877 βάνδῳ,
1808 2807 1902 2861 καὶ

326 2892 463 2964 μετά
491 2894 674 2947 πόσων
696 2895 905 2967 ἀνδρῶν
932 2895 1204 2952 τάττεται.

2008 572 2062 619 et
2094 578 2288 620 rursus
2320 564 2596 635 ingruant,
2632 575 2686 620 et
2734 564 2987 622 evolvant
3013 580 3075 622 se
3108 568 3449 637 ad‘modum
3490 574 3587 642 pa-

2006 654 2324 709 racontarii.

2076 745 2165 800 12.
2199 745 2342 802 Utile
2397 761 2528 801 vero
2583 755 2667 803 est
2722 748 2778 803 in
2832 748 2952 818 ipso
2981 748 3177 805 itinere
3214 750 3488 819 faciendo,
3529 763 3590 811 ut

2005 836 2227 905 quidam
2279 853 2346 892 ex
2398 838 2505 894 illis
2545 841 2661 895 suis
2694 840 2828 896 locis
2859 856 2919 897 se
2949 852 3264 905 exerceant,
3295 852 3350 898 et
3382 860 3588 900 conen-

2006 937 2095 982 tur
2148 928 2264 983 haec
2309 943 2376 984 ex
2430 930 2588 999 equis
2637 929 2839 987 facere.
2900 931 3016 988 Hoc
3067 934 3232 988 modo
3276 934 3453 1005 ipsum
3485 941 3591 992 iter

2005 1019 2321 1090 expeditum
2346 1020 2473 1088 erit,
2503 1030 2560 1077 et
2585 1022 2713 1093 equi
2744 1023 2930 1080 minus
2952 1033 3258 1082 atterentur

2078 1218 2169 1274 15.
2208 1219 2268 1275 Si
2300 1219 2584 1291 contingat
2634 1220 2689 1275 in
2740 1220 2993 1292 expedito
3021 1222 3351 1276 commorari
3379 1223 3592 1278 exerci«

2006 1319 2142 1374 tum,
2176 1310 2231 1365 id
2280 1320 2385 1376 est,
2444 1313 2498 1365 in
2547 1325 2613 1366 eo
2662 1312 2786 1368 loco
2825 1312 2919 1367 ubi
2947 1322 3174 1381 coactus
3204 1323 3311 1379 est,
3338 1315 3488 1369 omni
3521 1329 3590 1371 eo

2005 1411 2251 1472 tempore
2306 1416 2376 1456 ne
2421 1418 2561 1459 unus
2612 1404 2832 1473 quidem
2880 1419 2950 1459 ex
2999 1405 3287 1470 militibus,
3322 1415 3588 1475 quantum

2006 1491 2120 1547 ﬁeri
2155 1501 2357 1561 potest,
2398 1493 2607 1549 otiosus
2633 1494 2724 1559 sit,
2766 1494 2862 1550 sed
2892 1494 2959 1549 ad
3003 1495 3264 1559 laborem,
3299 1503 3359 1549 ut
3386 1494 3591 1550 dictum

2004 1594 2112 1652 est,
2171 1585 2571 1641 assuefaciendi
2625 1601 2819 1641 omnes
2868 1596 3019 1653 sunt,
3062 1597 3116 1643 et
3146 1587 3420 1642 interdum
3456 1601 3593 1658 pra:-

2006 1676 2151 1731 dicto
2180 1691 2333 1732 more
2361 1677 2674 1741 exercendi,
2704 1677 2979 1731 interdum
3010 1679 3061 1731 in
3084 1678 3227 1744 acie,
3258 1686 3314 1732 et
3340 1679 3484 1733 inter
3509 1693 3589 1743 sc,

2014 1769 2286 1824 interdum
2331 1769 2386 1823 in
2434 1769 2603 1823 armis
2672 1769 2788 1824 suis
2820 1768 3164 1839 detergendis
3206 1777 3261 1823 et
3298 1768 3593 1824 nitidandis

2013 1869 2371 1931 occupentur.
2434 1860 2620 1915 Otium
2664 1861 2807 1915 enim
2861 1875 2969 1914 non
3022 1861 3201 1914 solum
3253 1859 3478 1927 ignavos
3538 1868 3593 1913 et

2012 1950 2351 2007 effeminatos
2384 1951 2533 2017 facit,
2575 1951 2671 2006 sed
2704 1952 2869 2007 etiam
2899 1951 2966 2006 ad
2999 1951 3185 2006 inania
3229 1951 3479 2020 quaedam
3536 1960 3591 2005 et

2012 2043 2322 2099 turbulenta
2355 2043 2647 2113 cogitanda
2697 2043 2943 2097 animum
2986 2042 3245 2097 traducit.
3278 2042 3362 2097 Ad
3393 2042 3593 2097 volun-

2011 2133 2183 2189 tarios
2236 2133 2453 2189 labores
2500 2134 2546 2187 si
2574 2148 2633 2188 se
2668 2142 2977 2199 exerceant,
3012 2132 3174 2188 facile
3205 2133 3371 2186 etiam
3419 2132 3591 2186 coacti

2012 2228 2229 2283 labores
2262 2226 2557 2298 perferent,
2587 2235 2642 2282 et
2674 2227 2741 2283 ad
2771 2226 3038 2297 imperata
3074 2224 3324 2282 facienda
3355 2226 3592 2295 aptiores

2009 2327 2191 2374 erunt.

2081 2416 2169 2488 M,
2196 2430 2307 2487 Nec
2354 2431 2630 2502 sigillatim
2661 2430 2824 2485 modo
2855 2431 3142 2486 exercebis
3168 2444 3283 2494 eos,
3309 2430 3401 2485 sed
3432 2445 3594 2500 gene-

2010 2523 2169 2576 ratim
2198 2521 2362 2578 etiam
2390 2518 2742 2586 assuefacies,
2778 2529 2840 2573 ut
2882 2534 3011 2575 suas
3062 2519 3325 2573 stationes
3358 2518 3596 2588 perfecte

2010 2622 2361 2684 cognoscant,
2389 2622 2445 2669 et
2466 2613 2519 2667 in
2546 2612 2654 2667 illis
2690 2622 3097 2666 commoremur
3121 2652 3136 2676 ,
3168 2620 3220 2666 et
3253 2620 3501 2680 aspectu,
3539 2621 3596 2664 et

2010 2704 2230 2760 nomine
2280 2702 2624 2759 iamiliariter
2672 2717 2733 2757 se
2784 2714 2985 2757 mutuo
3032 2710 3354 2773 agnoscant,
3397 2711 3450 2757 et
3488 2702 3595 2756 sub

2007 2811 2117 2866 quo
2141 2793 2397 2865 praefecto
2427 2794 2583 2849 miles
2600 2795 2979 2864 unusquisque
3005 2794 3097 2857 sit,
3133 2794 3185 2847 in
3208 2808 3314 2863 qua
3345 2793 3593 2852 cohorte,

2006 2895 2061 2941 et
2133 2886 2333 2956 quibus
2407 2900 2532 2941 cum
2599 2884 2731 2941 viris
2812 2885 2866 2938 in
2934 2885 3296 2940 contubernio
3359 2886 3595 2940 colloce-

2007 2993 2112 3036 tur.

386 3072 469 3123 ιε’.
517 3066 815 3121 Γινώσκειν
870 3069 926 3123 δὲ
979 3070 1049 3123 τὰ
1094 3070 1220 3136 όξέα
1273 3073 1712 3145 παραγγέλματα
1768 3076 1905 3145 μετά

2080 3072 2167 3126 15.
2204 3070 2511 3141 Cognoscat
2576 3069 2740 3124 etiam
2772 3069 3021 3126 celeriter
3076 3068 3355 3132 mandata,
3411 3082 3535 3138 qua!
3564 3084 3593 3121 a

322 3155 529 3221 τάξεως
581 3160 734 3229 παρὰ
786 3160 896 3213 τῶν
950 3161 1228 3231 ἀρχόντων
1275 3165 1558 3235 γινόμενα.
1620 3162 1747 3220 Οἷον
1806 3167 1907 3230 τὰς

322 3249 596 3313 ἐκτάσεις,
646 3251 756 3304 εἴτε
810 3251 952 3305 κατά
986 3253 1211 3317 πλάτος,
1242 3254 1353 3309 εἴτε
1407 3257 1551 3310 κατὰ
1588 3257 1763 3326 μῆκος
1806 3258 1907 3328 τῆς

325 3342 708 3421 παρατάξεως.
753 3342 990 3413 ὀμοίως
1032 3344 1091 3398 δέ
1132 3347 1229 3399 καὶ
1268 3350 1368 3410 τὰς
1415 3348 1698 3415 συστολὰς,
1735 3350 1906 3419 ἤγουν

329 3432 574 3502 σφίγξεις
620 3434 703 3497 εἰς
752 3435 1049 3491 πύκνωσιν.
1104 3438 1214 3490 Καὶ
1265 3436 1365 3501 τὰς
1415 3439 1642 3507 κλίσεις,
1699 3442 1793 3494 ἐπὶ
1847 3442 1917 3495 τὰ

327 3525 612 3595 ἀριστερὰ,
654 3526 747 3577 ἐπὶ
796 3526 864 3579 τὰ
890 3527 1061 3595 δεξιὰ,
1112 3531 1206 3583 καὶ
1231 3530 1331 3594 τὰς
1359 3531 1467 3584 τῶν
1493 3532 1718 3602 όρδίνων
1750 3550 1917 3601 μετα-

328 3616 601 3687 ποιήσεις,
627 3617 698 3670 τὰ
735 3617 1081 3690 διαστήματα
1130 3620 1239 3674 τῶν
1296 3623 1537 3677 στάσεων
1586 3624 1694 3677 ἀπὸ
1725 3626 1919 3697 ἀνδρὸς

326 3707 405 3770 εἱς
455 3708 646 3778 ἄνδρα,
697 3710 793 3762 καὶ
832 3711 931 3774 τάς
999 3713 1235 3782 μερικάς
1288 3714 1466 3768 αὐτῶν
1520 3715 1828 3780 πυκνώσεις
1881 3716 1915 3788 ἢ

326 3795 643 3867 ἀραιώσεις,
682 3799 778 3853 καὶ
850 3800 949 3863 τὰς
1032 3802 1367 3874 ἅδιαλλήλων
1432 3805 1764 3876 ἀπαντήσεις
1824 3794 1920 3861 καὶ

328 3887 737 3958 άντιδαμάσεις,
790 3890 908 3961 ἤτοι
940 3892 1251 3963 ἐρχομένων
1293 3894 1327 3965 ἢ
1366 3897 1790 3967 ἀπερχομένων,
1822 3896 1920 3952 καὶ

327 3978 427 4040 τὰς
460 3980 601 4033 κατά
628 3980 728 4043 τὰς
778 3981 943 4047 ἀκίας
983 3985 1151 4055 ήγουν
1194 3987 1322 4052 τοὺς
1355 3987 1597 4057 όρδὶνους
1625 3989 1921 4061 διαιρέσεις

329 4071 511 4126 αὐτῶν
566 4073 661 4126 καὶ
688 4075 1043 4146 μετρισμούς.

407 4186 503 4252 ις’.
537 4189 648 4241 Καὶ
689 4190 1015 4257 κατατάξεις
1045 4193 1215 4264 αὐτὴν
1259 4196 1536 4265 φάλαγγα,
1591 4198 1758 4269 ἤγουν
1821 4201 1922 4272 τὴν

332 4280 462 4350 ὅλην
518 4282 843 4355 παραταγὴν
872 4326 886 4350 ,
939 4285 1102 4352 ὅταν,
1167 4286 1244 4351 ὡς
1295 4290 1541 4359 εἴρηται,
1615 4293 1708 4344 ἐπὶ
1755 4292 1918 4361 βάθος

334 4371 705 4436 συστέλλεται,
740 4375 835 4427 καὶ
862 4375 987 4427 ὅταν
1019 4377 1112 4451 ἐπι
1153 4378 1326 4447 μῆκος
1349 4380 1668 4443 ἐκτείνεται,
1700 4383 1795 4434 καὶ
1818 4381 1916 4452 τὴν
1950 4413 1993 4467 υ

333 4462 632 4533 λεγομένην
662 4464 983 4534 ἀντίστομον
1012 4465 1177 4536 ἡγουν
1213 4466 1464 4535 δίστομον
1512 4469 1692 4540 μάχην
1718 4510 1733 4533 ,
1790 4471 1918 4525 ὅταν

332 4554 383 4606 οἱ
422 4553 705 4623 λεγόμενοι
756 4555 1002 4624 οὐραγοὶ,
1079 4558 1197 4628 ἦτοι
1248 4560 1294 4610 οἱ
1350 4559 1574 4613 ὄπισθεν
1628 4562 1738 4616 τῶν
1782 4563 1919 4619 ὅλων

335 4644 531 4710 ἀκιῶν,
587 4646 1017 4718 ἐπιστρέψαντες
1059 4648 1194 4718 πρὸς
1235 4649 1361 4712 τοὺς
1404 4650 1736 4716 κυκλοῦντας
1775 4655 1917 4708 κατὰ

335 4738 626 4806 πρόσωπον
673 4739 937 4809 μάχονται
992 4739 1063 4802 ὡς
1106 4743 1502 4810 πρωτοστάται,
1557 4744 1649 4795 καὶ
1694 4744 1917 4798 ὄπισθεν

335 4828 515 4880 αὐτῶν
581 4830 779 4899 ὁμοίως
852 4831 1037 4893 αὐτοῖς
1079 4832 1424 4904 ἀντιστρέφει
1480 4834 1539 4885 τὸ
1593 4835 1764 4907 ἥμισυ
1820 4838 1918 4908 τῆς

333 4919 516 4985 ἀκίας,
571 4923 667 4974 καὶ
724 4922 885 4976 πάλιν
914 4924 1013 4987 τὰς
1064 4925 1128 4976 ἐκ
1162 4924 1269 4976 τῶν
1297 4925 1556 4980 τοιούτων
1604 4928 1916 4998 μεταϐολῶν

333 5010 666 5083 ἀνακλήσεις
696 5016 791 5069 καὶ
816 5017 1309 5080 ἀποκαταστάσεις.

412 5102 496 5167 ιζ’.
517 5106 581 5157 Οἱ
607 5106 716 5178 γὰρ
732 5108 867 5176 πρὸς
885 5107 1056 5162 ταῦτα
1070 5110 1246 5163 πάντα
1267 5109 1569 5180 ἐθιζόμενοι
1598 5110 1926 5183 στρατιῶται

336 5197 426 5250 διὰ
457 5197 675 5267 τάχους,
703 5198 774 5262 ὡς
806 5200 1008 5267 εἰπεῖν,
1041 5201 1136 5255 καὶ
1168 5201 1463 5272 αὐτόματοι
1490 5203 1749 5272 φέρονται
1786 5204 1925 5273 πρὸς

336 5289 437 5357 τὴν
462 5289 636 5353 τάξιν.
681 5291 744 5344 Οἱ
786 5290 845 5343 δὲ
874 5290 1081 5345 τούτων
1114 5292 1383 5345 ἀνέθιστοι
1428 5294 1520 5345 καὶ
1565 5292 1921 5359 ἀπαίδευτοι,

338 5378 425 5432 διὰ
451 5382 688 5451 ταράχου
736 5382 955 5449 πολλοῦ,
989 5384 1084 5438 καὶ
1121 5384 1273 5455 μόλις
1333 5382 1793 5437 ἀποκαθίστανται
1841 5386 1923 5449 εἰς

348 5471 436 5532 τὰς
465 5475 896 5541 κατεπειγούσας
927 5474 1025 5545 τῆς
1048 5474 1251 5542 τάξεως
1277 5474 1486 5547 χρείας.

412 5582 501 5654 ιη’.
537 5586 870 5655 Διαμερεσας
911 5587 967 5641 δὲ
1015 5588 1077 5639 τὸ
1127 5588 1445 5659 στράτευμα
1497 5587 1630 5657 πρὸς
1656 5585 1917 5656 ἀλλήλους

341 5675 588 5747 ἀσιδήρῳ
635 5677 781 5748 μάχῃ
814 5678 1292 5743 συμδαλλέτωσαν,
1333 5680 1451 5750 ἦτοι
1501 5680 1585 5732 διά
1619 5677 1916 5747 κονταρίων

346 5766 472 5821 ἄνευ
517 5767 709 5839 ξιφῶν,
758 5771 1093 5841 ἤσαγιττῶν
1158 5774 1378 5843 ὁμοίως,
1422 5775 1478 5843 ἧ,
1534 5773 1609 5837 ὡς
1654 5771 1917 5841 εἴπομεν,

591 5868 865 5928 Parum.
903 5868 1019 5928 Gn.
1058 5867 1243 5928 CVII.

2016 3162 2286 3235 praefectis
2338 3162 2553 3218 dantur.
2610 3160 2749 3216 Cum
2803 3161 3137 3231 praecipitur,
3183 3168 3242 3215 ut
3271 3159 3592 3215 extendatur

2017 3258 2162 3313 acies
2189 3256 2304 3312 sive
2334 3255 2390 3310 in
2420 3255 2831 3326 longitudinem,
2881 3254 2998 3309 sive
3026 3254 3082 3307 in
3115 3253 3481 3317 latitudinem,
3510 3252 3594 3306 vel

2018 3358 2078 3405 ut
2128 3357 2375 3419 cogatur,
2426 3356 2480 3403 et
2509 3346 2863 3402 contrahatur
2911 3346 2965 3400 in
3013 3344 3362 3409 densitatem,
3417 3344 3499 3397 vel
3538 3353 3594 3397 ut

2020 3438 2297 3494 inclinatio
2358 3435 2451 3491 ﬁat
2495 3436 2552 3490 in
2600 3437 2867 3498 dextram,
2919 3441 3014 3487 aut
3045 3432 3325 3487 sinistram
3362 3440 3595 3502 partem,

2020 3532 2099 3587 vel
2139 3539 2199 3585 ut
2224 3530 2475 3585 ordinum
2512 3525 2885 3590 commutatio,
2908 3531 2963 3579 et
2989 3524 3269 3579 intervalla
3296 3523 3595 3579 stationum

2020 3641 2047 3678 a
2077 3624 2191 3676 viro
2230 3622 2295 3675 ad
2341 3623 2515 3674 virum
2557 3618 2709 3683 ﬂant,
2754 3617 2837 3671 vel
2871 3624 2930 3670 ut
2967 3624 3232 3686 separata:
3256 3616 3596 3687 singulorum

2021 3715 2295 3785 agminum
2351 3710 2673 3775 densitates,
2730 3710 2814 3764 vel
2867 3710 3139 3775 raritates,
3198 3709 3284 3764 vel
3335 3717 3392 3764 ut
3423 3710 3597 3764 mutui

2020 3815 2302 3866 occursus,
2334 3808 2389 3856 et
2437 3798 2820 3862 discessiones,
2856 3799 2973 3854 sive
3007 3801 3442 3865 adventantium,
3478 3800 3595 3854 sive

2021 3894 2390 3949 recedentium
2420 3892 2551 3955 sint,
2584 3898 2638 3945 et
2660 3889 3170 3957 contuberniorum,
3202 3890 3319 3944 sive
3343 3891 3605 3945 ordinum

2021 3985 2163 4040 inter
2192 4000 2252 4041 se
2280 3983 2621 4056 partitiones,
2680 3981 3076 4050 separationes,
3109 3991 3166 4037 et
3207 3981 3607 4055 instructiones‘

2021 4077 2172 4130 flant.
3312 4080 3315 4083 ’
3558 4078 3561 4081 ’

2095 4187 2181 4244 16.
2213 4187 2314 4243 Ve.
2374 4194 2435 4242 ut
2479 4186 2742 4257 phalanx,
2804 4186 2856 4241 id
2887 4192 2991 4251 est,
3030 4184 3288 4239 universa
3324 4184 3471 4239 acies
3504 4192 3594 4239 aut

2024 4278 2076 4332 in
2110 4285 2322 4332 arctum
2356 4275 2729 4338 contrahatur,
2762 4283 2857 4329 aut
2882 4275 2934 4327 in
2968 4273 3365 4343 longitudinem
3393 4274 3588 4342 produ-

2020 4378 2197 4433 catur,
2255 4366 2338 4421 vel
2399 4376 2459 4421 ut
2503 4366 2789 4431 distomos,
2842 4365 2894 4419 id
2925 4373 3029 4429 est,
3067 4378 3267 4434 anceps
3312 4366 3458 4419 acies
3484 4363 3599 4432 ﬁat,

2020 4462 2124 4517 hoc
2150 4472 2253 4524 est,
2285 4461 2505 4531 quando
2528 4459 2778 4530 οὐραγοὶ,
2819 4459 2871 4513 id
2903 4468 2986 4515 est
3014 4459 3273 4526 caudani,
3313 4471 3441 4530 post
3478 4461 3597 4514 uni-

2019 4570 2233 4609 versam
2282 4555 2455 4608 aciem
2504 4553 2757 4608 conversi
2799 4552 3064 4608 adversus
3119 4553 3325 4617 hostes,
3363 4553 3457 4623 qui
3492 4553 3598 4607 cir-

2019 4647 2353 4702 cumvallare
2395 4645 2695 4702 exercitum
2758 4655 3070 4711 conantur,
3120 4646 3276 4714 quasi
3333 4646 3598 4713 praestites

2019 4745 2282 4808 pugnant,
2329 4749 2381 4791 et
2413 4753 2442 4791 a
2474 4747 2626 4804 tergo
2683 4737 2935 4791 similiter
2987 4735 3273 4789 dimidium
3305 4732 3596 4787 contuber-

2019 4831 2170 4885 nium
2205 4830 2268 4884 atl
2300 4831 2421 4883 illos
2456 4836 2801 4891 convertunt,
2834 4827 2915 4881 vel
2941 4835 2996 4878 ut
3020 4826 3249 4879 istarum
3287 4833 3598 4880 commuta-

2026 4922 2233 4977 tionum
2267 4921 2645 4977 inclinationes
2683 4927 2737 4974 et
2777 4917 3150 4972 traductiones
3191 4917 3343 4971 tiaut.
3567 4904 3573 4909 ’

2102 5108 2188 5163 17.
2223 5106 2327 5175 Qui
2359 5108 2424 5163 ad
2451 5108 2554 5164 ista
2591 5103 2879 5161 assuefacti
2913 5110 3041 5157 sunt
3075 5100 3296 5166 milites,
3330 5101 3597 5169 celeriter,

2029 5206 2090 5253 ut
2120 5199 2192 5253 ita
2222 5199 2422 5264 dicam,
2448 5208 2498 5251 et
2522 5213 2619 5252 sua
2645 5205 2836 5265 sponte
2861 5193 2927 5247 ad
2953 5192 3124 5246 aciein
3159 5192 3299 5247 lianc
3324 5191 3597 5245 feruntur.

2026 5290 2131 5356 Qui
2158 5292 2385 5344 istarum
2440 5303 2622 5343 rerum
2659 5286 2858 5340 insueti
2908 5284 3176 5352 rudesque
3212 5293 3361 5348 sunt,
3400 5297 3598 5354 magno

2027 5398 2150 5437 cum
2174 5381 2390 5452 negotio
2422 5390 2476 5434 et
2522 5379 2770 5434 molestia
2801 5378 2869 5432 ad
2896 5376 3238 5432 imminentia
3275 5374 3515 5446 pericula
3543 5375 3596 5429 in

2026 5473 2140 5527 acie
2176 5472 2430 5527 constitui
2458 5477 2708 5542 possunt.

2094 5583 2179 5637 18.
2225 5581 2323 5638 Ubi
2378 5582 2675 5638 exercitum
2726 5580 2998 5644 diviseris,
3035 5579 3153 5634 sine
3199 5577 3393 5632 ferreis
3431 5576 3599 5630 armis

2024 5676 2163 5730 inter
2187 5691 2246 5730 se
2274 5677 2707 5740 committantur,
2742 5674 2826 5727 vel
2853 5688 2976 5728 cum
3012 5671 3183 5725 hastis
3212 5670 3329 5725 sine
3350 5667 3598 5738 cuspide,

2025 5769 2104 5824 vel
2135 5769 2346 5839 sagittis
2385 5770 2653 5837 similiter,
2706 5770 2809 5837 vel,
2842 5780 2901 5826 ut
2950 5767 3327 5839 praediximus,
3358 5778 3455 5835 pro
3486 5760 3601 5832 gla-

3126 5858 3200 5919 2'4
