4022 6438
440 382 551 448 739

1702 374 1977 436 LEONIS
2008 373 2469 436 PHILOSOPHI

3593 382 3702 448 τις)

444 494 805 572 diisutsntur
829 484 1018 555 virgis,
1070 484 1152 538 vel
1191 482 1428 537 calamos
1474 497 1572 553 pro
1609 480 1779 537 hastis
1809 483 2013 538 tradas.

2139 486 2238 537 ιντὶ
2290 485 2537 538 σπαθίων
2590 484 2851 556 βεργίοις,
2909 490 2942 561 ἢ
2985 490 3259 563 νάρθηκας
3298 532 3311 556 ,
3359 492 3704 567 ῆκαὶάμους

444 586 541 643 Sin
572 583 756 655 glebas
787 580 983 633 habeat
1026 576 1192 631 tellus
1245 575 1297 627 in
1330 588 1435 643 qua
1459 584 1806 638 exercentur,
1844 574 2016 643 conji-

446 692 569 732 cere
610 688 704 729 eas
740 669 955 740 iubebis
1005 669 1057 722 in
1103 683 1162 721 se
1190 676 1379 719 mutuo
1405 664 1545 717 inter
1576 662 2014 735 conﬂigendum:

444 767 715 822 interdum
777 760 1107 823 cliarzaniis,
1161 759 1249 813 vel
1302 758 1372 812 iis
1420 756 1694 812 similibus
1742 757 1796 813 in
1824 756 2019 827 proelio

444 865 687 913 utantur.

512 1035 597 1090 19.
640 1033 882 1087 Acclives
928 1029 1035 1083 illis
1078 1027 1242 1082 colles
1279 1034 1611 1089 monstrans,
1636 1025 1768 1095 jube
1800 1033 1854 1079 ut
1892 1039 2015 1079 cum

441 1139 605 1179 cursu
630 1119 995 1176 conscendant
1028 1134 1042 1171 :
1078 1125 1132 1170 et
1158 1116 1210 1169 in
1236 1129 1353 1176 eos,
1380 1114 1473 1183 qui
1504 1114 1615 1181 jam
1647 1112 1814 1167 colles
1854 1126 2019 1165 oceu-

440 1219 593 1282 pant,
619 1210 749 1279 jube
782 1208 920 1263 alios
956 1206 1181 1275 quosvis
1218 1204 1417 1257 milites
1470 1201 1745 1265 invadere,
1776 1201 1868 1271 qui
1898 1202 2019 1255 illos

442 1306 487 1361 si
523 1304 736 1373 possint
763 1300 1054 1369 depellant.

511 1395 603 1451 20.
633 1395 736 1451 Ubi
771 1394 969 1447 milites
1001 1392 1111 1460 jam
1139 1388 1472 1455 exercueris,
1513 1388 1637 1442 illos
1670 1386 1933 1449 dimittes,
1965 1394 2021 1439 et

442 1489 567 1544 aliis
617 1490 800 1541 trades
862 1484 1078 1537 illorum
1142 1496 1316 1543 arma,
1360 1488 1414 1533 et
1443 1489 1745 1543 manentes,
1775 1478 2018 1547 atquein

444 1582 547 1635 hac
572 1576 969 1634 exercitatione
998 1580 1219 1627 strenue
1243 1586 1302 1625 se
1346 1579 1614 1640 gerentes,
1643 1568 1974 1623 collaudabis
1998 1585 2014 1633 ;

440 1687 533 1727 eos
566 1669 659 1740 qui
686 1665 986 1722 socorditer
1000 1671 1054 1717 et
1080 1664 1388 1717 effeminate
1419 1677 1477 1716 se
1520 1672 1731 1731 gerunt,
1762 1675 2015 1723 exacues,

442 1772 497 1818 et
519 1759 784 1817 excitahis
808 1758 875 1811 ad
905 1754 1141 1809 offensas
1169 1755 1385 1809 illorum
1426 1752 1803 1822 corrigendas.

512 1942 602 1994 2|.
642 1938 756 1993 Tali
784 1937 929 1993 enim
964 1935 1235 1991 industria
1271 1949 1335 1989 ac
1365 1934 1757 1989 exercitatione
1787 1949 1893 1988 non
1929 1949 2018 1987 so-

437 2032 551 2085 lum
581 2030 647 2081 ad
676 2028 889 2081 labores
926 2025 1167 2095 paratior
1180 2033 1264 2079 est
1295 2025 1592 2085 exercitus,
1619 2037 1809 2076 verum
1845 2023 2011 2076 etiam

438 2120 724 2174 sanitatem
761 2118 956 2170 melius
1000 2123 1204 2177 tuetur,
1248 2114 1439 2167 eteibo
1484 2113 1810 2183 potioneque
1832 2112 2017 2167 suavis

437 2213 656 2274 fruitur,
683 2223 993 2279 quanquam
1028 2207 1189 2261 vrlior
1213 2221 1277 2259 ac
1314 2206 1529 2259 tenuior
1562 2204 1746 2259 fuerit.
1780 2204 1849 2259 Et
1879 2219 2020 2259 cor-

437 2318 538 2372 pus
573 2299 836 2354 valentius
864 2298 1072 2352 firmius
1099 2297 1280 2359 habet,
1310 2297 1357 2350 si
1378 2295 1693 2358 sudoribus,
1717 2295 2016 2359 caloribus,

439 2391 905 2461 api-nationibus,
972 2387 1291 2457 frigoribus,
1362 2387 1886 2457 tempestatibusque
1936 2401 2019 2442 as-

441 2484 746 2541 suefactum
773 2483 960 2539 fuerit.

488 2673 597 2730 A22.
632 2670 894 2726 Similiter
945 2668 1227 2723 exercebis
1267 2668 1500 2739 equites,
1532 2667 1600 2723 ad
1624 2667 2019 2724 decertationes

438 2766 703 2837 quasdam
755 2772 812 2818 et
860 2763 1264 2828 dimicationes,
1296 2761 1706 2827 insectationes,
1737 2760 2018 2835 conﬂicta-

437 2859 639 2920 tiones,
694 2852 1076 2918 velitationes,
1133 2860 1188 2906 et
1238 2852 1552 2919 sagittarum
1600 2851 2019 2921 jaculorumque

436 2945 795 3005 emissiones,
873 2951 928 2997 et
982 2956 1324 3011 quaecunque
1374 2942 1629 3011 deinceps
1685 2941 1781 2995 tibi
1840 2940 2017 2996 fusius

437 3049 727 3104 expotum.

2121 578 2244 632 ἀντὶ
2272 580 2573 650 κονταρίων
2602 581 2900 645 ἀναδιδούς.
2936 583 3063 637 Ἐὰν
3102 584 3157 637 δέ
3183 586 3275 638 καὶ
3306 584 3510 654 βώλους
3536 587 3634 659 ἔχῃ
3666 588 3703 662 ἡ

2120 670 2193 740 γῆ
2220 666 2324 744 ὲνῇ
2356 671 2981 742 γυμνάζονται,τούτους
3017 676 3231 746 βάλλειν
3255 675 3437 730 κέλευε
3470 680 3589 733 κατ’
3610 681 3707 735 ἀλ.

2120 762 2294 833 ληλων
2317 766 2374 815 ἐν
2400 766 2464 835 τῇ
2506 766 2780 837 γυμνασίᾳ
2834 768 2931 836 τῆς
2986 766 3281 837 συμϐολῆς,
3338 768 3478 821 Ποτέ
3521 769 3578 822 δέ
3607 771 3705 824 καὶ

2119 856 2189 909 τά
2220 856 2487 926 λεγόμενα
2514 857 2782 929 χαρξάνια
2814 859 2847 928 ἢ
2877 858 3086 922 τούτοις
3116 861 3280 930 ὅμοιά
3308 876 3428 914 τινα
3457 862 3707 933 χρήσθω-

2123 962 2223 998 σαν
2245 947 2302 999 ἐν
2335 949 2399 1016 τῇ
2431 945 2603 1019 μάχῃ.

2194 1036 2273 1091 ιθ’.
2313 1037 2502 1104 Δείξας
2558 1038 2615 1091 δέ
2647 1039 2831 1103 αὐτοῖς
2856 1043 2953 1093 καὶ
2984 1040 3201 1111 βουνοὺς
3235 1041 3471 1112 ὀρθίους,
3509 1044 3703 1097 κέλευε
3736 1066 3739 1071 ·

2122 1129 2219 1183 σὺν
2248 1130 2433 1201 δρόμῳ
2478 1130 2789 1184 ἀναϐαίνειν
2848 1131 2943 1183 καὶ
2990 1131 3433 1201 καταλαμϐάνειν
3480 1134 3701 1197 αὐτοὺς,

2120 1222 2341 1292 ἔχοντας
2394 1221 2634 1289 δηλονότι
2698 1222 2825 1282 τοὺς
2898 1220 3117 1290 βουνοὺς
3168 1222 3417 1286 ἐκείνους
3482 1223 3706 1294 ἐτέρους

2122 1314 2457 1381 στρατιώτας
2489 1311 2799 1381 ἐφεστῶτας
2836 1312 2923 1364 ἐπ’
2954 1312 3155 1365 αὐτῶν.

2189 1404 2258 1458 κ’.
2285 1406 2395 1457 Kal
2437 1407 2566 1459 ὅταν
2604 1404 2755 1467 τινάς
2807 1403 2916 1456 τῶν
2974 1404 3324 1474 στρατιωτῶν
3394 1405 3705 1478 γυμνάσῃς,

2119 1497 2281 1551 πάλιν
2322 1497 2564 1558 ἐκείνους
2586 1495 2834 1550 ἐκϐαλὼν
2882 1495 3091 1567 ἑτέροις
3138 1495 3427 1558 ἐπιδώσεις
3449 1498 3518 1549 τὰ
3546 1497 3704 1567 εἰρη.

2123 1586 2259 1657 μένα
2278 1587 2436 1640 ὅπλα.
2454 1585 2565 1639 Kal
2581 1586 2707 1647 τοὺς
2725 1586 3014 1655 μείναντας
3032 1583 3238 1654 (88-89)
3258 1584 3708 1656 άνδραγαθήσανυ

2117 1696 2217 1740 τας
2248 1680 2305 1731 ἐν
2355 1680 2421 1747 τῇ
2456 1678 2733 1747 γυμνασίᾳ
2775 1677 3109 1739 ἐπαινέσεις,
3137 1676 3265 1740 τοὺς
3311 1676 3369 1729 δέ
3397 1676 3587 1745 ἀφυῶς
3617 1677 3709 1729 ἐλς

2120 1767 2310 1832 θόντας
2341 1770 2438 1821 καὶ
2491 1767 2769 1835 ἀνάνδρως
2798 1766 3158 1838 παραθήξεις,
3203 1768 3300 1819 καὶ
3341 1768 3707 1838 παροτρυνεῖς

2124 1862 2203 1924 είς
2241 1862 2301 1913 τὸ
2324 1862 2391 1913 τὰ
2420 1860 2775 1930 ἐλαττώματα
2808 1858 2991 1913 αὐτῶν
3020 1858 3393 1930 ἀνορθωθῆναι

2177 1954 2301 2010 ’κα’.
2347 1955 2439 2008 Ἐκ
2475 1955 2582 2022 γὰρ
2610 1955 2710 2025 τῆς
2732 1953 2988 2024 τοιαύτης
3014 1954 3246 2025 μελέτης
3270 1955 3366 2009 καὶ
3397 1955 3708 2026 γυμνασίας

2123 2046 2183 2100 ού
2217 2047 2376 2116 μόνον
2432 2046 2669 2110 ἐθίζεται
2711 2046 2846 2115 πρὸς
2897 2048 3022 2107 τοὺς
3051 2046 3245 2109 πόνους
3276 2045 3339 2099 τὸ
3367 2046 3708 2117 στράτευμα,

2123 2139 2256 2193 ἀλλὰ
2281 2140 2375 2193 καὶ
2419 2138 2672 2207 ὑγιαίνει,
2711 2138 2805 2190 καὶ
2831 2139 3011 2191 πᾶσαν
3045 2137 3253 2207 τροφὴν
3300 2137 3471 2209 ἡδέως
3513 2137 3711 2203 ἐσθίει,

2124 2231 2221 2286 καὶ
2258 2231 2420 2295 πίνει,
2451 2231 2557 2284 κᾶν
2585 2230 2703 2301 λιτή
2738 2230 2909 2295 ἐστιν,
2944 2230 3085 2299 ὑπὲρ
3112 2229 3214 2291 τὰς
3242 2228 3553 2291 πολυτελεῖς
3574 2242 3714 2297 τρυ-

2126 2322 2232 2390 φάς
2260 2336 2275 2351 ·
2309 2320 2517 2390 γίνεται
2562 2320 2619 2373 δέ
2676 2319 2857 2373 αὐτῶν
2897 2320 2956 2373 τὸ
3005 2319 3165 2389 σῶμα
3220 2320 3316 2373 καὶ
3338 2318 3584 2389 στερρὸν,
3611 2317 3713 2370 καὶ

2126 2410 2463 2475 συνεθίζεται
2485 2413 2598 2473 τοῖς
2628 2409 2879 2480 μέλλουσι
2899 2409 3105 2473 πόνοις,
3141 2407 3349 2478 ἱδρῶτι,
3385 2408 3479 2461 καὶ
3504 2406 3706 2460 θάλπει

2124 2502 2220 2557 καὶ
2271 2502 2511 2573 καύματι
2562 2502 2859 2571 άσκιάστῳ,
2916 2501 3009 2554 καὶ
3061 2501 3299 2570 κρυμοῖς
3352 2500 3445 2552 καὶ
3472 2497 3710 2569 χειμῶσι

2126 2591 2642 2661 συγγυμναζόμενον
2675 2590 2807 2660 (90).

2195 2681 2298 2751 κβ’.
2340 2682 2571 2751 Ὁμοίως
2611 2682 2670 2734 δέ
2704 2680 3005 2751 γυμνάσεις
3032 2681 3274 2744 καὶτοὺς
3298 2679 3711 2750 καϐαλλαρίους

2124 2772 2330 2842 ἐρίζειν
2360 2772 2554 2835 αὐτοὺς
2606 2773 2796 2836 ποιῶν,
2831 2772 2925 2827 καὶ
2971 2772 3323 2843 ἁμιλλᾶσθαι,
3379 2774 3474 2826 καὶ
3497 2771 3710 2835 διώξεις

2126 2867 2321 2930 ποιεῖν,
2364 2864 2459 2918 καὶ
2505 2865 2845 2933 συμπλοκάς,
2891 2866 2988 2918 καὶ
3023 2863 3494 2936 ἀκροϐολισμοὺς,
3536 2864 3707 2933 ἤγουν

2122 2959 2357 3025 τοξείας,
2386 2959 2419 3030 ἢ
2448 2958 2773 3023 άκοντίσεις,
2815 2960 2910 3013 καὶ
2951 2960 3052 3015 ὅσα
3084 2959 3212 3028 ἑξῆς
3244 2975 3328 3011 σοι
3372 2957 3710 3027 πλατύτερον

2123 3050 2369 3122 δηλώσω.

505 3127 593 3180 23.
633 3124 758 3177 llaec
783 3121 984 3183 faciant
1030 3124 1084 3177 in
1129 3124 1262 3179 locis
1291 3123 1467 3193 planis
1504 3133 1558 3178 et
1597 3123 2014 3192 campestribus,

2177 3121 2303 3211 κγ’.
2333 3142 2523 3197 Ταῦτα
2542 3142 2599 3195 δέ
2634 3145 2807 3197 ποιεῖν
2828 3143 2923 3196 καὶ
2956 3144 3014 3196 ἐν
3059 3142 3337 3205 ἐπιπέδοις
3367 3141 3577 3207 τόποις,
3616 3141 3714 3195 καὶ

438 3227 493 3271 et
524 3217 587 3269 ad
628 3216 895 3269 montiqu
947 3215 1130 3284 pedes,
1179 3223 1235 3267 et
1289 3213 1356 3267 ad
1406 3227 1599 3282 aspera
1638 3227 1854 3283 quoque
1901 3212 2018 3267 loca

2139 3235 2258 3305 περὶ
2308 3234 2477 3296 αὐτάς
2519 3233 2618 3297 τὰς
2650 3234 2806 3305 ῥίζας
2854 3234 2962 3287 τῶν
3009 3232 3213 3302 βουνῶν
3236 3233 3322 3300 ἐφ’
3343 3233 3467 3286 ὅσον
3487 3232 3713 3287 δυνατόν

437 3318 702 3378 quantum
744 3315 976 3375 possunt
1006 3304 1289 3359 accedant.

466 3400 555 3454 24.
591 3398 709 3451 Non
744 3398 901 3451 modo
938 3396 1093 3461 mihi,
1139 3410 1325 3450 verum
1380 3394 1544 3448 etiam
1578 3393 1875 3464 majoribus
1923 3409 2022 3450 no-

438 3494 565 3548 stris
617 3493 792 3547 visum
843 3499 926 3545 est
975 3488 1443 3559 pernecessarium
1488 3502 1632 3550 esse,
1693 3495 1755 3540 ut
1812 3502 1936 3541 cum
1963 3486 2019 3541 in

436 3582 833 3652 campestribus
888 3591 941 3637 et
997 3580 1173 3651 planis
1201 3582 1333 3634 locis
1368 3580 1434 3633 ad
1464 3594 1688 3635 cursum
1728 3594 2020 3635 exercean-

437 3687 528 3730 tur
558 3677 710 3744 equi,
763 3684 872 3728 tum
908 3674 1071 3728 etiam
1104 3674 1161 3727 in
1187 3674 1349 3729 editis
1383 3685 1437 3729 et
1467 3675 1755 3730 condensis
1788 3684 1841 3729 et
1864 3689 2021 3745 aspe-

438 3771 516 3827 ris
575 3770 730 3832 locis,
782 3776 841 3822 ut
896 3765 1011 3821 haec
1072 3766 1191 3821 loca
1242 3766 1458 3836 agmine
1516 3766 1664 3821 facto
1716 3774 2019 3830 transeant,

435 3874 600 3932 atque
626 3860 787 3915 etiam
831 3857 901 3913 ad
943 3858 1173 3913 declivia
1212 3858 1463 3913 similiter
1496 3872 1555 3913 se
1592 3866 1920 3928 praparent.
1960 3855 2020 3912 Si

435 3958 581 4009 enim
631 3952 699 4006 ad
747 3950 893 4005 hunc
950 3950 1175 4005 modum
1236 3948 1529 4005 assuefacti
1576 3948 1806 4015 fuerint,
1840 3964 2019 4020 neque

437 4046 684 4101 homines
724 4059 898 4114 neque
926 4058 1097 4113 equos
1150 4041 1293 4096 ullus
1348 4042 1432 4096 vel
1461 4040 1695 4097 offendet
1729 4042 1812 4097 vel
1840 4041 2019 4097 ludet.

503 4134 593 4188 25.
623 4132 836 4188 Estate
858 4149 926 4187 ne
949 4147 1150 4203 equum
1184 4132 1250 4185 ad
1272 4132 1464 4185 crebro
1498 4130 1794 4186 bibendum
1824 4145 2020 4186 assue-

438 4226 628 4281 facias.
679 4223 795 4290 Qua
856 4225 924 4278 de
978 4238 1144 4278 causa
1175 4223 1359 4278 minus
1390 4222 1518 4278 utile
1552 4232 1637 4278 est
1678 4232 1897 4294 propter
1920 4222 2020 4276 flu-

437 4319 583 4371 vium
612 4326 791 4370 castra
820 4330 1042 4386 ponere.

508 4408 597 4462 26.
632 4409 815 4462 Aciem
866 4407 1060 4461 horum
1115 4407 1360 4463 instruas
1415 4409 1469 4462 in
1521 4407 1734 4479 asperis
1778 4417 1832 4462 ct
1880 4408 2020 4463 aviis

2129 3329 2274 3381 ἐστιν
2307 3326 2526 3388 αὐτοὺς,
2561 3327 2655 3378 καὶ
2678 3326 2924 3396 τραχέων
2954 3326 3195 3395 ἐγγίζειν
3221 3325 3423 3380 τόπων.

2197 3411 2297 3466 κδ’.
2327 3412 2439 3466 Kal
2474 3413 2633 3467 τοῦτο
2684 3415 2785 3485 μέν
2830 3417 2943 3477 τοῖς
2984 3416 3238 3479 παλαιοῖς
3268 3415 3469 3479 ἔδοξεν,
3497 3415 3623 3485 ἐμοὶ
3653 3415 3715 3469 δέ

2127 3506 2274 3560 δοκεῖ
2331 3504 2406 3576 μὴ
2466 3506 2626 3575 μόνον
2678 3509 2759 3571 είς
2796 3508 3031 3579 δρόμους
3055 3510 3114 3561 ἐν
3146 3512 3257 3572 τοῖς
3282 3507 3503 3578 ὁμαλοῖς
3526 3508 3715 3571 τόποις

2128 3592 2400 3657 ἐθίζεσθαι
2421 3595 2546 3656 τοὺς
2595 3594 2794 3659 ἵππους
2813 3598 3112 3664 ἀναγκαῖον
3138 3592 3302 3661 εἶναι,
3325 3597 3483 3650 ,ἀλλὰ
3517 3597 3611 3651 καὶ
3634 3599 3716 3660 είς

2129 3681 2366 3753 ὑψηλοὺς
2427 3683 2520 3736 καὶ
2553 3683 2735 3748 δασεῖς
2792 3686 2887 3739 καὶ
2924 3688 3168 3757 τραχεῖς,
3207 3685 3348 3739 ὥστε
3384 3687 3482 3739 σὺν
3522 3685 3716 3756 ἐλασίᾳ.

2126 3771 2348 3835 τούτους
2409 3771 2725 3827 διαϐαίνειν.
2770 3773 3003 3845 ὐμοίως
3035 3774 3090 3828 δέ
3124 3776 3219 3829 καὶ
3264 3778 3346 3838 είς
3377 3776 3501 3839 τοὺς
3531 3792 3715 3829 κατω-

2129 3865 2334 3933 φερεῖς.
2367 3861 2495 3917 Ἐὰν
2533 3864 2639 3935 γάρ
2684 3867 2765 3929 είς
2815 3869 2937 3930 τοὺς
2986 3866 3260 3931 τοιούτους
3290 3866 3581 3931 ἐθίζονται,
3611 3869 3714 3921 οὐκ

2128 3954 2208 4009 ἔτι
2230 3954 2351 4008 οὐδὲ
2369 3958 2494 4019 τοὺς
2525 3956 2723 4028 ἄνδρας
2759 3958 2881 4012 οὐδὲ
2910 3960 3036 4023 τοὺς
3073 3959 3272 4023 ἵππους
3312 3957 3507 4024 ξενίζει
3550 3960 3716 4024 τόπος

2127 4045 2161 4116 ἢ
2196 4045 2390 4102 ἀδικεῖ.

2194 4142 2291 4188 κε’.
2333 4135 2494 4189 Ἀλλὰ
2520 4136 2613 4190 καὶ
2637 4139 2696 4191 ἐν
2718 4137 2793 4210 τῷ
2836 4140 3016 4211 καιρῷ
3046 4139 3140 4193 τοῦ
3173 4140 3367 4214 θέρους
3411 4142 3488 4213 μὴ
3517 4143 3715 4211 ἐπιτη-

2126 4225 2299 4281 δεύειν
2328 4229 2546 4293 πυκνῶς
2569 4230 2693 4293 τοὺς
2720 4230 2919 4294 ἵππους
2960 4229 3219 4297 ποτίζειν.
3256 4231 3348 4285 Διδ
3371 4232 3493 4286 οὐδέ
3522 4218 3753 4303 χρήσι-ξ

2130 4312 2229 4381 μόν
2258 4313 2373 4366 ἐστι
2390 4312 2615 4383 πλησίον
2645 4316 2906 4384 ποταμῶν
2933 4315 3264 4386 ἁπληκεύειν
3295 4316 3407 4387 (91)

2197 4401 2310 4468 κς¹.
2344 4406 2451 4458 Kal
2492 4408 3019 4476 παρατάσσεσθαιδέ
3041 4410 3119 4472 είς
3145 4410 3272 4472 τοὺς
3305 4410 3589 4481 δυσχερεῖς
3618 4412 3717 4465 καὶ

442 4502 596 4565 locis,
650 4508 703 4554 et
743 4501 1024 4554 cohortem
1064 4500 1238 4568 ipsam
1275 4499 1562 4569 permittas
1602 4500 1673 4554 ita
1715 4499 1790 4554 uti
1827 4509 1911 4553 est
1937 4498 2018 4553 in-

2139 4495 2424 4561 δυσϐάτους
2478 4498 2697 4564 τόπους,
2740 4499 2835 4553 καὶ
2887 4502 3205 4571 ἐπιτρέπειν
3252 4502 3326 4565 ὥς
3352 4504 3470 4555 ἐστι
3497 4502 3559 4555 τὸ
3584 4502 3717 4572 βάν-

436 4603 663 4658 structa,
721 4594 939 4664 agmine
995 4592 1137 4647 facto
1186 4607 1250 4647 ea
1286 4593 1403 4647 loca
1444 4592 1810 4649 conscendere
1858 4605 2022 4662 atque

436 4686 629 4740 iterum
666 4684 1014 4740 descendere.

505 4776 595 4829 27.
635 4775 958 4845 Quicunque
986 4776 1103 4832 suis
1134 4778 1288 4847 equis
1324 4788 1608 4845 parcentes
1655 4775 1722 4830 iis
1753 4775 2020 4830 exercita-

440 4867 677 4920 tionibus
735 4866 1032 4933 abstinent,
1084 4868 1137 4921 Iii
1200 4872 1467 4936 quantum
1522 4866 1577 4919 in
1637 4880 1696 4919 se
1750 4874 1834 4919 est
1860 4878 2021 4917 suam

435 4959 679 5027 ipsorum
717 4958 943 5013 salutem
973 4960 1228 5028 produnt.

507 5051 597 5107 28.
636 5052 901 5121 Deinceps
936 5068 1033 5122 par
1061 5060 1165 5117 est,
1187 5065 1503 5120 quanquam
1526 5048 1857 5113 verecunde,
1885 5063 2021 5117 pau-

438 5142 517 5198 cis
554 5155 733 5197 tamen
769 5152 1011 5197 veterum
1050 5150 1232 5196 motus
1276 5141 1497 5195 bellicos
1527 5150 1581 5194 et
1622 5147 1888 5208 przecepta
1920 5152 2017 5192 ex-

436 5237 688 5302 planare,
734 5243 794 5288 ut
834 5234 888 5287 in
929 5233 1036 5287 illis
1074 5247 1295 5303 quoque
1330 5246 1589 5286 exerceas
1622 5238 1765 5297 tuos,
1806 5238 1860 5284 et
1893 5229 2016 5283 illos

439 5338 548 5383 tum
575 5328 718 5382 dicto
751 5335 864 5380 tum
897 5324 1039 5379 facto
1072 5324 1139 5379 ad
1170 5339 1281 5378 rem
1311 5323 1448 5379 bene
1478 5322 1791 5393 gerendam,
1815 5329 1868 5376 et
1899 5337 2011 5376 rem

437 5418 730 5472 militarem
761 5416 1199 5486 cognoscendam
1232 5416 1454 5471 excites.
1491 5413 1624 5468 Nam
1657 5422 2012 5484 posteaquam

2128 4587 2237 4653 δον,
2308 4589 2491 4653 καθὼς
2550 4590 2747 4659 φθάσει
2795 4593 2823 4644 ό
2878 4592 3043 4654 τόπος
3105 4592 3323 4662 ἑκάστῳ
3379 4594 3477 4646 σὺν
3522 4592 3717 4664 ἐλασίᾳ

2130 4680 2456 4752 ἀνέρχεσθαι
2485 4684 2686 4752 ὁμοίως
2724 4683 2780 4735 δέ
2808 4684 2902 4735 καὶ
2933 4683 3322 4753 κατέρχεσθαι.

2201 4773 2305 4836 κζ’.
2336 4773 2488 4827 Ὅσοι
2538 4774 2716 4827 τοίνυν
2759 4774 3063 4844 φειδόμενοι
3114 4775 3223 4829 τῶν
3291 4776 3475 4828 ἵππων
3534 4774 3717 4829 αὐτῶν

2133 4862 2521 4935 περιφρονοῦσι
2563 4862 2664 4933 τῆς
2700 4863 2955 4935 τοιαύτης
2986 4864 3166 4919 αὐτῶν
3206 4866 3540 4935 γυμνασίας,
3585 4864 3717 4916 ἐαυ-

2133 4955 2245 5016 τοῖς
2271 4952 2709 5008 ἐπιϐουλεύουσι.

2203 5043 2307 5115 κη’.
2338 5045 2461 5098 Ἐπὶ
2484 5045 2695 5112 τούτοις
2724 5047 2843 5101 δέον
2875 5049 3045 5114 ἐστὶν,
3070 5044 3119 5102 εί
3146 5045 3241 5103 καὶ
3274 5048 3536 5120 μετρίως,
3564 5047 3717 5118 ὅμως

2131 5137 2226 5191 καὶ
2282 5140 2339 5190 ἐν
2394 5138 2596 5207 ὀλίγοις
2657 5140 2985 5208 ὑποδείξεσι,
3032 5143 3215 5207 καθὼς
3254 5140 3710 5215 προῦπεθέμεθα,

2129 5228 2463 5299 πλατύτερον
2504 5230 2603 5293 τάς
2628 5231 2736 5283 τῶν
2764 5232 3008 5302 ἀρχαίων
3052 5235 3295 5305 κινήσεις
3324 5232 3418 5286 καὶ
3461 5232 3529 5284 τὰ
3557 5232 3715 5298 λεγόι

2126 5328 2265 5387 μενα
2314 5319 2768 5390 παραγγέλματα,
2802 5323 2889 5376 ἶνα
2939 5324 3329 5396 προγυμνάζῃς
3378 5324 3473 5375 καὶ
3514 5323 3570 5375 ἐν
3592 5322 3718 5375 τού-

2120 5427 2231 5478 τοις
2284 5414 2344 5468 τὸ
2375 5416 2709 5487 στράτευμα,
2742 5420 2837 5473 καὶ
2897 5418 3173 5490 διεγείρῃς
3217 5417 3414 5479 αὐτοὺς
3474 5418 3569 5470 καὶ
3626 5415 3716 5469 διὰ

1941 5543 2153 5599 ΝΟΤᾸΕ

505 5640 717 5711 (88-89)
754 5640 880 5711 Kal
914 5640 1057 5707 τοὺς
1105 5642 1447 5711 μείναντας.
1498 5640 1853 5697 Scribebatur
1876 5682 1889 5709 ,
1920 5638 2017 5693 καὶ

436 5710 557 5766 τοὺς
598 5708 697 5778 μὲν
722 5708 937 5770 αὐτούς.

2212 5635 2323 5705 (90)
2370 5639 2954 5709 Συγγυμναζόμενον.
2988 5640 3341 5697 Scribebatnr
3364 5683 3379 5710 ,
3438 5641 3717 5713 γυμναζό-

2140 5722 2739 5844 Ἀπληκεύειν.
2771 5779 3145 5849 Scribebatur,
3174 5782 3550 5839 ἀποκελεύειν.
