4022 6428
304 352 399 419 741

1387 366 1723 428 TACTICA.
1761 388 1833 401 -
1862 363 2367 429 CONSTITUTIO
2411 367 2543 430 VII.

3441 368 3545 431 742

303 472 475 540 λόγων
503 469 601 527 καὶ
637 469 705 525 δι’
740 468 917 542 ἔργων
946 472 1083 543 πρὸς
1124 473 1223 539 τὰς
1258 474 1563 545 πολεμικὰς
1607 474 1880 545 μεθόδους.

2004 484 2433 542 mumqucmque
2466 470 2694 529 militem
2730 482 2844 531 tum
2887 476 3146 547 equitem,
3172 483 3288 531 tum
3325 476 3562 546 peditem

302 564 459 618 Μετὰ
494 564 609 634 γὰρ
649 562 749 635 τὴν
780 564 1089 635 γυμνασίαν
1137 564 1232 619 τοῦ
1278 565 1398 620 καθ’
1426 566 1525 620 ἕνα
1551 565 1882 636 στρατιώτου

302 655 471 720 πεζοῦ
524 657 618 710 καὶ
669 656 1037 728 καόαλλαρίου
1095 657 1178 711 δεῖ
1229 674 1288 711 σε
1316 658 1409 712 καὶ
1437 658 1667 713 ἕκαστον
1695 658 1884 730 τάγμα

300 746 420 817 ἦτοι
451 744 638 815 βάνδον
664 745 960 815 γυμνάζειν
994 746 1105 817 (92)
1134 747 1258 801 καθ’
1288 748 1448 801 ἑαυτὸ
1480 747 1653 812 οὕτως
1690 764 1704 779 ·

374 833 480 890 κθ’.
513 835 623 889 Τοῦ
678 835 869 905 βάνδου
907 836 1016 890 τῶν
1079 836 1458 910 καόαλλαρίων
1503 839 1613 893 ἀπὸ
1659 837 1767 893 τῶν
1793 838 1884 893 λε-

302 928 549 998 γομένων
583 926 753 982 ἀκιῶν
794 928 912 997 ἦτοι
966 929 1189 1000 ὁρδίνων
1230 930 1558 994 συνεστῶτος
1602 932 1696 985 καὶ
1757 950 1883 986 συν-

299 1020 648 1091 τεταγμένως
698 1021 990 1091 ἱσταμένου
1028 1022 1399 1093 παραγγέλλει
1434 1024 1464 1077 ὁ
1503 1023 1794 1096 μανδάτωρ
1816 1025 1887 1080 τὰ

306 1112 782 1183 προστεταγμένα,
816 1110 926 1166 οἷον
953 1130 969 1146 ι

374 1204 440 1257 λ’.
468 1204 636 1258 Ὅταν
696 1204 730 1272 ἡ
802 1202 1046 1275 συμϐολὴ
1119 1204 1366 1275 γένηται,
1405 1206 1592 1277 μηδεὶς
1672 1206 1883 1278 ἀφήσῃ,

307 1294 499 1365 μηδεὶς
570 1294 845 1365 προλάὸῃ,
900 1294 1006 1360 ἕως
1052 1295 1119 1350 ἂν
1168 1295 1362 1369 διώξῃς
1380 1297 1472 1351 τὸν
1502 1298 1711 1368 ἐχθρόν.
1761 1298 1888 1351 Ἐὰν

301 1383 470 1454 ὶκὸῇς
493 1384 600 1438 άπὸ
637 1386 735 1454 τῆς
764 1385 858 1439 τοῦ
891 1385 1141 1456 μετώπου
1172 1386 1347 1457 ὅψεως
1370 1427 1388 1454 ,
1449 1388 1613 1459 βλέπε
1660 1390 1720 1442 τὸ
1759 1388 1889 1460 βάν-

300 1476 414 1541 δον,
442 1475 606 1529 δίωκε
653 1474 728 1547 μὴ
752 1476 828 1540 ὡς
853 1475 1188 1549 στρατιώτης
1219 1478 1411 1545 δειλὸς,
1440 1480 1554 1533 ἀλλ’
1601 1480 1677 1545 ὡς
1728 1498 1890 1554 στρα-

299 1567 505 1639 τιώτης
550 1568 794 1639 ἀνδρεῖος
816 1608 831 1631 ,
898 1568 995 1623 καὶ
1050 1568 1125 1639 μὴ
1177 1571 1318 1624 κατὰ
1370 1571 1715 1641 παράκλησιν
1769 1572 1888 1642 (95)

301 1659 492 1732 ἐάσῃς,
530 1661 667 1730 μήτε
700 1660 844 1730 ἄλλῳ
873 1659 1081 1731 τρόπῳ·
1112 1660 1371 1729 φύλαττε,
1413 1661 1739 1731 στρατιῶται,
1791 1663 1890 1733 τὴν

300 1751 457 1817 τάξιν
485 1765 600 1803 σου⁶
627 1750 861 1820 φύλαττε
889 1751 981 1804 καὶ¹
1006 1751 1091 1816 σὺ,
1129 1751 1443 1823 βανδοφόρε,
1487 1753 1616 1807 ὅταν
1642 1770 1888 1808 καταπο-

308 1843 579 1914 λεμήσῃς,
645 1843 731 1896 ἵνα
768 1842 1063 1914 ἀκολουθῇς
1128 1842 1206 1913 τῷ
1270 1843 1469 1915 ἐχθρῷ.
1502 1845 1565 1898 Et
1620 1845 1675 1898 δὲ
1716 1846 1883 1917 ὲκόῇς

301 1935 406 2004 τὴν
480 1934 605 2004 ὄψιν
672 1935 770 2006 τῆς
815 1935 1174 2007 παραταγῆς.
1245 1935 1322 2007 μὴ
1383 1936 1585 2008 ἐλάσῃς
1649 1937 1886 2008 ἰσχυρῶς

300 2025 366 2078 ὲν
410 2024 487 2096 τῷ
536 2025 780 2098 κάμπῳ,
832 2026 919 2081 ἵνα
982 2026 1061 2097 μὴ
1111 2027 1414 2100 σκορπίσῃς
1475 2027 1588 2099 (94)
1641 2027 1738 2099 τὴν
1786 2029 1886 2099 σὴν

301 2117 480 2183 τάξιν.
574 2162 577 2165 μ

378 2210 479 2264 λα’.
520 2210 585 2264 Ἦ
614 2212 671 2264 δὲ
700 2210 823 2265 καθ’
859 2211 1058 2283 ἑαυτὴν
1101 2212 1197 2266 τοῦ
1227 2213 1504 2284 τάγματος
1538 2212 1650 2285 (95)
1675 2229 1886 2284 γυμνα-

306 2302 403 2356 σία
430 2302 540 2357 τῶν
568 2303 948 2375 καόαλλαρίων
987 2304 1150 2376 αὕτη,
1196 2305 1338 2360 ὥστε
1366 2308 1541 2359 κινεῖν
1585 2322 1885 2375 συντεταγ-

308 2392 488 2463 μιένως
532 2393 607 2458 ὡς
646 2395 706 2447 έν
758 2398 1077 2467 παραταγῇ,
1116 2396 1150 2468 ἢ
1179 2398 1319 2466 μετὰ
1347 2396 1549 2468 δρόμου
1578 2396 1671 2450 ὲπί
1712 2415 1764 2451 τι
1792 2414 1889 2467 ση-

307 2484 483 2552 μεῖον,
526 2483 622 2537 καὶ
664 2483 837 2548 οὕτως
867 2484 1140 2541 ἵστασθαι.
1170 2486 1281 2539 Καὶ
1313 2485 1443 2540 ὅταν
1477 2486 1606 2558 θέλῃ
1640 2486 1884 2557 κινῆσαι,

306 2574 597 2645 σημαίνειν
653 2575 774 2630 δέον
824 2576 961 2650 μόνῃ
1011 2578 1077 2648 τῇ
1121 2580 1297 2648 φωνῇ,
1352 2578 1386 2649 ἢ
1434 2578 1513 2648 τῷ
1541 2579 1814 2649 βουκίνῳ,
1850 2580 1885 2650 ἢ

305 2665 535 2735 νεύματι
562 2666 897 2738 φλαμούλου,
930 2669 1027 2723 καὶ
1054 2665 1228 2733 οὕτως
1253 2672 1445 2723 κινεῖν.
1466 2671 1640 2725 Ὅταν
1665 2671 1721 2724 δὲ
1754 2670 1885 2743 θέλῃ

306 2758 525 2828 στῆναι,
592 2759 877 2831 σημαίνειν
916 2763 985 2831 τῇ
1034 2764 1207 2832 φωνῇ,
1243 2761 1277 2832 ἢ
1312 2760 1393 2830 τῷ
1433 2762 1554 2832 ῆχῳ
1585 2761 1682 2815 τοῦ
1727 2779 1889 2817 σκου-

303 2851 521 2921 ταρίου,
556 2851 590 2922 ἢ
625 2855 691 2924 τῇ
745 2852 932 2925 τούῦᾳ,
961 2854 1029 2924 ἢν
1062 2851 1157 2908 νῦν
1180 2852 1399 2922 λέγουσι
1433 2852 1701 2923 βούκινον,
1752 2855 1787 2924 ἢ
1821 2857 1886 2924 τῇ

301 2943 565 3015 ταυραίᾳ·
605 2944 700 2997 καὶ
724 2943 864 3014 αὕτη
897 2943 997 3015 μία
1028 2944 1259 3015 κίνησις.

324 3094 329 3095 ν
380 3028 479 3099 λβ’.
526 3030 718 3103 Ἑτέρα
758 3032 835 3099 δὲ,
867 3032 1011 3086 ὥστε
1050 3032 1141 3087 ῐσα
1178 3032 1505 3105 περιπατεῖν
1551 3034 1612 3086 ἐν
1641 3034 1891 3104 ἀραιοτέ-

307 3137 427 3191 ροις
455 3121 669 3192 πρῶτον
698 3122 1048 3195 διαστήμασι,
1083 3124 1177 3178 καὶ
1220 3123 1612 3194 παραγγέλλει’
1659 3125 1750 3190 Ἐξ
1776 3124 1891 3179 ῐσου
1920 3147 1965 3205 ρ

306 3217 687 3284 περιπατεῖτε.

344 3304 484 3373 ,ολγ’.
537 3308 727 3380 Ἑτέρα
776 3309 854 3376 δὲ,
908 3310 1048 3366 ὥστε
1100 3314 1427 3383 σφίγγεσθαι
1450 3315 1591 3369 κατὰ
1625 3312 1894 3383 πλευράν,

310 3395 551 3466 μάλιστα
592 3399 935 3469 πρεπόντως.
1009 3402 1244 3473 Ὁμοίως
1294 3405 1352 3458 δὲ
1401 3403 1728 3474 σφίγγεσθαι
1776 3400 1898 3457 κατ’

307 3486 499 3557 οὐράν.
539 3489 611 3542 Τὸ
662 3490 721 3543 δὲ
760 3492 1082 3560 σφίγγεσθαί
1133 3495 1280 3547 ἐστιν
1318 3494 1379 3548 τὸ
1410 3495 1770 3560 πυκνοῦσθαι,
1802 3495 1890 3549 ἵνα

311 3580 406 3634 καὶ
430 3580 571 3633 κατὰ
602 3581 842 3653 πλευρὰς
874 3584 971 3638 καὶ
995 3584 1137 3638 κατὰ
1158 3579 1311 3655 ὦμον
1337 3586 1586 3657 ἀλλήλοις
1615 3587 1898 3655 ὲγγίζωσι.

308 3673 692 3743 Παραγγέλλει
734 3674 791 3728 δὲ
823 3716 837 3740 ,
885 3677 1045 3731 Κατὰ
1092 3676 1332 3749 πλευράν
1393 3679 1610 3749 σφίγγε,
1654 3678 1902 3733 τουτέστι

307 3768 574 3838 δεκάρχαι
618 3769 756 3840 πρὸς
806 3769 1100 3841 δεκάρχας,
1160 3772 1462 3842 πεντάρχαι
1505 3772 1640 3843 πρὸς
1670 3772 1902 3843 πεντάρ-

310 3877 438 3930 χας,
493 3862 791 3932 τετράρχαι
835 3862 972 3932 πρὸς
1014 3864 1347 3936 τετράρχας.
1408 3866 1520 3919 Καὶ
1560 3865 1902 3934 σφίγγωνται

310 3951 539 4015 πάντες,
568 3953 907 4025 ὠςηείρηται,
932 3954 1142 4027 πλευρὰ
1186 3955 1324 4028 πρὸς
1364 3956 1604 4027 πλευρὰν
1656 3956 1903 4024 ἐγγίζονη

309 4056 428 4104 τες·
484 4042 601 4096 Οὐκ
656 4043 903 4108 ἐπιθενὸς
975 4044 1034 4111 δὲ
1101 4045 1301 4116 μέρους
1358 4047 1675 4116 σφίγγονται
1699 4088 1714 4113 ,
1786 4046 1901 4100 ἀλλ’

1986 563 2215 618 seorsim
2237 562 2570 627 exercueris,
2610 579 3057 639 unamquamque
3084 567 3245 623 etiam
3280 568 3562 625 cohortem

1986 653 2102 709 sive
2124 652 2363 708 bandum
2385 653 2680 724 separatim
2702 656 2867 712 etiam
2890 658 2959 714 ad
2990 659 3134 715 hunc
3159 658 3385 715 modum
3407 674 3565 716 exer-

1990 743 2140 799 cebis
2172 762 2186 798 :

2056 836 2148 905 29.
2174 836 2415 894 Cohorte
2444 840 2693 910 equitum
2717 856 2781 896 ex
2806 840 3095 898 ordinibus
3121 842 3238 898 sive
3265 844 3563 899 contuber-

1987 927 2094 983 niis
2120 927 2383 998 disposite
2409 939 2463 986 et
2491 932 2740 989 ordinate
2772 933 3093 996 constituta,
3124 934 3376 991 narrabit
3406 951 3565 991 man.

1986 1018 2144 1076 dator
2169 1021 2437 1092 imperata
2461 1023 2568 1079 illis
2598 1023 2667 1080 ad
2698 1025 2845 1079 hunc
2869 1024 3089 1080 modum
3130 1039 3146 1079 :

2052 1190 2143 1246 50.
2172 1189 2276 1247 Ubi
2308 1192 2641 1248 conﬂictatio
2683 1202 2801 1260 εει,
2838 1193 3023 1262 nullus
3063 1196 3345 1266 anticipet,
3380 1198 3568 1255 nullus

1988 1281 2190 1347 tradat,
2211 1282 2384 1337 donec
2410 1283 2596 1339 hostes
2620 1292 2744 1339 tuos
2764 1286 3136 1355 persequaris.
3172 1286 3230 1341 Si
3251 1297 3404 1343 extra
3429 1305 3567 1345 con-

1988 1380 2234 1443 spectum
2265 1372 2460 1428 frontis
2498 1375 2773 1430 exercitus
2806 1375 2997 1441 iveris,
3027 1375 3238 1433 intuere
3276 1377 3332 1432 in
3368 1379 3570 1434 cohor-

1990 1471 2125 1530 tem,
2152 1477 2502 1534 persequere,
2538 1481 2646 1520 non
2675 1467 2835 1536 quasi
2864 1467 3116 1537 ignavus,
3155 1468 3249 1523 sed
3279 1470 3435 1538 quasi
3461 1470 3573 1527 for-

1990 1552 2062 1609 tis
2087 1554 2268 1618 miles,
2294 1569 2472 1625 neque
2501 1555 2665 1611 ullius
2694 1556 3093 1612 exhortationis
3115 1558 3312 1628 gratia,
3341 1568 3438 1614 aut
3464 1559 3573 1616 ulla

1990 1645 2098 1701 alia
2117 1646 2184 1701 de
2206 1661 2373 1701 causa
2395 1661 2596 1703 cesses.
2621 1647 2870 1712 Custodi,
2896 1647 3073 1713 miles,
3090 1648 3379 1704 stationem
3397 1660 3572 1705 tuam.

1990 1734 2230 1793 Observa
2257 1746 2337 1803 tu,
2372 1736 2618 1806 signifer,
2656 1738 2747 1792 ubi
2790 1738 3006 1792 hostem
3046 1741 3476 1808 expugnaveris,
3515 1749 3574 1795 ut

1990 1842 2115 1884 eum
2142 1828 2511 1898 persequaris.
2540 1828 2595 1883 Si
2629 1836 2785 1884 extra
2817 1836 3171 1898 conspectum
3197 1828 3338 1884 aciei
3368 1828 3572 1885 disces-

1992 1920 2151 1987 seris,
2180 1934 2249 1975 ne
2270 1921 2620 1977 vehementer
2646 1919 2702 1976 in
2728 1934 2924 1992 campo
2954 1933 3168 1987 curras,
3202 1928 3263 1975 ut
3294 1933 3365 1977 ne
3393 1920 3572 1977 aciem

1992 2025 2144 2071 tuam
2178 2014 2432 2085 dissipes.

2061 2209 2149 2267 51.
2184 2209 2441 2267 Cohortis
2466 2210 2712 2278 equitum
2744 2206 3068 2263 exercitatio
3094 2220 3193 2276 per
3221 2221 3281 2262 se
3309 2207 3434 2263 talis
3467 2217 3574 2275 est,

1992 2310 2053 2357 ut
2078 2300 2329 2358 ordinate
2367 2316 2427 2357 se
2457 2300 2614 2371 quasi
2654 2300 2708 2353 in
2742 2299 2861 2355 acie
2898 2308 3151 2368 moveat,
3194 2301 3280 2356 vel
3310 2315 3475 2356 cursu
3505 2301 3574 2355 ad

1994 2388 2212 2459 aliquod
2264 2389 2478 2460 signum
2530 2390 2853 2457 contendat,
2909 2399 2963 2445 et
3020 2392 3093 2447 ibi
3151 2392 3466 2449 consistat:
3521 2399 3577 2446 et

1994 2481 2213 2551 quando
2242 2481 2388 2537 ciere
2417 2481 2699 2537 cohortem
2740 2483 2843 2548 vis,
2879 2497 3036 2550 voce,
3070 2485 3157 2538 vel
3200 2483 3452 2544 buccina,
3490 2482 3576 2535 vel

1996 2581 2130 2628 nutu
2159 2572 2365 2628 ﬂamuli
2389 2573 2702 2643 signiﬁcare
2721 2582 2954 2644 oportet,
2980 2584 3035 2630 et
3054 2577 3134 2631 sic
3156 2576 3317 2630 cicto.
3345 2574 3580 2641 Quando

1996 2674 2180 2719 autem
2206 2679 2302 2720 eos
2337 2665 2641 2721 consistere
2677 2666 2791 2732 vis,
2822 2667 2907 2721 vel
2940 2681 3076 2721 voce
3107 2668 3214 2723 illis
3243 2667 3578 2736 significato,

1998 2756 2093 2811 Sta
2124 2774 2138 2811 :
2175 2757 2260 2812 vel
2295 2757 2437 2812 scuti
2473 2757 2730 2825 stridore,
2767 2757 2850 2813 vel
2892 2766 3116 2813 tauraza.
3163 2758 3229 2813 Et
3257 2760 3363 2814 hoc
3405 2772 3577 2812 unum

1997 2848 2249 2904 movendi
2280 2862 2453 2918 genus
2484 2858 2591 2903 est.

2067 3026 2159 3082 '52.
2191 3025 2351 3081 Aliud
2381 3026 2635 3082 movendi
2663 3043 2835 3098 genus
2866 3036 2969 3092 est,
2996 3038 3058 3083 ut
3088 3029 3428 3100 aequabiliter
3451 3044 3578 3100 pro-

1998 3119 2224 3186 cedant,
2266 3118 2391 3174 laxo
2434 3119 2675 3189 quodam
2717 3119 2977 3189 disiuncti
3022 3120 3341 3187 intervallo,
3372 3131 3428 3178 et
3464 3131 3579 3177 tum

1998 3210 2234 3282 praecipe
2266 3210 2352 3265 bis
2384 3211 2607 3265 verbis:
2641 3208 3009 3280 Equabiliter
3034 3212 3329 3281 procedite.

2070 3303 2159 3358 55.
2201 3302 2360 3357 Aliud
2390 3316 2561 3371 genus
2596 3310 2716 3366 est,
2759 3310 2820 3356 ut
2848 3303 2914 3357 ad
2955 3303 3097 3358 latus
3126 3303 3322 3357 idonee
3346 3302 3581 3358 densen-

2000 3403 2110 3459 tur,
2136 3403 2191 3449 et
2219 3391 2287 3447 ad
2312 3393 2543 3449 caudam
2570 3391 2823 3449 similiter
2865 3392 3183 3447 densentur.
3211 3392 3327 3448 Hoc
3355 3394 3582 3448 verbum

2004 3485 2351 3554 σφίγγεσθαι,
2382 3484 2437 3540 id
2457 3493 2564 3547 est,
2588 3483 2832 3547 densari,
2860 3482 3132 3553 signiﬁcat
3156 3485 3278 3555 cogi
3310 3484 3364 3539 in
3388 3500 3582 3549 unum,

2000 3577 2085 3632 vel
2132 3577 2394 3632 lateribus
2464 3584 2625 3645 atque
2681 3575 2926 3630 humeris
2966 3590 3136 3644 prope
3176 3576 3265 3635 ad
3292 3590 3352 3631 se
3393 3583 3582 3631 mutuo

2003 3669 2285 3725 accedant.
2324 3667 2564 3736 Praecipe
2590 3676 2651 3721 ut
2683 3666 2749 3720 ad
2779 3666 2927 3721 latus
2953 3681 3013 3721 se
3045 3667 3275 3722 densent
3293 3667 3486 3722 decani
3516 3667 3582 3722 ad

2004 3761 2265 3824 decanos,
2288 3759 2539 3829 quintani
2569 3756 2638 3811 ad
2668 3757 2986 3827 quintanos,
3023 3758 3279 3827 quartani
3309 3759 3376 3814 ad
3414 3774 3587 3829 quar-

2004 3864 2195 3916 tanos,
2238 3861 2295 3908 et
2333 3852 2633 3908 densentur
2675 3864 2898 3913 omnes,
2932 3859 2993 3904 ut
3020 3850 3224 3904 dictum
3253 3859 3370 3915 est,
3414 3851 3584 3904 latera

2004 3945 2269 4001 lateribus
2324 3942 2730 4011 adjungentes:
2771 3954 2951 4009 neque
3001 3942 3056 3994 in
3102 3922 3332 3994 alteram
3378 3949 3583 4009 partem

2005 4039 2235 4094 densent
2258 4049 2317 4091 se
2337 4035 2405 4089 ad
2427 4032 2668 4088 medium
2700 4039 2983 4096 statorem,
3030 4030 3084 4085 id
3112 4040 3215 4094 est,
3243 4029 3583 4099 signiferum.

2006 4138 2068 4186 ut
2101 4129 2230 4185 hinc
2258 4136 2424 4198 atque
2460 4125 2609 4180 illinc
2641 4125 2691 4179 ei
2723 4124 3090 4194 adjungantur
3124 4140 3140 4177 :
3174 4123 3412 4178 breviter
3440 4124 3582 4177 enim

2006 4231 2061 4279 et
2085 4221 2334 4276 ordinate
2367 4217 2492 4273 talis
2518 4215 2772 4271 densatio
2794 4214 2874 4269 tit.
2900 4213 3374 4280 Quemadmodum
3404 4222 3583 4268 autem

313 4132 411 4185 ἰπὶ
463 4133 554 4188 τὸν
615 4134 778 4205 μέσον
825 4137 1010 4203 τόπον,
1085 4137 1332 4192 τουτέστι
1406 4140 1496 4193 τὸν
1554 4139 1902 4210 βανδοφόρον,

310 4224 456 4278 ὥστε
507 4224 656 4279 ένθεν
720 4227 972 4282 κάκεῖθεν
1044 4229 1209 4284 αὐτοῦ
1292 4230 1558 4299 γίνεσθαι.
1614 4232 1903 4301 Συντόμως

311 4318 424 4389 γὰρ
488 4318 583 4372 καὶ
638 4320 913 4384 εὐτάκτως
976 4323 1010 4392 ἡ
1074 4323 1297 4393 τοιαύτη
1381 4322 1592 4392 γίνεται
1664 4322 1894 4391 σφίγξις.

2007 4311 2198 4369 decani
2232 4308 2512 4381 :equaliter
2539 4321 2599 4361 se
2629 4306 2683 4360 in
2712 4303 2892 4361 fronte
2916 4304 3261 4360 contubernii
3293 4304 3581 4372 collocant,

314 4405 529 4475 Ὠσπερ
576 4406 636 4460 δὲ
682 4409 732 4460 οἱ
773 4408 1039 4482 δεκάρχαι
1096 4412 1371 4466 οίσοῦνται
1418 4411 1530 4481 (96)
1572 4415 1630 4466 ὲν
1653 4413 1894 4484 ἀλλήλοις

2010 4404 2089 4461 sic
2107 4412 2163 4460 et
2182 4410 2485 4473 quartanas
2506 4398 2622 4454 sive
2654 4397 2934 4453 caudanos
2964 4396 3247 4467 aequaliter
3273 4411 3332 4452 se
3361 4412 3392 4451 a
3416 4396 3586 4452 cauda

286 4501 461 4577 pcata
495 4503 766 4572 μέτωπον,
800 4505 976 4570 οὕτως
1030 4507 1229 4578 πρέπει
1280 4508 1373 4562 καὶ
1418 4510 1544 4573 τοὺς
1577 4508 1884 4580 τετράρχας

2014 4493 2356 4552 contubernii
2396 4490 2731 4547 constituere
2764 4496 3016 4559 oportet:
3050 4488 3160 4544 illis
3191 4488 3339 4543 enim
3398 4488 3589 4543 ordine

541 4597 676 4698 "iic-
726 4568 1015 4698 οὐρα-γους,
1050 4568 1294 4653 ἰσοῦσθαι
1319 4617 1377 4652 τε
1424 4568 1590 4694 [τους]
1617 4568 1894 4654 ὀπίσω.τοὶ

2012 4597 2064 4643 et
2094 4586 2357 4655 disposite
2382 4581 2687 4647 collocatis,
2716 4582 2762 4637 si
2794 4581 2933 4636 inter
2962 4579 3359 4652 conﬂigendum
3382 4579 3583 4648 priores

2043 4691 2080 4698 ,ξ
2099 4680 2294 4698 ,ο,--μ-
2339 4691 2491 4698 An-..
2535 4674 2873 4698 .l---_..-_:..s
2929 4673 3287 4698 ..ι-..1.ζιιιιηο..-
3315 4680 3494 4698 ιιι-μιαί...
3520 4668 3583 4698 ..1η

284 4668 553 4769 ςὸρδίνου.
606 4689 798 4743 Αὐτῶν
831 4691 942 4762 γάρ
987 4691 1371 4762 σφιγγομένων
1414 4668 1764 4761 κατὰλόγον,
1806 4693 1894 4748 κᾶπ

2012 4680 2299 4738 stationem
2338 4691 2494 4732 suam
2530 4674 2895 4735 deseruerint,
2929 4673 3287 4742 prohibentur
3315 4680 3497 4726 tamen
3519 4668 3588 4725 ab

283 4762 791 4851 ίλιποτακτήσωσιν
862 4784 921 4835 ὲν
990 4786 1109 4847 ταῖς
1177 4786 1476 4855 συμϐολαῖς
1564 4787 1615 4838 οἱ
1694 4785 1894 4856 έμπρο‹

2011 4772 2117 4829 illis
2146 4766 2489 4839 tergiversari
2516 4774 2607 4822 aut
2633 4762 2928 4821 retroferri.

322 4869 472 4936 σθεν,
519 4872 817 4929 κωλύονται
864 4874 957 4928 ὑπ’
1003 4874 1187 4929 αὐτῶν
1236 4877 1315 4939 εἰς
1377 4875 1446 4929 τὰ
1497 4876 1674 4930 ὀπίσω
1719 4876 1917 4947 τρέπε·

321 4962 467 5021 σθαι.

392 5057 486 5113 λύ’.
538 5058 727 5130 Ἑτέρα
759 5059 834 5125 δὲ,
871 5059 999 5113 ὅταν
1053 5059 1391 5130 σφίγγωνται
1432 5061 1526 5114 καὶ
1557 5060 1677 5114 κατ’
1716 5059 1902 5131 οὐράν.

322 5150 397 5207 οὐ
423 5152 532 5222 γάρ
567 5153 726 5223 μόνον
772 5152 833 5206 τὸ
872 5153 1072 5218 πλάτος
1099 5155 1199 5224 τῆς
1227 5153 1555 5226 παραταγῆς
1586 5154 1703 5207 δέον
1743 5155 1905 5222 σφίγ-

326 5241 536 5311 Υεσθαι,
592 5244 731 5323 ἀλλὰ
771 5246 861 5300 καὶ
903 5246 964 5299 τὸ
1010 5247 1183 5317 πάχος
1217 5247 1411 5317 αὐτῆς,
1455 5246 1714 5309 πολλάκις
1738 5246 1902 5316 ἀλλή-

327 5341 435 5395 λοις
471 5332 614 5387 κατὰ
650 5335 776 5398 τοὺς
802 5333 984 5408 ὤμους
1024 5334 1356 5405 ἐγγίζοντες.

2084 5043 2172 5097 54.
2211 5041 2367 5096 Aliud
2397 5054 2568 5111 genus
2603 5045 2708 5102 est,
2740 5034 2958 5106 quando
3000 5035 3055 5089 in
3089 5037 3344 5104 caudam,
3388 5036 3441 5091 id
3480 5045 3582 5098 est.

2013 5143 2315 5189 extremam
2347 5139 2555 5201 partem
2577 5129 2875 5183 densantur
2900 5144 2913 5181 :
2945 5141 3051 5181 non
3073 5128 3239 5184 modo
3262 5128 3405 5184 enim
3437 5130 3582 5198 quod

2011 5228 2076 5282 ad
2102 5225 2441 5282 latitudinem
2484 5221 2715 5291 pertinet
2755 5218 2974 5274 densari
3003 5220 3146 5275 acies
3184 5220 3363 5287 debet,
3398 5236 3582 5275 verum

2008 5321 2171 5377 etiam
2204 5317 2362 5389 {quod
2400 5314 2469 5369 ad
2495 5312 2839 5369 altitudinem
2875 5319 3113 5383 spectat,
3159 5327 3301 5383 saepe
3340 5313 3582 5370 humeris

2010 5413 2143 5482 ipsis
2173 5411 2316 5465 inter
2338 5422 2398 5463 se
2428 5404 2717 5475 adiunctis.

1834 5529 2580 5692 “Ow'ignz.gpn_zm.
2620 5610 2997 5692 εεεεικξξιεευιτν
3034 5613 3340 5692 "vim

2084 5681 2195 5765 (‘95)
2222 5681 2666 5765 Τρῦτργματος.
2692 5681 3066 5765 _S_cribebatur,
3098 5681 3208 5738 ειςοῦ⁷
3234 5681 3579 5758 πράγματος.

2077 5753 2191 5821 (96)
2222 5753 2561 5816 οἰσοῦιλται.
2597 5754 2810 5817 Scribe,
2835 5753 3093 5808 ἰσοῦνται.

396 5627 511 5697 (92)
556 5622 1299 5697 Γυμνᾴζεινδειδίὺεῂειυῑ,
1329 5625 1624 5697 γύμναζον.

397 5695 509 5767 (95)
538 5695 656 5753 Καῐ
672 5695 760 5769 μὴ
795 5697 949 5755 κατὰ
982 5695 1386 5768 παράκλησιν.
1409 5695 1787 5764 Scribebatur,
1812 5695 1908 5751 καὶ

334 5769 467 5839 μετὰ
497 5786 558 5825 π.
