4022 6438
411 383 525 453 ’143
906 366 933 373 ⁷
1682 380 1957 445 LEONIS
1993 382 1999 442 :

2089 376 2456 443 IILOSOPHI
3568 366 3677 434 744

489 494 581 549 55.
618 489 776 546 Aliud
813 502 986 558 genus
1026 496 1142 555 est,
1174 496 1234 543 ut
1259 496 1381 559 post
1424 490 1719 559 perlectam
1746 490 1812 545 ad
1847 490 1988 545 latus
2020 493 2064 548 Α

2165 487 2260 544 λε’.
2309 488 2505 557 Ἑτέρα
2551 484 2607 539 δὲ
2654 482 2886 555 κίνησις,
2942 481 3084 536 ὥστε
3141 482 3281 553 μετὰ
3338 480 3438 552 τὴν
3470 480 3680 555 ἀκρισῆ

419 582 814 643 densationem,
842 579 922 634 sic
953 579 1166 635 densati
1202 579 1479 635 ambulent
1510 600 1524 636 :
1558 589 1613 635 et
1645 582 1865 650 quando
1896 595 1986 637 sa-

2094 580 2373 634 πύκνωσιν
2430 577 2532 648 τῆς
2609 576 2749 630 κατὰ
2806 574 3049 647 πλευρὰν
3111 573 3347 645 μάλιστα
3402 570 3681 642 σφίγξεως

418 673 564 743 gitta:
592 668 785 737 conjici
814 667 1098 738 incipiunt,
1124 676 1237 721 tum
1260 669 1491 738 principe
1517 667 1780 734 Πάταξον,
1804 666 1856 721 id
1880 675 1985 731 est,

2095 668 2557 740 πεπυκνωμινους
2618 668 2964 738 περιπατεῖν,
3000 667 3131 719 ὅταν
3170 664 3203 735 ἡ
3236 662 3419 731 τοξεία
3451 664 3681 735 ἄρχεται

418 763 541 817 Feri
571 778 585 815 :
615 759 838 815 decanis
900 768 952 813 et
984 758 1262 829 quintanis
1298 758 1350 813 in
1380 760 1681 815 anteriores
1704 764 1885 829 partes
1904 757 1989 812 in-

2096 762 2357 832 γίνεσθαι,
2415 760 2511 815 καὶ
2571 758 2961 830 παραγγέλλει,
3016 756 3283 823 Πάταξον,
3344 757 3436 811 καὶ
3466 756 3684 811 ἐπικλι-

417 849 770 913 clioautibus,
793 856 849 903 et
879 863 976 903 sua
1009 849 1250 917 ipsorum
1286 850 1463 918 capita
1496 862 1621 903 cum
1644 848 1812 905 scutis
1846 847 1986 914 suis,

2098 852 2273 921 μένων
2324 850 2433 904 τῶν
2483 848 2764 919 δεκαρχῶν
2813 846 2908 901 καὶ
2973 844 3293 918 πενταρχῶν
3340 844 3433 898 ἐπὶ
3484 846 3554 900 τὰ
3585 844 3686 917 εμ-

414 952 576 1009 atque
603 953 866 1009 equorum
901 939 1039 993 colla
1075 940 1256 1009 aliqua
1284 955 1349 994 ex
1385 951 1535 1009 parte
1573 939 1898 1009 tegentibus,
1934 946 1990 993 et

2095 942 2351 1015 προσθεν,
2400 941 2497 996 καὶ
2555 941 2867 995 σκεπόντων
2922 941 3020 1003 τὰς
3072 936 3282 993 ἑαυτῶν
3312 937 3558 1007 κεφαλὰς
3585 937 3683 991 καὶ

416 1035 603 1088 hastas
629 1031 873 1086 humeris
901 1031 1262 1101 gestantibus,
1292 1032 1466 1087 scutis
1485 1032 1647 1086 etiam
1673 1038 1843 1085 tectas
1873 1030 1989 1086 suis

2099 1036 2263 1108 μέρος
2290 1034 2399 1088 τῶν
2440 1033 2730 1105 τραχήλων
2757 1030 2866 1086 τῶν
2897 1031 3079 1085 ἵππων
3127 1031 3267 1102 μετά
3308 1029 3420 1084 τῶν
3451 1044 3683 1084 σκουτα-

416 1123 719 1193 procedant
747 1121 1019 1186 ordinate,
1052 1137 1176 1176 cum
1213 1123 1468 1192 tripudio,
1495 1123 1545 1177 id
1585 1132 1689 1187 est,
1729 1121 1989 1177 mediocri

2100 1128 2229 1197 ρίων
2308 1124 2507 1189 αὐτῶν,
2572 1124 2666 1177 καὶ
2741 1122 2809 1177 τὰ
2867 1122 3127 1192 κοντάρια
3188 1118 3681 1185 ἀνασασταζόντων

414 1211 651 1281 quodam
669 1221 841 1277 motu,
864 1210 957 1281 qui
977 1211 1133 1281 calpa
1160 1210 1360 1267 dicitur
1378 1231 1393 1268 :
1418 1226 1515 1267 nec
1544 1211 1847 1282 impetuose
1867 1227 1991 1267 cur-

2096 1216 2191 1269 ἆπὶ
2253 1215 2379 1277 τοὺς
2437 1210 2619 1281 ὤμους
2672 1210 2768 1263 καὶ
2826 1207 3331 1277 ύποκρυπτομένων
3386 1206 3523 1277 μετὰ
3570 1206 3682 1259 τῶν

414 1311 558 1368 rant,
590 1317 658 1357 ne
686 1302 1055 1359 contentionis
1080 1303 1354 1360 celeritate
1379 1314 1505 1359 ante
1537 1318 1734 1359 manus
1762 1318 1989 1359 conser-

2101 1304 2439 1375 σκουταρίων
2498 1299 2817 1355 ἐπελαύνειν
2888 1298 3165 1361 εὐτάκτως
3235 1296 3476 1367 τριπόδῳ
3534 1294 3683 1368 μόνῳ

418 1406 521 1459 tas,
557 1394 703 1464 quod
730 1394 887 1449 valde
919 1394 1286 1464 periculosum
1315 1404 1417 1458 est,
1449 1396 1794 1465 perturbetur
1822 1394 1988 1461 acies,

2098 1401 2264 1471 ἧγουν
2296 1398 2555 1468 κινήματι
2599 1393 2901 1465 συμμέτρῳ
2920 1391 2999 1461 τῷ
3026 1390 3309 1461 λεγομένῳ
3337 1390 3545 1456 κάλπα,
3583 1392 3683 1445 καὶ

417 1485 717 1554 sagittariis
741 1485 984 1553 interim,
1011 1487 1106 1557 qui
1138 1501 1166 1541 a
1192 1494 1346 1558 tergo
1386 1487 1602 1543 illorum
1635 1497 1784 1554 sunt,
1820 1486 1989 1559 sagit-

2102 1491 2177 1559 μὴ
2211 1489 2399 1559 βιαίως
2444 1487 2683 1558 τρέχειν,
2719 1486 2808 1540 ἵνα
2862 1486 2938 1555 μὴ
2978 1485 3045 1554 τῇ
3076 1482 3298 1553 ὀξύτητι
3332 1484 3435 1553 τῆς
3458 1481 3683 1548 ὲλασίας

422 1585 507 1632 tas
533 1577 887 1647 jacientibus.

2097 1582 2319 1653 διαλυθῇ
2350 1583 2383 1652 ἡ
2412 1578 2563 1645 τάξις
2590 1578 2694 1649 πρὸ
2721 1578 2918 1649 μίξεως
2950 1575 3171 1648 χειρῶν,
3201 1574 3339 1646 ὅπερ
3369 1575 3517 1647 ἐστίν
3561 1573 3685 1628 ἐντι,⁴

2099 1675 2360 1737 κίνδυνον,
2390 1674 2515 1735 τοὺς
2543 1671 2600 1725 δὶ
2628 1670 2851 1724 ὖπισθεν
2879 1671 2996 1723 ὅσοι
3024 1666 3236 1732 τοξόται
3260 1666 3367 1720 εἰσὶ
3420 1663 3682 1731 τοξεύειν.

489 1757 579 1813 36.
612 1756 773 1814 Aliud
811 1775 981 1830 genus
1004 1770 1109 1826 est,
1141 1768 1202 1816 ut
1238 1758 1845 1815 incursioneinterdum
1870 1772 1993 1827 pcr-

2170 1764 2278 1830 λς’.
2325 1762 2606 1834 Ἑτέραοδὲ
2655 1760 2888 1830 κίνησις,
2931 1759 3072 1813 ὥστε
3109 1756 3420 1812 ἐπιδιώκειν
3448 1756 3535 1810 οτι
3584 1753 3687 1826 μὲν

417 1858 718 1918 sequantur
739 1851 896 1921 quasi
929 1865 1203 1918 cursores,
1235 1865 1377 1921 quos
1398 1863 1543 1904 nunc
1564 1848 1863 1918 proclastas
1891 1860 1993 1901 no-

2097 1860 2193 1913 σὺν
2219 1858 2429 1927 ἔλασίᾳ,
2484 1856 2561 1919 ὡς
2604 1853 2945 1926 κούρσωρας,
2972 1850 3066 1915 οὓς
3106 1851 3155 1905 οί
3203 1849 3299 1904 νῦν
3330 1848 3685 1921 προκλάστας

417 1942 671 1995 minant:
712 1943 982 1998 interdum
1033 1944 1285 1998 ordinate
1336 1950 1395 1996 ut
1446 1940 1794 2007 defensores,
1852 1953 1994 2010 quos

2100 1950 2343 2018 λέγουσιν
2371 1988 2385 2012 ,
2433 1948 2523 2002 ὁτὲ
2572 1946 2631 2000 δὲ
2692 1943 3140 2015 συντεταγμένως
3217 1941 3295 2005 ὡς
3386 1939 3688 2009 διαφένσω-

420 2045 565 2085 nunc
600 2032 840 2088 vindices
879 2034 1258 2103 appellamus:
1296 2043 1351 2089 et
1394 2034 1439 2090 si
1479 2035 1636 2103 quasi
1676 2036 1995 2092 cursoribus

2103 2056 2197 2111 ρας
2250 2039 2382 2110 (97),
2431 2036 2526 2101 οὓς
2562 2038 2725 2107 ἡμεῖς
2755 2034 3032 2104 καλοῦμεν
3061 2032 3331 2094 ἐκδίκους.
3358 2029 3471 2085 Καὶ
3506 2031 3555 2083 εί
3588 2029 3691 2100 μὲν

419 2122 711 2192 praecipere
733 2134 965 2191 oportet,
1001 2125 1290 2179 dicendum
1317 2134 1422 2191 est,
1450 2127 1646 2197 Δρόμῳ
1669 2126 1781 2191 ἔλα,
1814 2128 1863 2182 id
1888 2138 1991 2193 est,

2104 2132 2172 2194 ὡς
2228 2130 2547 2201 κούρσωρας
2607 2127 2713 2199 χρὴ
2776 2128 2966 2190 κινεῖν,
3018 2122 3386 2195 παραγγέλλει
3419 2139 3432 2152 ο
3488 2120 3692 2192 Δρόμῳ

416 2212 594 2269 Cursu
622 2216 907 2281 contende,
932 2223 985 2270 et
1007 2216 1168 2271 unius
1188 2216 1435 2272 milliaria
1463 2217 1698 2287 spatium
1725 2214 1994 2273 incursio-

2098 2224 2213 2278 ελα.
2278 2224 2389 2277 Καὶ
2438 2222 2544 2286 ῑως
2590 2221 2709 2284 ἑνὸς
2764 2219 2940 2291 μιλίου
2974 2215 3298 2272 άποκινοῦσι
3328 2215 3427 2269 σὺν
3469 2214 3686 2283 ἑλασίᾳ.

418 2319 541 2360 nem
572 2304 711 2360 hanc
742 2305 966 2361 faciant.
998 2305 1094 2361 Sin
1125 2308 1284 2378 quasi
1307 2306 1648 2369 defensores,
1673 2308 1999 2379 pmcipien-

2110 2316 2235 2369 Ἐὰν
2284 2315 2341 2369 δὲ
2395 2316 2473 2378 ὡς
2552 2312 2929 2382 διαφένσωρας
2959 2351 2973 2377 ,
3050 2307 3421 2379 παραγγέλλει
3458 2318 3475 2335 ⁸
3530 2303 3692 2359 Μετὰ

417 2397 547 2452 dum
582 2408 667 2452 cst
704 2398 807 2453 hoc
842 2398 1023 2464 modo,
1051 2399 1205 2453 Μετὰ
1233 2400 1334 2469 τῆς
1362 2399 1568 2463 τάξεως
1596 2398 1901 2463 ἀκολούθει,
1942 2400 1997 2455 id

2097 2407 2198 2477 τῆς
2224 2406 2428 2471 τάξεως
2483 2403 2765 2460 ἀκολούθει
2793 2418 2809 2436 ο
2854 2401 2949 2456 καὶ
3007 2398 3364 2455 ἀκολουθοῦσι
3394 2408 3668 2465 συντεταγ

417 2494 522 2551 est,
552 2487 689 2540 Cum
726 2486 843 2542 acie
884 2487 1183 2557 procedito,
1227 2497 1281 2543 et
1309 2487 1557 2542 ordinate
1611 2502 1676 2544 ac
1692 2489 1999 2555 ﬁdlstribute
2102 2499 2300 2570 μὲνως.

420 2575 741 2648 procedant.

489 2666 580 2720 37.
608 2664 768 2719 Aliud
803 2680 973 2735 genus
1000 2675 1105 2733 est,
1141 2674 1199 2721 ut
1234 2667 1576 2723 retrocedant
1611 2668 1917 2739 paululum,
1945 2678 2000 2725 et

2168 2668 2266 2736 λζ’.
2324 2668 2519 2739 Ἑτέρα
2577 2666 2636 2721 δὲ
2679 2667 2915 2737 κίνησις,
2964 2665 3108 2720 ὥστε
3134 2665 3444 2736 ὑποχωρεῖν
3479 2662 3688 2731 ὀλίγον,

420 2770 615 2811 rursus
658 2765 1083 2813 convertantur:
1116 2766 1169 2813 et
1216 2760 1439 2829 quando
1479 2758 1602 2815 illos
1653 2761 2002 2816 retrocedere

2105 2766 2194 2821 καὶ
2220 2764 2383 2818 πάλιν
2435 2760 2907 2832 ἀντιστρέφεσθαι.
2958 2761 3069 2814 Καὶ
3116 2760 3205 2812 ὅτε
3261 2758 3363 2827 μὲν
3409 2757 3541 2830 θέλῃ
3574 2755 3693 2827 (98)

420 2847 569 2912 vult,
610 2861 803 2902 cursor
836 2848 1055 2915 clamet,
1086 2850 1266 2903 Τύπτε
1316 2852 1408 2904 καὶ
1457 2852 1750 2924 ὑποχώρει,
1789 2852 1911 2910 Feri
1945 2865 2002 2911 et

2106 2857 2473 2928 ὑποχωρῆσαι,
2505 2856 2534 2907 ὸ
2566 2853 2818 2925 κούρσωρ
2876 2853 3094 2923 κράζει.
3142 2850 3326 2903 Τύπτε
3356 2848 3450 2902 καὶ
3479 2847 3694 2917 ύποχῶο

421 2940 722 2996 retrocede.
768 2940 871 2996 Ubi
914 2950 1094 2997 autem
1136 2944 1552 3001 retrocesscrint
1581 2946 1647 3001 ad
1681 2963 1874 3015 unum,
1906 2958 2001 3005 aut

2102 2967 2184 3021 ρει
2219 2950 2317 3001 σὺν
2374 2945 2585 3017 ιλασίᾳ,
2626 2944 2732 3008 ἕως
2786 2944 2845 2997 ἓν
2896 2944 2929 3014 ἢ
2975 2940 3229 3013 δεύτερον
3272 2938 3690 3010 σαγιττοϐόλσν·

420 3033 654 3088 alterum
695 3033 908 3104 sagittas
939 3032 1167 3101 iactum,
1201 3034 1517 3092 defensores
1546 3050 1739 3094 rursus
1768 3032 2001 3110 appellet

2103 3043 2195 3096 ἐπὶ
2223 3040 2349 3104 τοὺς
2405 3038 2743 3107 διφινσωρας
2788 3034 2951 3089 πάλιν
2994 3032 3163 3103 κράζε
3212 3031 3366 3104 (99)·
3399 3032 3691 3102 Στράφου.

424 3121 522 3187 ιιὶε,
544 3118 725 3175 verbis
748 3140 762 3175 :
788 3121 1055 3190 Στράφου,
1073 3120 1189 3185 ἔλα,
1217 3122 1269 3177 id
1295 3132 1399 3188 est,
1418 3121 1600 3189 Verte,
1622 3129 1888 3183 contende
1910 3146 1923 3182 :
1948 3135 2001 3182 et

2107 3134 2197 3188 ἔλα
2220 3133 2320 3205 (1)·
2348 3133 2441 3186 καί⁵
2459 3131 2992 3201 άνθυποστρέφουσιν
3012 3128 3213 3184 ὡσανεὶ
3235 3129 3377 3183 κατὰ
3398 3127 3505 3181 τῶν
3532 3123 3695 3181 ἔναν-

423 3212 711 3269 conl'eetim
750 3226 943 3268 rursus
977 3220 1189 3268 vertent
1222 3227 1282 3269 sc
1304 3222 1500 3270 contra
1541 3216 1748 3273 hostes.
1777 3219 1891 3274 Hoc
1914 3218 2000 3273 fa-

2106 3180 2441 3277 ;ELJRL?
2460 3180 2833 3276 ξεᾷςζέζξοὶὲξξ
2849 3180 3153 3285 satis;
3169 3180 3386 3290 ναίω,
3419 3216 3582 3289 μόνον
3599 3215 3694 3271 ea

424 3309 575 3361 ciant
615 3318 723 3359 non
755 3304 917 3359 modo
941 3316 1276 3368 antrorsum,
1302 3305 1399 3360 sed
1433 3307 1596 3361 etiam
1629 3309 1997 3377 dextrorsum,

2109 3316 2168 3370 τὰ
2220 3316 2428 3387 πρόσω,
2489 3314 2626 3369 ἀλλὰ
2670 3314 2765 3368 καὶ
2813 3308 2982 3379 δεξιὰ,
3033 3314 3131 3367 καὶ
3157 3311 3442 3384 ἀριστερὰ,
3472 3311 3565 3365 καὶ
3591 3309 3697 3365 πά-

425 3398 736 3462 laevorsum,
776 3410 1109 3464 rursumque
1144 3395 1212 3450 ad
1247 3398 1546 3453 secundam
1577 3400 1750 3456 aciem
1783 3418 1798 3456 ι
1828 3414 2004 3471 neque

2109 3407 2186 3460 λιν
2268 3406 2468 3460 ὡσανεὶ
2533 3406 2627 3459 ἐπὶ
2687 3406 2786 3476 τὴν
2850 3402 3112 3475 δευτέραν
3159 3402 3345 3470 τάξιν,
3411 3400 3509 3456 καὶ
3561 3398 3697 3453 ποτε

426 3492 483 3547 in
510 3491 627 3560 ipsa
652 3489 922 3550 versione.
952 3489 1046 3545 sed
1076 3489 1241 3544 etiam
1272 3490 1557 3547 intervallo
1578 3491 1865 3564 interiecto
1884 3509 2005 3550 ver-

2109 3496 2208 3568 μδν
2280 3498 2337 3549 ὲν
2395 3494 2546 3567 αὐτῷ
2602 3494 2681 3567 τῷ
2737 3494 3090 3565 διαλείμματι
3140 3493 3347 3564 ταύτης
3379 3531 3395 3558 ,
3447 3490 3578 3545 ποτὲ
3634 3488 3697 3542 δὲ

426 3589 546 3637 tant
570 3594 630 3636 se
665 3594 826 3649 ειερε,
841 3589 897 3634 ει
926 3581 1259 3649 δρουγγιστὶ,
1279 3582 1332 3638 id
1360 3589 1463 3646 cst,
1493 3584 1751 3639 universo
1789 3587 2006 3656 agmine

2108 3590 2165 3641 ὲν
2214 3586 2298 3658 τῷ
2375 3585 2579 3658 μεταξὺ
2648 3586 2819 3656 αὐτῆς
2899 3583 3273 3652 ἐξελίσσεσθαι
3308 3623 3324 3649 ,
3398 3581 3494 3636 καὶ
3575 3578 3696 3649 ἅμα

429 3672 575 3728 facto
602 3672 938 3728 contendant
962 3684 1153 3729 contra
1186 3674 1391 3731 hostes.
1426 3674 1568 3730 [uter
1595 3676 2004 3732 exercitandum

2107 3678 2441 3749 δρουγγιστὶ,
2507 3677 2676 3746 ήγουν
2717 3674 2854 3746 ὁμοῦ
2875 3676 3055 3745 (sva
3097 3674 3241 3728 κατὰ
3294 3673 3403 3727 τῶν
3460 3670 3695 3741 ἐχθρῶνο

430 3767 619 3823 hastas
642 3768 791 3837 ipsas
814 3767 867 3821 in
889 3767 1058 3822 altum
1081 3768 1345 3834 sublatas,
1378 3783 1487 3823 non
1516 3768 1569 3823 in
1601 3768 1743 3825 latus
1756 3771 2007 3841 obliqua-

2109 3770 2167 3823 ὲν
2194 3769 2252 3822 δὲ
2272 3770 2390 3831 ταῖς
2414 3766 2749 3839 γυμνασίαις
2806 3766 2876 3819 τὰ
2914 3766 3176 3836 κοντάρια
3204 3763 3697 3833 άναϐασταζόμενα

430 3870 514 3914 tas
544 3858 743 3913 habere
774 3867 1009 3929 oportet,
1048 3873 1116 3914 ne
1166 3860 1293 3930 equi
1323 3860 1377 3915 in
1408 3860 1793 3918 exercitatione
1825 3862 1931 3919 hac
1954 3872 2009 3919 ct

2111 3861 2251 3932 ἔχειν
2276 3861 2377 3923 δεῖ,
2416 3860 2510 3914 καὶ
2542 3858 2619 3931 μὴ
2653 3859 2734 3923 είς
2762 3858 2993 3926 πλάγιον
3016 3898 3032 3926 ,
3082 3853 3170 3909 tvo.
3218 3856 3293 3927 μὴ
3335 3852 3384 3909 ei
3433 3855 3591 3909 ῑπποι
3618 3853 3699 3925 (2)

428 3951 779 4006 contentione
806 3950 1195 4020 impediantur.

2109 3955 2167 4007 ὲν
2204 3956 2270 4025 τῇ
2306 3952 2498 4023 ἐλασία
2542 3948 2969 4021 ἐμποδίζωνται.

499 4043 590 4097 38.
613 4043 774 4098 Aliud
809 4058 983 4114 genus
1020 4054 1141 4109 est,
1179 4052 1240 4098 ut
1281 4043 1532 4100 ordinate
1581 4059 1640 4101 se
1686 4044 1741 4100 in
1787 4046 2006 4111 laevam,

2185 4046 2284 4114 λη’.
2333 4046 2524 4116 Ἑτέρα
2548 4044 2608 4100 δι
2665 4043 2899 4115 κίνησις,
2928 4042 3070 4096 ὥστε
3119 4039 3503 4112 μετατίθεσθαι
3564 4051 3696 4090 συν-

430 4142 527 4189 aut
576 4134 821 4189 dextram
868 4136 1243 4199 transferant,
1303 4138 1449 4205 quod
1497 4135 1756 4192 lateranis
1797 4146 1852 4192 et
1888 4152 2011 4193 cor-

2115 4138 2463 4207 τεταγμένως
2484 4135 2750 4207 ἀριστερὰ
2784 4135 2878 4189 καὶ
2907 4133 3079 4199 δεξιά,
3134 4126 3272 4202 ὅπερ
3302 4128 3534 4201 ἁρμόζει
3564 4124 3703 4181 πλα-

426 4228 715 4283 νιιίειὶιίϋιιε
745 4236 1136 4298 opportunum,
1172 4229 1519 4284 commodum
1552 4238 1651 4294 est,
1688 4230 1739 4284 id
1780 4239 1886 4295 est,
1919 4231 2007 4300 iis,

2118 4228 2431 4301 γιοιρύλαξιν
2484 4227 2578 4282 καὶ
2631 4228 3084 4298 ύπερκερασταῖς,
3116 4223 3284 4294 ἤγουν
3342 4223 3454 4284 τοῖς
3492 4218 3585 4272 ἐπὶ
3640 4212 3706 4270 τὺ

429 4320 526 4392 qui
558 4321 623 4375 ad
653 4321 1160 4377 circumveniendos
1214 4329 1271 4376 ει
1299 4321 1808 4379 circumeludendos
1829 4324 2014 4380 hostes

2116 4321 2393 4376 κυκλῶσαι
2445 4321 2545 4390 τὴν
2583 4319 2693 4372 τῶν
2755 4317 3029 4388 πολεμίων
3073 4313 3382 4385 παράταξιν
3428 4309 3704 4377 τεταγμέ-

431 4412 713 4468 constituti
746 4422 895 4467 sunt.
932 4412 997 4466 Et
1028 4414 1073 4469 si
1108 4414 1162 4466 in
1187 4413 1434 4467 dextram
1484 4424 1692 4485 partem
1727 4416 2015 4473 traducere

2118 4429 2225 4477 νοις
2254 4412 2347 4465 ἐπὶ
2397 4410 2494 4464 τοῦ
2525 4409 2700 4476 δεξιοῦ
2735 4407 2933 4480 μέρους
2974 4405 3163 4475 ὥσπερ
3211 4404 3401 4474 κέρας,
3435 4400 3530 4454 καὶ
3558 4414 3706 4467 παρ-

430 4518 528 4559 cos
555 4507 767 4573 cupias,
788 4503 856 4557 iis
891 4501 1069 4557 verbis
1100 4501 1192 4556 ﬂat
1220 4516 1236 4554 :
1264 4503 1553 4574 Κατάφερε
1584 4503 1720 4573 πρὸς
1749 4504 1817 4558 τὰ
1844 4504 2014 4572 δεξιά,

2124 4504 2398 4576 αγγέλλει,
2437 4505 2487 4557 εί
2536 4503 2634 4575 μὲν
2675 4500 2941 4576 ἀριστερὰ
3002 4494 3393 4569 μετατίθεσθαι
3427 4490 3702 4564 βούλεται,

433 4595 485 4649 id
518 4603 622 4659 est,
654 4592 913 4649 Transfer
933 4602 985 4647 te
1015 4593 1080 4648 ad
1107 4594 1389 4649 dextram:
1414 4595 1499 4650 sin
1534 4595 1821 4652 lavorsum
1855 4598 2007 4666 velis,

2118 4600 2412 4669 Κατάφερε
2442 4598 2578 4668 πρὸς
2606 4596 2675 4650 τὰ
2726 4592 2988 4667 ἀριστερά
3008 4607 3021 4622 ο
3053 4591 3103 4644 εί
3136 4589 3193 4643 δὲ
3240 4586 3388 4651 δεξιὰ
3424 4582 3706 4656 μετατίθε-

434 4699 549 4742 tum
584 4690 773 4743 dicas:
813 4688 1103 4760 Κατάφερε
1137 4687 1273 4760 πρὸς
1309 4688 1918 4759 τάριστεράήτηηεΐει·
1962 4702 2014 4747 ιε
2124 4693 2273 4757 σθαι,
2311 4674 2607 4762 Κατάφέρε
2636 4690 2771 4760 πρὸς
2813 4688 2881 4741 τὰ
2910 4684 3057 4751 δεξιά
3087 4700 3103 4717 ο
3146 4682 3239 4736 καὶ
3268 4681 3443 4742 οὕτως
3476 4676 3705 4750 μετατί-

435 4782 501 4835 ad
530 4782 718 4836 lzevam
756 4799 769 4837 :
819 4782 1005 4851 itaque
1026 4787 1328 4846 transeant,
1363 4782 1408 4836 si
1428 4794 1546 4836 una
1569 4782 2013 4849 cohorsdebeat,

2124 4785 2314 4840 θεσθαι
2345 4801 2360 4816 ·
2429 4783 2523 4838 ἐὰν
2570 4781 2672 4852 μὲν
2733 4780 2792 4834 ἓν
2847 4774 3037 4849 βάνδον
3096 4776 3235 4839 ἐστὶ,
3285 4774 3348 4827 τὸ
3393 4772 3452 4826 εν
3490 4787 3505 4802 ·
3538 4770 3587 4821 εί
3644 4767 3704 4820 δὲ

437 4888 565 4936 una,
603 4874 687 4928 sin
732 4874 938 4944 plures,
971 4889 1077 4928 una
1125 4882 1281 4942 parte
1311 4874 1578 4939 traducta,
1609 4874 1830 4949 reliqua:
1858 4875 2017 4931 simi-

2128 4878 2369 4941 πλείονα,
2415 4875 2617 4945 ὁμοίως
2683 4871 2776 4925 τοῦ
2825 4870 2942 4935 ἐνὸς
2984 4870 3185 4941 μέρους
3255 4861 3704 4937 μετατιθεμένου,

437 4966 556 5019 liter
584 4980 679 5034 per
708 4966 963 5021 cohortes
993 4976 1296 5021 transeant.

2119 4970 2212 5023 ttat
2241 4968 2311 5022 τὰ
2346 4967 2509 5020 λοιπὰ
2538 4964 2799 5028 ὡσαύτως
2831 4961 2975 5016 κατὰ
3003 4960 3061 5014 ἓν
3090 4959 3281 5031 βάνδον
3312 4956 3577 5010 ποιοῦσιν.

505 5058 595 5113 59.
624 5057 785 5113 Aliud
814 5074 1008 5129 genus,
1042 5068 1103 5115 ut
1129 5060 1180 5113 in
1201 5060 1405 5129 quibus
1432 5060 1743 5116 consistunt
1771 5062 1927 5127 locis,
1960 5064 2014 5118 in

2191 5057 2290 5115 λθ’.
2331 5057 2523 5129 Ἑτέρα
2552 5059 2609 5112 δὲ
2640 5057 2876 5127 κίνησις,
2933 5053 3075 5107 ὥστε
3108 5046 3536 5123 μεταϐάλλεσθαι
3572 5043 3706 5099 ποτὲ

434 5150 645 5207 eisdem
688 5151 961 5206 interdum
1012 5167 1070 5207 se
1109 5161 1348 5217 vertant,
1400 5154 1671 5208 interdum
1714 5170 1844 5210 vero
1870 5154 2019 5209 fron-

2127 5156 2225 5226 μὲν
2251 5156 2309 5206 εν
2330 5149 2410 5216 οἷς
2434 5154 2678 5206 ἵστανται
2720 5152 2925 5215 τόποις,
2968 5149 3098 5203 ποτὲ
3134 5148 3191 5201 δὲ
3239 5145 3334 5199 καὶ
3360 5143 3420 5196 τὸ
3451 5141 3707 5213 μέτωπον

438 5251 547 5299 tem
596 5244 731 5299 aciei
770 5253 1127 5300 commutent.
1162 5243 1218 5299 Si
1251 5249 1568 5316 repentinus
1602 5246 1798 5317 aliquis
1836 5256 2019 5303 motus

2125 5249 2224 5319 τῆς
2257 5245 2612 5318 παρατάξεως
2656 5244 3040 5307 άλλάσσοντες.
3077 5242 3203 5298 Ἐὰν
3242 5241 3342 5312 μὲν
3391 5239 3502 5309 γὰρ
3532 5236 3708 5305 αίφνι-

1981 5358 2214 5417 NOTAE.

508 5446 620 5529 (θῖ)
654 5447 757 5529 ίΩς
789 5446 1609 5529 διαφένσωραςκροειενίοτεε
1657 5362 2096 5529 ϐταξείλάἰεεῗω

1981 5362 2026 5417 Ν
2080 5362 2214 5417 ΤᾸΞ.

1972 5362 2074 5507 2-0
2198 5458 2311 5526 (99)
2340 5456 2531 5529 Πάλιν
2563 5455 2753 5526 κράζε.
2791 5455 2918 5529 Item
2948 5454 3149 5529 scribe,
3179 5446 3560 5529 aditvfpéiln.

438 5516 595 5579 bant,
650 5516 1046 5587 διαφένσωρας,
1089 5535 1187 5590 pro
1235 5520 1626 5592 δηφένσωρας,
1678 5525 1793 5579 sive
1839 5523 2019 5592 διφέν-

2199 5516 2612 5597 (Μ’Στράφουξ
2630 5516 2760 5582 ἔλα.
2807 5528 2898 5581 Sic
2948 5527 3003 5581 in
3048 5516 3211 5580 Checi
3262 5516 3452 5577 codiCe
3491 5516 3710 5573 videtur

441 5603 518 5639 σω
526 5604 645 5655 ρας.
1246 5654 1249 5655 ν

2129 5599 2318 5653 fuisse.
2350 5599 2405 5652 In
2430 5601 2552 5655 aliis
2584 5601 2737 5654 deest
2759 5598 2872 5652 ἔλα.

511 5654 623 5724 (98)
649 5657 753 5710 Καὶ
778 5656 877 5741 ὅτε
894 5657 1008 5741 μὲν
1241 5654 1737 5741 Interpungenduni
1771 5660 2017 5741 scriben-

2162 5739 2169 5741 t
2198 5670 2276 5738 (9-)
2328 5669 2453 5722 Ἵνα
2475 5664 2561 5739 μὴ
2594 5671 2648 5741 οἱ
2676 5668 2869 5741 maror.
2896 5667 2985 5725 Sic
3019 5673 3137 5723 erat
3161 5673 3215 5722 et
3240 5660 3294 5721 in
3322 5658 3510 5721 codice
3539 5654 3712 5716 Pisto-

511 5679 623 5724 ιυο)
649 5679 753 5710 nut
778 5679 875 5711 οτε
894 5679 1008 5727 μεν
1050 5679 1215 5727 σε.ιῃ.
1244 5679 1499 5732 Interpun
1539 5679 1737 5720 cnount
1771 5679 2017 5720 scriben-

441 5725 679 5811 ιΙιιἏἹιιε
708 5743 720 5779 :
748 5730 839 5779 καὶ
855 5731 941 5782 ὅτε
986 5730 1082 5797 μὲν
1122 5730 1253 5802 θέλῃ
1290 5679 1661 5805 ύποχωρξδσαι,
1706 5736 1733 5790 ὁ
1768 5735 2020 5811 κούρσωρ

1318 5679 1499 5732 .erpun
1539 5679 1737 5720 enouni
1771 5679 2017 5720 scnoen-
2198 5679 2276 5738 (τι)
2329 5679 2453 5722 "Ira
2475 5679 2561 5739 μη
2594 5679 2647 5722 οἱ
2677 5679 2869 5722 ἵπποι.
2896 5679 2906 5719 :

1326 5679 1661 5805 ποχωρξδσαι,
1706 5736 1733 5790 ὁ
1768 5735 2020 5811 κούρσωρ
2130 5739 2282 5795 riano
2314 5756 2410 5811 pro
2452 5742 2539 5795 ἵνα
2573 5740 2647 5811 μὴ
2678 5738 2906 5795 κτύπον.

444 5792 643 5862 πράξῃ.
