4022 6426
356 369 468 437 ’143
1454 375 1790 438 TACTICA.
1819 397 1888 409 -·
1916 378 1929 433 l

2034 371 2580 445 fSTITUTIOLVII.
3506 379 3614 447 748

356 478 586 553 διασμός
617 496 702 545 τις
725 479 948 554 γένηται
978 480 1081 536 ὑπὸ
1101 482 1330 554 ἐχθρῶν,
1363 484 1504 539 κατά
1528 485 1721 553 νώτου,
1754 488 1919 560 ἤγουν

2034 495 2167 541 retro
2200 487 2292 542 ﬁat
2335 487 2587 545 hostibus
2619 501 2650 543 ο
2688 493 2840 557 tergo
2872 485 3287 545 imminentibus
3309 528 3324 555 ,
3372 489 3610 559 praecipe

358 570 581 627 ὄπισθεν
600 570 699 642 (5),
720 572 1147 643 ἐπιφερομένων,
1169 574 1556 645 παραγγέλλει,
1569 579 1929 649 Μετασχημά-

2040 575 2145 630 hoc
2186 574 2348 630 modo
2383 574 2933 645 εΜετασχημάτισον,
2989 573 3041 629 id
3091 582 3195 640 est,
3221 574 3529 633 Converte:
3564 587 3612 631 ei

357 680 531 718 τισον.
588 661 701 716 Καὶ
742 663 819 726 ὡς
865 662 1112 719 ἵστανται
1154 665 1210 717 ὲν
1238 667 1350 729 τοῖς
1377 666 1565 731 τόποις
1606 668 1786 722 αὐτῶν
1842 669 1929 722 ἐπὶ

2041 665 2093 720 in
2136 665 2372 723 statione
2408 681 2507 722 sua
2544 665 2927 731 consistentes,
2958 665 3027 720 ad
3060 666 3293 721 caudam
3334 681 3393 721 se
3436 667 3614 727 solum

356 753 528 824 οὐράν
572 751 795 809 ὄπισθεν
867 752 1122 825 βλέπουσι
1188 754 1297 809 τῶν
1358 754 1701 826 βανδοφόρων
1758 757 1929 828 μόνων

2037 766 2391 823 convertant,
2423 756 2698 828 signiferis
2729 765 2782 812 et
2832 755 3105 825 praefectis
3136 757 3269 813 solis
3321 756 3389 812 ad
3428 757 3615 813 caudae

360 844 501 916 μετὰ
550 842 659 899 τῶν
705 843 982 914 ἀρχόντων
1036 844 1117 909 είς
1162 844 1225 899 τὸ
1269 846 1411 901 κατὰ
1458 848 1625 920 οὐράν
1684 848 1929 918 μέτωπον

2040 845 2274 903 frontem
2328 846 2794 918 pervenientibus.
2852 844 2949 900 Sin
2995 862 3190 917 magna
3235 848 3316 903 vis
3372 847 3613 903 hostium

359 930 692 1005 ἐρχομένων.
724 932 788 984 Εἰ
826 932 885 986 δέ
944 932 1145 1006 πλῆθος
1189 933 1398 1006 ἐχθρῶν
1422 936 1659 1008 ἐπιφανῇ
1685 936 1930 1003 ὄπισθεν,

356 1022 748 1093 παραγγέλλει,
789 1023 1158 1097 Μετάλλαξον.
1214 1026 1327 1082 Καὶ
1373 1027 1495 1081 τότε
1551 1028 1931 1098 μετατίθενται

355 1114 498 1170 κατὰ
528 1112 737 1184 βάνδον.

427 1203 502 1277 μ’.
548 1205 622 1259 Οὐ
657 1204 820 1276 μόνον
853 1204 911 1260 δέ
935 1205 1028 1261 ἐπὶ
1065 1205 1239 1278 μῆκος
1279 1206 1573 1279 όρδινεύειν
1601 1209 1695 1263 καὶ
1722 1210 1933 1282 γυμνά-

354 1296 469 1361 ζειν
491 1295 783 1365 ἀναγκαῖόν
825 1298 993 1364 ἐστιν,
1026 1297 1163 1352 ἀλλὰ
1222 1298 1317 1353 καὶ
1347 1298 1662 1369 δρουγγιστὶ
1708 1301 1931 1361 τάσσονο

274 1396 289 1407 '
355 1404 456 1450 τας
502 1387 807 1458 γυμνάζειν
854 1389 950 1443 καὶ
1005 1388 1311 1456 ἐξελαύνειν
1342 1391 1430 1447 ἐπ’
1454 1390 1669 1457 εὐθείας
1689 1394 1784 1447 καὶ
1837 1394 1931 1450 κύ-

354 1477 516 1541 κλους
535 1477 843 1549 διαφόρους,
878 1478 1096 1551 πρῶτον
1147 1480 1245 1551 μὲν
1273 1480 1361 1534 διὰ
1392 1480 1495 1545 τὰς
1548 1482 1930 1555 ὑποχωρήσεις

354 1570 449 1623 καὶ
480 1569 871 1642 άντιστροφὰς,
909 1565 1031 1623 εἶτα
1057 1568 1145 1624 διά
1181 1570 1278 1637 τάς
1307 1571 1606 1640 αἰφνιδίους
1639 1573 1781 1631 κατὰ
1821 1574 1930 1639 τῶν

354 1658 563 1731 ἐχθρῶν
589 1659 833 1729 ἐφόδους,
873 1660 1060 1715 λοιπὸν
1084 1661 1141 1714 δὲ
1183 1663 1277 1715 καὶ
1297 1662 1383 1716 διά
1408 1663 1467 1717 τὸ
1488 1665 1767 1735 συντόμως
1816 1666 1929 1731 τοῖς

354 1748 628 1820 δεομένοις
655 1750 989 1822 ἐπιὸοηθεῖν.
1019 1752 1082 1804 El
1117 1751 1226 1823 γάρ
1263 1752 1434 1818 οὕτως
1462 1753 1718 1807 ἐθισθῶσι
1751 1755 1831 1825 (ί)
1859 1756 1928 1810 τά

354 1809 630 1909 τάγματα,
658 1809 890 1911 ἐτοίμιίις
923 1840 1105 1912 ἔχουσι
1128 1809 1227 1896 ὶωίι
1270 1843 1349 1907 είς
1391 1809 1732 1915 κούρσωρας,
1755 1809 1922 1915 ἤγουν
1958 1809 1997 1875 β

355 1929 722 1999 προκλάστας,
771 1930 805 2001 ἢ
870 1930 1210 2003 προμάχους,
1268 1932 1362 1987 καὶ
1428 1935 1508 1999 είς
1561 1935 1920 2008 διφένσωρας,

352 2021 521 2092 ἦγουν
554 2021 835 2088 ἐκδίκους,
866 2022 901 2094 ἢ
936 2021 1186 2094 βοηθοὺς,
1218 2024 1309 2077 καὶ
1355 2023 1435 2087 εἰς
1470 2024 1706 2097 ἑκάστην
1738 2028 1925 2098 χρείαν

349 2112 518 2167 τάσσε
527 2112 670 2167 σθαι.

424 2208 536 2274 μα’.
575 2202 687 2259 Καὶ
709 2203 805 2275 τῆς
831 2202 1093 2274 τοιαύτης
1142 2199 1235 2260 οὖν
1264 2223 1571 2279 γυμνασίας
1626 2209 1928 2281 κατορθου⁸

355 2293 521 2364 μένης
537 2295 616 2359 είς
641 2294 709 2348 τά
735 2294 976 2360 πλείονα,
1003 2297 1051 2349 εί
1080 2296 1175 2351 καὶ
1204 2298 1279 2368 μὴ
1334 2298 1510 2353 πάντα
1538 2299 1619 2353 δεῖ
1639 2300 1928 2369 γινώσκειν

351 2384 478 2448 τοὺς
508 2385 842 2456 στρατιώτας
893 2386 979 2458 (οὐ
1008 2385 1117 2458 γάρ
1144 2388 1227 2441 δεῖ
1257 2389 1433 2444 πάντα
1459 2389 1928 2459 πουδλικίζεσθαι,

354 2473 445 2528 διά
474 2475 535 2529 es
566 2476 642 2549 μὴ
664 2479 775 2542 τοῖς
814 2477 1026 2550 ἐχθροῖς
1057 2479 1446 2552 γινώσκεσθαι)
1475 2499 1487 2511 ·
1511 2482 1600 2537 διά
1629 2483 1735 2537 τῶν
1782 2485 1933 2556 είρη-

355 2563 536 2635 μίνων
590 2565 795 2620 τούτων
822 2568 977 2620 ἐννέα
1008 2568 1276 2639 κινήσεων
1318 2571 1455 2642 πρὸς
1510 2572 1688 2627 πᾶσαν
1742 2575 1932 2644 χρείαν

351 2653 550 2727 ἐτοιμα
575 2656 819 2727 γίνονται
852 2658 920 2712 τά
950 2658 1131 2717 αὐτῶν
1174 2659 1451 2731 τάγματα,
1484 2662 1579 2717 καὶ
1628 2662 1710 2724 είς
1767 2663 1933 2738 κούρ-

354 2763 563 2819 σωρας,
585 2748 681 2804 καὶ
726 2749 807 2813 είς
836 2749 1194 2820 διφὲνσωρας,
1219 2751 1315 2805 καὶ
1342 2752 1422 2816 είς
1456 2752 1927 2823 πλαγιοφύλακας,

353 2838 451 2893 καὶ
482 2839 564 2903 είς
584 2838 1024 2912 ὐπερκεραστὰς,
1054 2841 1142 2894 δτε
1172 2841 1333 2911 χρεία
1371 2842 1595 2913 γένηται
1624 2843 1931 2914 ἀφορισθῆ-

348 2925 440 2981 ναί
487 2943 642 2999 τινας
697 2928 902 2995 αὐτῶν,
946 2930 1005 2983 ἐν
1059 2927 1321 2999 συνηθείᾳ
1343 2929 1527 3000 πάσης
1547 2928 1751 2996 τάξεως
1779 2930 1931 2998 γινό-

352 3032 519 3088 μινα.

2037 936 2280 1006 ingruat,
2307 946 2419 992 tum
2472 938 2727 1007 praacipe,
2770 937 3136 1003 Μετάλλαζον,
3172 936 3533 1006 Transmuta,
3560 947 3615 999 et

2036 1027 2246 1099 integra
2281 1037 2395 1084 tum
2436 1029 2634 1086 cohors
2664 1044 2724 1086 se
2754 1038 3095 1085 transmutet.

2104 1202 2196 1258 40.
2228 1199 2339 1259 Nec
2389 1218 2516 1260 vero
2566 1204 2622 1260 in
2672 1205 3060 1277 longitudinem
3108 1205 3285 1262 solum
3338 1207 3611 1263 instruere

2033 1293 2163 1348 utile
2214 1302 2319 1358 est,
2365 1293 2457 1349 sed
2498 1294 2659 1351 etiam
2687 1294 3022 1366 δρουγγιστὶ,
3072 1297 3125 1352 id
3172 1305 3283 1364 est,
3330 1297 3613 1353 confertim

2032 1383 2396 1449 instruantur,
2437 1392 2497 1439 ut
2528 1393 2816 1439 exerceant
2862 1400 2959 1450 se,
3000 1393 3056 1440 et
3098 1384 3432 1439 contendant
3466 1384 3615 1440 varie

2030 1474 2084 1529 in
2120 1472 2383 1531 directum
2428 1490 2524 1545 per
2580 1476 3038 1546 retrogressiones
3097 1484 3153 1529 et
3201 1476 3609 1540 conversiones,

2030 1578 2125 1636 per
2174 1564 2485 1637 repentinas
2542 1563 2780 1618 hostium
2844 1563 3224 1629 incursiones,
3273 1572 3332 1618 ut
3372 1564 3607 1634 quadam

2029 1670 2153 1710 cum
2202 1656 2477 1713 celeritate
2500 1655 2710 1728 possint
2761 1655 2977 1719 amictis
3030 1671 3183 1725 opem
3229 1656 3393 1711 ferre.
3444 1653 3501 1710 Si
3548 1655 3617 1711 ad

2028 1746 2178 1801 hunc
2227 1746 2448 1800 modum
2511 1747 2833 1803 assuefactus
2889 1747 3141 1803 cohortes
3189 1746 3411 1808 fuerint,
3461 1760 3615 1800 com-

2027 1838 2185 1893 mode
2212 1847 2471 1908 poterunt
2511 1839 2564 1894 in
2599 1854 2873 1906 cursores,
2903 1839 2956 1893 id
2996 1848 3103 1903 est,
3138 1837 3464 1907 proclaslas,
3498 1835 3614 1891 sive

2023 1942 2476 2004 propugnatores,
2513 1943 2568 1989 et
2598 1935 2650 1989 in
2702 1934 3044 1996 defensores,
3091 1933 3205 1988 sive
3248 1931 3514 1995 vindices,
3553 1936 3610 1985 et

2024 2024 2408 2095 praesidiarios,
2440 2026 2510 2083 ad
2543 2040 2759 2083 omnem
2786 2040 2945 2082 usum
2978 2024 3199 2080 instrui.

2097 2199 2188 2255 4|.
2225 2197 2373 2256 Talis
2404 2199 2567 2271 igitur
2605 2198 2927 2254 exercitatio
2958 2197 3244 2268 diligenter
3274 2197 3328 2251 in
3362 2194 3613 2265 plurimis

2027 2296 2114 2343 est
2145 2287 2473 2351 adhibenda,
2511 2287 2779 2358 siquidem
2831 2287 3017 2343 omnia
3050 2303 3079 2340 a
3111 2286 3375 2340 militibus
3408 2299 3615 2354 cogno-

2031 2377 2231 2433 scenda
2263 2392 2371 2432 non
2403 2385 2553 2432 sunt.
2578 2374 2700 2431 Non
2721 2378 2865 2431 enim
2890 2384 3107 2446 oportet
3125 2374 3311 2429 omnia
3337 2373 3390 2428 in
3418 2373 3615 2442 vulgus

2031 2466 2235 2533 etferri,
2268 2482 2335 2523 ne
2379 2466 2448 2521 ab
2495 2466 2741 2521 hostibus
2784 2482 2847 2520 ca
2890 2474 3279 2536 agnoscantur.
3312 2464 3384 2519 lis
3429 2471 3613 2517 autem

2033 2558 2274 2613 motibus
2331 2556 2606 2628 praedictis
2639 2556 2708 2612 ad
2756 2572 2948 2612 omnes
2992 2572 3130 2611 usus
3185 2554 3309 2610 belli
3357 2553 3615 2609 cohortes

2035 2650 2244 2705 habiles
2263 2648 2417 2715 fiunt,
2441 2657 2501 2705 ut
2528 2658 2642 2704 tum
2667 2648 2722 2703 in
2752 2664 3027 2713 cursores,
3057 2658 3170 2701 tum
3200 2648 3252 2701 in
3275 2646 3615 2709 defensores,

2034 2749 2149 2795 tum
2182 2742 2235 2795 in
2268 2740 2563 2806 lateranos,
2605 2749 2720 2795 tum
2754 2739 2809 2794 in
2837 2739 3175 2806 cornistites,
3208 2738 3300 2794 ubi
3329 2752 3470 2810 opus
3505 2744 3612 2802 cst,

2034 2829 2277 2901 cooptari
2299 2830 2620 2900 assumique
2640 2828 2875 2900 possint.

424 3106 534 3179 (ιβ’.
565 3108 889 3176 ’Δναγκαῖον
923 3106 984 3161 δὲ
1015 3106 1134 3161 ἐστι
1177 3086 1373 3161 λοιπὸν
1400 3107 1495 3161 καὶ
1521 3107 1621 3179 τὴν
1670 3107 1809 3178 πρὸς
1839 3107 1929 3164 ἀλ.

2105 3113 2193 3169 42.
2240 3113 2424 3169 Banda
2456 3120 2659 3176 autem,
2697 3112 2813 3167 sive
2841 3112 3098 3167 cohortes
3125 3110 3359 3180 quadam
3388 3123 3617 3165 consen-

348 3203 487 3274 ληλα
516 3204 585 3258 τά
636 3203 810 3274 βάνδα
841 3203 1163 3274 συμφωνίαν
1197 3202 1291 3257 καὶ
1311 3203 1468 3271 τάξιν
1494 3203 1796 3269 είθίζεσθαι
1848 3205 1925 3269 ὡς

348 3296 443 3347 ἐπὶ
464 3292 843 3365 παρατάξεως.
893 3291 1031 3347 Ἀλλ’
1055 3292 1166 3355 ἵνα,
1195 3291 1276 3354 ὡς
1324 3292 1563 3362 εἴρηται,
1599 3294 1676 3363 μὴ
1717 3291 1925 3363 φανερά

348 3386 557 3454 γίνεται
580 3386 616 3454 ἡ
646 3386 797 3440 πᾶσα
831 3383 1048 3453 ἔκταξις
1075 3385 1189 3445 τοῖς
1217 3381 1453 3453 ἐχθροῖς.
1497 3365 1766 3437 Οὐδέποτε
1816 3386 1925 3455 γάρ

348 3476 460 3547 πρὸ
510 3477 609 3546 τῆς
644 3474 824 3547 μάχης
873 3474 974 3545 τὴν
1001 3475 1184 3529 πᾶσαν
1212 3474 1366 3539 τάξιν
1397 3476 1456 3528 ἐν
1485 3473 1564 3544 τῷ
1595 3473 1735 3543 ἅμα,
1759 3490 1921 3528 τουτ-

348 3566 500 3621 έστιν
550 3567 633 3630 si;
685 3566 911 3636 πρώτην
978 3565 1076 3621 καὶ
1140 3564 1402 3634 δευτέραν
1450 3562 1788 3634 παράταξιν,
1838 3562 1927 3616 διὰ

347 3657 661 3728 γυμνασίαν
694 3657 863 3728 μόνην
890 3655 1136 3718 τάσσειν.
1168 3654 1203 3725 ἢ
1245 3652 1722 3723 πλαγιοφύλακας,
1743 3652 1776 3723 ἢ
1800 3653 1927 3717 τοὺς

348 3749 766 3820 ὑπερκεραστάς
805 3747 1159 3818 λεγομένους,
1218 3746 1252 3816 ἢ
1294 3745 1423 3811 τοὺς
1471 3745 1789 3817 δρουγγιστὶ
1830 3746 1928 3801 καὶ

347 3840 722 3902 λανθανόντως
756 3838 1224 3908 προσπίπτοντας,
1260 3837 1295 3904 ἢ
1322 3835 1569 3905 ἐνέδρας,
1616 3835 1785 3905 ἧγουν
1835 3833 1930 3901 ἐγη

347 3930 597 4000 κρίματα
636 3929 715 4000 (5)
752 3928 865 3983 ’τὰ
914 3928 1021 3999 γάρ
1076 3926 1304 3981 τοιαῦτα
1348 3925 1683 3996 στρατηγίας
1728 3924 1928 3995 μᾶλλον

347 4020 759 4091 ἐπιτηδεύματα
795 4016 937 4075 εἶναι
989 4019 1132 4079 κατὰ
1166 4018 1275 4074 τῶν
1326 4017 1564 4088 ἐχθρῶν,
1616 4018 1651 4087 ἢ
1698 4016 1925 4083 τάξεως,

349 4112 496 4185 ἅπερ
550 4111 1108 4183 προπου6λικίζεσθαι
1156 4112 1216 4165 ἐν
1289 4112 1411 4174 ταῖς
1469 4102 1803 4181 γυμνασίαις
1866 4110 1927 4163 οὐ

349 4204 643 4275 συμφέρει.
687 4203 851 4258 ’Δλλὰ
878 4204 1001 4259 τότε
1037 4203 1175 4275 πρὸς
1206 4203 1269 4258 τὸ
1291 4202 1464 4275 παρὸν
1489 4201 1632 4256 κατὰ
1653 4201 1752 4273 τὴν
1770 4202 1930 4256 άπαι-

348 4294 551 4365 τοῦσαν
573 4295 765 4366 χρείαν
788 4297 952 4352 ποιεῖ.

424 4384 532 4455 μγ’.
569 4386 783 4459 Πρέπον
815 4387 928 4451 οὖν,
963 4387 1072 4441 εἴτε
1105 4386 1227 4441 καθ’
1250 4385 1410 4440 ἐαυτδ
1455 4383 1552 4439 τοῦ
1586 4384 1825 4456 κόμητος
1868 4385 1935 4438 τὸ

2027 3207 2182 3263 sione
2230 3215 2285 3261 et
2331 3206 2715 3269 instructione,
2747 3202 2905 3273 quasi
2932 3203 2985 3256 in
3026 3203 3141 3257 acie
3183 3201 3298 3272 ipsa
3336 3199 3614 3272 iungenda

2027 3306 2175 3354 sunt.
2212 3296 2317 3352 Sed
2342 3312 2411 3351 ne
2449 3296 2716 3351 universae
2736 3294 3155 3350 exercitationes
3184 3302 3240 3346 et
3303 3291 3617 3347 molitiones

2027 3390 2281 3446 beatibus
2296 3398 2681 3459 agnoscantur,
2700 3401 2979 3455 nunquam
2999 3394 3125 3438 ante
3142 3383 3606 3439 conflictationem

2028 3483 2203 3552 ipsam
2228 3482 2497 3537 universa:
2526 3481 2696 3550 copia:
2743 3479 2942 3543 simul,
2971 3477 3023 3530 id
3063 3486 3141 3530 est
3168 3516 3182 3540 ,
3216 3477 3269 3529 in
3305 3477 3538 3546 primam
3558 3483 3615 3529 et

2027 3572 2325 3627 secundam
2352 3571 2525 3624 aciem
2547 3568 2957 3624 exercitationis
2985 3581 3154 3621 causa
3183 3563 3607 3628 transferantur,

2030 3661 2113 3715 vel
2142 3661 2207 3715 ad
2243 3660 2538 3725 lateranos,
2571 3660 2657 3713 vel
2695 3659 2761 3713 ad
2805 3656 3137 3720 cornistites,
3175 3655 3258 3708 vel
3293 3654 3359 3707 ad
3390 3668 3486 3709 eos
3516 3652 3611 3722 qui

2027 3752 2359 3824 δρουγγιστὶ,
2387 3751 2439 3807 id
2460 3760 2564 3813 est,
2583 3750 2893 3815 confertim,
2922 3757 2977 3803 et
3000 3748 3140 3803 clam
3163 3746 3502 3810 adoriuntur,
3531 3742 3612 3798 vel

2030 3845 2099 3899 ad
2152 3844 2402 3899 occultas
2462 3842 2730 3906 insidias;
2799 3840 3112 3909 huiusmodi
3163 3839 3311 3894 enim
3376 3835 3612 3891 consilii

2031 3935 2382 4005 imperatoria
2448 3934 2712 4002 divulgari
2766 3942 2823 3987 et
2871 3932 2926 3986 in
2963 3931 3157 3998 vulgus
3200 3928 3382 3984 eﬂ‘erri
3433 3927 3614 3997 prius-

2030 4039 2197 4095 quam
2240 4038 2367 4078 cum
2412 4023 2568 4078 hoste
2614 4019 2915 4092 conﬂigas,
2966 4019 3161 4073 inutile
3217 4025 3322 4072 est.
3387 4014 3493 4071 Sed
3540 4013 3612 4069 ad

2032 4125 2354 4187 praesentem
2382 4130 2564 4171 rerum
2592 4129 2749 4169 usum
2777 4129 2845 4169 ex
2874 4124 3120 4182 tempore
3148 4110 3276 4166 talia
3302 4105 3612 4165 adhibenda

2033 4215 2185 4265 sunt.

2101 4380 2192 4434 65.
2236 4378 2340 4434 Par
2368 4386 2453 4433 est
2477 4377 2662 4447 igitur,
2693 4376 2808 4431 sive
2843 4375 3061 4431 comitis
3088 4373 3325 4445 alicujus
3346 4371 3610 4437 bandum,

351 4474 563 4545 βάνδον,
587 4476 699 4530 εἴτε
721 4476 1047 4547 δρούγγους,
1080 4476 1193 4531 εἴτε
1232 4478 1471 4550 τούρμα,
1508 4477 1615 4530 είτε
1656 4477 1749 4531 καὶ
1801 4493 1927 4549 προ·

2034 4472 2148 4531 sive
2188 4472 2455 4541 drungus,
2487 4470 2602 4528 sive
2632 4479 2819 4525 turma
2840 4467 3073 4524 seorsim
3118 4475 3465 4529 exerceatur,
3493 4464 3613 4519 sive

349 4567 657 4637 παράταξις
710 4567 907 4623 πολλοῦ
962 4568 1194 4639 στρατοῦ
1244 4569 1412 4631 ἐστιν,
1462 4567 1520 4621 ἐν
1548 4568 1698 4639 τρισὶ
1727 4567 1921 4637 μέρεσι

348 4661 573 4716 τάσσειν
623 4662 751 4726 τοὺς
822 4660 1296 4733 γυμναζομένους.
1350 4659 1460 4712 Καὶ
1502 4659 1551 4712 εί
1606 4658 1705 4728 μὲν
1734 4656 1926 4728 βάνδον

348 4751 469 4807 ἐστὶ
493 4752 553 4805 τὸ
586 4751 715 4805 ’καθ’
758 4752 919 4806 ἑαυτὸ
947 4750 1382 4823 γυμναζόμενον,
1412 4748 1536 4813 τοὺς
1577 4747 1797 4811 πλείους
1825 4747 1923 4802 αὐ-

346 4842 459 4895 τῶν
488 4844 548 4896 ἐν
563 4842 716 4906 τάξει
737 4841 1071 4914 κουρσὼρων
1095 4841 1290 4895 ποιεῖν.
1325 4837 1455 4891 Ἀπὸ
1478 4837 1613 4891 δέκα
1636 4837 1693 4891 δέ
1721 4836 1927 4891 καὸαλ-

348 4932 570 5005 λαρίους
598 4932 674 5003 (6)
706 4934 798 4987 ἐπὶ
815 4934 993 5003 ἁπλῆς
1029 4933 1192 4996 άκίας
1240 4931 1392 4985 ἐνθεν
1423 4929 1681 4985 κάκεῖθεν
1729 4929 1929 4994 αὐτοὺς

356 5023 730 5094 ίσομετώπους
759 5024 980 5079 τάσσειν
1018 5025 1078 5077 ἐν
1120 5022 1270 5092 τάξει
1304 5018 1677 5091 διφενσώρων,
1735 5018 1931 5082 ἄλλους

349 5116 408 5169 δὲ
474 5117 689 5188 ὀλίγους
751 5116 1151 5188 καϐαλλαρίους
1212 5114 1341 5186 ἄχρι
1403 5112 1534 5171 δέκα
1588 5113 1810 5169 τάσσειν
1860 5109 1931 5163 δι’

349 5205 525 5275 ὅψεως
550 5207 851 5276 ἐναντίους,
904 5206 1047 5273 ὥστε
1095 5206 1194 5277 τὴν
1232 5202 1507 5276 συμϐολὴν
1547 5206 1681 5277 πρὸς
1726 5202 1928 5266 αὐτοὺς

351 5296 690 5363 εἰκάζεσθαι.

2034 4564 2089 4620 in
2131 4563 2493 4619 instructione
2542 4560 2726 4634 magni
2770 4559 3045 4615 exercitus
3082 4556 3407 4619 collocetur,
3460 4561 3521 4608 ut
3552 4552 3613 4608 in

2037 4664 2148 4711 tres
2182 4661 2365 4723 partes
2397 4650 2689 4706 exercendi
2727 4650 3061 4704 dividantur.
3106 4644 3163 4701 Si
3200 4644 3461 4707 bandum,
3495 4642 3613 4697 sive

2030 4747 2226 4803 cohors
2244 4760 2336 4814 per
2352 4758 2413 4799 sc
2438 4751 2817 4807 exerceantur,
2841 4739 3130 4794 maximam
3162 4737 3374 4790 illarum
3404 4743 3613 4802 partem

2034 4840 2092 4896 in
2124 4851 2413 4893 cursorum
2442 4834 2661 4906 agmine
2690 4848 2897 4903 pones;
2926 4846 2993 4884 ex
3025 4828 3302 4898 equitatus
3345 4823 3609 4895 simplici-

2036 4931 2140 4985 bus
2201 4926 2576 4984 contuberniis
2617 4924 2767 4989 hinc,
2795 4932 2958 4992 atque
2976 4920 3124 4973 illinc
3152 4917 3379 4988 aequalia
3403 4931 3613 4971 cornua

2036 5018 2387 5075 defensorum
2417 5015 2539 5069 loco
2567 5027 2765 5084 pones;
2798 5010 2933 5065 alios
2960 5019 3140 5062 autem
3170 5022 3374 5077 paucos
3398 5005 3612 5075 equites

2037 5111 2254 5167 eminus
2278 5118 2403 5163 ante
2430 5112 2785 5173 conspectum
2819 5101 3035 5154 illorum
3059 5113 3250 5169 pones,
3283 5106 3343 5151 ut
3363 5095 3518 5166 quasi
3544 5095 3612 5150 ad

2037 5200 2438 5271 confligendum
2463 5208 2586 5255 cum
2621 5192 2727 5249 illis
2750 5205 2809 5247 se
2836 5204 3143 5265 prmparare
3166 5187 3400 5261 possint.

1853 5417 2083 5479 NOTAE.

421 5544 501 5616 (5)
526 5542 687 5616 Κατὰ
706 5542 918 5610 νώτου,
953 5541 1143 5611 ἤγουν
1173 5539 1443 5596 ὄπισθεν.
1474 5538 1846 5605 Scribebatur,
1868 5552 1923 5590 κ.

352 5635 401 5671 ν.
426 5613 775 5688 ὖγρόπισθεν.

423 5677 849 5757 (λίγἘθισθῶσι.
875 5682 1246 5757 δρτίὺοῢίιιυς,
1267 5677 1580 5757 ἐθ-ιασθεῦσι.

428 5746 754 5829 (5)*Ηγουν
800 5756 1145 5825 ὲγκρίματα.
1196 5751 1410 5818 Scribe,
1446 5749 1616 5821 ἦγουν
1663 5746 1910 5818 ἐγκρύμ-

2034 5548 2199 5669 μαῖὤ
2247 5599 2384 5653 Ἀπὸ
2441 5600 2589 5656 δέκα
2652 5598 2722 5653 δὲ
2776 5593 3239 5665 καϐαλλαριους.
3272 5589 3605 5660 Ejicicndum

2034 5686 2254 5737 censeo,
2292 5669 2442 5724 δέκα.
