  <div class='ocr_page' id='page_1' title='image "/cluster/home/n/w/nwhite01/storage/ocr_20150623/107/coo.31924054870112/419.png"; bbox 0 0 4022 6438; ppageno 0'>
   <div class='ocr_carea' id='block_1_1' title="bbox 422 393 534 463">
    <p class='ocr_par' dir='ltr' id='par_1_1' title="bbox 422 393 534 463">
     <span class='ocr_line' id='line_1_1' title="bbox 422 393 534 463; baseline 0 0"><span class='ocrx_word' id='word_1_1' title='bbox 422 393 534 463; x_wconf 79' lang='grc'><strong>’147</strong></span> 
     </span>
    </p>
   </div>
   <div class='ocr_carea' id='block_1_2' title="bbox 1650 403 2418 467">
    <p class='ocr_par' dir='ltr' id='par_1_2' title="bbox 1650 403 2418 467">
     <span class='ocr_line' id='line_1_2' title="bbox 1650 403 2418 467; baseline 0.007 -4"><span class='ocrx_word' id='word_1_2' title='bbox 1650 403 1925 464; x_wconf 82' lang='lat' dir='ltr'><strong>LEONIS</strong></span> <span class='ocrx_word' id='word_1_3' title='bbox 1955 405 2418 467; x_wconf 86' lang='lat' dir='ltr'><strong>PHILOSOPHI</strong></span> 
     </span>
    </p>
   </div>
   <div class='ocr_carea' id='block_1_3' title="bbox 3565 406 3673 470">
    <p class='ocr_par' dir='ltr' id='par_1_3' title="bbox 3565 406 3673 470">
     <span class='ocr_line' id='line_1_3' title="bbox 3565 406 3673 470; baseline -0.019 0"><span class='ocrx_word' id='word_1_4' title='bbox 3565 406 3673 470; x_wconf 74' lang='grc'><strong>748</strong></span> 
     </span>
    </p>
   </div>
   <div class='ocr_carea' id='block_1_4' title="bbox 496 504 2007 597">
    <p class='ocr_par' dir='ltr' id='par_1_4' title="bbox 496 504 1999 581">
     <span class='ocr_line' id='line_1_4' title="bbox 496 504 1999 581; baseline 0.005 -20"><span class='ocrx_word' id='word_1_5' title='bbox 496 506 588 563; x_wconf 70' lang='grc' dir='ltr'><strong>ιι.</strong></span> <span class='ocrx_word' id='word_1_6' title='bbox 609 504 731 563; x_wconf 81' lang='lat' dir='ltr'><strong>Jam</strong></span> <span class='ocrx_word' id='word_1_7' title='bbox 754 522 875 563; x_wconf 86' lang='lat' dir='ltr'><strong>cum</strong></span> <span class='ocrx_word' id='word_1_8' title='bbox 896 522 955 564; x_wconf 88' lang='lat' dir='ltr'><strong>se</strong></span> <span class='ocrx_word' id='word_1_9' title='bbox 976 508 1132 578; x_wconf 89' lang='lat' dir='ltr'><strong>quasi</strong></span> <span class='ocrx_word' id='word_1_10' title='bbox 1157 510 1223 563; x_wconf 91' lang='lat' dir='ltr'><strong>ad</strong></span> <span class='ocrx_word' id='word_1_11' title='bbox 1252 509 1503 580; x_wconf 68' lang='lat' dir='ltr'><strong>praelium</strong></span> <span class='ocrx_word' id='word_1_12' title='bbox 1529 521 1773 580; x_wconf 89' lang='lat' dir='ltr'><strong>movent,</strong></span> <span class='ocrx_word' id='word_1_13' title='bbox 1802 527 1999 581; x_wconf 74' lang='lat' dir='ltr'><strong>magno</strong></span> 
     </span>
    </p>
   </div>
   <div class='ocr_carea' id='block_1_5' title="bbox 2113 504 3672 597">
    <p class='ocr_par' dir='ltr' id='par_1_5' title="bbox 2174 508 3672 597">
     <span class='ocr_line' id='line_1_5' title="bbox 2174 508 3672 597; baseline 0.001 -28"><span class='ocrx_word' id='word_1_14' title='bbox 2174 518 2277 585; x_wconf 83' lang='grc' dir='ltr'>μδ’.</span> <span class='ocrx_word' id='word_1_15' title='bbox 2324 508 2723 570; x_wconf 83' lang='grc' dir='ltr'>Κινούντωνδὲ</span> <span class='ocrx_word' id='word_1_16' title='bbox 2768 517 2946 571; x_wconf 84' lang='grc' dir='ltr'>αὐτῶν</span> <span class='ocrx_word' id='word_1_17' title='bbox 2971 516 3067 582; x_wconf 84' lang='grc' dir='ltr'><strong>,ὦς</strong></span> <span class='ocrx_word' id='word_1_18' title='bbox 3113 518 3204 572; x_wconf 71' lang='grc' dir='ltr'>ἐπὶ</span> <span class='ocrx_word' id='word_1_19' title='bbox 3232 519 3415 590; x_wconf 82' lang='grc' dir='ltr'>μάχην</span> <span class='ocrx_word' id='word_1_20' title='bbox 3451 518 3672 597; x_wconf 66' lang='grc' dir='ltr'>ἐξέρχε-</span> 
     </span>
    </p>
   </div>
   <div class='ocr_carea' id='block_1_6' title="bbox 428 598 1997 674">
    <p class='ocr_par' dir='ltr' id='par_1_6' title="bbox 428 598 1997 674">
     <span class='ocr_line' id='line_1_6' title="bbox 428 598 1997 674; baseline 0.003 -21"><span class='ocrx_word' id='word_1_21' title='bbox 428 610 632 669; x_wconf 79' lang='lat' dir='ltr'><strong>rmpetu</strong></span> <span class='ocrx_word' id='word_1_22' title='bbox 672 598 816 654; x_wconf 83' lang='lat' dir='ltr'><strong>facto</strong></span> <span class='ocrx_word' id='word_1_23' title='bbox 848 614 1101 654; x_wconf 84' lang='lat' dir='ltr'><strong>cursores</strong></span> <span class='ocrx_word' id='word_1_24' title='bbox 1131 615 1189 656; x_wconf 89' lang='lat' dir='ltr'><strong>se</strong></span> <span class='ocrx_word' id='word_1_25' title='bbox 1232 616 1262 655; x_wconf 91' lang='lat' dir='ltr'><strong>a</strong></span> <span class='ocrx_word' id='word_1_26' title='bbox 1293 601 1673 658; x_wconf 82' lang='lat' dir='ltr'><strong>defensoribus</strong></span> <span class='ocrx_word' id='word_1_27' title='bbox 1723 614 1997 674; x_wconf 88' lang='lat' dir='ltr'><strong>separant,</strong></span> 
     </span>
    </p>
   </div>
   <div class='ocr_carea' id='block_1_7' title="bbox 428 689 2002 759">
    <p class='ocr_par' dir='ltr' id='par_1_7' title="bbox 428 689 2002 759">
     <span class='ocr_line' id='line_1_7' title="bbox 428 689 2002 759; baseline 0.003 -15"><span class='ocrx_word' id='word_1_28' title='bbox 428 698 484 744; x_wconf 86' lang='lat' dir='ltr'><strong>et</strong></span> <span class='ocrx_word' id='word_1_29' title='bbox 513 689 602 743; x_wconf 91' lang='lat' dir='ltr'><strong>ubi</strong></span> <span class='ocrx_word' id='word_1_30' title='bbox 636 696 782 742; x_wconf 85' lang='lat' dir='ltr'><strong>recta</strong></span> <span class='ocrx_word' id='word_1_31' title='bbox 806 704 979 743; x_wconf 90' lang='lat' dir='ltr'><strong>unum</strong></span> <span class='ocrx_word' id='word_1_32' title='bbox 1026 699 1190 759; x_wconf 82' lang='lat' dir='ltr'><strong>atque</strong></span> <span class='ocrx_word' id='word_1_33' title='bbox 1213 691 1444 746; x_wconf 88' lang='lat' dir='ltr'><strong>alterum</strong></span> <span class='ocrx_word' id='word_1_34' title='bbox 1474 692 1710 749; x_wconf 90' lang='lat' dir='ltr'><strong>milliare</strong></span> <span class='ocrx_word' id='word_1_35' title='bbox 1745 709 2002 749; x_wconf 84' lang='lat' dir='ltr'><strong>excurre-</strong></span> 
     </span>
    </p>
   </div>
   <div class='ocr_carea' id='block_1_8' title="bbox 428 777 1999 848">
    <p class='ocr_par' dir='ltr' id='par_1_8' title="bbox 428 777 1999 848">
     <span class='ocr_line' id='line_1_8' title="bbox 428 777 1999 848; baseline 0.005 -17"><span class='ocrx_word' id='word_1_36' title='bbox 428 778 554 840; x_wconf 91' lang='lat' dir='ltr'><strong>rint,</strong></span> <span class='ocrx_word' id='word_1_37' title='bbox 580 777 863 832; x_wconf 91' lang='lat' dir='ltr'><strong>dimidium</strong></span> <span class='ocrx_word' id='word_1_38' title='bbox 893 778 1040 833; x_wconf 90' lang='lat' dir='ltr'><strong>illius</strong></span> <span class='ocrx_word' id='word_1_39' title='bbox 1065 780 1221 848; x_wconf 80' lang='lat' dir='ltr'><strong>spatii</strong></span> <span class='ocrx_word' id='word_1_40' title='bbox 1252 791 1618 848; x_wconf 78' lang='lat' dir='ltr'><strong>revertantur,</strong></span> <span class='ocrx_word' id='word_1_41' title='bbox 1642 793 1697 839; x_wconf 92' lang='lat' dir='ltr'><strong>et</strong></span> <span class='ocrx_word' id='word_1_42' title='bbox 1724 784 1999 839; x_wconf 89' lang='lat' dir='ltr'><strong>interdum</strong></span> 
     </span>
    </p>
   </div>
   <div class='ocr_carea' id='block_1_9' title="bbox 426 866 2000 929">
    <p class='ocr_par' dir='ltr' id='par_1_9' title="bbox 426 866 2000 929">
     <span class='ocr_line' id='line_1_9' title="bbox 426 866 2000 929; baseline 0.005 -9"><span class='ocrx_word' id='word_1_43' title='bbox 426 866 771 921; x_wconf 72' lang='lat' dir='ltr'><strong>dextrorsum</strong></span> <span class='ocrx_word' id='word_1_44' title='bbox 793 906 807 929; x_wconf 94' lang='lat'><strong>,</strong></span> <span class='ocrx_word' id='word_1_45' title='bbox 844 866 1116 921; x_wconf 83' lang='lat' dir='ltr'><strong>interdum</strong></span> <span class='ocrx_word' id='word_1_46' title='bbox 1149 868 1435 924; x_wconf 68' lang='lat' dir='ltr'><strong>laevorsum</strong></span> <span class='ocrx_word' id='word_1_47' title='bbox 1468 886 1527 926; x_wconf 91' lang='lat' dir='ltr'><strong>se</strong></span> <span class='ocrx_word' id='word_1_48' title='bbox 1556 873 1827 928; x_wconf 84' lang='lat' dir='ltr'><strong>currendo</strong></span> <span class='ocrx_word' id='word_1_49' title='bbox 1861 873 2000 928; x_wconf 90' lang='lat' dir='ltr'><strong>obli-</strong></span> 
     </span>
    </p>
   </div>
   <div class='ocr_carea' id='block_1_10' title="bbox 427 957 2002 1035">
    <p class='ocr_par' dir='ltr' id='par_1_10' title="bbox 427 957 2002 1035">
     <span class='ocr_line' id='line_1_10' title="bbox 427 957 2002 1035; baseline 0.007 -25"><span class='ocrx_word' id='word_1_50' title='bbox 427 966 627 1027; x_wconf 89' lang='lat' dir='ltr'><strong>quent,</strong></span> <span class='ocrx_word' id='word_1_51' title='bbox 659 957 845 1027; x_wconf 85' lang='lat' dir='ltr'><strong>sicque</strong></span> <span class='ocrx_word' id='word_1_52' title='bbox 874 959 1034 1013; x_wconf 90' lang='lat' dir='ltr'><strong>tertio</strong></span> <span class='ocrx_word' id='word_1_53' title='bbox 1087 970 1389 1031; x_wconf 77' lang='lat' dir='ltr'><strong>quartaque</strong></span> <span class='ocrx_word' id='word_1_54' title='bbox 1429 962 1654 1029; x_wconf 91' lang='lat' dir='ltr'><strong>faciant,</strong></span> <span class='ocrx_word' id='word_1_55' title='bbox 1697 979 2002 1035; x_wconf 87' lang='lat' dir='ltr'><strong>rursusque</strong></span> 
     </span>
    </p>
   </div>
   <div class='ocr_carea' id='block_1_11' title="bbox 428 1048 1999 1124">
    <p class='ocr_par' dir='ltr' id='par_1_11' title="bbox 428 1048 1999 1124">
     <span class='ocr_line' id='line_1_11' title="bbox 428 1048 1999 1124; baseline 0.005 -23"><span class='ocrx_word' id='word_1_56' title='bbox 428 1048 727 1101; x_wconf 88' lang='lat' dir='ltr'><strong>orbiculate</strong></span> <span class='ocrx_word' id='word_1_57' title='bbox 761 1049 1078 1117; x_wconf 83' lang='lat' dir='ltr'><strong>procedant,</strong></span> <span class='ocrx_word' id='word_1_58' title='bbox 1115 1059 1304 1119; x_wconf 88' lang='lat' dir='ltr'><strong>postea</strong></span> <span class='ocrx_word' id='word_1_59' title='bbox 1334 1053 1570 1121; x_wconf 84' lang='lat' dir='ltr'><strong>spatium</strong></span> <span class='ocrx_word' id='word_1_60' title='bbox 1611 1052 1743 1108; x_wconf 90' lang='lat' dir='ltr'><strong>illud</strong></span> <span class='ocrx_word' id='word_1_61' title='bbox 1771 1068 1999 1124; x_wconf 88' lang='lat' dir='ltr'><strong>percur-</strong></span> 
     </span>
    </p>
   </div>
   <div class='ocr_carea' id='block_1_12' title="bbox 423 1141 2002 1209">
    <p class='ocr_par' dir='ltr' id='par_1_12' title="bbox 423 1141 2002 1209">
     <span class='ocr_line' id='line_1_12' title="bbox 423 1141 2002 1209; baseline 0.006 -17"><span class='ocrx_word' id='word_1_62' title='bbox 423 1147 625 1203; x_wconf 84' lang='lat' dir='ltr'><strong>rentes,</strong></span> <span class='ocrx_word' id='word_1_63' title='bbox 656 1141 801 1209; x_wconf 89' lang='lat' dir='ltr'><strong>quod</strong></span> <span class='ocrx_word' id='word_1_64' title='bbox 834 1141 978 1195; x_wconf 91' lang='lat' dir='ltr'><strong>inter</strong></span> <span class='ocrx_word' id='word_1_65' title='bbox 1002 1156 1097 1198; x_wconf 89' lang='lat' dir='ltr'><strong>eos</strong></span> <span class='ocrx_word' id='word_1_66' title='bbox 1123 1155 1176 1197; x_wconf 85' lang='lat' dir='ltr'><strong>et</strong></span> <span class='ocrx_word' id='word_1_67' title='bbox 1200 1143 1517 1201; x_wconf 80' lang='lat' dir='ltr'><strong>defensores</strong></span> <span class='ocrx_word' id='word_1_68' title='bbox 1539 1157 1644 1209; x_wconf 89' lang='lat' dir='ltr'><strong>est,</strong></span> <span class='ocrx_word' id='word_1_69' title='bbox 1684 1147 1828 1202; x_wconf 92' lang='lat' dir='ltr'><strong>unde</strong></span> <span class='ocrx_word' id='word_1_70' title='bbox 1856 1148 2002 1202; x_wconf 85' lang='lat' dir='ltr'><strong>exie-</strong></span> 
     </span>
    </p>
   </div>
   <div class='ocr_carea' id='block_1_13' title="bbox 362 1220 2001 1304">
    <p class='ocr_par' dir='ltr' id='par_1_13' title="bbox 362 1220 2001 1304">
     <span class='ocr_line' id='line_1_13' title="bbox 362 1220 2001 1304; baseline 0.006 -20"><span class='ocrx_word' id='word_1_71' title='bbox 362 1220 363 1223; x_wconf 36' lang='grc'><em>“</em></span> <span class='ocrx_word' id='word_1_72' title='bbox 424 1240 569 1295; x_wconf 89' lang='lat' dir='ltr'><strong>rant,</strong></span> <span class='ocrx_word' id='word_1_73' title='bbox 603 1247 727 1287; x_wconf 90' lang='lat' dir='ltr'><strong>cum</strong></span> <span class='ocrx_word' id='word_1_74' title='bbox 770 1232 1149 1289; x_wconf 80' lang='lat' dir='ltr'><strong>defensoribus</strong></span> <span class='ocrx_word' id='word_1_75' title='bbox 1187 1236 1343 1304; x_wconf 87' lang='lat' dir='ltr'><strong>quasi</strong></span> <span class='ocrx_word' id='word_1_76' title='bbox 1374 1236 1658 1293; x_wconf 87' lang='lat' dir='ltr'><strong>instructis</strong></span> <span class='ocrx_word' id='word_1_77' title='bbox 1700 1238 1752 1292; x_wconf 92' lang='lat' dir='ltr'><strong>in</strong></span> <span class='ocrx_word' id='word_1_78' title='bbox 1781 1239 1903 1294; x_wconf 85' lang='lat' dir='ltr'><strong>acie</strong></span> <span class='ocrx_word' id='word_1_79' title='bbox 1933 1238 2001 1294; x_wconf 90' lang='lat' dir='ltr'><strong>iis</strong></span> 
     </span>
    </p>
   </div>
   <div class='ocr_carea' id='block_1_14' title="bbox 423 1324 1646 1399">
    <p class='ocr_par' dir='ltr' id='par_1_14' title="bbox 423 1324 1646 1399">
     <span class='ocr_line' id='line_1_14' title="bbox 423 1324 1646 1399; baseline 0.005 -23"><span class='ocrx_word' id='word_1_80' title='bbox 423 1333 745 1388; x_wconf 86' lang='lat' dir='ltr'><strong>occurrant,</strong></span> <span class='ocrx_word' id='word_1_81' title='bbox 782 1324 877 1394; x_wconf 91' lang='lat' dir='ltr'><strong>qui</strong></span> <span class='ocrx_word' id='word_1_82' title='bbox 909 1334 1036 1381; x_wconf 81' lang='lat' dir='ltr'><strong>ante</strong></span> <span class='ocrx_word' id='word_1_83' title='bbox 1069 1339 1166 1382; x_wconf 91' lang='lat' dir='ltr'><strong>eos</strong></span> <span class='ocrx_word' id='word_1_84' title='bbox 1197 1327 1646 1399; x_wconf 88' lang='lat' dir='ltr'><strong>insequebantur.</strong></span> 
     </span>
    </p>
   </div>
   <div class='ocr_carea' id='block_1_15' title="bbox 497 1492 1999 1579">
    <p class='ocr_par' dir='ltr' id='par_1_15' title="bbox 497 1492 1999 1579">
     <span class='ocr_line' id='line_1_15' title="bbox 497 1492 1999 1579; baseline 0.005 -22"><span class='ocrx_word' id='word_1_85' title='bbox 497 1505 586 1559; x_wconf 72' lang='grc'><strong>45.</strong></span> <span class='ocrx_word' id='word_1_86' title='bbox 617 1502 855 1575; x_wconf 83' lang='lat' dir='ltr'><strong>Drungo,</strong></span> <span class='ocrx_word' id='word_1_87' title='bbox 880 1507 931 1560; x_wconf 92' lang='lat' dir='ltr'><strong>id</strong></span> <span class='ocrx_word' id='word_1_88' title='bbox 959 1515 1062 1573; x_wconf 86' lang='lat' dir='ltr'><strong>est,</strong></span> <span class='ocrx_word' id='word_1_89' title='bbox 1086 1508 1294 1579; x_wconf 80' lang='lat' dir='ltr'><strong>integra</strong></span> <span class='ocrx_word' id='word_1_90' title='bbox 1317 1510 1542 1565; x_wconf 86' lang='lat' dir='ltr'><strong>cohorte</strong></span> <span class='ocrx_word' id='word_1_91' title='bbox 1566 1510 1817 1565; x_wconf 88' lang='lat' dir='ltr'><strong>milliaria</strong></span> <span class='ocrx_word' id='word_1_92' title='bbox 1844 1492 1999 1565; x_wconf 83' lang='lat' dir='ltr'><strong>exer-</strong></span> 
     </span>
    </p>
   </div>
   <div class='ocr_carea' id='block_1_16' title="bbox 427 1598 2003 1667">
    <p class='ocr_par' dir='ltr' id='par_1_16' title="bbox 427 1598 2003 1667">
     <span class='ocr_line' id='line_1_16' title="bbox 427 1598 2003 1667; baseline 0.003 -17"><span class='ocrx_word' id='word_1_93' title='bbox 427 1598 631 1651; x_wconf 87' lang='lat' dir='ltr'><strong>citante</strong></span> <span class='ocrx_word' id='word_1_94' title='bbox 662 1599 896 1663; x_wconf 88' lang='lat' dir='ltr'><strong>se,idem</strong></span> <span class='ocrx_word' id='word_1_95' title='bbox 926 1599 1117 1667; x_wconf 81' lang='lat' dir='ltr'><strong>facies,</strong></span> <span class='ocrx_word' id='word_1_96' title='bbox 1154 1610 1210 1656; x_wconf 91' lang='lat' dir='ltr'><strong>et</strong></span> <span class='ocrx_word' id='word_1_97' title='bbox 1259 1603 1537 1657; x_wconf 86' lang='lat' dir='ltr'><strong>cohortem</strong></span> <span class='ocrx_word' id='word_1_98' title='bbox 1576 1602 1627 1656; x_wconf 91' lang='lat' dir='ltr'><strong>in</strong></span> <span class='ocrx_word' id='word_1_99' title='bbox 1660 1617 1911 1657; x_wconf 83' lang='lat' dir='ltr'><strong>cursores</strong></span> <span class='ocrx_word' id='word_1_100' title='bbox 1948 1611 2003 1657; x_wconf 90' lang='lat' dir='ltr'><strong>et</strong></span> 
     </span>
    </p>
   </div>
   <div class='ocr_carea' id='block_1_17' title="bbox 426 1687 2001 1762">
    <p class='ocr_par' dir='ltr' id='par_1_17' title="bbox 426 1687 2001 1762">
     <span class='ocr_line' id='line_1_17' title="bbox 426 1687 2001 1762; baseline 0.004 -21"><span class='ocrx_word' id='word_1_101' title='bbox 426 1687 482 1741; x_wconf 90' lang='lat' dir='ltr'><strong>in</strong></span> <span class='ocrx_word' id='word_1_102' title='bbox 508 1688 824 1744; x_wconf 86' lang='lat' dir='ltr'><strong>defensores</strong></span> <span class='ocrx_word' id='word_1_103' title='bbox 848 1690 1079 1758; x_wconf 83' lang='lat' dir='ltr'><strong>divides,</strong></span> <span class='ocrx_word' id='word_1_104' title='bbox 1114 1700 1167 1747; x_wconf 95' lang='lat' dir='ltr'><strong>et</strong></span> <span class='ocrx_word' id='word_1_105' title='bbox 1197 1707 1291 1747; x_wconf 89' lang='lat' dir='ltr'><strong>eos</strong></span> <span class='ocrx_word' id='word_1_106' title='bbox 1321 1693 1415 1762; x_wconf 87' lang='lat' dir='ltr'><strong>qui</strong></span> <span class='ocrx_word' id='word_1_107' title='bbox 1447 1708 1700 1748; x_wconf 89' lang='lat' dir='ltr'><strong>cursores</strong></span> <span class='ocrx_word' id='word_1_108' title='bbox 1732 1702 1879 1758; x_wconf 90' lang='lat' dir='ltr'><strong>sunt,</strong></span> <span class='ocrx_word' id='word_1_109' title='bbox 1915 1694 2001 1747; x_wconf 93' lang='lat' dir='ltr'><strong>in-</strong></span> 
     </span>
    </p>
   </div>
   <div class='ocr_carea' id='block_1_18' title="bbox 425 1779 1997 1854">
    <p class='ocr_par' dir='ltr' id='par_1_18' title="bbox 425 1779 1997 1854">
     <span class='ocr_line' id='line_1_18' title="bbox 425 1779 1997 1854; baseline 0.006 -22"><span class='ocrx_word' id='word_1_110' title='bbox 425 1779 640 1833; x_wconf 90' lang='lat' dir='ltr'><strong>terdum</strong></span> <span class='ocrx_word' id='word_1_111' title='bbox 678 1780 994 1837; x_wconf 82' lang='lat' dir='ltr'><strong>defensores</strong></span> <span class='ocrx_word' id='word_1_112' title='bbox 1041 1780 1527 1849; x_wconf 89' lang='lat' dir='ltr'><strong>facies,interdum</strong></span> <span class='ocrx_word' id='word_1_113' title='bbox 1569 1793 1791 1854; x_wconf 91' lang='lat' dir='ltr'><strong>contra,</strong></span> <span class='ocrx_word' id='word_1_114' title='bbox 1830 1794 1889 1841; x_wconf 87' lang='lat' dir='ltr'><strong>ut</strong></span> <span class='ocrx_word' id='word_1_115' title='bbox 1931 1784 1997 1841; x_wconf 86' lang='lat' dir='ltr'><strong>ad</strong></span> 
     </span>
    </p>
   </div>
   <div class='ocr_carea' id='block_1_19' title="bbox 426 1872 1197 1940">
    <p class='ocr_par' dir='ltr' id='par_1_19' title="bbox 426 1872 1197 1940">
     <span class='ocr_line' id='line_1_19' title="bbox 426 1872 1197 1940; baseline 0.009 -19"><span class='ocrx_word' id='word_1_116' title='bbox 426 1882 642 1923; x_wconf 87' lang='lat' dir='ltr'><strong>omnem</strong></span> <span class='ocrx_word' id='word_1_117' title='bbox 676 1885 836 1925; x_wconf 91' lang='lat' dir='ltr'><strong>usum</strong></span> <span class='ocrx_word' id='word_1_118' title='bbox 863 1872 1038 1940; x_wconf 85' lang='lat' dir='ltr'><strong>parati</strong></span> <span class='ocrx_word' id='word_1_119' title='bbox 1068 1872 1197 1928; x_wconf 90' lang='lat' dir='ltr'><strong>sint.</strong></span> 
     </span>
    </p>
   </div>
   <div class='ocr_carea' id='block_1_20' title="bbox 496 2046 2001 2123">
    <p class='ocr_par' dir='ltr' id='par_1_20' title="bbox 496 2046 2001 2123">
     <span class='ocr_line' id='line_1_20' title="bbox 496 2046 2001 2123; baseline 0.007 -24"><span class='ocrx_word' id='word_1_120' title='bbox 496 2046 584 2101; x_wconf 71' lang='grc'><strong>46.</strong></span> <span class='ocrx_word' id='word_1_121' title='bbox 621 2046 883 2103; x_wconf 88' lang='lat' dir='ltr'><strong>Similiter</strong></span> <span class='ocrx_word' id='word_1_122' title='bbox 924 2049 1113 2117; x_wconf 88' lang='lat' dir='ltr'><strong>facies,</strong></span> <span class='ocrx_word' id='word_1_123' title='bbox 1147 2059 1327 2107; x_wconf 89' lang='lat' dir='ltr'><strong>turma</strong></span> <span class='ocrx_word' id='word_1_124' title='bbox 1380 2053 1565 2123; x_wconf 79' lang='lat' dir='ltr'><strong>aliqua</strong></span> <span class='ocrx_word' id='word_1_125' title='bbox 1602 2068 1663 2109; x_wconf 90' lang='lat' dir='ltr'><strong>se</strong></span> <span class='ocrx_word' id='word_1_126' title='bbox 1692 2062 2001 2119; x_wconf 86' lang='lat' dir='ltr'><strong>exercente,</strong></span> 
     </span>
    </p>
   </div>
   <div class='ocr_carea' id='block_1_21' title="bbox 424 2132 2006 2210">
    <p class='ocr_par' dir='ltr' id='par_1_21' title="bbox 424 2132 2006 2210">
     <span class='ocr_line' id='line_1_21' title="bbox 424 2132 2006 2210; baseline 0.006 -17"><span class='ocrx_word' id='word_1_127' title='bbox 424 2147 481 2194; x_wconf 90' lang='lat' dir='ltr'><strong>et</strong></span> <span class='ocrx_word' id='word_1_128' title='bbox 516 2140 631 2195; x_wconf 89' lang='lat' dir='ltr'><strong>acie</strong></span> <span class='ocrx_word' id='word_1_129' title='bbox 678 2142 855 2210; x_wconf 83' lang='lat' dir='ltr'><strong>prima</strong></span> <span class='ocrx_word' id='word_1_130' title='bbox 897 2152 990 2197; x_wconf 89' lang='lat' dir='ltr'><strong>aut</strong></span> <span class='ocrx_word' id='word_1_131' title='bbox 1042 2145 1282 2201; x_wconf 86' lang='lat' dir='ltr'><strong>secunda</strong></span> <span class='ocrx_word' id='word_1_132' title='bbox 1307 2132 1429 2201; x_wconf 60' lang='lat' dir='ltr'><strong>&#39;hoc</strong></span> <span class='ocrx_word' id='word_1_133' title='bbox 1470 2146 1725 2203; x_wconf 87' lang='lat' dir='ltr'><strong>faciente.</strong></span> <span class='ocrx_word' id='word_1_134' title='bbox 1772 2148 2006 2202; x_wconf 82' lang='lat' dir='ltr'><strong>Adverte</strong></span> 
     </span>
    </p>
   </div>
   <div class='ocr_carea' id='block_1_22' title="bbox 425 2232 2003 2301">
    <p class='ocr_par' dir='ltr' id='par_1_22' title="bbox 425 2232 2003 2301">
     <span class='ocr_line' id='line_1_22' title="bbox 425 2232 2003 2301; baseline 0.005 -19"><span class='ocrx_word' id='word_1_135' title='bbox 425 2239 608 2285; x_wconf 84' lang='lat' dir='ltr'><strong>autem</strong></span> <span class='ocrx_word' id='word_1_136' title='bbox 633 2232 979 2301; x_wconf 84' lang='lat' dir='ltr'><strong>potissimum</strong></span> <span class='ocrx_word' id='word_1_137' title='bbox 1011 2234 1109 2289; x_wconf 91' lang='lat' dir='ltr'><strong>has</strong></span> <span class='ocrx_word' id='word_1_138' title='bbox 1132 2236 1469 2291; x_wconf 89' lang='lat' dir='ltr'><strong>orbiculatas</strong></span> <span class='ocrx_word' id='word_1_139' title='bbox 1501 2252 1789 2293; x_wconf 91' lang='lat' dir='ltr'><strong>cursorum</strong></span> <span class='ocrx_word' id='word_1_140' title='bbox 1818 2237 2003 2292; x_wconf 79' lang='lat' dir='ltr'><strong>incur-</strong></span> 
     </span>
    </p>
   </div>
   <div class='ocr_carea' id='block_1_23' title="bbox 426 2321 2006 2385">
    <p class='ocr_par' dir='ltr' id='par_1_23' title="bbox 426 2321 2006 2385">
     <span class='ocr_line' id='line_1_23' title="bbox 426 2321 2006 2385; baseline 0.005 -12"><span class='ocrx_word' id='word_1_141' title='bbox 426 2321 632 2385; x_wconf 87' lang='lat' dir='ltr'><strong>siones,</strong></span> <span class='ocrx_word' id='word_1_142' title='bbox 657 2322 750 2377; x_wconf 91' lang='lat' dir='ltr'><strong>ubi</strong></span> <span class='ocrx_word' id='word_1_143' title='bbox 772 2323 987 2379; x_wconf 90' lang='lat' dir='ltr'><strong>diversa</strong></span> <span class='ocrx_word' id='word_1_144' title='bbox 1014 2332 1067 2378; x_wconf 91' lang='lat' dir='ltr'><strong>et</strong></span> <span class='ocrx_word' id='word_1_145' title='bbox 1092 2327 1239 2380; x_wconf 84' lang='lat' dir='ltr'><strong>varia</strong></span> <span class='ocrx_word' id='word_1_146' title='bbox 1263 2326 1441 2381; x_wconf 89' lang='lat' dir='ltr'><strong>banda</strong></span> <span class='ocrx_word' id='word_1_147' title='bbox 1472 2328 1587 2382; x_wconf 89' lang='lat' dir='ltr'><strong>sive</strong></span> <span class='ocrx_word' id='word_1_148' title='bbox 1611 2328 1863 2383; x_wconf 88' lang='lat' dir='ltr'><strong>cohortes</strong></span> <span class='ocrx_word' id='word_1_149' title='bbox 1887 2328 2006 2381; x_wconf 82' lang='lat' dir='ltr'><strong>fue-</strong></span> 
     </span>
    </p>
   </div>
   <div class='ocr_carea' id='block_1_24' title="bbox 429 2414 2006 2484">
    <p class='ocr_par' dir='ltr' id='par_1_24' title="bbox 429 2414 2006 2484">
     <span class='ocr_line' id='line_1_24' title="bbox 429 2414 2006 2484; baseline 0.003 -17"><span class='ocrx_word' id='word_1_150' title='bbox 429 2414 557 2477; x_wconf 87' lang='lat' dir='ltr'><strong>rint,</strong></span> <span class='ocrx_word' id='word_1_151' title='bbox 582 2423 642 2468; x_wconf 91' lang='lat' dir='ltr'><strong>ut</strong></span> <span class='ocrx_word' id='word_1_152' title='bbox 671 2414 723 2468; x_wconf 92' lang='lat' dir='ltr'><strong>in</strong></span> <span class='ocrx_word' id='word_1_153' title='bbox 748 2415 885 2469; x_wconf 90' lang='lat' dir='ltr'><strong>duas</strong></span> <span class='ocrx_word' id='word_1_154' title='bbox 909 2425 1085 2470; x_wconf 87' lang='lat' dir='ltr'><strong>sortes</strong></span> <span class='ocrx_word' id='word_1_155' title='bbox 1108 2418 1440 2484; x_wconf 84' lang='lat' dir='ltr'><strong>dividantur,</strong></span> <span class='ocrx_word' id='word_1_156' title='bbox 1464 2428 1519 2473; x_wconf 88' lang='lat' dir='ltr'><strong>et</strong></span> <span class='ocrx_word' id='word_1_157' title='bbox 1556 2420 1836 2473; x_wconf 90' lang='lat' dir='ltr'><strong>contrario</strong></span> <span class='ocrx_word' id='word_1_158' title='bbox 1865 2419 2006 2473; x_wconf 87' lang='lat' dir='ltr'><strong>inter</strong></span> 
     </span>
    </p>
   </div>
   <div class='ocr_carea' id='block_1_25' title="bbox 428 2508 2005 2574">
    <p class='ocr_par' dir='ltr' id='par_1_25' title="bbox 428 2508 2005 2574">
     <span class='ocr_line' id='line_1_25' title="bbox 428 2508 2005 2574; baseline 0.004 -16"><span class='ocrx_word' id='word_1_159' title='bbox 428 2519 488 2558; x_wconf 90' lang='lat' dir='ltr'><strong>se</strong></span> <span class='ocrx_word' id='word_1_160' title='bbox 514 2514 664 2559; x_wconf 89' lang='lat' dir='ltr'><strong>motu</strong></span> <span class='ocrx_word' id='word_1_161' title='bbox 692 2513 936 2571; x_wconf 89' lang='lat' dir='ltr'><strong>currant,</strong></span> <span class='ocrx_word' id='word_1_162' title='bbox 971 2514 1025 2559; x_wconf 89' lang='lat' dir='ltr'><strong>et</strong></span> <span class='ocrx_word' id='word_1_163' title='bbox 1054 2508 1267 2560; x_wconf 83' lang='lat' dir='ltr'><strong>obviam</strong></span> <span class='ocrx_word' id='word_1_164' title='bbox 1299 2509 1402 2563; x_wconf 85' lang='lat' dir='ltr'><strong>sibi</strong></span> <span class='ocrx_word' id='word_1_165' title='bbox 1438 2520 1625 2563; x_wconf 80' lang='lat' dir='ltr'><strong>Inntuo</strong></span> <span class='ocrx_word' id='word_1_166' title='bbox 1658 2510 1809 2574; x_wconf 88' lang='lat' dir='ltr'><strong>fiant,</strong></span> <span class='ocrx_word' id='word_1_167' title='bbox 1837 2511 2005 2565; x_wconf 83' lang='lat' dir='ltr'><strong>altera</strong></span> 
     </span>
    </p>
   </div>
   <div class='ocr_carea' id='block_1_26' title="bbox 428 2594 2007 2672">
    <p class='ocr_par' dir='ltr' id='par_1_26' title="bbox 428 2594 2007 2672">
     <span class='ocr_line' id='line_1_26' title="bbox 428 2594 2007 2672; baseline 0.005 -24"><span class='ocrx_word' id='word_1_168' title='bbox 428 2594 586 2663; x_wconf 87' lang='lat' dir='ltr'><strong>foris,</strong></span> <span class='ocrx_word' id='word_1_169' title='bbox 617 2597 781 2650; x_wconf 88' lang='lat' dir='ltr'><strong>altera</strong></span> <span class='ocrx_word' id='word_1_170' title='bbox 824 2598 1053 2651; x_wconf 84' lang='lat' dir='ltr'><strong>interius</strong></span> <span class='ocrx_word' id='word_1_171' title='bbox 1093 2599 1388 2665; x_wconf 91' lang='lat' dir='ltr'><strong>currendo,</strong></span> <span class='ocrx_word' id='word_1_172' title='bbox 1420 2610 1479 2654; x_wconf 88' lang='lat' dir='ltr'><strong>ut</strong></span> <span class='ocrx_word' id='word_1_173' title='bbox 1511 2617 1577 2656; x_wconf 83' lang='lat' dir='ltr'><strong>ne</strong></span> <span class='ocrx_word' id='word_1_174' title='bbox 1619 2601 2007 2672; x_wconf 87' lang='lat' dir='ltr'><strong>impedimento</strong></span> 
     </span>
    </p>
   </div>
   <div class='ocr_carea' id='block_1_27' title="bbox 430 2688 868 2759">
    <p class='ocr_par' dir='ltr' id='par_1_27' title="bbox 430 2688 868 2759">
     <span class='ocr_line' id='line_1_27' title="bbox 430 2688 868 2759; baseline 0.002 -16"><span class='ocrx_word' id='word_1_175' title='bbox 430 2688 707 2759; x_wconf 89' lang='lat' dir='ltr'><strong>equitibus</strong></span> <span class='ocrx_word' id='word_1_176' title='bbox 738 2689 868 2744; x_wconf 84' lang='lat' dir='ltr'><strong>sint.</strong></span> 
     </span>
    </p>
   </div>
   <div class='ocr_carea' id='block_1_28' title="bbox 499 2800 2004 2873">
    <p class='ocr_par' dir='ltr' id='par_1_28' title="bbox 499 2800 2004 2873">
     <span class='ocr_line' id='line_1_28' title="bbox 499 2800 2004 2873; baseline 0.005 -17"><span class='ocrx_word' id='word_1_177' title='bbox 499 2800 589 2856; x_wconf 75' lang='grc'>47.</span> <span class='ocrx_word' id='word_1_178' title='bbox 628 2800 832 2858; x_wconf 90' lang='lat' dir='ltr'><strong>Deinde</strong></span> <span class='ocrx_word' id='word_1_179' title='bbox 871 2804 1112 2860; x_wconf 89' lang='lat' dir='ltr'><strong>latrones</strong></span> <span class='ocrx_word' id='word_1_180' title='bbox 1150 2806 1265 2861; x_wconf 87' lang='lat' dir='ltr'><strong>sive</strong></span> <span class='ocrx_word' id='word_1_181' title='bbox 1305 2805 1581 2862; x_wconf 90' lang='lat' dir='ltr'><strong>lateranos</strong></span> <span class='ocrx_word' id='word_1_182' title='bbox 1603 2817 1655 2862; x_wconf 89' lang='lat' dir='ltr'><strong>et</strong></span> <span class='ocrx_word' id='word_1_183' title='bbox 1674 2808 2004 2873; x_wconf 79' lang='lat' dir='ltr'><strong>cornistites,</strong></span> 
     </span>
    </p>
   </div>
   <div class='ocr_carea' id='block_1_29' title="bbox 430 2893 2009 2969">
    <p class='ocr_par' dir='ltr' id='par_1_29' title="bbox 430 2893 2009 2969">
     <span class='ocr_line' id='line_1_29' title="bbox 430 2893 2009 2969; baseline 0.003 -21"><span class='ocrx_word' id='word_1_184' title='bbox 430 2893 484 2948; x_wconf 88' lang='lat' dir='ltr'><strong>id</strong></span> <span class='ocrx_word' id='word_1_185' title='bbox 527 2902 640 2957; x_wconf 88' lang='lat' dir='ltr'><strong>est,</strong></span> <span class='ocrx_word' id='word_1_186' title='bbox 685 2910 779 2949; x_wconf 90' lang='lat' dir='ltr'><strong>eos</strong></span> <span class='ocrx_word' id='word_1_187' title='bbox 824 2894 916 2964; x_wconf 92' lang='lat' dir='ltr'><strong>qui</strong></span> <span class='ocrx_word' id='word_1_188' title='bbox 960 2896 1027 2949; x_wconf 89' lang='lat' dir='ltr'><strong>ad</strong></span> <span class='ocrx_word' id='word_1_189' title='bbox 1073 2895 1498 2952; x_wconf 87' lang='lat' dir='ltr'><strong>circumdandos</strong></span> <span class='ocrx_word' id='word_1_190' title='bbox 1537 2913 1567 2952; x_wconf 90' lang='lat' dir='ltr'><strong>a</strong></span> <span class='ocrx_word' id='word_1_191' title='bbox 1614 2899 1801 2953; x_wconf 79' lang='lat' dir='ltr'><strong>dextra</strong></span> <span class='ocrx_word' id='word_1_192' title='bbox 1855 2909 2009 2969; x_wconf 82' lang='lat' dir='ltr'><strong>parte</strong></span> 
     </span>
    </p>
   </div>
   <div class='ocr_carea' id='block_1_30' title="bbox 430 2987 2009 3061">
    <p class='ocr_par' dir='ltr' id='par_1_30' title="bbox 430 2987 2009 3061">
     <span class='ocr_line' id='line_1_30' title="bbox 430 2987 2009 3061; baseline 0.004 -22"><span class='ocrx_word' id='word_1_193' title='bbox 430 2987 615 3042; x_wconf 82' lang='lat' dir='ltr'><strong>hostes</strong></span> <span class='ocrx_word' id='word_1_194' title='bbox 650 2987 875 3042; x_wconf 82' lang='lat' dir='ltr'><strong>locaturi</strong></span> <span class='ocrx_word' id='word_1_195' title='bbox 898 3028 912 3052; x_wconf 91' lang='lat'><strong>,</strong></span> <span class='ocrx_word' id='word_1_196' title='bbox 943 2989 1230 3057; x_wconf 80' lang='lat' dir='ltr'><strong>separatim</strong></span> <span class='ocrx_word' id='word_1_197' title='bbox 1275 3005 1398 3045; x_wconf 91' lang='lat' dir='ltr'><strong>cum</strong></span> <span class='ocrx_word' id='word_1_198' title='bbox 1435 2990 1541 3045; x_wconf 89' lang='lat' dir='ltr'><strong>illis</strong></span> <span class='ocrx_word' id='word_1_199' title='bbox 1587 2992 1916 3061; x_wconf 80' lang='grc' dir='ltr'>δρουγγιστὶ,</span> <span class='ocrx_word' id='word_1_200' title='bbox 1956 2991 2009 3046; x_wconf 88' lang='lat' dir='ltr'><strong>id</strong></span> 
     </span>
    </p>
   </div>
   <div class='ocr_carea' id='block_1_31' title="bbox 429 3077 2009 3141">
    <p class='ocr_par' dir='ltr' id='par_1_31' title="bbox 429 3077 2009 3141">
     <span class='ocr_line' id='line_1_31' title="bbox 429 3077 2009 3141; baseline 0.001 -8"><span class='ocrx_word' id='word_1_201' title='bbox 429 3086 537 3141; x_wconf 89' lang='lat' dir='ltr'><strong>est,</strong></span> <span class='ocrx_word' id='word_1_202' title='bbox 570 3077 859 3133; x_wconf 91' lang='lat' dir='ltr'><strong>confertim</strong></span> <span class='ocrx_word' id='word_1_203' title='bbox 881 3089 935 3134; x_wconf 92' lang='lat' dir='ltr'><strong>et</strong></span> <span class='ocrx_word' id='word_1_204' title='bbox 961 3080 1123 3135; x_wconf 91' lang='lat' dir='ltr'><strong>simul</strong></span> <span class='ocrx_word' id='word_1_205' title='bbox 1148 3080 1479 3135; x_wconf 83' lang='lat' dir='ltr'><strong>incursando</strong></span> <span class='ocrx_word' id='word_1_206' title='bbox 1509 3096 1785 3135; x_wconf 84' lang='lat' dir='ltr'><strong>exerceas.</strong></span> <span class='ocrx_word' id='word_1_207' title='bbox 1826 3080 1931 3135; x_wconf 87' lang='lat' dir='ltr'><strong>Sed</strong></span> <span class='ocrx_word' id='word_1_208' title='bbox 1957 3081 2009 3134; x_wconf 87' lang='lat' dir='ltr'><strong>id</strong></span> 
     </span>
    </p>
   </div>
   <div class='ocr_carea' id='block_1_32' title="bbox 2103 608 3676 683">
    <p class='ocr_par' dir='ltr' id='par_1_32' title="bbox 2103 608 3676 683">
     <span class='ocr_line' id='line_1_32' title="bbox 2103 608 3676 683; baseline 0.002 -22"><span class='ocrx_word' id='word_1_209' title='bbox 2103 608 2224 661; x_wconf 85' lang='grc' dir='ltr'>σθαι</span> <span class='ocrx_word' id='word_1_210' title='bbox 2257 609 2353 663; x_wconf 79' lang='grc' dir='ltr'>σὺν</span> <span class='ocrx_word' id='word_1_211' title='bbox 2375 609 2565 680; x_wconf 72' lang='grc' dir='ltr'>ἐλασίᾳ</span> <span class='ocrx_word' id='word_1_212' title='bbox 2585 608 2677 662; x_wconf 77' lang='grc' dir='ltr'><strong>τοῦ</strong></span> <span class='ocrx_word' id='word_1_213' title='bbox 2705 609 3037 681; x_wconf 86' lang='grc' dir='ltr'>κούρσωρος,</span> <span class='ocrx_word' id='word_1_214' title='bbox 3084 611 3177 664; x_wconf 71' lang='grc' dir='ltr'>καὶ</span> <span class='ocrx_word' id='word_1_215' title='bbox 3201 610 3536 683; x_wconf 69' lang='grc' dir='ltr'>χωρίζεσθαι</span> <span class='ocrx_word' id='word_1_216' title='bbox 3563 611 3676 664; x_wconf 85' lang='grc' dir='ltr'>τῶν</span> 
     </span>
    </p>
   </div>
   <div class='ocr_carea' id='block_1_33' title="bbox 2099 698 3675 773">
    <p class='ocr_par' dir='ltr' id='par_1_33' title="bbox 2099 698 3675 773">
     <span class='ocr_line' id='line_1_33' title="bbox 2099 698 3675 773; baseline 0.003 -22"><span class='ocrx_word' id='word_1_217' title='bbox 2099 698 2426 769; x_wconf 89' lang='grc' dir='ltr'>διφεστόρων</span> <span class='ocrx_word' id='word_1_218' title='bbox 2450 699 2549 770; x_wconf 88' lang='lat'><strong>(7),</strong></span> <span class='ocrx_word' id='word_1_219' title='bbox 2574 701 2669 754; x_wconf 73' lang='grc' dir='ltr'>καὶ</span> <span class='ocrx_word' id='word_1_220' title='bbox 2691 700 2985 771; x_wconf 81' lang='grc' dir='ltr'><strong>τρέχοντας</strong></span> <span class='ocrx_word' id='word_1_221' title='bbox 3034 701 3120 755; x_wconf 80' lang='grc' dir='ltr'>ἐπ’</span> <span class='ocrx_word' id='word_1_222' title='bbox 3162 701 3377 766; x_wconf 77' lang='grc' dir='ltr'><strong>εὐθείας</strong></span> <span class='ocrx_word' id='word_1_223' title='bbox 3425 702 3501 766; x_wconf 89' lang='grc' dir='ltr'><strong>ώς</strong></span> <span class='ocrx_word' id='word_1_224' title='bbox 3535 701 3592 755; x_wconf 77' lang='grc' dir='ltr'><strong>ιν</strong></span> <span class='ocrx_word' id='word_1_225' title='bbox 3638 703 3675 773; x_wconf 77' lang='grc' dir='ltr'>ἢ</span> 
     </span>
    </p>
   </div>
   <div class='ocr_carea' id='block_1_34' title="bbox 2099 787 3678 864">
    <p class='ocr_par' dir='ltr' id='par_1_34' title="bbox 2099 787 3678 864">
     <span class='ocr_line' id='line_1_34' title="bbox 2099 787 3678 864; baseline 0.003 -22"><span class='ocrx_word' id='word_1_226' title='bbox 2099 789 2352 860; x_wconf 88' lang='grc' dir='ltr'>δεύτερον</span> <span class='ocrx_word' id='word_1_227' title='bbox 2378 790 2545 860; x_wconf 88' lang='grc' dir='ltr'>μίλιν,</span> <span class='ocrx_word' id='word_1_228' title='bbox 2575 791 2943 861; x_wconf 82' lang='grc' dir='ltr'><strong>ὑποστρέφειν</strong></span> <span class='ocrx_word' id='word_1_229' title='bbox 2981 790 3086 854; x_wconf 80' lang='grc' dir='ltr'>ἓως</span> <span class='ocrx_word' id='word_1_230' title='bbox 3134 792 3227 846; x_wconf 80' lang='grc' dir='ltr'><strong>τοῦ</strong></span> <span class='ocrx_word' id='word_1_231' title='bbox 3260 787 3504 864; x_wconf 78' lang='grc' dir='ltr'>ἡμίσεως</span> <span class='ocrx_word' id='word_1_232' title='bbox 3531 794 3678 847; x_wconf 84' lang='grc' dir='ltr'>ἐκεί-</span> 
     </span>
    </p>
   </div>
   <div class='ocr_carea' id='block_1_35' title="bbox 2100 880 3677 954">
    <p class='ocr_par' dir='ltr' id='par_1_35' title="bbox 2100 880 3677 954">
     <span class='ocr_line' id='line_1_35' title="bbox 2100 880 3677 954; baseline 0.002 -19"><span class='ocrx_word' id='word_1_233' title='bbox 2100 896 2191 935; x_wconf 87' lang='grc' dir='ltr'><strong>νου</strong></span> <span class='ocrx_word' id='word_1_234' title='bbox 2220 880 2605 951; x_wconf 81' lang='grc' dir='ltr'>διαστήματος,</span> <span class='ocrx_word' id='word_1_235' title='bbox 2629 882 2725 935; x_wconf 73' lang='grc' dir='ltr'>καὶ</span> <span class='ocrx_word' id='word_1_236' title='bbox 2759 882 3106 946; x_wconf 82' lang='grc' dir='ltr'>ἐκκλίνοντας</span> <span class='ocrx_word' id='word_1_237' title='bbox 3162 882 3289 936; x_wconf 86' lang='grc' dir='ltr'><strong>ποτέ</strong></span> <span class='ocrx_word' id='word_1_238' title='bbox 3347 884 3445 954; x_wconf 81' lang='grc' dir='ltr'><strong>μὲν</strong></span> <span class='ocrx_word' id='word_1_239' title='bbox 3502 884 3677 950; x_wconf 78' lang='grc' dir='ltr'>δεξιὰ,</span> 
     </span>
    </p>
   </div>
   <div class='ocr_carea' id='block_1_36' title="bbox 2100 970 3679 1045">
    <p class='ocr_par' dir='ltr' id='par_1_36' title="bbox 2100 970 3679 1045">
     <span class='ocr_line' id='line_1_36' title="bbox 2100 970 3679 1045; baseline 0.003 -23"><span class='ocrx_word' id='word_1_240' title='bbox 2100 970 2229 1022; x_wconf 87' lang='grc' dir='ltr'><strong>ποτέ</strong></span> <span class='ocrx_word' id='word_1_241' title='bbox 2251 970 2307 1023; x_wconf 83' lang='grc' dir='ltr'>δὲ</span> <span class='ocrx_word' id='word_1_242' title='bbox 2332 971 2594 1043; x_wconf 82' lang='grc' dir='ltr'>ἀριστερὰ</span> <span class='ocrx_word' id='word_1_243' title='bbox 2614 972 2848 1043; x_wconf 87' lang='grc' dir='ltr'>τρέχειν,</span> <span class='ocrx_word' id='word_1_244' title='bbox 2876 972 3049 1035; x_wconf 77' lang='grc' dir='ltr'>οὕτως</span> <span class='ocrx_word' id='word_1_245' title='bbox 3075 973 3133 1025; x_wconf 83' lang='grc' dir='ltr'><strong>δέ</strong></span> <span class='ocrx_word' id='word_1_246' title='bbox 3181 975 3356 1027; x_wconf 83' lang='grc' dir='ltr'>ποιεῖν</span> <span class='ocrx_word' id='word_1_247' title='bbox 3378 974 3472 1027; x_wconf 60' lang='grc' dir='ltr'><strong>καλ⁵</strong></span> <span class='ocrx_word' id='word_1_248' title='bbox 3493 974 3679 1045; x_wconf 85' lang='grc' dir='ltr'>τρίτον</span> 
     </span>
    </p>
   </div>
   <div class='ocr_carea' id='block_1_37' title="bbox 2100 1057 3678 1129">
    <p class='ocr_par' dir='ltr' id='par_1_37' title="bbox 2100 1057 3678 1129">
     <span class='ocr_line' id='line_1_37' title="bbox 2100 1057 3678 1129; baseline 0.003 -16"><span class='ocrx_word' id='word_1_249' title='bbox 2100 1059 2196 1114; x_wconf 76' lang='grc' dir='ltr'>καὶ</span> <span class='ocrx_word' id='word_1_250' title='bbox 2221 1059 2497 1129; x_wconf 86' lang='grc' dir='ltr'>τέταρτον,</span> <span class='ocrx_word' id='word_1_251' title='bbox 2533 1057 2652 1115; x_wconf 85' lang='grc' dir='ltr'>εἶτα</span> <span class='ocrx_word' id='word_1_252' title='bbox 2710 1062 2871 1117; x_wconf 88' lang='grc' dir='ltr'>πάλιν</span> <span class='ocrx_word' id='word_1_253' title='bbox 2921 1061 3244 1127; x_wconf 59' lang='grc' dir='ltr'>κυήοειδῶς</span> <span class='ocrx_word' id='word_1_254' title='bbox 3270 1063 3534 1127; x_wconf 79' lang='grc' dir='ltr'>ἐλαύνειν,</span> <span class='ocrx_word' id='word_1_255' title='bbox 3580 1064 3678 1118; x_wconf 77' lang='grc' dir='ltr'>καὶ</span> 
     </span>
    </p>
   </div>
   <div class='ocr_carea' id='block_1_38' title="bbox 2104 1151 3678 1225">
    <p class='ocr_par' dir='ltr' id='par_1_38' title="bbox 2104 1151 3678 1225">
     <span class='ocr_line' id='line_1_38' title="bbox 2104 1151 3678 1225; baseline 0.002 -21"><span class='ocrx_word' id='word_1_256' title='bbox 2104 1151 2242 1223; x_wconf 84' lang='grc' dir='ltr'>μετὰ</span> <span class='ocrx_word' id='word_1_257' title='bbox 2265 1151 2437 1206; x_wconf 80' lang='grc' dir='ltr'>ταῦτα</span> <span class='ocrx_word' id='word_1_258' title='bbox 2456 1155 2889 1225; x_wconf 80' lang='grc' dir='ltr'><strong>προστρέχοντας</strong></span> <span class='ocrx_word' id='word_1_259' title='bbox 2923 1156 2981 1207; x_wconf 88' lang='grc' dir='ltr'><strong>ἐν</strong></span> <span class='ocrx_word' id='word_1_260' title='bbox 3018 1152 3097 1224; x_wconf 85' lang='grc' dir='ltr'><strong>τῷ</strong></span> <span class='ocrx_word' id='word_1_261' title='bbox 3130 1154 3332 1224; x_wconf 79' lang='grc' dir='ltr'>μεταξὺ</span> <span class='ocrx_word' id='word_1_262' title='bbox 3364 1156 3515 1225; x_wconf 78' lang='grc' dir='ltr'>τόπῳ</span> <span class='ocrx_word' id='word_1_263' title='bbox 3567 1155 3678 1207; x_wconf 84' lang='grc' dir='ltr'>τῶν</span> 
     </span>
    </p>
   </div>
   <div class='ocr_carea' id='block_1_39' title="bbox 2100 1243 3677 1315">
    <p class='ocr_par' dir='ltr' id='par_1_39' title="bbox 2100 1243 3677 1315">
     <span class='ocr_line' id='line_1_39' title="bbox 2100 1243 3677 1315; baseline 0.002 -19"><span class='ocrx_word' id='word_1_264' title='bbox 2100 1243 2465 1313; x_wconf 84' lang='grc' dir='ltr'>διφενσώρων,</span> <span class='ocrx_word' id='word_1_265' title='bbox 2500 1244 2622 1298; x_wconf 82' lang='grc' dir='ltr'>ὅθεν</span> <span class='ocrx_word' id='word_1_266' title='bbox 2650 1244 2743 1297; x_wconf 71' lang='grc' dir='ltr'><strong>καὶ</strong></span> <span class='ocrx_word' id='word_1_267' title='bbox 2772 1244 3017 1315; x_wconf 81' lang='grc' dir='ltr'>ἐξῆλθον,</span> <span class='ocrx_word' id='word_1_268' title='bbox 3047 1246 3184 1315; x_wconf 72' lang='grc' dir='ltr'>μετὰ</span> <span class='ocrx_word' id='word_1_269' title='bbox 3206 1244 3311 1299; x_wconf 85' lang='grc' dir='ltr'>τῶν</span> <span class='ocrx_word' id='word_1_270' title='bbox 3334 1245 3408 1309; x_wconf 87' lang='grc' dir='ltr'><strong>ώς</strong></span> <span class='ocrx_word' id='word_1_271' title='bbox 3439 1247 3495 1298; x_wconf 90' lang='grc' dir='ltr'><strong>ἐν</strong></span> <span class='ocrx_word' id='word_1_272' title='bbox 3523 1244 3677 1312; x_wconf 85' lang='grc' dir='ltr'>τάξει</span> 
     </span>
    </p>
   </div>
   <div class='ocr_carea' id='block_1_40' title="bbox 2100 1332 3677 1407">
    <p class='ocr_par' dir='ltr' id='par_1_40' title="bbox 2100 1332 3677 1407">
     <span class='ocr_line' id='line_1_40' title="bbox 2100 1332 3677 1407; baseline 0.004 -22"><span class='ocrx_word' id='word_1_273' title='bbox 2100 1332 2447 1403; x_wconf 86' lang='grc' dir='ltr'>διφενσώρων</span> <span class='ocrx_word' id='word_1_274' title='bbox 2499 1333 2765 1403; x_wconf 85' lang='grc' dir='ltr'>ἐλαύνειν,</span> <span class='ocrx_word' id='word_1_275' title='bbox 2808 1334 2883 1400; x_wconf 90' lang='grc' dir='ltr'><strong>ώς</strong></span> <span class='ocrx_word' id='word_1_276' title='bbox 2916 1336 2995 1401; x_wconf 88' lang='grc' dir='ltr'><strong>είς</strong></span> <span class='ocrx_word' id='word_1_277' title='bbox 3026 1335 3331 1407; x_wconf 83' lang='grc' dir='ltr'><strong>ἀπάντησιν</strong></span> <span class='ocrx_word' id='word_1_278' title='bbox 3357 1337 3465 1388; x_wconf 87' lang='grc' dir='ltr'>τῶν</span> <span class='ocrx_word' id='word_1_279' title='bbox 3503 1353 3677 1391; x_wconf 86' lang='grc' dir='ltr'>κατα-</span> 
     </span>
    </p>
   </div>
   <div class='ocr_carea' id='block_1_41' title="bbox 2102 1423 2647 1488">
    <p class='ocr_par' dir='ltr' id='par_1_41' title="bbox 2102 1423 2647 1488">
     <span class='ocr_line' id='line_1_41' title="bbox 2102 1423 2647 1488; baseline 0.006 -13"><span class='ocrx_word' id='word_1_280' title='bbox 2102 1423 2408 1478; x_wconf 86' lang='grc' dir='ltr'>διωκόντων</span> <span class='ocrx_word' id='word_1_281' title='bbox 2430 1424 2647 1488; x_wconf 84' lang='grc' dir='ltr'>αὐτούς.</span> 
     </span>
    </p>
   </div>
   <div class='ocr_carea' id='block_1_42' title="bbox 2176 1511 3672 1588">
    <p class='ocr_par' dir='ltr' id='par_1_42' title="bbox 2176 1511 3672 1588">
     <span class='ocr_line' id='line_1_42' title="bbox 2176 1511 3672 1588; baseline 0.004 -23"><span class='ocrx_word' id='word_1_282' title='bbox 2176 1511 2278 1583; x_wconf 84' lang='grc' dir='ltr'>με’.</span> <span class='ocrx_word' id='word_1_283' title='bbox 2309 1513 2463 1567; x_wconf 79' lang='grc' dir='ltr'>Οὕτω</span> <span class='ocrx_word' id='word_1_284' title='bbox 2500 1514 2556 1568; x_wconf 84' lang='grc' dir='ltr'>δὲ</span> <span class='ocrx_word' id='word_1_285' title='bbox 2586 1517 2759 1568; x_wconf 85' lang='grc' dir='ltr'>ποιεῖν</span> <span class='ocrx_word' id='word_1_286' title='bbox 2788 1516 2882 1569; x_wconf 72' lang='grc' dir='ltr'>καὶ</span> <span class='ocrx_word' id='word_1_287' title='bbox 2918 1515 3185 1586; x_wconf 88' lang='grc' dir='ltr'>δρούγγου</span> <span class='ocrx_word' id='word_1_288' title='bbox 3214 1516 3630 1588; x_wconf 80' lang='grc' dir='ltr'>γυμναζομένου</span> <span class='ocrx_word' id='word_1_289' title='bbox 3655 1534 3672 1549; x_wconf 86' lang='grc'><strong>·</strong></span> 
     </span>
    </p>
   </div>
   <div class='ocr_carea' id='block_1_43' title="bbox 2102 1603 3675 1679">
    <p class='ocr_par' dir='ltr' id='par_1_43' title="bbox 2102 1603 3675 1679">
     <span class='ocr_line' id='line_1_43' title="bbox 2102 1603 3675 1679; baseline 0.003 -22"><span class='ocrx_word' id='word_1_290' title='bbox 2102 1604 2196 1657; x_wconf 79' lang='grc' dir='ltr'>καὶ</span> <span class='ocrx_word' id='word_1_291' title='bbox 2226 1603 2296 1657; x_wconf 77' lang='grc' dir='ltr'><strong>τά</strong></span> <span class='ocrx_word' id='word_1_292' title='bbox 2328 1607 2427 1674; x_wconf 83' lang='grc' dir='ltr'>μὲν</span> <span class='ocrx_word' id='word_1_293' title='bbox 2449 1605 2557 1659; x_wconf 83' lang='grc' dir='ltr'><strong>τῶν</strong></span> <span class='ocrx_word' id='word_1_294' title='bbox 2583 1605 2790 1675; x_wconf 86' lang='grc' dir='ltr'>βάνδων</span> <span class='ocrx_word' id='word_1_295' title='bbox 2836 1606 3002 1660; x_wconf 80' lang='grc' dir='ltr'>αὐτοῦ</span> <span class='ocrx_word' id='word_1_296' title='bbox 3052 1609 3273 1662; x_wconf 80' lang='grc' dir='ltr'><strong>τάσσειν</strong></span> <span class='ocrx_word' id='word_1_297' title='bbox 3330 1608 3675 1679; x_wconf 84' lang='grc' dir='ltr'>κούρσωρας,</span> 
     </span>
    </p>
   </div>
   <div class='ocr_carea' id='block_1_44' title="bbox 2100 1695 3679 1768">
    <p class='ocr_par' dir='ltr' id='par_1_44' title="bbox 2100 1695 3679 1768">
     <span class='ocr_line' id='line_1_44' title="bbox 2100 1695 3679 1768; baseline 0.001 -18"><span class='ocrx_word' id='word_1_298' title='bbox 2100 1695 2171 1750; x_wconf 86' lang='grc' dir='ltr'><strong>τὰ</strong></span> <span class='ocrx_word' id='word_1_299' title='bbox 2196 1696 2253 1749; x_wconf 83' lang='grc' dir='ltr'>δὲ</span> <span class='ocrx_word' id='word_1_300' title='bbox 2292 1696 2646 1768; x_wconf 90' lang='grc' dir='ltr'>διφένσωρας,</span> <span class='ocrx_word' id='word_1_301' title='bbox 2669 1698 2765 1751; x_wconf 61' lang='grc' dir='ltr'><strong>καὶ¹</strong></span> <span class='ocrx_word' id='word_1_302' title='bbox 2789 1698 2948 1753; x_wconf 81' lang='grc' dir='ltr'>πάλιν</span> <span class='ocrx_word' id='word_1_303' title='bbox 2977 1699 3318 1753; x_wconf 87' lang='grc' dir='ltr'>ἐναλλάσσειν</span> <span class='ocrx_word' id='word_1_304' title='bbox 3344 1701 3503 1765; x_wconf 76' lang='grc' dir='ltr'>αὐτὰ,</span> <span class='ocrx_word' id='word_1_305' title='bbox 3537 1698 3679 1753; x_wconf 84' lang='grc' dir='ltr'>ὥστε</span> 
     </span>
    </p>
   </div>
   <div class='ocr_carea' id='block_1_45' title="bbox 2106 1786 3781 1863">
    <p class='ocr_par' dir='ltr' id='par_1_45' title="bbox 2106 1786 3781 1863">
     <span class='ocr_line' id='line_1_45' title="bbox 2106 1786 3781 1863; baseline 0.003 -23"><span class='ocrx_word' id='word_1_306' title='bbox 2106 1788 2199 1860; x_wconf 79' lang='grc' dir='ltr'>[τὰ</span> <span class='ocrx_word' id='word_1_307' title='bbox 2232 1786 2353 1858; x_wconf 84' lang='grc' dir='ltr'>μὲν]</span> <span class='ocrx_word' id='word_1_308' title='bbox 2377 1790 2504 1850; x_wconf 81' lang='grc' dir='ltr'>τοὺς</span> <span class='ocrx_word' id='word_1_309' title='bbox 2524 1787 2865 1859; x_wconf 87' lang='grc' dir='ltr'>κούρσωρας,</span> <span class='ocrx_word' id='word_1_310' title='bbox 2897 1790 2965 1843; x_wconf 78' lang='grc' dir='ltr'>τὰ</span> <span class='ocrx_word' id='word_1_311' title='bbox 2992 1790 3047 1843; x_wconf 78' lang='grc' dir='ltr'>δὲ</span> <span class='ocrx_word' id='word_1_312' title='bbox 3080 1792 3451 1863; x_wconf 84' lang='grc' dir='ltr'>διαφένσωρας</span> <span class='ocrx_word' id='word_1_313' title='bbox 3482 1794 3678 1856; x_wconf 82' lang='grc' dir='ltr'>ποιεῖν,</span> <span class='ocrx_word' id='word_1_314' title='bbox 3776 1830 3781 1833; x_wconf 55' lang='grc' dir='ltr'><strong>ι</strong></span> 
     </span>
    </p>
   </div>
   <div class='ocr_carea' id='block_1_46' title="bbox 2030 1857 3681 1952">
    <p class='ocr_par' dir='ltr' id='par_1_46' title="bbox 2030 1857 3681 1952">
     <span class='ocr_line' id='line_1_46' title="bbox 2030 1857 3681 1952; baseline 0.004 -22"><span class='ocrx_word' id='word_1_315' title='bbox 2030 1857 2077 1917; x_wconf 80' lang='grc' dir='ltr'><strong>Β</strong></span> <span class='ocrx_word' id='word_1_316' title='bbox 2105 1857 2200 1932; x_wconf 76' lang='grc' dir='ltr'>καὶ</span> <span class='ocrx_word' id='word_1_317' title='bbox 2252 1857 2381 1941; x_wconf 69' lang='grc' dir='ltr'>τούς</span> <span class='ocrx_word' id='word_1_318' title='bbox 2439 1857 2834 1950; x_wconf 83' lang='grc' dir='ltr'>διαφένσωρας,</span> <span class='ocrx_word' id='word_1_319' title='bbox 2904 1880 3045 1934; x_wconf 81' lang='grc' dir='ltr'>ὥστε</span> <span class='ocrx_word' id='word_1_320' title='bbox 3095 1857 3232 1952; x_wconf 75' lang='grc' dir='ltr'>πρδς</span> <span class='ocrx_word' id='word_1_321' title='bbox 3283 1857 3383 1952; x_wconf 75' lang='grc' dir='ltr'><strong>τὴν</strong></span> <span class='ocrx_word' id='word_1_322' title='bbox 3416 1881 3681 1937; x_wconf 78' lang='grc' dir='ltr'><strong>δοκοῦσαν</strong></span> 
     </span>
    </p>
   </div>
   <div class='ocr_carea' id='block_1_47' title="bbox 2104 1968 2991 2045">
    <p class='ocr_par' dir='ltr' id='par_1_47' title="bbox 2104 1968 2991 2045">
     <span class='ocr_line' id='line_1_47' title="bbox 2104 1968 2991 2045; baseline 0.003 -20"><span class='ocrx_word' id='word_1_323' title='bbox 2104 1973 2293 2045; x_wconf 84' lang='grc' dir='ltr'>χρείαν</span> <span class='ocrx_word' id='word_1_324' title='bbox 2328 1972 2578 2043; x_wconf 79' lang='grc' dir='ltr'>ἑτοίμους</span> <span class='ocrx_word' id='word_1_325' title='bbox 2603 1973 2801 2036; x_wconf 77' lang='grc' dir='ltr'>αὐτοὺς</span> <span class='ocrx_word' id='word_1_326' title='bbox 2831 1968 2991 2028; x_wconf 72' lang='grc' dir='ltr'>εἶναι.</span> 
     </span>
    </p>
   </div>
   <div class='ocr_carea' id='block_1_48' title="bbox 2174 2058 3681 2138">
    <p class='ocr_par' dir='ltr' id='par_1_48' title="bbox 2174 2058 3681 2138">
     <span class='ocr_line' id='line_1_48' title="bbox 2174 2058 3681 2138; baseline -0.002 -16"><span class='ocrx_word' id='word_1_327' title='bbox 2174 2065 2293 2138; x_wconf 81' lang='grc' dir='ltr'>μς¹.</span> <span class='ocrx_word' id='word_1_328' title='bbox 2335 2066 2567 2136; x_wconf 88' lang='grc' dir='ltr'>Ὁμοίως</span> <span class='ocrx_word' id='word_1_329' title='bbox 2615 2066 2673 2119; x_wconf 80' lang='grc' dir='ltr'><strong>δέ</strong></span> <span class='ocrx_word' id='word_1_330' title='bbox 2733 2068 2905 2119; x_wconf 83' lang='grc' dir='ltr'>ποιεῖν</span> <span class='ocrx_word' id='word_1_331' title='bbox 2934 2066 3025 2119; x_wconf 75' lang='grc' dir='ltr'>καὶ</span> <span class='ocrx_word' id='word_1_332' title='bbox 3057 2066 3301 2136; x_wconf 89' lang='grc' dir='ltr'>τούρμας</span> <span class='ocrx_word' id='word_1_333' title='bbox 3329 2058 3681 2136; x_wconf 84' lang='grc' dir='ltr'>γυμναζομέ-</span> 
     </span>
    </p>
   </div>
   <div class='ocr_carea' id='block_1_49' title="bbox 2105 2154 3676 2229">
    <p class='ocr_par' dir='ltr' id='par_1_49' title="bbox 2105 2154 3676 2229">
     <span class='ocr_line' id='line_1_49' title="bbox 2105 2154 3676 2229; baseline -0.001 -17"><span class='ocrx_word' id='word_1_334' title='bbox 2105 2176 2202 2229; x_wconf 84' lang='grc' dir='ltr'><strong>νης</strong></span> <span class='ocrx_word' id='word_1_335' title='bbox 2227 2154 2587 2229; x_wconf 81' lang='grc' dir='ltr'>παρατάξεως</span> <span class='ocrx_word' id='word_1_336' title='bbox 2606 2158 2853 2229; x_wconf 88' lang='grc' dir='ltr'>πρώτης,</span> <span class='ocrx_word' id='word_1_337' title='bbox 2884 2159 2978 2212; x_wconf 79' lang='grc' dir='ltr'>καὶ</span> <span class='ocrx_word' id='word_1_338' title='bbox 3007 2157 3364 2228; x_wconf 85' lang='grc' dir='ltr'>παρατάξεως</span> <span class='ocrx_word' id='word_1_339' title='bbox 3392 2158 3676 2228; x_wconf 81' lang='grc' dir='ltr'>δευτέρας.</span> 
     </span>
    </p>
   </div>
   <div class='ocr_carea' id='block_1_50' title="bbox 2118 2246 3685 2316">
    <p class='ocr_par' dir='ltr' id='par_1_50' title="bbox 2118 2246 3685 2316">
     <span class='ocr_line' id='line_1_50' title="bbox 2118 2246 3685 2316; baseline -0.002 -13"><span class='ocrx_word' id='word_1_340' title='bbox 2118 2248 2444 2316; x_wconf 79' lang='grc' dir='ltr'>Ἐπισκέψαι</span> <span class='ocrx_word' id='word_1_341' title='bbox 2498 2247 2557 2301; x_wconf 82' lang='grc' dir='ltr'>δὲ</span> <span class='ocrx_word' id='word_1_342' title='bbox 2607 2249 2687 2310; x_wconf 83' lang='grc' dir='ltr'><strong>εἰς</strong></span> <span class='ocrx_word' id='word_1_343' title='bbox 2746 2248 2846 2310; x_wconf 81' lang='grc' dir='ltr'>τὰς</span> <span class='ocrx_word' id='word_1_344' title='bbox 2901 2247 3232 2310; x_wconf 70' lang='grc' dir='ltr'>κυκλοειδεῖς</span> <span class='ocrx_word' id='word_1_345' title='bbox 3290 2246 3511 2310; x_wconf 89' lang='grc' dir='ltr'>ἐλασίας</span> <span class='ocrx_word' id='word_1_346' title='bbox 3571 2247 3685 2301; x_wconf 86' lang='grc' dir='ltr'><strong>τῶν</strong></span> 
     </span>
    </p>
   </div>
   <div class='ocr_carea' id='block_1_51' title="bbox 2106 2336 3683 2411">
    <p class='ocr_par' dir='ltr' id='par_1_51' title="bbox 2106 2336 3683 2411">
     <span class='ocr_line' id='line_1_51' title="bbox 2106 2336 3683 2411; baseline -0.003 -17"><span class='ocrx_word' id='word_1_347' title='bbox 2106 2339 2438 2411; x_wconf 90' lang='grc' dir='ltr'>κουρσώρων</span> <span class='ocrx_word' id='word_1_348' title='bbox 2490 2338 2623 2392; x_wconf 83' lang='grc' dir='ltr'>ὅπου</span> <span class='ocrx_word' id='word_1_349' title='bbox 2660 2338 2888 2409; x_wconf 87' lang='grc' dir='ltr'>διάφορα</span> <span class='ocrx_word' id='word_1_350' title='bbox 2926 2338 3089 2407; x_wconf 83' lang='grc' dir='ltr'>βάνδα</span> <span class='ocrx_word' id='word_1_351' title='bbox 3141 2336 3512 2408; x_wconf 84' lang='grc' dir='ltr'>εὑρίσκονται,</span> <span class='ocrx_word' id='word_1_352' title='bbox 3539 2337 3683 2391; x_wconf 80' lang='grc' dir='ltr'>ὥστε</span> 
     </span>
    </p>
   </div>
   <div class='ocr_carea' id='block_1_52' title="bbox 2108 2427 3684 2500">
    <p class='ocr_par' dir='ltr' id='par_1_52' title="bbox 2108 2427 3684 2500">
     <span class='ocr_line' id='line_1_52' title="bbox 2108 2427 3684 2500; baseline -0.003 -15"><span class='ocrx_word' id='word_1_353' title='bbox 2108 2434 2187 2495; x_wconf 82' lang='grc' dir='ltr'><strong>είς</strong></span> <span class='ocrx_word' id='word_1_354' title='bbox 2231 2430 2326 2483; x_wconf 89' lang='grc' dir='ltr'><strong>δύο</strong></span> <span class='ocrx_word' id='word_1_355' title='bbox 2380 2429 2554 2499; x_wconf 82' lang='grc' dir='ltr'>ἀρχὰς</span> <span class='ocrx_word' id='word_1_356' title='bbox 2586 2428 2759 2482; x_wconf 81' lang='grc' dir='ltr'>ταῦτα</span> <span class='ocrx_word' id='word_1_357' title='bbox 2804 2427 3142 2500; x_wconf 75' lang='grc' dir='ltr'>μερίζεσθαι,</span> <span class='ocrx_word' id='word_1_358' title='bbox 3177 2428 3271 2481; x_wconf 69' lang='grc' dir='ltr'>καὶ</span> <span class='ocrx_word' id='word_1_359' title='bbox 3305 2428 3551 2482; x_wconf 76' lang='grc' dir='ltr'>ἐλαύνειν</span> <span class='ocrx_word' id='word_1_360' title='bbox 3580 2428 3684 2498; x_wconf 83' lang='grc' dir='ltr'><strong>τὴν</strong></span> 
     </span>
    </p>
   </div>
   <div class='ocr_carea' id='block_1_53' title="bbox 2107 2519 3685 2595">
    <p class='ocr_par' dir='ltr' id='par_1_53' title="bbox 2107 2519 3685 2595">
     <span class='ocr_line' id='line_1_53' title="bbox 2107 2519 3685 2595; baseline -0.003 -20"><span class='ocrx_word' id='word_1_361' title='bbox 2107 2522 2356 2577; x_wconf 75' lang='grc' dir='ltr'>ἐναντίαν</span> <span class='ocrx_word' id='word_1_362' title='bbox 2407 2520 2673 2590; x_wconf 84' lang='grc' dir='ltr'>ἀλλήλων,</span> <span class='ocrx_word' id='word_1_363' title='bbox 2728 2521 2822 2573; x_wconf 72' lang='grc' dir='ltr'>καὶ</span> <span class='ocrx_word' id='word_1_364' title='bbox 2864 2520 2956 2573; x_wconf 82' lang='grc' dir='ltr'>ὑπ’</span> <span class='ocrx_word' id='word_1_365' title='bbox 3006 2519 3175 2583; x_wconf 78' lang='grc' dir='ltr'>αὐτὰς</span> <span class='ocrx_word' id='word_1_366' title='bbox 3197 2520 3294 2584; x_wconf 82' lang='grc' dir='ltr'><strong>τὰς</strong></span> <span class='ocrx_word' id='word_1_367' title='bbox 3314 2520 3513 2595; x_wconf 72' lang='grc' dir='ltr'>ἀρχὰς,</span> <span class='ocrx_word' id='word_1_368' title='bbox 3583 2520 3685 2590; x_wconf 79' lang='grc' dir='ltr'><strong>τὴν</strong></span> 
     </span>
    </p>
   </div>
   <div class='ocr_carea' id='block_1_54' title="bbox 2110 2611 3683 2685">
    <p class='ocr_par' dir='ltr' id='par_1_54' title="bbox 2110 2611 3683 2685">
     <span class='ocr_line' id='line_1_54' title="bbox 2110 2611 3683 2685; baseline -0.001 -18"><span class='ocrx_word' id='word_1_369' title='bbox 2110 2614 2211 2685; x_wconf 78' lang='grc' dir='ltr'><strong>μὲν</strong></span> <span class='ocrx_word' id='word_1_370' title='bbox 2247 2612 2374 2684; x_wconf 89' lang='grc' dir='ltr'>μίαν</span> <span class='ocrx_word' id='word_1_371' title='bbox 2392 2612 2519 2679; x_wconf 72' lang='grc' dir='ltr'>ἔξω,</span> <span class='ocrx_word' id='word_1_372' title='bbox 2547 2612 2647 2682; x_wconf 82' lang='grc' dir='ltr'><strong>τὴν</strong></span> <span class='ocrx_word' id='word_1_373' title='bbox 2673 2611 2730 2665; x_wconf 87' lang='grc' dir='ltr'><strong>δέ</strong></span> <span class='ocrx_word' id='word_1_374' title='bbox 2764 2612 3020 2681; x_wconf 83' lang='grc' dir='ltr'>δευτέραν</span> <span class='ocrx_word' id='word_1_375' title='bbox 3054 2611 3306 2682; x_wconf 77' lang='grc' dir='ltr'><strong>ἐσωτέρω</strong></span> <span class='ocrx_word' id='word_1_376' title='bbox 3337 2611 3571 2682; x_wconf 79' lang='grc' dir='ltr'>τρέχειν,</span> <span class='ocrx_word' id='word_1_377' title='bbox 3594 2612 3683 2665; x_wconf 83' lang='grc' dir='ltr'><strong>ἵνα</strong></span> 
     </span>
    </p>
   </div>
   <div class='ocr_carea' id='block_1_55' title="bbox 2112 2703 3364 2778">
    <p class='ocr_par' dir='ltr' id='par_1_55' title="bbox 2112 2703 3364 2778">
     <span class='ocr_line' id='line_1_55' title="bbox 2112 2703 3364 2778; baseline -0.001 -19"><span class='ocrx_word' id='word_1_378' title='bbox 2112 2706 2188 2778; x_wconf 77' lang='grc' dir='ltr'>μὴ</span> <span class='ocrx_word' id='word_1_379' title='bbox 2216 2705 2651 2778; x_wconf 83' lang='grc' dir='ltr'>προσκρούματα</span> <span class='ocrx_word' id='word_1_380' title='bbox 2674 2704 3058 2775; x_wconf 79' lang='grc' dir='ltr'>καόαλλαρίων</span> <span class='ocrx_word' id='word_1_381' title='bbox 3087 2703 3364 2772; x_wconf 84' lang='grc' dir='ltr'>γίνωνται.</span> 
     </span>
    </p>
   </div>
   <div class='ocr_carea' id='block_1_56' title="bbox 2178 2819 3681 2892">
    <p class='ocr_par' dir='ltr' id='par_1_56' title="bbox 2178 2819 3681 2892">
     <span class='ocr_line' id='line_1_56' title="bbox 2178 2819 3681 2892; baseline -0.002 -17"><span class='ocrx_word' id='word_1_382' title='bbox 2178 2821 2287 2892; x_wconf 64' lang='grc' dir='ltr'><strong>μζ.</strong></span> <span class='ocrx_word' id='word_1_383' title='bbox 2348 2820 2476 2875; x_wconf 87' lang='grc' dir='ltr'>Δέον</span> <span class='ocrx_word' id='word_1_384' title='bbox 2529 2821 2587 2874; x_wconf 81' lang='grc' dir='ltr'>δὲ</span> <span class='ocrx_word' id='word_1_385' title='bbox 2645 2819 2742 2875; x_wconf 75' lang='grc' dir='ltr'>καὶ</span> <span class='ocrx_word' id='word_1_386' title='bbox 2789 2819 3256 2889; x_wconf 77' lang='grc' dir='ltr'>πλαγιοφύλακας,</span> <span class='ocrx_word' id='word_1_387' title='bbox 3290 2820 3386 2873; x_wconf 75' lang='grc' dir='ltr'>καὶ</span> <span class='ocrx_word' id='word_1_388' title='bbox 3438 2820 3681 2890; x_wconf 82' lang='grc' dir='ltr'>ὑπερκε·</span> 
     </span>
    </p>
   </div>
   <div class='ocr_carea' id='block_1_57' title="bbox 2113 2906 3683 2985">
    <p class='ocr_par' dir='ltr' id='par_1_57' title="bbox 2113 2906 3683 2985">
     <span class='ocr_line' id='line_1_57' title="bbox 2113 2906 3683 2985; baseline -0.003 -19"><span class='ocrx_word' id='word_1_389' title='bbox 2113 2912 2337 2985; x_wconf 80' lang='grc' dir='ltr'>ραστὰς,</span> <span class='ocrx_word' id='word_1_390' title='bbox 2370 2913 2539 2983; x_wconf 72' lang='grc' dir='ltr'>ἤγουν</span> <span class='ocrx_word' id='word_1_391' title='bbox 2568 2912 2693 2974; x_wconf 81' lang='grc' dir='ltr'>τοὺς</span> <span class='ocrx_word' id='word_1_392' title='bbox 2720 2910 2819 2970; x_wconf 80' lang='grc' dir='ltr'><strong>τὰς</strong></span> <span class='ocrx_word' id='word_1_393' title='bbox 2841 2910 3143 2972; x_wconf 83' lang='grc' dir='ltr'>κυκλώσεις</span> <span class='ocrx_word' id='word_1_394' title='bbox 3186 2909 3295 2963; x_wconf 79' lang='grc' dir='ltr'><strong>ἀπὸ</strong></span> <span class='ocrx_word' id='word_1_395' title='bbox 3351 2907 3444 2962; x_wconf 80' lang='grc' dir='ltr'><strong>τοῦ</strong></span> <span class='ocrx_word' id='word_1_396' title='bbox 3505 2906 3683 2974; x_wconf 85' lang='grc' dir='ltr'>δεξιοῦ</span> 
     </span>
    </p>
   </div>
   <div class='ocr_carea' id='block_1_58' title="bbox 2115 2999 3685 3073">
    <p class='ocr_par' dir='ltr' id='par_1_58' title="bbox 2115 2999 3685 3073">
     <span class='ocr_line' id='line_1_58' title="bbox 2115 2999 3685 3073; baseline -0.002 -19"><span class='ocrx_word' id='word_1_397' title='bbox 2115 3002 2313 3073; x_wconf 82' lang='grc' dir='ltr'>μέρους</span> <span class='ocrx_word' id='word_1_398' title='bbox 2376 3000 2665 3064; x_wconf 82' lang='grc' dir='ltr'>ποιοῦντας</span> <span class='ocrx_word' id='word_1_399' title='bbox 2741 2999 2884 3063; x_wconf 89' lang='grc' dir='ltr'>ίδίως</span> <span class='ocrx_word' id='word_1_400' title='bbox 2942 2999 3078 3070; x_wconf 84' lang='grc' dir='ltr'>μετὰ</span> <span class='ocrx_word' id='word_1_401' title='bbox 3124 2999 3301 3053; x_wconf 82' lang='grc' dir='ltr'>αὐτῶν</span> <span class='ocrx_word' id='word_1_402' title='bbox 3348 2999 3685 3070; x_wconf 77' lang='grc' dir='ltr'>δρουγγιστὶ,</span> 
     </span>
    </p>
   </div>
   <div class='ocr_carea' id='block_1_59' title="bbox 2112 3089 3684 3163">
    <p class='ocr_par' dir='ltr' id='par_1_59' title="bbox 2112 3089 3684 3163">
     <span class='ocr_line' id='line_1_59' title="bbox 2112 3089 3684 3163; baseline -0.003 -18"><span class='ocrx_word' id='word_1_403' title='bbox 2112 3094 2277 3163; x_wconf 71' lang='grc' dir='ltr'>ῆγουν</span> <span class='ocrx_word' id='word_1_404' title='bbox 2319 3093 2556 3155; x_wconf 83' lang='grc' dir='ltr'>πυκνοὺς</span> <span class='ocrx_word' id='word_1_405' title='bbox 2610 3090 2704 3146; x_wconf 76' lang='grc' dir='ltr'>καὶ</span> <span class='ocrx_word' id='word_1_406' title='bbox 2752 3090 2888 3160; x_wconf 77' lang='grc' dir='ltr'>ὁμοῦ</span> <span class='ocrx_word' id='word_1_407' title='bbox 2945 3090 3318 3160; x_wconf 85' lang='grc' dir='ltr'>ἐμπίπτοντας</span> <span class='ocrx_word' id='word_1_408' title='bbox 3358 3089 3684 3159; x_wconf 80' lang='grc' dir='ltr'>γυμνάζειν,</span> 
     </span>
    </p>
   </div>
   <div class='ocr_carea' id='block_1_60' title="bbox 430 3172 2007 3265">
    <p class='ocr_par' dir='ltr' id='par_1_60' title="bbox 430 3172 2004 3243">
     <span class='ocr_line' id='line_1_60' title="bbox 430 3172 2004 3243; baseline 0.001 -17"><span class='ocrx_word' id='word_1_409' title='bbox 430 3172 707 3242; x_wconf 67' lang='lat' dir='ltr'><strong>praedictis</strong></span> <span class='ocrx_word' id='word_1_410' title='bbox 722 3173 788 3226; x_wconf 88' lang='lat' dir='ltr'><strong>de</strong></span> <span class='ocrx_word' id='word_1_411' title='bbox 811 3174 995 3228; x_wconf 89' lang='lat' dir='ltr'><strong>causis</strong></span> <span class='ocrx_word' id='word_1_412' title='bbox 1015 3182 1277 3242; x_wconf 88' lang='lat' dir='ltr'><strong>quantum</strong></span> <span class='ocrx_word' id='word_1_413' title='bbox 1309 3183 1463 3243; x_wconf 87' lang='lat' dir='ltr'><strong>potes</strong></span> <span class='ocrx_word' id='word_1_414' title='bbox 1482 3172 1790 3227; x_wconf 87' lang='lat' dir='ltr'><strong>clanculum</strong></span> <span class='ocrx_word' id='word_1_415' title='bbox 1816 3172 2004 3228; x_wconf 87' lang='lat' dir='ltr'><strong>facias.</strong></span> 
     </span>
    </p>
   </div>
   <div class='ocr_carea' id='block_1_61' title="bbox 2113 3172 3540 3265">
    <p class='ocr_par' dir='ltr' id='par_1_61' title="bbox 2113 3180 3540 3252">
     <span class='ocr_line' id='line_1_61' title="bbox 2113 3180 3540 3252; baseline -0.003 -14"><span class='ocrx_word' id='word_1_416' title='bbox 2113 3184 2482 3247; x_wconf 85' lang='grc' dir='ltr'>λανθανόντως</span> <span class='ocrx_word' id='word_1_417' title='bbox 2519 3183 2576 3235; x_wconf 91' lang='grc' dir='ltr'><strong>δέ</strong></span> <span class='ocrx_word' id='word_1_418' title='bbox 2609 3182 2676 3235; x_wconf 87' lang='grc' dir='ltr'><strong>δι’</strong></span> <span class='ocrx_word' id='word_1_419' title='bbox 2701 3181 2771 3251; x_wconf 78' lang='grc' dir='ltr'><strong>ἢν</strong></span> <span class='ocrx_word' id='word_1_420' title='bbox 2794 3180 3057 3252; x_wconf 79' lang='grc' dir='ltr'>ἀνωτέρω</span> <span class='ocrx_word' id='word_1_421' title='bbox 3084 3182 3310 3251; x_wconf 83' lang='grc' dir='ltr'>είπομεν</span> <span class='ocrx_word' id='word_1_422' title='bbox 3338 3180 3540 3234; x_wconf 79' lang='grc' dir='ltr'>αἰτίαν.</span> 
     </span>
    </p>
   </div>
   <div class='ocr_carea' id='block_1_62' title="bbox 500 3285 2006 3356">
    <p class='ocr_par' dir='ltr' id='par_1_62' title="bbox 500 3285 2006 3356">
     <span class='ocr_line' id='line_1_62' title="bbox 500 3285 2006 3356; baseline -0.001 -16"><span class='ocrx_word' id='word_1_423' title='bbox 500 3287 592 3341; x_wconf 71' lang='grc'><strong>48.</strong></span> <span class='ocrx_word' id='word_1_424' title='bbox 632 3286 818 3355; x_wconf 85' lang='lat' dir='ltr'><strong>Itaque</strong></span> <span class='ocrx_word' id='word_1_425' title='bbox 844 3286 889 3340; x_wconf 92' lang='lat' dir='ltr'><strong>si</strong></span> <span class='ocrx_word' id='word_1_426' title='bbox 920 3287 1077 3356; x_wconf 91' lang='lat' dir='ltr'><strong>quasi</strong></span> <span class='ocrx_word' id='word_1_427' title='bbox 1098 3286 1362 3341; x_wconf 90' lang='lat' dir='ltr'><strong>adversus</strong></span> <span class='ocrx_word' id='word_1_428' title='bbox 1396 3286 1571 3340; x_wconf 91' lang='lat' dir='ltr'><strong>aciem</strong></span> <span class='ocrx_word' id='word_1_429' title='bbox 1603 3285 1841 3340; x_wconf 90' lang='lat' dir='ltr'><strong>hostium</strong></span> <span class='ocrx_word' id='word_1_430' title='bbox 1873 3285 2006 3340; x_wconf 89' lang='lat' dir='ltr'><strong>emi-</strong></span> 
     </span>
    </p>
   </div>
   <div class='ocr_carea' id='block_1_63' title="bbox 434 3375 2006 3441">
    <p class='ocr_par' dir='ltr' id='par_1_63' title="bbox 434 3375 2006 3441">
     <span class='ocr_line' id='line_1_63' title="bbox 434 3375 2006 3441; baseline -0.003 -7"><span class='ocrx_word' id='word_1_431' title='bbox 434 3394 539 3434; x_wconf 88' lang='lat' dir='ltr'><strong>nus</strong></span> <span class='ocrx_word' id='word_1_432' title='bbox 571 3379 951 3441; x_wconf 87' lang='lat' dir='ltr'><strong>exsistentem,</strong></span> <span class='ocrx_word' id='word_1_433' title='bbox 992 3386 1115 3432; x_wconf 92' lang='lat' dir='ltr'><strong>tuos</strong></span> <span class='ocrx_word' id='word_1_434' title='bbox 1148 3375 1497 3440; x_wconf 83' lang='lat' dir='ltr'><strong>instruxeris,</strong></span> <span class='ocrx_word' id='word_1_435' title='bbox 1540 3389 1739 3430; x_wconf 89' lang='lat' dir='ltr'><strong>accura</strong></span> <span class='ocrx_word' id='word_1_436' title='bbox 1778 3383 1836 3428; x_wconf 89' lang='lat' dir='ltr'><strong>ut</strong></span> <span class='ocrx_word' id='word_1_437' title='bbox 1864 3389 2006 3429; x_wconf 71' lang='lat' dir='ltr'><strong>exae-</strong></span> 
     </span>
    </p>
   </div>
   <div class='ocr_carea' id='block_1_64' title="bbox 432 3464 2008 3541">
    <p class='ocr_par' dir='ltr' id='par_1_64' title="bbox 432 3464 2008 3541">
     <span class='ocr_line' id='line_1_64' title="bbox 432 3464 2008 3541; baseline -0.003 -16"><span class='ocrx_word' id='word_1_438' title='bbox 432 3480 672 3541; x_wconf 83' lang='lat' dir='ltr'><strong>quentur</strong></span> <span class='ocrx_word' id='word_1_439' title='bbox 699 3471 826 3534; x_wconf 89' lang='lat' dir='ltr'><strong>illis,</strong></span> <span class='ocrx_word' id='word_1_440' title='bbox 859 3481 914 3526; x_wconf 87' lang='lat' dir='ltr'><strong>et</strong></span> <span class='ocrx_word' id='word_1_441' title='bbox 950 3485 1055 3524; x_wconf 91' lang='lat' dir='ltr'><strong>non</strong></span> <span class='ocrx_word' id='word_1_442' title='bbox 1094 3468 1598 3525; x_wconf 82' lang='lat' dir='ltr'><strong>circumveniantur</strong></span> <span class='ocrx_word' id='word_1_443' title='bbox 1627 3466 1695 3520; x_wconf 83' lang='lat' dir='ltr'><strong>ab</strong></span> <span class='ocrx_word' id='word_1_444' title='bbox 1731 3467 1819 3521; x_wconf 91' lang='lat' dir='ltr'><strong>iis.</strong></span> <span class='ocrx_word' id='word_1_445' title='bbox 1854 3464 1909 3519; x_wconf 89' lang='lat' dir='ltr'><strong>In</strong></span> <span class='ocrx_word' id='word_1_446' title='bbox 1942 3464 2008 3520; x_wconf 91' lang='lat' dir='ltr'><strong>iis</strong></span> 
     </span>
    </p>
   </div>
   <div class='ocr_carea' id='block_1_65' title="bbox 432 3559 2007 3634">
    <p class='ocr_par' dir='ltr' id='par_1_65' title="bbox 432 3559 2007 3634">
     <span class='ocr_line' id='line_1_65' title="bbox 432 3559 2007 3634; baseline -0.004 -17"><span class='ocrx_word' id='word_1_447' title='bbox 432 3579 555 3634; x_wconf 74' lang='lat' dir='ltr'><strong>quae</strong></span> <span class='ocrx_word' id='word_1_448' title='bbox 583 3563 832 3619; x_wconf 87' lang='lat' dir='ltr'><strong>cominus</strong></span> <span class='ocrx_word' id='word_1_449' title='bbox 862 3573 991 3618; x_wconf 88' lang='lat' dir='ltr'><strong>sunt</strong></span> <span class='ocrx_word' id='word_1_450' title='bbox 1017 3562 1215 3632; x_wconf 83' lang='lat' dir='ltr'><strong>perﬁce</strong></span> <span class='ocrx_word' id='word_1_451' title='bbox 1248 3568 1310 3616; x_wconf 87' lang='lat' dir='ltr'><strong>ut</strong></span> <span class='ocrx_word' id='word_1_452' title='bbox 1340 3561 1526 3617; x_wconf 86' lang='lat' dir='ltr'><strong>hostes</strong></span> <span class='ocrx_word' id='word_1_453' title='bbox 1554 3576 1584 3615; x_wconf 88' lang='lat' dir='ltr'><strong>a</strong></span> <span class='ocrx_word' id='word_1_454' title='bbox 1619 3560 1728 3615; x_wconf 88' lang='lat' dir='ltr'><strong>tuis</strong></span> <span class='ocrx_word' id='word_1_455' title='bbox 1768 3559 2007 3614; x_wconf 89' lang='lat' dir='ltr'><strong>circum-</strong></span> 
     </span>
    </p>
   </div>
   <div class='ocr_carea' id='block_1_66' title="bbox 435 3650 2008 3725">
    <p class='ocr_par' dir='ltr' id='par_1_66' title="bbox 435 3650 2008 3725">
     <span class='ocr_line' id='line_1_66' title="bbox 435 3650 2008 3725; baseline -0.003 -16"><span class='ocrx_word' id='word_1_456' title='bbox 435 3654 652 3721; x_wconf 88' lang='lat' dir='ltr'><strong>dentur,</strong></span> <span class='ocrx_word' id='word_1_457' title='bbox 683 3655 874 3725; x_wconf 82' lang='lat' dir='ltr'><strong>paucis</strong></span> <span class='ocrx_word' id='word_1_458' title='bbox 902 3655 1176 3725; x_wconf 88' lang='lat' dir='ltr'><strong>equitibus</strong></span> <span class='ocrx_word' id='word_1_459' title='bbox 1216 3669 1314 3723; x_wconf 90' lang='lat' dir='ltr'><strong>per</strong></span> <span class='ocrx_word' id='word_1_460' title='bbox 1349 3652 1619 3723; x_wconf 90' lang='lat' dir='ltr'><strong>simplicia</strong></span> <span class='ocrx_word' id='word_1_461' title='bbox 1650 3650 2008 3707; x_wconf 85' lang='lat' dir='ltr'><strong>contubernia</strong></span> 
     </span>
    </p>
   </div>
   <div class='ocr_carea' id='block_1_67' title="bbox 438 3741 2008 3817">
    <p class='ocr_par' dir='ltr' id='par_1_67' title="bbox 438 3741 2008 3817">
     <span class='ocr_line' id='line_1_67' title="bbox 438 3741 2008 3817; baseline -0.004 -16"><span class='ocrx_word' id='word_1_462' title='bbox 438 3762 615 3817; x_wconf 87' lang='lat' dir='ltr'><strong>usque</strong></span> <span class='ocrx_word' id='word_1_463' title='bbox 656 3747 720 3801; x_wconf 85' lang='lat' dir='ltr'><strong>ad</strong></span> <span class='ocrx_word' id='word_1_464' title='bbox 762 3747 924 3802; x_wconf 90' lang='lat' dir='ltr'><strong>unius</strong></span> <span class='ocrx_word' id='word_1_465' title='bbox 959 3757 1125 3817; x_wconf 91' lang='lat' dir='ltr'><strong>atque</strong></span> <span class='ocrx_word' id='word_1_466' title='bbox 1164 3747 1392 3801; x_wconf 82' lang='lat' dir='ltr'><strong>alterius</strong></span> <span class='ocrx_word' id='word_1_467' title='bbox 1421 3745 1667 3800; x_wconf 90' lang='lat' dir='ltr'><strong>cohortis</strong></span> <span class='ocrx_word' id='word_1_468' title='bbox 1700 3741 2008 3797; x_wconf 90' lang='lat' dir='ltr'><strong>multitudi-</strong></span> 
     </span>
    </p>
   </div>
   <div class='ocr_carea' id='block_1_68' title="bbox 436 3837 2009 3910">
    <p class='ocr_par' dir='ltr' id='par_1_68' title="bbox 436 3837 2009 3910">
     <span class='ocr_line' id='line_1_68' title="bbox 436 3837 2009 3910; baseline -0.003 -17"><span class='ocrx_word' id='word_1_469' title='bbox 436 3855 561 3894; x_wconf 90' lang='lat' dir='ltr'><strong>nem</strong></span> <span class='ocrx_word' id='word_1_470' title='bbox 596 3840 755 3909; x_wconf 85' lang='lat' dir='ltr'><strong>quasi</strong></span> <span class='ocrx_word' id='word_1_471' title='bbox 800 3840 1054 3895; x_wconf 89' lang='lat' dir='ltr'><strong>hostibus</strong></span> <span class='ocrx_word' id='word_1_472' title='bbox 1094 3838 1431 3910; x_wconf 61' lang='lat' dir='ltr'><strong>praepositis,</strong></span> <span class='ocrx_word' id='word_1_473' title='bbox 1474 3845 1534 3892; x_wconf 89' lang='lat' dir='ltr'><strong>ut</strong></span> <span class='ocrx_word' id='word_1_474' title='bbox 1574 3837 1867 3891; x_wconf 88' lang='lat' dir='ltr'><strong>adversum</strong></span> <span class='ocrx_word' id='word_1_475' title='bbox 1916 3847 2009 3888; x_wconf 85' lang='lat' dir='ltr'><strong>eos</strong></span> 
     </span>
    </p>
   </div>
   <div class='ocr_carea' id='block_1_69' title="bbox 437 3926 2009 3997">
    <p class='ocr_par' dir='ltr' id='par_1_69' title="bbox 437 3926 2009 3997">
     <span class='ocr_line' id='line_1_69' title="bbox 437 3926 2009 3997; baseline -0.006 -10"><span class='ocrx_word' id='word_1_476' title='bbox 437 3943 551 3988; x_wconf 91' lang='lat' dir='ltr'><strong>tum</strong></span> <span class='ocrx_word' id='word_1_477' title='bbox 586 3933 652 3987; x_wconf 86' lang='lat' dir='ltr'><strong>ad</strong></span> <span class='ocrx_word' id='word_1_478' title='bbox 695 3933 1023 3997; x_wconf 88' lang='lat' dir='ltr'><strong>lunandum,</strong></span> <span class='ocrx_word' id='word_1_479' title='bbox 1069 3941 1182 3985; x_wconf 91' lang='lat' dir='ltr'><strong>tum</strong></span> <span class='ocrx_word' id='word_1_480' title='bbox 1211 3932 1277 3984; x_wconf 87' lang='lat' dir='ltr'><strong>ad</strong></span> <span class='ocrx_word' id='word_1_481' title='bbox 1312 3926 1853 3986; x_wconf 87' lang='lat' dir='ltr'><strong>circumveniendum</strong></span> <span class='ocrx_word' id='word_1_482' title='bbox 1890 3939 2009 3988; x_wconf 86' lang='lat' dir='ltr'><strong>eos,</strong></span> 
     </span>
    </p>
   </div>
   <div class='ocr_carea' id='block_1_70' title="bbox 435 4015 2009 4093">
    <p class='ocr_par' dir='ltr' id='par_1_70' title="bbox 435 4015 2009 4093">
     <span class='ocr_line' id='line_1_70' title="bbox 435 4015 2009 4093; baseline -0.01 -12"><span class='ocrx_word' id='word_1_483' title='bbox 435 4025 751 4081; x_wconf 83' lang='lat' dir='ltr'><strong>cornistites</strong></span> <span class='ocrx_word' id='word_1_484' title='bbox 791 4025 1050 4093; x_wconf 77' lang='lat' dir='ltr'><strong>dirigant.</strong></span> <span class='ocrx_word' id='word_1_485' title='bbox 1099 4021 1301 4076; x_wconf 89' lang='lat' dir='ltr'><strong>Deinde</strong></span> <span class='ocrx_word' id='word_1_486' title='bbox 1343 4021 1421 4075; x_wconf 89' lang='lat' dir='ltr'><strong>sic</strong></span> <span class='ocrx_word' id='word_1_487' title='bbox 1448 4019 1539 4089; x_wconf 87' lang='lat' dir='ltr'><strong>qui</strong></span> <span class='ocrx_word' id='word_1_488' title='bbox 1580 4033 1703 4072; x_wconf 85' lang='lat' dir='ltr'><strong>cum</strong></span> <span class='ocrx_word' id='word_1_489' title='bbox 1748 4015 1856 4070; x_wconf 93' lang='lat' dir='ltr'><strong>illis</strong></span> <span class='ocrx_word' id='word_1_490' title='bbox 1884 4029 2009 4067; x_wconf 87' lang='lat' dir='ltr'><strong>ver-</strong></span> 
     </span>
    </p>
   </div>
   <div class='ocr_carea' id='block_1_71' title="bbox 437 4104 2011 4185">
    <p class='ocr_par' dir='ltr' id='par_1_71' title="bbox 437 4104 2011 4185">
     <span class='ocr_line' id='line_1_71' title="bbox 437 4104 2011 4185; baseline -0.012 -11"><span class='ocrx_word' id='word_1_491' title='bbox 437 4128 658 4179; x_wconf 84' lang='lat' dir='ltr'><strong>santur,</strong></span> <span class='ocrx_word' id='word_1_492' title='bbox 677 4116 993 4185; x_wconf 79' lang='grc' dir='ltr'>δρουγγιστὶ</span> <span class='ocrx_word' id='word_1_493' title='bbox 1014 4113 1166 4183; x_wconf 86' lang='lat' dir='ltr'><strong>quasi</strong></span> <span class='ocrx_word' id='word_1_494' title='bbox 1198 4127 1350 4167; x_wconf 82' lang='lat' dir='ltr'><strong>maza</strong></span> <span class='ocrx_word' id='word_1_495' title='bbox 1380 4110 1542 4165; x_wconf 91' lang='lat' dir='ltr'><strong>simul</strong></span> <span class='ocrx_word' id='word_1_496' title='bbox 1570 4107 1876 4163; x_wconf 82' lang='lat' dir='ltr'><strong>clanculum</strong></span> <span class='ocrx_word' id='word_1_497' title='bbox 1910 4104 2011 4173; x_wconf 86' lang='lat' dir='ltr'><strong>ipsi</strong></span> 
     </span>
    </p>
   </div>
   <div class='ocr_carea' id='block_1_72' title="bbox 439 4200 2011 4277">
    <p class='ocr_par' dir='ltr' id='par_1_72' title="bbox 439 4200 2011 4277">
     <span class='ocr_line' id='line_1_72' title="bbox 439 4200 2011 4277; baseline -0.01 -10"><span class='ocrx_word' id='word_1_498' title='bbox 439 4211 539 4267; x_wconf 91' lang='lat' dir='ltr'><strong>soli</strong></span> <span class='ocrx_word' id='word_1_499' title='bbox 564 4211 629 4265; x_wconf 94' lang='lat' dir='ltr'><strong>de</strong></span> <span class='ocrx_word' id='word_1_500' title='bbox 658 4209 958 4277; x_wconf 86' lang='lat' dir='ltr'><strong>improviso</strong></span> <span class='ocrx_word' id='word_1_501' title='bbox 979 4206 1328 4262; x_wconf 90' lang='lat' dir='ltr'><strong>contentione</strong></span> <span class='ocrx_word' id='word_1_502' title='bbox 1358 4203 1595 4274; x_wconf 87' lang='lat' dir='ltr'><strong>quadam</strong></span> <span class='ocrx_word' id='word_1_503' title='bbox 1619 4200 1783 4255; x_wconf 91' lang='lat' dir='ltr'><strong>celeri</strong></span> <span class='ocrx_word' id='word_1_504' title='bbox 1814 4212 2011 4253; x_wconf 87' lang='lat' dir='ltr'><strong>excur-</strong></span> 
     </span>
    </p>
   </div>
   <div class='ocr_carea' id='block_1_73' title="bbox 440 4290 2012 4370">
    <p class='ocr_par' dir='ltr' id='par_1_73' title="bbox 440 4290 2012 4370">
     <span class='ocr_line' id='line_1_73' title="bbox 440 4290 2012 4370; baseline -0.008 -13"><span class='ocrx_word' id='word_1_505' title='bbox 440 4312 645 4360; x_wconf 87' lang='lat' dir='ltr'><strong>rentes.</strong></span> <span class='ocrx_word' id='word_1_506' title='bbox 677 4316 707 4354; x_wconf 91' lang='lat' dir='ltr'><strong>a</strong></span> <span class='ocrx_word' id='word_1_507' title='bbox 746 4311 918 4370; x_wconf 76' lang='lat' dir='ltr'><strong>tergo,</strong></span> <span class='ocrx_word' id='word_1_508' title='bbox 952 4300 1005 4354; x_wconf 90' lang='lat' dir='ltr'><strong>id</strong></span> <span class='ocrx_word' id='word_1_509' title='bbox 1049 4308 1154 4365; x_wconf 88' lang='lat' dir='ltr'><strong>est,</strong></span> <span class='ocrx_word' id='word_1_510' title='bbox 1190 4298 1399 4368; x_wconf 88' lang='lat' dir='ltr'><strong>postica</strong></span> <span class='ocrx_word' id='word_1_511' title='bbox 1428 4303 1583 4367; x_wconf 86' lang='lat' dir='ltr'><strong>parte</strong></span> <span class='ocrx_word' id='word_1_512' title='bbox 1614 4293 1853 4350; x_wconf 90' lang='lat' dir='ltr'><strong>hostium</strong></span> <span class='ocrx_word' id='word_1_513' title='bbox 1889 4290 2012 4345; x_wconf 90' lang='lat' dir='ltr'><strong>illos</strong></span> 
     </span>
    </p>
   </div>
   <div class='ocr_carea' id='block_1_74' title="bbox 443 4392 717 4447">
    <p class='ocr_par' dir='ltr' id='par_1_74' title="bbox 443 4392 717 4447">
     <span class='ocr_line' id='line_1_74' title="bbox 443 4392 717 4447; baseline -0.015 0"><span class='ocrx_word' id='word_1_514' title='bbox 443 4392 717 4447; x_wconf 75' lang='lat' dir='ltr'><strong>invadant.</strong></span> 
     </span>
    </p>
   </div>
   <div class='ocr_carea' id='block_1_75' title="bbox 510 4502 2011 4577">
    <p class='ocr_par' dir='ltr' id='par_1_75' title="bbox 510 4502 2011 4577">
     <span class='ocr_line' id='line_1_75' title="bbox 510 4502 2011 4577; baseline -0.008 -17"><span class='ocrx_word' id='word_1_515' title='bbox 510 4507 598 4562; x_wconf 71' lang='grc'><strong>49.</strong></span> <span class='ocrx_word' id='word_1_516' title='bbox 623 4505 718 4561; x_wconf 64' lang='lat' dir='ltr'><strong>Hac</strong></span> <span class='ocrx_word' id='word_1_517' title='bbox 766 4506 931 4577; x_wconf 83' lang='lat' dir='ltr'><strong>igitur</strong></span> <span class='ocrx_word' id='word_1_518' title='bbox 950 4504 1368 4560; x_wconf 84' lang='lat' dir='ltr'><strong>exercitationes</strong></span> <span class='ocrx_word' id='word_1_519' title='bbox 1393 4502 1666 4572; x_wconf 89' lang='lat' dir='ltr'><strong>simplices</strong></span> <span class='ocrx_word' id='word_1_520' title='bbox 1692 4506 1838 4559; x_wconf 90' lang='lat' dir='ltr'><strong>sunt,</strong></span> <span class='ocrx_word' id='word_1_521' title='bbox 1861 4510 2011 4551; x_wconf 93' lang='lat' dir='ltr'><strong>com-</strong></span> 
     </span>
    </p>
   </div>
   <div class='ocr_carea' id='block_1_76' title="bbox 441 4589 2016 4662">
    <p class='ocr_par' dir='ltr' id='par_1_76' title="bbox 441 4589 2016 4662">
     <span class='ocr_line' id='line_1_76' title="bbox 441 4589 2016 4662; baseline -0.009 -9"><span class='ocrx_word' id='word_1_522' title='bbox 441 4602 680 4653; x_wconf 85' lang='lat' dir='ltr'><strong>muniter</strong></span> <span class='ocrx_word' id='word_1_523' title='bbox 712 4608 889 4654; x_wconf 90' lang='lat' dir='ltr'><strong>tamen</strong></span> <span class='ocrx_word' id='word_1_524' title='bbox 922 4599 1121 4653; x_wconf 87' lang='lat' dir='ltr'><strong>multas</strong></span> <span class='ocrx_word' id='word_1_525' title='bbox 1139 4597 1416 4658; x_wconf 89' lang='lat' dir='ltr'><strong>cohortes,</strong></span> <span class='ocrx_word' id='word_1_526' title='bbox 1457 4602 1509 4647; x_wconf 93' lang='lat' dir='ltr'><strong>et</strong></span> <span class='ocrx_word' id='word_1_527' title='bbox 1541 4589 1789 4662; x_wconf 81' lang='lat' dir='ltr'><strong>privatim</strong></span> <span class='ocrx_word' id='word_1_528' title='bbox 1824 4601 2016 4640; x_wconf 80' lang='lat' dir='ltr'><strong>unam-</strong></span> 
     </span>
    </p>
   </div>
   <div class='ocr_carea' id='block_1_77' title="bbox 439 4680 2015 4763">
    <p class='ocr_par' dir='ltr' id='par_1_77' title="bbox 439 4680 2015 4763">
     <span class='ocr_line' id='line_1_77' title="bbox 439 4680 2015 4763; baseline -0.008 -16"><span class='ocrx_word' id='word_1_529' title='bbox 439 4709 716 4763; x_wconf 84' lang='lat' dir='ltr'><strong>quamque</strong></span> <span class='ocrx_word' id='word_1_530' title='bbox 766 4692 1046 4747; x_wconf 86' lang='lat' dir='ltr'><strong>cohortcm</strong></span> <span class='ocrx_word' id='word_1_531' title='bbox 1094 4689 1286 4743; x_wconf 89' lang='lat' dir='ltr'><strong>idonee</strong></span> <span class='ocrx_word' id='word_1_532' title='bbox 1339 4696 1626 4747; x_wconf 81' lang='lat' dir='ltr'><strong>exercent,</strong></span> <span class='ocrx_word' id='word_1_533' title='bbox 1677 4696 1730 4736; x_wconf 87' lang='lat' dir='ltr'><strong>et</strong></span> <span class='ocrx_word' id='word_1_534' title='bbox 1778 4680 2015 4735; x_wconf 87' lang='lat' dir='ltr'><strong>inimicis</strong></span> 
     </span>
    </p>
   </div>
   <div class='ocr_carea' id='block_1_78' title="bbox 443 4772 2014 4851">
    <p class='ocr_par' dir='ltr' id='par_1_78' title="bbox 443 4772 2014 4851">
     <span class='ocr_line' id='line_1_78' title="bbox 443 4772 2014 4851; baseline -0.008 -14"><span class='ocrx_word' id='word_1_535' title='bbox 443 4786 588 4839; x_wconf 86' lang='lat' dir='ltr'><strong>acies</strong></span> <span class='ocrx_word' id='word_1_536' title='bbox 620 4793 810 4838; x_wconf 88' lang='lat' dir='ltr'><strong>nostra</strong></span> <span class='ocrx_word' id='word_1_537' title='bbox 844 4782 1069 4837; x_wconf 88' lang='lat' dir='ltr'><strong>minime</strong></span> <span class='ocrx_word' id='word_1_538' title='bbox 1101 4780 1364 4851; x_wconf 88' lang='lat' dir='ltr'><strong>aperitur.</strong></span> <span class='ocrx_word' id='word_1_539' title='bbox 1393 4777 1513 4833; x_wconf 59' lang='lat' dir='ltr'><strong>Istae</strong></span> <span class='ocrx_word' id='word_1_540' title='bbox 1560 4772 2014 4830; x_wconf 85' lang='lat' dir='ltr'><strong>exercitationum</strong></span> 
     </span>
    </p>
   </div>
   <div class='ocr_carea' id='block_1_79' title="bbox 444 4868 2015 4944">
    <p class='ocr_par' dir='ltr' id='par_1_79' title="bbox 444 4868 2015 4944">
     <span class='ocr_line' id='line_1_79' title="bbox 444 4868 2015 4944; baseline -0.006 -15"><span class='ocrx_word' id='word_1_541' title='bbox 444 4875 633 4931; x_wconf 68' lang='lat' dir='ltr'><strong>fui-mre</strong></span> <span class='ocrx_word' id='word_1_542' title='bbox 653 4875 870 4944; x_wconf 89' lang='lat' dir='ltr'><strong>scriptis</strong></span> <span class='ocrx_word' id='word_1_543' title='bbox 899 4873 1174 4929; x_wconf 75' lang='lat' dir='ltr'><strong>tradenda:</strong></span> <span class='ocrx_word' id='word_1_544' title='bbox 1196 4870 1527 4926; x_wconf 88' lang='lat' dir='ltr'><strong>turmarchis</strong></span> <span class='ocrx_word' id='word_1_545' title='bbox 1553 4868 1657 4923; x_wconf 88' lang='lat' dir='ltr'><strong>tuis</strong></span> <span class='ocrx_word' id='word_1_546' title='bbox 1683 4875 1834 4930; x_wconf 91' lang='lat' dir='ltr'><strong>sunt,</strong></span> <span class='ocrx_word' id='word_1_547' title='bbox 1856 4873 1910 4921; x_wconf 88' lang='lat' dir='ltr'><strong>et</strong></span> <span class='ocrx_word' id='word_1_548' title='bbox 1930 4879 2015 4920; x_wconf 91' lang='lat' dir='ltr'><strong>re-</strong></span> 
     </span>
    </p>
   </div>
   <div class='ocr_carea' id='block_1_80' title="bbox 444 4963 1804 5039">
    <p class='ocr_par' dir='ltr' id='par_1_80' title="bbox 444 4963 1804 5039">
     <span class='ocr_line' id='line_1_80' title="bbox 444 4963 1804 5039; baseline -0.005 -19"><span class='ocrx_word' id='word_1_549' title='bbox 444 4968 609 5039; x_wconf 85' lang='lat' dir='ltr'><strong>liquis</strong></span> <span class='ocrx_word' id='word_1_550' title='bbox 639 4966 960 5021; x_wconf 80' lang='lat' dir='ltr'><strong>cohortibus</strong></span> <span class='ocrx_word' id='word_1_551' title='bbox 989 4980 1111 5036; x_wconf 70' lang='lat' dir='ltr'><strong>qua:</strong></span> <span class='ocrx_word' id='word_1_552' title='bbox 1133 4963 1428 5034; x_wconf 87' lang='lat' dir='ltr'><strong>separatim</strong></span> <span class='ocrx_word' id='word_1_553' title='bbox 1457 4971 1804 5015; x_wconf 81' lang='lat' dir='ltr'><strong>exercentur.</strong></span> 
     </span>
    </p>
   </div>
   <div class='ocr_carea' id='block_1_81' title="bbox 515 5160 2015 5232">
    <p class='ocr_par' dir='ltr' id='par_1_81' title="bbox 515 5160 2015 5232">
     <span class='ocr_line' id='line_1_81' title="bbox 515 5160 2015 5232; baseline -0.001 -15"><span class='ocrx_word' id='word_1_554' title='bbox 515 5162 606 5217; x_wconf 78' lang='grc'><strong>50.</strong></span> <span class='ocrx_word' id='word_1_555' title='bbox 642 5161 989 5217; x_wconf 84' lang='lat' dir='ltr'><strong>Assuefacito</strong></span> <span class='ocrx_word' id='word_1_556' title='bbox 1014 5162 1078 5217; x_wconf 88' lang='lat' dir='ltr'><strong>ad</strong></span> <span class='ocrx_word' id='word_1_557' title='bbox 1106 5161 1419 5232; x_wconf 88' lang='lat' dir='ltr'><strong>hujusmodi</strong></span> <span class='ocrx_word' id='word_1_558' title='bbox 1442 5160 1883 5224; x_wconf 81' lang='lat' dir='ltr'><strong>exercitationes,</strong></span> <span class='ocrx_word' id='word_1_559' title='bbox 1907 5177 2015 5217; x_wconf 90' lang='lat' dir='ltr'><strong>non</strong></span> 
     </span>
    </p>
   </div>
   <div class='ocr_carea' id='block_1_82' title="bbox 444 5252 2017 5324">
    <p class='ocr_par' dir='ltr' id='par_1_82' title="bbox 444 5252 2017 5324">
     <span class='ocr_line' id='line_1_82' title="bbox 444 5252 2017 5324; baseline -0.003 -14"><span class='ocrx_word' id='word_1_560' title='bbox 444 5258 621 5311; x_wconf 86' lang='lat' dir='ltr'><strong>solum</strong></span> <span class='ocrx_word' id='word_1_561' title='bbox 657 5255 710 5309; x_wconf 89' lang='lat' dir='ltr'><strong>in</strong></span> <span class='ocrx_word' id='word_1_562' title='bbox 742 5254 1167 5324; x_wconf 87' lang='lat' dir='ltr'><strong>campestribus,</strong></span> <span class='ocrx_word' id='word_1_563' title='bbox 1200 5253 1293 5308; x_wconf 88' lang='lat' dir='ltr'><strong>sed</strong></span> <span class='ocrx_word' id='word_1_564' title='bbox 1327 5253 1491 5307; x_wconf 89' lang='lat' dir='ltr'><strong>etiam</strong></span> <span class='ocrx_word' id='word_1_565' title='bbox 1524 5253 1576 5306; x_wconf 92' lang='lat' dir='ltr'><strong>in</strong></span> <span class='ocrx_word' id='word_1_566' title='bbox 1613 5252 1749 5307; x_wconf 91' lang='lat' dir='ltr'><strong>aviis</strong></span> <span class='ocrx_word' id='word_1_567' title='bbox 1777 5261 1832 5306; x_wconf 91' lang='lat' dir='ltr'><strong>et</strong></span> <span class='ocrx_word' id='word_1_568' title='bbox 1863 5266 2017 5320; x_wconf 86' lang='lat' dir='ltr'><strong>aspe-</strong></span> 
     </span>
    </p>
   </div>
   <div class='ocr_carea' id='block_1_83' title="bbox 444 5343 2013 5413">
    <p class='ocr_par' dir='ltr' id='par_1_83' title="bbox 444 5343 2013 5413">
     <span class='ocr_line' id='line_1_83' title="bbox 444 5343 2013 5413; baseline -0.004 -9"><span class='ocrx_word' id='word_1_569' title='bbox 444 5351 542 5413; x_wconf 89' lang='lat' dir='ltr'><strong>ris,</strong></span> <span class='ocrx_word' id='word_1_570' title='bbox 573 5349 626 5402; x_wconf 91' lang='lat' dir='ltr'><strong>in</strong></span> <span class='ocrx_word' id='word_1_571' title='bbox 656 5348 845 5402; x_wconf 87' lang='lat' dir='ltr'><strong>arduis</strong></span> <span class='ocrx_word' id='word_1_572' title='bbox 877 5356 930 5401; x_wconf 87' lang='lat' dir='ltr'><strong>et</strong></span> <span class='ocrx_word' id='word_1_573' title='bbox 962 5345 1282 5407; x_wconf 88' lang='lat' dir='ltr'><strong>acclivibus,</strong></span> <span class='ocrx_word' id='word_1_574' title='bbox 1315 5344 1369 5398; x_wconf 88' lang='lat' dir='ltr'><strong>in</strong></span> <span class='ocrx_word' id='word_1_575' title='bbox 1405 5344 1710 5400; x_wconf 86' lang='lat' dir='ltr'><strong>declivibus</strong></span> <span class='ocrx_word' id='word_1_576' title='bbox 1739 5356 1793 5399; x_wconf 91' lang='lat' dir='ltr'><strong>ct</strong></span> <span class='ocrx_word' id='word_1_577' title='bbox 1825 5343 2013 5413; x_wconf 90' lang='lat' dir='ltr'><strong>pronis</strong></span> 
     </span>
    </p>
   </div>
   <div class='ocr_carea' id='block_1_84' title="bbox 441 5434 2016 5510">
    <p class='ocr_par' dir='ltr' id='par_1_84' title="bbox 441 5434 2016 5510">
     <span class='ocr_line' id='line_1_84' title="bbox 441 5434 2016 5510; baseline -0.007 -13"><span class='ocrx_word' id='word_1_578' title='bbox 441 5441 615 5497; x_wconf 85' lang='lat' dir='ltr'><strong>locis:</strong></span> <span class='ocrx_word' id='word_1_579' title='bbox 648 5450 701 5495; x_wconf 89' lang='lat' dir='ltr'><strong>et</strong></span> <span class='ocrx_word' id='word_1_580' title='bbox 729 5440 847 5510; x_wconf 88' lang='lat' dir='ltr'><strong>ipso</strong></span> <span class='ocrx_word' id='word_1_581' title='bbox 884 5446 1053 5493; x_wconf 77' lang='lat' dir='ltr'><strong>aestus</strong></span> <span class='ocrx_word' id='word_1_582' title='bbox 1091 5436 1489 5507; x_wconf 89' lang='lat' dir='ltr'><strong>squallorisque</strong></span> <span class='ocrx_word' id='word_1_583' title='bbox 1509 5442 1750 5506; x_wconf 86' lang='lat' dir='ltr'><strong>tempore</strong></span> <span class='ocrx_word' id='word_1_584' title='bbox 1778 5434 1908 5488; x_wconf 85' lang='lat' dir='ltr'><strong>utile</strong></span> <span class='ocrx_word' id='word_1_585' title='bbox 1931 5441 2016 5489; x_wconf 89' lang='lat' dir='ltr'><strong>est</strong></span> 
     </span>
    </p>
   </div>
   <div class='ocr_carea' id='block_1_85' title="bbox 2179 3292 3689 3364">
    <p class='ocr_par' dir='ltr' id='par_1_85' title="bbox 2179 3292 3689 3364">
     <span class='ocr_line' id='line_1_85' title="bbox 2179 3292 3689 3364; baseline -0.002 -16"><span class='ocrx_word' id='word_1_586' title='bbox 2179 3302 2290 3364; x_wconf 82' lang='grc' dir='ltr'>μη’.</span> <span class='ocrx_word' id='word_1_587' title='bbox 2324 3296 2487 3347; x_wconf 83' lang='grc' dir='ltr'>Ὥστε</span> <span class='ocrx_word' id='word_1_588' title='bbox 2544 3294 2626 3356; x_wconf 77' lang='grc' dir='ltr'>εἰς</span> <span class='ocrx_word' id='word_1_589' title='bbox 2673 3294 2771 3362; x_wconf 82' lang='grc' dir='ltr'><strong>μὲν</strong></span> <span class='ocrx_word' id='word_1_590' title='bbox 2800 3292 2900 3357; x_wconf 79' lang='grc' dir='ltr'><strong>τὰς</strong></span> <span class='ocrx_word' id='word_1_591' title='bbox 2943 3293 3291 3364; x_wconf 84' lang='grc' dir='ltr'>μακροτέρας</span> <span class='ocrx_word' id='word_1_592' title='bbox 3348 3292 3689 3364; x_wconf 82' lang='grc' dir='ltr'>παρατάξεις</span> 
     </span>
    </p>
   </div>
   <div class='ocr_carea' id='block_1_86' title="bbox 2106 3384 3687 3455">
    <p class='ocr_par' dir='ltr' id='par_1_86' title="bbox 2106 3384 3687 3455">
     <span class='ocr_line' id='line_1_86' title="bbox 2106 3384 3687 3455; baseline -0.003 -14"><span class='ocrx_word' id='word_1_593' title='bbox 2106 3386 2217 3441; x_wconf 84' lang='grc' dir='ltr'>τῶν</span> <span class='ocrx_word' id='word_1_594' title='bbox 2244 3386 2500 3440; x_wconf 75' lang='grc' dir='ltr'>ἐναντίων</span> <span class='ocrx_word' id='word_1_595' title='bbox 2530 3386 2617 3439; x_wconf 78' lang='grc' dir='ltr'><strong>ἵνα</strong></span> <span class='ocrx_word' id='word_1_596' title='bbox 2661 3385 2902 3449; x_wconf 82' lang='grc' dir='ltr'>ίσῶνται,</span> <span class='ocrx_word' id='word_1_597' title='bbox 2933 3386 3030 3438; x_wconf 79' lang='grc' dir='ltr'>καὶ</span> <span class='ocrx_word' id='word_1_598' title='bbox 3066 3386 3141 3455; x_wconf 85' lang='grc' dir='ltr'>μὴ</span> <span class='ocrx_word' id='word_1_599' title='bbox 3201 3385 3260 3438; x_wconf 85' lang='grc' dir='ltr'>ἐν</span> <span class='ocrx_word' id='word_1_600' title='bbox 3306 3384 3437 3455; x_wconf 79' lang='grc' dir='ltr'>περὶ</span> <span class='ocrx_word' id='word_1_601' title='bbox 3479 3384 3687 3455; x_wconf 84' lang='grc' dir='ltr'>λαμβά-</span> 
     </span>
    </p>
   </div>
   <div class='ocr_carea' id='block_1_87' title="bbox 2108 3473 3688 3547">
    <p class='ocr_par' dir='ltr' id='par_1_87' title="bbox 2108 3473 3688 3547">
     <span class='ocr_line' id='line_1_87' title="bbox 2108 3473 3688 3547; baseline -0.004 -16"><span class='ocrx_word' id='word_1_602' title='bbox 2108 3495 2303 3532; x_wconf 88' lang='grc' dir='ltr'>νωνται</span> <span class='ocrx_word' id='word_1_603' title='bbox 2324 3478 2400 3547; x_wconf 81' lang='lat'><strong>(8)</strong></span> <span class='ocrx_word' id='word_1_604' title='bbox 2432 3476 2523 3529; x_wconf 83' lang='grc' dir='ltr'>ὑπ’</span> <span class='ocrx_word' id='word_1_605' title='bbox 2574 3475 2755 3530; x_wconf 79' lang='grc' dir='ltr'>αὐτῶν</span> <span class='ocrx_word' id='word_1_606' title='bbox 2778 3491 2793 3507; x_wconf 75' lang='grc' dir='ltr'><strong>ο</strong></span> <span class='ocrx_word' id='word_1_607' title='bbox 2825 3474 2967 3528; x_wconf 77' lang='grc' dir='ltr'>κατὰ</span> <span class='ocrx_word' id='word_1_608' title='bbox 3006 3475 3063 3527; x_wconf 86' lang='grc' dir='ltr'><strong>δέ</strong></span> <span class='ocrx_word' id='word_1_609' title='bbox 3093 3474 3203 3527; x_wconf 84' lang='grc' dir='ltr'><strong>τῶν</strong></span> <span class='ocrx_word' id='word_1_610' title='bbox 3235 3473 3562 3544; x_wconf 84' lang='grc' dir='ltr'>κοντοτέρων</span> <span class='ocrx_word' id='word_1_611' title='bbox 3606 3474 3688 3538; x_wconf 77' lang='grc' dir='ltr'>εἰς</span> 
     </span>
    </p>
   </div>
   <div class='ocr_carea' id='block_1_88' title="bbox 2108 3561 3687 3632">
    <p class='ocr_par' dir='ltr' id='par_1_88' title="bbox 2108 3561 3687 3632">
     <span class='ocr_line' id='line_1_88' title="bbox 2108 3561 3687 3632; baseline -0.004 -12"><span class='ocrx_word' id='word_1_612' title='bbox 2108 3566 2168 3620; x_wconf 84' lang='grc' dir='ltr'>τὸ</span> <span class='ocrx_word' id='word_1_613' title='bbox 2202 3569 2302 3629; x_wconf 85' lang='grc' dir='ltr'>τὰς</span> <span class='ocrx_word' id='word_1_614' title='bbox 2330 3564 2634 3628; x_wconf 81' lang='grc' dir='ltr'>κυκλώσεις</span> <span class='ocrx_word' id='word_1_615' title='bbox 2677 3563 2953 3617; x_wconf 87' lang='grc' dir='ltr'>ποιεῖσθαι</span> <span class='ocrx_word' id='word_1_616' title='bbox 2982 3562 3472 3632; x_wconf 85' lang='grc' dir='ltr'>-ἁντιτασσομένων</span> <span class='ocrx_word' id='word_1_617' title='bbox 3505 3561 3687 3615; x_wconf 81' lang='grc' dir='ltr'>αὐτῶν</span> 
     </span>
    </p>
   </div>
   <div class='ocr_carea' id='block_1_89' title="bbox 2108 3650 3686 3727">
    <p class='ocr_par' dir='ltr' id='par_1_89' title="bbox 2108 3650 3686 3727">
     <span class='ocr_line' id='line_1_89' title="bbox 2108 3650 3686 3727; baseline -0.005 -15"><span class='ocrx_word' id='word_1_618' title='bbox 2108 3659 2305 3726; x_wconf 81' lang='grc' dir='ltr'>ὀλίγων</span> <span class='ocrx_word' id='word_1_619' title='bbox 2336 3655 2717 3727; x_wconf 82' lang='grc' dir='ltr'>καδαλλαρίων</span> <span class='ocrx_word' id='word_1_620' title='bbox 2768 3656 2862 3708; x_wconf 76' lang='grc' dir='ltr'>ἐπὶ</span> <span class='ocrx_word' id='word_1_621' title='bbox 2886 3654 3066 3725; x_wconf 82' lang='grc' dir='ltr'>ἁπλῆς</span> <span class='ocrx_word' id='word_1_622' title='bbox 3098 3654 3263 3717; x_wconf 82' lang='grc' dir='ltr'>ἀκίας</span> <span class='ocrx_word' id='word_1_623' title='bbox 3315 3653 3445 3723; x_wconf 85' lang='grc' dir='ltr'>άχρι</span> <span class='ocrx_word' id='word_1_624' title='bbox 3485 3650 3604 3716; x_wconf 80' lang='grc' dir='ltr'>ἐνὸς</span> <span class='ocrx_word' id='word_1_625' title='bbox 3651 3650 3686 3722; x_wconf 77' lang='grc' dir='ltr'>ἢ</span> 
     </span>
    </p>
   </div>
   <div class='ocr_carea' id='block_1_90' title="bbox 2108 3744 3688 3819">
    <p class='ocr_par' dir='ltr' id='par_1_90' title="bbox 2108 3744 3688 3819">
     <span class='ocr_line' id='line_1_90' title="bbox 2108 3744 3688 3819; baseline -0.005 -16"><span class='ocrx_word' id='word_1_626' title='bbox 2108 3750 2362 3819; x_wconf 85' lang='grc' dir='ltr'>δευτέρου</span> <span class='ocrx_word' id='word_1_627' title='bbox 2391 3747 2606 3819; x_wconf 85' lang='grc' dir='ltr'>βάνδου,</span> <span class='ocrx_word' id='word_1_628' title='bbox 2642 3747 2718 3810; x_wconf 87' lang='grc' dir='ltr'><strong>ώς</strong></span> <span class='ocrx_word' id='word_1_629' title='bbox 2746 3745 3016 3811; x_wconf 89' lang='grc' dir='ltr'>ἐναντίου,</span> <span class='ocrx_word' id='word_1_630' title='bbox 3052 3745 3138 3799; x_wconf 82' lang='grc' dir='ltr'><strong>ἵνα</strong></span> <span class='ocrx_word' id='word_1_631' title='bbox 3186 3745 3325 3816; x_wconf 74' lang='grc' dir='ltr'>πρὸς</span> <span class='ocrx_word' id='word_1_632' title='bbox 3359 3744 3559 3806; x_wconf 80' lang='grc' dir='ltr'>αὐτοὺς</span> <span class='ocrx_word' id='word_1_633' title='bbox 3587 3759 3688 3795; x_wconf 86' lang='grc' dir='ltr'>κα-</span> 
     </span>
    </p>
   </div>
   <div class='ocr_carea' id='block_1_91' title="bbox 2111 3836 3691 3909">
    <p class='ocr_par' dir='ltr' id='par_1_91' title="bbox 2111 3836 3691 3909">
     <span class='ocr_line' id='line_1_91' title="bbox 2111 3836 3691 3909; baseline -0.003 -16"><span class='ocrx_word' id='word_1_634' title='bbox 2111 3838 2391 3904; x_wconf 84' lang='grc' dir='ltr'>νονίζωσιν</span> <span class='ocrx_word' id='word_1_635' title='bbox 2413 3839 2463 3893; x_wconf 78' lang='grc' dir='ltr'>οἱ</span> <span class='ocrx_word' id='word_1_636' title='bbox 2501 3838 2914 3908; x_wconf 76' lang='grc' dir='ltr'>ὑπερκερασταὶ</span> <span class='ocrx_word' id='word_1_637' title='bbox 2943 3839 3211 3909; x_wconf 86' lang='grc' dir='ltr'>πρότερον</span> <span class='ocrx_word' id='word_1_638' title='bbox 3242 3838 3559 3907; x_wconf 79' lang='grc' dir='ltr'>ὐπερκερᾷν</span> <span class='ocrx_word' id='word_1_639' title='bbox 3586 3836 3691 3888; x_wconf 85' lang='grc' dir='ltr'><strong>αὐ-</strong></span> 
     </span>
    </p>
   </div>
   <div class='ocr_carea' id='block_1_92' title="bbox 2111 3925 3688 4001">
    <p class='ocr_par' dir='ltr' id='par_1_92' title="bbox 2111 3925 3688 4001">
     <span class='ocr_line' id='line_1_92' title="bbox 2111 3925 3688 4001; baseline -0.003 -17"><span class='ocrx_word' id='word_1_640' title='bbox 2111 3931 2257 3995; x_wconf 83' lang='grc' dir='ltr'>τοὺς,</span> <span class='ocrx_word' id='word_1_641' title='bbox 2288 3930 2406 4001; x_wconf 77' lang='grc' dir='ltr'>ἦτοι</span> <span class='ocrx_word' id='word_1_642' title='bbox 2436 3928 2694 3983; x_wconf 85' lang='grc' dir='ltr'>κυκλοῦν.</span> <span class='ocrx_word' id='word_1_643' title='bbox 2732 3925 2845 3981; x_wconf 73' lang='grc' dir='ltr'><strong>Εἴθ’</strong></span> <span class='ocrx_word' id='word_1_644' title='bbox 2880 3926 3055 3992; x_wconf 79' lang='grc' dir='ltr'>οὕτως</span> <span class='ocrx_word' id='word_1_645' title='bbox 3116 3927 3459 3990; x_wconf 83' lang='grc' dir='ltr'>συνελθόντες</span> <span class='ocrx_word' id='word_1_646' title='bbox 3490 3926 3688 3989; x_wconf 78' lang='grc' dir='ltr'>αὐτοὺς</span> 
     </span>
    </p>
   </div>
   <div class='ocr_carea' id='block_1_93' title="bbox 2112 4017 3692 4091">
    <p class='ocr_par' dir='ltr' id='par_1_93' title="bbox 2112 4017 3692 4091">
     <span class='ocr_line' id='line_1_93' title="bbox 2112 4017 3692 4091; baseline -0.004 -16"><span class='ocrx_word' id='word_1_647' title='bbox 2112 4020 2634 4091; x_wconf 66' lang='grc' dir='ltr'>δρουγγιστὶ,ἧγουν</span> <span class='ocrx_word' id='word_1_648' title='bbox 2661 4017 2737 4082; x_wconf 81' lang='grc' dir='ltr'>ὡς</span> <span class='ocrx_word' id='word_1_649' title='bbox 2772 4017 2939 4085; x_wconf 84' lang='grc' dir='ltr'>μάζα,</span> <span class='ocrx_word' id='word_1_650' title='bbox 2963 4017 3099 4089; x_wconf 81' lang='grc' dir='ltr'>ὁμοῦ</span> <span class='ocrx_word' id='word_1_651' title='bbox 3136 4018 3509 4081; x_wconf 89' lang='grc' dir='ltr'>λανθανόντως</span> <span class='ocrx_word' id='word_1_652' title='bbox 3534 4017 3692 4070; x_wconf 73' lang='grc' dir='ltr'>αὐτοὶ</span> 
     </span>
    </p>
   </div>
   <div class='ocr_carea' id='block_1_94' title="bbox 2117 4103 3693 4183">
    <p class='ocr_par' dir='ltr' id='par_1_94' title="bbox 2117 4103 3693 4183">
     <span class='ocr_line' id='line_1_94' title="bbox 2117 4103 3693 4183; baseline -0.004 -18"><span class='ocrx_word' id='word_1_653' title='bbox 2117 4113 2270 4183; x_wconf 83' lang='grc' dir='ltr'>μόνοι</span> <span class='ocrx_word' id='word_1_654' title='bbox 2302 4112 2458 4180; x_wconf 78' lang='grc' dir='ltr'>ἄφνω</span> <span class='ocrx_word' id='word_1_655' title='bbox 2487 4107 2916 4178; x_wconf 83' lang='grc' dir='ltr'>ὑπεξερχόμενοι</span> <span class='ocrx_word' id='word_1_656' title='bbox 2952 4108 3091 4179; x_wconf 84' lang='grc' dir='ltr'>μετὰ</span> <span class='ocrx_word' id='word_1_657' title='bbox 3119 4107 3338 4171; x_wconf 88' lang='grc' dir='ltr'>ἐλασίας</span> <span class='ocrx_word' id='word_1_658' title='bbox 3378 4106 3558 4171; x_wconf 81' lang='grc' dir='ltr'>ὀξείας</span> <span class='ocrx_word' id='word_1_659' title='bbox 3613 4103 3693 4175; x_wconf 82' lang='grc' dir='ltr'>τῷ</span> 
     </span>
    </p>
   </div>
   <div class='ocr_carea' id='block_1_95' title="bbox 2113 4195 3691 4274">
    <p class='ocr_par' dir='ltr' id='par_1_95' title="bbox 2113 4195 3691 4274">
     <span class='ocr_line' id='line_1_95' title="bbox 2113 4195 3691 4274; baseline -0.004 -18"><span class='ocrx_word' id='word_1_660' title='bbox 2113 4204 2267 4274; x_wconf 85' lang='grc' dir='ltr'>νώτῳ</span> <span class='ocrx_word' id='word_1_661' title='bbox 2320 4202 2487 4271; x_wconf 80' lang='grc' dir='ltr'>ἡγουν</span> <span class='ocrx_word' id='word_1_662' title='bbox 2520 4197 2661 4258; x_wconf 76' lang='grc' dir='ltr'>κατὰ</span> <span class='ocrx_word' id='word_1_663' title='bbox 2712 4199 2774 4251; x_wconf 82' lang='grc' dir='ltr'>τὸ</span> <span class='ocrx_word' id='word_1_664' title='bbox 2808 4198 3035 4254; x_wconf 75' lang='grc' dir='ltr'>ὄπισθεν</span> <span class='ocrx_word' id='word_1_665' title='bbox 3076 4198 3186 4253; x_wconf 84' lang='grc' dir='ltr'>τῶν</span> <span class='ocrx_word' id='word_1_666' title='bbox 3219 4197 3481 4253; x_wconf 78' lang='grc' dir='ltr'>ἐναντίων</span> <span class='ocrx_word' id='word_1_667' title='bbox 3509 4195 3691 4251; x_wconf 79' lang='grc' dir='ltr'>ἐπιτί-</span> 
     </span>
    </p>
   </div>
   <div class='ocr_carea' id='block_1_96' title="bbox 2116 4292 2321 4350">
    <p class='ocr_par' dir='ltr' id='par_1_96' title="bbox 2116 4292 2321 4350">
     <span class='ocr_line' id='line_1_96' title="bbox 2116 4292 2321 4350; baseline -0.005 -4"><span class='ocrx_word' id='word_1_668' title='bbox 2116 4292 2321 4350; x_wconf 84' lang='grc' dir='ltr'>θενται.</span> 
     </span>
    </p>
   </div>
   <div class='ocr_carea' id='block_1_97' title="bbox 2193 4483 3695 4561">
    <p class='ocr_par' dir='ltr' id='par_1_97' title="bbox 2193 4483 3695 4561">
     <span class='ocr_line' id='line_1_97' title="bbox 2193 4483 3695 4561; baseline -0.005 -18"><span class='ocrx_word' id='word_1_669' title='bbox 2193 4490 2300 4561; x_wconf 69' lang='grc' dir='ltr'>μθν.</span> <span class='ocrx_word' id='word_1_670' title='bbox 2361 4483 2533 4545; x_wconf 60' lang='lat' dir='ltr'><strong>Abeat</strong></span> <span class='ocrx_word' id='word_1_671' title='bbox 2591 4483 2685 4543; x_wconf 79' lang='grc' dir='ltr'><strong>οὖν</strong></span> <span class='ocrx_word' id='word_1_672' title='bbox 2738 4487 3121 4560; x_wconf 81' lang='grc' dir='ltr'>αἱγυμνασίαι</span> <span class='ocrx_word' id='word_1_673' title='bbox 3179 4486 3349 4540; x_wconf 83' lang='grc' dir='ltr'>ἁπλαῖ</span> <span class='ocrx_word' id='word_1_674' title='bbox 3377 4485 3535 4539; x_wconf 73' lang='grc' dir='ltr'>εἰσιν.</span> <span class='ocrx_word' id='word_1_675' title='bbox 3581 4483 3695 4538; x_wconf 77' lang='grc' dir='ltr'><strong>Καὶ</strong></span> 
     </span>
    </p>
   </div>
   <div class='ocr_carea' id='block_1_98' title="bbox 2121 4576 3695 4650">
    <p class='ocr_par' dir='ltr' id='par_1_98' title="bbox 2121 4576 3695 4650">
     <span class='ocr_line' id='line_1_98' title="bbox 2121 4576 3695 4650; baseline -0.004 -15"><span class='ocrx_word' id='word_1_676' title='bbox 2121 4582 2313 4645; x_wconf 85' lang='grc' dir='ltr'>κοινῶς</span> <span class='ocrx_word' id='word_1_677' title='bbox 2342 4582 2398 4634; x_wconf 82' lang='grc' dir='ltr'>δὲ</span> <span class='ocrx_word' id='word_1_678' title='bbox 2433 4581 2601 4634; x_wconf 82' lang='grc' dir='ltr'>πολλὰ</span> <span class='ocrx_word' id='word_1_679' title='bbox 2638 4581 2897 4650; x_wconf 80' lang='grc' dir='ltr'>τάγματα</span> <span class='ocrx_word' id='word_1_680' title='bbox 2949 4579 3044 4632; x_wconf 73' lang='grc' dir='ltr'><strong>καὶ</strong></span> <span class='ocrx_word' id='word_1_681' title='bbox 3077 4577 3220 4641; x_wconf 86' lang='grc' dir='ltr'>ίδίως</span> <span class='ocrx_word' id='word_1_682' title='bbox 3259 4576 3420 4631; x_wconf 86' lang='grc' dir='ltr'>πάλιν</span> <span class='ocrx_word' id='word_1_683' title='bbox 3449 4579 3507 4629; x_wconf 91' lang='grc' dir='ltr'>ἐν</span> <span class='ocrx_word' id='word_1_684' title='bbox 3564 4576 3695 4642; x_wconf 68' lang='grc' dir='ltr'>τάγε</span> 
     </span>
    </p>
   </div>
   <div class='ocr_carea' id='block_1_99' title="bbox 2124 4666 3695 4745">
    <p class='ocr_par' dir='ltr' id='par_1_99' title="bbox 2124 4666 3695 4745">
     <span class='ocr_line' id='line_1_99' title="bbox 2124 4666 3695 4745; baseline -0.006 -18"><span class='ocrx_word' id='word_1_685' title='bbox 2124 4692 2253 4745; x_wconf 87' lang='grc' dir='ltr'>ματι</span> <span class='ocrx_word' id='word_1_686' title='bbox 2300 4674 2377 4744; x_wconf 88' lang='lat'><strong>(9)</strong></span> <span class='ocrx_word' id='word_1_687' title='bbox 2434 4674 2705 4745; x_wconf 82' lang='grc' dir='ltr'>ἁρμοδίως</span> <span class='ocrx_word' id='word_1_688' title='bbox 2764 4672 3124 4743; x_wconf 81' lang='grc' dir='ltr'>γυμνάζουσι,</span> <span class='ocrx_word' id='word_1_689' title='bbox 3157 4672 3250 4721; x_wconf 69' lang='grc' dir='ltr'>καὶ</span> <span class='ocrx_word' id='word_1_690' title='bbox 3302 4670 3415 4729; x_wconf 86' lang='grc' dir='ltr'>τοῖς</span> <span class='ocrx_word' id='word_1_691' title='bbox 3481 4666 3695 4736; x_wconf 82' lang='grc' dir='ltr'>ἐχθροῖς</span> 
     </span>
    </p>
   </div>
   <div class='ocr_carea' id='block_1_100' title="bbox 2123 4752 3697 4834">
    <p class='ocr_par' dir='ltr' id='par_1_100' title="bbox 2123 4752 3697 4834">
     <span class='ocr_line' id='line_1_100' title="bbox 2123 4752 3697 4834; baseline -0.006 -16"><span class='ocrx_word' id='word_1_692' title='bbox 2123 4764 2397 4832; x_wconf 79' lang='grc' dir='ltr'>ἄγνωστος</span> <span class='ocrx_word' id='word_1_693' title='bbox 2423 4766 2457 4834; x_wconf 81' lang='grc' dir='ltr'>ἡ</span> <span class='ocrx_word' id='word_1_694' title='bbox 2490 4764 2643 4828; x_wconf 82' lang='grc' dir='ltr'>τάξις</span> <span class='ocrx_word' id='word_1_695' title='bbox 2672 4761 3020 4832; x_wconf 85' lang='grc' dir='ltr'>φυλάττεται,</span> <span class='ocrx_word' id='word_1_696' title='bbox 3049 4762 3142 4814; x_wconf 75' lang='grc' dir='ltr'>καὶ</span> <span class='ocrx_word' id='word_1_697' title='bbox 3171 4760 3293 4813; x_wconf 86' lang='grc' dir='ltr'>δέον</span> <span class='ocrx_word' id='word_1_698' title='bbox 3316 4776 3399 4821; x_wconf 88' lang='grc' dir='ltr'><strong>σε,</strong></span> <span class='ocrx_word' id='word_1_699' title='bbox 3426 4752 3472 4810; x_wconf 80' lang='grc' dir='ltr'>ὦ</span> <span class='ocrx_word' id='word_1_700' title='bbox 3496 4774 3697 4829; x_wconf 82' lang='grc' dir='ltr'>στρατ-</span> 
     </span>
    </p>
   </div>
   <div class='ocr_carea' id='block_1_101' title="bbox 2126 4849 3698 4927">
    <p class='ocr_par' dir='ltr' id='par_1_101' title="bbox 2126 4849 3698 4927">
     <span class='ocr_line' id='line_1_101' title="bbox 2126 4849 3698 4927; baseline -0.007 -16"><span class='ocrx_word' id='word_1_701' title='bbox 2126 4856 2251 4927; x_wconf 86' lang='grc' dir='ltr'>ηγέ,</span> <span class='ocrx_word' id='word_1_702' title='bbox 2285 4855 2490 4915; x_wconf 77' lang='grc' dir='ltr'>ταύτας</span> <span class='ocrx_word' id='word_1_703' title='bbox 2524 4856 2625 4917; x_wconf 84' lang='grc' dir='ltr'><strong>τὰς</strong></span> <span class='ocrx_word' id='word_1_704' title='bbox 2685 4854 2994 4923; x_wconf 88' lang='grc' dir='ltr'>γυμνασίας</span> <span class='ocrx_word' id='word_1_705' title='bbox 3052 4852 3345 4924; x_wconf 83' lang='grc' dir='ltr'>ἐγγράφως</span> <span class='ocrx_word' id='word_1_706' title='bbox 3366 4849 3547 4904; x_wconf 82' lang='grc' dir='ltr'>δοῦναι</span> <span class='ocrx_word' id='word_1_707' title='bbox 3601 4849 3698 4901; x_wconf 79' lang='grc' dir='ltr'>καὶ</span> 
     </span>
    </p>
   </div>
   <div class='ocr_carea' id='block_1_102' title="bbox 2115 4939 3699 5016">
    <p class='ocr_par' dir='ltr' id='par_1_102' title="bbox 2115 4939 3699 5016">
     <span class='ocr_line' id='line_1_102' title="bbox 2115 4939 3699 5016; baseline -0.007 -15"><span class='ocrx_word' id='word_1_708' title='bbox 2115 4950 2242 5011; x_wconf 68' lang='grc' dir='ltr'>τοὺς</span> <span class='ocrx_word' id='word_1_709' title='bbox 2294 4947 2399 4999; x_wconf 77' lang='grc' dir='ltr'><strong>ὑπὸ</strong></span> <span class='ocrx_word' id='word_1_710' title='bbox 2428 4947 2487 4998; x_wconf 77' lang='grc' dir='ltr'><strong>σὲ</strong></span> <span class='ocrx_word' id='word_1_711' title='bbox 2527 4944 2882 5016; x_wconf 85' lang='grc' dir='ltr'>τουρμάρχας</span> <span class='ocrx_word' id='word_1_712' title='bbox 2941 4944 3035 4998; x_wconf 74' lang='grc' dir='ltr'>καὶ</span> <span class='ocrx_word' id='word_1_713' title='bbox 3090 4946 3203 5006; x_wconf 82' lang='grc' dir='ltr'>τοῖς</span> <span class='ocrx_word' id='word_1_714' title='bbox 3250 4941 3431 5004; x_wconf 82' lang='grc' dir='ltr'>ἄλλοις</span> <span class='ocrx_word' id='word_1_715' title='bbox 3448 4941 3560 5003; x_wconf 88' lang='grc' dir='ltr'>τοῖς</span> <span class='ocrx_word' id='word_1_716' title='bbox 3591 4939 3699 5011; x_wconf 77' lang='grc' dir='ltr'>ἰδίᾳ</span> 
     </span>
    </p>
   </div>
   <div class='ocr_carea' id='block_1_103' title="bbox 2119 5036 2877 5111">
    <p class='ocr_par' dir='ltr' id='par_1_103' title="bbox 2119 5036 2877 5111">
     <span class='ocr_line' id='line_1_103' title="bbox 2119 5036 2877 5111; baseline -0.007 -18"><span class='ocrx_word' id='word_1_717' title='bbox 2119 5037 2549 5111; x_wconf 77' lang='grc' dir='ltr'>γυμναζομένοις</span> <span class='ocrx_word' id='word_1_718' title='bbox 2580 5036 2877 5107; x_wconf 84' lang='grc' dir='ltr'>τάγμασιν.</span> 
     </span>
    </p>
   </div>
   <div class='ocr_carea' id='block_1_104' title="bbox 2188 5147 3697 5220">
    <p class='ocr_par' dir='ltr' id='par_1_104' title="bbox 2188 5147 3697 5220">
     <span class='ocr_line' id='line_1_104' title="bbox 2188 5147 3697 5220; baseline -0.007 -12"><span class='ocrx_word' id='word_1_719' title='bbox 2188 5153 2252 5208; x_wconf 83' lang='grc' dir='ltr'>ν’.</span> <span class='ocrx_word' id='word_1_720' title='bbox 2290 5152 2518 5217; x_wconf 76' lang='grc' dir='ltr'>Ἐθίζειν</span> <span class='ocrx_word' id='word_1_721' title='bbox 2548 5153 2605 5206; x_wconf 81' lang='grc' dir='ltr'>δὲ</span> <span class='ocrx_word' id='word_1_722' title='bbox 2649 5153 2749 5217; x_wconf 82' lang='grc' dir='ltr'>τὰς</span> <span class='ocrx_word' id='word_1_723' title='bbox 2794 5150 3053 5214; x_wconf 88' lang='grc' dir='ltr'>τοιαύτας</span> <span class='ocrx_word' id='word_1_724' title='bbox 3082 5149 3392 5220; x_wconf 86' lang='grc' dir='ltr'>γυμνασίας</span> <span class='ocrx_word' id='word_1_725' title='bbox 3429 5149 3504 5218; x_wconf 83' lang='grc' dir='ltr'>μὴ</span> <span class='ocrx_word' id='word_1_726' title='bbox 3536 5147 3697 5216; x_wconf 86' lang='grc' dir='ltr'>μόνον</span> 
     </span>
    </p>
   </div>
   <div class='ocr_carea' id='block_1_105' title="bbox 2120 5238 3697 5317">
    <p class='ocr_par' dir='ltr' id='par_1_105' title="bbox 2120 5238 3697 5317">
     <span class='ocr_line' id='line_1_105' title="bbox 2120 5238 3697 5317; baseline -0.007 -18"><span class='ocrx_word' id='word_1_727' title='bbox 2120 5249 2177 5299; x_wconf 94' lang='grc' dir='ltr'>ἐν</span> <span class='ocrx_word' id='word_1_728' title='bbox 2229 5244 2471 5317; x_wconf 83' lang='grc' dir='ltr'>ὁμαλοῖς,</span> <span class='ocrx_word' id='word_1_729' title='bbox 2504 5245 2640 5298; x_wconf 77' lang='grc' dir='ltr'>ἀλλὰ</span> <span class='ocrx_word' id='word_1_730' title='bbox 2674 5245 2768 5296; x_wconf 54' lang='grc' dir='ltr'><strong>καί⁷</strong></span> <span class='ocrx_word' id='word_1_731' title='bbox 2828 5245 2886 5296; x_wconf 85' lang='grc' dir='ltr'>ἐν</span> <span class='ocrx_word' id='word_1_732' title='bbox 2911 5243 3196 5303; x_wconf 80' lang='grc' dir='ltr'>δυσὸἁτοις</span> <span class='ocrx_word' id='word_1_733' title='bbox 3240 5242 3450 5303; x_wconf 85' lang='grc' dir='ltr'>τόποις,</span> <span class='ocrx_word' id='word_1_734' title='bbox 3485 5239 3577 5291; x_wconf 73' lang='grc' dir='ltr'><strong>καὶ</strong></span> <span class='ocrx_word' id='word_1_735' title='bbox 3616 5238 3697 5299; x_wconf 80' lang='grc' dir='ltr'>εἰς</span> 
     </span>
    </p>
   </div>
   <div class='ocr_carea' id='block_1_106' title="bbox 2120 5327 3697 5408">
    <p class='ocr_par' dir='ltr' id='par_1_106' title="bbox 2120 5327 3697 5408">
     <span class='ocr_line' id='line_1_106' title="bbox 2120 5327 3697 5408; baseline -0.008 -16"><span class='ocrx_word' id='word_1_736' title='bbox 2120 5338 2378 5408; x_wconf 76' lang='grc' dir='ltr'>ὑψηλοὺς,</span> <span class='ocrx_word' id='word_1_737' title='bbox 2407 5338 2503 5391; x_wconf 73' lang='grc' dir='ltr'>καὶ</span> <span class='ocrx_word' id='word_1_738' title='bbox 2537 5339 2613 5399; x_wconf 80' lang='grc' dir='ltr'>εἰς</span> <span class='ocrx_word' id='word_1_739' title='bbox 2637 5336 2996 5406; x_wconf 89' lang='grc' dir='ltr'>κατωφερεῖς,</span> <span class='ocrx_word' id='word_1_740' title='bbox 3037 5334 3130 5387; x_wconf 77' lang='grc' dir='ltr'>καὶ</span> <span class='ocrx_word' id='word_1_741' title='bbox 3176 5334 3236 5385; x_wconf 89' lang='grc' dir='ltr'>ἐν</span> <span class='ocrx_word' id='word_1_742' title='bbox 3261 5330 3438 5402; x_wconf 81' lang='grc' dir='ltr'>καιρῷ</span> <span class='ocrx_word' id='word_1_743' title='bbox 3471 5330 3529 5382; x_wconf 79' lang='grc' dir='ltr'>δὲ</span> <span class='ocrx_word' id='word_1_744' title='bbox 3569 5327 3697 5382; x_wconf 87' lang='grc' dir='ltr'>καύ-</span> 
     </span>
    </p>
   </div>
   <div class='ocr_carea' id='block_1_107' title="bbox 2124 5421 3701 5494">
    <p class='ocr_par' dir='ltr' id='par_1_107' title="bbox 2124 5421 3701 5494">
     <span class='ocr_line' id='line_1_107' title="bbox 2124 5421 3701 5494; baseline -0.006 -14"><span class='ocrx_word' id='word_1_745' title='bbox 2124 5443 2295 5490; x_wconf 90' lang='grc' dir='ltr'>σωνος</span> <span class='ocrx_word' id='word_1_746' title='bbox 2328 5426 2492 5481; x_wconf 86' lang='grc' dir='ltr'>καλόν</span> <span class='ocrx_word' id='word_1_747' title='bbox 2529 5427 2645 5479; x_wconf 85' lang='grc' dir='ltr'>ἐστι</span> <span class='ocrx_word' id='word_1_748' title='bbox 2673 5425 2971 5494; x_wconf 75' lang='grc' dir='ltr'>γυμνάζειν</span> <span class='ocrx_word' id='word_1_749' title='bbox 3003 5423 3099 5475; x_wconf 72' lang='grc' dir='ltr'>καὶ</span> <span class='ocrx_word' id='word_1_750' title='bbox 3138 5421 3342 5485; x_wconf 86' lang='grc' dir='ltr'>ἐθίζειν</span> <span class='ocrx_word' id='word_1_751' title='bbox 3375 5421 3467 5474; x_wconf 83' lang='grc' dir='ltr'><strong>τδν</strong></span> <span class='ocrx_word' id='word_1_752' title='bbox 3532 5435 3701 5488; x_wconf 78' lang='grc' dir='ltr'>στραο</span> 
     </span>
    </p>
   </div>
   <div class='ocr_carea' id='block_1_108' title="bbox 1954 5544 2192 5605">
    <p class='ocr_par' dir='ltr' id='par_1_108' title="bbox 1954 5544 2192 5605">
     <span class='ocr_line' id='line_1_108' title="bbox 1954 5544 2192 5605; baseline 0.013 -3"><span class='ocrx_word' id='word_1_753' title='bbox 1954 5544 2192 5605; x_wconf 70' lang='grc' dir='ltr'><strong>ΝΟΤΑιί.</strong></span> 
     </span>
    </p>
   </div>
   <div class='ocr_carea' id='block_1_109' title="bbox 517 5670 1884 5751">
    <p class='ocr_par' dir='ltr' id='par_1_109' title="bbox 517 5670 1884 5751">
     <span class='ocr_line' id='line_1_109' title="bbox 517 5670 1884 5751; baseline -0.004 -23"><span class='ocrx_word' id='word_1_754' title='bbox 517 5674 593 5751; x_wconf 81' lang='lat'><strong>(_</strong></span> <span class='ocrx_word' id='word_1_755' title='bbox 617 5743 629 5751; x_wconf 82' lang='lat'><em>_</em></span> <span class='ocrx_word' id='word_1_756' title='bbox 646 5673 1277 5751; x_wconf 49' lang='lat' dir='ltr'><strong>dryadropfor._8_cribc,</strong></span> <span class='ocrx_word' id='word_1_757' title='bbox 1312 5670 1703 5751; x_wconf 67' lang='grc' dir='ltr'>διαφενσόρων.</span> <span class='ocrx_word' id='word_1_758' title='bbox 1871 5738 1884 5751; x_wconf 36' lang='lat'><strong>‘</strong></span> 
     </span>
    </p>
   </div>
   <div class='ocr_carea' id='block_1_110' title="bbox 448 5740 2009 5865">
    <p class='ocr_par' dir='ltr' id='par_1_110' title="bbox 448 5740 2009 5865">
     <span class='ocr_line' id='line_1_110' title="bbox 448 5740 2009 5856; baseline -0.01 -52"><span class='ocrx_word' id='word_1_759' title='bbox 448 5745 594 5856; x_wconf 55' lang='grc'><strong>6,(8)</strong></span> <span class='ocrx_word' id='word_1_760' title='bbox 617 5740 725 5795; x_wconf 57' lang='grc' dir='ltr'><strong>Ἐμέ</strong></span> <span class='ocrx_word' id='word_1_761' title='bbox 751 5744 879 5810; x_wconf 49' lang='grc' dir='ltr'>περὶ</span> <span class='ocrx_word' id='word_1_762' title='bbox 912 5740 1347 5811; x_wconf 65' lang='grc' dir='ltr'>λαμϐάνωνται.</span> <span class='ocrx_word' id='word_1_763' title='bbox 1397 5740 1590 5797; x_wconf 84' lang='lat' dir='ltr'><strong>Scribe</strong></span> <span class='ocrx_word' id='word_1_764' title='bbox 1621 5781 1636 5807; x_wconf 90' lang='lat'><strong>,</strong></span> <span class='ocrx_word' id='word_1_765' title='bbox 1663 5740 2009 5812; x_wconf 76' lang='grc' dir='ltr'>ἐμπεριλαμ-</span> 
     </span>
     <span class='ocr_line' id='line_1_111' title="bbox 484 5825 737 5865; baseline -0.004 -4"><span class='ocrx_word' id='word_1_766' title='bbox 484 5825 737 5865; x_wconf 77' lang='grc' dir='ltr'>ανωνται,</span> 
     </span>
    </p>
   </div>
   <div class='ocr_carea' id='block_1_111' title="bbox 2180 5654 3699 5735">
    <p class='ocr_par' dir='ltr' id='par_1_111' title="bbox 2180 5654 3699 5735">
     <span class='ocr_line' id='line_1_112' title="bbox 2180 5654 3699 5735; baseline -0.009 -17"><span class='ocrx_word' id='word_1_767' title='bbox 2180 5666 2256 5735; x_wconf 83' lang='grc'><strong>(9)</strong></span> <span class='ocrx_word' id='word_1_768' title='bbox 2281 5667 2384 5719; x_wconf 87' lang='grc' dir='ltr'><strong>Ἐν</strong></span> <span class='ocrx_word' id='word_1_769' title='bbox 2400 5662 2667 5730; x_wconf 77' lang='grc' dir='ltr'>τάγματι.</span> <span class='ocrx_word' id='word_1_770' title='bbox 2700 5660 2926 5735; x_wconf 85' lang='lat' dir='ltr'><strong>Scr_ibc,_</strong></span> <span class='ocrx_word' id='word_1_771' title='bbox 2966 5659 3024 5710; x_wconf 81' lang='grc' dir='ltr'><strong>ἓν</strong></span> <span class='ocrx_word' id='word_1_772' title='bbox 3056 5657 3242 5727; x_wconf 82' lang='grc' dir='ltr'>τάγμα</span> <span class='ocrx_word' id='word_1_773' title='bbox 3270 5675 3344 5735; x_wconf 72' lang='grc' dir='ltr'><strong>τι.</strong></span> <span class='ocrx_word' id='word_1_774' title='bbox 3405 5654 3699 5735; x_wconf 76' lang='lat' dir='ltr'><strong>Qua:_vcro</strong></span> 
     </span>
    </p>
   </div>
   <div class='ocr_carea' id='block_1_112' title="bbox 2120 5727 3697 5801">
    <p class='ocr_par' dir='ltr' id='par_1_112' title="bbox 2120 5727 3697 5801">
     <span class='ocr_line' id='line_1_113' title="bbox 2120 5727 3697 5801; baseline -0.009 -10"><span class='ocrx_word' id='word_1_775' title='bbox 2120 5727 2321 5791; x_wconf 81' lang='lat' dir='ltr'><strong>ibidem</strong></span> <span class='ocrx_word' id='word_1_776' title='bbox 2378 5727 2707 5801; x_wconf 32' lang='lat' dir='ltr'><strong>sequ—untur,</strong></span> <span class='ocrx_word' id='word_1_777' title='bbox 2753 5729 3144 5799; x_wconf 69' lang='grc' dir='ltr'>τὰ⁹ῖάγματα,</span> <span class='ocrx_word' id='word_1_778' title='bbox 3211 5727 3350 5785; x_wconf 85' lang='lat' dir='ltr'><strong>male</strong></span> <span class='ocrx_word' id='word_1_779' title='bbox 3421 5727 3697 5798; x_wconf 77' lang='lat' dir='ltr'><strong>geminata</strong></span> 
     </span>
    </p>
   </div>
   <div class='ocr_carea' id='block_1_113' title="bbox 2122 5802 2855 5869">
    <p class='ocr_par' dir='ltr' id='par_1_113' title="bbox 2122 5802 2855 5869">
     <span class='ocr_line' id='line_1_114' title="bbox 2122 5802 2855 5869; baseline -0.011 -7"><span class='ocrx_word' id='word_1_780' title='bbox 2122 5820 2320 5863; x_wconf 88' lang='lat' dir='ltr'><strong>censeo</strong></span> <span class='ocrx_word' id='word_1_781' title='bbox 2354 5821 2368 5869; x_wconf 85' lang='lat'><strong>;</strong></span> <span class='ocrx_word' id='word_1_782' title='bbox 2403 5804 2583 5869; x_wconf 74' lang='lat' dir='ltr'><strong>itaque</strong></span> <span class='ocrx_word' id='word_1_783' title='bbox 2606 5802 2855 5857; x_wconf 84' lang='lat' dir='ltr'><strong>delenda.</strong></span> 
     </span>
    </p>
   </div>
  </div>
