4022 6426
379 350 487 414 ’149

1472 352 1806 413 TACTICA.
1831 346 1911 393 ’-
1944 353 2453 417 CONSTITUTIO
2489 353 2616 416 VII.
3553 356 3656 419 730

381 460 493 516 τόν.
522 457 712 524 οὐδεὶς
739 458 849 531 γὰρ
875 450 985 513 οἶδε
1014 456 1146 513 πότε
1172 455 1516 528 συμϐήσεται
1544 460 1717 531 μάχη,
1748 461 1845 516 καὶ
1904 461 1958 514 τί

2098 464 2381 519 ιαιίεηιίιιηι
2414 463 2667 518 laborum
2702 475 2965 517 exercere
3011 459 3214 516 milites
3243 473 3260 512 :
3309 472 3471 514 nemo
3506 462 3655 516 enim

382 552 745 625 συμϐήσεται.

455 738 556 786 να¹.
592 730 714 801 Χρὴ
738 730 849 802 γὰρ
868 729 1042 795 οὕτως
1092 727 1190 803 τὴν
1218 731 1527 802 γυμνασίαν
1587 732 1862 786 ποιεῖσθαι
1896 732 1971 796 ὡς

356 870 359 873 ,
386 824 479 877 ἐπὶ
512 821 678 876 αὐτοῦ
709 820 804 876 τοῦ
839 822 1103 893 πολέμου.
1126 822 1218 876 Διὸ
1250 823 1347 878 καὶ
1373 825 1535 895 ἡμεῖς
1570 823 1662 878 διά
1687 824 1749 876 τδ
1778 823 1973 894 χρήσι-

387 933 489 987 μον
518 916 612 970 καὶ
642 916 711 968 τά
740 915 800 967 ὲν
825 913 1005 985 καιρῷ
1054 914 1296 984 πολέμου
1347 914 1585 971 ἐνταῦθα
1642 915 1970 987 εἰρήκαμεν.

384 1009 460 1067 Τὸ
508 1010 618 1079 γὰρ
665 1009 805 1080 πρὸς
836 1009 963 1071 τοὺς
1021 1007 1299 1073 κινδύνους
1351 1006 1625 1074 ἐθίζεσθαι
1663 1006 1969 1078 άνδρειοτέο

388 1117 517 1173 ρους
546 1100 670 1162 τοὺς
710 1096 1054 1167 στρατιώτας
1088 1099 1265 1152 ποιεῖ.-

458 1190 559 1261 νβ’.
607 1188 761 1244 Ἐπεὶ
786 1190 843 1244 δὲ
875 1190 975 1261 τὴν
1007 1189 1118 1244 τῶν
1157 1190 1540 1262 καϐαλλαρίων
1575 1191 1885 1263 γυμνασίαν
1911 1190 1976 1244 ὲκ

389 1283 592 1353 μέρους
644 1280 1031 1351 διεταξάμεθα,
1066 1280 1244 1351 χρεών
1290 1281 1439 1335 ἔστιν
1485 1282 1688 1353 ὁμοίως
1737 1282 1832 1335 καὶ⁵
1876 1282 1975 1351 τὴν

385 1374 495 1427 τῶν
521 1372 763 1436 πεζικῶν
794 1372 1097 1442 ταγμάτων
1122 1373 1431 1444 γυμνασίαν
1484 1388 1569 1427 σοι
1611 1372 1971 1444 διορίσασθαι,

384 1467 513 1520 ὅσον
563 1466 629 1519 ὲκ
662 1464 771 1518 τῶν
823 1464 1071 1535 ἀρχαίων
1124 1464 1423 1531 τακτικῶν,
1456 1466 1550 1519 καὶ
1580 1465 1705 1520 ὅσον
1750 1466 1816 1518 ὲκ
1863 1463 1975 1517 τῶν

388 1558 524 1612 νέων
558 1556 1000 1628 παρειλήφαμεν.

459 1646 561 1717 νγ¹.
610 1648 915 1720 ὐρίζονται
976 1647 1087 1718 (10)
1116 1646 1299 1701 τοίνυν
1338 1650 1395 1702 αἱ
1424 1648 1579 1704 άκίαι
1610 1648 1827 1721 πρῶτον
1882 1648 1976 1701 τὸν

389 1743 487 1796 τοῦ
511 1740 739 1807 πεζικοῦ
760 1740 1045 1811 τάγματος
1077 1741 1215 1811 (ll),
1255 1741 1437 1805 καθὼς
1468 1740 1583 1795 άνω
1612 1757 1716 1795 που
1757 1740 1975 1812 ἐσημά-

2073 554 2178 609 scit
2211 568 2322 624 quo
2362 562 2606 623 tempore
2644 552 2846 607 bellum
2897 550 3181 613 futurum,
3221 559 3276 603 ct
3306 550 3567 619 quidnam
3601 552 3655 607 in

2073 645 2219 702 bello
2249 662 2356 702 usu
2385 654 2677 701 venturum
2712 644 2807 699 sit.

2145 736 2235 792 5|.
2272 735 2352 791 ita
2383 734 2708 791 exercitatio
2746 731 3111 797 instituenda,
3147 731 3303 801 quasi
3338 730 3538 786 bellum
3576 731 3659 799 ip.

2074 844 2197 884 sum
2245 836 2548 900 gereretur.
2598 826 2786 896 Itaque
2840 824 3094 880 utilitatis
3139 839 3308 879 causa
3357 838 3427 878 ne
3479 822 3662 877 bellici

2074 898 2297 993 quidem
2349 918 2611 990 temporis
2660 916 2969 973 similitudo
3015 915 3477 986 praetermittenda
3540 922 3661 970 est:

2076 1027 2205 1068 nam
2231 1013 2349 1067 haec
2370 1010 2706 1067 assuefactio
2736 1009 3108 1080 periculorum
3132 1008 3293 1078 longe
3326 1006 3663 1061 robustiores

2076 1104 2284 1160 milites
2314 1102 2471 1158 facit.

2149 1197 2239 1253 52.
2265 1196 2537 1264 Quoniam
2562 1202 2872 1267 equestrem
2902 1192 3347 1249 exercitationem
3390 1190 3569 1260 aliqua
3601 1206 3667 1245 ex

2078 1300 2233 1362 parte
2273 1289 2577 1361 attigimus,
2626 1287 2706 1343 sic
2747 1284 3017 1357 pedestris
3045 1283 3182 1338 aciei
3218 1281 3668 1337 exercitationem

2079 1398 2188 1437 non
2223 1379 2734 1452 praetermittemus,
2771 1392 2937 1447 quam
2968 1375 3055 1429 vel
3085 1390 3150 1428 ex
3188 1373 3464 1442 antiquis,
3493 1372 3575 1426 vel
3605 1389 3668 1428 ex

2078 1472 2484 1531 recentioribus
2528 1472 2605 1527 rei
2636 1469 2895 1526 militaris
2935 1465 3301 1537 scriptoribus
3334 1462 3669 1532 accepimus.

2151 1655 2238 1709 53.
2280 1652 2557 1710 Pedestris
2608 1653 2747 1708 aciei
2778 1651 3019 1722 primum
3066 1650 3426 1707 contubernia
3458 1648 3660 1705 descri-

2081 1746 2302 1809 bantur,
2332 1742 2801 1813 quemadmodum
2837 1749 2998 1797 antea
3030 1740 3412 1810 prazcepimus,
3440 1748 3500 1792 ut
3525 1753 3674 1807 qua:-

391 1853 566 1907 ναμεν
594 1873 610 1899 ,
642 1834 788 1889 ὥστε
817 1833 1113 1887 τάσσεσθαι
1138 1831 1293 1896 τινάς
1351 1834 1451 1904 μὲν
1487 1834 1776 1905 ἀριστερᾷ,
1828 1832 1979 1895 τινὰς

2098 1839 2207 1894 lam
2242 1837 2310 1892 ad
2341 1837 2554 1897 laevam.
2600 1835 2849 1905 quaedam
2889 1833 2956 1887 ad
2997 1832 3242 1887 dextram
3282 1832 3527 1886 cohortis
3556 1830 3672 1884 sive

390 1928 449 1982 δὲ
473 1926 623 1998 δεξιᾷ
654 1924 748 1980 τοῦ
780 1924 995 1994 βάνδου,
1026 1925 1144 1996 ἦτοι
1213 1924 1309 1979 τοῦ
1344 1925 1632 1997 ἄρχοντος.
1698 1924 1810 1978 Καὶ
1855 1939 1985 1992 προ-

393 2018 764 2091 πορευομένου
793 2015 888 2071 τοῦ
916 2017 1176 2087 ἄρχοντος
1231 2016 1349 2086 ἅμα
1382 2015 1463 2087 τῷ
1492 2015 1828 2086 βανδοφόρῳ,
1891 2014 1984 2066 καὶ

391 2112 471 2181 τῷ
495 2109 810 2181 μανδάτωρι
834 2148 850 2174 ,
909 2108 1005 2162 καὶ
1058 2108 1418 2179 βουκινάτωρι
1446 2149 1462 2175 ,
1501 2105 1983 2171 ἐπακολουθοῦσιν,

391 2202 469 2259 ὡς
499 2202 830 2274 ὠρίσθησαν,
856 2202 1105 2272 ὀλιχαγοὶ
1136 2202 1274 2274 (l2),
1298 2203 1468 2274 ἡγουν
1495 2204 1545 2257 oi
1577 2202 1982 2273 πρωτοστάται,

392 2293 730 2365 ἢδὲκαρχοι,
772 2293 991 2365 πρῶτον
1028 2293 1080 2346 οί
1122 2293 1219 2347 τοῦ
1254 2292 1549 2365 ἀριστεροῦ
1603 2292 1825 2365 μέρους,
1887 2292 1985 2345 καὶ

390 2387 515 2440 τότε
536 2386 629 2440 τοῦ
656 2386 855 2453 δεξιοῦ.

465 2477 556 2533 νϐ’.
620 2479 934 2550 Γενομένων
978 2480 1037 2533 δὲ
1075 2478 1259 2534 αὐτῶν
1308 2481 1367 2533 ὲν
1394 2478 1472 2550 τῷ
1517 2481 1618 2551 τῆς
1675 2479 1986 2552 γυμνασίας

390 2574 565 2643 τόπῳ,
597 2574 629 2643 ἢ
654 2573 753 2643 τῆς
782 2572 1163 2645 παρατάξεως,
1189 2574 1403 2628 ἵσταται
1431 2574 1459 2626 6
1489 2574 1693 2644 άρχων,
1726 2574 1822 2627 καὶ
1848 2573 1987 2644 μετά

393 2665 558 2719 αὑτὸν
603 2666 633 2719 6
694 2663 1039 2736 βανδοφόρος,
1098 2666 1193 2719 καὶ
1238 2665 1293 2719 sf
1336 2681 1419 2729 τις
1458 2665 1645 2735 ἔτερος
1695 2664 1836 2718 κατά
1863 2682 1988 2718 συν-

394 2755 599 2827 ήθειαν.
630 2756 739 2808 Καὶ
757 2756 1199 2825 παρατάσσονται
1224 2756 1378 2811 αὐτοὶ
1408 2755 1562 2809 ἐνθεν
1592 2756 1686 2810 καὶ
1718 2756 1978 2810 κάκεῖθεν

392 2848 452 2902 αἱ
492 2846 646 2901 ἀκίαι
672 2846 747 2910 ὡς
772 2843 1108 2918 ὡρίσθησαν,
1160 2847 1379 2918 πρῶτον
1434 2849 1493 2901 ὲν
1535 2848 1843 2920 άραιοτὲρῳ
1873 2849 1988 2904 δια-

395 2939 657 3009 στήματι,
683 2938 775 2993 ῖνα
808 2938 884 3009 μὴ
918 2938 1312 3009 συντρίϐωνται
1336 2939 1431 2993 ὑπ’
1458 2940 1723 3011 ἀλλήλων,
1753 2940 1862 2993 ἀπὸ
1898 2937 1985 3003 ις’

392 3030 456 3083 τὸ
503 3027 687 3099 βάθος,
717 3030 887 3100 ἧγουν
907 3031 969 3082 τὸ
1000 3032 1196 3099 πάχος,
1232 3030 1457 3101 ἔχουσαι
1492 3032 1588 3085 καὶ
1633 3032 1761 3084 τοὺς
1794 3030 1986 3100 ψιλοὺς

392 3120 651 3185 δπισθεν,
686 3120 757 3175 τὰ
777 3120 838 3174 δι
871 3120 1002 3193 ξίφη
1037 3121 1146 3174 τῶν
1192 3123 1493 3194 κονταρίων
1542 3124 1656 3178 ἄνω
1696 3120 1984 3194 βλέποντα,

396 3212 486 3266 ῖνα
518 3211 594 3283 μὴ
617 3212 1022 3282 ἑμποδίζωνται
1061 3213 1152 3267 ὑπ’
1181 3212 1383 3269 αὐτῶν.
1423 3214 1777 3286 Ἐμπροσθεν
1807 3216 1864 3269 δὲ
1886 3215 1982 3268 τοῦ

397 3302 650 3373 μὶτὼπου
707 3302 1127 3373 περιπατοῦσιν,
1156 3305 1186 3358 6
1240 3306 1554 3378 μανδάτωρ,
1596 3308 1627 3359 6
1679 3307 1985 3381 καμπιδού-

395 3411 567 3464 κτωρ,
604 3394 772 3463 ῆγουν
802 3395 830 3447 6
854 3394 1048 3465 ὁδηγὺς
1079 3394 1189 3447 τῶν
1216 3395 1420 3458 τόπων,
1442 3398 1472 3449 6
1499 3397 1598 3467 μὲν
1626 3398 1753 3460 τοὺς
1784 3397 1985 3460 τόπους

394 3486 698 3555 ἀνερευνῶν
726 3485 819 3539 καὶ
856 3486 1089 3557 ὁδηγῶν,
1119 3489 1148 3541 ὁ
1172 3488 1229 3542 δὲ
1273 3488 1343 3542 τά
1379 3489 1623 3559 μανδάτα
1648 3489 1841 3561 γνώμῃ
1888 3487 1984 3542 τοῦ

394 3576 657 3650 ἄρχοντος
680 3578 877 3642 διδούς.
1468 3586 1469 3589 “

471 3665 568 3722 νε’.
608 3667 720 3721 Καὶ
745 3671 795 3721 εί
830 3669 930 3739 μὲν
948 3668 1134 3740 τάγμα
1186 3669 1306 3724 ἐστὶ
1342 3671 1405 3724 τὸ
1431 3671 1867 3743 γυμναζόμενον,
1895 3675 1986 3729 τὸν

393 3757 488 3812 τοῦ
515 3760 799 3830 τάγματος
825 3761 1066 3833 ἄρχοντα
1118 3761 1433 3834 ἔμπροσθεν
1466 3767 1789 3836 περιπατεῖν
1847 3767 1986 3836 μετά

397 3856 748 3928 μανδάτωρος
798 3858 895 3911 καὶ
946 3858 1472 3932 καμπιδούκτωρος·
1532 3861 1583 3913 εί
1634 3860 1693 3914 δὲ
1748 3862 1984 3933 τοῦρμα,

392 3944 751 4015 γυμνάζεται,
795 3946 1003 4018 μηδένα
1058 3948 1371 4020 ἔμπροσθεν
1420 3954 1747 4021 περιπατεῖν
1800 3954 1851 4006 εί
1910 3954 1985 4024 μὴ

391 4038 748 4110 τουρμάρχην
813 4040 1182 4111 καϐαλλάριον
1249 4042 1387 4112 μετὰ
1442 4042 1813 4114 μανδατώρων
1867 4045 1983 4111 δύο,

393 4130 902 4202 καμπιδουκτώρων
967 4132 1064 4186 δύο
1109 4132 1247 4200 (15),
1301 4132 1617 4204 στράτωρος
1669 4133 1809 4202 ἑνὸς,
1890 4137 1987 4189 καὶ

394 4219 678 4275 σπαθάτου
735 4221 879 4285 ἑνὸς,
930 4222 1051 4292 ῆτοι
1093 4221 1188 4275 τοῦ
1211 4222 1282 4275 τά
1311 4222 1454 4277 ὅπλα
1476 4223 1568 4276 τοῦ
1590 4224 1850 4294 ἄρχοντος
1874 4226 1985 4294 φέ-

394 4326 603 4379 ροντος,
654 4310 760 4375 ἕως
811 4304 873 4365 οῦ
910 4312 1142 4383 πλησίον
1190 4313 1295 4383 τῆς
1336 4314 1613 4385 συμϐολῆς
1680 4316 1911 4386 γένηται
1949 4318 1982 4389 ἢ

391 4402 749 4473 παραταγῆς*
776 4405 898 4457 τότε
923 4404 982 4457 δὲ
1016 4406 1074 4458 ὲν
1097 4408 1164 4477 τῇ
1200 4410 1488 4478 παραταγῇ
1518 4408 1778 4476 ἀσφαλῶς
1800 4410 1980 4483 εἰσέρ-

390 4508 545 4561 χεται
581 4494 640 4545 ιν
682 4485 728 4560 ᾧ
760 4492 909 4561 τόπῳ
935 4494 998 4548 τὸ
1022 4494 1214 4564 βάνδον
1238 4495 1405 4551 αὐτοῦ
1431 4497 1713 4553 τέτακται.

342 4610 358 4671 ί
462 4583 570 4648 νς’.
620 4584 714 4656 Μὴ
765 4587 1177 4657 συμπλέκεσθαι
1236 4588 1293 4642 δὲ
1351 4589 1514 4642 αὑτὸν
1538 4592 1650 4652 τοῖς
1689 4591 1982 4659 ἐναντίοις,

392 4675 528 4745 μηδὲ
568 4674 814 4745 βούκινον
838 4675 1005 4747 λέγῃς
1034 4677 1266 4731 ἑκάστου
1305 4678 1525 4748 μέρους,
1559 4679 1701 4749 πλὴν
1720 4679 1817 4733 τοῦ
1844 4698 1981 4752 μερ-

390 4769 582 4840 άρχου,
642 4768 752 4821 εἴτε
787 4767 920 4839 μίαν
973 4768 1221 4838 τούρμαν
1256 4768 1369 4839 ἔχει
1422 4769 1482 4822 τὸ
1518 4769 1707 4840 μέρος,
1734 4772 1842 4825 εἴτε
1867 4772 1981 4837 δύο,

387 4858 500 4913 εἴτε
533 4858 805 4927 πλείονας,
844 4859 949 4914 κᾶν
972 4861 1022 4913 εἰ
1056 4860 1237 4931 συμϐῇ
1264 4859 1437 4913 πολλὰ
1464 4854 1603 4916 εἶναι
1644 4862 1713 4915 τά
1734 4862 1981 4932 βούκινα,

388 4953 478 5006 ῖνα
531 4951 608 5023 μὴ
637 4951 871 5022 θορύϐου
902 4953 1197 5022 γενομένου
1249 4953 1569 5007 κωλύωνται
1606 4955 1677 5007 τά
1734 4956 1982 5025 μανδάτα

386 5043 765 5108 ἐξακούεσθαι.
824 5045 936 5099 Καὶ
981 5046 1030 5097 οἱ
1098 5044 1198 5114 μὲν
1255 5044 1470 5100 ὁπλῖται
1503 5044 1681 5111 πεζοὶ,
1726 5046 1894 5116 ἤγουν
1932 5049 1980 5103 οἱ

387 5136 678 5190 σκουτάτοι
702 5135 992 5191 τάσσονται
1016 5135 1208 5199 οὕτως.

374 5262 377 5263 ν
456 5227 553 5293 νζ’.
576 5228 642 5281 Οἱ
672 5227 733 5281 δὴ
758 5227 904 5297 ψιλοὶ
926 5229 1069 5282 κατά
1089 5229 1380 5300 διαφόρους
1403 5229 1637 5299 τρόπους
1661 5228 1974 5295 τάσσονται,

390 5319 557 5389 ἠγουν
589 5319 640 5371 οί
671 5318 1059 5390 ἀκροϐολισταὶ
1100 5317 1211 5375 (14)
1275 5318 1375 5379 μὲν
1409 5319 1579 5373 πάλαι
1628 5317 1975 5389 καλούμενοι,

2088 1925 2326 1998 praefecti
2350 1926 2685 1981 collocentur
2732 1941 2747 1978 :
2789 1938 3026 1993 cumque
3046 1921 3335 1992 praefectus
3359 1921 3524 1976 simul
3547 1934 3671 1975 cum

2085 2017 2347 2090 signifero
2368 2026 2425 2073 et
2454 2015 2799 2079 mandatore,
2829 2023 2886 2071 et
2915 2015 3273 2069 buccinatore
3298 2012 3563 2083 procedit,
3587 2027 3673 2065 se-

2084 2117 2325 2181 quantur
2353 2108 2816 2179 quemadmodum
2852 2106 3138 2162 constituti
3184 2105 3405 2160 fuerant
3435 2104 3671 2172 Iochagi,

2087 2202 2140 2257 id
2169 2210 2285 2267 est,
2321 2201 2590 2270 pmtites
2624 2208 2679 2255 et
2707 2198 2906 2255 decani
2938 2196 3151 2254 sinistri
3187 2197 3377 2253 lateris
3411 2196 3673 2267 primum,

2087 2295 2284 2353 deinde
2314 2294 2514 2351 dextri.

2161 2491 2249 2544 5t.
2286 2488 2386 2545 Ubi
2421 2490 2475 2544 in
2503 2487 2917 2543 exercitationis
2943 2486 3058 2541 sive
3081 2486 3367 2541 insuuetzc
3399 2484 3533 2539 aciei
3560 2483 3679 2538 loco

2089 2580 2324 2639 fuerint.
2365 2588 2470 2636 stet
2507 2578 2819 2650 praefectus,
2858 2586 2914 2632 et
2959 2592 3084 2632 eum
3121 2591 3189 2631 eo
3235 2576 3488 2646 signifer,
3544 2582 3597 2628 et
3633 2574 3677 2627 si

2089 2674 2215 2744 quis
2249 2674 2392 2728 alius
2432 2687 2558 2735 eum
2591 2686 2660 2726 eo
2693 2684 2817 2726 esse
2850 2669 3177 2731 consuevit,
3225 2668 3680 2735 instruanturque

2089 2764 2452 2822 contubernia
2498 2764 2627 2818 hinc
2673 2772 2838 2832 atque
2878 2762 3065 2825 illinc,
3114 2761 3382 2830 primum.
3418 2760 3682 2825 quemad—

2090 2858 2313 2913 modum
2341 2854 2672 2924 explicatum
2707 2860 2865 2906 antea
2901 2860 3003 2916 est,
3035 2853 3241 2905 laxiore
3270 2860 3324 2904 ct
3356 2850 3565 2903 rariore
3595 2850 3682 2902 in-

2093 2944 2363 3009 tervallo,
2403 2951 2465 2998 ut
2499 2958 2566 2997 ne
2602 2957 2635 2996 a
2678 2957 2738 2997 se
2779 2951 2970 2995 mutuo
2999 2942 3312 3011 afﬂigantur
3341 2959 3354 2994 :
3387 2940 3583 2994 deinde
3614 2940 3681 2995 ad

2091 3038 2332 3095 sedecim
2382 3036 2627 3090 virorum
2675 3035 3060 3098 altitudinem,
3105 3035 3155 3090 id
3195 3045 3299 3098 est,
3334 3035 3681 3102 profundita-

2094 3140 2224 3185 tem.
2263 3129 2530 3199 Cuspidcs
2581 3129 2862 3183 hastarum
2901 3143 3121 3183 sursum
3171 3138 3385 3184 erectas
3422 3129 3681 3193 habt-ant,

2091 3236 2160 3276 ne
2187 3219 2255 3274 ab
2283 3220 2391 3275 illis
2424 3218 2807 3289 impediantur.
2840 3220 2983 3275 Ante
3026 3218 3260 3273 frontem
3306 3220 3442 3274 aciei
3487 3220 3684 3274 ambu-

2088 3314 2202 3369 lent
2233 3313 2522 3368 mandator
2552 3322 2607 3367 et
2640 3312 3044 3382 eampiductor,
3074 3312 3126 3367 id
3161 3320 3269 3373 est,
3299 3311 3410 3367 dux
3446 3312 3677 3375 viarum,

2089 3407 2180 3463 hic
2205 3406 2426 3476 quidem
2456 3412 2517 3459 ut
2547 3404 2667 3459 vias
2697 3404 2936 3475 indaget,
2976 3412 3031 3458 et
3063 3419 3158 3458 eos
3188 3403 3375 3469 ducat,
3409 3403 3497 3458 ille
3532 3418 3681 3468 vero,

2088 3509 2151 3554 ut
2174 3514 2239 3555 ex
2270 3497 2501 3570 imperio
2533 3495 2780 3568 praefecti
2822 3495 3081 3550 mandata
3112 3495 3223 3551 dct.

2162 3677 2251 3731 55.
2296 3676 2354 3731 Si
2388 3675 2592 3731 cohors
2626 3673 2935 3730 exercenda
2983 3672 3085 3738 sit,
3118 3671 3362 3727 cohortis
3392 3670 3683 3743 prmfectus

2088 3778 2215 3824 ante
2238 3784 2334 3823 eos
2363 3782 2489 3823 cum
2523 3766 2842 3821 mandatorc
2885 3772 2941 3819 et
2969 3765 3383 3835 campiductore
3411 3764 3702 3835 ambulet”

2092 3858 2187 3912 Sin
2224 3864 2407 3912 turma
2445 3864 2793 3921 exerceatur,
2829 3870 2990 3910 nemo
3021 3856 3397 3911 anteambulet
3428 3855 3536 3910 nisi
3569 3865 3684 3908 tur-

2090 3949 2349 4004 marchus
2391 3957 2448 4002 et
2488 3961 2658 4016 eques
2690 3961 2817 4000 cum
2864 3945 3290 4005 mandatoribus
3337 3945 3553 3999 duobus
3577 3983 3590 4007 ,
3630 3953 3685 3997 ct

2088 4037 2594 4108 campiductoribus
2626 4036 2875 4099 duobus,
2917 4044 3155 4090 stratore
3190 4049 3302 4089 uno
3343 4042 3398 4088 et
3430 4035 3684 4103 spathato

2089 4148 2222 4189 uno.
2267 4129 2320 4183 id
2361 4136 2466 4189 est,
2509 4126 2788 4197 armigero
2826 4125 2918 4196 qui
2955 4125 3288 4181 turmarchae
3334 4140 3486 4179 arma
3522 4126 3682 4194 gerit,

2087 4223 2263 4277 donec
2292 4233 2460 4289 prope
2487 4216 2945 4272 conﬂictatione-ri
2988 4217 3161 4283 ipsam
3193 4216 3442 4271 venerint
3470 4215 3678 4284 cepiaa;

2090 4324 2204 4371 tum
2238 4320 2387 4368 certe
2413 4311 2481 4366 ad
2514 4311 2693 4366 locum
2718 4328 2880 4367 suum
2902 4322 2955 4367 ct
2976 4311 3272 4367 stationem
3299 4309 3354 4364 in
3380 4310 3608 4365 cohorte
3631 4318 3686 4363 et

2088 4405 2271 4462 bando
2296 4419 2400 4460 suo
2434 4412 2551 4458 tuto
2585 4404 2826 4459 accedat.

2160 4586 2251 4640 56.
2288 4585 2475 4656 Neque
2494 4601 2619 4641 cum
2645 4585 2895 4641 hostibus
2916 4584 3177 4654 conﬂigat
3200 4584 3313 4647 ille,
3340 4599 3519 4653 neque
3547 4583 3683 4639 buc-

2090 4680 2234 4742 cina,
2266 4679 2523 4748 quamvis
2552 4678 2875 4747 complures
2909 4676 3153 4739 fuerint,
3188 4676 3240 4728 in
3272 4676 3384 4729 ullo
3427 4675 3602 4745 μὲρει,
3633 4675 3685 4728 id

2090 4779 2194 4835 est,
2238 4771 2434 4826 triente
2464 4770 2744 4826 exercitus
2775 4777 3033 4839 personet
3073 4766 3178 4820 nisi
3217 4766 3539 4831 merarchte,
3568 4765 3686 4820 sive

2060 4880 2257 4925 unam
2310 4872 2549 4917 turmam
2592 4862 2764 4916 triens
2810 4859 3043 4922 habeat,
3084 4857 3201 4912 sive
3261 4857 3467 4925 plures,
3502 4867 3563 4910 ut
3614 4873 3682 4910 ne

2093 4955 2327 5009 tumultu
2365 4955 2553 5024 aliquo
2588 4951 2955 5022 impediantur
2997 4946 3255 5003 mandata
3300 4948 3582 5002 exaudire.
3620 4946 3684 4999 Et

2090 5047 2273 5117 gravis
2316 5056 2620 5109 armatura,
2669 5045 2719 5098 id
2760 5052 2867 5107 est,
2912 5040 3123 5111 pedites
3165 5040 3385 5105 scutati,
3426 5040 3494 5096 ad
3538 5040 3684 5094 hunc

2086 5139 2307 5193 modum
2340 5138 2712 5193 instruuntur.

2167 5230 2256 5284 57.
2289 5228 2448 5283 Levis
2474 5238 2748 5282 armatura
2785 5226 3018 5282 diversis
3041 5223 3218 5280 modis
3246 5223 3549 5278 instruitur.
3578 5218 3680 5288 Qui

2085 5319 2628 5387 ρηίιιιὰκροϐολισταὶ
2646 5320 2803 5384 olim,
2842 5333 2991 5373 nunc
3018 5317 3287 5387 sagittarii
3307 5316 3681 5379 nominantur,

1936 5431 2177 5491 NOTAE.

461 5545 573 5617 (10)
616 5546 958 5616 Ὀρίζονται.
991 5548 1202 5612 Scribe,
1233 5546 1541 5616 ὁρῐζωνται.

459 5620 573 5690 (ll)
628 5618 865 5686 Πρῶτον
904 5620 1009 5674 τὸν
1038 5620 1144 5675 τοῦ
1171 5618 1406 5680 πεζικοῦ
1437 5618 1747 5689 τάγματος.
1779 5620 1973 5679 Delen-

387 5689 520 5745 duvn
542 5689 766 5751 Censen,
794 5690 903 5742 τόν.

464 5760 573 5828 lii)
628 5761 947 5831 Ὀιῖιχαγοί.
993 5761 1207 5833 Scribe,
1248 5763 1584 5836 οἱλοχαγοί.,

2159 5549 2847 5622 (13)Καμ.τιδουκτὼρων
2880 5549 3008 5605 δύο.
3040 5548 3396 5605 Scribeliaiur
3417 5588 3431 5613 ,
3466 5561 3677 5615 καμπιο-

2089 5625 2298 5762 “???
2317 5623 2778 5760 'ixpob’oxmml.
2812 5692 2904 5746 Sic
2933 5693 3104 5747 codex
3131 5691 3296 5747 Chcci
3321 5704 3437 5761 pro,
3485 5687 3675 5758 βαρα-

2082 5752 2277 5818 λισταί.
2312 5752 2571 5820 Ρὶδῖοῐίίι
2604 5763 2990 5834 βσλοϐολισταί.
