4022 6490
402 394 504 463 751

1642 401 1921 465 LEONIS
1953 402 2420 466 PHILOSOPIII

3568 413 3674 479 752

399 504 676 564 interdum
725 519 755 559 a
810 513 961 573 tergo
1002 504 1440 574 uniuscujusque
1484 509 1832 564 contubernii
1889 526 1974 582 pri

2094 511 2191 564 νῦν
2214 513 2273 564 δὲ
2307 511 2523 577 τοξόται
2556 512 2589 584 ἦ
2651 512 3060 585 σαγιττάτορες.
3089 514 3225 569 Hoc!
3262 513 3363 586 μὲν
3398 516 3507 586 γὰρ
3548 516 3676 572 επι-

401 597 770 655 multitndinis
798 596 1010 651 ratione
1029 596 1390 665 collocentur,
1415 607 1476 654 ut
1502 609 1837 656 scutatorum
1861 602 1977 657 sin-

403 690 547 759 gulis
580 686 956 742 contuberniis
991 688 1445 757 quaternionibus
1480 704 1624 746 unus
1661 690 1978 762 sagittarius

399 778 749 848 respondeat.
806 778 1084 833 Interdum
1133 781 1186 835 in
1223 780 1341 851 ipsa
1394 782 1743 837 contubernii
1789 782 1977 838 altitu-

398 870 524 924 dine
556 876 803 925 scutatus
832 880 887 925 et
916 871 1228 941 sagittarius
1252 873 1560 928 alternatim
1596 882 1773 954 stent,
1796 860 1978 930 inter-

396 961 527 1031 dum
560 962 613 1015 in
657 963 1035 1019 contuberniis
1067 972 1122 1020 et
1156 965 1451 1033 cornibus,
1488 966 1541 1021 id
1576 976 1678 1033 est,
1716 967 1976 1023 extremis

393 1053 510 1109 oris
540 1055 845 1126 copiarum,
876 1055 1107 1113 interius
1128 1058 1430 1128 equitibus,
1454 1073 1603 1129 saepe
1632 1062 1798 1114 etiam
1823 1069 1975 1115 exto-

396 1143 509 1198 rius
543 1145 685 1198 haud
716 1145 873 1215 longe
914 1162 1039 1200 cum
1071 1148 1263 1217 paucis
1303 1149 1534 1204 scutatis
1575 1149 1643 1203 ad
1676 1149 1975 1205 defenden-

394 1233 495 1287 dos
523 1236 812 1292 interiores
840 1238 1073 1307 equites,
1112 1239 1160 1293 si
1194 1240 1364 1295 multa
1404 1241 1540 1296 levis
1568 1241 1643 1296 sit
1671 1250 1970 1297 armatura.

2098 604 2229 657 σθεν
2262 603 2498 676 ἑκάστης
2531 604 2692 669 ἀκίας
2718 606 2855 677 πρὸς
2878 606 2938 660 τὸ
2979 606 3178 677 μέτρον
3207 606 3316 661 τῶν
3344 608 3484 662 ὅτων
3533 608 3670 681 (i5),

2082 697 2359 750 τουτέστιν
2409 698 2489 759 εἰς
2520 698 2646 760 τοὺς
2670 696 2747 760 ις’
2781 698 3110 762 σκουτάτους
3158 697 3202 752 δ’
3233 699 3419 769 ψιλοί·
3457 700 3545 753 τνα
3571 700 3672 769 μέ-

2083 803 2173 857 χρι
2200 783 2245 839 δ’
2276 786 2639 857 μεριζομένης
2666 787 2764 857 τῆς
2787 786 2896 841 τῶν
2933 787 3244 841 σκουτάτων
3279 788 3442 853 ἀκίας
3470 790 3672 862 εὑρεθῇ

2084 875 2164 940 εἷς
2188 878 2410 948 τοξότης
2434 879 2658 933 ὄπισθεν
2685 880 2904 944 αὐτοῖς⁸
2930 880 3063 933 ποτὲ
3090 880 3147 934 δὲ
3188 882 3246 936 ὲν
3277 881 3354 953 τῷ
3385 882 3537 953 βάθει
3561 883 3674 937 τῶν

2083 970 2256 1024 άκιῶν
2286 965 2366 1035 εἷς
2402 973 2549 1041 παρῇ
2588 971 2903 1038 σκουτάτος,
2936 973 3031 1026 καὶ
3064 972 3310 1044 τοξότης,
3336 973 3470 1027 ποτὲ
3493 974 3551 1027 δὲ
3609 974 3670 1029 ιν

2086 1065 2208 1127 ταῖς
2235 1064 2424 1128 ἀκίαις
2446 1068 2540 1118 καὶ
2570 1067 2634 1117 ὲν
2662 1066 2776 1128 τοῖς
2806 1064 3053 1132 κέρασιν,
3089 1064 3261 1135 ἦγουν
3288 1067 3409 1128 ταῖς
3460 1065 3675 1136 ἐξοχαῖς

2082 1153 2194 1208 τῶν
2224 1155 2607 1225 παρατάξεων,
2656 1154 2938 1208 τουτέστιν
2988 1154 3244 1224 ἐσωτέρω
3273 1153 3383 1206 τῶν
3405 1153 3674 1207 καδαλλα-

2089 1245 2240 1315 ρίων,
2272 1245 2539 1309 πολλάκις
2567 1245 2624 1299 δὲ
2653 1246 2747 1299 καὶ
2786 1244 3036 1315 ἐξωτέρω
3082 1243 3285 1307 αὐτῶν,
3317 1243 3425 1297 ἀπὸ
3469 1248 3671 1315 μικροῦ

392 1326 779 1399 διαστήματος,
835 1333 973 1401 μετὰ
1026 1335 1120 1386 καὶ
1174 1335 1371 1403 ὀλίγων
1396 1336 1713 1391 σκουτάτων
1768 1338 1849 1400 εις
1894 1337 1956 1390 τὸ
1992 1336 2280 1408 ἐκδικῆσαι
2334 1340 2464 1403 τοὺς
2496 1341 2578 1403 είς
2642 1339 2703 1391 τὸ
2768 1337 3037 1407 ἐσώτερον
3097 1337 3341 1401 ἑστῶτας
3394 1337 3673 1390 καϐαλλα-

396 1422 569 1490 ρίους,
598 1423 694 1476 ἐὰν
723 1425 911 1479 πολλοί
940 1427 1077 1480 εἰσιν
1095 1431 1147 1482 oi
1167 1429 1340 1499 ψιλοί.

465 1513 554 1569 58.
596 1514 699 1580 Qui
730 1517 1019 1583 rhictaria,
1051 1520 1101 1574 id
1135 1529 1221 1576 est
1242 1561 1256 1585 ,
1284 1522 1465 1591 jacula
1499 1524 1582 1578 vel
1615 1525 1868 1590 tzicuria,
1898 1524 1983 1578 vel

2156 1518 2260 1591 νη’.
2290 1519 2354 1572 Οί
2387 1517 2444 1571 δὲ
2470 1517 2539 1571 τὰ
2571 1516 2850 1586 ῥικτάρια,
2887 1517 2923 1587 ἢ
2959 1512 3270 1585 τζιιιούρια,
3304 1516 3335 1584 ἢ
3372 1514 3672 1585 βαρδούκια.

396 1603 655 1658 hardueia
693 1606 926 1671 habente,
964 1609 1000 1663 ii
1042 1610 1123 1663 vel
1162 1626 1192 1665 a
1227 1621 1381 1682 tergo
1412 1622 1776 1680 scutatorum,
1814 1615 1897 1668 vel
1928 1615 1974 1668 in

2088 1612 2317 1682 ἔχοντες,
2347 1610 2380 1681 ἢ
2408 1608 2631 1663 ὄπισθεν
2660 1608 2768 1662 τῶν
2793 1607 2964 1661 άκιῶν
3009 1607 3118 1660 τῶν
3146 1607 3480 1672 σκουτάτων,
3529 1607 3562 1677 ἢ
3589 1608 3671 1670 είς

392 1698 651 1752 extremis
680 1700 794 1754 oris
812 1701 970 1767 aciei,
1000 1712 1055 1756 et
1082 1717 1187 1757 non
1224 1704 1278 1757 in
1304 1705 1508 1772 medio,
1541 1706 1810 1760 locantur.
1835 1703 1985 1760 Fun-

2085 1697 2156 1750 τὰ
2185 1696 2332 1765 ἄκρα
2355 1695 2457 1763 τῆς
2484 1695 2872 1764 παρατάξεως,
2913 1693 3009 1748 καὶ
3038 1694 3139 1747 οὐκ
3165 1695 3224 1747 ἓν
3256 1693 3334 1760 τῷ
3375 1695 3546 1765 μέσῳ.
3601 1697 3666 1753 Οί

393 1788 598 1844 ditores
629 1804 822 1847 omnes
864 1792 917 1846 in
947 1796 1211 1849 extremis
1248 1797 1362 1851 oris
1395 1797 1555 1852 aciei.
1597 1796 1752 1853 Nunc
1797 1810 1974 1853 autem

2088 1788 2137 1842 se
2171 1786 2611 1857 σφενδοσολισταὶ
2651 1786 2873 1847 πάντως
2936 1788 3016 1849 είς
3070 1784 3142 1838 τά
3173 1785 3321 1857 ἄκρα
3360 1786 3463 1854 τῆς
3492 1803 3675 1856 παρα-

392 1882 702 1948 sagittarios
751 1885 1102 1956 reliquosque
1137 1886 1469 1956 jaculatores
1509 1904 1537 1943 a
1582 1898 1732 1960 tergo
1788 1900 1974 1945 contu-

2088 1878 2308 1944 τάξεως.
2341 1876 2456 1931 Νῦν
2484 1876 2540 1930 δὲ
2570 1876 2809 1946 τάξομεν
2836 1876 3060 1941 τοξότας
3101 1877 3196 1929 καὶ
3225 1876 3449 1940 λοιποὺς
3506 1879 3675 1933 datav-

392 1968 706 2023 berniorum
752 1972 1042 2027 adversum
1087 1989 1183 2029 eos
1224 1975 1321 2044 qui
1368 1977 1643 2032 contraria
1698 1986 1975 2045 exercent,

389 2057 474 2111 vel
503 2060 969 2127 quemadmodum
1005 2078 1139 2118 usus
1174 2066 1424 2134 requirit,
1451 2066 1871 2124 collocabimus.

463 2148 551 2203 59.
580 2151 805 2220 Equites
828 2152 880 2206 in
910 2153 1042 2223 ipsis
1062 2155 1177 2211 oris
1196 2157 1330 2210 aciei
1358 2155 1628 2226 pedestris
1650 2157 1972 2213 collocabis.

388 2238 746 2313 Qum-traque
794 2254 978 2300 autem
1015 2247 1357 2303 robustiores
1384 2250 1642 2304 cohortes
1673 2259 1821 2316 sunt,
1849 2266 1972 2305 cum

387 2334 620 2389 ducibus
666 2336 784 2391 suis
840 2336 894 2390 in
940 2338 1199 2395 exteriori
1247 2339 1366 2395 loco
1418 2341 1782 2397 collocentur.
1823 2341 1890 2395 Et
1927 2342 1975 2397 si

388 2422 702 2491 complures
741 2427 954 2494 equites
1001 2426 1208 2480 fuerint
1248 2429 1341 2496 qui
1393 2428 1682 2484 duodecim
1740 2430 1973 2484 millium

389 2528 679 2567 numerum
699 2517 1055 2579 excesserint,
1086 2526 1201 2571 tum
1237 2519 1303 2572 ad
1338 2519 1528 2573 decent
1566 2520 1810 2575 virorum
1851 2521 1975 2575 alti-

389 2604 636 2660 tudinem
676 2609 848 2663 liant:
881 2610 966 2664 sin
1000 2613 1317 2680 pauciores,
1356 2614 1424 2670 ad
1457 2615 1702 2685 quinque
1733 2616 1974 2671 virorum

390 2691 734 2753 altitudinem
759 2697 1185 2755 constituantur.
1209 2699 1331 2756 Sint
1357 2711 1541 2758 autem
1566 2704 1787 2773 quidam
1813 2721 1975 2775 supra

387 2784 593 2852 justum
626 2802 938 2853 numerum,
963 2791 1056 2860 qui
1092 2793 1233 2847 ultra
1259 2809 1461 2852 currus
1481 2810 1510 2849 a
1536 2804 1689 2867 tergo
1714 2797 1767 2851 in
1795 2798 1976 2853 subsi-

387 2876 492 2930 diis
524 2878 792 2945 loeentnr,
820 2889 878 2935 ut
903 2882 1001 2936 sia
1037 2892 1186 2952 tergo
1213 2886 1395 2942 hostes
1423 2889 1746 2952 invaserint,
1775 2905 1973 2944 occur-

388 2976 512 3022 rant
552 2968 658 3023 illis
686 2986 698 3022 :
731 2972 817 3025 sin
848 2971 1051 3039 minus,
1082 2974 1349 3031 lateribus
1375 2976 1768 3047 adiungentur.

457 3137 547 3193 60.
586 3138 817 3197 Lattiore
854 3145 1092 3213 primum
1140 3148 1427 3206 intervallo
1468 3152 1815 3210 instruantur
1860 3159 1969 3225 isti,

2080 1968 2268 2031 τιστὰς
2329 1968 2555 2021 ὄπισθεν
2584 1968 2695 2021 τῶν
2727 1968 2901 2023 άκιῶν
2948 1968 3085 2039 πρὸς
3115 1968 3215 2040 τὴν
3240 1968 3567 2039 γυμνασίαν,
3628 1969 3669 2033 ἢ

2077 2062 2154 2124 ὡς
2175 2061 2399 2115 ἀπαιτεί
2422 2062 2455 2130 ὴ
2490 2059 2656 2132 χρεία
2684 2060 2881 2128 αὐτῆς.

2149 2154 2249 2209 νθ’.
2306 2156 2446 2218 Τοὺς
2474 2155 2533 2209 δὲ
2568 2154 2973 2227 κασαλλαρίους
3028 2156 3111 2218 είς
3136 2155 3206 2210 τὰ
3254 2157 3404 2227 ἂκρα
3432 2159 3532 2227 τῆς
3565 2173 3672 2211 rre—

2077 2242 2237 2316 ζικῆς
2262 2245 2626 2316 παρατάξεως
2667 2244 2873 2308 τάξεις.
2914 2245 3053 2299 Ὅσα
3088 2245 3145 2298 δὲ
3201 2245 3385 2299 αὐτῶν
3425 2247 3671 2315 ἀνδρειό-

2074 2351 2209 2407 τερα
2240 2335 2677 2406 τάγματα,μετὰ
2697 2335 2806 2388 τῶν
2838 2336 3119 2405 ἀρχόντων
3177 2335 3361 2389 αὐτῶν
3386 2336 3667 2405 ἐξωτέρω.

2076 2428 2188 2482 Καὶ
2243 2428 2291 2481 εί
2338 2427 2438 2498 μὲν
2497 2427 2683 2481 πολλοί
2741 2428 2971 2480 εἰσινοὶ
3005 2426 3383 2497 καδαλλάριοι,
3418 2426 3670 2480 τουτέστι

2076 2519 2240 2573 πλέον
2268 2518 2377 2571 τῶν
2407 2517 2474 2589 ιβ’
2532 2520 2814 2589 χιλιάδων,
2866 2519 2975 2572 ἀπὸ
3004 2518 3232 2571 δέκατον
3282 2517 3445 2586 βάθος
3508 2516 3671 2571 τοῦτο

2074 2611 2335 2679 γίνεσθαι.
2372 2612 2434 2664 Εἰ
2469 2611 2526 2664 δὲ
2560 2611 2656 2664 καὶ
2682 2609 3048 2681 ὀλιγωτέρους
3078 2608 3173 2661 τοῦ
3218 2610 3416 2679 μέτρου
3452 2607 3669 2673 τούτου,

2074 2703 2187 2757 ἀπὸ
2214 2703 2401 2758 πέντε.
2452 2700 2605 2757 Εἶναι
2631 2703 2689 2757 δὲ
2722 2705 2786 2757 ὲκ
2816 2700 3080 2774 περισσοῦ
3138 2718 3294 2764 τινας
3340 2700 3565 2753 δπισθεν
3607 2702 3670 2753 ἂν

2076 2795 2409 2866 ὑποϐοηθείᾳ
2436 2795 2616 2851 αὐτῶν
2655 2796 2904 2866 ἐξωτέρω
2965 2796 3076 2849 τῶν
3118 2794 3382 2865 ἁμαξῶνο
3441 2795 3528 2848 ἵνα
3573 2795 3670 2848 ἐὰν

2076 2887 2175 2957 μὲν
2213 2886 2300 2940 διὰ
2350 2887 2459 2940 τῶν
2503 2887 2728 2940 ὄπισθέν
2770 2904 2917 2949 τινες
2972 2885 3083 2941 τῶν
3139 2886 3351 2958 ἐχθρῶν
3398 2886 3665 2954 φανῶσιν,

2075 2978 2493 3047 ἀποσοϐἠσωσιν
2541 2976 2740 3042 αὐτούς
2763 2995 2778 3010 θ
2815 2980 2865 3032 εί
2902 2978 2959 3031 δὲ
2987 2978 3153 3049 μήγε,
3181 2977 3524 3049 προστεθιῖηι
3549 2982 3668 3042 τοῖς

2080 3069 2335 3138 πλαγίοις
2362 3070 2457 3122 καὶ
2486 3069 2662 3124 αὐτοί.

2139 3158 2203 3225 ξ’.
2238 3161 2543 3215 Τάσσονται
2568 3162 2627 3215 δὲ
2674 3160 2768 3214 καὶ
2793 3160 2949 3213 αὐτοὶ
2995 3160 3054 3212 ὲν
3087 3158 3395 3231 άραιοτέρῳ
3446 3160 3667 3229 πρῶτον

388 3238 446 3283 ιιι
477 3233 519 3285 si
546 3234 724 3303 aliqua
755 3238 972 3293 occasio
994 3242 1273 3299 exercitus
1298 3248 1673 3303 commutandi
1706 3251 1832 3319 ﬁat,
1867 3255 1968 3309 mi-

2088 3252 2423 3321 ῑιαστήματι,
2468 3251 2553 3303 ἵνα
2588 3250 2685 3304 ἐὰν
2718 3252 2946 3322 γένηται
2991 3251 3184 3322 καιρὸς
3218 3250 3298 3313 είς
3324 3250 3388 3303 τὸ
3434 3250 3660 3321 χρῄζειν

386 3320 595 3375 nimum
627 3323 1018 3393 impediantur.

454 3412 537 3466 61.
566 3413 855 3487 Praecipies
883 3420 1185 3489 equitibus.
1216 3439 1284 3480 ne
1315 3425 1481 3482 nimis
1512 3428 1818 3500 impetuose
1846 3447 1971 3488 cur-

387 3511 510 3555 sent
551 3502 604 3557 in
631 3503 840 3572 hostes,
884 3524 1063 3580 neque
1101 3526 1131 3565 a
1176 3513 1412 3581 pedestri
1445 3516 1562 3572 acie
1600 3518 1765 3590 longo
1804 3523 1972 3577 inter-

388 3595 530 3649 vallo
567 3596 871 3666 discedant,
907 3616 977 3656 ne
1008 3602 1053 3655 si
1085 3602 1225 3657 forte
1261 3605 1473 3661 insidia:
1513 3608 1666 3673 ﬁant,
1700 3620 1753 3665 et
1789 3612 1972 3668 hostes

387 3700 537 3745 retro
570 3693 623 3747 in
655 3709 752 3750 eos
782 3712 842 3751 se
871 3708 1218 3768 convertant,
1249 3702 1457 3771 pedites
1493 3706 1688 3762 horum
1718 3710 1972 3777 praesidio

382 3786 629 3843 destituti
661 3791 881 3861 aliquod
916 3794 1118 3849 vulnus
1145 3796 1435 3866 accipiant.
1478 3798 1535 3854 Si
1569 3802 1742 3870 pressi
1777 3803 1969 3859 admo-

387 3880 514 3931 dum
547 3880 905 3953 dissipatique
938 3884 1159 3951 fuerint,
1198 3896 1311 3941 tum
1340 3898 1489 3944 retro
1522 3892 1588 3945 ad
1619 3907 1815 3948 currus
1841 3909 1973 3948 suos

385 3975 824 4041 conservandos,
860 3978 952 4046 qui
989 3994 1018 4032 a
1053 3990 1204 4049 tergo
1230 3982 1366 4037 aciei
1412 3985 1683 4052 pedestris
1718 3987 1969 4043 instructi

388 4072 536 4127 sunt,
568 4080 628 4119 se
654 4066 974 4136 conferant,
1015 4087 1116 4127 nec
1146 4088 1244 4129 eos
1275 4085 1620 4143 praetereant.
1664 4079 1759 4133 Sin
1795 4096 1861 4135 ne
1891 4081 1973 4137 sic

385 4156 604 4221 quidem
648 4160 907 4217 resistere
945 4165 1185 4232 possint,
1228 4183 1293 4221 ex
1339 4169 1497 4237 equis
1522 4169 1879 4239 descendant,
1919 4182 1974 4229 ct

387 4248 618 4313 pedibus
643 4251 859 4321 seipsos
890 4254 1202 4317 defendant.

457 4530 546 4583 6‘2.
584 4530 637 4584 Si
693 4533 865 4589 aciem
912 4534 1185 4592 instruere
1237 4542 1511 4597 exercitus
1554 4544 1818 4610 voluerit,
1862 4564 1970 4603 non

2082 3340 2534 3411 μεταὸάλλεσθαι,
2598 3341 2674 3413 μὴ
2706 3340 3135 3410 ἐμποδίζωνται.

2152 3431 2255 3497 ξα’.
2308 3431 2686 3501 Παραγγελεῖς
2733 3432 2790 3485 δὲ
2828 3433 2957 3494 τοὺς
3010 3430 3412 3503 κασαλλαρίους
3441 3432 3515 3503 μὴ
3568 3450 3668 3486 κατ

2076 3525 2364 3596 τατρέχειν
2390 3524 2499 3578 τῶν
2526 3522 2757 3595 ἐχθρῶν,
2812 3523 2949 3595 μηδὲ
2996 3523 3333 3592 ἀφίστασθαι
3371 3525 3472 3593 τῆς
3506 3525 3663 3589 πεζι-

2079 3618 2182 3687 κῆς
2236 3615 2594 3685 παρατάξεως
2641 3614 2718 3678 ὡς
2772 3615 2865 3667 ἐπὶ
2897 3614 3031 3669 πολὺ
3074 3615 3372 3685 διάστημα,
3406 3616 3500 3669 καὶ
3527 3618 3665 3687 τάχα

2078 3706 2359 3779 τραπῶσιν
2396 3707 2447 3759 οἱ
2494 3705 2701 3776 ἐχθροίο
2737 3705 2829 3760 Eva.
2882 3706 2956 3777 μὴ
3000 3706 3339 3775 ὲγκρίματὸς
3368 3706 3481 3777 (16)
3517 3724 3666 3769 τινος

2080 3800 2212 3871 παρ’
2240 3798 2420 3852 αὐτῶν
2447 3797 2764 3868 γενομένου,
2811 3797 2970 3867 εἴπερ
2996 3797 3107 3851 ἀπὸ
3134 3796 3503 3867 διαστήματός
3531 3798 3667 3850 εἰσιν

2076 3891 2128 3943 oi
2160 3888 2315 3955 πεζοὶ
2346 3888 2710 3959 γυμνούμενοι
2740 3888 2840 3958 τῆς
2882 3887 3266 3959 παρατάξεως,
3308 3889 3666 3959 ἐπηρεασθῶ-

2081 4001 2187 4046 σιν,
2231 3983 2305 4055 ᾡς
2351 3981 2665 4053 ὀλιγώτεροι
2720 3984 2752 4053 ἢ
2799 3982 3196 4052 ἀσθενέστεροι.
3236 3981 3398 4035 Ἀλλὰ
3451 3983 3550 4035 καὶ
3603 3981 3667 4035 ἂν

2089 4074 2411 4145 βιασθῶσιν,
2437 4074 2513 4137 ὡς
2537 4076 2704 4138 εἰκὸς,
2733 4073 3004 4141 παρὰτῶν
3018 4072 3294 4138 ἐναντίων,
3324 4073 3547 4126 ὄπισθεν
3569 4074 3667 4143 τῆς

2080 4167 2443 4238 παρατάξεως
2468 4167 2577 4219 τῶν
2604 4166 2787 4230 πεζῶν
2836 4167 3141 4234 ὀφείλοδσιν
3167 4160 3307 4218 εἶναι
3339 4166 3474 4234 πρὸς
3504 4165 3666 4234 φυλα-

2079 4259 2182 4326 κὴν
2213 4258 2415 4311 αὐτῶνθ
2453 4259 2501 4311 εί
2530 4258 2588 4310 δὲ
2616 4258 2748 4327 μηδὲ
2766 4256 2937 4319 οὕτως
2968 4256 3275 4325 ἀντέχουσι,
3308 4255 3667 4325 κατέρχεσθαι

2079 4350 2276 4413 αὐτοὺς
2315 4351 2379 4401 ὲκ
2399 4350 2507 4401 τῶν
2528 4348 2730 4412 ἵππων,
2760 4349 2854 4402 καὶ
2883 4346 3059 4409 οὕτως
3101 4344 3244 4415 πεζῇ
3271 4346 3499 4408 ἑαυτοὺς
3520 4344 3666 4397 ἐκδι-

2081 4458 2217 4496 κειν.

2154 4530 2252 4602 ξβ’.
2285 4532 2410 4586 Ἐὰν
2443 4533 2500 4586 δὲ
2537 4531 2946 4601 παρατάξεσθαι
3000 4530 3099 4599 μὲν
3151 4530 3283 4602 θέλῃ
3329 4530 3359 4581 ὁ
3418 4529 3667 4599 στρατὸς,

384 4632 566 4677 tamen
602 4640 670 4679 eo
710 4626 797 4683 die
836 4630 1158 4700 confligere,
1209 4633 1254 4688 si
1301 4635 1599 4691 adversarii
1654 4639 1708 4692 in
1758 4641 1969 4709 equites

2177 4623 2505 4695 συμϐάλλειν
2540 4624 2596 4677 δὲ
2628 4623 2770 4677 κατὰ
2803 4623 2901 4691 τὴν
2925 4623 3097 4691 αὐτὴν
3119 4622 3357 4691 ἡμέραν,
3381 4621 3475 4673 καὶ
3489 4623 3667 4690 ὁρμή-

387 4716 667 4783 irrnerint,
689 4730 745 4774 et
770 4736 1107 4792 nequaquam
1140 4728 1415 4784 sustinere
1431 4746 1527 4785 eos
1552 4732 1629 4785 tui
1653 4744 1970 4800 potuerunt,

393 4827 459 4865 ne
492 4815 873 4879 praestolcntur
902 4832 999 4871 eos
1032 4818 1084 4871 in
1118 4819 1252 4875 aciei
1284 4823 1544 4878 cornibus
1573 4825 1837 4888 sistendo,
1878 4829 1972 4883 sed

392 4916 540 4957 retro
584 4907 779 4961 cedant
818 4910 882 4962 ad
931 4920 1206 4970 extremas
1255 4930 1382 4967 oras
1430 4917 1566 4971 aciei
1598 4926 1648 4970 ct
1683 4934 1973 4974 curruum.

392 4995 547 5061 Quod
580 4997 626 5051 si
659 4999 784 5066 liat,
815 5002 1028 5069 majore
1075 5004 1358 5061 intervallo
1396 5023 1535 5076 opus
1561 5019 1664 5069 est,
1700 5019 1759 5063 nt
1792 5012 1975 5065 disce-

296 5120 299 5124 -
386 5086 642 5142 dentibus
687 5090 799 5159 jam
844 5102 958 5146 tum
1001 5096 1277 5163 equitibus
1322 5100 1505 5151 caateri
1549 5101 1818 5169 angustiis
1862 5116 1969 5159 non

387 5180 554 5238 nimis
586 5196 925 5255 premantur,
964 5205 1032 5254 nc
1057 5189 1298 5244 hostium
1330 5191 1543 5260 sagittis
1576 5192 1862 5255 laedantur.

465 5447 553 5502 65.
597 5447 722 5506 ihec
770 5461 1017 5524 tempore
1056 5453 1227 5523 prtelii
1282 5455 1516 5510 maxime
1553 5456 1685 5510 ﬁant
1722 5476 1733 5510 :
1768 5457 1869 5512 hac
1912 5457 1981 5512 de

390 5554 555 5598 causa
586 5544 731 5599 enim
757 5546 841 5600 hac
869 5546 1290 5603 exercitationes
1318 5550 1554 5604 maxime
1574 5550 1975 5619 suscipiuntur.

2075 4733 2242 4771 σωσιν
2288 4717 2339 4769 οἱ
2400 4715 2586 4786 ἐχθροὶ
2635 4716 2779 4767 κατὰ
2834 4714 2944 4766 τῶν
3004 4710 3390 4781 καὸαλλαρίων
3448 4712 3544 4763 καὶ
3597 4711 3670 4780 μὴ

2076 4809 2420 4880 βαστάζωσιν
2443 4808 2668 4871 αὐτοὺς,
2693 4806 2766 4877 μὴ
2800 4804 3144 4875 ἁναμένωσιν
3172 4804 3367 4867 αὐτοὺς
3393 4804 3669 4871 ἱστάμενοι

2073 4903 2152 4963 εἰς
2181 4900 2248 4954 τὰ
2278 4899 2485 4970 κέρατα
2503 4900 2599 4968 τῆς
2632 4897 3014 4969 παρατάξεως,
3044 4896 3161 4949 ἀλλ’
3192 4894 3417 4949 ὄπισθεν
3471 4892 3673 4963 μᾶλλον

2076 4993 2295 5053 ἔλθωσι,
2321 4991 2602 5044 τουτέστιν
2634 4991 2714 5053 εἰς
2738 4990 2806 5042 τὰ
2835 4989 2981 5059 ἄκρα
3028 4990 3127 5058 τῆς
3171 4984 3536 5058 παρατάξεως
3576 4982 3669 5037 καὶ

2078 5083 2188 5136 τῶν
2210 5082 2456 5151 άμαξῶν.
2494 5081 2557 5134 El
2599 5079 2656 5133 δὲ
2685 5080 2846 5134 τοῦτο
2893 5080 3143 5150 γένηται,
3196 5078 3369 5148 χρεία
3423 5075 3667 5145 μείζονος

2081 5173 2174 5225 τοῦ
2211 5172 2269 5224 ἐν
2309 5171 2387 5242 τῷ
2421 5171 2572 5241 μέσῳ
2622 5170 3011 5240 διαστήματος,
3043 5169 3129 5223 ἵνα
3163 5163 3667 5238 μεταϐαλλομένων,

2081 5266 2158 5329 ὡς
2182 5266 2352 5329 εἰκὸς,
2381 5264 2488 5317 τῶν
2515 5263 2902 5334 καϐαλ).αρίων
2940 5262 3013 5332 μὴ
3039 5259 3509 5330 στενοχωρηθῶσι,
3526 5252 3666 5326 μηδι

2083 5360 2139 5411 αἱ
2170 5358 2277 5412 τῶν
2300 5356 2510 5426 ἐχθρῶν
2548 5357 2795 5422 σαγῖτται
2824 5355 2901 5424 μὴ
2930 5354 3241 5425 βλάπτωσιν
3267 5350 3487 5412 αὐτούς.

2159 5449 2255 5517 ξγ’.
2298 5449 2481 5502 Ταῦτα
2512 5449 2593 5501 δεῖ
2639 5448 2876 5517 μάλιστα
2918 5446 3011 5499 καὶ
3066 5448 3126 5498 ἐν
3155 5444 3332 5515 καιρῷ
3369 5441 3548 5513 μάχης
3584 5437 3663 5506 γίο

2090 5544 2298 5596 νεσθαιο
2341 5543 2430 5596 διὰ
2484 5541 2689 5613 ταύτην
2748 5540 2856 5611 γὰρ
2907 5540 3002 5592 καὶ
3035 5540 3066 5609 ἡ
3100 5539 3376 5607 γυμνασία
3402 5549 3661 5607 μεταχει·

2094 5652 2324 5704 ρεςεται.

1910 5747 2141 5817 ΝυΤίΕ.

471 5828 587 5898 (15)
613 5833 731 5902 Τῶν
757 5835 926 5890 ὅτων.
967 5836 1178 5903 Scribe,
1220 5837 1324 5890 τῶν
1358 5836 1513 5892 ὅλων.

2165 5838 2275 5909 (Hi)
2324 5840 2727 5909 ‘e'rxmmrog.
2762 5836 2975 5907 Scribe,
3017 5834 3432 5906 ἐγκρύμματοςο

2172 6082 2205 6113 δ
