4022 6424
279 367 389 440 753

1366 362 1700 424 TACTICA.
1736 386 1806 398 —
1835 355 2337 423 CONSTITUTIO
2362 354 2493 417 VII.

3442 342 3546 407 7:34

356 479 448 545 ξδ’.
482 474 707 529 Τούτων
764 474 867 544 μὲν
920 465 1016 528 οὖν
1058 471 1171 529 τῶν
1189 471 1486 535 διατάξεων
1513 472 1849 542 εἰρημένων,

2023 470 2114 525 64.
2149 469 2218 523 Iis
2259 467 2422 521 rebus
2464 462 2627 532 igitur
2666 458 2975 529 descriptis,
3003 464 3272 528 precepts
3317 470 3346 510 a
3376 454 3537 510 nobis

282 570 491 641 πρέπον
544 568 676 639 ἡμῖν
730 567 823 621 καὶ
868 565 937 619 τά
973 566 1228 636 σχήματα
1292 566 1388 619 καὶ
1445 564 1514 617 τά
1539 562 1857 633 παραγγέλ-

287 678 433 733 ματα
458 659 556 729 τῆς
594 657 825 727 πεζικῆς
846 656 1075 723 τάξεως,
1116 655 1306 728 ὥσπερ
1344 657 1439 710 καὶ
1471 658 1571 726 τῆς
1601 654 1856 724 ἱππικῆς,

284 751 579 822 ἐμφανίσαι
605 765 689 803 σοι
708 748 804 801 καὶ
827 747 1181 816 διασαφῆσαι.

355 840 450 908 ξε.
483 840 652 894 Ὅταν
700 839 811 909 γὰρ
874 838 1203 907 παραστῶσι
1255 839 1393 910 πρὸς
1417 837 1516 906 τὴν
1547 834 1860 907 γυμνασίαν

284 933 352 985 τὰ
376 930 519 1001 μέρη
549 929 653 998 τῆς
684 928 1009 999 παραταγῆς
1042 927 1153 982 τῶν
1174 929 1471 999 ταγμάτων
1485 928 1581 981 τοῦ
1601 925 1858 998 στρατοῦ,

284 1020 641 1093 παραγγέλλῃ
665 1022 694 1075 ό
725 1019 1013 1090 μανδᾶτωρ
1040 1020 1214 1073 ταῦτα
1236 1038 1249 1052 ·
1277 1019 1435 1074 Μετὰ
1460 1020 1623 1089 σιγῆς
1680 1018 1861 1072 πάντα

282 1112 350 1164 τὰ
382 1110 820 1181 παραγγέλματα
870 1108 1217 1179 πληρώσατε.
1257 1109 1351 1181 Μὴ
1381 1108 1713 1178 ταραχθῆτε.
1747 1107 1862 1176 Τὴν

280 1202 434 1267 τάξιν
456 1201 611 1269 ὑμῶν
648 1200 997 1271 πληρώσατε.
1023 1200 1115 1271 Τῷ
1142 1200 1317 1271 βάνδῳ
1350 1201 1853 1271 ἐπακολουθήσαιτε.

280 1293 487 1363 Μηδεὶς
519 1293 709 1365 άφήσῃ
740 1292 799 1346 τὸ
820 1291 1031 1361 βάνδον.
1056 1292 1168 1345 Καὶ
1189 1293 1314 1354 τοὺς
1345 1292 1577 1363 ἐχθροὺς
1603 1290 1854 1357 διώξατε.

280 1386 392 1438 Καὶ
423 1386 628 1438 τούτων
658 1385 967 1454 εἰρημένων
996 1383 1206 1438 κινοῦσι
1241 1386 1432 1454 πράως
1465 1400 1524 1437 τε
1572 1383 1663 1437 καὶ
1724 1382 1861 1452 ἡσύ-

279 1494 411 1548 χως,
441 1476 580 1529 ὥστε
613 1476 749 1546 μηδὲ
776 1475 1106 1546 ψιθυρισμὸν
1140 1474 1385 1544 γίνεσθαι
1406 1475 1560 1545 παρά
1583 1492 1750 1538 τινος.

353 1561 460 1629 ξς’.
497 1562 801 1626 Ἐθίξεσθαι
831 1563 887 1617 δὲ
915 1564 1116 1627 αὐτοὺς
1175 1564 1312 1635 πρὸς
1359 1564 1535 1619 ταῦτα
1592 1568 1767 1636 φωνῇ’
1823 1564 1857 1635 ἢ

277 1656 530 1727 νεύματι,
562 1655 652 1709 διὰ
677 1656 905 1725 σημείου
938 1656 1082 1721 τινὸς
1110 1650 1221 1712 οἷον
1251 1659 1422 1710 κινεῖν
1453 1661 1549 1711 καὶ
1578 1658 1858 1725 ἵστασθαι,

274 1745 637 1801 λεπτύνεσθαι
650 1748 817 1818 ῆγουν
835 1746 1154 1818 μερίζεσθαι
1166 1746 1225 1800 τὺ
1242 1745 1403 1816 βάθος
1416 1746 1524 1800 τῶν
1538 1747 1708 1800 άκιῶν
1722 1747 1768 1817 (i
1781 1747 1856 1816 7),

278 1838 607 1908 περιπατεῖν
679 1835 809 1900 ἴσως
856 1838 948 1891 καὶ
1017 1837 1461 1908 συντεταγμένως
1516 1837 1610 1890 ἐπὶ
1661 1838 1856 1907 στόμα,

277 1929 448 2000 ῆγουν
475 1928 560 1982 ἐπ’
589 1927 825 1992 εὐθείας,
868 1928 962 1982 καὶ¹
984 1928 1127 1983 κατὰ
1144 1929 1358 1993 κοίλους
1390 1928 1589 1993 τόπους
1621 1929 1732 2000 (18)
1765 1930 1860 1983 καὶ

273 2018 571 2090 διαφόρους
599 2017 952 2085 πυκνοῦσθαι,
978 2020 1098 2090 ἤτοι
1120 2019 1467 2089 σφίγγεσθαι,
1513 2021 1655 2075 κατὰ
1684 2019 1854 2089 βάθος

274 2111 374 2164 καὶ
425 2110 591 2176 νίκος,
647 2110 866 2181 φούλκῳ
898 2114 1242 2181 περιπατεῖν,
1297 2112 1629 2183 συμϐάλλειν
1674 2112 1751 2178 ὡς
1799 2114 1859 2166 ὲν

273 2201 431 2267 τάξει
463 2190 641 2275 μάχης
676 2203 814 2273 μετὰ
845 2205 1149 2275 σχήματος.

353 2295 449 2360 ξς.
510 2296 889 2368 Γυμνάζεσθαι
917 2297 974 2350 δὲ
1028 2298 1122 2351 καὶ
1150 2298 1342 2363 οὕτως’
1370 2299 1515 2355 ποτε
1553 2301 1653 2370 μὲν
1716 2299 1857 2369 μετὰ

279 2388 541 2459 βεργίων,
577 2388 706 2442 ποτὲ
727 2388 784 2441 δὲ
818 2388 957 2458 μετὰ
1002 2389 1227 2460 γυμνῶν
1264 2384 1507 2447 σπαθίων
1532 2392 1856 2462 μερίζεσθαι

281 2478 422 2548 πρδς
478 2478 883 2547 διφαλαγγίαν,
940 2481 1033 2533 καὶ
1096 2482 1259 2534 πάλιν
1335 2482 1800 2536 ἀποκαθίστασθαι
1840 2500 1856 2514 ·

274 2569 427 2633 δεξιά
480 2570 576 2623 καὶ
601 2570 864 2641 ἀριστερὰ
913 2571 1217 2637 κλίνεσθαι,
1255 2573 1361 2655 καρί-
1411 2576 1735 2644 περιπατείν
1765 2575 1859 2627 ἐπὶ

275 2661 446 2730 κέρας
478 2660 649 2729 ἦγουν
672 2661 733 2713 τὸ
781 2660 954 2727 δεξιὸν
988 2660 1153 2733 μέρος
1177 2704 1191 2726 ,
1228 2663 1490 2732 προάγειν
1526 2664 1856 2734 ἔμπροσθεν,

276 2751 375 2805 καὶ
395 2751 556 2805 πάλιν
582 2750 1075 2820 ἀποκαθίστασθαι,
1101 2752 1469 2822 φυλάττεσθαι
1490 2756 1855 2824 άμφιστόμως

274 2840 653 2912 ἑκατέρωθεν,
688 2842 783 2895 καὶ
846 2842 1011 2897 πάλιν
1063 2845 1536 2900 ἀποκαθίστασθαι
1570 2863 1584 2876 ·
1635 2849 1858 2918 μετατί-

275 2932 468 2986 Θεσθαι
506 2932 658 2996 δεξιά
695 2934 790 2987 καὶ
815 2934 1103 3004 ἀριστερά,
1142 2935 1474 3004 άραιοῦσθαι
1510 2938 1605 2991 καὶ
1642 2939 1857 2993 πλατύ-

274 3024 467 3078 νεσθαι
496 3025 617 3094 ἦτοι
639 3024 992 3079 διαπλοῦσθαι
1026 3028 1086 3078 τὸ
1117 3026 1279 3096 βάθος
1305 3028 1412 3080 τῶν
1446 3029 1641 3092 ἀκιῶν,
1687 3048 1857 3100 μετα-

277 3115 573 3170 ϐάλλεσθαι
602 3116 749 3172 κατὰ
770 3116 966 3183 νώτου,
1004 3119 1099 3171 καὶ
1147 3121 1312 3173 πάλιν
1358 3120 1854 3175 ἀποκαθίστασθαι.

278 3206 524 3260 Γίνονται
553 3208 611 3261 δὲ
656 3207 729 3262 τὰ
776 3211 1034 3279 σχήματα
1075 3210 1249 3265 ταῦτα
1292 3211 1382 3265 διὰ
1410 3213 1509 3277 τὰς
1566 3214 1861 3285 διαφόρους

275 3296 701 3361 ἀνακυπτούσας
731 3298 933 3361 αἰτίας.

351 3582 451 3654 ξη¹.
507 3585 662 3654 Φωνῇ
721 3584 966 3654 τοίνυνῆ
1016 3586 1246 3656 νεύματι
1293 3587 1381 3641 διὰ
1425 3590 1652 3658 σημείου
1716 3590 1861 3655 τινὸς

276 3675 490 3729 κινοῦσι
513 3676 608 3728 καὶ
632 3676 896 3728 ἵστανται.
930 3676 1058 3728 Ὅτε
1084 3676 1139 3729 δὲ
1164 3677 1291 3749 θέλῃ
1320 3679 1563 3749 κινῆσαι,
1600 3679 1860 3749 σημαίνει

274 3767 308 3837 ἧ
340 3767 574 3837 βουκίνῳ
596 3768 628 3839 ῆ
663 3769 728 3836 τῇ
754 3768 987 3838 ταυραία
1009 3771 1036 3821 ὁ
1058 3769 1507 3840 καμπιδούκτωρ,
1533 3771 1564 3841 ἢ
1588 3773 1653 3841 τῇ
1686 3774 1859 3841 φωνῇ,

276 3857 375 3910 καὶ
401 3856 632 3910 κινοῦσι.
668 3858 729 3908 El
753 3855 807 3909 δὲ
838 3857 1033 3925 στῆσαι
1064 3857 1211 3931 θέλῃ,
1238 3859 1271 3929 ἢ
1304 3862 1370 3930 τῇ
1426 3859 1596 3932 τούϐᾳ
1645 3862 1781 3931 (l9),
1833 3863 1862 3916 ὅ

274 3951 399 4002 ἐστι
433 3949 627 4017 μικρὸν
659 3948 989 4018 βούκινον,ἣ
1040 3951 1108 4018 τῇ
1151 3954 1330 4021 φωνῇ,
1391 3951 1423 4021 ἢ
1476 3953 1708 4022 νεύματι
1761 3954 1859 4023 τῆς

273 4037 483 4108 χειρὸς,
519 4039 614 4092 καὶ
640 4039 902 4093 ἵστανται.
935 4039 1034 4092 Διὰ
1059 4040 1115 4094 δὲ
1140 4040 1298 4095 τοῦτο
1325 4045 1475 4112 φωνῇ
1508 4045 1601 4096 καὶ
1646 4044 1860 4114 σημείῳ

274 4129 556 4193 ἐθίζεσθαι
577 4130 876 4197 ἀναγκαῖόν
896 4132 1035 4194 ἐστι,
1060 4132 1148 4185 διὰ
1179 4134 1270 4185 τὸν
1308 4134 1401 4186 τοῦ
1434 4135 1680 4205 ἅρματος
1704 4135 1861 4206 θόρυ-

274 4221 396 4285 60v,
425 4222 458 4291 ἢ
498 4223 795 4292 κονιορτὸν,
828 4225 861 4296 ῆ
889 4223 1122 4295 ὀμίχλην
1153 4228 1569 4296 ἐπιγενομένην.

354 4332 449 4397 ξθ’.
470 4334 857 4399 Λεπτύνονται,
872 4337 991 4407 ἤτοι
1006 4336 1315 4407 μερίζονται
1333 4338 1389 4390 αί
1405 4338 1577 4400 ἁκίαι,
1601 4340 1731 4391 ὅταν
1753 4340 1860 4393 ἀπὸ

1960 573 2015 617 ει
2059 560 2428 616 institutiones
2473 551 2737 625 pedestris
2777 551 2935 615 aciei,
2965 547 3430 621 quemadmodum
3483 554 3540 599 et

1959 652 2249 724 equestris,
2288 646 2619 717 explicanda;
2647 644 2741 699 tibi
2774 657 2838 698 ac
2865 642 3226 714 proponenda
3253 648 3406 695 sunt.

2027 826 2119 881 65.
2159 822 2391 890 Quando
2436 817 2504 876 ad
2543 816 2985 875 exercitationem
3021 830 3216 873 omnes
3258 814 3540 871 instructae

1961 920 2094 977 aciei
2125 918 2382 973 cohortes
2414 910 2793 977 convenerint,
2816 911 2933 965 haec
2959 908 3068 963 illis
3089 906 3378 962 mandator
3398 921 3538 974 prae-

1960 1009 2170 1079 cipiat:
2213 1005 2350 1062 Cum
2388 1001 2607 1058 silentio
2642 1014 2833 1055 omnes
2880 999 3145 1069 imperata
3186 996 3429 1053 facitote.
3464 995 3542 1051 Ne

1963 1095 2378 1172 perturbemini.
2414 1092 2717 1149 Stationem
2754 1098 2987 1145 vestram
3019 1086 3539 1144 servatote.Cohor-

1961 1206 2068 1252 tem
2094 1186 2424 1262 sequamini.
2448 1183 2616 1239 Nemo
2650 1184 2930 1238 cohortem
2966 1195 3121 1234 suam
3152 1179 3389 1233 deserat.
3424 1178 3539 1231 lni-

1961 1289 2135 1344 micos
2207 1275 2633 1353 persequamini.
2696 1271 2811 1329 Hac
2891 1272 3142 1327 oratione
3212 1270 3420 1334 habita,
3469 1270 3541 1323 ita

1960 1381 2143 1452 quiete
2174 1385 2229 1432 et
2262 1373 2488 1429 remisse
2516 1383 2575 1425 se
2598 1364 2915 1429 movebunt,
2950 1373 3009 1419 ut
3050 1378 3210 1418 nemo
3250 1378 3318 1417 ne
3353 1376 3544 1418 susur-

1961 1481 2044 1531 ret
2071 1469 2316 1543 quidem.

1990 1560 2120 1621 '66.
2151 1557 2500 1618 Exercitandi
2548 1556 2615 1610 ad
2672 1555 2787 1611 hac
2817 1559 2946 1608 sunt.
2991 1563 3124 1620 voce
3178 1546 3262 1600 vei
3309 1552 3442 1599 nutu
3491 1550 3545 1599 ct

1963 1655 2118 1725 signo
2175 1650 2359 1720 aliquo
2414 1655 2473 1701 ut
2520 1651 2777 1699 moveant
2809 1648 3043 1702 etstent,
3103 1636 3355 1693 laxentur
3385 1641 3437 1689 et
3487 1633 3539 1688 in

1962 1724 2301 1802 altitudinem
2355 1735 2840 1793 contuberniorum
2890 1728 3229 1788 dividantur,
3286 1724 3547 1781 incedant

1959 1833 2298 1906 mquabiliter
2321 1840 2376 1885 et
2402 1827 2672 1888 ordinate,
2709 1824 2763 1878 in
2801 1821 3054 1881 frontem,
3092 1817 3141 1871 id
3183 1823 3288 1878 est,
3321 1814 3543 1881 directe,

1960 1944 2023 1985 ac
2056 1926 2222 1982 variis
2273 1922 2448 1979 modis
2479 1917 2826 1987 diversisque
2864 1928 2922 1969 se
2972 1910 3301 1965 contrahant
3333 1917 3386 1969 et
3415 1908 3548 1963 den-

1958 2027 2102 2082 sent,
2149 2026 2264 2070 tum
2318 2013 2372 2066 in
2422 2007 2976 2079 longitudinem.tum
3033 2001 3086 2056 in
3138 2000 3488 2055 altitudinem
3528 2016 3543 2054 :

1957 2109 2158 2181 phulco
2195 2105 2497 2167 ambulent,
2528 2104 2715 2171 sicque
2748 2097 2903 2168 quasi
2952 2099 3007 2152 in
3048 2098 3164 2166 ipsa
3203 2091 3384 2163 prmlii
3433 2089 3549 2145 acie

1957 2207 2163 2263 essent.
2199 2198 2266 2253 ad
2294 2212 2412 2253 eam
2446 2195 2678 2250 formam
2720 2192 3035 2266 conﬂigant.

2031 2292 2121 2347 67.
2159 2290 2465 2344 Exerceant
2508 2303 2568 2343 se
2606 2299 2825 2357 quoque
2854 2284 2919 2338 ad
2960 2285 3109 2337 hunc
3162 2276 3384 2332 modum
3417 2273 3546 2327 :in-

1956 2384 2168 2440 terdum
2195 2396 2319 2434 cum
2356 2376 2515 2433 nudis
2544 2374 2777 2446 spathis,
2802 2372 2859 2427 id
2888 2379 2996 2435 est,
3034 2367 3227 2439 gladiis
3256 2383 3268 2417 :
3295 2360 3550 2417 dividan-

1959 2487 2047 2532 tur
2075 2476 2128 2530 iu
2167 2469 2598 2541 diphalangiam,
2628 2466 2683 2520 id
2721 2473 2827 2527 est,
2862 2462 3192 2530 duplicatam
3236 2455 3437 2512 aciem,
3492 2456 3550 2503 et

1958 2582 2152 2625 rursus
2189 2566 2242 2619 in
2275 2562 2559 2633 pristinam
2612 2558 2840 2612 formam
2882 2554 3107 2608 redeant
3149 2568 3161 2604 :
3205 2549 3551 2604 dextrorsum

1957 2668 2011 2713 et
2040 2657 2329 2712 laevorsum
2363 2667 2422 2707 se
2449 2649 2752 2719 obliquent,
2781 2654 2833 2701 et
2863 2645 2917 2699 in
2945 2658 3116 2699 cornu
3152 2656 3210 2694 sc
3239 2639 3547 2698 intlectant,

1959 2752 2010 2804 id
2053 2757 2156 2813 est,
2183 2747 2530 2801 dextrorsum
2561 2740 2877 2810 procedant,
2911 2745 2967 2791 et
3006 2749 3199 2789 rursus
3247 2729 3541 2799 pristinam

1958 2840 2025 2894 ad
2076 2838 2308 2892 formam
2356 2834 2583 2889 redeant
2619 2838 2673 2885 et
2707 2829 2998 2897 ancipitem
3025 2825 3197 2879 aciem
3239 2822 3547 2881 instruant,

1958 2932 2009 2986 id
2041 2940 2145 2995 est,
2187 2928 2254 2983 ad
2286 2923 2636 2993 accipiendos
2677 2920 2937 2987 utrinque
2968 2917 3157 2971 hostes
3197 2919 3466 2982 paratam,
3499 2915 3556 2963 et

1958 3038 2152 3078 rursus
2183 3019 2249 3073 ad
2287 3017 2573 3088 pristinam
2608 3013 2839 3067 formam
2882 3009 3109 3063 redeant
3143 3024 3157 3059 :
3191 3005 3245 3058 in
3304 3003 3551 3056 dextram
3577 3019 3589 3033 -

1959 3119 2012 3166 et
2042 3111 2228 3165 laevam
2274 3124 2332 3162 se
2368 3103 2720 3167 transferant,
2760 3102 2993 3155 densent
3026 3112 3086 3153 se
3117 3103 3172 3150 et
3215 3094 3466 3152 dilatent.
3494 3088 3551 3145 id

1966 3212 2070 3267 est,
2105 3200 2415 3256 diffundant
2471 3195 2812 3251 altitudinem
2880 3186 3248 3251 contubernii,
3310 3199 3341 3238 a
3400 3192 3556 3247 tergo

1965 3293 2348 3353 communiter,
2390 3298 2445 3344 et
2487 3302 2679 3349 rursus
2727 3285 2792 3338 ad
2838 3282 3126 3353 pristinam
3186 3277 3419 3332 formam
3460 3289 3551 3328 re-

1963 3385 2147 3439 deant.
2215 3383 2307 3436 the
2371 3382 2558 3434 formae
2617 3384 2844 3447 propter
2891 3373 3073 3428 varias
3128 3370 3550 3426 circumstantes

1964 3491 2158 3531 causas
2184 3470 2505 3528 exercendae
2537 3477 2686 3523 sunt.

2033 3581 2121 3638 68.
2157 3579 2317 3634 Vocis
2362 3578 2527 3647 igitur
2566 3586 2660 3630 aut
2703 3581 2870 3628 nutus
2902 3569 3061 3641 signo
3094 3568 3281 3637 aliquo
3327 3573 3551 3619 moveut

1962 3684 2014 3730 ct
2042 3673 2364 3728 consistunt.
2402 3667 2633 3734 Quando
2664 3679 2882 3719 movere
2914 3678 3011 3717 cos
3034 3662 3172 3723 vult,
3202 3657 3434 3713 buccina
3467 3655 3551 3708 vel

1963 3778 2204 3826 staurea,
2253 3764 2335 3817 vel
2389 3777 2521 3815 voce
2580 3775 2681 3813 sua
2735 3756 3012 3827 signiﬁcat
3064 3752 3458 3822 campiductor,
3500 3756 3554 3801 et

1964 3866 2287 3913 moventur:
2318 3854 2539 3924 quando
2585 3866 2714 3904 vero
2754 3848 3058 3903 consistere
3097 3860 3193 3899 eos
3221 3842 3358 3904 vult,
3397 3839 3547 3900 tuba,

1963 3951 2014 4005 id
2049 3958 2152 4013 est,
2190 3962 2356 4018 parva
2396 3944 2651 4005 buccina,
2677 3940 2763 3995 vel
2803 3953 2935 3993 voce
2969 3928 3022 3990 et
3054 3944 3189 3989 nutu
3212 3938 3215 3941 ’
3240 3947 3440 3986 manus
3472 3931 3549 3987 si-

1961 4042 2204 4114 gniﬁcat,
2223 4049 2277 4093 et
2294 4036 2622 4092 consistunt.
2644 4033 2936 4100 Propterea
2958 4034 3139 4081 autem
3172 4024 3287 4077 voci
3310 4020 3550 4089 etsignis

1961 4130 2359 4202 assuefaciendi
2389 4136 2533 4191 sunt,
2589 4126 2716 4195 quia
2768 4136 3028 4176 curruum
3071 4117 3337 4172 tumultus
3365 4116 3554 4181 ingens

1962 4238 2125 4291 smpe.
2146 4235 2287 4288 saepe
2319 4217 2513 4288 pulvis,
2545 4229 2689 4284 saepe
2716 4212 2892 4281 caligo
2918 4224 3111 4279 magna
3135 4207 3480 4261 obversatur.

2034 4332 2123 4386 69.
2180 4329 2547 4382 Attenuantur
2586 4321 2970 4384 contubernia,
3024 4318 3248 4388 quando
3300 4313 3549 4369 sedecim

275 4422 359 4490 ις’
404 4425 615 4493 ἀνδρῶν
643 4426 705 4477 τδ
745 4404 1110 4494 βάθοςαύτῶν
1141 4430 1277 4492 ἐστι,
1309 4429 1403 4481 καὶ
1451 4428 1624 4491 θέλεις
1660 4430 1857 4499 μᾶλλον

1969 4435 2206 4475 νιτοτιιηι
2268 4417 2610 4472 altitudinem
2670 4413 2893 4477 habent,
2935 4417 2987 4463 et
3017 4407 3214 4463 cns'in
3256 4404 3553 4473 longitudi-

272 4518 340 4570 τὺ
370 4517 544 4586 μῆκος
564 4516 674 4568 τῶν
698 4518 1057 4586 παρατάξεων
1079 4520 1315 4572 ἐκτεῖναι
1336 4520 1424 4573 διὰ
1442 4495 1677 4592 κόμπον,
1701 4521 1732 4591 ἦ
1762 4522 1852 4574 διὰ

1969 4528 2082 4567 nem
2109 4511 2246 4565 aciei
2276 4511 2458 4580 potius
2480 4509 2740 4563 diducere
2780 4504 2863 4558 vel
2907 4516 3135 4557 ornatus
3170 4514 3333 4554 causa
3380 4496 3555 4551 alicn-

270 4609 338 4662 τὸ
357 4608 617 4676 ἰσωθῆναι
646 4610 711 4679 τῇ
733 4610 841 4663 τῶν
861 4611 1123 4664 ἐναντίων
1137 4611 1285 4675 τάξει
1315 4628 1328 4641 ’
1350 4612 1445 4665 καὶ
1465 4610 1853 4683 παραγγέλλει·

275 4698 528 4764 "Hiems.
548 4701 656 4754 Καὶ
673 4701 982 4772 ἐξέρχονται
999 4697 1080 4765 εἷς
1093 4704 1223 4773 παρ’
1241 4703 1336 4756 ἕνα
1355 4704 1701 4775 μεριζόμενοι
1719 4705 1854 4775 (‘20).

271 4792 388 4842 Kal.
432 4791 753 4845 λεπτύνεται
814 4794 911 4862 μὲν
937 4793 1000 4845 τὸ
1040 4793 1201 4862 βάθος
1255 4794 1365 4847 τῶν
1427 4795 1621 4858 ἀκιῶν,
1676 4813 1851 4865 προσ-

280 4882 486 4934 τίθεται
519 4882 576 4934 δὲ
614 4883 675 4934 τὸ
716 4885 890 4952 μῆκος
919 4884 1018 4953 τῆς
1068 4885 1450 4956 παρατάξεως.
1493 4888 1602 4939 Καὶ
1649 4888 1856 4954 γίνεται

270 4974 336 5025 τὸ
363 4973 526 5042 βάθος
567 4975 675 5028 ἀπὸ
708 4982 781 5046 η’,
837 4977 901 5030 El
930 4976 986 5029 δὲ
1028 4976 1156 5048 θέλῃ
1212 4978 1320 5031 ἀπὸ
1362 4978 1663 5051 τεσσάρων,
1694 4979 1857 5034 πάλιν

272 5062 445 5129 λέγει·
488 5063 736 5128 Ἔξελθε·
764 5066 859 5119 καὶ
886 5065 1201 5138 ἐξέρχονται
1229 5067 1431 5137 ὁμοίως
1466 5067 1666 5130 πάντες
1696 5068 1774 5129 εἰς
1799 5066 1857 5119 ἓν

277 5154 447 5225 μέρος
469 5155 619 5220 δεξιά
646 5157 679 5227 ἢ
704 5159 993 5228 ἀριστερά.
1021 5158 1191 5214 Τοῦτο
1219 5158 1276 5212 δὲ
1308 5159 1465 5228 χρεία
1498 5158 1857 5229 παραφυλάτ-

1958 4607 2068 4675 jus,
2108 4606 2190 4659 vel
2251 4613 2311 4659 ut
2354 4604 2514 4658 alicui
2550 4601 2707 4656 alteri
2770 4598 2907 4654 aciei
2970 4604 3344 4664 exmqucntur,
3371 4590 3549 4659 cupis.

1964 4697 2249 4766 Prmcipies
2277 4705 2457 4751 autem
2492 4694 2575 4748 his
2591 4692 2772 4749 verbis
2803 4710 2816 4745 :
2844 4688 3063 4754 Ἔξελθε
3093 4685 3181 4740 :id
3206 4692 3305 4747 est,
3337 4684 3550 4736 Exeas:

1963 4800 2019 4847 et
2064 4791 2290 4847 exibunt
2320 4791 2506 4844 statim
2566 4803 2707 4841 unus
2760 4792 2881 4854 post
2910 4782 3140 4836 alterum
3174 4793 3232 4832 se
3270 4790 3550 4844 separatis.

1965 4881 2155 4952 Itaque
2178 4881 2407 4936 altitudo
2426 4877 2903 4934 contnherniorum
2929 4877 3267 4932 attenuatur,
3300 4875 3355 4920 et
3375 4865 3551 4934 longi-

1964 4974 2137 5029 tudini
2185 4974 2387 5043 aliqnitl
2445 4970 2725 5037 adjicitur,
2754 4976 2807 5021 et
2860 4962 3091 5019 altitudo
3122 4976 3269 5015 nunc
3299 4966 3545 5011 tantum-

1963 5065 2125 5119 modo
2156 5064 2394 5117 virorum
2420 5070 2544 5115 octo
2575 5059 2654 5113 lit.
2682 5060 2735 5111 Si
2757 5071 2884 5111 vero
2921 5061 3164 5123 quatuor
3194 5051 3372 5105 solum
3401 5046 3549 5100 viro-

1963 5170 2085 5210 rum
2135 5155 2480 5209 altitudincm
2530 5151 2614 5205 vis
2643 5166 2785 5211 esse,
2822 5147 2912 5202 dic
2939 5160 3128 5201 rursus
3164 5160 3178 5198 :
3211 5139 3459 5207 Ἔξελθε,
3490 5136 3549 5193 id

1777 5292 2008 5350 NOTAE.

360 5389 472 5460 (Π)
510 5388 578 5460 Τό
598 5389 791 5460 ,βάθος
830 5388 948 5443 τῶν
1004 5389 1204 5445 ἀκιῶν.
1257 5388 1314 5444 ln
1368 5388 1641 5460 Palatino,
1671 5389 1860 5460 codice

272 5458 400 5515 erat
432 5458 535 5512 ιτδ
560 5458 720 5526 βάθος
742 5460 834 5511 καὶ
863 5463 1009 5522 νῖκος
1030 5460 1139 5513 τῶν
1168 5461 1223 5513 ἁ.
1284 5459 1742 5527 quemadmodum
1804 5459 1858 5512 in

273 5531 526 5596 ejusdem
560 5530 598 5600 §_
619 5530 722 5584 [ine
745 5528 888 5584 κατὰ
924 5529 1084 5600 βάθος
1122 5532 1216 5581 καὶ
1243 5533 1388 5591 νῖκος
1418 5529 1635 5599 φούλκῳ
1698 5546 1859 5600 περι-

278 5546 526 5596 ejusuetn
560 5546 587 5595 ἦ
619 5546 722 5584 nne
745 5546 888 5584 κατα
924 5546 1084 5600 pauo;
1122 5546 1216 5581 και
1243 5547 1388 5591 νικος
1418 5546 1635 5599 φουλκῳ
1698 5546 1764 5581 πε
1813 5546 1859 5579 ι-

278 5582 862 5738 Οξιιευιιίίιιιε
907 5601 1259 5691 scribendum
1304 5610 1503 5657 censeo
1536 5616 1550 5653 :
1608 5617 1662 5652 κ.
1695 5546 1859 5668 βάθος

354 5738 466 5809 (i8)
531 5739 693 5794 Κατὰ
722 5739 964 5808 κοίλους
997 5742 1236 5808 τόπους.
1280 5739 1489 5806 Scribe,
1537 5738 1675 5792 κατᾶ
1735 5738 1859 5791 πολ-

1958 5387 2082 5448 λοὺς
2104 5385 2356 5456 τρόπους.

2030 5441 2152 5527 (i9)‘
2173 5457 2247 5509 Ἦ
2270 5441 2345 5527 gi;
2371 5452 2571 5527 τοόϐᾳ.
2589 5448 2987 5527 ξετίὺειιειυτῆ
3019 5446 3112 5500 τοῦ
3133 5445 3347 5515 salvam.
3373 5441 3435 5496 Et
3460 5442 3543 5499 sic

1957 5521 2074 5583 erat
2101 5521 2153 5580 in
2184 5524 2374 5579 codice
2411 5521 2647 5576 Pistorii.

2030 5598 2142 5666 (20)
2171 5595 2279 5650 Καὶ
2329 5592 2692 5666 ἐξέρχονται,
2716 5584 2817 5666 εἷς
2848 5589 2986 5656 παρ’
3018 5586 3126 5639 ἕνα
3152 5583 3536 5666 aspiciamus.

1961 5652 2170 5732 Scribe,
2209 5668 2303 5721 καὶ
2342 5652 2651 5734 ἐξέρχονται
2679 5652 2838 5724 esse;
2871 5652 3395 5729 παραμεριςόμενοι.
