4022 6446
401 333 511 399 755

1624 331 1896 393 LEONIS
1935 331 2398 395 PHILOSOPHI

3555 332 3670 397 756

400 460 505 517 est,
536 450 750 518 Eleas;
780 459 836 505 et
862 449 1088 506 exibunt
1125 461 1319 505 omnes
1353 448 1407 503 in
1449 462 1615 503 unam
1641 448 1817 502 solum
1842 463 1972 517 par-

2111 463 2210 510 ειν,
2245 446 2335 500 ἵνα
2361 444 2566 511 πάντες
2587 444 2668 511 εις
2695 445 2755 500 ιν
2780 447 2947 518 μέρος
2973 447 3070 502 καὶ
3097 447 3455 521 εἰσέρχοηται
3498 444 3557 501 δδ
3578 444 3673 499 καὶ

404 553 535 609 tem,
579 542 824 598 dextram
870 549 967 595 aut
1022 540 1324 595 sinistram.
1357 537 1470 593 Hoc
1515 537 1659 592 enim
1701 537 1988 607 diligenter

364 680 372 687 .
408 635 805 689 observandum
852 642 959 701 est,
1010 641 1070 687 ut
1118 646 1310 688 omnes
1356 646 1521 686 unam
1563 631 1617 686 in
1651 639 1860 700 partem
1894 643 1988 684 ve-

407 725 557 778 niant
589 733 642 779 et
668 733 886 779 exeant.

474 837 563 892 70.
600 837 905 893 Jubeantur
946 837 1203 894 incedere
1246 839 1589 908 aequabiliter
1618 846 1672 893 et
1715 838 1984 895 ordinate.

406 930 634 995 Quando
690 930 907 1000 quidem
964 930 1019 983 in
1067 929 1184 985 acie
1224 936 1455 984 caeteros
1519 936 1888 992 antevertunt,
1934 935 1990 984 ει

332 1044 340 1052 ·
406 1027 742 1097 inaequaliter
766 1035 917 1091 eunt,
941 1026 1008 1081 iis
1032 1026 1210 1081 verbis
1240 1025 1524 1095 praecipies
1556 1044 1570 1080 :
1601 1026 1745 1078 Ἴσον
1776 1025 1837 1079 τὸ
1857 1024 1988 1094 μέτ-

405 1136 569 1181 ωπον,
597 1120 648 1173 id
702 1128 805 1185 est,
840 1116 1091 1190 Equalis
1129 1119 1201 1175 sit
1231 1119 1407 1184 frons,
1445 1127 1499 1173 et
1547 1118 1730 1175 statim
1763 1117 1989 1189 aequalis

405 1211 527 1267 erit.

471 1301 945 1357 7l.Contrahitur
994 1302 1079 1357 vel
1128 1303 1390 1358 densatur
1444 1304 1741 1369 exercitus,
1770 1320 1989 1374 quando

404 1394 621 1448 duobus
652 1403 747 1448 aut
785 1395 961 1450 tribus
990 1394 1201 1464 sagittae
1243 1395 1483 1465 iactibus
1527 1397 1595 1450 ab
1626 1396 1863 1451 hostium
1891 1412 1988 1451 co-

406 1486 510 1556 piis
560 1502 683 1541 cum
729 1487 905 1554 abest,
965 1496 1020 1542 et
1078 1487 1310 1542 frontem
1377 1489 1667 1558 utriusque
1716 1490 1988 1545 exercitus

407 1580 751 1634 committere
797 1580 930 1645 vult,
963 1588 1306 1635 contractum
1346 1588 1402 1635 et
1433 1580 1728 1636 densarum
1772 1581 1837 1635 ad
1868 1596 1988 1637 me-

406 1669 558 1724 dium
642 1672 821 1725 locum
896 1681 1011 1726 tum
1085 1671 1462 1742 longitudinis,
1519 1681 1633 1727 tum
1686 1673 1989 1727 altitudinis

2091 535 2448 608 έξέρχωνται.

2163 822 2226 877 ο’.
2242 825 2571 895 Περιπατεϊν
2590 825 2716 888 ἴσως
2743 823 2837 880 καὶ
2857 823 3372 898 συν[τε]ταγμένως,
3391 829 3518 883 ὅταν
3533 831 3679 895 τινὲς

2090 916 2193 986 τῆς
2220 918 2578 989 παρατάξεως
2629 917 2974 989 προκύψωσι.
3008 921 3120 973 Καὶ
3146 919 3215 974 ἂν
3259 922 3393 985 ἴσως
3436 940 3680 993 περιπα-

2091 1008 2262 1074 τοῦσι,
2298 1009 2392 1063 καὶ
2426 1009 2801 1080 παραγγέλλῃ,
2841 1011 2987 1064 Ἴσον
3011 1010 3070 1063 τὸ
3097 1012 3369 1082 μέτωπον,
3400 1012 3499 1066 καὶ⁵
3526 1014 3679 1067 ἰσοῦ-

2093 1116 2183 1153 ται
2212 1099 2275 1153 τὸ
2308 1099 2584 1170 μέτωπον.

2162 1302 2263 1358 οα’.
2295 1301 2627 1357 Πυκνοῦνται
2656 1304 2775 1375 ήτοι
2803 1303 3142 1373 σφίγγονται,
3189 1305 3318 1358 ὅταν
3342 1306 3419 1369 ὡς
3449 1306 3557 1361 ἀπὸ
3582 1307 3678 1361 δύο

2096 1394 2130 1464 ἢ
2158 1395 2324 1465 τριῶν
2350 1393 2743 1460 σαγιττοδόλων
2772 1395 2871 1463 τῆς
2895 1392 3004 1446 τῶν
3055 1395 3266 1465 ἐχθρῶν
3312 1396 3676 1464 παρατάξεως

2093 1486 2322 1555 γίνεταιέ
2354 1484 2510 1555 ἡμῶν
2564 1487 2598 1554 ἡ
2656 1483 2961 1553 παράταξις
2986 1526 3000 1550 ,
3041 1486 3135 1539 καὶ
3195 1486 3377 1554 μέλλει
3435 1487 3681 1555 ωμὸάλ-

2093 1576 2227 1640 λειν,
2273 1576 2459 1644 λέγει·
2499 1574 2717 1641 Ζεῦξον.
2765 1575 2876 1627 Καὶ
2939 1574 3303 1645 πυκνούμενοι
3357 1576 3679 1643 σφίγγονται

2094 1667 2231 1735 πρὸς
2262 1664 2354 1718 τὸν
2398 1666 2565 1735 μέσον
2619 1664 2784 1717 τόπον
2815 1664 2957 1717 κατὰ
2991 1664 3152 1735 βάθος
3207 1665 3301 1718 καὶ
3362 1665 3538 1735 μῆκος
3590 1683 3681 1718 το-

407 1777 648 1831 eousque
683 1761 912 1817 frontem
939 1762 1180 1827 adducit,
1216 1772 1273 1818 ut
1305 1764 1397 1832 qui
1435 1764 1488 1817 in
1526 1765 1807 1819 anteriore
1838 1773 1990 1834 parte

2111 1755 2315 1810 τοῦτον·
2351 1755 2438 1809 ἵνα
2492 1755 2543 1806 οἱ
2606 1754 2706 1823 μὲν
2757 1753 3068 1826 ἔμπροσθεν
3125 1756 3447 1826 τεταγμένοι
3492 1756 3586 1810 καὶ
3615 1759 3682 1811 ἐκ

408 1854 680 1917 mstructi,
709 1862 763 1908 et
792 1854 884 1924 qui
912 1854 964 1908 in
994 1856 1256 1909 lateribus
1288 1854 1523 1921 fuerant,
1556 1856 1698 1910 intra
1723 1871 1986 1911 curruum

406 1947 748 2015 complexum
799 1946 956 2016 quasi
1002 1946 1407 2001 contineantur.
1438 1946 1566 2001 Haec
1608 1946 1785 2002 forma
1816 1955 1993 2018 potest

407 2051 527 2093 esse
557 2046 669 2092 tum
702 2045 899 2105 stante,
939 2047 1053 2093 tum
1096 2046 1347 2093 movente
1373 2039 1637 2094 exercitu.

479 2241 567 2299 72.
602 2241 1030 2314 Pnacipiendum
1065 2258 1284 2314 quoque
1330 2242 1608 2314 οὐραγοῖς,
1642 2243 1696 2298 id
1728 2251 1832 2309 est,
1866 2244 1994 2299 ulti-

411 2335 611 2401 manis,
658 2350 753 2390 seu
805 2335 1068 2390 caudanis
1122 2350 1363 2406 persaepe
1423 2344 1507 2389 est
1540 2353 1553 2388 :
1586 2346 1638 2388 et
1696 2350 1793 2390 eos
1828 2336 1919 2405 qui
1961 2350 1992 2390 a

409 2433 561 2493 tergo
591 2433 718 2480 sunt
751 2425 1027 2495 impellere
1054 2435 1284 2494 oportet,
1337 2436 1500 2496 atque
1551 2426 1615 2481 ad
1664 2442 1825 2481 usum
1875 2443 1994 2481 om-

411 2531 534 2570 nem
591 2515 878 2569 militarem
924 2517 1168 2583 incitare,
1204 2526 1263 2570 ut
1298 2533 1365 2572 ne
1417 2518 1609 2589 aliqui,
1666 2528 1727 2573 ut
1760 2518 1875 2575 ﬁeri
1908 2535 1996 2576 so-

413 2606 503 2670 let,
534 2620 643 2675 prac
666 2614 810 2660 metu
839 2614 1176 2661 remaneant.

483 2715 570 2771 73.
605 2714 812 2770 Phulco
856 2717 1159 2782 ambulant,
1191 2717 1413 2787 quando
1446 2717 1654 2787 junctis
1685 2720 1857 2789 copiis
1898 2720 1997 2776 ho-

414 2810 580 2864 stium
613 2810 777 2864 simul
802 2820 855 2865 et
890 2811 1115 2877 nostris,
1143 2811 1357 2883 sagitta:
1388 2812 1588 2882 conjici
1619 2813 1909 2883 incipiunt,
1944 2825 1999 2870 et

413 2902 507 2970 qui
538 2902 591 2956 in
635 2901 812 2958 fronte
847 2904 1101 2958 instructi
1154 2912 1301 2969 sunt,
1328 2905 1514 2969 zabas,
1559 2906 1768 2972 loricia,
1797 2908 1853 2961 id
1889 2917 1995 2974 εει,

414 2994 599 3063 galeas
648 3010 754 3049 non
799 3004 1034 3065 gestant.
1074 2995 1209 3050 Cum
1259 2997 1567 3067 praecipitur
1592 2999 1723 3062 illis,
1774 3000 2000 3053 Πύκνω-

417 3102 528 3148 σον,
582 3085 636 3139 id
678 3097 783 3153 est,
826 3087 1085 3151 Densato,
1140 3100 1251 3143 tum
1299 3090 1394 3159 qui
1447 3090 1501 3144 in
1530 3090 1707 3146 fronte
1744 3092 1996 3147 instructi

347 3178 356 3186 '
416 3152 892 3242 fuerint,densant
919 3192 1075 3235 scuta
1101 3198 1198 3236 sua
1229 3182 1405 3237 donec
1443 3183 1548 3238 sibi
1586 3193 1777 3239 mutuo
1804 3200 2000 3254 appro-
2025 3152 2071 3214 Ο

416 3270 815 3340 pinquaverint,
851 3282 1064 3328 ventres
1098 3289 1229 3329 suos
1252 3290 1426 3344 usque
1449 3277 1515 3331 ad
1541 3291 1702 3331 suras
1728 3285 1783 3331 ει
1820 3292 1999 3347 genua

417 3364 589 3419 scutis
638 3365 754 3421 suis
802 3366 1109 3434 aperientes
1144 3386 1157 3421 :
1190 3368 1283 3437 qui
1314 3384 1343 3423 a
1377 3378 1530 3439 tergo
1567 3371 1785 3431 illorum
1830 3380 1998 3434 stant,

416 3467 569 3509 scuta
625 3472 722 3511 sua
774 3473 936 3528 supra
987 3475 1083 3515 cos
1140 3463 1509 3528 traducentes,
1542 3471 1597 3516 et
1638 3463 1693 3516 in
1724 3464 2001 3518 anteriore

417 3546 635 3601 illorum
676 3558 827 3616 parte
864 3558 1131 3618 ponentes
1175 3560 1417 3619 pectora,
1449 3562 1501 3606 et
1540 3554 1724 3609 vultus
1777 3553 1999 3609 illorum

419 3648 626 3710 tegunt,
658 3641 845 3711 sicque
876 3658 1002 3697 cum
1032 3642 1279 3697 hostibus
1301 3643 1621 3714 confligunt.

485 3936 574 3989 τι.
600 3935 831 4002 Quando
858 3945 1040 3991 autem
1064 3937 1289 3993 densata
1314 3938 1460 3993 acies
1493 3938 1559 3992 ad
1598 3939 1761 3993 unius
1792 3938 2003 4008 sagittae

415 4025 623 4095 jactum
667 4025 735 4079 ab
787 4026 1036 4083 hostibus
1085 4027 1342 4093 abfuerit,
1373 4037 1429 4082 et
1459 4028 1791 4082 conflictatio
1822 4029 2002 4084 futura

419 4123 522 4177 est,
545 4114 1005 4186 dicito,”Etozp.oc,
1031 4117 1082 4171 id
1108 4127 1209 4181 est,
1235 4116 1437 4173 Parati.
1470 4117 1623 4172 Alius
1652 4121 1837 4173 statim
1855 4119 2003 4173 exci-

422 4208 555 4273 piat,
587 4217 641 4261 et
671 4208 887 4271 clamet,
917 4208 1128 4277 Βοήθει,
1164 4209 1218 4264 id
1262 4218 1364 4274 est,
1394 4207 1530 4264 Juva
1563 4228 1577 4263 :
1610 4218 1665 4265 et
1715 4210 2000 4265 confestim

426 4311 533 4349 una
558 4298 811 4366 claraque
842 4314 972 4353 voce
999 4314 1188 4356 omnes
1217 4310 1532 4370 personent,
1571 4302 1629 4355 '0
1657 4300 1810 4367 Θεός,
1845 4301 1896 4355 id
1922 4312 2005 4357 est

422 4386 589 4443 Deus.
628 4389 704 4442 lbi
737 4399 849 4443 tum
879 4390 1023 4447 leves
1079 4392 1305 4462 sagittas
1357 4394 1523 4448 altius
1564 4392 1832 4461 injiciant.
1861 4392 2000 4447 Scu-

2093 1848 2347 1917 πλαγίου,
2398 1849 2477 1910 εις
2509 1847 2578 1900 τὰ
2628 1847 2849 1918 ἅρματα
2878 1847 3128 1918 ἀλλήλοις
3159 1848 3453 1916 ὲγγίζωσιν
3480 1865 3495 1878 ’
3526 1851 3575 1902 οι
3622 1849 3683 1902 δὲ

2092 1939 2316 1993 ὄπισθεν
2368 1940 2509 1992 κατὰ
2543 1939 2713 1993 νώτου
2768 1939 3017 2009 ἀλλήλοις
3069 1940 3256 2009 ὥσπερ
3302 1942 3681 2010 κεκόλληνται.

2092 2027 2263 2082 Τοῦτο
2278 2028 2336 2080 δὲ
2368 2028 2429 2081 τδ
2456 2028 2644 2099 σχῆμα
2672 2027 2918 2096 γίνεσθαι
2954 2028 3182 2081 δύναται
3216 2029 3313 2083 καὶ⁵
3344 2027 3685 2099 περιπατού-

2094 2136 2193 2190 σης
2220 2119 2314 2173 καὶ
2346 2119 2644 2191 ἱσταμένης
2668 2119 2771 2188 τῆς
2801 2118 3190 2190 παρατάξεως.

2161 2233 2259 2303 οβ’.
2293 2233 2413 2304 Χρὴ
2441 2233 2499 2286 δὲ
2551 2234 2680 2296 τοὺς
2735 2232 3005 2304 οὐραγοὺς
3068 2233 3551 2303 παραγγέλλεσθαι
3589 2234 3685 2288 καὶ

2095 2325 2160 2378 ἐκ
2203 2324 2312 2377 τῶν
2343 2324 2567 2377 ὄπισθεν
2622 2324 2890 2395 προωθεῖν
2919 2325 3013 2376 καὶ
3051 2323 3328 2392 ἀπορθοῦν
3366 2326 3564 2387 αὐτοὺς
3601 2327 3684 2389 εἰς

2094 2416 2193 2486 τὴν
2223 2416 2431 2486 χρείαν,
2456 2417 2544 2470 ἵνα
2577 2416 2651 2487 μὴ
2674 2414 3047 2486 ὲναπομένωσξ
3075 2432 3240 2483 τινες,
3275 2417 3350 2479 ὡς
3380 2417 3546 2483 εἰκὸς,
3573 2416 3686 2470 δει-

2097 2508 2337 2571 λιῶντες.

2168 2724 2267 2794 ογ’.
2308 2724 2529 2794 Φούλκῳ
2558 2725 2615 2778 δὲ
2640 2725 2963 2795 περιπατεῖν
2995 2723 3237 2792 λέγεται,
3267 2725 3395 2779 ὅταν
3419 2725 3688 2793 ὲγγιζου-

2101 2819 2209 2873 σῶν
2259 2820 2368 2874 τῶν
2420 2820 2777 2890 παρατάξεων
2834 2822 2935 2890 τῆς
2994 2838 3055 2873 τε
3114 2821 3389 2890 ἡμετέρας
3441 2822 3536 2874 καὶ
3584 2822 3689 2891 τῆς

2100 2913 2208 2966 τῶν
2253 2913 2535 2978 ἐναντίων,
2579 2913 2764 2982 μέλλει
2807 2913 3071 2982 ἄρχεσθαι
3116 2914 3149 2982 ἡ
3182 2912 3364 2977 τοξεία
3392 2912 3685 2981 γίνεσθαι,

2102 3005 2196 3059 καὶ
2226 3004 2287 3056 οὐ
2318 3004 2573 3073 φοροῦσιν
2599 3005 2649 3056 οἱ
2681 3006 2738 3057 ὲν
2774 3005 2853 3072 τῷ
2891 3003 3127 3073 μετώπῳ
3152 3004 3474 3072 τεταγμένοι
3514 3004 3689 3068 ζάσας

2101 3096 2220 3164 ἦτοι
2262 3094 2516 3166 λωρῐκια,
2549 3095 2643 3148 καὶ
2675 3094 3050 3165 παραγγέλλῃ,
3082 3095 3397 3161 Πύκνωσον,
3445 3096 3543 3149 καὶ
3575 3096 3690 3149 τῶν

2102 3185 2409 3255 ἔμπροσθεν
2433 3185 2575 3239 κατὰ
2622 3184 2685 3237 τὸ
2737 3187 2990 3254 μέτωπον
3025 3186 3385 3255 τεταγμένων
3423 3188 3691 3241 πυκνοῦν-

2114 3293 2221 3328 των
2254 3276 2321 3328 τὰ
2372 3277 2670 3346 σκουτάρια
2701 3274 2878 3328 αὐτῶν
2908 3276 3069 3347 μέχρι
3118 3275 3212 3327 τοῦ
3248 3276 3490 3344 ἐγγίζειν
3522 3276 3691 3347 ἀλλή-

2103 3367 2237 3430 λοις,
2266 3366 2703 3431 κατασκέποντες
2729 3366 3273 3436 προσ-πεπλασμένως
3295 3365 3393 3429 τὰς
3415 3366 3690 3434 γαστέρας

2104 3458 2284 3513 αὐτῶν
2316 3460 2478 3529 μέχρι
2506 3459 2604 3528 τῆς
2632 3460 2872 3529 κνήμης,
2900 3458 3069 3527 ἧγουν
3102 3457 3197 3511 τοῦ
3228 3457 3527 3527 λεγομένου
3562 3459 3693 3512 σκέ-

2102 3549 2259 3612 λους’
2298 3550 2346 3601 οἱ
2376 3549 2726 3619 παρεστῶτες
2762 3548 2949 3611 αὐτοῖς
2977 3548 3204 3601 ὄπισθεν
3252 3550 3685 3619 ὑπερανέχοντες

2107 3641 2179 3695 τὰ
2240 3641 2539 3710 σκουτάρια
2582 3640 2784 3704 αὐτῶν,
2837 3640 2931 3692 καὶ
2993 3639 3366 3703 ἀναπαύοντες
3420 3642 3502 3704 εἰς
3557 3640 3685 3704 τοὺς

2103 3731 2437 3803 ἔμπροσθεν,
2466 3731 2729 3784 σκέπουσι
2760 3730 2827 3784 τὰ
2854 3730 3024 3801 στήθη
3053 3731 3147 3784 καὶ
3196 3732 3295 3793 τὰς
3339 3731 3490 3800 ὄψεις
3512 3731 3694 3785 αὐτῶν

2105 3826 2198 3877 καὶ
2218 3823 2391 3885 οὕτως
2428 3822 2821 3893 συμϐάλλουσι.

2176 3927 2266 3981 οδ’.
2308 3929 2480 3981 Ὅταν
2533 3928 2589 3981 δὲ
2621 3928 2968 3985 πυκνωθεῖσα
3017 3930 3112 3983 καὶ
3150 3931 3185 4000 ή
3214 3930 3518 4000 παράταξις
3548 3931 3694 3983 κατὰ

2104 4019 2264 4090 λόγον
2294 4020 2403 4075 ἀπὸ
2435 4020 2547 4083 ένὸς
2577 4022 2960 4089 σαγιττοόόλου
2988 4023 3213 4091 γένηται
3240 4022 3349 4075 τῶν
3391 4022 3689 4092 πολεμίων,

2107 4116 2201 4169 καὶ
2228 4115 2410 4185 μέλλει
2456 4116 2673 4178 πάντως
2697 4117 2731 4183 ή
2762 4114 3009 4183 ωμόολὴ
3046 4112 3438 4175 συνάπτεσθαι,
3476 4131 3694 4182 παραγ-

2106 4208 2291 4280 γέλλῃ,
2324 4208 2589 4277 Ἔτοιμοι·
2622 4208 2717 4260 καὶ
2746 4206 2907 4260 ἄλλου
2928 4206 3308 4277 διαδεχομένου
3340 4206 3437 4258 καὶ
3468 4206 3700 4274 κράζον-

2104 4318 2217 4365 τος,
2242 4300 2451 4370 Βοήθει·
2476 4299 2569 4353 καὶ
2588 4301 2803 4354 πάντων
2824 4299 3271 4368 ἀποκρινομένων
3296 4299 3424 4361 ἴσως
3442 4299 3537 4351 καὶ
3556 4315 3620 4350 συ
3628 4317 3697 4367 μυ

2108 4394 2320 4461 φώνως,
2346 4393 2404 4445 '0
2431 4392 2563 4455 Θεός
2584 4408 2595 4420 ⁸
2625 4391 2792 4461 οἱμὲν
2816 4392 2961 4461 ψιλοὶ
2990 4391 3298 4455 τοξεύουσιν
3319 4390 3691 4461 ὑψηλοτέρους·

426 4476 520 4531 tati
547 4476 639 4546 qui
679 4478 731 4531 in
766 4478 941 4533 fronte
964 4481 1245 4536 constituti
1287 4489 1439 4543 sunt,
1484 4482 1575 4536 ubi
1613 4496 1781 4551 prope
1812 4486 1998 4538 hostes

2111 4487 2156 4537 οἱ
2182 4485 2239 4537 δὲ
2270 4485 2554 4538 σκουτάτοι
2584 4484 2633 4535 οἱ
2662 4484 2742 4545 εἰς
2769 4483 2829 4535 τὸ
2862 4482 3114 4551 μέτωπον
3135 4482 3460 4552 τεταγμένοι
3490 4481 3569 4533 ἔτι
3604 4482 3698 4550 ἐγ-

427 4568 649 4635 fuerint,
700 4570 746 4624 si
790 4572 1056 4626 matzucia
1098 4573 1180 4626 vel
1216 4573 1464 4636 tzicuria,
1496 4574 1577 4627 vel
1625 4574 1879 4627 rhiclaria
1910 4574 2007 4627 ha-

428 4662 609 4726 beant,
664 4662 921 4718 humilius
970 4664 1262 4733 conjiciant
1290 4679 1354 4719 ea
1388 4683 1401 4717 :
1434 4665 1516 4719 sin
1544 4664 1725 4718 minus
1749 4706 1763 4729 ,
1793 4674 2010 4733 praesto-

428 4752 604 4806 lantes
643 4752 816 4807 donec
863 4753 1110 4809 coruinus
1144 4756 1497 4825 venerint,_et
1524 4770 1647 4810 cum
1675 4754 2007 4823 jaculantes,

428 4843 513 4894 vel
544 4844 897 4912 conjicientcs
926 4845 1054 4910 tela,
1083 4846 1291 4914 gladios
1337 4846 1685 4915 distringant,
1719 4859 1895 4913 neque
1932 4860 2011 4899 re-

431 4935 838 4990 trocedentibus
876 4946 930 4990 et
968 4938 1451 5007 tergiversantibus
1514 4939 1766 4993 hostibus
1817 4954 2012 4994 excur-

433 5028 623 5091 rendo,
656 5028 747 5082 sed
782 5028 834 5081 in
865 5028 981 5084 acie
1009 5030 1358 5087 consistendo
1388 5042 1648 5101 pugnent.
1672 5033 1774 5099 Qui
1802 5052 1831 5088 a
1859 5045 2009 5104 tergo

433 5120 651 5179 illorum
682 5129 849 5186 stant,
874 5136 974 5177 sua
1006 5122 1244 5192 ipsorum
1270 5124 1444 5194 capita
1468 5125 1640 5179 scutis
1669 5127 1784 5181 suis
1824 5137 2009 5195 tegen-

438 5222 537 5278 tes,
578 5215 948 5272 anterioribus
989 5215 1305 5273 hominibus
1347 5233 1473 5273 cum
1507 5218 1710 5287 jaculis
1740 5219 1856 5275 suis
1882 5226 2035 5273 suc--’

434 5315 679 5362 currant.

516 5624 604 5677 75.
626 5623 728 5690 Qui
782 5625 834 5678 in
877 5625 1051 5678 fronte
1077 5627 1351 5682 exercitus
1384 5634 1532 5687 sunt,
1575 5625 1675 5680 sibi
1714 5623 1846 5693 ipsis
1884 5624 2013 5677 dili-

449 5725 633 5776 gcutcr
676 5718 1010 5777 provideant.
1051 5717 1225 5774 donec
1254 5719 1502 5774 cominus
1537 5718 1601 5772 ad
1657 5734 1853 5773 manus
1886 5733 2018 5772 vcn-

2106 4576 2317 4647 γυτέρω
2345 4574 2649 4643 γενομένων
2676 4571 2786 4624 τῶν
2818 4571 3116 4640 πολεμίων,
3152 4573 3204 4623 εἰ
3242 4572 3341 4639 μὲν
3383 4570 3547 4639 ἔχωσι
3594 4588 3697 4638 μαι

2106 4671 2354 4736 τζούκια,
2395 4670 2427 4740 ἢ
2472 4666 2779 4737 τζικούρια,
2824 4666 2856 4737 ἢ
2897 4667 3174 4738 ῥικτάρια,
3207 4667 3285 4727 εἰς
3319 4665 3379 4717 τὸ
3407 4664 3581 4734 χαμαὶ
3614 4664 3698 4732 ῥί-

2120 4776 2349 4814 πτουσιν
2401 4759 2558 4812 αὑτά.
2613 4758 2676 4809 Εἰ
2702 4757 2757 4810 δὲ
2789 4758 2953 4826 μήγε,
2988 4756 3349 4826 ἀναμένοντες
3392 4754 3583 4824 μέχρις
3634 4744 3697 4804 οὗ

2112 4854 2280 4921 ἐγγὺς
2310 4852 2529 4913 ἔλθωσι,
2563 4850 2684 4904 τότε
2734 4850 3107 4913 ἀκοντίζοντες
3155 4848 3221 4900 τὰ
3265 4848 3547 4914 κοντάρια,
3580 4846 3698 4915 ήτοι

2113 4944 2367 5014 ρικτάρια
2405 4941 2602 5003 αὐτῶν,
2650 4940 3112 5008 ὲπιλαμὸάνονται
3158 4938 3266 4989 τῶν
3305 4936 3554 4990 σπαθίων
3584 4936 3685 4987 αὗ-

2108 5035 2217 5088 τῶν
2248 5074 2261 5096 ,
2282 5035 2373 5087 καὶ
2406 5033 2668 5103 μάχονται
2701 5031 2976 5093 εὐτάκτως
3006 5032 3061 5082 ἐν
3092 5032 3160 5098 τῇ
3194 5028 3344 5094 τάξει
3370 5026 3549 5081 αὐτῶν
3581 5025 3678 5095 μέ-

2110 5143 2289 5189 νοντες
2318 5127 2412 5180 καὶ
2449 5126 2509 5177 οὐ
2541 5124 2964 5194 κατατρέχοντες
2994 5126 3124 5187 τῶν,
3165 5123 3239 5184 ὡς
3275 5120 3443 5181 εἰκὸς,
3478 5119 3697 5187 ὑποχω-

2116 5218 2353 5290 ρούντων
2370 5216 2554 5278 αὐτοῖς
2578 5215 2811 5285 ἐχθρῶν.
2838 5216 2901 5266 Οἱ
2921 5214 2976 5265 δὲ
3003 5212 3228 5266 ὄπισοεν
3256 5210 3436 5263 αὐτῶν
3463 5206 3701 5270 ἑστῶτες

2110 5310 2209 5372 τὰς
2234 5308 2439 5362 ἑαυτῶν
2468 5306 2709 5375 κεφαλὰς
2747 5306 3042 5368 σκέποντες
3097 5304 3236 5373 μετά
3289 5302 3398 5354 τῶν
3460 5314 3697 5351 σκουτα-

2122 5399 2252 5469 ρξων
2284 5395 2463 5449 αὐτῶν
2496 5394 2848 5465 ὲπιῦοηθοῦσι
2901 5397 3015 5458 τοῖς
3067 5391 3386 5463 ἔμπροσθεν
3414 5386 3554 5459 μετὰ
3588 5386 3701 5441 τῶν

2131 5506 2295 5541 κοντα
2305 5506 2455 5557 ριων.

2192 5602 2283 5658 οε’.
2338 5603 2507 5672 Χρεία
2563 5603 2619 5655 δέ
2680 5604 2826 5654 ἐστιν
2860 5599 3116 5669 ἀσφαλῶς
3175 5598 3300 5659 τοὺς
3334 5598 3409 5658 εἰς
3444 5595 3699 5665 μέτωπον

2130 5694 2491 5766 τασσομένους
2558 5691 2957 5764 προφυλάττειν
3016 5688 3242 5752 ἑαυτοὺς
3270 5686 3462 5758 μέχρις
3497 5677 3555 5737 οὗ
3618 5681 3700 5743 εἰς
