4022 6450
342 412 449 480 757

1424 418 1752 482 TACTICA.
1788 448 1857 459 —
1895 419 2397 484 CONSTITUTIO
2439 417 2578 482 VII.

3490 416 3596 478 758

340 526 531 597 χεῖρας
578 523 642 577 ἐκ
713 522 808 577 τοῦ
857 522 1081 593 πλησίον
1152 524 1400 592 ἔλθωσιν,
1445 527 1532 581 ῖνα
1591 528 1665 599 μὴ
1696 545 1919 583 κατατο-

2023 540 2137 587 tum
2174 531 2264 598 sit,
2296 545 2366 586 ne
2409 530 2453 584 si
2486 527 2649 583 zabas
2677 534 2771 581 aut
2801 525 3145 594 chalcotuha,
3173 526 3226 581 id
3263 535 3368 594 est,
3402 542 3597 583 ocreas

344 619 607 685 ξεύωνται
638 617 742 671 ὑπὸ
770 634 877 671 των
906 618 1199 690 πολεμίων,
1224 620 1321 675 ἐάν
1356 621 1590 693 μάλιστα
1637 622 1713 695 μὴ
1747 623 1911 695 ἔχωσι

344 708 518 772 ζάσας
543 707 575 777 ἢ
599 706 932 776 χαλκότυσα.

411 797 519 861 σε’.
558 798 888 867 Μερίζονται
933 797 1070 871 πρὸς
1112 798 1495 869 διφαλαγγίαν,
1557 800 1687 855 ὅταν
1712 801 1798 854 ἐπ’
1824 802 1914 855 εὖ·

345 888 495 951 θείας
524 887 870 956 περιπατῶσι
895 889 994 958 τῆς
1030 889 1412 960 παρατάξεως,
1442 890 1539 944 καὶ
1601 890 1915 963 ἔμπροσθεν

344 983 440 1036 καὶ
491 982 715 1035 ὄπισθεν
770 981 1012 1050 φανῶσιν
1057 982 1327 1053 πολέμιοι,
1362 982 1458 1036 καὶ
1497 982 1547 1036 εἱ
1575 984 1675 1053 μὲν
1697 984 1806 1037 ἀπὸ
1837 981 1913 1048 ις’

340 1072 554 1144 ἀνδρῶν
600 1071 794 1142 ἔχωσιν
838 1072 895 1125 αί
943 1072 1118 1138 άκίαι,
1155 1074 1249 1127 καὶ
1292 1073 1529 1144 ἤγγισαν
1560 1074 1609 1126 οἱ
1646 1072 1715 1127 δι’
1740 1074 1917 1144 ὅψεως

342 1164 629 1235 ἐρχόμενοι
693 1165 899 1235 ἐχθροὶ,
941 1167 1035 1219 καὶ
1086 1164 1370 1236 μέλλουσιν
1428 1166 1492 1218 ἐκ
1541 1164 1637 1219 τοῦ
1689 1164 1917 1236 πλησίον

342 1255 607 1324 ἄρχεσθαι
669 1258 769 1325 τῆς
819 1256 1020 1326 μάχης,
1078 1254 1466 1326 παραγγέλλει’
1510 1255 1643 1309 Ἀπὸ
1680 1254 1732 1326 η’
1765 1256 1920 1327 μερίο

345 1346 531 1415 σθητε,
569 1346 661 1399 καὶ
685 1347 733 1399 oi
758 1344 809 1417 η’
848 1348 927 1410 εἰς
956 1346 1335 1417 διφαλαγγίαν,
1371 1347 1465 1399 καὶ
1487 1348 1537 1399 οί
1566 1345 1613 1416 η’
1644 1347 1912 1413 ἵστανται,

344 1437 396 1489 οί
426 1436 483 1489 δὲ
508 1435 559 1506 η’
584 1437 941 1507 στρεφόμενοι
971 1439 1063 1491 καὶ
1086 1437 1361 1500 κινοῦντες
1385 1437 1522 1506 πρὸς
1557 1437 1919 1505 διφαλαγγίαν

348 1526 682 1596 μερίζονται,
712 1529 761 1579 oi
789 1527 846 1579 δὲ
878 1528 911 1597 ῆ
937 1528 1044 1580 ἀπὸ
1096 1526 1146 1598 η’
1170 1528 1421 1581 ἵστανται
1450 1529 1511 1581 τὸ
1541 1527 1722 1598 βάθος,
1745 1527 1779 1597 ἢ
1812 1526 1921 1581 άπὸ

342 1616 388 1670 δ’
394 1657 408 1672 .
439 1617 833 1687 Παραγγέλλειο
854 1617 1083 1687 Ἐδραίοι
1101 1621 1260 1690 στῆτε
1279 1622 1328 1673 οί
1351 1620 1612 1690 δεύτεροι,
1643 1621 1800 1672 καὶοὶ
1822 1620 1921 1689 τῆς
1942 1663 1944 1665 ,

345 1710 649 1778 φαλαγγίας
706 1710 988 1781 ἐξέρχεσθε
1006 1728 1021 1742 ·
1073 1710 1313 1782 δεύτεροι
1343 1711 1402 1764 δέ
1431 1713 1591 1775 εἰσιν,
1614 1711 1664 1764 oi
1690 1710 1921 1780 λεγόμε-

343 1816 425 1852 νοι
454 1799 619 1853 πάλαι
651 1800 948 1865 πκοῦνδοι,
980 1799 1013 1869 ἢ
1043 1801 1353 1855 ἐπιστάται.
1396 1800 1509 1853 Καὶ
1558 1800 1919 1870 στρεφόμενοι

2013 638 2192 679 aeneas
2222 637 2332 677 non
2358 620 2610 686 habeant,
2647 617 2875 689 sagittis;
2898 617 2975 673 ab
2994 617 3243 674 hostibus
3273 617 3594 675 confodian-

2015 722 2123 769 tur.

2087 803 2176 858 76.
2207 801 2536 857 Dividuntur
2562 802 2618 856 in
2652 801 3078 872 diphalangiam,
3111 799 3163 855 id
3202 807 3310 865 est,
3340 799 3587 870 duplica-

2015 905 2124 951 tam
2160 895 2357 957 aciem,
2381 893 2602 963 quando
2631 892 2777 947 acies
2799 892 3071 947 instructa
3090 890 3298 946 directe
3322 891 3592 954 ambulat,
3641 960 3644 968 ἢ

2015 995 2179 1055 atque
2216 994 2341 1040 ante
2359 999 2423 1040 ac
2453 998 2485 1038 a
2516 996 2670 1052 tergo
2699 983 2985 1037 imminent
3028 982 3216 1038 hostes
3246 1000 3262 1038 :
3293 983 3370 1038 ibi
3405 993 3519 1038 tum
3548 986 3594 1039 si
3640 991 3655 1026 τ’

2014 1090 2081 1131 ex
2118 1075 2354 1131 sedecim
2384 1074 2479 1129 ﬂat
2503 1073 2954 1141 contubernium,
2983 1081 3038 1128 et
3060 1073 3114 1127 in
3140 1083 3436 1144 conspectu
3473 1073 3595 1129 fue-
3630 1090 3633 1094 ·

2017 1167 2126 1222 rint
2151 1168 2359 1230 hostes,
2393 1175 2449 1221 et
2480 1166 2734 1221 cominus
2762 1179 2929 1218 manu
2970 1165 3265 1235 conﬂigere
3300 1165 3597 1228 voluerint,

2018 1257 2258 1327 praecipe
2291 1266 2351 1311 ut
2378 1271 2473 1326 per
2531 1266 2657 1311 octo
2688 1270 2748 1311 se
2788 1256 3051 1322 dividant,
3074 1266 3129 1312 et
3157 1265 3281 1311 octo
3311 1258 3366 1311 in
3400 1258 3594 1329 dipha-

2017 1347 2255 1418 langiam
2296 1348 2504 1411 statim,
2547 1346 2601 1400 id
2632 1354 2736 1409 est,
2762 1346 3094 1415 duplicatam
3147 1347 3474 1418 phalangem
3515 1349 3600 1403 dis

2017 1432 2297 1498 vidantur,
2316 1433 2508 1503 sicque
2530 1445 2655 1488 octo
2678 1434 3099 1490 contubernales
3118 1434 3330 1490 immoti
3353 1439 3600 1502 stabunt,

2019 1522 2114 1578 alii
2133 1533 2259 1579 octo
2281 1523 2531 1579 conversi
2565 1534 2619 1578 et
2648 1534 2932 1581 moventes
2951 1540 3012 1580 se
3038 1525 3092 1579 in
3115 1526 3451 1581 contrariam
3476 1543 3602 1598 par-

2018 1622 2152 1679 tem,
2192 1614 2263 1669 ad
2296 1614 2632 1682 duplicatam
2674 1614 2832 1686 quasi
2877 1617 3053 1672 aciem
3090 1629 3151 1671 se
3192 1617 3460 1683 dividant,
3488 1634 3604 1677 Are-

2020 1707 2155 1777 liqui
2177 1706 2247 1761 ad
2293 1717 2421 1762 octo
2461 1708 2548 1763 vel
2611 1718 2853 1778 quatuor
2882 1709 3226 1764 altitudinem
3277 1711 3599 1767 consistent.

1994 1872 1997 1875 _
2021 1799 2134 1854 lllis
2157 1798 2576 1869 praecipiendum
2590 1809 2695 1862 est,
2711 1799 2945 1871 Ἐδραῖοι
2969 1800 3133 1870 στῆτε
3150 1803 3197 1855 οί
3223 1800 3486 1873 δεύτεροι,
3507 1805 3604 1857 καὶ

344 1892 395 1943 oi
423 1891 722 1957 σεκοῦνδοι,
759 1891 1039 1963 τουτέστιν
1071 1894 1120 1946 οί
1149 1893 1254 1945 ὑπὸ
1284 1892 1378 1944 τὸν
1407 1894 1683 1963 δεκάρχην
1724 1908 1920 1960 τεταγ-
1949 1888 1994 1942 Β
2021 1890 2069 1943 oi
2102 1890 2205 1959 τῆς
2227 1890 2588 1959 διφαλαγγίας
2614 1891 2883 1959 ἐξέλθετε,
2916 1893 2968 1946 id
2999 1902 3101 1953 est,
3142 1892 3311 1947 Firmi
3343 1905 3482 1949 state
3509 1910 3600 1949 se-

347 1982 517 2051 μένοι,
534 1981 839 2053 ἐξέρχονται
865 1982 1209 2054 διαστήματα
1239 1984 1367 2054 άχρι
1391 1983 1719 2055 τριακοσίων
1742 1985 1918 2054 βημά-

339 2089 496 2137 των,
544 2073 662 2142 ἦτοι
722 2073 1120 2141 σκελισμάτων,
1176 2072 1315 2127 ὥστε
1386 2074 1460 2144 μὴ
1513 2074 1773 2129 δύνασθαι
1819 2073 1918 2137 τὰς

343 2164 679 2234 βαλλομένας
704 2168 854 2235 παρὰ
881 2183 989 2218 των
1022 2168 1279 2221 ἐναντίων
1312 2169 1572 2236 σαγίττας
1630 2166 1918 2237 ἑκατέρω-

342 2258 435 2311 θεν
476 2257 733 2327 βλάπτειν
773 2262 897 2321 τοὺς
930 2260 1133 2322 νώτους
1168 2259 1278 2312 τῶν
1304 2259 1772 2326 ἀντιὸλεπόντων,
1801 2259 1918 2313 ἀλλ’

343 2349 500 2417 ἐντῴ
529 2347 769 2419 εὐκαίρῳ
825 2351 976 2419 τόπῳ
1012 2352 1231 2403 πίπτειν
1264 2351 1456 2413 αὐτάς.
1526 2346 1662 2403 Εἶτα
1700 2366 1918 2421 παραγ-

343 2440 523 2506 γέλλει
548 2458 561 2471 ’
616 2440 1046 2511 ’Υποστρέψατε,
1087 2441 1183 2494 καὶ
1238 2442 1400 2495 πάλιν
1455 2440 1917 2511 ὑποστρέψαντες,

344 2530 395 2583 εί
421 2531 576 2601 χρεία
630 2532 878 2603 γένηται,
915 2532 1382 2586 ἀποκαθίστανται
1436 2534 1514 2597 είς
1545 2532 1607 2586 τὸ
1657 2533 1922 2603 πρότερον

345 2625 552 2692 σχῆμαο

416 2808 514 2872 οζ’.
570 2810 633 2861 Ei
699 2808 775 2875 δέ,
833 2809 910 2871 ὡς
977 2809 1143 2873 είκδς,
1203 2811 1238 2881 ἡ
1302 2810 1503 2880 μείζων
1531 2811 1759 2883 δύναμις
1813 2812 1921 2867 τῶν

344 2900 557 2972 ἐχθρῶν
583 2899 671 2953 διά
692 2900 789 2952 τοῦ
822 2899 1014 2967 νώτου,
1046 2901 1216 2969 ἤγουν
1241 2900 1468 2955 ὄπισθεν
1511 2903 1611 2972 τῆς
1670 2905 1922 2974 παρατά-

346 2989 480 3057 ξεως
508 2988 746 3064 ἔρχεται,
780 2994 876 3046 καὶ
928 2994 1136 3063 ἅμαξαι
1171 2994 1271 3046 οὐκ
1316 2994 1703 3049 ἀκολουθοῦσιν
1749 2998 1797 3049 οί
1829 3012 1917 3048 σε·

344 3080 577 3149 κοῦνδοι,
634 3085 803 3154 ἤγουν
863 3087 913 3138 oi
976 3085 1285 3151 ἐπιστάται,
1333 3087 1581 3141 ἵστανται
1652 3087 1710 3141 δέ
1735 3088 1829 3140 καὶ
1872 3089 1921 3141 οί

346 3176 563 3247 πρίμοι,
599 3176 768 3247 ήγουν
804 3176 860 3243 pi
895 3176 1312 3247 πρωτοστάται,
1346 3179 1397 3230 oi
1431 3178 1487 3231 δὲ
1518 3178 1739 3248 λοχαγοὶ
1767 3177 1921 3248 ἐξέρ⁹

346 3282 552 3339 χονται.

416 3356 517 3429 οη⁰.
574 3358 649 3411 Τὸ
699 3358 756 3413 δέ
796 3359 895 3428 τῆς
934 3357 1243 3428 φαλαγγίας
1282 3359 1514 3428 γίνεται,
1547 3361 1675 3413 ὅταν
1702 3362 1759 3415 αί
1787 3360 1926 3429 ἆμα-

347 3449 437 3516 ξαι
463 3451 560 3502 οὐκ
584 3449 988 3515 ἀκολουθοῦσιν,
1023 3450 1057 3521 ἢ
1108 3451 1542 3523 άκολουθήσασαι
1582 3453 1915 3523 ἐσιάσθησαν

348 3541 456 3594 ὑπὸ
476 3541 584 3593 τῶν
624 3540 919 3611 πολεμίων.
953 3541 1190 3606 Ταύταις
1216 3543 1273 3595 δὲ
1301 3543 1406 3615 χρὴ
1428 3543 1641 3607 πάντως
1668 3546 1760 3597 ἐπὶ
1783 3561 1922 3597 παν-

348 3633 438 3697 τὸς
478 3632 884 3704 ἡτοιμασμένον
929 3633 1159 3696 πεζικοῦ
1198 3637 1429 3706 στρατοῦ
1470 3636 1809 3690 ἀκολουθεῖν.
1859 3637 1923 3690 Εί

353 3725 431 3796 μὴ
462 3724 569 3795 ἄρα
601 3723 1001 3795 καὸαλλαρικὸς
1030 3727 1259 3796 στρατὸς
1293 3726 1487 3798 βιασθῇ
1515 3727 1798 3791 πεζεῦσαι,
1831 3728 1925 3780 καὶ

349 3817 410 3868 ἐν
443 3814 618 3887 καιρῷ
647 3813 879 3885 τοιούτῳ
911 3815 944 3885 ἢ
978 3816 1203 3886 ἁμαξῶν
1231 3818 1265 3889 ἢ
1304 3818 1468 3888 ἄλλης
1497 3817 1633 3889 ὕλης
1660 3818 1800 3871 κατὰ
1825 3817 1922 3871 τοῦ

348 3906 521 3960 νώτου
552 3907 800 3977 ἀπορεῖν.

419 3995 517 4050 σθ’.
574 3997 734 4060 Δεξιά
784 3999 841 4052 δὲ
882 3999 977 4053 καὶ
1026 4000 1291 4070 ἀριστερὰ
1348 3999 1642 4065 κλίνονται,
1684 4000 1813 4053 ὅταν
1859 4000 1924 4052 ἐκ

349 4087 581 4157 πλαγίου
632 4092 711 4153 είς
745 4088 801 4142 ἓν
838 4091 1003 4161 μέρος
1062 4089 1190 4161 θέλῃ
1240 4090 1338 4160 τὴν
1376 4091 1682 4160 παράταξιν
1736 4089 1921 4161 σῠραι,

348 4178 384 4248 ἦ
413 4179 501 4232 διὰ
522 4178 603 4244 τὸ,
623 4179 698 4243 ὡς
719 4180 885 4244 εἰκὸς,
915 4180 1151 4232 ἐκτεῖναι
1172 4180 1270 4249 τὴν
1297 4177 1599 4250 παράταξιν
1628 4178 1723 4232 καὶ
1754 4179 1923 4248 ὑπερ-

348 4271 605 4339 κεράσαι,
636 4270 802 4339 ἦγουν
832 4269 1110 4322 κυκλῶσαι
1150 4269 1275 4332 τοὺς
1304 4271 1551 4340 ἐχθροὺς,
1579 4269 1612 4339 ἢ
1648 4269 1721 4339 μὴ
1756 4270 1922 4339 ὑπερ-

349 4359 694 4430 κερασθῆναι
734 4362 903 4431 ἦγουν
948 4358 1292 4430 κυκλωθῆναι
1340 4362 1469 4431 παρ’
1522 4360 1780 4430 αὑτῶν,ἢ
1832 4359 1922 4413 διὰ

346 4451 514 4503 τόπου
579 4451 1029 4522 ἐπιτηδειότητα,
1081 4452 1115 4523 ἢ
1175 4452 1268 4504 διὰ
1328 4451 1672 4524 παραγωγὴν
1730 4452 1918 4503 στενοῦ

2020 1980 2209 2041 eundi,
2241 1989 2296 2034 et
2325 1980 2381 2034 in
2405 1981 2677 2050 duplicata
2712 1981 2831 2036 acie
2852 1982 2946 2051 qui
2969 1981 3131 2047 estis,
3156 1984 3325 2039 exite.
3359 1982 3599 2039 Secundi

2031 2077 2217 2123 antem
2253 2079 2383 2124 sunt
2418 2071 2511 2140 qui
2541 2071 2858 2137 ἐπιστάται,
2884 2071 2938 2125 id
2966 2073 3281 2138 est,astites
3310 2075 3600 2130 nominan-

2018 2168 2130 2227 tur,
2158 2161 2252 2231 qui
2284 2162 2389 2217 sub
2407 2163 2598 2218 decani
2624 2172 2921 2233 protestate
2940 2172 3087 2220 sunt.
3121 2166 3187 2220 Hi
3221 2169 3467 2223 conversi
3490 2177 3601 2224 tam

2018 2265 2185 2321 prope
2213 2252 2280 2306 ad
2313 2267 2373 2307 se
2398 2263 2586 2309 mntuo
2612 2254 2892 2320 accedant,
2916 2263 2977 2309 ut
3000 2254 3162 2324 paulo
3186 2257 3420 2326 amplius
3435 2260 3604 2315 vesti-

2019 2343 2092 2412 gii
2130 2343 2413 2399 intervallo
2428 2344 2734 2411 distent,ne
2764 2346 3017 2415 utrinque
3050 2346 3311 2416 conjecta:
3338 2349 3406 2403 ab
3426 2350 3603 2406 hosti-

2020 2435 2123 2489 bus
2164 2437 2391 2502 sagittaa,
2414 2446 2563 2506 terga
2581 2437 2837 2507 utrinque
2858 2438 3217 2505 spectantium
3251 2438 3467 2509 laedant,
3506 2443 3600 2496 sed

2019 2538 2359 2596 oppportuno
2376 2528 2558 2595 aliquo
2574 2529 2626 2582 in
2645 2528 2763 2584 loco
2785 2531 3002 2583 cadant.
3023 2528 3224 2584 Deinde
3244 2530 3323 2586 sic
3344 2532 3449 2587 illis
3466 2548 3604 2602 pra:—

2020 2618 2209 2688 cipito,
2230 2620 2652 2691 Ὑποστρέψατε,
2668 2620 3021 2676 Revertimini
3040 2638 3055 2677 :
3076 2631 3130 2677 et
3153 2626 3452 2689 rursum,si
3473 2640 3607 2682 usus

2021 2710 2203 2773 fuerit,
2222 2713 2469 2767 conversi
2488 2712 2554 2767 ad
2586 2714 2871 2783 pristinam
2914 2714 3049 2768 aciei
3085 2714 3314 2769 formam
3360 2716 3600 2771 redeant.

2095 2798 2182 2854 77.
2220 2798 2301 2866 Si,
2335 2803 2795 2870 quemadmodum
2860 2819 2961 2858 usu
3041 2806 3230 2860 venire
3280 2807 3604 2876 plerumque

2021 2899 2220 2960 potest,
2254 2892 2492 2961 majores
2527 2894 2766 2948 hostium
2798 2896 2967 2964 copia:
2996 2911 3026 2949 a
3062 2907 3232 2967 tergo,
3258 2896 3310 2952 id
3344 2907 3446 2964 est,
3481 2910 3603 2968 post

2023 2983 2346 3037 instructam
2392 2984 2562 3039 aciein
2598 2986 2854 3042 curribus
2897 3002 3005 3041 non
3055 2989 3602 3058 sequentibus-inva-

2022 3073 2174 3140 dant,
2226 3082 2341 3128 tum
2388 3077 2612 3131 secundi
2662 3078 2778 3132 sive
2815 3077 3085 3146 epistataa,
3140 3080 3193 3133 id
3247 3089 3350 3145 est,
3385 3083 3600 3149 astites,

2024 3164 2352 3231 consistant,
2378 3175 2431 3221 et
2462 3168 2623 3237 primi
2650 3169 2767 3223 sive
2793 3169 3086 3238 przestites,
3111 3170 3205 3241 qui
3258 3170 3475 3242 lochagi
3506 3190 3599 3229 no-

2028 3254 2332 3319 minantur,
2363 3264 2554 3309 contra
2582 3271 2681 3311 eos
2712 3266 2860 3311 eant.

2100 3343 2189 3399 78.
2225 3344 2615 3415 Diphalangiaa,
2651 3348 2703 3403 id
2729 3362 2834 3413 est,
2856 3347 3147 3418 duplicatae
3181 3350 3318 3405 aciei
3340 3365 3475 3404 usus
3495 3359 3605 3416 cst,

2026 3435 2245 3501 quando
2274 3451 2470 3489 currus
2514 3451 2622 3491 non
2675 3447 3005 3505 sequuntur,
3041 3437 3126 3490 vel
3178 3436 3223 3490 si
3279 3452 3601 3504 sequamur,

2026 3522 2095 3576 ab
2123 3521 2375 3578 hostibus
2412 3534 2591 3579 tamen
2628 3525 2977 3594 populantur.
3019 3524 3130 3579 llos
3163 3534 3347 3579 autem
3377 3528 3604 3580 omnino

2026 3622 2237 3683 oportet
2259 3616 2563 3684 pedestrem
2596 3617 2767 3672 aciem
2796 3618 3117 3672 instructam
3143 3618 3318 3687 sequi,
3339 3618 3442 3672 nisi
3465 3618 3605 3674 forte

2025 3705 2296 3772 equestris
2321 3707 2594 3762 exercitus
2632 3718 2858 3776 cogatur
2883 3708 3108 3778 pedibus
3141 3711 3241 3772 ire,
3270 3709 3436 3777 idque
3462 3719 3601 3763 tem-

2024 3796 2175 3864 poris
2206 3798 2288 3852 vel
2315 3798 2591 3867 curribus,
2624 3801 2707 3855 vel
2732 3800 2834 3855 alia
2863 3802 3120 3872 quapiam
3146 3802 3373 3856 materia
3403 3820 3431 3855 υ
3452 3811 3601 3872 tergo

2024 3896 2166 3957 eget.
2238 3954 2243 3959 _

2095 3979 2187 4034 79.
2217 3981 2276 4035 in
2334 3982 2583 4038 dextram
2632 3992 2686 4039 et
2741 3985 2928 4040 laevam
2992 3997 3197 4056 partem
3244 3989 3599 4055 inclinantur,

2024 4071 2243 4140 quando
2264 4072 2318 4126 in
2352 4074 2578 4129 alteram
2613 4087 2818 4142 partem
2854 4077 3001 4131 acies
3043 4079 3377 4149 obliquatur,
3407 4084 3489 4136 vel
3542 4095 3603 4139 ut

2024 4162 2361 4232 producatur
2385 4166 2550 4226 acies.
2574 4175 2630 4220 et
2660 4167 3057 4223 eircumveniat
3083 4171 3289 4239 hostes,
3326 4173 3409 4227 vel
3436 4183 3495 4228 ut
3535 4192 3603 4230 ne

2025 4255 2496 4312 circumveniatur
2527 4258 2594 4313 ab
2628 4258 2756 4325 illis,
2797 4260 2877 4314 vel
2924 4271 3146 4331 propter
3189 4263 3293 4319 loci
3334 4275 3602 4332 opportu-

2025 4349 2284 4416 nitatem,
2309 4349 2393 4405 vel
2418 4361 2640 4422 propter
2662 4352 2766 4408 loci
2795 4354 3013 4424 augusti
3047 4355 3357 4410 transitum.
3392 4355 3450 4411 Si
3471 4359 3604 4413 dex-

2025 4453 2264 4497 trorsum
2297 4443 2652 4499 traducturus
2698 4448 2867 4500 aciem
2894 4461 2974 4511 es,
3019 4447 3251 4516 praacipe
3303 4448 3371 4503 iis
3398 4450 3600 4515 verbis,

347 4544 537 4597 τόπου.
570 4544 681 4597 Καὶ
730 4535 780 4596 sl
833 4543 931 4614 μὲν
988 4543 1139 4607 δεξιὰ
1169 4543 1300 4617 θέλῃ
1355 4545 1698 4614 παραγαγεῖν
1728 4542 1917 4611 αὐτὴν,

2027 4535 2105 4589 Ad
2136 4537 2345 4591 hastam
2365 4536 2599 4601 declina,
2618 4553 2793 4608 eoque
2816 4554 2875 4594 se
2899 4542 3092 4594 armati
3115 4539 3338 4596 ﬂectant
3365 4560 3378 4596 :
3408 4543 3603 4598 deinde

348 4633 756 4704 παραγγέλλει·
802 4633 925 4686 Ἐπὶ
959 4634 1211 4705 κοντάριν
1234 4633 1431 4687 κλῖνον.
1460 4635 1569 4686 Καὶ
1596 4634 1921 4704 στρέφονται

348 4728 547 4789 πάντες
568 4727 617 4778 oi
641 4725 857 4779 ὁπλῖται
887 4725 1114 4779 ἐκεῖθεν.
1156 4722 1290 4779 Εἶτα
1322 4725 1717 4796 παραγγέλλει⁸
1761 4725 1922 4777 Ὑπό-

347 4818 604 4889 στρεψον,
638 4819 730 4872 καὶ
762 4819 1243 4873 ἁποκαθίστανται.
1277 4819 1340 4871 Ei
1390 4818 1448 4872 δέ
1496 4818 1759 4889 ἀριστερά
1793 4818 1918 4889 θέλῃ

344 4910 547 4975 κλῖναι,
581 4910 954 4983 παραγγέλλει
974 4929 989 4943 ο
1029 4911 1154 4965 Ἐπὶ
1178 4910 1430 4982 κοντάριν
1458 4910 1644 4975 κλίνας
1678 4911 1919 4979 κίνησον,

343 5004 442 5056 καὶ
473 5002 541 5055 τὰ
572 5003 707 5057 ἄλλα
737 5004 939 5073 ὁμοίως
966 5003 1348 5072 φυλάττονται.

417 5093 492 5149 π’.
540 5094 907 5166 ’Δμφίστομος
927 5095 984 5148 δὲ
1012 5095 1248 5165 κίνησις,
1279 5097 1407 5149 ὅταν
1430 5093 1539 5147 τῶν
1572 5092 1809 5165 ἐχθρῶν,
1843 5093 1919 5157 ὡς

346 5185 516 5252 είκδς,
550 5186 707 5256 ἄῴνω
738 5186 1080 5257 γυρευόντων
1119 5185 1430 5257 ἔμπροσθεν
1472 5186 1565 5238 καὶ
1595 5185 1818 5239 ὃπισθεν
1846 5185 1922 5257 μὴ

345 5278 526 5351 φθάσῃ
558 5278 696 5348 πρὸς
743 5279 1108 5348 διφαλαγγίαν
1162 5277 1483 5349 μερισθῆναι
1525 5278 1558 5347 ἡ
1594 5273 1919 5346 παράταξις,

344 5371 439 5424 καὶ
470 5371 857 5442 παραγγέλλει·
905 5372 1026 5425 Τῶν
1061 5370 1234 5426 άκιῶν
1278 5371 1378 5442 τὴν
1422 5368 1575 5434 τάξιν
1623 5366 1915 5437 φυλάξατε.

343 5461 456 5515 Καὶ
500 5463 550 5515 οἱ
617 5462 834 5533 ἡμίσεις
875 5463 1018 5517 κατὰ
1059 5462 1168 5516 τῶν
1233 5460 1540 5533 ἔμπροσθεν
1609 5459 1920 5531 ἐρχομένων

346 5553 627 5625 ἱστάμενοι
657 5554 1009 5627 ἁρμόζονται,
1061 5557 1112 5609 oi
1154 5555 1211 5609 δὲ
1244 5555 1460 5625 ἡμίσεις
1489 5553 1582 5607 ἐπὶ
1633 5553 1723 5605 τὸν
1752 5552 1919 5605 νῶτον

342 5646 849 5718 άντιστρεφόμενοι.
880 5649 942 5701 Οί
968 5649 1024 5703 δὲ
1059 5650 1118 5701 ἐν
1145 5646 1223 5718 τῷ
1250 5647 1400 5718 μέσῳ
1424 5645 1656 5709 ἑστῶτες
1687 5646 1785 5709 τὰς
1824 5662 1916 5697 κε·-

341 5737 519 5809 φαλὰς
541 5738 720 5792 αὐτῶν
751 5739 881 5804 ἴσως
914 5740 1177 5794 σκέπουσι
1200 5739 1291 5793 διά
1315 5738 1425 5791 τῶν
1450 5734 1808 5807 σκουταρίων.

415 5826 529 5884 πα’.
590 5830 985 5887 Μετατίθενται
1017 5831 1169 5898 δεξιὰ
1220 5833 1314 5886 καὶ
1370 5828 1657 5901 ἀριστερὰ,
1707 5827 1833 5884 ὅταν
1882 5827 1913 5896 ἢ

2025 4627 2675 4699 ριέιξοίρο,Ἐπίστρεψον,
2708 4631 2760 4684 id
2786 4639 2894 4695 est,
2924 4631 3194 4686 Converte
3214 4640 3287 4696 te,
3315 4641 3369 4686 et
3397 4632 3463 4686 ad
3488 4634 3599 4701 pri-

2023 4720 2222 4774 stinam
2261 4719 2494 4775 formam
2526 4722 2801 4777 redibunt.
2848 4723 2943 4777 Sin
2970 4739 3065 4778 cos
3095 4724 3161 4777 ad
3208 4723 3395 4776 laevam
3422 4723 3592 4778 decli-

2022 4828 2154 4869 nare
2178 4813 2437 4878 volueris,
2468 4815 2717 4884 praecipe,
2736 4815 2858 4868 Ἐπὶ
2904 4815 3184 4884 κοντάριον
3240 4813 3425 4878 κλίνας
3449 4816 3596 4884 κίνηο

2024 4922 2140 4970 σον,
2164 4906 2243 4959 Ad
2283 4906 2497 4963 hastam
2517 4907 2796 4961 declinans
2821 4915 2873 4960 te
2909 4920 3064 4960 move
3089 4919 3104 4958 :
3144 4914 3309 4975 atque
3332 4905 3447 4963 haec
3472 4922 3597 4977 per-

2022 4995 2150 5050 inde
2184 5011 2249 5052 ac
2277 4997 2557 5066 superiora
2580 4996 2797 5051 faciant.

2092 5087 2183 5141 80.
2227 5087 2614 5158 ’Δμφίστομος,
2633 5088 2682 5141 id
2710 5094 2815 5153 est,
2840 5100 3040 5156 anceps
3052 5095 3235 5143 motus
3252 5096 3356 5154 est,
3378 5087 3598 5157 quando

2024 5173 2260 5235 inimicis
2286 5182 2467 5237 subito
2493 5190 2615 5234 ante
2647 5190 2700 5235 et
2721 5193 2750 5232 a
2784 5188 2932 5249 tergo
2969 5180 3352 5234 invadentibus
3375 5218 3391 5243 ,
3410 5193 3514 5232 non
3540 5178 3597 5231 in

2021 5270 2447 5341 diphalangiam,
2489 5270 2540 5324 id
2568 5279 2673 5335 est,
2701 5269 3032 5338 duplicatum
3088 5270 3261 5323 aciem
3293 5269 3464 5337 copia:
3511 5268 3596 5322 di-

2022 5364 2299 5418 viduntur.
2327 5361 2605 5431 Praecipiet
2633 5362 3007 5417 contuberniis
3040 5370 3098 5416 ut
3129 5362 3417 5416 stationem
3437 5374 3594 5413 suam

2021 5455 2356 5521 custodiant,
2384 5462 2440 5511 et
2458 5454 2667 5509 dimidii
2698 5464 2888 5508 contra
2917 5470 3012 5509 eos
3055 5454 3146 5524 qui
3174 5453 3351 5522 primo
3374 5450 3596 5504 veniunt

2021 5546 2088 5602 ad
2127 5548 2379 5601 standum
2427 5560 2485 5601 se
2516 5554 2720 5616 aptent,
2766 5545 2977 5600 dimidii
3031 5554 3218 5600 contra
3269 5544 3336 5598 ad
3381 5551 3593 5612 tergum

2022 5638 2291 5695 conversi.
2326 5637 2426 5704 Qui
2459 5638 2512 5692 in
2546 5636 2726 5693 medio
2743 5637 3070 5704 consistunt,
3105 5637 3282 5707 capita
3306 5650 3404 5691 sua
3424 5632 3596 5691 scutis

2023 5742 2222 5804 tegant.

2090 5826 2177 5880 ει.
2215 5823 2572 5883 Dextrorsum
2604 5837 2699 5883 aut
2732 5828 3020 5884 laevorsum
3046 5834 3353 5895 mutantur,
3372 5820 3593 5897 quando
