  <div class='ocr_page' id='page_1' title='image "/cluster/home/n/w/nwhite01/storage/ocr_20150623/107/coo.31924054870112/425.png"; bbox 0 0 4022 6442; ppageno 0'>
   <div class='ocr_carea' id='block_1_1' title="bbox 404 363 517 430">
    <p class='ocr_par' dir='ltr' id='par_1_1' title="bbox 404 363 517 430">
     <span class='ocr_line' id='line_1_1' title="bbox 404 363 517 430; baseline 0.035 -4"><span class='ocrx_word' id='word_1_1' title='bbox 404 363 517 430; x_wconf 72' lang='grc' dir='ltr'>Ίξθ</span> 
     </span>
    </p>
   </div>
   <div class='ocr_carea' id='block_1_2' title="bbox 1640 359 2406 427">
    <p class='ocr_par' dir='ltr' id='par_1_2' title="bbox 1640 359 2406 427">
     <span class='ocr_line' id='line_1_2' title="bbox 1640 359 2406 427; baseline -0.007 0"><span class='ocrx_word' id='word_1_2' title='bbox 1640 359 1915 427; x_wconf 85' lang='lat' dir='ltr'><strong>LEONIS</strong></span> <span class='ocrx_word' id='word_1_3' title='bbox 1946 360 2047 419; x_wconf 89' lang='lat' dir='ltr'><strong>PH</strong></span> <span class='ocrx_word' id='word_1_4' title='bbox 2055 359 2406 422; x_wconf 84' lang='lat' dir='ltr'><strong>lLOSOPHI</strong></span> 
     </span>
    </p>
   </div>
   <div class='ocr_carea' id='block_1_3' title="bbox 3556 363 3666 423">
    <p class='ocr_par' dir='ltr' id='par_1_3' title="bbox 3556 363 3666 423">
     <span class='ocr_line' id='line_1_3' title="bbox 3556 363 3666 423; baseline 0.018 -2"><span class='ocrx_word' id='word_1_5' title='bbox 3556 363 3666 423; x_wconf 81' lang='grc'><strong>760</strong></span> 
     </span>
    </p>
   </div>
   <div class='ocr_carea' id='block_1_4' title="bbox 408 467 1974 542">
    <p class='ocr_par' dir='ltr' id='par_1_4' title="bbox 408 468 1974 541">
     <span class='ocr_line' id='line_1_4' title="bbox 408 468 1974 541; baseline -0.004 -14"><span class='ocrx_word' id='word_1_6' title='bbox 408 473 733 529; x_wconf 87' lang='lat' dir='ltr'><strong>necessitate</strong></span> <span class='ocrx_word' id='word_1_7' title='bbox 770 472 873 525; x_wconf 91' lang='lat' dir='ltr'><strong>hoc</strong></span> <span class='ocrx_word' id='word_1_8' title='bbox 913 468 1244 541; x_wconf 88' lang='lat' dir='ltr'><strong>postulante,</strong></span> <span class='ocrx_word' id='word_1_9' title='bbox 1268 469 1335 525; x_wconf 88' lang='lat' dir='ltr'><strong>ad</strong></span> <span class='ocrx_word' id='word_1_10' title='bbox 1373 470 1619 525; x_wconf 75' lang='lat' dir='ltr'><strong>dextram</strong></span> <span class='ocrx_word' id='word_1_11' title='bbox 1656 480 1749 525; x_wconf 89' lang='lat' dir='ltr'><strong>aut</strong></span> <span class='ocrx_word' id='word_1_12' title='bbox 1790 469 1974 522; x_wconf 82' lang='lat' dir='ltr'><strong>laevam</strong></span> 
     </span>
    </p>
   </div>
   <div class='ocr_carea' id='block_1_5' title="bbox 2084 467 3658 542">
    <p class='ocr_par' dir='ltr' id='par_1_5' title="bbox 2084 467 3658 542">
     <span class='ocr_line' id='line_1_5' title="bbox 2084 467 3658 542; baseline 0.005 -21"><span class='ocrx_word' id='word_1_13' title='bbox 2084 468 2229 535; x_wconf 83' lang='grc' dir='ltr'>δεξιὰ</span> <span class='ocrx_word' id='word_1_14' title='bbox 2254 470 2287 541; x_wconf 81' lang='grc' dir='ltr'>ἢ</span> <span class='ocrx_word' id='word_1_15' title='bbox 2308 470 2570 542; x_wconf 71' lang='grc' dir='ltr'>ἀριστερὰ</span> <span class='ocrx_word' id='word_1_16' title='bbox 2624 470 2798 537; x_wconf 84' lang='grc' dir='ltr'>θέλεις</span> <span class='ocrx_word' id='word_1_17' title='bbox 2828 473 3179 542; x_wconf 76' lang='grc' dir='ltr'><strong>μετενεγκεῖν</strong></span> <span class='ocrx_word' id='word_1_18' title='bbox 3200 469 3299 542; x_wconf 78' lang='grc' dir='ltr'>τὴν</span> <span class='ocrx_word' id='word_1_19' title='bbox 3332 467 3658 538; x_wconf 74' lang='grc' dir='ltr'><strong>παράταξιν.</strong></span> 
     </span>
    </p>
   </div>
   <div class='ocr_carea' id='block_1_6' title="bbox 410 558 1981 628">
    <p class='ocr_par' dir='ltr' id='par_1_6' title="bbox 410 558 1981 628">
     <span class='ocr_line' id='line_1_6' title="bbox 410 558 1981 628; baseline -0.002 -12"><span class='ocrx_word' id='word_1_20' title='bbox 410 562 707 619; x_wconf 70' lang='lat' dir='ltr'><strong>transferre</strong></span> <span class='ocrx_word' id='word_1_21' title='bbox 731 561 811 617; x_wconf 87' lang='lat' dir='ltr'><strong>vis</strong></span> <span class='ocrx_word' id='word_1_22' title='bbox 848 560 1173 617; x_wconf 80' lang='lat' dir='ltr'><strong>exercitum.</strong></span> <span class='ocrx_word' id='word_1_23' title='bbox 1200 558 1444 628; x_wconf 66' lang='lat' dir='ltr'><strong>Praecipe</strong></span> <span class='ocrx_word' id='word_1_24' title='bbox 1474 559 1542 613; x_wconf 89' lang='lat' dir='ltr'><strong>iis</strong></span> <span class='ocrx_word' id='word_1_25' title='bbox 1568 558 1750 612; x_wconf 86' lang='lat' dir='ltr'><strong>verbis</strong></span> <span class='ocrx_word' id='word_1_26' title='bbox 1799 558 1981 613; x_wconf 84' lang='grc' dir='ltr'>Μετά-</span> 
     </span>
    </p>
   </div>
   <div class='ocr_carea' id='block_1_7' title="bbox 407 653 1978 727">
    <p class='ocr_par' dir='ltr' id='par_1_7' title="bbox 407 653 1978 727">
     <span class='ocr_line' id='line_1_7' title="bbox 407 653 1978 727; baseline -0.003 -18"><span class='ocrx_word' id='word_1_27' title='bbox 407 674 539 727; x_wconf 82' lang='grc' dir='ltr'>φερε</span> <span class='ocrx_word' id='word_1_28' title='bbox 564 659 642 718; x_wconf 81' lang='grc' dir='ltr'><strong>είς</strong></span> <span class='ocrx_word' id='word_1_29' title='bbox 668 655 736 707; x_wconf 75' lang='grc' dir='ltr'><strong>τὰ</strong></span> <span class='ocrx_word' id='word_1_30' title='bbox 759 654 927 719; x_wconf 76' lang='grc' dir='ltr'>δεξιά,</span> <span class='ocrx_word' id='word_1_31' title='bbox 962 654 1013 707; x_wconf 89' lang='lat' dir='ltr'>id</span> <span class='ocrx_word' id='word_1_32' title='bbox 1051 662 1156 717; x_wconf 89' lang='lat' dir='ltr'><strong>est,</strong></span> <span class='ocrx_word' id='word_1_33' title='bbox 1194 653 1453 709; x_wconf 82' lang='lat' dir='ltr'><strong>Transfer</strong></span> <span class='ocrx_word' id='word_1_34' title='bbox 1497 662 1549 707; x_wconf 90' lang='lat' dir='ltr'><strong>te</strong></span> <span class='ocrx_word' id='word_1_35' title='bbox 1583 653 1649 706; x_wconf 84' lang='lat' dir='ltr'><strong>ad</strong></span> <span class='ocrx_word' id='word_1_36' title='bbox 1701 654 1978 718; x_wconf 75' lang='lat' dir='ltr'><strong>dextram;</strong></span> 
     </span>
    </p>
   </div>
   <div class='ocr_carea' id='block_1_8' title="bbox 404 742 1982 816">
    <p class='ocr_par' dir='ltr' id='par_1_8' title="bbox 404 742 1982 816">
     <span class='ocr_line' id='line_1_8' title="bbox 404 742 1982 816; baseline -0.003 -15"><span class='ocrx_word' id='word_1_37' title='bbox 404 749 489 801; x_wconf 87' lang='lat' dir='ltr'><strong>vel</strong></span> <span class='ocrx_word' id='word_1_38' title='bbox 540 761 752 809; x_wconf 89' lang='lat' dir='ltr'><strong>rursus,</strong></span> <span class='ocrx_word' id='word_1_39' title='bbox 790 743 1193 813; x_wconf 76' lang='grc' dir='ltr'>Μεταφερεείς</span> <span class='ocrx_word' id='word_1_40' title='bbox 1215 745 1285 798; x_wconf 82' lang='grc' dir='ltr'>τὰ</span> <span class='ocrx_word' id='word_1_41' title='bbox 1315 745 1603 816; x_wconf 81' lang='grc' dir='ltr'>ἀριστερά,</span> <span class='ocrx_word' id='word_1_42' title='bbox 1628 742 1889 797; x_wconf 74' lang='lat' dir='ltr'><strong>Transfer</strong></span> <span class='ocrx_word' id='word_1_43' title='bbox 1929 752 1982 797; x_wconf 89' lang='lat' dir='ltr'><strong>te</strong></span> 
     </span>
    </p>
   </div>
   <div class='ocr_carea' id='block_1_9' title="bbox 403 833 1982 900">
    <p class='ocr_par' dir='ltr' id='par_1_9' title="bbox 403 833 1982 900">
     <span class='ocr_line' id='line_1_9' title="bbox 403 833 1982 900; baseline 0 -10"><span class='ocrx_word' id='word_1_44' title='bbox 403 837 470 890; x_wconf 89' lang='lat' dir='ltr'><strong>ad</strong></span> <span class='ocrx_word' id='word_1_45' title='bbox 503 836 714 890; x_wconf 73' lang='lat' dir='ltr'><strong>laevam.</strong></span> <span class='ocrx_word' id='word_1_46' title='bbox 743 834 867 891; x_wconf 87' lang='lat' dir='ltr'><strong>Una</strong></span> <span class='ocrx_word' id='word_1_47' title='bbox 892 833 1120 893; x_wconf 83' lang='lat' dir='ltr'><strong>cohorte</strong></span> <span class='ocrx_word' id='word_1_48' title='bbox 1168 842 1507 900; x_wconf 79' lang='lat' dir='ltr'><strong>transeunte,</strong></span> <span class='ocrx_word' id='word_1_49' title='bbox 1554 834 1808 890; x_wconf 85' lang='lat' dir='ltr'><strong>universa</strong></span> <span class='ocrx_word' id='word_1_50' title='bbox 1834 833 1982 890; x_wconf 85' lang='lat' dir='ltr'><strong>acies</strong></span> 
     </span>
    </p>
   </div>
   <div class='ocr_carea' id='block_1_10' title="bbox 402 927 1143 995">
    <p class='ocr_par' dir='ltr' id='par_1_10' title="bbox 402 927 1143 995">
     <span class='ocr_line' id='line_1_10' title="bbox 402 927 1143 995; baseline 0 -15"><span class='ocrx_word' id='word_1_51' title='bbox 402 927 469 982; x_wconf 90' lang='lat' dir='ltr'><strong>ad</strong></span> <span class='ocrx_word' id='word_1_52' title='bbox 488 941 609 983; x_wconf 89' lang='lat' dir='ltr'><strong>eam</strong></span> <span class='ocrx_word' id='word_1_53' title='bbox 633 936 844 995; x_wconf 88' lang='lat' dir='ltr'><strong>partem</strong></span> <span class='ocrx_word' id='word_1_54' title='bbox 877 934 1143 987; x_wconf 78' lang='lat' dir='ltr'><strong>transeat.</strong></span> 
     </span>
    </p>
   </div>
   <div class='ocr_carea' id='block_1_11' title="bbox 461 1018 1977 1091">
    <p class='ocr_par' dir='ltr' id='par_1_11' title="bbox 461 1018 1977 1091">
     <span class='ocr_line' id='line_1_11' title="bbox 461 1018 1977 1091; baseline 0 -17"><span class='ocrx_word' id='word_1_55' title='bbox 461 1022 553 1076; x_wconf 74' lang='lat'><strong>82.</strong></span> <span class='ocrx_word' id='word_1_56' title='bbox 587 1021 872 1077; x_wconf 78' lang='lat' dir='ltr'><strong>Rareliunt</strong></span> <span class='ocrx_word' id='word_1_57' title='bbox 897 1022 1013 1078; x_wconf 83' lang='lat' dir='ltr'><strong>sive</strong></span> <span class='ocrx_word' id='word_1_58' title='bbox 1038 1023 1340 1079; x_wconf 85' lang='lat' dir='ltr'><strong>dilatantur</strong></span> <span class='ocrx_word' id='word_1_59' title='bbox 1368 1021 1538 1086; x_wconf 84' lang='lat' dir='ltr'><strong>acies,</strong></span> <span class='ocrx_word' id='word_1_60' title='bbox 1578 1020 1800 1091; x_wconf 83' lang='lat' dir='ltr'><strong>quando</strong></span> <span class='ocrx_word' id='word_1_61' title='bbox 1840 1018 1977 1075; x_wconf 91' lang='lat' dir='ltr'><strong>den-</strong></span> 
     </span>
    </p>
   </div>
   <div class='ocr_carea' id='block_1_12' title="bbox 399 1111 1977 1182">
    <p class='ocr_par' dir='ltr' id='par_1_12' title="bbox 399 1111 1977 1182">
     <span class='ocr_line' id='line_1_12' title="bbox 399 1111 1977 1182; baseline -0.003 -13"><span class='ocrx_word' id='word_1_62' title='bbox 399 1123 548 1169; x_wconf 86' lang='lat' dir='ltr'><strong>satas</strong></span> <span class='ocrx_word' id='word_1_63' title='bbox 579 1129 673 1170; x_wconf 85' lang='lat' dir='ltr'><strong>eas</strong></span> <span class='ocrx_word' id='word_1_64' title='bbox 694 1113 941 1168; x_wconf 83' lang='lat' dir='ltr'><strong>dividere</strong></span> <span class='ocrx_word' id='word_1_65' title='bbox 982 1114 1243 1177; x_wconf 81' lang='lat' dir='ltr'><strong>volueris,</strong></span> <span class='ocrx_word' id='word_1_66' title='bbox 1280 1123 1338 1169; x_wconf 90' lang='lat' dir='ltr'><strong>et</strong></span> <span class='ocrx_word' id='word_1_67' title='bbox 1386 1113 1579 1182; x_wconf 82' lang='lat' dir='ltr'><strong>juncta</strong></span> <span class='ocrx_word' id='word_1_68' title='bbox 1618 1111 1977 1168; x_wconf 83' lang='lat' dir='ltr'><strong>contubernia</strong></span> 
     </span>
    </p>
   </div>
   <div class='ocr_carea' id='block_1_13' title="bbox 400 1204 1980 1276">
    <p class='ocr_par' dir='ltr' id='par_1_13' title="bbox 400 1204 1980 1276">
     <span class='ocr_line' id='line_1_13' title="bbox 400 1204 1980 1276; baseline -0.004 -15"><span class='ocrx_word' id='word_1_69' title='bbox 400 1222 678 1276; x_wconf 82' lang='lat' dir='ltr'><strong>separare,</strong></span> <span class='ocrx_word' id='word_1_70' title='bbox 710 1216 765 1261; x_wconf 89' lang='lat' dir='ltr'><strong>et</strong></span> <span class='ocrx_word' id='word_1_71' title='bbox 789 1207 1079 1265; x_wconf 88' lang='lat' dir='ltr'><strong>universas</strong></span> <span class='ocrx_word' id='word_1_72' title='bbox 1106 1208 1293 1275; x_wconf 87' lang='lat' dir='ltr'><strong>copias</strong></span> <span class='ocrx_word' id='word_1_73' title='bbox 1328 1206 1383 1262; x_wconf 90' lang='lat' dir='ltr'><strong>in</strong></span> <span class='ocrx_word' id='word_1_74' title='bbox 1420 1204 1816 1276; x_wconf 78' lang='lat' dir='ltr'><strong>longitudinem</strong></span> <span class='ocrx_word' id='word_1_75' title='bbox 1852 1217 1980 1273; x_wconf 87' lang='lat' dir='ltr'><strong>pro-</strong></span> 
     </span>
    </p>
   </div>
   <div class='ocr_carea' id='block_1_14' title="bbox 400 1295 1978 1368">
    <p class='ocr_par' dir='ltr' id='par_1_14' title="bbox 400 1295 1978 1368">
     <span class='ocr_line' id='line_1_14' title="bbox 400 1295 1978 1368; baseline -0.004 -14"><span class='ocrx_word' id='word_1_76' title='bbox 400 1300 621 1354; x_wconf 85' lang='lat' dir='ltr'><strong>ducere.</strong></span> <span class='ocrx_word' id='word_1_77' title='bbox 665 1298 955 1368; x_wconf 71' lang='lat' dir='ltr'><strong>Przecipies</strong></span> <span class='ocrx_word' id='word_1_78' title='bbox 978 1307 1163 1354; x_wconf 89' lang='lat' dir='ltr'><strong>autem</strong></span> <span class='ocrx_word' id='word_1_79' title='bbox 1190 1300 1258 1353; x_wconf 89' lang='lat' dir='ltr'><strong>iis</strong></span> <span class='ocrx_word' id='word_1_80' title='bbox 1282 1299 1498 1354; x_wconf 86' lang='lat' dir='ltr'><strong>verbis:</strong></span> <span class='ocrx_word' id='word_1_81' title='bbox 1541 1297 1814 1351; x_wconf 84' lang='grc' dir='ltr'>Πλάτυνον</span> <span class='ocrx_word' id='word_1_82' title='bbox 1840 1295 1978 1367; x_wconf 76' lang='grc' dir='ltr'>πρὸς</span> 
     </span>
    </p>
   </div>
   <div class='ocr_carea' id='block_1_15' title="bbox 401 1390 1978 1462">
    <p class='ocr_par' dir='ltr' id='par_1_15' title="bbox 401 1390 1978 1462">
     <span class='ocr_line' id='line_1_15' title="bbox 401 1390 1978 1462; baseline -0.002 -19"><span class='ocrx_word' id='word_1_83' title='bbox 401 1392 724 1462; x_wconf 81' lang='grc' dir='ltr'>τάμφότερα</span> <span class='ocrx_word' id='word_1_84' title='bbox 748 1391 915 1461; x_wconf 85' lang='grc' dir='ltr'>μέρη,</span> <span class='ocrx_word' id='word_1_85' title='bbox 957 1390 1010 1446; x_wconf 89' lang='lat' dir='ltr'><strong>id</strong></span> <span class='ocrx_word' id='word_1_86' title='bbox 1045 1400 1152 1457; x_wconf 86' lang='lat' dir='ltr'><strong>est,</strong></span> <span class='ocrx_word' id='word_1_87' title='bbox 1187 1390 1362 1445; x_wconf 83' lang='lat' dir='ltr'><strong>Dilata</strong></span> <span class='ocrx_word' id='word_1_88' title='bbox 1408 1391 1465 1446; x_wconf 89' lang='lat' dir='ltr'><strong>in</strong></span> <span class='ocrx_word' id='word_1_89' title='bbox 1516 1398 1806 1457; x_wconf 88' lang='lat' dir='ltr'><strong>utramque</strong></span> <span class='ocrx_word' id='word_1_90' title='bbox 1848 1402 1978 1456; x_wconf 87' lang='lat' dir='ltr'><strong>par-</strong></span> 
     </span>
    </p>
   </div>
   <div class='ocr_carea' id='block_1_16' title="bbox 402 1479 1979 1545">
    <p class='ocr_par' dir='ltr' id='par_1_16' title="bbox 402 1479 1979 1545">
     <span class='ocr_line' id='line_1_16' title="bbox 402 1479 1979 1545; baseline -0.004 -7"><span class='ocrx_word' id='word_1_91' title='bbox 402 1492 533 1545; x_wconf 90' lang='lat' dir='ltr'><strong>tem,</strong></span> <span class='ocrx_word' id='word_1_92' title='bbox 562 1484 1009 1539; x_wconf 80' lang='lat' dir='ltr'><strong>etdiﬂ‘undantur</strong></span> <span class='ocrx_word' id='word_1_93' title='bbox 1029 1484 1237 1537; x_wconf 77' lang='lat' dir='ltr'><strong>statim.</strong></span> <span class='ocrx_word' id='word_1_94' title='bbox 1273 1481 1399 1536; x_wconf 77' lang='lat' dir='ltr'><strong>Haec</strong></span> <span class='ocrx_word' id='word_1_95' title='bbox 1425 1481 1602 1534; x_wconf 85' lang='lat' dir='ltr'><strong>forma</strong></span> <span class='ocrx_word' id='word_1_96' title='bbox 1629 1490 1742 1533; x_wconf 89' lang='lat' dir='ltr'><strong>tum</strong></span> <span class='ocrx_word' id='word_1_97' title='bbox 1783 1479 1979 1533; x_wconf 85' lang='lat' dir='ltr'><strong>ambu-</strong></span> 
     </span>
    </p>
   </div>
   <div class='ocr_carea' id='block_1_17' title="bbox 401 1566 1978 1643">
    <p class='ocr_par' dir='ltr' id='par_1_17' title="bbox 401 1566 1978 1643">
     <span class='ocr_line' id='line_1_17' title="bbox 401 1566 1978 1643; baseline -0.002 -15"><span class='ocrx_word' id='word_1_98' title='bbox 401 1576 567 1640; x_wconf 82' lang='lat' dir='ltr'><strong>lante,</strong></span> <span class='ocrx_word' id='word_1_99' title='bbox 606 1585 719 1629; x_wconf 90' lang='lat' dir='ltr'><strong>tum</strong></span> <span class='ocrx_word' id='word_1_100' title='bbox 745 1585 923 1630; x_wconf 83' lang='lat' dir='ltr'><strong>stante</strong></span> <span class='ocrx_word' id='word_1_101' title='bbox 944 1576 1188 1630; x_wconf 81' lang='lat' dir='ltr'><strong>exercitu</strong></span> <span class='ocrx_word' id='word_1_102' title='bbox 1220 1574 1334 1629; x_wconf 88' lang='lat' dir='ltr'><strong>lieri</strong></span> <span class='ocrx_word' id='word_1_103' title='bbox 1362 1566 1562 1643; x_wconf 74' lang='lat' dir='ltr'><strong>polest,</strong></span> <span class='ocrx_word' id='word_1_104' title='bbox 1596 1572 1817 1627; x_wconf 85' lang='lat' dir='ltr'><strong>duobus</strong></span> <span class='ocrx_word' id='word_1_105' title='bbox 1850 1586 1978 1626; x_wconf 57' lang='lat' dir='ltr'><strong>coro</strong></span> 
     </span>
    </p>
   </div>
   <div class='ocr_carea' id='block_1_18' title="bbox 400 1659 1978 1731">
    <p class='ocr_par' dir='ltr' id='par_1_18' title="bbox 400 1659 1978 1731">
     <span class='ocr_line' id='line_1_18' title="bbox 400 1659 1978 1731; baseline -0.002 -15"><span class='ocrx_word' id='word_1_106' title='bbox 400 1664 565 1718; x_wconf 86' lang='lat' dir='ltr'><strong>nibus</strong></span> <span class='ocrx_word' id='word_1_107' title='bbox 628 1664 870 1719; x_wconf 77' lang='lat' dir='ltr'><strong>exterius</strong></span> <span class='ocrx_word' id='word_1_108' title='bbox 919 1664 1282 1731; x_wconf 80' lang='lat' dir='ltr'><strong>mutantibus,</strong></span> <span class='ocrx_word' id='word_1_109' title='bbox 1332 1663 1448 1718; x_wconf 85' lang='lat' dir='ltr'><strong>sive</strong></span> <span class='ocrx_word' id='word_1_110' title='bbox 1489 1670 1671 1717; x_wconf 83' lang='lat' dir='ltr'><strong>turma</strong></span> <span class='ocrx_word' id='word_1_111' title='bbox 1712 1661 1805 1727; x_wconf 81' lang='lat' dir='ltr'><strong>sit,</strong></span> <span class='ocrx_word' id='word_1_112' title='bbox 1861 1659 1978 1715; x_wconf 83' lang='lat' dir='ltr'><strong>sive</strong></span> 
     </span>
    </p>
   </div>
   <div class='ocr_carea' id='block_1_19' title="bbox 397 1755 693 1810">
    <p class='ocr_par' dir='ltr' id='par_1_19' title="bbox 397 1755 693 1810">
     <span class='ocr_line' id='line_1_19' title="bbox 397 1755 693 1810; baseline 0.007 -2"><span class='ocrx_word' id='word_1_113' title='bbox 397 1755 693 1810; x_wconf 81' lang='lat' dir='ltr'><strong>exercitus.</strong></span> 
     </span>
    </p>
   </div>
   <div class='ocr_carea' id='block_1_20' title="bbox 451 1840 1978 1914">
    <p class='ocr_par' dir='ltr' id='par_1_20' title="bbox 451 1840 1978 1914">
     <span class='ocr_line' id='line_1_20' title="bbox 451 1840 1978 1914; baseline -0.004 -13"><span class='ocrx_word' id='word_1_114' title='bbox 451 1843 541 1901; x_wconf 74' lang='lat'><strong>85.</strong></span> <span class='ocrx_word' id='word_1_115' title='bbox 565 1843 871 1899; x_wconf 87' lang='lat' dir='ltr'><strong>Densantur</strong></span> <span class='ocrx_word' id='word_1_116' title='bbox 891 1844 975 1899; x_wconf 77' lang='lat' dir='ltr'><strong>vel</strong></span> <span class='ocrx_word' id='word_1_117' title='bbox 989 1844 1337 1914; x_wconf 82' lang='lat' dir='ltr'><strong>duplicantur</strong></span> <span class='ocrx_word' id='word_1_118' title='bbox 1355 1840 1740 1907; x_wconf 86' lang='lat' dir='ltr'><strong>contubernia,</strong></span> <span class='ocrx_word' id='word_1_119' title='bbox 1758 1840 1978 1910; x_wconf 83' lang='lat' dir='ltr'><strong>quando</strong></span> 
     </span>
    </p>
   </div>
   <div class='ocr_carea' id='block_1_21' title="bbox 396 1934 1981 2005">
    <p class='ocr_par' dir='ltr' id='par_1_21' title="bbox 396 1934 1981 2005">
     <span class='ocr_line' id='line_1_21' title="bbox 396 1934 1981 2005; baseline -0.002 -15"><span class='ocrx_word' id='word_1_120' title='bbox 396 1936 463 1991; x_wconf 86' lang='lat' dir='ltr'><strong>ad</strong></span> <span class='ocrx_word' id='word_1_121' title='bbox 490 1945 725 2005; x_wconf 84' lang='lat' dir='ltr'><strong>quatuor</strong></span> <span class='ocrx_word' id='word_1_122' title='bbox 759 1938 1006 1993; x_wconf 90' lang='lat' dir='ltr'><strong>virorum</strong></span> <span class='ocrx_word' id='word_1_123' title='bbox 1035 1937 1386 1992; x_wconf 86' lang='lat' dir='ltr'><strong>altitudinem</strong></span> <span class='ocrx_word' id='word_1_124' title='bbox 1411 1944 1579 2001; x_wconf 86' lang='lat' dir='ltr'><strong>stant,</strong></span> <span class='ocrx_word' id='word_1_125' title='bbox 1613 1944 1669 1989; x_wconf 90' lang='lat' dir='ltr'><strong>et</strong></span> <span class='ocrx_word' id='word_1_126' title='bbox 1698 1934 1981 2003; x_wconf 87' lang='lat' dir='ltr'><strong>duplicare</strong></span> 
     </span>
    </p>
   </div>
   <div class='ocr_carea' id='block_1_22' title="bbox 394 2028 1980 2095">
    <p class='ocr_par' dir='ltr' id='par_1_22' title="bbox 394 2028 1980 2095">
     <span class='ocr_line' id='line_1_22' title="bbox 394 2028 1980 2095; baseline -0.001 -13"><span class='ocrx_word' id='word_1_127' title='bbox 394 2042 521 2082; x_wconf 89' lang='lat' dir='ltr'><strong>eum</strong></span> <span class='ocrx_word' id='word_1_128' title='bbox 566 2043 856 2083; x_wconf 84' lang='lat' dir='ltr'><strong>numerum</strong></span> <span class='ocrx_word' id='word_1_129' title='bbox 906 2028 1013 2095; x_wconf 86' lang='lat' dir='ltr'><strong>vis,</strong></span> <span class='ocrx_word' id='word_1_130' title='bbox 1044 2037 1100 2084; x_wconf 89' lang='lat' dir='ltr'><strong>et</strong></span> <span class='ocrx_word' id='word_1_131' title='bbox 1125 2030 1321 2084; x_wconf 84' lang='lat' dir='ltr'><strong>idonee</strong></span> <span class='ocrx_word' id='word_1_132' title='bbox 1367 2029 1435 2082; x_wconf 88' lang='lat' dir='ltr'><strong>ad</strong></span> <span class='ocrx_word' id='word_1_133' title='bbox 1473 2028 1816 2082; x_wconf 87' lang='lat' dir='ltr'><strong>altitudinem</strong></span> <span class='ocrx_word' id='word_1_134' title='bbox 1850 2036 1980 2080; x_wconf 75' lang='lat' dir='ltr'><strong>con-‘</strong></span> 
     </span>
    </p>
   </div>
   <div class='ocr_carea' id='block_1_23' title="bbox 396 2118 1978 2183">
    <p class='ocr_par' dir='ltr' id='par_1_23' title="bbox 396 2118 1978 2183">
     <span class='ocr_line' id='line_1_23' title="bbox 396 2118 1978 2183; baseline -0.001 -12"><span class='ocrx_word' id='word_1_135' title='bbox 396 2118 636 2175; x_wconf 71' lang='lat' dir='ltr'><strong>tabernii</strong></span> <span class='ocrx_word' id='word_1_136' title='bbox 670 2119 890 2175; x_wconf 84' lang='lat' dir='ltr'><strong>firmare</strong></span> <span class='ocrx_word' id='word_1_137' title='bbox 908 2129 1101 2175; x_wconf 89' lang='lat' dir='ltr'><strong>contra</strong></span> <span class='ocrx_word' id='word_1_138' title='bbox 1124 2120 1367 2176; x_wconf 86' lang='lat' dir='ltr'><strong>hostium</strong></span> <span class='ocrx_word' id='word_1_139' title='bbox 1388 2120 1585 2183; x_wconf 88' lang='lat' dir='ltr'><strong>aciem,</strong></span> <span class='ocrx_word' id='word_1_140' title='bbox 1605 2119 1756 2174; x_wconf 87' lang='lat' dir='ltr'><strong>dices</strong></span> <span class='ocrx_word' id='word_1_141' title='bbox 1800 2136 1814 2173; x_wconf 84' lang='lat'><strong>:</strong></span> <span class='ocrx_word' id='word_1_142' title='bbox 1848 2118 1978 2171; x_wconf 84' lang='grc' dir='ltr'>Εἰσ-</span> 
     </span>
    </p>
   </div>
   <div class='ocr_carea' id='block_1_24' title="bbox 407 2207 1980 2281">
    <p class='ocr_par' dir='ltr' id='par_1_24' title="bbox 407 2207 1980 2281">
     <span class='ocr_line' id='line_1_24' title="bbox 407 2207 1980 2281; baseline 0.003 -22"><span class='ocrx_word' id='word_1_143' title='bbox 407 2208 554 2276; x_wconf 84' lang='grc' dir='ltr'>ελθε,</span> <span class='ocrx_word' id='word_1_144' title='bbox 577 2209 630 2263; x_wconf 90' lang='lat' dir='ltr'><strong>id</strong></span> <span class='ocrx_word' id='word_1_145' title='bbox 655 2217 761 2276; x_wconf 86' lang='lat' dir='ltr'><strong>est,</strong></span> <span class='ocrx_word' id='word_1_146' title='bbox 783 2212 1090 2281; x_wconf 84' lang='lat' dir='ltr'><strong>ingredere,</strong></span> <span class='ocrx_word' id='word_1_147' title='bbox 1108 2221 1161 2267; x_wconf 89' lang='lat' dir='ltr'><strong>et</strong></span> <span class='ocrx_word' id='word_1_148' title='bbox 1178 2211 1363 2267; x_wconf 86' lang='lat' dir='ltr'><strong>statim</strong></span> <span class='ocrx_word' id='word_1_149' title='bbox 1396 2221 1521 2266; x_wconf 90' lang='lat' dir='ltr'><strong>octo</strong></span> <span class='ocrx_word' id='word_1_150' title='bbox 1544 2218 1726 2265; x_wconf 88' lang='lat' dir='ltr'><strong>erunt.</strong></span> <span class='ocrx_word' id='word_1_151' title='bbox 1757 2207 1855 2263; x_wconf 90' lang='lat' dir='ltr'><strong>Sin</strong></span> <span class='ocrx_word' id='word_1_152' title='bbox 1881 2223 1980 2264; x_wconf 88' lang='lat' dir='ltr'><strong>eos</strong></span> 
     </span>
    </p>
   </div>
   <div class='ocr_carea' id='block_1_25' title="bbox 398 2300 1980 2370">
    <p class='ocr_par' dir='ltr' id='par_1_25' title="bbox 398 2300 1980 2370">
     <span class='ocr_line' id='line_1_25' title="bbox 398 2300 1980 2370; baseline 0 -14"><span class='ocrx_word' id='word_1_153' title='bbox 398 2301 637 2357; x_wconf 81' lang='lat' dir='ltr'><strong>sedecim</strong></span> <span class='ocrx_word' id='word_1_154' title='bbox 670 2303 917 2358; x_wconf 85' lang='lat' dir='ltr'><strong>volueris</strong></span> <span class='ocrx_word' id='word_1_155' title='bbox 964 2303 1168 2370; x_wconf 89' lang='lat' dir='ltr'><strong>facere,</strong></span> <span class='ocrx_word' id='word_1_156' title='bbox 1208 2319 1403 2361; x_wconf 88' lang='lat' dir='ltr'><strong>rursus</strong></span> <span class='ocrx_word' id='word_1_157' title='bbox 1453 2303 1604 2358; x_wconf 88' lang='lat' dir='ltr'><strong>dices</strong></span> <span class='ocrx_word' id='word_1_158' title='bbox 1630 2300 1876 2367; x_wconf 84' lang='grc' dir='ltr'>Εῐσελθε,</span> <span class='ocrx_word' id='word_1_159' title='bbox 1923 2309 1980 2356; x_wconf 89' lang='lat' dir='ltr'><strong>et</strong></span> 
     </span>
    </p>
   </div>
   <div class='ocr_carea' id='block_1_26' title="bbox 398 2392 1979 2465">
    <p class='ocr_par' dir='ltr' id='par_1_26' title="bbox 398 2392 1979 2465">
     <span class='ocr_line' id='line_1_26' title="bbox 398 2392 1979 2465; baseline -0.002 -17"><span class='ocrx_word' id='word_1_160' title='bbox 398 2410 541 2449; x_wconf 86' lang='lat' dir='ltr'><strong>unus</strong></span> <span class='ocrx_word' id='word_1_161' title='bbox 576 2404 700 2465; x_wconf 87' lang='lat' dir='ltr'><strong>post</strong></span> <span class='ocrx_word' id='word_1_162' title='bbox 727 2398 963 2451; x_wconf 86' lang='lat' dir='ltr'><strong>alterum</strong></span> <span class='ocrx_word' id='word_1_163' title='bbox 986 2406 1180 2451; x_wconf 87' lang='lat' dir='ltr'><strong>euntes</strong></span> <span class='ocrx_word' id='word_1_164' title='bbox 1202 2397 1269 2450; x_wconf 90' lang='lat' dir='ltr'><strong>ad</strong></span> <span class='ocrx_word' id='word_1_165' title='bbox 1301 2411 1457 2450; x_wconf 88' lang='lat' dir='ltr'><strong>suam</strong></span> <span class='ocrx_word' id='word_1_166' title='bbox 1487 2395 1778 2450; x_wconf 89' lang='lat' dir='ltr'><strong>stationem</strong></span> <span class='ocrx_word' id='word_1_167' title='bbox 1798 2392 1979 2462; x_wconf 88' lang='lat' dir='ltr'><strong>dupli-</strong></span> 
     </span>
    </p>
   </div>
   <div class='ocr_carea' id='block_1_27' title="bbox 393 2485 1977 2552">
    <p class='ocr_par' dir='ltr' id='par_1_27' title="bbox 393 2485 1977 2552">
     <span class='ocr_line' id='line_1_27' title="bbox 393 2485 1977 2552; baseline 0.001 -14"><span class='ocrx_word' id='word_1_168' title='bbox 393 2495 614 2552; x_wconf 85' lang='lat' dir='ltr'><strong>cantur,</strong></span> <span class='ocrx_word' id='word_1_169' title='bbox 644 2494 700 2541; x_wconf 90' lang='lat' dir='ltr'><strong>et</strong></span> <span class='ocrx_word' id='word_1_170' title='bbox 741 2486 875 2541; x_wconf 85' lang='lat' dir='ltr'><strong>fient</strong></span> <span class='ocrx_word' id='word_1_171' title='bbox 906 2486 1146 2541; x_wconf 80' lang='lat' dir='ltr'><strong>sedecim</strong></span> <span class='ocrx_word' id='word_1_172' title='bbox 1183 2487 1494 2542; x_wconf 89' lang='lat' dir='ltr'><strong>altitudine.</strong></span> <span class='ocrx_word' id='word_1_173' title='bbox 1530 2485 1614 2540; x_wconf 85' lang='lat' dir='ltr'><strong>Ab</strong></span> <span class='ocrx_word' id='word_1_174' title='bbox 1654 2500 1762 2539; x_wconf 92' lang='lat' dir='ltr'><strong>uno</strong></span> <span class='ocrx_word' id='word_1_175' title='bbox 1793 2493 1977 2539; x_wconf 82' lang='lat' dir='ltr'><strong>autem</strong></span> 
     </span>
    </p>
   </div>
   <div class='ocr_carea' id='block_1_28' title="bbox 395 2576 1977 2648">
    <p class='ocr_par' dir='ltr' id='par_1_28' title="bbox 395 2576 1977 2648">
     <span class='ocr_line' id='line_1_28' title="bbox 395 2576 1977 2648; baseline 0.002 -19"><span class='ocrx_word' id='word_1_176' title='bbox 395 2577 563 2632; x_wconf 78' lang='lat' dir='ltr'><strong>latere</strong></span> <span class='ocrx_word' id='word_1_177' title='bbox 598 2578 776 2632; x_wconf 88' lang='lat' dir='ltr'><strong>solum</strong></span> <span class='ocrx_word' id='word_1_178' title='bbox 832 2587 1054 2642; x_wconf 79' lang='lat' dir='ltr'><strong>exeant,</strong></span> <span class='ocrx_word' id='word_1_179' title='bbox 1107 2579 1251 2633; x_wconf 88' lang='lat' dir='ltr'><strong>sicut</strong></span> <span class='ocrx_word' id='word_1_180' title='bbox 1281 2585 1440 2633; x_wconf 88' lang='lat' dir='ltr'><strong>antea</strong></span> <span class='ocrx_word' id='word_1_181' title='bbox 1471 2576 1852 2648; x_wconf 68' lang='lat' dir='ltr'><strong>praecepimus,</strong></span> <span class='ocrx_word' id='word_1_182' title='bbox 1879 2576 1977 2632; x_wconf 89' lang='lat' dir='ltr'><strong>Sin</strong></span> 
     </span>
    </p>
   </div>
   <div class='ocr_carea' id='block_1_29' title="bbox 394 2666 1975 2735">
    <p class='ocr_par' dir='ltr' id='par_1_29' title="bbox 394 2666 1975 2735">
     <span class='ocr_line' id='line_1_29' title="bbox 394 2666 1975 2735; baseline 0.003 -18"><span class='ocrx_word' id='word_1_183' title='bbox 394 2667 462 2719; x_wconf 90' lang='lat' dir='ltr'><strong>ad</strong></span> <span class='ocrx_word' id='word_1_184' title='bbox 492 2666 713 2735; x_wconf 80' lang='lat' dir='ltr'><strong>triginta</strong></span> <span class='ocrx_word' id='word_1_185' title='bbox 745 2669 855 2723; x_wconf 93' lang='lat' dir='ltr'><strong>duo</strong></span> <span class='ocrx_word' id='word_1_186' title='bbox 900 2668 1144 2723; x_wconf 79' lang='lat' dir='ltr'><strong>virorum</strong></span> <span class='ocrx_word' id='word_1_187' title='bbox 1195 2669 1546 2724; x_wconf 81' lang='lat' dir='ltr'><strong>altitudinem</strong></span> <span class='ocrx_word' id='word_1_188' title='bbox 1593 2668 1975 2734; x_wconf 88' lang='lat' dir='ltr'><strong>contubernia,</strong></span> 
     </span>
    </p>
   </div>
   <div class='ocr_carea' id='block_1_30' title="bbox 394 2758 1967 2830">
    <p class='ocr_par' dir='ltr' id='par_1_30' title="bbox 394 2758 1967 2830">
     <span class='ocr_line' id='line_1_30' title="bbox 394 2758 1967 2830; baseline 0.001 -19"><span class='ocrx_word' id='word_1_189' title='bbox 394 2758 542 2825; x_wconf 89' lang='lat' dir='ltr'><strong>quod</strong></span> <span class='ocrx_word' id='word_1_190' title='bbox 586 2758 812 2815; x_wconf 91' lang='lat' dir='ltr'><strong>minime</strong></span> <span class='ocrx_word' id='word_1_191' title='bbox 855 2774 1083 2815; x_wconf 86' lang='lat' dir='ltr'><strong>necesse</strong></span> <span class='ocrx_word' id='word_1_192' title='bbox 1130 2770 1236 2825; x_wconf 82' lang='lat' dir='ltr'><strong>est,</strong></span> <span class='ocrx_word' id='word_1_193' title='bbox 1277 2760 1456 2815; x_wconf 82' lang='lat' dir='ltr'><strong>facere</strong></span> <span class='ocrx_word' id='word_1_194' title='bbox 1494 2760 1594 2825; x_wconf 91' lang='lat' dir='ltr'><strong>vis,</strong></span> <span class='ocrx_word' id='word_1_195' title='bbox 1650 2759 1967 2830; x_wconf 69' lang='lat' dir='ltr'><strong>prmdicito:</strong></span> 
     </span>
    </p>
   </div>
   <div class='ocr_carea' id='block_1_31' title="bbox 392 2850 1971 2922">
    <p class='ocr_par' dir='ltr' id='par_1_31' title="bbox 392 2850 1971 2922">
     <span class='ocr_line' id='line_1_31' title="bbox 392 2850 1971 2922; baseline 0.004 -21"><span class='ocrx_word' id='word_1_196' title='bbox 392 2850 582 2919; x_wconf 75' lang='grc' dir='ltr'>Στίχος</span> <span class='ocrx_word' id='word_1_197' title='bbox 610 2850 714 2904; x_wconf 82' lang='grc' dir='ltr'><strong>ὑπὸ</strong></span> <span class='ocrx_word' id='word_1_198' title='bbox 765 2851 970 2922; x_wconf 86' lang='grc' dir='ltr'>στίχον,</span> <span class='ocrx_word' id='word_1_199' title='bbox 996 2853 1044 2907; x_wconf 83' lang='lat' dir='ltr'><strong>id</strong></span> <span class='ocrx_word' id='word_1_200' title='bbox 1066 2861 1165 2917; x_wconf 79' lang='lat' dir='ltr'><strong>est,</strong></span> <span class='ocrx_word' id='word_1_201' title='bbox 1192 2850 1499 2921; x_wconf 78' lang='lat' dir='ltr'><strong>Manipulus</strong></span> <span class='ocrx_word' id='word_1_202' title='bbox 1529 2852 1630 2908; x_wconf 84' lang='lat' dir='ltr'><strong>sub</strong></span> <span class='ocrx_word' id='word_1_203' title='bbox 1658 2852 1971 2922; x_wconf 88' lang='lat' dir='ltr'><strong>manipulo:</strong></span> 
     </span>
    </p>
   </div>
   <div class='ocr_carea' id='block_1_32' title="bbox 392 2942 1977 3014">
    <p class='ocr_par' dir='ltr' id='par_1_32' title="bbox 392 2942 1977 3014">
     <span class='ocr_line' id='line_1_32' title="bbox 392 2942 1977 3014; baseline 0.003 -19"><span class='ocrx_word' id='word_1_204' title='bbox 392 2951 557 3011; x_wconf 84' lang='lat' dir='ltr'><strong>atque</strong></span> <span class='ocrx_word' id='word_1_205' title='bbox 606 2943 678 2996; x_wconf 81' lang='lat' dir='ltr'><strong>ita</strong></span> <span class='ocrx_word' id='word_1_206' title='bbox 730 2942 1102 3011; x_wconf 85' lang='lat' dir='ltr'><strong>duplicantur,</strong></span> <span class='ocrx_word' id='word_1_207' title='bbox 1144 2955 1197 2999; x_wconf 90' lang='lat' dir='ltr'><strong>et</strong></span> <span class='ocrx_word' id='word_1_208' title='bbox 1243 2946 1390 2999; x_wconf 83' lang='lat' dir='ltr'><strong>acies</strong></span> <span class='ocrx_word' id='word_1_209' title='bbox 1436 2946 1552 3014; x_wconf 82' lang='lat' dir='ltr'><strong>ipsa</strong></span> <span class='ocrx_word' id='word_1_210' title='bbox 1589 2944 1874 3009; x_wconf 89' lang='lat' dir='ltr'><strong>densatur,</strong></span> <span class='ocrx_word' id='word_1_211' title='bbox 1922 2954 1977 2999; x_wconf 89' lang='lat' dir='ltr'><strong>et</strong></span> 
     </span>
    </p>
   </div>
   <div class='ocr_carea' id='block_1_33' title="bbox 392 3032 1222 3102">
    <p class='ocr_par' dir='ltr' id='par_1_33' title="bbox 392 3032 1222 3102">
     <span class='ocr_line' id='line_1_33' title="bbox 392 3032 1222 3102; baseline 0.004 -17"><span class='ocrx_word' id='word_1_212' title='bbox 392 3032 680 3100; x_wconf 79' lang='lat' dir='ltr'><strong>longitudo</strong></span> <span class='ocrx_word' id='word_1_213' title='bbox 704 3033 826 3102; x_wconf 83' lang='lat' dir='ltr'><strong>ejus</strong></span> <span class='ocrx_word' id='word_1_214' title='bbox 854 3034 1222 3088; x_wconf 85' lang='lat' dir='ltr'><strong>contrahitur.</strong></span> 
     </span>
    </p>
   </div>
   <div class='ocr_carea' id='block_1_34' title="bbox 2085 557 3658 635">
    <p class='ocr_par' dir='ltr' id='par_1_34' title="bbox 2085 557 3658 635">
     <span class='ocr_line' id='line_1_34' title="bbox 2085 557 3658 635; baseline -0.001 -23"><span class='ocrx_word' id='word_1_215' title='bbox 2085 560 2292 629; x_wconf 83' lang='grc' dir='ltr'>χρείας,</span> <span class='ocrx_word' id='word_1_216' title='bbox 2327 561 2402 625; x_wconf 87' lang='grc' dir='ltr'><strong>ὡς</strong></span> <span class='ocrx_word' id='word_1_217' title='bbox 2426 562 2593 635; x_wconf 78' lang='grc' dir='ltr'>εἰκὸς,</span> <span class='ocrx_word' id='word_1_218' title='bbox 2622 561 2767 621; x_wconf 76' lang='grc' dir='ltr'>οὕτω</span> <span class='ocrx_word' id='word_1_219' title='bbox 2800 562 3091 632; x_wconf 85' lang='grc' dir='ltr'><strong>καλούσης,</strong></span> <span class='ocrx_word' id='word_1_220' title='bbox 3146 562 3238 613; x_wconf 78' lang='grc' dir='ltr'>καὶ</span> <span class='ocrx_word' id='word_1_221' title='bbox 3269 557 3658 628; x_wconf 71' lang='grc' dir='ltr'>παραγγέλλει*</span> 
     </span>
    </p>
   </div>
   <div class='ocr_carea' id='block_1_35' title="bbox 2082 649 3663 723">
    <p class='ocr_par' dir='ltr' id='par_1_35' title="bbox 2082 649 3663 723">
     <span class='ocr_line' id='line_1_35' title="bbox 2082 649 3663 723; baseline 0.001 -20"><span class='ocrx_word' id='word_1_222' title='bbox 2082 649 2375 720; x_wconf 74' lang='grc' dir='ltr'>Μετάφερε</span> <span class='ocrx_word' id='word_1_223' title='bbox 2427 653 2506 713; x_wconf 78' lang='grc' dir='ltr'>εἰς</span> <span class='ocrx_word' id='word_1_224' title='bbox 2551 652 2623 704; x_wconf 84' lang='grc' dir='ltr'>τὰ</span> <span class='ocrx_word' id='word_1_225' title='bbox 2661 651 2811 717; x_wconf 87' lang='grc' dir='ltr'>δεξιά</span> <span class='ocrx_word' id='word_1_226' title='bbox 2839 669 2854 684; x_wconf 79' lang='grc' dir='ltr'><strong><em>ο</em></strong></span> <span class='ocrx_word' id='word_1_227' title='bbox 2887 652 2921 723; x_wconf 81' lang='grc' dir='ltr'>ἢ</span> <span class='ocrx_word' id='word_1_228' title='bbox 2964 652 3147 715; x_wconf 86' lang='grc' dir='ltr'>πάλιν,</span> <span class='ocrx_word' id='word_1_229' title='bbox 3171 649 3460 720; x_wconf 80' lang='grc' dir='ltr'>Μετάφερε</span> <span class='ocrx_word' id='word_1_230' title='bbox 3486 650 3566 713; x_wconf 86' lang='grc' dir='ltr'><strong>είς</strong></span> <span class='ocrx_word' id='word_1_231' title='bbox 3592 650 3663 705; x_wconf 84' lang='grc' dir='ltr'><strong>τά</strong></span> 
     </span>
    </p>
   </div>
   <div class='ocr_carea' id='block_1_36' title="bbox 2082 742 3661 815">
    <p class='ocr_par' dir='ltr' id='par_1_36' title="bbox 2082 742 3661 815">
     <span class='ocr_line' id='line_1_36' title="bbox 2082 742 3661 815; baseline -0.002 -19"><span class='ocrx_word' id='word_1_232' title='bbox 2082 743 2367 814; x_wconf 78' lang='grc' dir='ltr'>ἀριστερά.</span> <span class='ocrx_word' id='word_1_233' title='bbox 2396 743 2505 797; x_wconf 74' lang='grc' dir='ltr'><strong>Καὶ</strong></span> <span class='ocrx_word' id='word_1_234' title='bbox 2545 743 2663 807; x_wconf 71' lang='grc' dir='ltr'>ἐνὸς</span> <span class='ocrx_word' id='word_1_235' title='bbox 2712 745 2993 815; x_wconf 76' lang='grc' dir='ltr'><strong>τάγματος</strong></span> <span class='ocrx_word' id='word_1_236' title='bbox 3024 742 3447 815; x_wconf 76' lang='grc' dir='ltr'>μετατιθεμένου</span> <span class='ocrx_word' id='word_1_237' title='bbox 3489 756 3661 810; x_wconf 82' lang='grc' dir='ltr'>μετα-</span> 
     </span>
    </p>
   </div>
   <div class='ocr_carea' id='block_1_37' title="bbox 2068 834 3650 908">
    <p class='ocr_par' dir='ltr' id='par_1_37' title="bbox 2068 834 3650 908">
     <span class='ocr_line' id='line_1_37' title="bbox 2068 834 3650 908; baseline 0.003 -23"><span class='ocrx_word' id='word_1_238' title='bbox 2068 834 2311 903; x_wconf 52' lang='grc' dir='ltr'>ίφέρεται</span> <span class='ocrx_word' id='word_1_239' title='bbox 2344 837 2378 905; x_wconf 83' lang='grc' dir='ltr'><strong>ἡ</strong></span> <span class='ocrx_word' id='word_1_240' title='bbox 2414 836 2719 906; x_wconf 80' lang='grc' dir='ltr'>παράταξις</span> <span class='ocrx_word' id='word_1_241' title='bbox 2764 837 2915 890; x_wconf 76' lang='grc' dir='ltr'>πᾶσα</span> <span class='ocrx_word' id='word_1_242' title='bbox 2967 836 3104 908; x_wconf 83' lang='grc' dir='ltr'>πρὸς</span> <span class='ocrx_word' id='word_1_243' title='bbox 3150 836 3211 890; x_wconf 83' lang='grc' dir='ltr'>τὸ</span> <span class='ocrx_word' id='word_1_244' title='bbox 3261 836 3426 908; x_wconf 80' lang='grc' dir='ltr'>μέρος</span> <span class='ocrx_word' id='word_1_245' title='bbox 3468 835 3650 890; x_wconf 74' lang='grc' dir='ltr'>έκεῖνο</span> 
     </span>
    </p>
   </div>
   <div class='ocr_carea' id='block_1_38' title="bbox 2083 921 2384 991">
    <p class='ocr_par' dir='ltr' id='par_1_38' title="bbox 2083 921 2384 991">
     <span class='ocr_line' id='line_1_38' title="bbox 2083 921 2384 991; baseline 0.017 -19"><span class='ocrx_word' id='word_1_246' title='bbox 2083 921 2384 991; x_wconf 82' lang='grc' dir='ltr'><strong>συντόμως.</strong></span> 
     </span>
    </p>
   </div>
   <div class='ocr_carea' id='block_1_39' title="bbox 2152 1011 3663 1088">
    <p class='ocr_par' dir='ltr' id='par_1_39' title="bbox 2152 1011 3663 1088">
     <span class='ocr_line' id='line_1_39' title="bbox 2152 1011 3663 1088; baseline 0.001 -21"><span class='ocrx_word' id='word_1_247' title='bbox 2152 1011 2263 1084; x_wconf 80' lang='grc' dir='ltr'>πβ’.</span> <span class='ocrx_word' id='word_1_248' title='bbox 2309 1014 2649 1086; x_wconf 81' lang='grc' dir='ltr'>Ἀραιοῦνται</span> <span class='ocrx_word' id='word_1_249' title='bbox 2702 1016 2821 1088; x_wconf 74' lang='grc' dir='ltr'>ἦτοι</span> <span class='ocrx_word' id='word_1_250' title='bbox 2852 1016 3237 1083; x_wconf 86' lang='grc' dir='ltr'>πλατύνονται,</span> <span class='ocrx_word' id='word_1_251' title='bbox 3301 1018 3431 1071; x_wconf 85' lang='grc' dir='ltr'>ὅταν</span> <span class='ocrx_word' id='word_1_252' title='bbox 3479 1032 3663 1069; x_wconf 88' lang='grc' dir='ltr'>πεπυ-</span> 
     </span>
    </p>
   </div>
   <div class='ocr_carea' id='block_1_40' title="bbox 2081 1105 3663 1181">
    <p class='ocr_par' dir='ltr' id='par_1_40' title="bbox 2081 1105 3663 1181">
     <span class='ocr_line' id='line_1_40' title="bbox 2081 1105 3663 1181; baseline 0.002 -22"><span class='ocrx_word' id='word_1_253' title='bbox 2081 1105 2353 1177; x_wconf 85' lang='grc' dir='ltr'>κνωμένοι</span> <span class='ocrx_word' id='word_1_254' title='bbox 2386 1108 2512 1174; x_wconf 77' lang='grc' dir='ltr'>εἰσὶ,</span> <span class='ocrx_word' id='word_1_255' title='bbox 2544 1109 2639 1165; x_wconf 76' lang='grc' dir='ltr'>καὶ</span> <span class='ocrx_word' id='word_1_256' title='bbox 2666 1108 2839 1173; x_wconf 81' lang='grc' dir='ltr'>θέλεις</span> <span class='ocrx_word' id='word_1_257' title='bbox 2865 1110 3085 1180; x_wconf 81' lang='grc' dir='ltr'>μερίσαι</span> <span class='ocrx_word' id='word_1_258' title='bbox 3122 1110 3239 1181; x_wconf 78' lang='grc' dir='ltr'>ἦτοι</span> <span class='ocrx_word' id='word_1_259' title='bbox 3272 1107 3555 1177; x_wconf 79' lang='grc' dir='ltr'>λεπτῦναι,</span> <span class='ocrx_word' id='word_1_260' title='bbox 3585 1108 3663 1172; x_wconf 83' lang='grc' dir='ltr'>ὡς</span> 
     </span>
    </p>
   </div>
   <div class='ocr_carea' id='block_1_41' title="bbox 2081 1197 3661 1273">
    <p class='ocr_par' dir='ltr' id='par_1_41' title="bbox 2081 1197 3661 1273">
     <span class='ocr_line' id='line_1_41' title="bbox 2081 1197 3661 1273; baseline 0.003 -25"><span class='ocrx_word' id='word_1_261' title='bbox 2081 1197 2248 1262; x_wconf 82' lang='grc' dir='ltr'>εἰκὸς,</span> <span class='ocrx_word' id='word_1_262' title='bbox 2307 1198 2406 1261; x_wconf 79' lang='grc' dir='ltr'><strong>τὰς</strong></span> <span class='ocrx_word' id='word_1_263' title='bbox 2464 1200 2647 1266; x_wconf 84' lang='grc' dir='ltr'>ἀκίας,</span> <span class='ocrx_word' id='word_1_264' title='bbox 2685 1200 2782 1254; x_wconf 72' lang='grc' dir='ltr'>καὶ</span> <span class='ocrx_word' id='word_1_265' title='bbox 2818 1202 3058 1255; x_wconf 82' lang='grc' dir='ltr'>ἐκτεῖναι</span> <span class='ocrx_word' id='word_1_266' title='bbox 3086 1201 3186 1273; x_wconf 84' lang='grc' dir='ltr'>τὴν</span> <span class='ocrx_word' id='word_1_267' title='bbox 3240 1201 3547 1272; x_wconf 80' lang='grc' dir='ltr'>παράταξιν</span> <span class='ocrx_word' id='word_1_268' title='bbox 3576 1202 3661 1264; x_wconf 85' lang='grc' dir='ltr'><strong>εἰς</strong></span> 
     </span>
    </p>
   </div>
   <div class='ocr_carea' id='block_1_42' title="bbox 2084 1288 3665 1370">
    <p class='ocr_par' dir='ltr' id='par_1_42' title="bbox 2084 1288 3665 1370">
     <span class='ocr_line' id='line_1_42' title="bbox 2084 1288 3665 1370; baseline 0.002 -28"><span class='ocrx_word' id='word_1_269' title='bbox 2084 1288 2343 1361; x_wconf 76' lang='grc' dir='ltr'>μῆκος,ἢ</span> <span class='ocrx_word' id='word_1_270' title='bbox 2383 1291 2472 1345; x_wconf 84' lang='grc' dir='ltr'>διὰ</span> <span class='ocrx_word' id='word_1_271' title='bbox 2501 1292 2563 1345; x_wconf 83' lang='grc' dir='ltr'>τὸ</span> <span class='ocrx_word' id='word_1_272' title='bbox 2612 1292 2919 1364; x_wconf 88' lang='grc' dir='ltr'>άνωτέρους</span> <span class='ocrx_word' id='word_1_273' title='bbox 2967 1294 3164 1357; x_wconf 77' lang='grc' dir='ltr'>αὐτοὺς</span> <span class='ocrx_word' id='word_1_274' title='bbox 3217 1294 3494 1370; x_wconf 86' lang='grc' dir='ltr'>γενέσθαι.</span> <span class='ocrx_word' id='word_1_275' title='bbox 3551 1293 3665 1346; x_wconf 77' lang='grc' dir='ltr'><strong>Καὶ</strong></span> 
     </span>
    </p>
   </div>
   <div class='ocr_carea' id='block_1_43' title="bbox 2080 1382 3653 1455">
    <p class='ocr_par' dir='ltr' id='par_1_43' title="bbox 2080 1382 3653 1455">
     <span class='ocr_line' id='line_1_43' title="bbox 2080 1382 3653 1455; baseline 0.002 -21"><span class='ocrx_word' id='word_1_276' title='bbox 2080 1382 2472 1451; x_wconf 83' lang='grc' dir='ltr'>παραγγέλλει,</span> <span class='ocrx_word' id='word_1_277' title='bbox 2532 1383 2806 1439; x_wconf 86' lang='grc' dir='ltr'>Πλάτυνον</span> <span class='ocrx_word' id='word_1_278' title='bbox 2837 1385 2972 1455; x_wconf 81' lang='grc' dir='ltr'>πρὸς</span> <span class='ocrx_word' id='word_1_279' title='bbox 3030 1384 3097 1438; x_wconf 76' lang='grc' dir='ltr'><strong>τὰ</strong></span> <span class='ocrx_word' id='word_1_280' title='bbox 3126 1384 3449 1455; x_wconf 77' lang='grc' dir='ltr'>ἀμφίστομα</span> <span class='ocrx_word' id='word_1_281' title='bbox 3485 1383 3653 1454; x_wconf 87' lang='grc' dir='ltr'>μέρη,</span> 
     </span>
    </p>
   </div>
   <div class='ocr_carea' id='block_1_44' title="bbox 2080 1473 3664 1547">
    <p class='ocr_par' dir='ltr' id='par_1_44' title="bbox 2080 1473 3664 1547">
     <span class='ocr_line' id='line_1_44' title="bbox 2080 1473 3664 1547; baseline 0.001 -20"><span class='ocrx_word' id='word_1_282' title='bbox 2080 1475 2175 1528; x_wconf 71' lang='grc' dir='ltr'>καὶ</span> <span class='ocrx_word' id='word_1_283' title='bbox 2201 1473 2582 1531; x_wconf 86' lang='grc' dir='ltr'>πλατύνονται.</span> <span class='ocrx_word' id='word_1_284' title='bbox 2612 1476 2784 1531; x_wconf 85' lang='grc' dir='ltr'>Τοῦτο</span> <span class='ocrx_word' id='word_1_285' title='bbox 2819 1476 2875 1529; x_wconf 72' lang='grc' dir='ltr'>δὲ</span> <span class='ocrx_word' id='word_1_286' title='bbox 2897 1477 2956 1530; x_wconf 87' lang='grc' dir='ltr'>τὸ</span> <span class='ocrx_word' id='word_1_287' title='bbox 2986 1479 3172 1547; x_wconf 85' lang='grc' dir='ltr'>σχῆμα</span> <span class='ocrx_word' id='word_1_288' title='bbox 3202 1476 3298 1529; x_wconf 74' lang='grc' dir='ltr'>καὶ</span> <span class='ocrx_word' id='word_1_289' title='bbox 3327 1475 3664 1547; x_wconf 78' lang='grc' dir='ltr'>περιπατού-</span> 
     </span>
    </p>
   </div>
   <div class='ocr_carea' id='block_1_45' title="bbox 2080 1567 3656 1639">
    <p class='ocr_par' dir='ltr' id='par_1_45' title="bbox 2080 1567 3656 1639">
     <span class='ocr_line' id='line_1_45' title="bbox 2080 1567 3656 1639; baseline 0.001 -22"><span class='ocrx_word' id='word_1_290' title='bbox 2080 1582 2181 1636; x_wconf 90' lang='grc' dir='ltr'><strong>σης</strong></span> <span class='ocrx_word' id='word_1_291' title='bbox 2197 1568 2294 1620; x_wconf 75' lang='grc' dir='ltr'>καὶ</span> <span class='ocrx_word' id='word_1_292' title='bbox 2324 1568 2616 1639; x_wconf 76' lang='grc' dir='ltr'>ἱσταμένης</span> <span class='ocrx_word' id='word_1_293' title='bbox 2637 1570 2737 1639; x_wconf 78' lang='grc' dir='ltr'>τῆς</span> <span class='ocrx_word' id='word_1_294' title='bbox 2761 1567 3120 1639; x_wconf 86' lang='grc' dir='ltr'>παρατάξεως</span> <span class='ocrx_word' id='word_1_295' title='bbox 3138 1568 3359 1622; x_wconf 70' lang='grc' dir='ltr'>δύναται</span> <span class='ocrx_word' id='word_1_296' title='bbox 3383 1568 3656 1635; x_wconf 82' lang='grc' dir='ltr'>γίνεσθαι,</span> 
     </span>
    </p>
   </div>
   <div class='ocr_carea' id='block_1_46' title="bbox 2078 1658 3663 1732">
    <p class='ocr_par' dir='ltr' id='par_1_46' title="bbox 2078 1658 3663 1732">
     <span class='ocr_line' id='line_1_46' title="bbox 2078 1658 3663 1732; baseline 0.001 -22"><span class='ocrx_word' id='word_1_297' title='bbox 2078 1659 2187 1711; x_wconf 86' lang='grc' dir='ltr'><strong>τῶν</strong></span> <span class='ocrx_word' id='word_1_298' title='bbox 2211 1658 2305 1712; x_wconf 82' lang='grc' dir='ltr'>δύο</span> <span class='ocrx_word' id='word_1_299' title='bbox 2357 1662 2605 1732; x_wconf 82' lang='grc' dir='ltr'>κεράτων</span> <span class='ocrx_word' id='word_1_300' title='bbox 2645 1662 2739 1715; x_wconf 73' lang='grc' dir='ltr'><strong>ἐπὶ</strong></span> <span class='ocrx_word' id='word_1_301' title='bbox 2771 1660 2841 1715; x_wconf 83' lang='grc' dir='ltr'>τὰ</span> <span class='ocrx_word' id='word_1_302' title='bbox 2868 1661 2974 1726; x_wconf 74' lang='grc' dir='ltr'>ἔξω</span> <span class='ocrx_word' id='word_1_303' title='bbox 3014 1662 3301 1725; x_wconf 81' lang='grc' dir='ltr'>νευόντων,</span> <span class='ocrx_word' id='word_1_304' title='bbox 3336 1660 3446 1713; x_wconf 76' lang='grc' dir='ltr'>εἴτε</span> <span class='ocrx_word' id='word_1_305' title='bbox 3495 1658 3663 1731; x_wconf 78' lang='grc' dir='ltr'>μέρος</span> 
     </span>
    </p>
   </div>
   <div class='ocr_carea' id='block_1_47' title="bbox 2080 1748 2887 1823">
    <p class='ocr_par' dir='ltr' id='par_1_47' title="bbox 2080 1748 2887 1823">
     <span class='ocr_line' id='line_1_47' title="bbox 2080 1748 2887 1823; baseline 0.01 -23"><span class='ocrx_word' id='word_1_306' title='bbox 2080 1748 2136 1801; x_wconf 77' lang='grc' dir='ltr'>ἐν</span> <span class='ocrx_word' id='word_1_307' title='bbox 2168 1750 2337 1815; x_wconf 69' lang='grc' dir='ltr'>ἐστιν,</span> <span class='ocrx_word' id='word_1_308' title='bbox 2366 1751 2477 1805; x_wconf 78' lang='grc' dir='ltr'>εἴτε</span> <span class='ocrx_word' id='word_1_309' title='bbox 2506 1753 2539 1822; x_wconf 88' lang='grc' dir='ltr'>ή</span> <span class='ocrx_word' id='word_1_310' title='bbox 2566 1752 2887 1823; x_wconf 75' lang='grc' dir='ltr'>παράταξις.</span> 
     </span>
    </p>
   </div>
   <div class='ocr_carea' id='block_1_48' title="bbox 2152 1838 3666 1913">
    <p class='ocr_par' dir='ltr' id='par_1_48' title="bbox 2152 1838 3666 1913">
     <span class='ocr_line' id='line_1_48' title="bbox 2152 1838 3666 1913; baseline 0 -19"><span class='ocrx_word' id='word_1_311' title='bbox 2152 1838 2264 1909; x_wconf 87' lang='grc' dir='ltr'>πγ’.</span> <span class='ocrx_word' id='word_1_312' title='bbox 2298 1842 2626 1898; x_wconf 81' lang='grc' dir='ltr'>Βαθύνονται</span> <span class='ocrx_word' id='word_1_313' title='bbox 2663 1844 2721 1897; x_wconf 82' lang='grc' dir='ltr'>δὲ</span> <span class='ocrx_word' id='word_1_314' title='bbox 2749 1844 2869 1913; x_wconf 73' lang='grc' dir='ltr'>ἢτοι</span> <span class='ocrx_word' id='word_1_315' title='bbox 2897 1843 3207 1898; x_wconf 77' lang='grc' dir='ltr'>διπλοῦν-ται</span> <span class='ocrx_word' id='word_1_316' title='bbox 3231 1846 3288 1897; x_wconf 76' lang='lat' dir='ltr'><strong>al</strong></span> <span class='ocrx_word' id='word_1_317' title='bbox 3317 1842 3492 1909; x_wconf 88' lang='grc' dir='ltr'>ἀκίαι,</span> <span class='ocrx_word' id='word_1_318' title='bbox 3535 1842 3666 1896; x_wconf 82' lang='grc' dir='ltr'>ὅταν</span> 
     </span>
    </p>
   </div>
   <div class='ocr_carea' id='block_1_49' title="bbox 2084 1933 3667 2005">
    <p class='ocr_par' dir='ltr' id='par_1_49' title="bbox 2084 1933 3667 2005">
     <span class='ocr_line' id='line_1_49' title="bbox 2084 1933 3667 2005; baseline -0.001 -20"><span class='ocrx_word' id='word_1_319' title='bbox 2084 1933 2183 2003; x_wconf 83' lang='grc' dir='ltr'>μὲν</span> <span class='ocrx_word' id='word_1_320' title='bbox 2211 1933 2321 1987; x_wconf 80' lang='grc' dir='ltr'><strong>ἀπὸ</strong></span> <span class='ocrx_word' id='word_1_321' title='bbox 2344 1935 2625 2004; x_wconf 86' lang='grc' dir='ltr'>τεσσάρων</span> <span class='ocrx_word' id='word_1_322' title='bbox 2653 1935 2921 2002; x_wconf 85' lang='grc' dir='ltr'>ἵστανται,</span> <span class='ocrx_word' id='word_1_323' title='bbox 2949 1936 3045 1990; x_wconf 75' lang='grc' dir='ltr'>καὶ</span> <span class='ocrx_word' id='word_1_324' title='bbox 3076 1934 3239 2005; x_wconf 82' lang='grc' dir='ltr'>θέλῃς</span> <span class='ocrx_word' id='word_1_325' title='bbox 3260 1935 3429 1999; x_wconf 82' lang='grc' dir='ltr'>αὑτὰς</span> <span class='ocrx_word' id='word_1_326' title='bbox 3467 1933 3667 1993; x_wconf 64' lang='grc' dir='ltr'>διπλῶι</span> 
     </span>
    </p>
   </div>
   <div class='ocr_carea' id='block_1_50' title="bbox 2084 2023 3665 2097">
    <p class='ocr_par' dir='ltr' id='par_1_50' title="bbox 2084 2023 3665 2097">
     <span class='ocr_line' id='line_1_50' title="bbox 2084 2023 3665 2097; baseline 0.001 -21"><span class='ocrx_word' id='word_1_327' title='bbox 2084 2039 2195 2090; x_wconf 90' lang='grc' dir='ltr'>σαι,</span> <span class='ocrx_word' id='word_1_328' title='bbox 2227 2024 2480 2094; x_wconf 73' lang='grc' dir='ltr'>καὶπρὸς</span> <span class='ocrx_word' id='word_1_329' title='bbox 2524 2025 2803 2097; x_wconf 77' lang='grc' dir='ltr'>συμϐολὴν</span> <span class='ocrx_word' id='word_1_330' title='bbox 2841 2027 3279 2097; x_wconf 78' lang='grc' dir='ltr'>ίσχυροποιῆσαι,</span> <span class='ocrx_word' id='word_1_331' title='bbox 3311 2023 3665 2096; x_wconf 75' lang='grc' dir='ltr'>ἁρμοζόντως</span> 
     </span>
    </p>
   </div>
   <div class='ocr_carea' id='block_1_51' title="bbox 2081 2115 3664 2188">
    <p class='ocr_par' dir='ltr' id='par_1_51' title="bbox 2081 2115 3664 2188">
     <span class='ocr_line' id='line_1_51' title="bbox 2081 2115 3664 2188; baseline -0.002 -19"><span class='ocrx_word' id='word_1_332' title='bbox 2081 2116 2158 2187; x_wconf 83' lang='grc' dir='ltr'><strong>τῷ</strong></span> <span class='ocrx_word' id='word_1_333' title='bbox 2183 2115 2339 2186; x_wconf 88' lang='grc' dir='ltr'>βάθει</span> <span class='ocrx_word' id='word_1_334' title='bbox 2363 2117 2464 2186; x_wconf 84' lang='grc' dir='ltr'>τῆς</span> <span class='ocrx_word' id='word_1_335' title='bbox 2488 2116 2851 2188; x_wconf 83' lang='grc' dir='ltr'>παρατάξεως</span> <span class='ocrx_word' id='word_1_336' title='bbox 2880 2116 2989 2171; x_wconf 88' lang='grc' dir='ltr'><strong>τῶν</strong></span> <span class='ocrx_word' id='word_1_337' title='bbox 3020 2116 3301 2182; x_wconf 76' lang='grc' dir='ltr'>ἐναντίων,</span> <span class='ocrx_word' id='word_1_338' title='bbox 3326 2117 3421 2168; x_wconf 73' lang='grc' dir='ltr'>καὶ</span> <span class='ocrx_word' id='word_1_339' title='bbox 3448 2131 3664 2186; x_wconf 90' lang='grc' dir='ltr'>παραγ-</span> 
     </span>
    </p>
   </div>
   <div class='ocr_carea' id='block_1_52' title="bbox 2080 2200 3659 2279">
    <p class='ocr_par' dir='ltr' id='par_1_52' title="bbox 2080 2200 3659 2279">
     <span class='ocr_line' id='line_1_52' title="bbox 2080 2200 3659 2279; baseline -0.003 -18"><span class='ocrx_word' id='word_1_340' title='bbox 2080 2209 2281 2279; x_wconf 79' lang='grc' dir='ltr'>γέλλει,</span> <span class='ocrx_word' id='word_1_341' title='bbox 2318 2209 2561 2265; x_wconf 81' lang='grc' dir='ltr'>Εῐσελθε.</span> <span class='ocrx_word' id='word_1_342' title='bbox 2599 2200 2710 2265; x_wconf 63' lang='grc' dir='ltr'><strong>Καὶ</strong></span> <span class='ocrx_word' id='word_1_343' title='bbox 2767 2209 3007 2277; x_wconf 85' lang='grc' dir='ltr'>γίνονται</span> <span class='ocrx_word' id='word_1_344' title='bbox 3052 2207 3126 2278; x_wconf 85' lang='grc' dir='ltr'>η’.</span> <span class='ocrx_word' id='word_1_345' title='bbox 3163 2208 3228 2262; x_wconf 79' lang='grc' dir='ltr'><strong>Εἰ</strong></span> <span class='ocrx_word' id='word_1_346' title='bbox 3282 2206 3341 2259; x_wconf 79' lang='grc' dir='ltr'>δὲ</span> <span class='ocrx_word' id='word_1_347' title='bbox 3373 2205 3532 2278; x_wconf 86' lang='grc' dir='ltr'>θέλῃς</span> <span class='ocrx_word' id='word_1_348' title='bbox 3583 2203 3659 2269; x_wconf 84' lang='grc' dir='ltr'>ις’</span> 
     </span>
    </p>
   </div>
   <div class='ocr_carea' id='block_1_53' title="bbox 2081 2298 3666 2373">
    <p class='ocr_par' dir='ltr' id='par_1_53' title="bbox 2081 2298 3666 2373">
     <span class='ocr_line' id='line_1_53' title="bbox 2081 2298 3666 2373; baseline -0.003 -20"><span class='ocrx_word' id='word_1_349' title='bbox 2081 2301 2325 2369; x_wconf 86' lang='grc' dir='ltr'>ποιῆσαι,</span> <span class='ocrx_word' id='word_1_350' title='bbox 2351 2301 2513 2354; x_wconf 89' lang='grc' dir='ltr'>πάλιν</span> <span class='ocrx_word' id='word_1_351' title='bbox 2537 2300 2921 2373; x_wconf 84' lang='grc' dir='ltr'>παραγγέλλει·</span> <span class='ocrx_word' id='word_1_352' title='bbox 2945 2299 3184 2354; x_wconf 82' lang='grc' dir='ltr'>Εἵσελθε.</span> <span class='ocrx_word' id='word_1_353' title='bbox 3209 2298 3319 2353; x_wconf 80' lang='grc' dir='ltr'><strong>Καὶ</strong></span> <span class='ocrx_word' id='word_1_354' title='bbox 3344 2298 3666 2368; x_wconf 74' lang='grc' dir='ltr'>εἰσερχόμε-</span> 
     </span>
    </p>
   </div>
   <div class='ocr_carea' id='block_1_54' title="bbox 2082 2386 3667 2463">
    <p class='ocr_par' dir='ltr' id='par_1_54' title="bbox 2082 2386 3667 2463">
     <span class='ocr_line' id='line_1_54' title="bbox 2082 2386 3667 2463; baseline -0.004 -16"><span class='ocrx_word' id='word_1_355' title='bbox 2082 2410 2163 2447; x_wconf 92' lang='grc' dir='ltr'><strong>νοι</strong></span> <span class='ocrx_word' id='word_1_356' title='bbox 2196 2395 2276 2457; x_wconf 78' lang='grc' dir='ltr'><strong>είς</strong></span> <span class='ocrx_word' id='word_1_357' title='bbox 2293 2393 2420 2459; x_wconf 81' lang='grc' dir='ltr'>τοὺς</span> <span class='ocrx_word' id='word_1_358' title='bbox 2444 2394 2604 2457; x_wconf 87' lang='grc' dir='ltr'>ίδίους</span> <span class='ocrx_word' id='word_1_359' title='bbox 2634 2393 2832 2455; x_wconf 84' lang='grc' dir='ltr'>τόπους</span> <span class='ocrx_word' id='word_1_360' title='bbox 2862 2389 2942 2457; x_wconf 78' lang='grc' dir='ltr'>εἷς</span> <span class='ocrx_word' id='word_1_361' title='bbox 2966 2394 3095 2463; x_wconf 83' lang='grc' dir='ltr'>παρ’</span> <span class='ocrx_word' id='word_1_362' title='bbox 3120 2386 3198 2453; x_wconf 79' lang='grc' dir='ltr'>εἷς</span> <span class='ocrx_word' id='word_1_363' title='bbox 3220 2390 3538 2444; x_wconf 76' lang='grc' dir='ltr'>διπλοῦνται</span> <span class='ocrx_word' id='word_1_364' title='bbox 3566 2389 3667 2449; x_wconf 68' lang='grc' dir='ltr'>καὶ</span> 
     </span>
    </p>
   </div>
   <div class='ocr_carea' id='block_1_55' title="bbox 2080 2482 3666 2557">
    <p class='ocr_par' dir='ltr' id='par_1_55' title="bbox 2080 2482 3666 2557">
     <span class='ocr_line' id='line_1_55' title="bbox 2080 2482 3666 2557; baseline -0.004 -17"><span class='ocrx_word' id='word_1_365' title='bbox 2080 2488 2321 2557; x_wconf 87' lang='grc' dir='ltr'>γίνονται</span> <span class='ocrx_word' id='word_1_366' title='bbox 2352 2485 2451 2553; x_wconf 84' lang='grc' dir='ltr'>ις’,</span> <span class='ocrx_word' id='word_1_367' title='bbox 2486 2486 2685 2549; x_wconf 86' lang='grc' dir='ltr'>πάντες</span> <span class='ocrx_word' id='word_1_368' title='bbox 2710 2487 2791 2549; x_wconf 87' lang='grc' dir='ltr'><strong>είς</strong></span> <span class='ocrx_word' id='word_1_369' title='bbox 2810 2485 2867 2537; x_wconf 83' lang='grc' dir='ltr'>ἓν</span> <span class='ocrx_word' id='word_1_370' title='bbox 2905 2486 3090 2556; x_wconf 87' lang='grc' dir='ltr'>μέρος,</span> <span class='ocrx_word' id='word_1_371' title='bbox 3132 2486 3206 2548; x_wconf 82' lang='grc' dir='ltr'>ὡς</span> <span class='ocrx_word' id='word_1_372' title='bbox 3237 2483 3480 2553; x_wconf 76' lang='grc' dir='ltr'><strong>ἐξῆλθον.</strong></span> <span class='ocrx_word' id='word_1_373' title='bbox 3507 2483 3569 2535; x_wconf 81' lang='grc' dir='ltr'><strong>Εἰ</strong></span> <span class='ocrx_word' id='word_1_374' title='bbox 3606 2482 3666 2533; x_wconf 80' lang='grc' dir='ltr'>δὲ</span> 
     </span>
    </p>
   </div>
   <div class='ocr_carea' id='block_1_56' title="bbox 2080 2571 3663 2645">
    <p class='ocr_par' dir='ltr' id='par_1_56' title="bbox 2080 2571 3663 2645">
     <span class='ocr_line' id='line_1_56' title="bbox 2080 2571 3663 2645; baseline -0.006 -14"><span class='ocrx_word' id='word_1_375' title='bbox 2080 2578 2274 2642; x_wconf 87' lang='grc' dir='ltr'>θέλεις,</span> <span class='ocrx_word' id='word_1_376' title='bbox 2302 2579 2377 2641; x_wconf 87' lang='grc' dir='ltr'><strong>ὡς</strong></span> <span class='ocrx_word' id='word_1_377' title='bbox 2407 2578 2572 2641; x_wconf 80' lang='grc' dir='ltr'>εἰκὸς,</span> <span class='ocrx_word' id='word_1_378' title='bbox 2624 2577 2735 2630; x_wconf 80' lang='grc' dir='ltr'><strong>ἀπὸ</strong></span> <span class='ocrx_word' id='word_1_379' title='bbox 2758 2575 2835 2644; x_wconf 84' lang='grc' dir='ltr'>λβ¹</span> <span class='ocrx_word' id='word_1_380' title='bbox 2863 2576 2924 2628; x_wconf 83' lang='grc' dir='ltr'>τὸ</span> <span class='ocrx_word' id='word_1_381' title='bbox 2975 2574 3136 2645; x_wconf 80' lang='grc' dir='ltr'>βάθος</span> <span class='ocrx_word' id='word_1_382' title='bbox 3164 2573 3269 2627; x_wconf 87' lang='grc' dir='ltr'><strong>τῶν</strong></span> <span class='ocrx_word' id='word_1_383' title='bbox 3299 2571 3471 2625; x_wconf 87' lang='grc' dir='ltr'>ὰκιῶν</span> <span class='ocrx_word' id='word_1_384' title='bbox 3500 2572 3663 2638; x_wconf 80' lang='grc' dir='ltr'>ποιῆ-</span> 
     </span>
    </p>
   </div>
   <div class='ocr_carea' id='block_1_57' title="bbox 2081 2661 3664 2743">
    <p class='ocr_par' dir='ltr' id='par_1_57' title="bbox 2081 2661 3664 2743">
     <span class='ocr_line' id='line_1_57' title="bbox 2081 2661 3664 2743; baseline -0.007 -20"><span class='ocrx_word' id='word_1_385' title='bbox 2081 2687 2192 2734; x_wconf 88' lang='grc' dir='ltr'>σαι,</span> <span class='ocrx_word' id='word_1_386' title='bbox 2229 2672 2367 2743; x_wconf 84' lang='grc' dir='ltr'>ὅπερ</span> <span class='ocrx_word' id='word_1_387' title='bbox 2393 2672 2492 2722; x_wconf 84' lang='grc' dir='ltr'>οὐκ</span> <span class='ocrx_word' id='word_1_388' title='bbox 2518 2669 2632 2721; x_wconf 80' lang='grc' dir='ltr'>ἐστι</span> <span class='ocrx_word' id='word_1_389' title='bbox 2657 2668 2936 2739; x_wconf 84' lang='grc' dir='ltr'>χρειῶδες,</span> <span class='ocrx_word' id='word_1_390' title='bbox 2969 2665 3361 2735; x_wconf 78' lang='grc' dir='ltr'>παραγγέλλει,</span> <span class='ocrx_word' id='word_1_391' title='bbox 3400 2661 3458 2714; x_wconf 91' lang='lat'><strong>&#39;0</strong></span> <span class='ocrx_word' id='word_1_392' title='bbox 3482 2662 3664 2731; x_wconf 87' lang='grc' dir='ltr'>στίχος</span> 
     </span>
    </p>
   </div>
   <div class='ocr_carea' id='block_1_58' title="bbox 2079 2752 3661 2833">
    <p class='ocr_par' dir='ltr' id='par_1_58' title="bbox 2079 2752 3661 2833">
     <span class='ocr_line' id='line_1_58' title="bbox 2079 2752 3661 2833; baseline -0.008 -16"><span class='ocrx_word' id='word_1_393' title='bbox 2079 2765 2184 2818; x_wconf 77' lang='grc' dir='ltr'><strong>ὑπὸ</strong></span> <span class='ocrx_word' id='word_1_394' title='bbox 2213 2764 2304 2819; x_wconf 79' lang='grc' dir='ltr'>τὸν</span> <span class='ocrx_word' id='word_1_395' title='bbox 2368 2762 2570 2833; x_wconf 84' lang='grc' dir='ltr'>στίχον,</span> <span class='ocrx_word' id='word_1_396' title='bbox 2626 2763 2719 2814; x_wconf 74' lang='grc' dir='ltr'>καὶ</span> <span class='ocrx_word' id='word_1_397' title='bbox 2757 2758 3039 2812; x_wconf 82' lang='grc' dir='ltr'>διπλοῦται</span> <span class='ocrx_word' id='word_1_398' title='bbox 3078 2757 3279 2827; x_wconf 74' lang='grc' dir='ltr'>ὁμοίως</span> <span class='ocrx_word' id='word_1_399' title='bbox 3344 2754 3439 2808; x_wconf 69' lang='grc' dir='ltr'>καὶ</span> <span class='ocrx_word' id='word_1_400' title='bbox 3497 2752 3661 2823; x_wconf 80' lang='grc' dir='ltr'>βαθύ-</span> 
     </span>
    </p>
   </div>
   <div class='ocr_carea' id='block_1_59' title="bbox 2079 2846 3662 2927">
    <p class='ocr_par' dir='ltr' id='par_1_59' title="bbox 2079 2846 3662 2927">
     <span class='ocr_line' id='line_1_59' title="bbox 2079 2846 3662 2927; baseline -0.009 -16"><span class='ocrx_word' id='word_1_401' title='bbox 2079 2873 2228 2911; x_wconf 90' lang='grc' dir='ltr'>νεται</span> <span class='ocrx_word' id='word_1_402' title='bbox 2266 2855 2364 2927; x_wconf 73' lang='grc' dir='ltr'>μὲν</span> <span class='ocrx_word' id='word_1_403' title='bbox 2413 2856 2449 2927; x_wconf 81' lang='grc' dir='ltr'><strong>ἠ</strong></span> <span class='ocrx_word' id='word_1_404' title='bbox 2509 2851 2834 2925; x_wconf 81' lang='grc' dir='ltr'>παράταξις,</span> <span class='ocrx_word' id='word_1_405' title='bbox 2884 2848 3230 2905; x_wconf 86' lang='grc' dir='ltr'>συστέλλεται</span> <span class='ocrx_word' id='word_1_406' title='bbox 3279 2847 3336 2902; x_wconf 85' lang='grc' dir='ltr'>δὲ</span> <span class='ocrx_word' id='word_1_407' title='bbox 3377 2846 3438 2901; x_wconf 76' lang='grc' dir='ltr'>τὸ</span> <span class='ocrx_word' id='word_1_408' title='bbox 3485 2846 3662 2918; x_wconf 81' lang='grc' dir='ltr'>μῆκος</span> 
     </span>
    </p>
   </div>
   <div class='ocr_carea' id='block_1_60' title="bbox 2078 2948 2272 3019">
    <p class='ocr_par' dir='ltr' id='par_1_60' title="bbox 2078 2948 2272 3019">
     <span class='ocr_line' id='line_1_60' title="bbox 2078 2948 2272 3019; baseline 0.005 -16"><span class='ocrx_word' id='word_1_409' title='bbox 2078 2948 2272 3019; x_wconf 76' lang='grc' dir='ltr'>αὐτῆς.</span> 
     </span>
    </p>
   </div>
   <div class='ocr_carea' id='block_1_61' title="bbox 451 3117 1974 3202">
    <p class='ocr_par' dir='ltr' id='par_1_61' title="bbox 451 3126 1968 3197">
     <span class='ocr_line' id='line_1_61' title="bbox 451 3126 1968 3197; baseline 0.001 -16"><span class='ocrx_word' id='word_1_410' title='bbox 451 3127 545 3181; x_wconf 77' lang='grc'><strong>84.</strong></span> <span class='ocrx_word' id='word_1_411' title='bbox 570 3126 953 3191; x_wconf 86' lang='lat' dir='ltr'><strong>Contrahitur,</strong></span> <span class='ocrx_word' id='word_1_412' title='bbox 1004 3129 1224 3197; x_wconf 88' lang='lat' dir='ltr'><strong>quando</strong></span> <span class='ocrx_word' id='word_1_413' title='bbox 1251 3128 1564 3182; x_wconf 87' lang='lat' dir='ltr'><strong>ambulante</strong></span> <span class='ocrx_word' id='word_1_414' title='bbox 1617 3129 1673 3183; x_wconf 90' lang='lat' dir='ltr'><strong>in</strong></span> <span class='ocrx_word' id='word_1_415' title='bbox 1703 3130 1968 3184; x_wconf 89' lang='lat' dir='ltr'><strong>directum</strong></span> 
     </span>
    </p>
   </div>
   <div class='ocr_carea' id='block_1_62' title="bbox 2084 3117 3659 3202">
    <p class='ocr_par' dir='ltr' id='par_1_62' title="bbox 2156 3117 3659 3191">
     <span class='ocr_line' id='line_1_62' title="bbox 2156 3117 3659 3191; baseline -0.013 -2"><span class='ocrx_word' id='word_1_416' title='bbox 2156 3135 2260 3190; x_wconf 66' lang='grc' dir='ltr'>ηδ’.</span> <span class='ocrx_word' id='word_1_417' title='bbox 2290 3130 2731 3187; x_wconf 77' lang='grc' dir='ltr'>Μεταϐάλλονται</span> <span class='ocrx_word' id='word_1_418' title='bbox 2760 3128 2912 3191; x_wconf 82' lang='grc' dir='ltr'>ὅταν,</span> <span class='ocrx_word' id='word_1_419' title='bbox 2938 3125 3024 3178; x_wconf 77' lang='grc' dir='ltr'><strong>ἐπ’</strong></span> <span class='ocrx_word' id='word_1_420' title='bbox 3052 3121 3268 3185; x_wconf 76' lang='grc' dir='ltr'>εὐθείας</span> <span class='ocrx_word' id='word_1_421' title='bbox 3319 3117 3659 3190; x_wconf 83' lang='grc' dir='ltr'>περιπατού-</span> 
     </span>
    </p>
   </div>
   <div class='ocr_carea' id='block_1_63' title="bbox 389 3216 1970 3287">
    <p class='ocr_par' dir='ltr' id='par_1_63' title="bbox 389 3216 1970 3287">
     <span class='ocr_line' id='line_1_63' title="bbox 389 3216 1970 3287; baseline 0.001 -16"><span class='ocrx_word' id='word_1_422' title='bbox 389 3217 657 3283; x_wconf 83' lang='lat' dir='ltr'><strong>exercitu,</strong></span> <span class='ocrx_word' id='word_1_423' title='bbox 690 3232 799 3271; x_wconf 91' lang='lat' dir='ltr'><strong>non</strong></span> <span class='ocrx_word' id='word_1_424' title='bbox 828 3226 953 3271; x_wconf 88' lang='lat' dir='ltr'><strong>ante</strong></span> <span class='ocrx_word' id='word_1_425' title='bbox 978 3219 1097 3286; x_wconf 89' lang='lat' dir='ltr'><strong>ejus</strong></span> <span class='ocrx_word' id='word_1_426' title='bbox 1127 3229 1483 3287; x_wconf 83' lang='lat' dir='ltr'><strong>conspectum</strong></span> <span class='ocrx_word' id='word_1_427' title='bbox 1514 3216 1699 3273; x_wconf 79' lang='lat' dir='ltr'><strong>hostes</strong></span> <span class='ocrx_word' id='word_1_428' title='bbox 1725 3221 1970 3285; x_wconf 83' lang='lat' dir='ltr'><strong>veniunt,</strong></span> 
     </span>
    </p>
   </div>
   <div class='ocr_carea' id='block_1_64' title="bbox 390 3307 1973 3380">
    <p class='ocr_par' dir='ltr' id='par_1_64' title="bbox 390 3307 1973 3380">
     <span class='ocr_line' id='line_1_64' title="bbox 390 3307 1973 3380; baseline -0.001 -15"><span class='ocrx_word' id='word_1_429' title='bbox 390 3311 484 3365; x_wconf 84' lang='lat' dir='ltr'><strong>sed</strong></span> <span class='ocrx_word' id='word_1_430' title='bbox 521 3325 548 3362; x_wconf 89' lang='lat' dir='ltr'><strong>a</strong></span> <span class='ocrx_word' id='word_1_431' title='bbox 574 3319 750 3380; x_wconf 80' lang='lat' dir='ltr'><strong>tergo.</strong></span> <span class='ocrx_word' id='word_1_432' title='bbox 792 3307 931 3362; x_wconf 90' lang='lat' dir='ltr'><strong>Tum</strong></span> <span class='ocrx_word' id='word_1_433' title='bbox 968 3310 1013 3365; x_wconf 88' lang='lat' dir='ltr'><strong>si</strong></span> <span class='ocrx_word' id='word_1_434' title='bbox 1040 3308 1298 3376; x_wconf 84' lang='lat' dir='ltr'><strong>frontem,</strong></span> <span class='ocrx_word' id='word_1_435' title='bbox 1342 3310 1397 3363; x_wconf 89' lang='lat' dir='ltr'><strong>id</strong></span> <span class='ocrx_word' id='word_1_436' title='bbox 1427 3318 1531 3375; x_wconf 90' lang='lat' dir='ltr'><strong>est,</strong></span> <span class='ocrx_word' id='word_1_437' title='bbox 1563 3311 1825 3380; x_wconf 83' lang='lat' dir='ltr'><strong>lochagos</strong></span> <span class='ocrx_word' id='word_1_438' title='bbox 1856 3311 1973 3365; x_wconf 80' lang='lat' dir='ltr'><strong>sive</strong></span> 
     </span>
    </p>
   </div>
   <div class='ocr_carea' id='block_1_65' title="bbox 390 3401 1974 3472">
    <p class='ocr_par' dir='ltr' id='par_1_65' title="bbox 390 3401 1974 3472">
     <span class='ocr_line' id='line_1_65' title="bbox 390 3401 1974 3472; baseline 0.001 -17"><span class='ocrx_word' id='word_1_439' title='bbox 390 3402 659 3472; x_wconf 62' lang='lat' dir='ltr'><strong>prmstites</strong></span> <span class='ocrx_word' id='word_1_440' title='bbox 691 3401 931 3457; x_wconf 86' lang='lat' dir='ltr'><strong>sedecim</strong></span> <span class='ocrx_word' id='word_1_441' title='bbox 971 3402 1216 3456; x_wconf 79' lang='lat' dir='ltr'><strong>virorum</strong></span> <span class='ocrx_word' id='word_1_442' title='bbox 1275 3402 1576 3457; x_wconf 86' lang='lat' dir='ltr'><strong>transferre</strong></span> <span class='ocrx_word' id='word_1_443' title='bbox 1600 3404 1801 3472; x_wconf 48' lang='lat' dir='ltr'><strong>cupis,</strong></span> <span class='ocrx_word' id='word_1_444' title='bbox 1834 3418 1974 3472; x_wconf 60' lang='lat' dir='ltr'><strong>prte-</strong></span> 
     </span>
    </p>
   </div>
   <div class='ocr_carea' id='block_1_66' title="bbox 388 3492 1973 3562">
    <p class='ocr_par' dir='ltr' id='par_1_66' title="bbox 388 3492 1973 3562">
     <span class='ocr_line' id='line_1_66' title="bbox 388 3492 1973 3562; baseline 0 -14"><span class='ocrx_word' id='word_1_445' title='bbox 388 3496 510 3562; x_wconf 83' lang='lat' dir='ltr'><strong>cipe</strong></span> <span class='ocrx_word' id='word_1_446' title='bbox 540 3495 607 3549; x_wconf 87' lang='lat' dir='ltr'><strong>ad</strong></span> <span class='ocrx_word' id='word_1_447' title='bbox 643 3497 789 3548; x_wconf 88' lang='lat' dir='ltr'><strong>hunc</strong></span> <span class='ocrx_word' id='word_1_448' title='bbox 830 3494 1051 3547; x_wconf 85' lang='lat' dir='ltr'><strong>modum</strong></span> <span class='ocrx_word' id='word_1_449' title='bbox 1082 3511 1096 3548; x_wconf 91' lang='lat'><strong>:</strong></span> <span class='ocrx_word' id='word_1_450' title='bbox 1152 3493 1501 3558; x_wconf 83' lang='grc' dir='ltr'>Μετάλλαξον</span> <span class='ocrx_word' id='word_1_451' title='bbox 1550 3492 1643 3546; x_wconf 84' lang='grc' dir='ltr'>τὸν</span> <span class='ocrx_word' id='word_1_452' title='bbox 1676 3495 1862 3558; x_wconf 87' lang='grc' dir='ltr'>τόπον,</span> <span class='ocrx_word' id='word_1_453' title='bbox 1919 3493 1973 3548; x_wconf 88' lang='lat' dir='ltr'><strong>id</strong></span> 
     </span>
    </p>
   </div>
   <div class='ocr_carea' id='block_1_67' title="bbox 388 3587 1973 3651">
    <p class='ocr_par' dir='ltr' id='par_1_67' title="bbox 388 3587 1973 3651">
     <span class='ocr_line' id='line_1_67' title="bbox 388 3587 1973 3651; baseline 0.001 -9"><span class='ocrx_word' id='word_1_454' title='bbox 388 3597 492 3651; x_wconf 82' lang='lat' dir='ltr'><strong>est,</strong></span> <span class='ocrx_word' id='word_1_455' title='bbox 536 3589 827 3642; x_wconf 83' lang='lat' dir='ltr'><strong>Commuta</strong></span> <span class='ocrx_word' id='word_1_456' title='bbox 871 3588 1094 3640; x_wconf 89' lang='lat' dir='ltr'><strong>locum:</strong></span> <span class='ocrx_word' id='word_1_457' title='bbox 1141 3596 1197 3640; x_wconf 90' lang='lat' dir='ltr'><strong>et</strong></span> <span class='ocrx_word' id='word_1_458' title='bbox 1242 3587 1586 3641; x_wconf 88' lang='lat' dir='ltr'><strong>altitudinem</strong></span> <span class='ocrx_word' id='word_1_459' title='bbox 1629 3587 1973 3643; x_wconf 86' lang='lat' dir='ltr'><strong>contubernii</strong></span> 
     </span>
    </p>
   </div>
   <div class='ocr_carea' id='block_1_68' title="bbox 396 3679 1973 3749">
    <p class='ocr_par' dir='ltr' id='par_1_68' title="bbox 396 3679 1973 3749">
     <span class='ocr_line' id='line_1_68' title="bbox 396 3679 1973 3749; baseline -0.001 -14"><span class='ocrx_word' id='word_1_460' title='bbox 396 3690 754 3735; x_wconf 85' lang='lat' dir='ltr'><strong>transeuntes</strong></span> <span class='ocrx_word' id='word_1_461' title='bbox 781 3679 995 3749; x_wconf 77' lang='lat' dir='ltr'><strong>lochagi</strong></span> <span class='ocrx_word' id='word_1_462' title='bbox 1030 3679 1147 3733; x_wconf 87' lang='lat' dir='ltr'><strong>sive</strong></span> <span class='ocrx_word' id='word_1_463' title='bbox 1177 3680 1858 3749; x_wconf 73' lang='lat' dir='ltr'><strong>przestites,compluribus</strong></span> <span class='ocrx_word' id='word_1_464' title='bbox 1879 3695 1973 3734; x_wconf 90' lang='lat' dir='ltr'><strong>eos</strong></span> 
     </span>
    </p>
   </div>
   <div class='ocr_carea' id='block_1_69' title="bbox 390 3771 1972 3843">
    <p class='ocr_par' dir='ltr' id='par_1_69' title="bbox 390 3771 1972 3843">
     <span class='ocr_line' id='line_1_69' title="bbox 390 3771 1972 3843; baseline -0.003 -16"><span class='ocrx_word' id='word_1_465' title='bbox 390 3772 769 3843; x_wconf 84' lang='lat' dir='ltr'><strong>sequentibus,</strong></span> <span class='ocrx_word' id='word_1_466' title='bbox 805 3771 1043 3826; x_wconf 88' lang='lat' dir='ltr'><strong>frontem</strong></span> <span class='ocrx_word' id='word_1_467' title='bbox 1089 3787 1289 3826; x_wconf 89' lang='lat' dir='ltr'><strong>novam</strong></span> <span class='ocrx_word' id='word_1_468' title='bbox 1327 3788 1391 3827; x_wconf 85' lang='lat' dir='ltr'><strong>ex</strong></span> <span class='ocrx_word' id='word_1_469' title='bbox 1452 3773 1683 3827; x_wconf 87' lang='lat' dir='ltr'><strong>adverso</strong></span> <span class='ocrx_word' id='word_1_470' title='bbox 1734 3773 1972 3827; x_wconf 88' lang='lat' dir='ltr'><strong>hostium</strong></span> 
     </span>
    </p>
   </div>
   <div class='ocr_carea' id='block_1_70' title="bbox 389 3863 1975 3922">
    <p class='ocr_par' dir='ltr' id='par_1_70' title="bbox 389 3863 1975 3922">
     <span class='ocr_line' id='line_1_70' title="bbox 389 3863 1975 3922; baseline 0.002 -5"><span class='ocrx_word' id='word_1_471' title='bbox 389 3864 748 3919; x_wconf 83' lang='lat' dir='ltr'><strong>constituant.</strong></span> <span class='ocrx_word' id='word_1_472' title='bbox 788 3863 903 3918; x_wconf 85' lang='lat' dir='ltr'><strong>lloc</strong></span> <span class='ocrx_word' id='word_1_473' title='bbox 936 3874 1062 3919; x_wconf 84' lang='lat' dir='ltr'><strong>ante</strong></span> <span class='ocrx_word' id='word_1_474' title='bbox 1093 3863 1471 3919; x_wconf 55' lang='lat' dir='ltr'><strong>dens-stionem</strong></span> <span class='ocrx_word' id='word_1_475' title='bbox 1489 3868 1762 3922; x_wconf 81' lang='lat' dir='ltr'><strong>exercitus</strong></span> <span class='ocrx_word' id='word_1_476' title='bbox 1784 3867 1975 3922; x_wconf 89' lang='lat' dir='ltr'><strong>sedulo</strong></span> 
     </span>
    </p>
   </div>
   <div class='ocr_carea' id='block_1_71' title="bbox 388 3955 1976 4027">
    <p class='ocr_par' dir='ltr' id='par_1_71' title="bbox 388 3955 1976 4027">
     <span class='ocr_line' id='line_1_71' title="bbox 388 3955 1976 4027; baseline 0.001 -17"><span class='ocrx_word' id='word_1_477' title='bbox 388 3958 504 4010; x_wconf 85' lang='lat' dir='ltr'><strong>liat.</strong></span> <span class='ocrx_word' id='word_1_478' title='bbox 528 3955 582 4009; x_wconf 91' lang='lat' dir='ltr'><strong>Si</strong></span> <span class='ocrx_word' id='word_1_479' title='bbox 603 3956 714 4025; x_wconf 85' lang='lat' dir='ltr'><strong>jam</strong></span> <span class='ocrx_word' id='word_1_480' title='bbox 748 3956 1082 4011; x_wconf 87' lang='lat' dir='ltr'><strong>addensatus</strong></span> <span class='ocrx_word' id='word_1_481' title='bbox 1113 3956 1591 4022; x_wconf 79' lang='lat' dir='ltr'><strong>fueritexercitus,</strong></span> <span class='ocrx_word' id='word_1_482' title='bbox 1612 3966 1666 4011; x_wconf 91' lang='lat' dir='ltr'><strong>et</strong></span> <span class='ocrx_word' id='word_1_483' title='bbox 1697 3958 1800 4013; x_wconf 92' lang='lat' dir='ltr'><strong>hoc</strong></span> <span class='ocrx_word' id='word_1_484' title='bbox 1828 3957 1976 4027; x_wconf 88' lang='lat' dir='ltr'><strong>quod</strong></span> 
     </span>
    </p>
   </div>
   <div class='ocr_carea' id='block_1_72' title="bbox 388 4048 1972 4121">
    <p class='ocr_par' dir='ltr' id='par_1_72' title="bbox 388 4048 1972 4121">
     <span class='ocr_line' id='line_1_72' title="bbox 388 4048 1972 4121; baseline 0.001 -17"><span class='ocrx_word' id='word_1_485' title='bbox 388 4065 554 4118; x_wconf 76' lang='lat' dir='ltr'><strong>supta</strong></span> <span class='ocrx_word' id='word_1_486' title='bbox 586 4062 948 4103; x_wconf 84' lang='lat' dir='ltr'><strong>memoratum</strong></span> <span class='ocrx_word' id='word_1_487' title='bbox 978 4057 1081 4112; x_wconf 84' lang='lat' dir='ltr'><strong>est,</strong></span> <span class='ocrx_word' id='word_1_488' title='bbox 1116 4048 1409 4103; x_wconf 85' lang='lat' dir='ltr'><strong>commode</strong></span> <span class='ocrx_word' id='word_1_489' title='bbox 1452 4048 1566 4105; x_wconf 82' lang='lat' dir='ltr'><strong>ﬁeri</strong></span> <span class='ocrx_word' id='word_1_490' title='bbox 1602 4065 1710 4105; x_wconf 86' lang='lat' dir='ltr'><strong>non</strong></span> <span class='ocrx_word' id='word_1_491' title='bbox 1775 4061 1972 4121; x_wconf 87' lang='lat' dir='ltr'><strong>potest,</strong></span> 
     </span>
    </p>
   </div>
   <div class='ocr_carea' id='block_1_73' title="bbox 387 4136 1975 4208">
    <p class='ocr_par' dir='ltr' id='par_1_73' title="bbox 387 4136 1975 4208">
     <span class='ocr_line' id='line_1_73' title="bbox 387 4136 1975 4208; baseline 0.003 -18"><span class='ocrx_word' id='word_1_492' title='bbox 387 4138 576 4199; x_wconf 86' lang='lat' dir='ltr'><strong>dicito,</strong></span> <span class='ocrx_word' id='word_1_493' title='bbox 594 4136 1115 4207; x_wconf 84' lang='grc' dir='ltr'>Μετασχημάτισον,</span> <span class='ocrx_word' id='word_1_494' title='bbox 1162 4136 1338 4201; x_wconf 86' lang='lat' dir='ltr'><strong>idest,</strong></span> <span class='ocrx_word' id='word_1_495' title='bbox 1367 4136 1637 4192; x_wconf 83' lang='lat' dir='ltr'><strong>Converte</strong></span> <span class='ocrx_word' id='word_1_496' title='bbox 1664 4154 1678 4203; x_wconf 88' lang='lat'><strong>;</strong></span> <span class='ocrx_word' id='word_1_497' title='bbox 1708 4149 1762 4193; x_wconf 88' lang='lat' dir='ltr'><strong>et</strong></span> <span class='ocrx_word' id='word_1_498' title='bbox 1783 4155 1975 4208; x_wconf 80' lang='lat' dir='ltr'><strong>quem-</strong></span> 
     </span>
    </p>
   </div>
   <div class='ocr_carea' id='block_1_74' title="bbox 387 4228 1972 4297">
    <p class='ocr_par' dir='ltr' id='par_1_74' title="bbox 387 4228 1972 4297">
     <span class='ocr_line' id='line_1_74' title="bbox 387 4228 1972 4297; baseline 0.003 -14"><span class='ocrx_word' id='word_1_499' title='bbox 387 4228 681 4285; x_wconf 77' lang='lat' dir='ltr'><strong>admodum</strong></span> <span class='ocrx_word' id='word_1_500' title='bbox 740 4239 865 4283; x_wconf 82' lang='lat' dir='ltr'><strong>ante</strong></span> <span class='ocrx_word' id='word_1_501' title='bbox 914 4233 1134 4284; x_wconf 87' lang='lat' dir='ltr'><strong>stabant</strong></span> <span class='ocrx_word' id='word_1_502' title='bbox 1174 4230 1459 4297; x_wconf 85' lang='lat' dir='ltr'><strong>conversi,</strong></span> <span class='ocrx_word' id='word_1_503' title='bbox 1507 4232 1685 4286; x_wconf 88' lang='lat' dir='ltr'><strong>solum</strong></span> <span class='ocrx_word' id='word_1_504' title='bbox 1731 4232 1799 4286; x_wconf 92' lang='lat' dir='ltr'><strong>ad</strong></span> <span class='ocrx_word' id='word_1_505' title='bbox 1856 4241 1972 4287; x_wconf 84' lang='lat' dir='ltr'><strong>ter-</strong></span> 
     </span>
    </p>
   </div>
   <div class='ocr_carea' id='block_1_75' title="bbox 388 4321 1973 4393">
    <p class='ocr_par' dir='ltr' id='par_1_75' title="bbox 388 4321 1973 4393">
     <span class='ocr_line' id='line_1_75' title="bbox 388 4321 1973 4393; baseline 0.004 -21"><span class='ocrx_word' id='word_1_506' title='bbox 388 4338 516 4393; x_wconf 74' lang='lat' dir='ltr'><strong>gum</strong></span> <span class='ocrx_word' id='word_1_507' title='bbox 542 4332 839 4375; x_wconf 79' lang='lat' dir='ltr'><strong>extremam</strong></span> <span class='ocrx_word' id='word_1_508' title='bbox 873 4321 1047 4375; x_wconf 89' lang='lat' dir='ltr'><strong>aciem</strong></span> <span class='ocrx_word' id='word_1_509' title='bbox 1079 4322 1397 4392; x_wconf 84' lang='lat' dir='ltr'><strong>respiciant,</strong></span> <span class='ocrx_word' id='word_1_510' title='bbox 1443 4324 1670 4391; x_wconf 70' lang='lat' dir='ltr'><strong>lochago</strong></span> <span class='ocrx_word' id='word_1_511' title='bbox 1693 4325 1806 4377; x_wconf 89' lang='lat' dir='ltr'><strong>sive</strong></span> <span class='ocrx_word' id='word_1_512' title='bbox 1833 4339 1973 4388; x_wconf 65' lang='lat' dir='ltr'><strong>prae-</strong></span> 
     </span>
    </p>
   </div>
   <div class='ocr_carea' id='block_1_76' title="bbox 389 4415 1971 4483">
    <p class='ocr_par' dir='ltr' id='par_1_76' title="bbox 389 4415 1971 4483">
     <span class='ocr_line' id='line_1_76' title="bbox 389 4415 1971 4483; baseline 0.001 -14"><span class='ocrx_word' id='word_1_513' title='bbox 389 4416 517 4469; x_wconf 85' lang='lat' dir='ltr'><strong>stite</strong></span> <span class='ocrx_word' id='word_1_514' title='bbox 552 4415 604 4467; x_wconf 91' lang='lat' dir='ltr'><strong>in</strong></span> <span class='ocrx_word' id='word_1_515' title='bbox 641 4415 972 4468; x_wconf 85' lang='lat' dir='ltr'><strong>anteriorem</strong></span> <span class='ocrx_word' id='word_1_516' title='bbox 1030 4425 1241 4483; x_wconf 85' lang='lat' dir='ltr'><strong>partem</strong></span> <span class='ocrx_word' id='word_1_517' title='bbox 1273 4416 1501 4470; x_wconf 92' lang='lat' dir='ltr'><strong>minime</strong></span> <span class='ocrx_word' id='word_1_518' title='bbox 1541 4424 1842 4483; x_wconf 84' lang='lat' dir='ltr'><strong>spectante,</strong></span> <span class='ocrx_word' id='word_1_519' title='bbox 1877 4416 1971 4471; x_wconf 89' lang='lat' dir='ltr'><strong>sed</strong></span> 
     </span>
    </p>
   </div>
   <div class='ocr_carea' id='block_1_77' title="bbox 2081 3209 3662 3296">
    <p class='ocr_par' dir='ltr' id='par_1_77' title="bbox 2081 3209 3662 3296">
     <span class='ocr_line' id='line_1_77' title="bbox 2081 3209 3662 3296; baseline -0.013 -16"><span class='ocrx_word' id='word_1_520' title='bbox 2081 3244 2182 3296; x_wconf 89' lang='grc' dir='ltr'><strong>σης</strong></span> <span class='ocrx_word' id='word_1_521' title='bbox 2233 3225 2333 3292; x_wconf 84' lang='grc' dir='ltr'>τῆς</span> <span class='ocrx_word' id='word_1_522' title='bbox 2388 3222 2773 3293; x_wconf 86' lang='grc' dir='ltr'>παρατάξεως,</span> <span class='ocrx_word' id='word_1_523' title='bbox 2810 3218 3011 3290; x_wconf 81' lang='grc' dir='ltr'>μηκέτι</span> <span class='ocrx_word' id='word_1_524' title='bbox 3041 3216 3108 3269; x_wconf 84' lang='grc' dir='ltr'><strong>δι’</strong></span> <span class='ocrx_word' id='word_1_525' title='bbox 3135 3214 3309 3283; x_wconf 73' lang='grc' dir='ltr'>ὅψεως</span> <span class='ocrx_word' id='word_1_526' title='bbox 3338 3210 3564 3264; x_wconf 77' lang='grc' dir='ltr'>ἔλθωσιν</span> <span class='ocrx_word' id='word_1_527' title='bbox 3611 3209 3662 3260; x_wconf 70' lang='grc' dir='ltr'>οἱ</span> 
     </span>
    </p>
   </div>
   <div class='ocr_carea' id='block_1_78' title="bbox 2077 3303 3663 3392">
    <p class='ocr_par' dir='ltr' id='par_1_78' title="bbox 2077 3303 3663 3392">
     <span class='ocr_line' id='line_1_78' title="bbox 2077 3303 3663 3392; baseline -0.012 -18"><span class='ocrx_word' id='word_1_528' title='bbox 2077 3320 2286 3392; x_wconf 76' lang='grc' dir='ltr'>ἐχθροὶ,</span> <span class='ocrx_word' id='word_1_529' title='bbox 2316 3318 2452 3372; x_wconf 76' lang='grc' dir='ltr'>ἀλλὰ</span> <span class='ocrx_word' id='word_1_530' title='bbox 2476 3318 2585 3370; x_wconf 80' lang='grc' dir='ltr'><strong>ἀπὸ</strong></span> <span class='ocrx_word' id='word_1_531' title='bbox 2621 3315 2844 3369; x_wconf 72' lang='grc' dir='ltr'>ὄπισθεν</span> <span class='ocrx_word' id='word_1_532' title='bbox 2906 3311 3098 3380; x_wconf 81' lang='grc' dir='ltr'>αὐτῆς.</span> <span class='ocrx_word' id='word_1_533' title='bbox 3154 3307 3266 3361; x_wconf 76' lang='grc' dir='ltr'><strong>Καὶ</strong></span> <span class='ocrx_word' id='word_1_534' title='bbox 3312 3306 3379 3359; x_wconf 84' lang='grc' dir='ltr'>ἂν</span> <span class='ocrx_word' id='word_1_535' title='bbox 3443 3305 3542 3373; x_wconf 81' lang='grc' dir='ltr'>μὲν</span> <span class='ocrx_word' id='word_1_536' title='bbox 3598 3303 3663 3355; x_wconf 82' lang='grc' dir='ltr'>τὸ</span> 
     </span>
    </p>
   </div>
   <div class='ocr_carea' id='block_1_79' title="bbox 2081 3395 3660 3485">
    <p class='ocr_par' dir='ltr' id='par_1_79' title="bbox 2081 3395 3660 3485">
     <span class='ocr_line' id='line_1_79' title="bbox 2081 3395 3660 3485; baseline -0.014 -16"><span class='ocrx_word' id='word_1_537' title='bbox 2081 3415 2361 3485; x_wconf 84' lang='grc' dir='ltr'>μέτωπον,</span> <span class='ocrx_word' id='word_1_538' title='bbox 2395 3411 2515 3480; x_wconf 72' lang='grc' dir='ltr'>ἦτοι</span> <span class='ocrx_word' id='word_1_539' title='bbox 2546 3410 2670 3471; x_wconf 82' lang='grc' dir='ltr'>τοὺς</span> <span class='ocrx_word' id='word_1_540' title='bbox 2701 3406 2987 3476; x_wconf 82' lang='grc' dir='ltr'>λοχαγοὺς,</span> <span class='ocrx_word' id='word_1_541' title='bbox 3016 3403 3141 3465; x_wconf 78' lang='grc' dir='ltr'>τοὺς</span> <span class='ocrx_word' id='word_1_542' title='bbox 3190 3400 3287 3453; x_wconf 69' lang='grc' dir='ltr'>καὶ</span> <span class='ocrx_word' id='word_1_543' title='bbox 3336 3395 3660 3468; x_wconf 81' lang='grc' dir='ltr'>πρωτοστά-</span> 
     </span>
    </p>
   </div>
   <div class='ocr_carea' id='block_1_80' title="bbox 2076 3487 3661 3571">
    <p class='ocr_par' dir='ltr' id='par_1_80' title="bbox 2076 3487 3661 3571">
     <span class='ocr_line' id='line_1_80' title="bbox 2076 3487 3661 3571; baseline -0.013 -13"><span class='ocrx_word' id='word_1_544' title='bbox 2076 3522 2196 3570; x_wconf 83' lang='grc' dir='ltr'>τας,</span> <span class='ocrx_word' id='word_1_545' title='bbox 2248 3502 2474 3556; x_wconf 73' lang='grc' dir='ltr'>ὅπισθεν</span> <span class='ocrx_word' id='word_1_546' title='bbox 2523 3499 2684 3571; x_wconf 80' lang='grc' dir='ltr'>θέλῃς</span> <span class='ocrx_word' id='word_1_547' title='bbox 2743 3496 3090 3567; x_wconf 80' lang='grc' dir='ltr'>μετενεγκεῖν</span> <span class='ocrx_word' id='word_1_548' title='bbox 3142 3491 3250 3546; x_wconf 79' lang='grc' dir='ltr'><strong>ἀπὸ</strong></span> <span class='ocrx_word' id='word_1_549' title='bbox 3316 3487 3389 3553; x_wconf 82' lang='grc' dir='ltr'>ις’</span> <span class='ocrx_word' id='word_1_550' title='bbox 3445 3487 3661 3557; x_wconf 85' lang='grc' dir='ltr'>ἀνδρῶν</span> 
     </span>
    </p>
   </div>
   <div class='ocr_carea' id='block_1_81' title="bbox 2076 3579 3661 3663">
    <p class='ocr_par' dir='ltr' id='par_1_81' title="bbox 2076 3579 3661 3663">
     <span class='ocr_line' id='line_1_81' title="bbox 2076 3579 3661 3663; baseline -0.013 -14"><span class='ocrx_word' id='word_1_551' title='bbox 2076 3599 2228 3658; x_wconf 77' lang='grc' dir='ltr'>δντος</span> <span class='ocrx_word' id='word_1_552' title='bbox 2255 3594 2351 3646; x_wconf 76' lang='grc' dir='ltr'>τοῦ</span> <span class='ocrx_word' id='word_1_553' title='bbox 2378 3592 2599 3663; x_wconf 81' lang='grc' dir='ltr'>βάθους,</span> <span class='ocrx_word' id='word_1_554' title='bbox 2629 3586 3019 3659; x_wconf 81' lang='grc' dir='ltr'>παραγγέλλει,</span> <span class='ocrx_word' id='word_1_555' title='bbox 3063 3581 3408 3645; x_wconf 85' lang='grc' dir='ltr'>Μετάλλαξον</span> <span class='ocrx_word' id='word_1_556' title='bbox 3435 3581 3524 3633; x_wconf 80' lang='grc' dir='ltr'>τὸν</span> <span class='ocrx_word' id='word_1_557' title='bbox 3569 3579 3661 3630; x_wconf 66' lang='grc' dir='ltr'>τόν</span> 
     </span>
    </p>
   </div>
   <div class='ocr_carea' id='block_1_82' title="bbox 2080 3670 3659 3752">
    <p class='ocr_par' dir='ltr' id='par_1_82' title="bbox 2080 3670 3659 3752">
     <span class='ocr_line' id='line_1_82' title="bbox 2080 3670 3659 3752; baseline -0.012 -11"><span class='ocrx_word' id='word_1_558' title='bbox 2080 3705 2202 3751; x_wconf 88' lang='grc' dir='ltr'>πον,</span> <span class='ocrx_word' id='word_1_559' title='bbox 2232 3686 2326 3741; x_wconf 56' lang='grc' dir='ltr'><strong>καὶ¹</strong></span> <span class='ocrx_word' id='word_1_560' title='bbox 2354 3684 2442 3739; x_wconf 77' lang='grc' dir='ltr'>διὰ</span> <span class='ocrx_word' id='word_1_561' title='bbox 2469 3680 2563 3736; x_wconf 77' lang='grc' dir='ltr'>τοῦ</span> <span class='ocrx_word' id='word_1_562' title='bbox 2592 3680 2787 3752; x_wconf 82' lang='grc' dir='ltr'>βάθους</span> <span class='ocrx_word' id='word_1_563' title='bbox 2811 3678 2919 3732; x_wconf 88' lang='grc' dir='ltr'><strong>τῶν</strong></span> <span class='ocrx_word' id='word_1_564' title='bbox 2949 3676 3123 3731; x_wconf 86' lang='grc' dir='ltr'>άκιῶν</span> <span class='ocrx_word' id='word_1_565' title='bbox 3153 3673 3556 3745; x_wconf 74' lang='grc' dir='ltr'>παρερχόμενοι</span> <span class='ocrx_word' id='word_1_566' title='bbox 3607 3670 3659 3723; x_wconf 79' lang='grc' dir='ltr'>οἱ</span> 
     </span>
    </p>
   </div>
   <div class='ocr_carea' id='block_1_83' title="bbox 2077 3761 3659 3848">
    <p class='ocr_par' dir='ltr' id='par_1_83' title="bbox 2077 3761 3659 3848">
     <span class='ocr_line' id='line_1_83' title="bbox 2077 3761 3659 3848; baseline -0.012 -16"><span class='ocrx_word' id='word_1_567' title='bbox 2077 3778 2301 3848; x_wconf 72' lang='grc' dir='ltr'>λοχαγοὶ</span> <span class='ocrx_word' id='word_1_568' title='bbox 2341 3777 2587 3829; x_wconf 80' lang='grc' dir='ltr'>ἵστανται</span> <span class='ocrx_word' id='word_1_569' title='bbox 2634 3775 2714 3836; x_wconf 86' lang='grc' dir='ltr'><strong>είς</strong></span> <span class='ocrx_word' id='word_1_570' title='bbox 2764 3768 3094 3840; x_wconf 86' lang='grc' dir='ltr'>παράταξιν,</span> <span class='ocrx_word' id='word_1_571' title='bbox 3124 3761 3659 3819; x_wconf 75' lang='grc' dir='ltr'>συνακολουθούντων</span> 
     </span>
    </p>
   </div>
   <div class='ocr_carea' id='block_1_84' title="bbox 2077 3853 3660 3932">
    <p class='ocr_par' dir='ltr' id='par_1_84' title="bbox 2077 3853 3660 3932">
     <span class='ocr_line' id='line_1_84' title="bbox 2077 3853 3660 3932; baseline -0.011 -9"><span class='ocrx_word' id='word_1_572' title='bbox 2077 3872 2261 3932; x_wconf 77' lang='grc' dir='ltr'>αὐτοῖς</span> <span class='ocrx_word' id='word_1_573' title='bbox 2282 3867 2509 3921; x_wconf 79' lang='grc' dir='ltr'>καὶτῶν</span> <span class='ocrx_word' id='word_1_574' title='bbox 2551 3864 2776 3930; x_wconf 87' lang='grc' dir='ltr'>λοιπῶν,</span> <span class='ocrx_word' id='word_1_575' title='bbox 2815 3864 2910 3915; x_wconf 76' lang='grc' dir='ltr'>καὶ</span> <span class='ocrx_word' id='word_1_576' title='bbox 2975 3857 3404 3930; x_wconf 79' lang='grc' dir='ltr'>μεταϐάλλονται</span> <span class='ocrx_word' id='word_1_577' title='bbox 3439 3854 3497 3908; x_wconf 80' lang='grc' dir='ltr'>τὸ</span> <span class='ocrx_word' id='word_1_578' title='bbox 3530 3853 3660 3924; x_wconf 84' lang='grc' dir='ltr'>μέτ-</span> 
     </span>
    </p>
   </div>
   <div class='ocr_carea' id='block_1_85' title="bbox 2078 3946 3659 4027">
    <p class='ocr_par' dir='ltr' id='par_1_85' title="bbox 2078 3946 3659 4027">
     <span class='ocr_line' id='line_1_85' title="bbox 2078 3946 3659 4027; baseline -0.013 -9"><span class='ocrx_word' id='word_1_579' title='bbox 2078 3981 2230 4018; x_wconf 76' lang='grc' dir='ltr'>ωπον</span> <span class='ocrx_word' id='word_1_580' title='bbox 2248 3962 2342 4017; x_wconf 67' lang='grc' dir='ltr'><strong>ἐπὶ</strong></span> <span class='ocrx_word' id='word_1_581' title='bbox 2361 3962 2484 4022; x_wconf 81' lang='grc' dir='ltr'>τοὺς</span> <span class='ocrx_word' id='word_1_582' title='bbox 2498 3958 2790 4027; x_wconf 83' lang='grc' dir='ltr'>πολεμίους</span> <span class='ocrx_word' id='word_1_583' title='bbox 2821 3953 3121 4015; x_wconf 78' lang='grc' dir='ltr'>ποιοῦντες.</span> <span class='ocrx_word' id='word_1_584' title='bbox 3150 3949 3323 4004; x_wconf 83' lang='grc' dir='ltr'>Τοῦτο</span> <span class='ocrx_word' id='word_1_585' title='bbox 3346 3948 3401 4000; x_wconf 86' lang='grc' dir='ltr'>δὲ</span> <span class='ocrx_word' id='word_1_586' title='bbox 3425 3948 3531 4017; x_wconf 77' lang='grc' dir='ltr'>πρὸ</span> <span class='ocrx_word' id='word_1_587' title='bbox 3558 3946 3659 4016; x_wconf 85' lang='grc' dir='ltr'>τῆς</span> 
     </span>
    </p>
   </div>
   <div class='ocr_carea' id='block_1_86' title="bbox 2080 4038 3659 4119">
    <p class='ocr_par' dir='ltr' id='par_1_86' title="bbox 2080 4038 3659 4119">
     <span class='ocr_line' id='line_1_86' title="bbox 2080 4038 3659 4119; baseline -0.012 -11"><span class='ocrx_word' id='word_1_588' title='bbox 2080 4051 2416 4115; x_wconf 84' lang='grc' dir='ltr'>πυκνώσεως</span> <span class='ocrx_word' id='word_1_589' title='bbox 2452 4048 2778 4119; x_wconf 79' lang='grc' dir='ltr'>ἐπιτηδείως</span> <span class='ocrx_word' id='word_1_590' title='bbox 2807 4045 3039 4113; x_wconf 88' lang='grc' dir='ltr'>γίνεται.</span> <span class='ocrx_word' id='word_1_591' title='bbox 3075 4042 3138 4095; x_wconf 75' lang='lat' dir='ltr'><strong>Ei</strong></span> <span class='ocrx_word' id='word_1_592' title='bbox 3192 4040 3248 4093; x_wconf 83' lang='grc' dir='ltr'>δὲ</span> <span class='ocrx_word' id='word_1_593' title='bbox 3298 4038 3659 4093; x_wconf 81' lang='grc' dir='ltr'>πεπύκνωται</span> 
     </span>
    </p>
   </div>
   <div class='ocr_carea' id='block_1_87' title="bbox 2078 4132 3658 4212">
    <p class='ocr_par' dir='ltr' id='par_1_87' title="bbox 2078 4132 3658 4212">
     <span class='ocr_line' id='line_1_87' title="bbox 2078 4132 3658 4212; baseline -0.011 -12"><span class='ocrx_word' id='word_1_594' title='bbox 2078 4147 2172 4200; x_wconf 72' lang='grc' dir='ltr'>καὶ</span> <span class='ocrx_word' id='word_1_595' title='bbox 2205 4146 2266 4201; x_wconf 82' lang='grc' dir='ltr'>οὺ</span> <span class='ocrx_word' id='word_1_596' title='bbox 2303 4142 2563 4212; x_wconf 75' lang='grc' dir='ltr'>συφθάζει</span> <span class='ocrx_word' id='word_1_597' title='bbox 2591 4140 2852 4210; x_wconf 77' lang='grc' dir='ltr'>ἁρμόσαι,</span> <span class='ocrx_word' id='word_1_598' title='bbox 2909 4132 3301 4207; x_wconf 89' lang='grc' dir='ltr'>παραγγέλλει,</span> <span class='ocrx_word' id='word_1_599' title='bbox 3360 4132 3658 4201; x_wconf 85' lang='grc' dir='ltr'>Μετασχη-</span> 
     </span>
    </p>
   </div>
   <div class='ocr_carea' id='block_1_88' title="bbox 2081 4222 3658 4310">
    <p class='ocr_par' dir='ltr' id='par_1_88' title="bbox 2081 4222 3658 4310">
     <span class='ocr_line' id='line_1_88' title="bbox 2081 4222 3658 4310; baseline -0.011 -17"><span class='ocrx_word' id='word_1_600' title='bbox 2081 4239 2331 4310; x_wconf 85' lang='grc' dir='ltr'>μάτισον,</span> <span class='ocrx_word' id='word_1_601' title='bbox 2362 4237 2456 4289; x_wconf 71' lang='grc' dir='ltr'>καὶ</span> <span class='ocrx_word' id='word_1_602' title='bbox 2484 4234 2836 4305; x_wconf 71' lang='grc' dir='ltr'>στρεφόμενοι</span> <span class='ocrx_word' id='word_1_603' title='bbox 2869 4230 2945 4291; x_wconf 81' lang='grc' dir='ltr'>ὡς</span> <span class='ocrx_word' id='word_1_604' title='bbox 2968 4229 3213 4280; x_wconf 85' lang='grc' dir='ltr'>ἵστανται</span> <span class='ocrx_word' id='word_1_605' title='bbox 3268 4222 3658 4280; x_wconf 77' lang='grc' dir='ltr'>ἁντιὸλέπουσι</span> 
     </span>
    </p>
   </div>
   <div class='ocr_carea' id='block_1_89' title="bbox 2078 4313 3656 4396">
    <p class='ocr_par' dir='ltr' id='par_1_89' title="bbox 2078 4313 3656 4396">
     <span class='ocr_line' id='line_1_89' title="bbox 2078 4313 3656 4396; baseline -0.012 -11"><span class='ocrx_word' id='word_1_606' title='bbox 2078 4333 2218 4385; x_wconf 79' lang='grc' dir='ltr'>κατὰ</span> <span class='ocrx_word' id='word_1_607' title='bbox 2238 4330 2334 4384; x_wconf 75' lang='grc' dir='ltr'><strong>τοῦ</strong></span> <span class='ocrx_word' id='word_1_608' title='bbox 2362 4327 2749 4396; x_wconf 66' lang='grc' dir='ltr'>νώτου,“ἥγουν</span> <span class='ocrx_word' id='word_1_609' title='bbox 2778 4325 2839 4376; x_wconf 76' lang='grc' dir='ltr'>τὸ</span> <span class='ocrx_word' id='word_1_610' title='bbox 2868 4322 3045 4375; x_wconf 83' lang='grc' dir='ltr'>ὀπίσω</span> <span class='ocrx_word' id='word_1_611' title='bbox 3097 4319 3282 4390; x_wconf 80' lang='grc' dir='ltr'>μέρος,</span> <span class='ocrx_word' id='word_1_612' title='bbox 3325 4316 3511 4369; x_wconf 81' lang='grc' dir='ltr'>οὐκέτι</span> <span class='ocrx_word' id='word_1_613' title='bbox 3558 4313 3656 4367; x_wconf 76' lang='grc' dir='ltr'>τοῦ</span> 
     </span>
    </p>
   </div>
   <div class='ocr_carea' id='block_1_90' title="bbox 2062 4404 3661 4492">
    <p class='ocr_par' dir='ltr' id='par_1_90' title="bbox 2062 4404 3661 4492">
     <span class='ocr_line' id='line_1_90' title="bbox 2062 4404 3661 4492; baseline -0.009 -19"><span class='ocrx_word' id='word_1_614' title='bbox 2062 4420 2312 4492; x_wconf 69' lang='grc' dir='ltr'>λοχαγοῦ</span> <span class='ocrx_word' id='word_1_615' title='bbox 2346 4417 2655 4489; x_wconf 77' lang='grc' dir='ltr'>ἔμπροσθεν</span> <span class='ocrx_word' id='word_1_616' title='bbox 2712 4412 3130 4486; x_wconf 80' lang='grc' dir='ltr'>εὑρισκομένου,</span> <span class='ocrx_word' id='word_1_617' title='bbox 3176 4408 3315 4465; x_wconf 78' lang='grc' dir='ltr'>ἀλλὰ</span> <span class='ocrx_word' id='word_1_618' title='bbox 3342 4406 3436 4460; x_wconf 81' lang='grc' dir='ltr'>τοῦ</span> <span class='ocrx_word' id='word_1_619' title='bbox 3467 4404 3529 4471; x_wconf 84' lang='grc' dir='ltr'>ἓξ</span> <span class='ocrx_word' id='word_1_620' title='bbox 3560 4406 3661 4459; x_wconf 73' lang='grc' dir='ltr'>καὶ</span> 
     </span>
    </p>
   </div>
   <div class='ocr_carea' id='block_1_91' title="bbox 388 4481 1974 4579">
    <p class='ocr_par' dir='ltr' id='par_1_91' title="bbox 388 4481 1964 4578">
     <span class='ocr_line' id='line_1_91' title="bbox 388 4481 1964 4578; baseline -0.001 -18"><span class='ocrx_word' id='word_1_621' title='bbox 388 4508 655 4561; x_wconf 86' lang='lat' dir='ltr'><strong>nltimano</strong></span> <span class='ocrx_word' id='word_1_622' title='bbox 677 4508 788 4577; x_wconf 87' lang='lat' dir='ltr'><strong>jam</strong></span> <span class='ocrx_word' id='word_1_623' title='bbox 820 4508 874 4560; x_wconf 90' lang='lat' dir='ltr'><strong>in</strong></span> <span class='ocrx_word' id='word_1_624' title='bbox 909 4481 1088 4561; x_wconf 79' lang='lat' dir='ltr'><strong>fronte</strong></span> <span class='ocrx_word' id='word_1_625' title='bbox 1121 4508 1448 4574; x_wconf 82' lang='lat' dir='ltr'><strong>constituto,</strong></span> <span class='ocrx_word' id='word_1_626' title='bbox 1483 4481 1647 4577; x_wconf 84' lang='lat' dir='ltr'><strong>quem</strong></span> <span class='ocrx_word' id='word_1_627' title='bbox 1708 4507 1964 4578; x_wconf 82' lang='grc' dir='ltr'>οὐραγόν,</span> 
     </span>
    </p>
   </div>
   <div class='ocr_carea' id='block_1_92' title="bbox 2084 4481 2581 4579">
    <p class='ocr_par' dir='ltr' id='par_1_92' title="bbox 2084 4508 2581 4579">
     <span class='ocr_line' id='line_1_92' title="bbox 2084 4508 2581 4579; baseline -0.006 -14"><span class='ocrx_word' id='word_1_628' title='bbox 2084 4511 2299 4565; x_wconf 71' lang='grc' dir='ltr'>δεκάτου</span> <span class='ocrx_word' id='word_1_629' title='bbox 2324 4513 2382 4563; x_wconf 81' lang='grc' dir='ltr'>οὐ</span> <span class='ocrx_word' id='word_1_630' title='bbox 2392 4508 2581 4579; x_wconf 85' lang='grc' dir='ltr'>ραγοῦ.</span> 
     </span>
    </p>
   </div>
   <div class='ocr_carea' id='block_1_93' title="bbox 385 4601 1255 4664">
    <p class='ocr_par' dir='ltr' id='par_1_93' title="bbox 385 4601 1255 4664">
     <span class='ocr_line' id='line_1_93' title="bbox 385 4601 1255 4664; baseline -0.001 -8"><span class='ocrx_word' id='word_1_631' title='bbox 385 4601 439 4656; x_wconf 86' lang='lat' dir='ltr'><strong>id</strong></span> <span class='ocrx_word' id='word_1_632' title='bbox 473 4609 576 4664; x_wconf 89' lang='lat' dir='ltr'><strong>est,</strong></span> <span class='ocrx_word' id='word_1_633' title='bbox 616 4601 923 4655; x_wconf 86' lang='lat' dir='ltr'><strong>caudanum</strong></span> <span class='ocrx_word' id='word_1_634' title='bbox 952 4601 1255 4655; x_wconf 89' lang='lat' dir='ltr'><strong>nominant.</strong></span> 
     </span>
    </p>
   </div>
   <div class='ocr_carea' id='block_1_94' title="bbox 457 4691 1965 4762">
    <p class='ocr_par' dir='ltr' id='par_1_94' title="bbox 457 4691 1965 4762">
     <span class='ocr_line' id='line_1_94' title="bbox 457 4691 1965 4762; baseline -0.001 -12"><span class='ocrx_word' id='word_1_635' title='bbox 457 4694 544 4750; x_wconf 80' lang='lat'><strong>85.</strong></span> <span class='ocrx_word' id='word_1_636' title='bbox 574 4691 699 4747; x_wconf 69' lang='lat' dir='ltr'><strong>Haec</strong></span> <span class='ocrx_word' id='word_1_637' title='bbox 728 4694 894 4762; x_wconf 81' lang='lat' dir='ltr'><strong>igitur</strong></span> <span class='ocrx_word' id='word_1_638' title='bbox 919 4692 1366 4757; x_wconf 83' lang='lat' dir='ltr'><strong>exercitationes,</strong></span> <span class='ocrx_word' id='word_1_639' title='bbox 1398 4700 1513 4746; x_wconf 90' lang='lat' dir='ltr'><strong>tum</strong></span> <span class='ocrx_word' id='word_1_640' title='bbox 1540 4694 1657 4761; x_wconf 88' lang='lat' dir='ltr'><strong>ipso</strong></span> <span class='ocrx_word' id='word_1_641' title='bbox 1674 4692 1799 4747; x_wconf 92' lang='lat' dir='ltr'><strong>belli</strong></span> <span class='ocrx_word' id='word_1_642' title='bbox 1825 4702 1965 4749; x_wconf 83' lang='lat' dir='ltr'><strong>tem-</strong></span> 
     </span>
    </p>
   </div>
   <div class='ocr_carea' id='block_1_95' title="bbox 383 4786 1971 4857">
    <p class='ocr_par' dir='ltr' id='par_1_95' title="bbox 383 4786 1971 4857">
     <span class='ocr_line' id='line_1_95' title="bbox 383 4786 1971 4857; baseline 0 -17"><span class='ocrx_word' id='word_1_643' title='bbox 383 4802 517 4857; x_wconf 89' lang='lat' dir='ltr'><strong>pore</strong></span> <span class='ocrx_word' id='word_1_644' title='bbox 546 4787 769 4840; x_wconf 85' lang='lat' dir='ltr'><strong>militem</strong></span> <span class='ocrx_word' id='word_1_645' title='bbox 803 4793 1053 4854; x_wconf 87' lang='lat' dir='ltr'><strong>paratum</strong></span> <span class='ocrx_word' id='word_1_646' title='bbox 1079 4795 1133 4839; x_wconf 89' lang='lat' dir='ltr'><strong>et</strong></span> <span class='ocrx_word' id='word_1_647' title='bbox 1162 4787 1429 4840; x_wconf 89' lang='lat' dir='ltr'><strong>idoneum</strong></span> <span class='ocrx_word' id='word_1_648' title='bbox 1452 4786 1681 4850; x_wconf 86' lang='lat' dir='ltr'><strong>ellicere,</strong></span> <span class='ocrx_word' id='word_1_649' title='bbox 1709 4794 1824 4840; x_wconf 90' lang='lat' dir='ltr'><strong>tum</strong></span> <span class='ocrx_word' id='word_1_650' title='bbox 1845 4797 1971 4840; x_wconf 88' lang='lat' dir='ltr'><strong>ante</strong></span> 
     </span>
    </p>
   </div>
   <div class='ocr_carea' id='block_1_96' title="bbox 384 4878 1971 4946">
    <p class='ocr_par' dir='ltr' id='par_1_96' title="bbox 384 4878 1971 4946">
     <span class='ocr_line' id='line_1_96' title="bbox 384 4878 1971 4946; baseline 0.001 -15"><span class='ocrx_word' id='word_1_651' title='bbox 384 4887 601 4946; x_wconf 85' lang='lat' dir='ltr'><strong>tempus</strong></span> <span class='ocrx_word' id='word_1_652' title='bbox 638 4878 786 4944; x_wconf 90' lang='lat' dir='ltr'><strong>belli,</strong></span> <span class='ocrx_word' id='word_1_653' title='bbox 825 4881 945 4932; x_wconf 89' lang='lat' dir='ltr'><strong>sine</strong></span> <span class='ocrx_word' id='word_1_654' title='bbox 1002 4878 1153 4933; x_wconf 88' lang='lat' dir='ltr'><strong>ferro</strong></span> <span class='ocrx_word' id='word_1_655' title='bbox 1194 4879 1366 4934; x_wconf 88' lang='lat' dir='ltr'><strong>armis</strong></span> <span class='ocrx_word' id='word_1_656' title='bbox 1421 4880 1546 4933; x_wconf 89' lang='lat' dir='ltr'><strong>aliis</strong></span> <span class='ocrx_word' id='word_1_657' title='bbox 1576 4879 1643 4932; x_wconf 87' lang='lat' dir='ltr'><strong>ad</strong></span> <span class='ocrx_word' id='word_1_658' title='bbox 1700 4881 1971 4934; x_wconf 79' lang='lat' dir='ltr'><strong>exercita-</strong></span> 
     </span>
    </p>
   </div>
   <div class='ocr_carea' id='block_1_97' title="bbox 386 4969 1970 5034">
    <p class='ocr_par' dir='ltr' id='par_1_97' title="bbox 386 4969 1970 5034">
     <span class='ocr_line' id='line_1_97' title="bbox 386 4969 1970 5034; baseline 0.003 -13"><span class='ocrx_word' id='word_1_659' title='bbox 386 4969 589 5024; x_wconf 87' lang='lat' dir='ltr'><strong>tionem</strong></span> <span class='ocrx_word' id='word_1_660' title='bbox 622 4970 857 5034; x_wconf 86' lang='lat' dir='ltr'><strong>idoneis,</strong></span> <span class='ocrx_word' id='word_1_661' title='bbox 894 4971 961 5026; x_wconf 86' lang='lat' dir='ltr'><strong>ad</strong></span> <span class='ocrx_word' id='word_1_662' title='bbox 1000 4986 1193 5025; x_wconf 84' lang='lat' dir='ltr'><strong>omnes</strong></span> <span class='ocrx_word' id='word_1_663' title='bbox 1227 4971 1432 5027; x_wconf 85' lang='lat' dir='ltr'><strong>formas</strong></span> <span class='ocrx_word' id='word_1_664' title='bbox 1474 4972 1970 5027; x_wconf 46' lang='lat' dir='ltr'><strong>bellicorum’mo-</strong></span> 
     </span>
    </p>
   </div>
   <div class='ocr_carea' id='block_1_98' title="bbox 386 5064 1971 5136">
    <p class='ocr_par' dir='ltr' id='par_1_98' title="bbox 386 5064 1971 5136">
     <span class='ocr_line' id='line_1_98' title="bbox 386 5064 1971 5136; baseline 0.004 -21"><span class='ocrx_word' id='word_1_665' title='bbox 386 5071 566 5128; x_wconf 91' lang='lat' dir='ltr'><strong>tuum,</strong></span> <span class='ocrx_word' id='word_1_666' title='bbox 598 5071 652 5116; x_wconf 91' lang='lat' dir='ltr'><strong>et</strong></span> <span class='ocrx_word' id='word_1_667' title='bbox 689 5064 754 5117; x_wconf 89' lang='lat' dir='ltr'><strong>ad</strong></span> <span class='ocrx_word' id='word_1_668' title='bbox 783 5078 1004 5119; x_wconf 88' lang='lat' dir='ltr'><strong>omnem</strong></span> <span class='ocrx_word' id='word_1_669' title='bbox 1036 5065 1436 5120; x_wconf 87' lang='lat' dir='ltr'><strong>institutionem</strong></span> <span class='ocrx_word' id='word_1_670' title='bbox 1462 5064 1808 5120; x_wconf 84' lang='lat' dir='ltr'><strong>assuefacere</strong></span> <span class='ocrx_word' id='word_1_671' title='bbox 1845 5080 1971 5136; x_wconf 80' lang='lat' dir='ltr'><strong>pos-</strong></span> 
     </span>
    </p>
   </div>
   <div class='ocr_carea' id='block_1_99' title="bbox 384 5155 1974 5226">
    <p class='ocr_par' dir='ltr' id='par_1_99' title="bbox 384 5155 1974 5226">
     <span class='ocr_line' id='line_1_99' title="bbox 384 5155 1974 5226; baseline 0.003 -14"><span class='ocrx_word' id='word_1_672' title='bbox 384 5169 534 5212; x_wconf 88' lang='lat' dir='ltr'><strong>sunt.</strong></span> <span class='ocrx_word' id='word_1_673' title='bbox 576 5155 832 5226; x_wconf 83' lang='lat' dir='ltr'><strong>lngenue,</strong></span> <span class='ocrx_word' id='word_1_674' title='bbox 875 5158 994 5213; x_wconf 91' lang='lat' dir='ltr'><strong>sine</strong></span> <span class='ocrx_word' id='word_1_675' title='bbox 1057 5159 1212 5213; x_wconf 86' lang='lat' dir='ltr'><strong>turba</strong></span> <span class='ocrx_word' id='word_1_676' title='bbox 1241 5169 1295 5213; x_wconf 89' lang='lat' dir='ltr'><strong>et</strong></span> <span class='ocrx_word' id='word_1_677' title='bbox 1326 5159 1564 5213; x_wconf 88' lang='lat' dir='ltr'><strong>tumultu</strong></span> <span class='ocrx_word' id='word_1_678' title='bbox 1601 5160 1748 5223; x_wconf 90' lang='lat' dir='ltr'><strong>liant,</strong></span> <span class='ocrx_word' id='word_1_679' title='bbox 1783 5159 1974 5216; x_wconf 69' lang='lat' dir='ltr'><strong>divisis</strong></span> 
     </span>
    </p>
   </div>
   <div class='ocr_carea' id='block_1_100' title="bbox 384 5250 1975 5317">
    <p class='ocr_par' dir='ltr' id='par_1_100' title="bbox 384 5250 1975 5317">
     <span class='ocr_line' id='line_1_100' title="bbox 384 5250 1975 5317; baseline 0.002 -12"><span class='ocrx_word' id='word_1_680' title='bbox 384 5251 465 5305; x_wconf 89' lang='lat' dir='ltr'><strong>sic</strong></span> <span class='ocrx_word' id='word_1_681' title='bbox 494 5250 637 5304; x_wconf 87' lang='lat' dir='ltr'><strong>inter</strong></span> <span class='ocrx_word' id='word_1_682' title='bbox 670 5265 729 5305; x_wconf 87' lang='lat' dir='ltr'><strong>se</strong></span> <span class='ocrx_word' id='word_1_683' title='bbox 769 5251 1119 5317; x_wconf 88' lang='lat' dir='ltr'><strong>cohortibus,</strong></span> <span class='ocrx_word' id='word_1_684' title='bbox 1164 5262 1223 5306; x_wconf 92' lang='lat' dir='ltr'><strong>ut</strong></span> <span class='ocrx_word' id='word_1_685' title='bbox 1268 5252 1406 5307; x_wconf 89' lang='lat' dir='ltr'><strong>duas</strong></span> <span class='ocrx_word' id='word_1_686' title='bbox 1442 5252 1544 5306; x_wconf 92' lang='lat' dir='ltr'><strong>sibi</strong></span> <span class='ocrx_word' id='word_1_687' title='bbox 1591 5260 1783 5307; x_wconf 89' lang='lat' dir='ltr'><strong>mutuo</strong></span> <span class='ocrx_word' id='word_1_688' title='bbox 1828 5254 1975 5308; x_wconf 87' lang='lat' dir='ltr'><strong>acies</strong></span> 
     </span>
    </p>
   </div>
   <div class='ocr_carea' id='block_1_101' title="bbox 383 5340 1969 5414">
    <p class='ocr_par' dir='ltr' id='par_1_101' title="bbox 383 5340 1969 5414">
     <span class='ocr_line' id='line_1_101' title="bbox 383 5340 1969 5414; baseline 0.002 -19"><span class='ocrx_word' id='word_1_689' title='bbox 383 5342 662 5411; x_wconf 86' lang='lat' dir='ltr'><strong>oppositas</strong></span> <span class='ocrx_word' id='word_1_690' title='bbox 689 5340 912 5408; x_wconf 85' lang='lat' dir='ltr'><strong>faciant,</strong></span> <span class='ocrx_word' id='word_1_691' title='bbox 939 5344 1054 5399; x_wconf 90' lang='lat' dir='ltr'><strong>sive</strong></span> <span class='ocrx_word' id='word_1_692' title='bbox 1077 5359 1143 5399; x_wconf 79' lang='lat' dir='ltr'><strong>ex</strong></span> <span class='ocrx_word' id='word_1_693' title='bbox 1181 5358 1290 5400; x_wconf 88' lang='lat' dir='ltr'><strong>una</strong></span> <span class='ocrx_word' id='word_1_694' title='bbox 1323 5344 1569 5409; x_wconf 88' lang='lat' dir='ltr'><strong>cohorte,</strong></span> <span class='ocrx_word' id='word_1_695' title='bbox 1602 5342 1716 5399; x_wconf 77' lang='lat' dir='ltr'><strong>sive</strong></span> <span class='ocrx_word' id='word_1_696' title='bbox 1751 5359 1815 5400; x_wconf 84' lang='lat' dir='ltr'><strong>ex</strong></span> <span class='ocrx_word' id='word_1_697' title='bbox 1844 5343 1969 5414; x_wconf 84' lang='lat' dir='ltr'><strong>plu-</strong></span> 
     </span>
    </p>
   </div>
   <div class='ocr_carea' id='block_1_102' title="bbox 384 5435 1632 5492">
    <p class='ocr_par' dir='ltr' id='par_1_102' title="bbox 384 5435 1632 5492">
     <span class='ocr_line' id='line_1_102' title="bbox 384 5435 1632 5492; baseline -0.004 -2"><span class='ocrx_word' id='word_1_698' title='bbox 384 5436 536 5490; x_wconf 83' lang='lat' dir='ltr'><strong>ribus</strong></span> <span class='ocrx_word' id='word_1_699' title='bbox 566 5438 649 5492; x_wconf 84' lang='lat' dir='ltr'><strong>hae</strong></span> <span class='ocrx_word' id='word_1_700' title='bbox 676 5435 823 5492; x_wconf 85' lang='lat' dir='ltr'><strong>acies</strong></span> <span class='ocrx_word' id='word_1_701' title='bbox 856 5436 1216 5491; x_wconf 75' lang='lat' dir='ltr'><strong>instruantur.</strong></span> <span class='ocrx_word' id='word_1_702' title='bbox 1622 5447 1632 5455; x_wconf 90' lang='grc'>·</span> 
     </span>
    </p>
   </div>
   <div class='ocr_carea' id='block_1_103' title="bbox 451 5526 1967 5598">
    <p class='ocr_par' dir='ltr' id='par_1_103' title="bbox 451 5526 1967 5598">
     <span class='ocr_line' id='line_1_103' title="bbox 451 5526 1967 5598; baseline 0 -15"><span class='ocrx_word' id='word_1_703' title='bbox 451 5528 541 5583; x_wconf 75' lang='grc'><strong>86.</strong></span> <span class='ocrx_word' id='word_1_704' title='bbox 570 5527 686 5583; x_wconf 83' lang='grc' dir='ltr'>Νοη</span> <span class='ocrx_word' id='word_1_705' title='bbox 716 5530 906 5598; x_wconf 80' lang='lat' dir='ltr'><strong>ignoro</strong></span> <span class='ocrx_word' id='word_1_706' title='bbox 930 5536 1111 5582; x_wconf 89' lang='lat' dir='ltr'><strong>autem</strong></span> <span class='ocrx_word' id='word_1_707' title='bbox 1131 5527 1267 5583; x_wconf 88' lang='lat' dir='ltr'><strong>alias</strong></span> <span class='ocrx_word' id='word_1_708' title='bbox 1290 5526 1552 5597; x_wconf 87' lang='lat' dir='ltr'><strong>quasdam</strong></span> <span class='ocrx_word' id='word_1_709' title='bbox 1576 5527 1967 5598; x_wconf 71' lang='lat' dir='ltr'><strong>prarceptioncs</strong></span> 
     </span>
    </p>
   </div>
   <div class='ocr_carea' id='block_1_104' title="bbox 385 5614 1967 5687">
    <p class='ocr_par' dir='ltr' id='par_1_104' title="bbox 385 5614 1967 5687">
     <span class='ocr_line' id='line_1_104' title="bbox 385 5614 1967 5687; baseline 0.003 -22"><span class='ocrx_word' id='word_1_710' title='bbox 385 5614 917 5687; x_wconf 81' lang='lat' dir='ltr'><strong>exercitationesque</strong></span> <span class='ocrx_word' id='word_1_711' title='bbox 946 5625 1189 5671; x_wconf 90' lang='lat' dir='ltr'><strong>motuum</strong></span> <span class='ocrx_word' id='word_1_712' title='bbox 1225 5617 1445 5685; x_wconf 85' lang='lat' dir='ltr'><strong>scriptis</strong></span> <span class='ocrx_word' id='word_1_713' title='bbox 1495 5632 1559 5671; x_wconf 89' lang='lat' dir='ltr'><strong>ac</strong></span> <span class='ocrx_word' id='word_1_714' title='bbox 1598 5617 1796 5671; x_wconf 88' lang='lat' dir='ltr'><strong>litteris</strong></span> <span class='ocrx_word' id='word_1_715' title='bbox 1842 5631 1967 5671; x_wconf 90' lang='lat' dir='ltr'><strong>esse</strong></span> 
     </span>
    </p>
   </div>
   <div class='ocr_carea' id='block_1_105' title="bbox 388 5695 1964 5776">
    <p class='ocr_par' dir='ltr' id='par_1_105' title="bbox 388 5695 1964 5776">
     <span class='ocr_line' id='line_1_105' title="bbox 388 5695 1964 5776; baseline 0.005 -21"><span class='ocrx_word' id='word_1_716' title='bbox 388 5704 655 5771; x_wconf 86' lang='lat' dir='ltr'><strong>proditas,</strong></span> <span class='ocrx_word' id='word_1_717' title='bbox 688 5718 802 5762; x_wconf 89' lang='lat' dir='ltr'><strong>tum</strong></span> <span class='ocrx_word' id='word_1_718' title='bbox 834 5695 909 5761; x_wconf 40' lang='lat' dir='ltr'><strong>ab.</strong></span> <span class='ocrx_word' id='word_1_719' title='bbox 932 5708 1076 5773; x_wconf 88' lang='lat' dir='ltr'><strong>aliis,</strong></span> <span class='ocrx_word' id='word_1_720' title='bbox 1108 5716 1224 5761; x_wconf 88' lang='lat' dir='ltr'><strong>tum</strong></span> <span class='ocrx_word' id='word_1_721' title='bbox 1261 5709 1607 5776; x_wconf 78' lang='lat' dir='ltr'><strong>potissimum</strong></span> <span class='ocrx_word' id='word_1_722' title='bbox 1645 5709 1712 5762; x_wconf 84' lang='lat' dir='ltr'><strong>ab</strong></span> <span class='ocrx_word' id='word_1_723' title='bbox 1743 5707 1964 5763; x_wconf 59' lang='lat' dir='ltr'><strong>zEliano</strong></span> 
     </span>
    </p>
   </div>
   <div class='ocr_carea' id='block_1_106' title="bbox 390 5794 1967 5865">
    <p class='ocr_par' dir='ltr' id='par_1_106' title="bbox 390 5794 1967 5865">
     <span class='ocr_line' id='line_1_106' title="bbox 390 5794 1967 5865; baseline 0.007 -19"><span class='ocrx_word' id='word_1_724' title='bbox 390 5801 443 5847; x_wconf 87' lang='lat' dir='ltr'><strong>ct</strong></span> <span class='ocrx_word' id='word_1_725' title='bbox 472 5794 727 5859; x_wconf 83' lang='lat' dir='ltr'><strong>Arriano.</strong></span> <span class='ocrx_word' id='word_1_726' title='bbox 758 5799 1088 5860; x_wconf 88' lang='lat' dir='ltr'><strong>quibuscum</strong></span> <span class='ocrx_word' id='word_1_727' title='bbox 1144 5801 1327 5857; x_wconf 79' lang='lat' dir='ltr'><strong>caeteri</strong></span> <span class='ocrx_word' id='word_1_728' title='bbox 1367 5802 1524 5865; x_wconf 87' lang='lat' dir='ltr'><strong>quasi</strong></span> <span class='ocrx_word' id='word_1_729' title='bbox 1550 5817 1657 5857; x_wconf 86' lang='lat' dir='ltr'><strong>una</strong></span> <span class='ocrx_word' id='word_1_730' title='bbox 1680 5817 1815 5857; x_wconf 86' lang='lat' dir='ltr'><strong>voce</strong></span> <span class='ocrx_word' id='word_1_731' title='bbox 1838 5817 1967 5858; x_wconf 82' lang='lat' dir='ltr'><strong>con-</strong></span> 
     </span>
    </p>
   </div>
   <div class='ocr_carea' id='block_1_107' title="bbox 2146 4677 3659 4763">
    <p class='ocr_par' dir='ltr' id='par_1_107' title="bbox 2146 4677 3659 4763">
     <span class='ocr_line' id='line_1_107' title="bbox 2146 4677 3659 4763; baseline -0.013 -13"><span class='ocrx_word' id='word_1_732' title='bbox 2146 4694 2249 4752; x_wconf 85' lang='grc' dir='ltr'>πε’.</span> <span class='ocrx_word' id='word_1_733' title='bbox 2286 4696 2350 4748; x_wconf 79' lang='grc' dir='ltr'><strong>Αἱ</strong></span> <span class='ocrx_word' id='word_1_734' title='bbox 2380 4693 2476 4763; x_wconf 74' lang='grc' dir='ltr'>μὲν</span> <span class='ocrx_word' id='word_1_735' title='bbox 2503 4686 2595 4743; x_wconf 71' lang='grc' dir='ltr'>οὖν</span> <span class='ocrx_word' id='word_1_736' title='bbox 2616 4685 2915 4758; x_wconf 80' lang='grc' dir='ltr'>γυμνασίαι</span> <span class='ocrx_word' id='word_1_737' title='bbox 2935 4677 3097 4739; x_wconf 76' lang='grc' dir='ltr'>αὗται</span> <span class='ocrx_word' id='word_1_738' title='bbox 3122 4681 3374 4745; x_wconf 76' lang='grc' dir='ltr'>δύνανται</span> <span class='ocrx_word' id='word_1_739' title='bbox 3400 4681 3457 4733; x_wconf 88' lang='grc' dir='ltr'>ὲν</span> <span class='ocrx_word' id='word_1_740' title='bbox 3478 4677 3659 4749; x_wconf 83' lang='grc' dir='ltr'>καιρῷ</span> 
     </span>
    </p>
   </div>
   <div class='ocr_carea' id='block_1_108' title="bbox 2078 4771 3656 4861">
    <p class='ocr_par' dir='ltr' id='par_1_108' title="bbox 2078 4771 3656 4861">
     <span class='ocr_line' id='line_1_108' title="bbox 2078 4771 3656 4861; baseline -0.014 -16"><span class='ocrx_word' id='word_1_741' title='bbox 2078 4793 2315 4861; x_wconf 76' lang='grc' dir='ltr'>πολέμου</span> <span class='ocrx_word' id='word_1_742' title='bbox 2342 4787 2434 4839; x_wconf 80' lang='grc' dir='ltr'>τὸν</span> <span class='ocrx_word' id='word_1_743' title='bbox 2463 4780 2801 4852; x_wconf 82' lang='grc' dir='ltr'>στρατιώτην</span> <span class='ocrx_word' id='word_1_744' title='bbox 2818 4777 3037 4846; x_wconf 67' lang='grc' dir='ltr'>ἕτοιμον</span> <span class='ocrx_word' id='word_1_745' title='bbox 3067 4772 3529 4843; x_wconf 76' lang='grc' dir='ltr'>παρασκευάζειν,</span> <span class='ocrx_word' id='word_1_746' title='bbox 3560 4771 3656 4824; x_wconf 76' lang='grc' dir='ltr'>καὶ</span> 
     </span>
    </p>
   </div>
   <div class='ocr_carea' id='block_1_109' title="bbox 2073 4863 3656 4961">
    <p class='ocr_par' dir='ltr' id='par_1_109' title="bbox 2073 4863 3656 4961">
     <span class='ocr_line' id='line_1_109' title="bbox 2073 4863 3656 4961; baseline -0.016 -21"><span class='ocrx_word' id='word_1_747' title='bbox 2073 4889 2182 4961; x_wconf 78' lang='grc' dir='ltr'>πρὸ</span> <span class='ocrx_word' id='word_1_748' title='bbox 2208 4879 2405 4953; x_wconf 79' lang='grc' dir='ltr'>καιροῦ</span> <span class='ocrx_word' id='word_1_749' title='bbox 2437 4875 2677 4945; x_wconf 85' lang='grc' dir='ltr'>πολέμου</span> <span class='ocrx_word' id='word_1_750' title='bbox 2711 4872 2841 4927; x_wconf 78' lang='grc' dir='ltr'>ἄνευ</span> <span class='ocrx_word' id='word_1_751' title='bbox 2871 4870 3092 4937; x_wconf 82' lang='grc' dir='ltr'>σιδήρου</span> <span class='ocrx_word' id='word_1_752' title='bbox 3242 4865 3422 4961; x_wconf 78' lang='grc' dir='ltr'>ὃπλων</span> <span class='ocrx_word' id='word_1_753' title='bbox 3450 4863 3656 4961; x_wconf 79' lang='grc' dir='ltr'>ἑτέρων</span> 
     </span>
    </p>
   </div>
   <div class='ocr_carea' id='block_1_110' title="bbox 2073 4955 3657 5047">
    <p class='ocr_par' dir='ltr' id='par_1_110' title="bbox 2073 4955 3657 5047">
     <span class='ocr_line' id='line_1_110' title="bbox 2073 4955 3657 5047; baseline -0.016 -13"><span class='ocrx_word' id='word_1_754' title='bbox 2073 4955 2183 5034; x_wconf 85' lang='grc' dir='ltr'><strong>τῶν</strong></span> <span class='ocrx_word' id='word_1_755' title='bbox 2206 4974 2342 5047; x_wconf 78' lang='grc' dir='ltr'>πρὸς</span> <span class='ocrx_word' id='word_1_756' title='bbox 2370 4968 2682 5041; x_wconf 88' lang='grc' dir='ltr'>γυμνασίαν</span> <span class='ocrx_word' id='word_1_757' title='bbox 2708 4961 3031 5033; x_wconf 79' lang='grc' dir='ltr'>ἐπιτηδείων</span> <span class='ocrx_word' id='word_1_758' title='bbox 3067 4958 3268 5023; x_wconf 76' lang='grc' dir='ltr'>ἐθίζειν</span> <span class='ocrx_word' id='word_1_759' title='bbox 3310 4957 3447 5028; x_wconf 85' lang='grc' dir='ltr'>πρὸς</span> <span class='ocrx_word' id='word_1_760' title='bbox 3476 4955 3657 5009; x_wconf 82' lang='grc' dir='ltr'>πάντα</span> 
     </span>
    </p>
   </div>
   <div class='ocr_carea' id='block_1_111' title="bbox 2074 5048 3657 5139">
    <p class='ocr_par' dir='ltr' id='par_1_111' title="bbox 2074 5048 3657 5139">
     <span class='ocr_line' id='line_1_111' title="bbox 2074 5048 3657 5139; baseline -0.018 -13"><span class='ocrx_word' id='word_1_761' title='bbox 2074 5073 2143 5125; x_wconf 82' lang='grc' dir='ltr'>τὰ</span> <span class='ocrx_word' id='word_1_762' title='bbox 2165 5068 2423 5139; x_wconf 82' lang='grc' dir='ltr'>σχήματα</span> <span class='ocrx_word' id='word_1_763' title='bbox 2455 5062 2563 5114; x_wconf 87' lang='grc' dir='ltr'><strong>τῶν</strong></span> <span class='ocrx_word' id='word_1_764' title='bbox 2619 5057 2910 5128; x_wconf 81' lang='grc' dir='ltr'>κινήσεων,</span> <span class='ocrx_word' id='word_1_765' title='bbox 2944 5053 3038 5107; x_wconf 73' lang='grc' dir='ltr'>καὶ</span> <span class='ocrx_word' id='word_1_766' title='bbox 3091 5050 3163 5104; x_wconf 86' lang='grc' dir='ltr'>τὰ</span> <span class='ocrx_word' id='word_1_767' title='bbox 3217 5048 3657 5120; x_wconf 83' lang='grc' dir='ltr'>παραγγέλματα</span> 
     </span>
    </p>
   </div>
   <div class='ocr_carea' id='block_1_112' title="bbox 2076 5139 3659 5231">
    <p class='ocr_par' dir='ltr' id='par_1_112' title="bbox 2076 5139 3659 5231">
     <span class='ocr_line' id='line_1_112' title="bbox 2076 5139 3659 5231; baseline -0.018 -13"><span class='ocrx_word' id='word_1_768' title='bbox 2076 5161 2295 5231; x_wconf 74' lang='grc' dir='ltr'>εὐφυῶς</span> <span class='ocrx_word' id='word_1_769' title='bbox 2330 5157 2427 5211; x_wconf 81' lang='grc' dir='ltr'>καὶ</span> <span class='ocrx_word' id='word_1_770' title='bbox 2486 5155 2615 5210; x_wconf 84' lang='grc' dir='ltr'>ἄνευ</span> <span class='ocrx_word' id='word_1_771' title='bbox 2652 5149 2896 5220; x_wconf 78' lang='grc' dir='ltr'>ταραχῆς</span> <span class='ocrx_word' id='word_1_772' title='bbox 2952 5146 3049 5202; x_wconf 78' lang='grc' dir='ltr'>καὶ</span> <span class='ocrx_word' id='word_1_773' title='bbox 3106 5140 3368 5221; x_wconf 78' lang='grc' dir='ltr'>θροισμοῦ</span> <span class='ocrx_word' id='word_1_774' title='bbox 3418 5139 3659 5209; x_wconf 83' lang='grc' dir='ltr'>διαγίνε-</span> 
     </span>
    </p>
   </div>
   <div class='ocr_carea' id='block_1_113' title="bbox 2079 5232 3659 5317">
    <p class='ocr_par' dir='ltr' id='par_1_113' title="bbox 2079 5232 3659 5317">
     <span class='ocr_line' id='line_1_113' title="bbox 2079 5232 3659 5317; baseline -0.017 -8"><span class='ocrx_word' id='word_1_775' title='bbox 2079 5255 2226 5317; x_wconf 81' lang='grc' dir='ltr'>σθαι,</span> <span class='ocrx_word' id='word_1_776' title='bbox 2257 5252 2388 5304; x_wconf 80' lang='grc' dir='ltr'>ὅταν</span> <span class='ocrx_word' id='word_1_777' title='bbox 2425 5247 2660 5317; x_wconf 79' lang='grc' dir='ltr'>μάλιστα</span> <span class='ocrx_word' id='word_1_778' title='bbox 2703 5242 2838 5311; x_wconf 75' lang='grc' dir='ltr'>πρὸς</span> <span class='ocrx_word' id='word_1_779' title='bbox 2881 5237 3087 5309; x_wconf 82' lang='grc' dir='ltr'>ἄλληλα</span> <span class='ocrx_word' id='word_1_780' title='bbox 3138 5236 3207 5289; x_wconf 76' lang='grc' dir='ltr'>τὰ</span> <span class='ocrx_word' id='word_1_781' title='bbox 3238 5236 3491 5304; x_wconf 86' lang='grc' dir='ltr'>τάγματα</span> <span class='ocrx_word' id='word_1_782' title='bbox 3514 5232 3659 5285; x_wconf 80' lang='grc' dir='ltr'>διαι-</span> 
     </span>
    </p>
   </div>
   <div class='ocr_carea' id='block_1_114' title="bbox 2079 5322 3655 5418">
    <p class='ocr_par' dir='ltr' id='par_1_114' title="bbox 2079 5322 3655 5418">
     <span class='ocr_line' id='line_1_114' title="bbox 2079 5322 3655 5418; baseline -0.015 -20"><span class='ocrx_word' id='word_1_783' title='bbox 2079 5343 2320 5418; x_wconf 82' lang='grc' dir='ltr'>ρούμενα</span> <span class='ocrx_word' id='word_1_784' title='bbox 2342 5342 2423 5403; x_wconf 89' lang='grc' dir='ltr'><strong>είς</strong></span> <span class='ocrx_word' id='word_1_785' title='bbox 2448 5337 2543 5391; x_wconf 74' lang='grc' dir='ltr'>δύο</span> <span class='ocrx_word' id='word_1_786' title='bbox 2571 5330 3052 5403; x_wconf 79' lang='grc' dir='ltr'>ἀντιπαρατάξεις,</span> <span class='ocrx_word' id='word_1_787' title='bbox 3083 5329 3190 5389; x_wconf 76' lang='grc' dir='ltr'>εἴτε</span> <span class='ocrx_word' id='word_1_788' title='bbox 3216 5326 3338 5379; x_wconf 82' lang='grc' dir='ltr'>καθ’</span> <span class='ocrx_word' id='word_1_789' title='bbox 3366 5325 3423 5378; x_wconf 76' lang='grc' dir='ltr'>ἓν</span> <span class='ocrx_word' id='word_1_790' title='bbox 3447 5322 3655 5392; x_wconf 83' lang='grc' dir='ltr'>τάγμα,</span> 
     </span>
    </p>
   </div>
   <div class='ocr_carea' id='block_1_115' title="bbox 2076 5419 3357 5494">
    <p class='ocr_par' dir='ltr' id='par_1_115' title="bbox 2076 5419 3357 5494">
     <span class='ocr_line' id='line_1_115' title="bbox 2076 5419 3357 5494; baseline -0.013 -4"><span class='ocrx_word' id='word_1_791' title='bbox 2076 5437 2185 5490; x_wconf 79' lang='grc' dir='ltr'>εἴτε</span> <span class='ocrx_word' id='word_1_792' title='bbox 2216 5435 2358 5487; x_wconf 80' lang='grc' dir='ltr'>κατὰ</span> <span class='ocrx_word' id='word_1_793' title='bbox 2396 5431 2618 5484; x_wconf 82' lang='grc' dir='ltr'>πλείονα</span> <span class='ocrx_word' id='word_1_794' title='bbox 2642 5428 2877 5480; x_wconf 86' lang='grc' dir='ltr'>ποιεῖται</span> <span class='ocrx_word' id='word_1_795' title='bbox 2910 5422 3008 5494; x_wconf 81' lang='grc' dir='ltr'>τὴν</span> <span class='ocrx_word' id='word_1_796' title='bbox 3026 5419 3357 5491; x_wconf 82' lang='grc' dir='ltr'>γυμνασίαν.</span> 
     </span>
    </p>
   </div>
   <div class='ocr_carea' id='block_1_116' title="bbox 2147 5504 3655 5591">
    <p class='ocr_par' dir='ltr' id='par_1_116' title="bbox 2147 5504 3655 5591">
     <span class='ocr_line' id='line_1_116' title="bbox 2147 5504 3655 5591; baseline -0.015 -10"><span class='ocrx_word' id='word_1_797' title='bbox 2147 5525 2266 5591; x_wconf 81' lang='grc' dir='ltr'>πς’.</span> <span class='ocrx_word' id='word_1_798' title='bbox 2303 5524 2421 5579; x_wconf 82' lang='grc' dir='ltr'><strong>Οὐκ</strong></span> <span class='ocrx_word' id='word_1_799' title='bbox 2450 5520 2630 5590; x_wconf 85' lang='grc' dir='ltr'>ἀγνοῶ</span> <span class='ocrx_word' id='word_1_800' title='bbox 2656 5520 2739 5572; x_wconf 86' lang='grc' dir='ltr'>ὃτι</span> <span class='ocrx_word' id='word_1_801' title='bbox 2771 5516 2923 5587; x_wconf 82' lang='grc' dir='ltr'>παρὰ</span> <span class='ocrx_word' id='word_1_802' title='bbox 2948 5516 3063 5577; x_wconf 84' lang='grc' dir='ltr'>τοῖς</span> <span class='ocrx_word' id='word_1_803' title='bbox 3086 5512 3336 5583; x_wconf 85' lang='grc' dir='ltr'>ἀρχαίοις</span> <span class='ocrx_word' id='word_1_804' title='bbox 3365 5509 3457 5563; x_wconf 73' lang='grc' dir='ltr'>καὶ</span> <span class='ocrx_word' id='word_1_805' title='bbox 3488 5504 3655 5578; x_wconf 75' lang='grc' dir='ltr'>ἕτερά</span> 
     </span>
    </p>
   </div>
   <div class='ocr_carea' id='block_1_117' title="bbox 2074 5605 3658 5687">
    <p class='ocr_par' dir='ltr' id='par_1_117' title="bbox 2074 5605 3658 5687">
     <span class='ocr_line' id='line_1_117' title="bbox 2074 5605 3658 5687; baseline -0.013 -15"><span class='ocrx_word' id='word_1_806' title='bbox 2074 5636 2196 5672; x_wconf 88' lang='grc' dir='ltr'>τινα</span> <span class='ocrx_word' id='word_1_807' title='bbox 2234 5615 2588 5687; x_wconf 84' lang='grc' dir='ltr'>παραδίδοται</span> <span class='ocrx_word' id='word_1_808' title='bbox 2620 5609 3059 5685; x_wconf 86' lang='grc' dir='ltr'>παραγγέλματα</span> <span class='ocrx_word' id='word_1_809' title='bbox 3087 5606 3182 5659; x_wconf 73' lang='grc' dir='ltr'>καὶ</span> <span class='ocrx_word' id='word_1_810' title='bbox 3226 5605 3510 5675; x_wconf 79' lang='grc' dir='ltr'>κινήματα</span> <span class='ocrx_word' id='word_1_811' title='bbox 3555 5616 3658 5669; x_wconf 83' lang='grc' dir='ltr'>γυ-</span> 
     </span>
    </p>
   </div>
   <div class='ocr_carea' id='block_1_118' title="bbox 2080 5695 3661 5781">
    <p class='ocr_par' dir='ltr' id='par_1_118' title="bbox 2080 5695 3661 5781">
     <span class='ocr_line' id='line_1_118' title="bbox 2080 5695 3661 5781; baseline -0.012 -15"><span class='ocrx_word' id='word_1_812' title='bbox 2080 5711 2316 5781; x_wconf 83' lang='grc' dir='ltr'>μνασίας</span> <span class='ocrx_word' id='word_1_813' title='bbox 2342 5708 2522 5770; x_wconf 81' lang='grc' dir='ltr'>ἄλλοις</span> <span class='ocrx_word' id='word_1_814' title='bbox 2551 5723 2635 5773; x_wconf 88' lang='grc' dir='ltr'><strong>τε,</strong></span> <span class='ocrx_word' id='word_1_815' title='bbox 2661 5702 3030 5774; x_wconf 75' lang='grc' dir='ltr'>καὶἈριανῷ,</span> <span class='ocrx_word' id='word_1_816' title='bbox 3064 5702 3157 5754; x_wconf 76' lang='grc' dir='ltr'>καὶ</span> <span class='ocrx_word' id='word_1_817' title='bbox 3182 5698 3440 5767; x_wconf 85' lang='grc' dir='ltr'>Λὶλιανῷ,</span> <span class='ocrx_word' id='word_1_818' title='bbox 3465 5695 3661 5764; x_wconf 77' lang='grc' dir='ltr'>ὥσπερ</span> 
     </span>
    </p>
   </div>
   <div class='ocr_carea' id='block_1_119' title="bbox 2078 5784 3654 5871">
    <p class='ocr_par' dir='ltr' id='par_1_119' title="bbox 2078 5784 3654 5871">
     <span class='ocr_line' id='line_1_119' title="bbox 2078 5784 3654 5871; baseline -0.018 -3"><span class='ocrx_word' id='word_1_819' title='bbox 2078 5801 2137 5867; x_wconf 69' lang='grc' dir='ltr'>ἐξ</span> <span class='ocrx_word' id='word_1_820' title='bbox 2193 5800 2312 5865; x_wconf 77' lang='grc' dir='ltr'>ἑνὸς</span> <span class='ocrx_word' id='word_1_821' title='bbox 2364 5799 2635 5871; x_wconf 77' lang='grc' dir='ltr'>στόματος</span> <span class='ocrx_word' id='word_1_822' title='bbox 2672 5798 2800 5868; x_wconf 71' lang='grc' dir='ltr'>περὶ</span> <span class='ocrx_word' id='word_1_823' title='bbox 2836 5795 3017 5863; x_wconf 74' lang='grc' dir='ltr'>αὐτῶν</span> <span class='ocrx_word' id='word_1_824' title='bbox 3062 5790 3458 5864; x_wconf 59' lang='grc' dir='ltr'>όμοφωνοῧσιν.</span> <span class='ocrx_word' id='word_1_825' title='bbox 3510 5784 3654 5851; x_wconf 77' lang='grc' dir='ltr'>Ἀλλ’</span> 
     </span>
    </p>
   </div>
  </div>
