4022 6430
330 372 435 441 761

1338 324 1343 327 ’
1436 367 1864 431 TACTICA.—-
1891 364 2396 429 CONSTITUTIO
2432 369 2562 431 VII.

3498 372 3602 439 762

333 484 422 540 ῐνα
454 482 528 554 μὴ
560 480 656 535 ἐπὶ
689 479 891 543 πλάτος
917 477 1172 533 τοσοῦτον
1203 478 1550 550 παρεκτείνω
1603 478 1695 532 τὸν
1728 477 1911 546 λόγον,

2024 476 2262 533 sentiunt
2291 495 2305 531 :
2338 477 2435 534 sed
2458 492 2526 532 ne
2554 476 2623 532 ad
2674 474 2900 533 nimiam
2951 478 3349 551 longitudinem
3394 487 3602 553 produ-

332 571 392 624 ιν
435 566 721 638 κεφαλαίῳ
754 567 904 638 μόνῳ
944 568 1167 639 μνήμην
1198 566 1505 639 παραθήσω
1534 567 1783 633 ὲκείνων,
1816 568 1914 621 καλ⁸

328 660 427 716 τοῦ
455 659 645 715 λοιποῦ
672 662 1021 731 σιωπήσομαι
1046 660 1107 714 τὺ
1134 659 1359 731 πλῆθος,
1383 662 1446 714 τὸ
1467 661 1586 731 μὲν,
1616 660 1705 715 διὰ
1736 659 1834 732 τὴν
1856 661 1913 716 ὲν

329 753 515 817 αὐτοτς
548 752 788 821 ἀσαφίαν
807 750 917 821 (21)
951 768 1010 805 τε
1034 752 1127 806 καὶ
1157 752 1483 823 ἀχρηστίαν,
1514 752 1575 805 τὸ
1600 752 1678 819 δὲ,
1703 752 1798 805 καὶ
1827 750 1915 805 διὰ

330 846 396 901 τὸ
428 844 639 900 ἐκεῖθεν
670 842 1049 913 ἀναληφθῆναι
1082 843 1274 915 ὥσπερ
1312 844 1743 916 άνθολογηθέντα
1778 847 1908 914 παρ’

328 938 485 1010 ἡμῶν
506 935 744 991 ἐνταῦθα
780 938 875 991 καὶ
903 936 1172 1008 εἰρημένα
1200 936 1341 1008 μετά
1368 941 1469 1009 τῆς
1496 938 1607 991 τῶν
1631 937 1913 1010 νεωτέρων

325 1032 420 1085 διὰ
449 1030 649 1101 πείρας
676 1030 972 1100 εὑρέσεως.
1004 1028 1117 1081 Καὶ
1138 1028 1226 1082 ἵνα
1263 1028 1338 1100 μὴ
1370 1028 1724 1100 ἀπειρόκαλοι
1750 1029 1913 1094 δόξω-

331 1138 434 1193 μεν
455 1117 621 1186 εἶναι,
651 1122 747 1173 καὶ
798 1119 1201 1193 δευτερολογεῖν
1256 1120 1482 1191 ἀσαφῶς
1511 1120 1749 1176 ἐνταῦθα
1809 1121 1910 1192 ήδη

326 1210 729 1284 σαφηπσθέντα
759 1209 899 1281 (22).

396 1414 505 1482 πξ.
539 1415 698 1486 Παρά
719 1414 827 1487 γάρ
865 1412 1105 1486 Δίλιανῷ
1138 1414 1387 1484 λέγονται
1420 1413 1658 1485 ὀνόματα
1682 1415 1791 1469 ’καὶ
1822 1432 1909 1469 κι-

326 1509 514 1580 νήσεις
546 1502 709 1561 αῦται
732 1522 749 1540 ⁶
790 1509 824 1577 ἡ
857 1506 955 1577 μὲν
976 1503 1154 1569 κλίσις
1187 1505 1518 1577 καλουμένη,
1543 1505 1640 1576 τὴν
1659 1505 1716 1580 δὲ
1734 1506 1911 1561 κλίσιν

325 1578 405 1664 εἰς
436 1599 529 1654 δύο
544 1600 760 1670 διαιρεῖ.
788 1600 899 1652 Καὶ
918 1598 1017 1669 τὴν
1044 1596 1145 1668 μὲν
1157 1597 1249 1650 ἐπὶ
1277 1597 1477 1652 ἀσπίδα
1506 1598 1599 1652 καὶ
1616 1578 1777 1662 αὐτὸς
1795 1594 1912 1652 κλί-

325 1709 412 1744 σιν
433 1690 601 1759 λέγει,
635 1690 798 1760 ἡγουν
818 1691 909 1742 ἐπὶ
922 1690 1236 1761 σκουτάριν,
1255 1688 1354 1760 τὴν
1380 1689 1435 1743 δὲ
1456 1689 1548 1742 ἐπὶ
1569 1688 1720 1760 δόρυ,
1741 1691 1911 1763 ἤγουν

325 1785 418 1841 ἐπὶ
429 1781 870 1852 κοντάριν.Ἕστι
899 1781 956 1835 δέ
973 1797 1056 1843 τις
1069 1780 1284 1852 κίνησις
1309 1780 1406 1833 καὶ
1428 1780 1559 1851 παρ’
1574 1779 1751 1834 αὐτῶν
1773 1782 1908 1853 (23),

2024 574 2179 619 catur
2216 567 2421 632 oratio,
2460 580 2571 622 uno
2599 567 2762 636 quasi
2781 565 2962 637 capite
2993 569 3172 623 solum
3201 570 3293 625 illa
3318 573 3599 629 recitabo:

2021 657 2090 713 de
2120 666 2319 714 caetero
2351 665 2536 713 autem
2564 668 2785 730 propter
2836 660 3237 731 longitudinem
3284 664 3378 719 illa
3407 667 3601 721 eadem

2021 750 2458 818 praetermittam,
2491 752 2690 820 partim
2722 761 2945 823 propter
2993 752 3389 809 obscuritatem
3439 766 3605 826 atque

2023 837 2392 905 inutilitatem,
2447 841 2647 910 partim
2693 841 2820 910 quia
2880 842 2948 898 iis
3000 843 3285 914 diligenter
3345 846 3601 916 cognitis,

2021 949 2143 1003 qum
2170 948 2201 988 a
2237 935 2399 991 nobis
2429 936 2696 1007 explicata
2721 945 2869 1003 sunt,
2894 939 3231 1008 experientia
3253 941 3492 1009 quadam
3516 942 3605 993 ad-

2023 1026 2214 1105 hibita,
2236 1027 2393 1084 facile
2425 1028 2527 1083 ista
2555 1029 2623 1083 ab
2651 1029 2730 1084 eis
2758 1029 2901 1084 sumi
2941 1040 3192 1099 possunt.
3236 1030 3406 1087 Valde
3434 1033 3599 1089 etiam

2021 1128 2307 1190 propterea
2337 1120 2521 1177 insciti
2558 1122 2834 1192 rudesque
2884 1139 3069 1179 rerum
3093 1125 3408 1180 videremur
3446 1142 3592 1194 esse,

2020 1213 2067 1267 si
2100 1214 2216 1268 haec
2237 1228 2361 1283 quas
2386 1229 2513 1269 cum
2556 1215 2804 1271 claritate
2838 1218 3075 1288 quadam
3115 1226 3169 1272 et
3213 1219 3602 1289 perspicuitate

2017 1305 2267 1373 exposita
2288 1314 2440 1371 sunt,
2468 1320 2590 1361 cum
2618 1309 2954 1363 obscuritate
2981 1308 3179 1364 iterum
3210 1322 3602 1380 repeteremus.

2091 1392 2182 1447 ατ.
2218 1392 2300 1447 Ah
2334 1393 2557 1449 A‘Jliano
2591 1406 2771 1450 autem
2810 1398 2923 1452 haec
2948 1399 3171 1452 nomina
3215 1406 3269 1453 et
3318 1399 3373 1453 hi
3422 1411 3603 1455 motus

2022 1495 2405 1541 recensentur:
2426 1487 2637 1551 Κλίσις,
2676 1487 2728 1541 id
2758 1495 2861 1552 est,
2890 1488 3201 1543 declinatio.
3234 1487 3387 1544 Hanc
3420 1500 3602 1545 autem

2018 1577 2437 1634 declinationem
2478 1580 2531 1633 in
2566 1579 2677 1635 duo
2725 1580 2939 1646 dividit,
2976 1581 3202 1635 alteram
3238 1583 3331 1635 ἐπὶ
3375 1583 3601 1646 ἀσπίδα,

2020 1669 2087 1723 ad
2112 1670 2385 1740 clypeum,
2420 1671 2537 1726 sive
2577 1672 2642 1726 ad
2689 1680 2929 1734 scutum,
2969 1672 3054 1726 vel
3100 1671 3169 1725 ad
3204 1673 3417 1740 laevam,
3459 1674 3598 1728 alte-

2019 1774 2134 1814 ram
2165 1760 2261 1813 ὲπὶ
2293 1760 2445 1830 δόρυ,
2488 1762 2555 1817 ad
2588 1762 2828 1827 hastam,
2881 1756 2962 1816 vel
3015 1763 3084 1817 ad
3129 1763 3397 1817 dextram.
3442 1762 3600 1817 Alius

324 1877 420 1931 καὶ
478 1874 768 1947 μεταϐολὴ,
824 1874 918 1927 καὶ
953 1870 1279 1944 ἐπιστροφὴ,
1310 1872 1407 1925 καὶ
1458 1872 1796 1944 ἀναστροφὴ,
1821 1873 1911 1927 καὶ

2024 1852 2160 1922 apud
2186 1852 2336 1907 illum
2360 1861 2543 1909 motus
2576 1862 2678 1919 est,
2721 1853 3015 1926 μεταϐολὴ,
3059 1853 3439 1920 commutatio,
3471 1869 3602 1909 con-

325 1965 728 2038 περισπασμδς,
772 1964 868 2017 καὶ
909 1960 1383 2033 εκπερισπασμδς,
1436 1962 1532 2016 καὶ
1572 1960 1777 2032 ζυγεῖν,
1820 1964 1918 2019 καὶ

324 2059 553 2129 στιχεῖν,
584 2056 681 2110 καὶ
713 2056 804 2109 ἐπ’
829 2054 987 2127 ὀρθὸν
1008 2054 1321 2120 ἀποδοῦναι,
1350 2055 1445 2108 καὶ
1470 2054 1787 2122 ἐξελίσσειν,
1822 2056 1918 2110 καὶ

322 2148 717 2223 διπλασιάζειν.
768 2148 1002 2217 Λέγεται
1059 2145 1117 2199 δὲ
1160 2148 1256 2200 καὶ
1301 2146 1589 2219 ἐπαγωγὴ,
1646 2149 1742 2202 καὶ
1771 2148 1918 2213 δεξιά

322 2240 657 2312 παραγωγὴ,
692 2238 790 2293 καὶ
828 2237 1034 2307 πλαγία
1069 2234 1303 2309 φάλαγξ,
1367 2240 1461 2292 καὶ
1488 2238 1645 2310 ὀρθία
1679 2240 1913 2309 φάλαγξ,

320 2333 419 2388 καὶ
449 2331 577 2405 λοξὴ
611 2331 852 2402 φάλαγξ,
899 2333 994 2384 καὶ
1024 2329 1368 2403 παρεμδοὶὴ,
1391 2332 1485 2385 καὶ
1514 2331 1795 2402 πρόταξις,
1821 2334 1918 2387 καὶ

321 2426 557 2491 ἔνταξις,
595 2425 690 2478 καὶ
709 2423 992 2489 ὑπόταξις,
1038 2425 1134 2477 καί⁵
1170 2422 1556 2488 ὲπίταξις,καὶ
1596 2421 1913 2495 πρόσταξις,

322 2519 418 2572 καὶ⁵
461 2518 790 2589 παράταξις.

391 2629 504 2701 πη’.
531 2631 599 2683 Ai.
615 2631 714 2703 μὲν
737 2624 831 2684 οῦν
847 2629 956 2683 τῶν
985 2629 1253 2701 κινήσεωι
1271 2642 1551 2683 τοσαυται.
1572 2624 1654 2681 Τά
1676 2622 1732 2680 δὲ
1770 2643 1916 2698 παρ-

318 2722 643 2793 αγγέλματα
669 2719 840 2785 οὕτως
864 2737 879 2753 ·

396 2838 528 2905 ’Δγε
544 2836 624 2900 είς
656 2839 723 2889 τά
750 2835 911 2889 ὅπλα.

394 2924 723 2996 Παράστητε
762 2925 915 2996 παρὰ
942 2926 1011 2979 τά
1041 2924 1202 2979 ὅπλα.

402 3017 734 3087 Ὀπλοφορος
764 3015 840 3089 μὴ
866 3015 1044 3071 ἀπίτω
1073 3017 1170 3088 τῆς
1197 3016 1494 3085 φάλαγγος.

392 3110 533 3180 Σίγα
566 3111 663 3164 καὶ
694 3108 928 3182 πρόσεχε
957 3108 1036 3184 τῷ
1062 3106 1587 3181 παραγγελλομένῳ.

395 3203 544 3255 Ἀνω
568 3201 636 3254 τὰ
662 3199 887 3271 δόρατα.

391 3292 573 3356 Κάθες
601 3292 669 3345 τά
690 3292 912 3363 δόρατα.

388 3383 636 3455 Οὐραγδς
666 3382 757 3437 τὸν
786 3382 941 3453 λόχον
960 3381 1070 3453 (24)
1091 3380 1459 3436 ἀπευθυνέτω.

392 3478 561 3549 Τήρει
590 3478 661 3531 τά
681 3476 1055 3550 διαστήματα.

397 3569 520 3623 Ἐπὶ
541 3568 669 3640 δόρυ
694 3567 894 3623 κλῖνον.

404 3662 528 3715 Ἐπὶ
555 3660 758 3716 ἀσπίδα
789 3660 972 3717 κλῖνον

393 3754 633 3829 Πρόαγε.

400 3845 532 3916 Ἔχε
560 3844 758 3908 οὕτως.

394 3937 488 4000 Εἰς
507 3935 669 4008 ὀρθὸν
698 3934 919 3999 ἀπόδος.

395 4029 469 4083 Τὸ
503 4027 671 4099 βάθος
700 4024 1046 4091 διπλασίαζε.

410 4120 913 4191 ’Δποκατάστησον.

394 4215 499 4269 Τὸν
527 4216 750 4270 λάκωνα
771 4211 865 4265 ἐπὶ
898 4209 960 4264 τὸ
984 4209 1112 4281 δόρυ
1145 4206 1476 4280 ἐκπερίσπα.

404 4306 785 4376 ’Δποκατάστη
793 4320 907 4359 σον.

416 4398 502 4456 εθ’.
548 4398 713 4454 Ἀλλά
741 4395 915 4450 ταῦτα
946 4394 1035 4449 διά
1056 4410 1117 4447 τε
1146 4392 1208 4447 τὸ
1234 4392 1447 4461 ἀσαφὲς
1468 4390 1563 4444 καὶ
1592 4390 1692 4462 τὴν
1732 4388 1905 4459 ἀχρη-

2020 1947 2221 2013 versio,
2272 1947 2538 2012 reversio,
2579 1946 2819 2012 billexio,
2881 1945 3136 2014 trillexio,
3173 1946 3386 2017 jugare,
3431 1946 3601 2001 decu-

2018 2038 2182 2105 riare,
2229 2037 2488 2109 dirigere,
2533 2039 2805 2103 evolvere,
2845 2040 3146 2109 duplicare.
3187 2037 3401 2093 Dicitur
3433 2037 3598 2092 etiam

2019 2128 2287 2193 inductio,
2323 2129 2513 2185 dextra
2560 2130 2859 2194 traductio,
2901 2129 3124 2199 obliqua
3159 2129 3420 2197 phalanx,
3450 2135 3599 2181 recta

2018 2223 2276 2292 phalanx,
2310 2224 2534 2277 incurva
2578 2223 2837 2293 phalanx,
2883 2223 3210 2292 interjectio,
3261 2218 3596 2290 praepositio,

2019 2315 2319 2387 impositio,
2347 2316 2677 2387 suppositio,
2711 2315 3054 2387 postpositio,
3077 2312 3365 2384 appositio.

2088 2600 2177 2657 88.
2207 2598 2439 2656 Nomina
2488 2598 2655 2671 igitur
2684 2601 2931 2657 motuum
2974 2596 3092 2655 haec
3121 2603 3272 2656 sunt.
3320 2590 3595 2665 Praecpta

2017 2703 2201 2751 autem
2234 2693 2343 2749 illis
2373 2693 2491 2748 haec
2515 2692 2668 2748 trade
2696 2710 2709 2747 :

2085 2811 2199 2879 Age
2228 2810 2295 2863 ad
2327 2822 2502 2863 arma.

2084 2900 2342 2957 Assistite
2374 2898 2567 2954 armis.

2082 2994 2344 3047 Armatus
2372 3006 2441 3046 ne
2470 2988 2719 3045 discedat
2747 2990 2815 3043 ab
2849 2988 2993 3044 acie.

2087 3081 2197 3137 Sile
2224 3091 2277 3136 et
2316 3080 2540 3135 attende
2570 3078 3001 3150 praecipientem.

1930 3186 1976 3248 ε
2078 3173 2311 3229 Sursum
2345 3173 2555 3229 hastas.

2082 3263 2317 3319 Demitte
2340 3263 2551 3318 hastas.

2083 3356 2393 3413 Ultimanns
2432 3354 2853 3410 contubernium
2884 3354 3102 3426 dirigat.

2080 3446 2311 3502 Custodi
2332 3445 2639 3501 intervalla.

2080 3538 2161 3594 Ad
2198 3538 2411 3595 hastam
2442 3539 2676 3593 declina.

2080 3631 2164 3685 Ad
2204 3631 2441 3701 clipeum
2469 3630 2705 3687 declina.

2080 3724 2348 3779 Procede.

2085 3814 2232 3870 Istuc
2263 3830 2443 3871 serva.

2081 3904 2295 3961 Directe
2321 3908 2576 3976 procede.

2079 3999 2436 4054 Altitudinem
2472 3997 2711 4071 duplica.

2084 4087 2283 4157 Recipe
2317 4087 2541 4141 iterum.

2079 4177 2413 4235 Laconicum
2450 4178 2517 4233 ad
2551 4178 2763 4232 hastam
2798 4174 3047 4233 trivoive.

2081 4272 2282 4343 Recipe
2316 4281 2385 4327 te.

2078 4385 2169 4442 89.
2207 4384 2312 4440 Sed
2344 4386 2445 4441 ista
2474 4395 2639 4455 atque
2673 4386 2779 4441 alia
2829 4385 2959 4440 item
3011 4383 3330 4455 huiusmodi
3374 4390 3599 4456 propter

316 4492 476 4547 στίαν
520 4490 659 4554 τέως
697 4487 1052 4560 παρείδομεν,
1084 4479 1181 4539 τοῦ
1227 4483 1499 4553 συντόμου
1554 4482 1650 4536 καὶ
1700 4480 1907 4551 σαφοῦς

2024 4478 2402 4534 )hscuritatem
2433 4488 2488 4534 et
2520 4479 2873 4534 inutilitatem
2900 4479 3007 4533 huc
3039 4493 3215 4548 usque
3253 4478 3596 4539 distulimus.

316 4584 561 4656 μάλιστα
592 4580 993 4653 φροντίζοντες.

384 4788 458 4858 ιιύ
492 4786 577 4842 Τὰ
629 4786 729 4859 μὲν
778 4781 875 4839 οὖν
928 4782 1060 4855 περὶ
1114 4780 1423 4854 γυμνασίας
1456 4781 1591 4851 ἡμῖν
1644 4795 1905 4851 προειρη-

316 4882 458 4954 μένα
489 4878 726 4949 πεζικῆς
752 4895 812 4931 τε
835 4876 931 4930 καὶ
960 4874 1212 4945 ἱππικῆς,
1238 4874 1329 4927 τόν
1366 4888 1426 4926 τε
1457 4869 1580 4925 καθ’
1607 4870 1705 4924 ἕνα
1732 4887 1903 4942 στρα-

311 4970 539 5041 τιώτην,
568 4970 664 5023 καὶ
692 4966 802 5021 τῶν
822 4964 965 5020 κατά
992 4964 1247 5034 τάγματα
1276 4963 1374 5018 καὶ
1420 4960 1777 5033 παρατάξεις,
1827 4961 1904 5024 ὡς

313 5064 376 5116 ὲν
400 5060 648 5130 ὲπιτόμῳ
675 5057 991 5130 ἀρκούντως
1043 5055 1178 5125 ἔχει.
1220 5052 1525 5127 Ἀρμοδίως
1565 5053 1623 5107 δὲ
1649 5051 1729 5122 τῷ
1760 5066 1904 5123 παρ-

2016 4571 2147 4641 quia
2178 4570 2462 4626 brevitatis
2483 4582 2538 4626 et
2564 4569 2973 4641 perspicuitatis
2998 4571 3295 4625 maximam
3319 4572 3594 4624 rationem

2018 4661 2305 4717 habemus.

2083 4776 2171 4831 90.
2205 4774 2331 4831 llaec
2362 4775 2527 4847 igitur
2558 4791 2588 4830 a
2627 4772 2788 4831 nobis
2820 4777 2888 4829 de
2916 4770 3313 4828 exercitatione
3341 4769 3589 4838 equestri

2010 4879 2064 4923 et
2091 4868 2350 4939 pedestri,
2394 4878 2509 4922 tum
2560 4868 2836 4939 sigillatim
2864 4880 2960 4936 per
2992 4876 3438 4932 unumquemque
3482 4860 3594 4916 mi-

2010 4958 2183 5028 litem,
2206 4970 2318 5014 tum
2340 4961 2638 5031 generatim
2664 4974 2763 5029 per
2786 4958 3045 5013 cohortes
3062 4966 3225 5026 atque
3243 4954 3413 5022 acies,
3438 4952 3591 5009 brevi

2018 5058 2451 5106 commemorata
2507 5050 2644 5105 satis
2682 5057 2867 5103 sunto.
2902 5048 3008 5103 Par
3065 5058 3145 5104 est
3192 5052 3396 5111 autem,
3433 5053 3486 5100 et
3511 5044 3591 5098 rei

314 5149 433 5204 ὁντι
462 5149 803 5219 συντάγματι
831 5147 927 5201 καὶ
962 5144 1033 5199 τά
1060 5146 1174 5210 τοῖς
1218 5144 1597 5216 ἁμαρτάνουσι
1631 5143 1898 5214 στρατιώ-

2024 5150 2275 5214 iusceptae
2306 5142 2585 5207 idoneum,
2610 5140 3061 5212 delinquentibus
3094 5138 3363 5195 militibus
3392 5136 3593 5191 multas

310 5259 438 5307 ’ταις
471 5240 724 5312 ἑπιτίμια
768 5237 1013 5305 ἐντάξαι,
1068 5238 1155 5293 ἵνα
1200 5235 1542 5306 γινώσκωσιν
1594 5235 1755 5298 αὐτὰ,
1804 5234 1899 5287 καὶ

2027 5251 2304 5306 mponere,
2330 5241 2386 5289 ut
2412 5248 2505 5289 eas
2539 5243 2889 5306 cognoscant,
2911 5248 3088 5305 neque
3113 5231 3423 5305 ignorantia
3449 5243 3592 5302 qua-

319 5337 398 5409 μὴ
424 5334 747 5406 ἀγνοοῦντες
763 5333 1082 5407 ἑμπίπτωσι
1130 5332 1250 5395 ταῖς
1290 5330 1349 5383 ὲν
1378 5330 1564 5393 αὐτοῖς
1616 5327 1902 5399 κειμέναις

314 5428 636 5502 τιμωρίαις.

2009 5329 2133 5383 dam
2168 5328 2223 5383 in
2258 5327 2373 5383 haec
2396 5325 2661 5397 supplicia
2700 5324 2808 5382 illis
2833 5326 3128 5382 constituta
3157 5324 3420 5383 incidant.

1756 5592 1996 5661 NOTAE,
2020 5588 2023 5589 ⁷

417 5743 507 5817 21)
529 5742 854 5817 ’Aojagolar.
880 5740 1093 5817 Scribe,
1121 5741 1413 5817 ἀσάφειαν.

417 5746 507 5817 21)
529 5746 854 5813 'Aaagotar.
880 5746 1093 5805 Scribe,
1121 5746 1413 5810 ἀσάφειαν.

390 5746 511 5893 ἱῖἳ)
548 5813 695 5883 Ἤδη
725 5814 1200 5885 σαφηνισθέντα.
1223 5803 1677 5872 Set'ibchatur,1it
1702 5801 1816 5873 εἴδη
1846 5819 1895 5854 σ.

2094 5730 2209 5805 (25)
2246 5734 2388 5803 Παρ’
2412 5730 2872 5805 qd;ér._$cribe,
2897 5747 2959 5784 π.
2984 5727 3152 5805 αὐτῷ.

2082 5798 2200 5875 (24)
2238 5798 2349 5861 Τόινῖ
2375 5799 2585 5873 λόχόν.
2621 5801 2992 5867 Scribchatur,
3027 5798 3116 5853 τὸν
3140 5798 3317 5860 λόγον.
