4022 6442
1678 350 1875 412 LEON
1887 350 1956 411 IS
1982 348 2444 410 PHILOSOPHI

906 462 1373 521 CONSTITUTIO
1423 461 1535 518 V'III
1547 503 1563 519 .
2057 468 2105 522 A

868 556 943 612 De
1002 557 1184 611 multis
1241 556 1587 611 militaribus.

515 653 568 707 l.
594 649 711 705 Non
760 648 925 703 modo
970 647 1025 701 in
1067 648 1212 701 veris
1249 646 1669 711 certaminibus,
1722 647 1815 703 sed
1857 646 2021 701 etiam

439 356 550 425 763
1678 352 1875 412 LEON
1887 352 1956 411 IS
1982 352 2034 409 Ρζ

2156 352 2444 410 .OSOPHI
3590 352 3705 421 ’164

2707 458 3020 515 ΔΙΔΤΑΞΙΣ
3052 460 3133 516 H’.

2444 552 2579 619 Περί
2601 552 3043 621 στρατιωτικῶν
3061 554 3157 607 ἐπι
3165 554 3389 623 τιμίων.

2192 646 2259 703 α’.
2298 649 2388 700 Δεῖ
2402 644 2494 701 οὖν
2522 647 2583 702 οὐ
2613 648 2774 718 μόνον
2794 646 2854 701 ὲν
2879 646 3057 717 καιρῷ
3076 647 3185 702 τῶν
3218 648 3438 719 ἀληθῶν
3452 648 3705 717 ἀγώνων,

445 744 564 812 ipso
602 740 1014 797 exercitationis
1057 749 1326 808 tempore,
1355 752 1549 792 omnes
1576 737 1816 805 prafccti
1847 748 2011 807 atque

2156 739 2263 793 ιλλά
2300 740 2396 793 καὶ
2422 741 2480 791 ὲν
2514 738 2594 809 τῷ
2620 738 2799 811 καιρῷ
2825 738 2927 809 τῆς
2988 739 3320 809 γυμνασίας,
3353 741 3709 811 συνηγμένων

443 835 699 887 cohortes
727 832 994 886 militares
1017 830 1379 898 convocandi,
1400 838 1454 885 et
1480 829 1563 883 ha:
1588 830 1735 900 leges
1758 830 2023 886 militares

2156 835 2382 888 ιπάντων
2430 832 2536 885 τῶν
2595 849 2656 884 τε
2696 832 2977 904 ἀρχόντων
3007 832 3103 885 καὶ
3131 831 3241 884 τῶν
3292 833 3709 903 στρατιωτικῶν

445 923 793 979 recensendas
832 929 984 989 sunt,
1015 936 1135 992 qua
1161 920 1364 977 multas
1395 920 1494 976 has
1523 920 1837 976 continent:

512 1198 567 1251 2.
603 1196 661 1251 Si
693 1197 851 1252 miles
896 1196 1164 1267 quintano
1193 1204 1289 1251 aut
1333 1205 1608 1268 quartana
1639 1212 1739 1253 suo
1768 1196 2007 1253 adverse-

445 1300 553 1356 tur,
594 1292 929 1359 castigetur:
979 1289 1064 1344 sin
1130 1298 1435 1359 quartanas
1472 1297 1567 1343 aut
1599 1293 1899 1359 quintanus
1925 1289 2021 1344 de-

445 1397 582 1436 cano
608 1397 709 1436 suo
740 1382 1076 1444 adversetur,
1110 1382 1407 1450 castigetur
1448 1395 1688 1449 quoque.
1728 1379 1822 1434 Sin
1865 1380 2025 1435 deca—

448 1483 552 1521 nus
600 1468 942 1534 centurioni,
984 1468 1102 1537 pari
1149 1469 1333 1522 modo.
1379 1465 1475 1521 Sin
1507 1468 1633 1535 quis
1682 1481 1750 1522 ex
1797 1468 2027 1524 cohorte

449 1565 647 1619 audeat
678 1568 783 1619 hoc
813 1566 1078 1620 adversus
1122 1578 1283 1620 suum
1337 1564 1509 1633 ipsius
1534 1564 1789 1620 comitem
1822 1564 2022 1633 facere,

449 1656 623 1725 capite
652 1657 946 1726 plectatur.

522 1748 577 1801 5.
615 1745 671 1800 Si
716 1746 843 1815 quis
895 1744 1151 1815 injuriam
1194 1761 1225 1800 a
1281 1761 1556 1816 quoquam
1606 1746 1900 1817 acceperit,
1954 1747 2023 1803 ad

2123 926 2443 995 ταγμάτων,
2466 923 2895 995 προσκαλεῖσθαι
2928 923 3159 989 πάντας,
3212 924 3307 977 καὶ
3358 924 3710 991 ὐπαναγινώ-

2126 1032 2276 1070 σκειν
2304 1014 2488 1078 αὐτοῖς
2515 1014 2584 1067 τὰ
2627 1014 2893 1085 εἰρημένα
2907 1013 3117 1083 νόμιμα
3133 1012 3503 1083 στρατιωτικά
3530 1012 3709 1067 ἐπιτί-

2126 1124 2227 1176 μια
2250 1107 2444 1177 ἔχοντα
2475 1103 2649 1167 οὕτως
2666 1121 2679 1134 ·

2197 1196 2263 1269 β’.
2304 1197 2429 1252 Ἐἀν
2450 1195 2789 1268 στρατιώτης
2819 1195 2897 1265 τῷ
2923 1195 3037 1265 ἰδίῳ
3059 1199 3339 1268 πεντάρχῃ
3372 1195 3405 1265 ἢ
3427 1195 3709 1269 τετράρχῃ

2124 1286 2448 1358 ἐναντιωθῇ,
2482 1284 2932 1356 σωφρονιζέσθω·
2971 1285 3021 1339 εἰ
3049 1285 3107 1338 δὲ
3130 1286 3439 1356 τετράρχης
3463 1286 3496 1356 ἢ
3547 1302 3710 1338 πεντ-

2124 1380 2301 1452 άρχης
2330 1380 2407 1450 τῷ
2450 1378 2565 1450 ἰδίῳ
2598 1378 2872 1449 δεκάρχῳ,
2923 1378 3126 1448 ὁμοίως
3171 1377 3591 1449 σωφρονιζέσθω
3611 1393 3627 1411 ·
3656 1379 3708 1431 εἰ

2122 1472 2180 1526 δὲ
2206 1472 2461 1541 δέκαρχοι
2484 1468 2562 1540 τῷ
2596 1469 2898 1542 πεντάρχῃ.
2933 1468 2997 1521 Εἰ
3024 1467 3081 1522 δέ
3108 1484 3194 1532 τις
3221 1458 3331 1522 τῶν
3362 1468 3457 1522 τοῦ
3490 1469 3711 1539 τάγμα-

2121 1579 2214 1626 τος
2263 1562 2516 1633 τολμήσῃ
2549 1564 2710 1614 τοῦτο
2771 1561 2996 1631 ποιῆσαι
3023 1561 3103 1624 είς
3124 1560 3215 1615 τὸν
3247 1560 3441 1614 ἑαυτοῦ
3468 1561 3710 1631 κόμητα,

2130 1652 2402 1724 κεφαλικῇ
2434 1652 2676 1723 τιμωρίᾳ
2701 1651 3031 1705 ὑποκείσθω.

2198 1744 2267 1815 γ’.
2292 1744 2358 1798 Εἰ
2413 1744 2601 1815 μέντοι
2655 1742 2887 1813 ἀδικηθῇ
2952 1742 3106 1814 παρά
3146 1759 3322 1809 τινος,
3364 1742 3444 1813 τῷ
3487 1742 3710 1814 ἄρχοντι

448 1838 690 1894 cohortis
716 1853 828 1892 suae
866 1837 1181 1907 praefectum
1218 1837 1454 1893 referat:
1504 1838 1590 1894 sin
1617 1839 1686 1892 ab
1723 1839 1844 1909 ipso
1879 1854 2019 1910 pra:-

2156 1836 2223 1891 οὖ
2277 1838 2555 1907 τάγματος
2619 1834 2926 1907 προσέλθῃ·
2978 1836 3027 1889 εἰ
3058 1834 3115 1888 δὲ
3146 1835 3296 1906 παρά
3349 1834 3445 1889 τοῦ
3506 1836 3708 1907 ἄρχον-

450 1928 591 1984 lecto
618 1929 865 1994 laedatur,
903 1929 1099 2000 majori
1130 1930 1294 1986 alicui
1328 1929 1586 2000 pmfecto
1609 1940 1817 1987 narret.

518 2111 573 2165 4.
611 2111 668 2166 Si
702 2112 827 2182 quis
874 2113 1073 2169 audeat
1112 2113 1381 2184 magicam
1421 2094 1702 2181 exercere,
1744 2131 1855 2186 quo
1891 2125 2029 2171 tem-

450 2219 583 2275 pore
614 2205 880 2260 militares
908 2206 1133 2260 domum
1159 2220 1317 2261 suam
1347 2207 1718 2277 remittuntur,
1764 2219 2029 2279 perpetuo

451 2295 520 2349 ab
549 2295 806 2351 omnibus
840 2295 1063 2352 aciebus
1092 2295 1418 2367 expellatur.

523 2475 579 2528 5.
634 2473 692 2528 Si
732 2474 827 2544 qui
896 2474 1335 2543 conjurationem
1394 2482 1490 2528 aut
1519 2483 1741 2544 pactum
1804 2474 2027 2544 aliquod

454 2574 642 2619 contra
672 2565 989 2637 prmfeclum
1029 2582 1190 2621 suum
1227 2566 1421 2636 quavis
1465 2567 1532 2620 de
1568 2581 1735 2621 causa
1780 2565 2028 2634 fecerint,

456 2656 633 2723 rapite
665 2657 999 2726 plectantur,
1038 2666 1093 2710 et
1120 2656 1173 2709 in
1207 2656 1398 2726 primis
1430 2656 1531 2718 illi,
1563 2658 1659 2727 qui
1691 2656 1854 2727 hujus
1882 2658 2030 2714 sedi-

455 2749 619 2803 tionis
642 2757 697 2803 et
725 2748 1125 2818 conjurationis
1162 2756 1418 2803 auctores
1452 2747 1677 2803 fuerint.
1750 2748 1797 2781 τ’

517 2930 574 2984 6.
608 2929 665 2983 Si
718 2930 805 2984 cui
850 2929 1097 2985 custodia
1150 2928 1391 2983 civitatis
1420 2938 1515 2984 aut
1543 2928 1750 2984 castelli
1800 2930 2030 3001 alicujus

455 3022 741 3075 commissa
763 3031 867 3085 est,
899 3021 1054 3090 isque
1079 3036 1199 3075 eam
1223 3019 1546 3091 prodiderit,
1571 3031 1667 3075 aut
1696 3022 1867 3076 invito
1893 3039 2029 3092 pne-

2127 1945 2219 1991 τος
2281 1925 2447 1980 αὐτοῦ
2502 1925 2775 1998 ἀδικηθῇ,
2830 1926 2908 1997 τῷ
2987 1926 3195 1996 μείζονι
3259 1927 3478 2000 ἄρχοντι
3536 1945 3711 1998 προσ-

2129 2017 2283 2092 έλθῃ.

2197 2109 2261 2164 δ’.
2292 2109 2419 2164 Ἐάν
2447 2126 2532 2172 τις
2562 2108 2810 2182 τολμήσῃ
2840 2108 3105 2179 βαγεῦσαι
3135 2108 3245 2179 (ἳὸ)
3286 2108 3426 2179 ὑπὲρ
3460 2108 3551 2161 τὸν
3584 2109 3714 2180 χρό.

2130 2217 2220 2255 νον
2252 2216 2349 2253 του
2378 2198 2678 2269 κομεάτου,
2724 2199 2892 2269 ήγουν
2924 2198 3022 2268 τῆς
3054 2197 3371 2260 ἀπολύσεως
3402 2197 3512 2250 τῶν
3540 2214 3713 2269 στρα-

2128 2292 2338 2346 τιωτῶν
2370 2294 2451 2356 εἰς
2479 2292 2606 2355 τοὺς
2630 2290 2796 2355 ἰδίους
2819 2289 3027 2357 οἴκους,
3056 2292 3135 2353 εἰς
3158 2290 3382 2362 διηνεκῆ
3397 2287 3716 2355 ταξατέωνα

2130 2383 2462 2455 κατακριθῇ.

2210 2476 2273 2531 ε’.
2299 2477 2363 2530 Εἰ
2391 2476 2448 2529 δέ
2473 2491 2619 2538 τινες
2648 2474 2964 2545 τολμήσωσι
2997 2472 3359 2543 συνομωσίαν,
3382 2471 3415 2541 ἢ
3449 2472 3709 2542 φατρίαν,

2132 2570 2275 2624 κιτά
2304 2568 2398 2623 τοῦ
2429 2568 2689 2640 ἄρχοντος
2716 2564 2811 2619 τοῦ
2870 2564 3001 2617 ἰδίου
3029 2566 3273 2635 ποιήσαι,
3314 2564 3453 2635 ὑπὲρ
3486 2564 3713 2634 οἱασδή-

2133 2680 2264 2717 ποτε
2293 2662 2495 2727 αἰτίας,
2555 2658 2825 2728 κεφαλικῇ
2862 2655 3103 2727 τιμωρίᾳ
3144 2654 3518 2724 ὑποϐληθῶσι,
3568 2655 3714 2708 κατά

2133 2754 2411 2824 ἐξαίρετον
2429 2752 2480 2804 οἱ
2510 2750 2718 2819 πρῶτοι
2746 2750 2845 2818 τῆς
2891 2745 3235 2816 συνομωσίας
3266 2744 3301 2813 ἢ
3334 2744 3434 2815 τῆς
3467 2744 3712 2807 στάσεως

2131 2846 2436 2915 γενόμενοι.

2206 2938 2278 3003 ς’.
2311 2939 2379 2992 Εἴ
2407 2956 2491 3002 τις
2508 2937 2906 3010 παραφυλακήν
2935 2936 3140 2999 πόλεως
3170 2937 3202 3007 ἢ
3227 2936 3466 3005 κάστρου
3489 2946 3715 2983 πιστευ-

2133 3034 2247 3096 θεὶς
2274 3031 2429 3085 τοῦτο
2456 3030 2830 3104 παραδώσῃ,ἥ
2861 3029 3010 3101 παρά
3044 3028 3268 3099 γνώμην
3308 3026 3403 3079 τοῦ
3454 3025 3716 3093 ἄρχοντος

454 3109 596 3165 fecto
662 3110 991 3175 deseruerit,
1055 3117 1302 3163 extremo
1369 3110 1637 3179 supplicio
1704 3110 2025 3167 alliciatur:

2156 3123 2297 3178 ιύτοῦ
2328 3124 2537 3177 ἐκεῖθεν
2569 3124 2923 3195 ἀναχωρήσῃ,
2956 3122 3163 3194 ἐσχάτῃ
3190 3120 3432 3192 τιμωρίᾳ
3468 3114 3711 3185 ὑποϐλη-

526 3289 579 3344 7.
608 3289 664 3343 Si
693 3289 816 3358 quis
844 3288 1086 3359 seipsum
1144 3288 1385 3342 inimicis
1418 3290 1646 3358 prodere
1674 3292 1811 3348 velle
1836 3293 2027 3363 depre-

462 3381 756 3445 hendatur,
794 3389 1041 3435 extremo
1071 3381 1340 3450 supplicio
1368 3381 1653 3437 alliciatur.

508 3488 802 3558 Nequeille
855 3488 1052 3551 solum,
1081 3488 1175 3543 sed
1208 3488 1254 3543 is
1282 3491 1447 3543 etiam
1480 3490 1573 3560 qui
1607 3506 1730 3545 cum
1776 3496 2031 3550 conscius

458 3582 622 3650 hujus
655 3580 937 3645 facinoris,
967 3580 1020 3634 id
1050 3580 1229 3650 ipsum
1272 3590 1449 3635 tamen
1500 3580 1757 3653 praafecto
1790 3584 2033 3640 indicare

460 3672 657 3727 noluit.

528 3764 581 3819 8.
618 3762 677 3818 Si
722 3764 847 3834 quis
888 3779 1013 3818 cum
1056 3764 1249 3819 decani
1306 3765 1561 3819 mandata
1610 3766 1872 3833 audierit,
1921 3783 2032 3823 non

458 3864 587 3928 agat
610 3870 696 3921 ea,
721 3856 1041 3925 castigetur.
1080 3856 1175 3911 Sin
1206 3867 1427 3927 propter
1462 3858 1826 3928 ignorantiam
1858 3859 2035 3915 oﬂ’en-

458 3946 621 4007 derit,
649 3946 891 4001 decanus
917 3947 1051 4016 ipse,
1083 3946 1177 4016 qui
1212 3946 1316 4003 hoc
1351 3948 1426 4002 illi
1461 3962 1571 4002 non
1632 3949 1914 4013 indicavit,
1946 3965 2038 4017 ca-

458 4038 706 4107 stigetur.

531 4128 587 4182 9.
629 4127 688 4183 Si
732 4129 859 4195 quis
898 4128 1134 4184 bestiam
1186 4129 1427 4199 aliquam
1479 4138 1574 4184 aut
1622 4146 1739 4187 rem
1786 4132 1901 4189 sive
1926 4148 2041 4188 ma-

460 4237 624 4291 gnam
660 4221 775 4276 sive
824 4237 1048 4291 parvam
1100 4222 1388 4289 invenerit,
1427 4233 1481 4277 ct
1510 4238 1631 4278 eam
1657 4223 1914 4294 praefecto
1939 4240 2042 4280 suo

462 4329 571 4369 non
599 4314 907 4377 tradiderit,
953 4323 1065 4367 tum
1100 4314 1237 4385 ipse,
1265 4324 1379 4369 tum
1414 4316 1507 4385 qui
1537 4318 1793 4373 conscius
1832 4318 1905 4373 illi
1937 4328 2039 4383 est,

463 4403 622 4475 quasi
660 4403 808 4459 fures
848 4403 1067 4471 utrique
1095 4404 1452 4473 castigentur.

536 4633 625 4687 lo.
662 4632 719 4688 Si
759 4633 881 4704 quis
930 4633 1189 4688 damnum
1246 4634 1511 4704 municipi
1565 4649 1666 4690 suo
1718 4633 1930 4701 fecerit,
1984 4646 2041 4692 et

464 4725 597 4779 illud
625 4724 908 4779 voluntate
929 4738 1028 4779 sua
1060 4738 1168 4779 non
1193 4724 1524 4791 resarcierit,
1548 4724 1767 4794 duplam
1796 4726 1871 4780 illi
1902 4728 2041 4782 mul-

465 4825 577 4869 tam
612 4814 906 4884 persolvat.
1414 4810 1415 4813 “

539 4906 631 4960 il.
664 4906 722 4959 Si
762 4906 890 4976 quis
922 4906 1109 4975 aliquo
1140 4904 1445 4960 vacationis
1490 4911 1737 4975 tempore
1771 4908 2043 4965 intermis-

2068 4482 2122 4542 D

2133 3219 2197 3273 θή
2207 3236 2376 3273 σεται.

2169 3221 2376 3375 ﬁgit:
2397 3326 2480 3373 τις
2509 3308 2742 3379 ἔλεγχθῇ
2774 3307 3008 3379 θελήσας
3031 3306 3245 3377 ἐχθροῖς
3288 3303 3483 3359 ἑαυτὸν
3533 3318 3715 3372 παρα-

2130 3403 2334 3470 δοῦναι,
2374 3406 2440 3474 τῇ
2465 3402 2672 3474 ἐσχάτῃ
2695 3399 2935 3472 τιμωρίᾳ
2962 3398 3268 3469 ὑποϐληθῇ.

2195 3517 2269 3569 υίδ
2295 3519 2455 3588 μόνον
2494 3516 2676 3581 αὐτὸς,
2701 3514 2837 3569 ἀλλὰ
2866 3516 3000 3569 καὶὸ
3030 3514 3187 3567 τοῦτο
3223 3511 3498 3574 συνειδώςε
3532 3507 3719 3578 tuabi]

2133 3610 2291 3663 τοῦτο
2320 3609 2481 3677 γνοὺς
2521 3609 2598 3679 τῷ
2627 3608 2848 3680 ἄρχοντι
2888 3606 2989 3660 οὐκ
3035 3607 3323 3677 ἐμήνυσεν.

2210 3793 2281 3864 η’.
2315 3792 2384 3845 Εἴ
2414 3810 2498 3857 τις
2530 3791 2772 3855 ἀκούσας
2805 3791 2873 3845 τά
2927 3792 3170 3861 μανδάτα
3217 3788 3311 3843 τοῦ
3343 3788 3610 3858 δεκάρχου
3641 3786 3719 3859 μὴ

2141 3884 2377 3955 φυλάξῃ,
2446 3883 2888 3954 σωφρονιζέσθω.
2934 3883 2996 3935 Εἰ
3027 3882 3083 3934 δὲ
3106 3881 3313 3950 ἀγνοῶν
3366 3881 3434 3935 τὰ
3478 3881 3723 3952 μανδάτα

2143 3977 2372 4051 πταίσῃ,
2406 3979 2435 4031 δ
2465 3976 2738 4047 δεκάρχης
2767 3973 3207 4045 σωφρονιζέσθω,
3237 3972 3423 4044 ἐπειδὴ
3451 3972 3512 4025 οὐ
3536 3973 3723 4043 προεῖ-

2145 4087 2245 4123 πεν
2268 4068 2438 4140 αὐτῷ.

2214 4163 2279 4218 θ’.
2317 4162 2386 4217 Εἴ
2433 4180 2520 4227 τις
2577 4162 2768 4231 ἄλογον
2804 4161 2940 4226 ζῶον
2985 4161 3018 4231 ἢ
3074 4160 3201 4216 ἄλλο
3229 4160 3539 4230 οἰονδήποτε
3580 4153 3723 4222 εἶδος

2146 4252 2399 4325 μικρδνή
2437 4251 2578 4322 μέγα
2626 4250 2824 4322 εὑρὼν,
2857 4251 2932 4321 μὴ
2965 4249 3123 4303 τοῦτο
3151 4248 3459 4322 φανερώσῃ,
3520 4248 3617 4301 καὶ
3644 4247 3724 4316 τῷ

2144 4346 2361 4416 ἄρχοντι
2395 4342 2474 4414 τῷ
2498 4342 2613 4412 ἰδίῳ
2645 4342 2962 4413 παραδώσῃ,
2997 4338 3434 4411 σωφρονιζέσθω,
3473 4337 3534 4391 οὐ
3562 4339 3725 4408 μόνον

2148 4434 2331 4500 αὐτὸς,
2350 4434 2486 4488 ἀλλά
2507 4433 2599 4487 καὶ
2623 4434 2652 4486 δ
2678 4431 2934 4496 συνειδὼς
2962 4431 3208 4502 αὑτῷ,ώς
3231 4430 3457 4484 κλέπται
3479 4430 3726 4500 ἀμφότε-

2148 4545 2250 4597 ροι.

2220 4640 2274 4695 ι’.
2334 4640 2405 4696 Εἴ
2461 4658 2546 4705 τις
2568 4639 2830 4713 ζημιώσῃ
2876 4640 3249 4712 συντελεστὴν,
3296 4640 3388 4693 καὶ
3417 4639 3493 4710 μὴ
3536 4640 3728 4693 τοῦτον

2144 4736 2464 4807 προαιρέσει
2482 4734 2931 4806 ἀποθεραπεύσῃ,
2960 4733 3101 4789 κατὰ
3126 4734 3185 4787 τὸ
3206 4734 3484 4788 διπλάσιον
3510 4733 3611 4805 τὴν
3624 4734 3726 4805 ζη-

2149 4828 2278 4898 μίαν
2312 4827 2461 4898 αὑτῷ
2489 4827 2943 4900 ἀποκαταστήσῃ.

2219 4919 2307 4975 ια’.
2343 4921 2409 4974 Εἴ
2429 4938 2510 4983 τις
2545 4919 2838 4989 λαμϐάνων
2867 4920 3130 4973 ἀπόλυσιν
3167 4919 3224 4972 ὲν
3257 4918 3540 4990 εὐκαιρίας
3589 4920 3729 4989 ήμέο

468 4999 679 5057 sionem
738 4999 978 5069 aliquam
1019 4998 1241 5063 habeat,
1273 5006 1328 5055 et
1358 5013 1423 5053 eo
1458 5008 1703 5069 tempore
1747 5016 1900 5055 arma
1945 5017 2034 5057 sua

2156 5029 2265 5083 ραις
2295 5010 2404 5065 τῶν
2427 5009 2622 5064 ἑαυτοῦ
2643 5011 2822 5064 ὅπλων
2854 5011 3268 5080 περιφρονήσει,
3308 5011 3401 5062 καὶ
3437 5011 3514 5083 μὴ
3536 5009 3731 5065 τοῦτο)

466 5092 790 5163 neglexerit,
815 5102 870 5148 et
898 5094 1139 5149 decanus
1166 5108 1290 5148 eum
1317 5108 1424 5147 non
1455 5092 1693 5163 coegerit
1722 5108 1861 5148 nova
1893 5109 2047 5149 com-

466 5199 686 5254 parare,
716 5196 809 5239 aut
847 5185 1037 5239 saltem
1066 5184 1324 5254 praefecto
1356 5200 1457 5239 suo
1480 5184 1584 5238 hoc
1625 5199 1734 5238 non
1766 5185 2042 5241 indicave-

468 5277 561 5344 rit,
596 5285 713 5333 tum
756 5278 936 5346 miles,
978 5286 1089 5331 tum
1121 5278 1365 5333 dccanus
1399 5277 1761 5347 caStigentur.

2142 5106 2170 5157 ὸ
2193 5103 2465 5174 δεκάρχης
2486 5103 2773 5175 ἀναγκάσῃ
2803 5104 3105 5174 κτήσασθαι
3141 5103 3275 5174 (26),
3302 5103 3334 5173 ἢ
3360 5103 3452 5156 καὶ
3484 5104 3563 5174 τῷ
3609 5104 3728 5176 ἰδίῳ

2142 5196 2363 5267 ἄρχοντι
2382 5196 2539 5249 τοῦτο
2568 5194 3082 5268 μὴ’φανερώσῃ,καὶ
3113 5198 3141 5249 ό
3169 5194 3508 5267 στρατιώτης
3537 5198 3726 5261 αὐτὸς,

2144 5286 2239 5339 καὶ
2266 5285 2292 5338 ὁ
2319 5284 2591 5354 δεκάρχης
2629 5286 3089 5356 σωφρονισθῶσιν.

1992 5425 2225 5484 NOTAE.

538 5532 653 5608 (25)
686 5533 1303 5608 Bargﬁqat._ln_codice
1332 5535 1550 5608 videtur
1595 5536 1768 5593 fuisse
1788 5579 1802 5605 ,
1833 5538 2039 5608 μαγεῦ-

469 5603 983 5691 σαιζθίαἰςζὶῆυἰέιιε
1007 5606 1061 5658 in
1096 5605 1229 5691 ’Leg.
1270 5607 1539 5685 n1iIiI.:EI'
1557 5624 1639 5691 τις
1669 5603 2042 5691 τολμήσῃβα-

470 5671 667 5749 γεᾷσαι
710 5671 987 5749 ιὶπὲρμτδν
1012 5671 1204 5749 χρόνον
1234 5676 1705 5749 τοῦρκομμεάτου,
1733 5671 1841 5748 τῆς
1879 5671 2044 5749 ἔτρα-

472 5690 667 5735 γιυσαι
710 5690 852 5794 usus
893 5690 987 5726 τον
1012 5690 1204 5744 χρονον
1234 5692 1329 5728 του
1365 5690 1705 5746 κομμεατου,
1733 5695 1831 5748 της
1879 5696 2044 5749 στρα-

472 5736 625 5802 τείας
651 5740 818 5805 ὲκὸλη
856 5743 1070 5805 ήσεται.
1106 5744 1263 5809 Apud
1316 5743 1537 5804 Graecos
1572 5749 1902 5814 posteriores
1950 5750 2047 5817 βα-

2142 5540 2349 5618 γεύειν,
2390 5545 2713 5618 es}._v_aga_ri,
2742 5562 2943 5603 errare.
2984 5546 3181 5603 Suidas
3219 5563 3235 5603 :
3274 5545 3551 5618 βαγεὺειν.
3581 5547 3723 5601 πλαο

2147 5612 2415 5679 νητεύειν.
2445 5610 2593 5668 Ἶίάε
2613 5614 2945 5670 Glossarium
2985 5625 3259 5673 nostrum.

2222 5682 2338 5763 $26)
2382 5682 2444 5735 '0
2469 5683 2768 5763 δσκάρχης
2800 5686 3116 5757 ἀναγκάσῃ
3172 5687 3531 5758 κτήσασθαι.
3557 5686 3724 5745 Deest

2153 5752 2309 5818 ἄλλα,
2347 5763 2441 5808 aut
2471 5755 2575 5809 tale
2602 5752 2755 5817 quid.
