4022 6428
325 370 430 434 765

1409 365 1740 427 TACTICA.
1779 388 1845 400 -
1877 361 2377 424 CONSTITUTIO
2405 361 2568 423 VIII.

3483 359 3589 421 766

402 479 490 552 ιβ’.
535 479 602 534 Et
626 495 713 541 τις
742 477 817 548 μὴ
848 477 1136 550 ὑπακούσῃ
1166 475 1246 549 τῷ
1276 476 1392 548 ἰδίῳ
1419 476 1663 547 ἄρχοντι,
1694 491 1908 545 σωφρος-

2077 473 2167 526 42.
2218 473 2276 528 Si
2315 474 2441 542 quis
2499 469 2755 542 praefecto
2797 486 2899 527 suo
2947 485 3059 526 nov.
3109 470 3586 542 obtemperaverit,

327 571 560 638 νιζόσθω
593 571 736 625 κο.τά
750 571 876 634 τοὺς
901 571 1123 641 νόμους.

403 663 492 732 ιγ’.
527 664 594 716 Εί
619 679 702 726 τις
758 661 1010 732 ζημιώσῃ
1064 660 1424 730 στρατιώτην,
1479 659 1538 711 ἐν
1588 657 1749 728 διπλῇ
1801 674 1903 710 πο-

333 753 518 822 σότητι
558 751 709 822 αύτῷ
755 750 1210 820 ἀποκαταστήσῃ,
1271 748 1472 820 ὁμοίως
1519 747 1614 800 καὶ
1657 746 1906 800 συντελε-

333 846 485 915 στήν.

405 932 486 987 ιδ’.
517 934 581 986 Εἰ
625 932 682 986 δὲ
720 932 778 985 ἐν
807 931 1225 1002 παραχειμαδίῳ
1252 930 1399 984 ἐστὶν
1429 932 1458 983 ὁ
1507 927 1757 1000 στρατὸς,
1811 923 1906 980 καὶ¹

333 1027 476 1079 κατά
499 1025 734 1096 πάροδον
775 1027 803 1078 ό
832 1024 1037 1096 ἄρχων,
1077 1025 1110 1094 ἢ
1168 1024 1197 1076 ό
1243 1021 1600 1092 στρατιώτης,
1652 1018 1907 1090 ζημιώσῃ

333 1117 715 1188 συντελεστην,
763 1117 857 1170 καὶ
897 1118 973 1187 μὴ
1021 1115 1211 1170 τοῦτον
1267 1115 1492 1177 δεόντως
1526 1110 1908 1183 ἀποθεραπεύ-

334 1225 426 1281 σῃ,
450 1212 508 1262 ἐν
527 1209 689 1280 διπλῇ
723 1207 980 1278 ποσότητι
1000 1207 1158 1260 τοῦτο
1180 1205 1329 1275 αύτῷ
1353 1205 1802 1274 ἀποκαταστήσῃ.

407 1299 488 1354 ιε’.
533 1301 600 1353 Εἰ
635 1317 720 1363 τις
759 1301 816 1352 ἐν
849 1297 1025 1370 καιρῷ
1073 1296 1314 1366 πολέμου
1347 1296 1468 1365 δίχα
1491 1293 1762 1364 κομεάτου
1794 1290 1906 1360 (27)

332 1392 501 1460 ἧγουν
522 1391 834 1454 ἀπολύσεως
867 1389 960 1443 τοῦ
993 1388 1244 1460 στρατοῦ,
1277 1385 1610 1458 στρατιώτην
1642 1381 1910 1438 ἀπολῦσαι

331 1483 578 1554 τολμήσῃ
596 1524 610 1549 ,
653 1483 946 1553 τριάκοντα
976 1481 1329 1550 νομισμάτων
1357 1479 1547 1548 ποινὴν
1575 1477 1782 1530 διδότω.
1823 1474 1910 1526 Ἐν

331 1575 508 1644 καιρῷ
527 1575 582 1627 δὲ
601 1573 1032 1643 παραχειμαδίου
1055 1573 1132 1635 είς
1149 1571 1290 1642 δύοῆ
1311 1572 1456 1642 τρεῖς
1475 1568 1647 1640 μῆνας
1669 1565 1907 1619 ποιείτω·

333 1670 392 1720 ἐν
425 1667 602 1738 καιρῷ
631 1668 685 1720 δὲ
712 1668 956 1738 εἰρήνης,
995 1665 1136 1718 κατά
1189 1664 1250 1716 τὺ
1301 1663 1576 1732 διάστημα
1617 1660 1716 1729 τῆς
1739 1660 1913 1728 ἐπαρα-

2011 565 2224 636 legibus
2251 566 2570 634 castigetur.

2085 659 2171 713 15.
2203 657 2259 712 Si
2283 658 2409 728 quis
2438 656 2699 712 damnum
2753 658 2911 714 militi
2941 667 3037 712 aut
3067 655 3334 728 municipi
3375 657 3586 726 fecerit,

2014 753 2240 823 duplum
2279 753 2356 806 illi
2386 752 2658 807 restituat.

2091 932 2180 987 M.
2221 931 2278 986 Si
2307 932 2362 986 in
2389 931 2637 986 hibernis
2670 931 2834 986 fuerit
2866 932 3167 1000 exercitus,
3189 942 3243 988 et
3274 934 3327 988 in
3361 934 3589 1004 ipsoiti-

2017 1039 2144 1079 nere
2170 1023 2281 1078 dux
2320 1023 2402 1078 vel
2443 1024 2601 1078 miles
2650 1024 2912 1078 damnum
2978 1024 3238 1096 municipi
3281 1026 3492 1094 fecerit,
3529 1037 3589 1081 ct

2017 1115 2150 1170 illud
2201 1115 2421 1180 iterum,
2455 1115 2911 1184 quemadmodum
2942 1131 3040 1184 par
3070 1124 3173 1181 est,
3207 1131 3315 1170 non
3341 1131 3591 1188 compen-

2018 1209 2242 1276 saverit,
2278 1208 2502 1277 duplum
2537 1207 2613 1261 illi
2641 1207 2952 1276 persolvere
2983 1216 3232 1276 cogatur.

2089 1302 2178 1356 15.
2212 1301 2270 1356 Si
2299 1301 2424 1371 quis
2449 1302 2572 1356 belli
2602 1310 2848 1371 tempore
2878 1300 2997 1355 sine
3026 1311 3357 1367 commeatu,
3398 1302 3450 1356 id
3482 1311 3591 1366 est,

2017 1387 2343 1442 dimissione
2390 1387 2682 1453 exercitus,
2755 1386 2986 1440 militem
3043 1386 3319 1442 dimittere
3370 1389 3588 1450 audeat,

2019 1479 2242 1550 triginta
2299 1479 2541 1533 nummis
2598 1478 2882 1533 multetur.
2931 1477 3186 1532 Hibernis
3224 1488 3408 1532 autem
3452 1480 3592 1534 duos

2019 1580 2116 1628 aut
2149 1582 2258 1626 tres
2287 1586 2504 1628 menses
2535 1571 2639 1628 hoc
2666 1571 2870 1627 faciat:
2901 1571 3056 1641 pacis
3083 1579 3330 1640 tempore
3360 1587 3462 1641 pro
3510 1573 3593 1626 in-

2020 1664 2248 1720 tervallo
2296 1664 2402 1718 loci
2430 1672 2770 1719 commeatus
2825 1663 2942 1720 sive
2989 1663 3329 1718 dimissionis
3378 1671 3593 1734 tempus

335 1759 458 1828 χίας
487 1761 516 1812 ό
545 1759 644 1829 τῆς
668 1757 985 1820 ἀπολύσεως
1011 1755 1201 1826 καιρὸς
1229 1755 1307 1825 τῷ
1333 1756 1641 1824 στρατιώτῃ
1665 1750 1910 1804 διδόσθω.

2027 1755 2186 1810 militi
2215 1754 2568 1810 concedatur.

410 1853 506 1919 ις’.
531 1852 600 1905 Εἰ
645 1868 727 1914 τις
762 1849 916 1902 πόλιν
947 1848 980 1919 ἦ
1016 1849 1250 1918 κάστρον
1283 1844 1593 1906 πιστευθεὶς
1626 1845 1705 1904 εἰς
1732 1859 1908 1912 παρα--

338 1943 584 2016 φυλακὴν
646 1938 802 1992 τοῦτο
867 1937 1167 2008 προδώσει,
1226 1935 1259 2005 ἢ
1315 1934 1483 2004 χωρὶς
1535 1931 1779 2001 ἀνάγκης
1829 1930 1909 1992 εἰς

334 2036 481 2105 ζωὴν
533 2028 912 2098 συντεινούσης
958 2027 1331 2097 ἀναχωρήσῃ,
1394 2023 1691 2094 δυνάμενος
1747 2019 1909 2074 τοῦτο

333 2125 637 2195 ἐκδικῆσαι,
663 2120 932 2189 κεφαλικῇ
976 2119 1218 2187 τιμωρίᾳ
1265 2115 1667 2170 ὑποὸαλλέσθω.

409 2217 496 2280 ιζ’.
527 2213 714 2267 Ταῦτα
745 2211 842 2281 μὲν
871 2209 968 2264 καὶ
999 2211 1055 2261 ἐν
1094 2208 1272 2280 καιρῷ
1295 2208 1600 2279 γυμνασίας
1622 2205 1760 2275 όμοῦ
1789 2222 1912 2259 συν·

333 2307 592 2379 ηγμένων
654 2304 764 2358 τῶν
837 2299 1185 2372 στρατιωτῶν
1253 2297 1787 2366 ύπαναγινωσκέσθω
1842 2296 1911 2348 τά

335 2399 626 2469 ἐπιτίμια,
687 2396 780 2448 καὶ
831 2395 890 2447 ἐν
951 2393 1122 2463 ἑτέρῳ
1179 2391 1476 2461 οίῳδήποτε
1530 2388 1707 2460 καιρῷ
1773 2388 1912 2458 πρὸς

335 2489 541 2561 εἴδησιν
566 2489 674 2542 τῶν
705 2484 1051 2558 στρατιωτῶν
1104 2483 1198 2535 καὶ
1228 2481 1336 2534 τῶν
1391 2481 1671 2550 ἀρχόντων
1701 2477 1908 2531 αὑτῶν.

411 2579 499 2652 ιη’.
532 2582 623 2632 Διί
652 2578 708 2631 δὲ
744 2576 1075 2646 συνταγῆναι
1109 2573 1292 2634 αὐτοῖς
1325 2572 1416 2624 καὶ
1454 2571 1521 2623 τά
1542 2569 1704 2622 λοιπά
1736 2570 1911 2622 ἐπιτί-

341 2692 465 2746 μια,
503 2675 603 2726 ὅσα
633 2673 752 2724 δέον
786 2671 843 2722 ἐν
869 2667 948 2739 τῷ
980 2665 1156 2738 καιρῷ
1177 2664 1274 2719 τοῦ
1308 2663 1549 2733 πολέμου
1601 2662 1913 2730 ἀναγκαίως

335 2767 567 2837 φυλάττε
576 2765 716 2821 σθαι.

403 2858 488 2913 ιθ’.
523 2857 677 2912 Μετά
703 2855 794 2909 οὖν
833 2854 892 2908 τὸ
925 2853 1158 2924 ταγῆναι
1213 2850 1282 2904 τὰ
1336 2849 1594 2919 τάγματα
1639 2846 1913 2916 ἀναγινώ-

336 2969 526 3007 σκεται
561 2951 652 3004 καὶ
683 2949 854 3003 ταῦτα
872 2947 1065 3010 οὕτως’

408 3044 476 3098 κ’.
525 3043 652 3097 Ἐἀν
712 3040 1053 3112 στρατιώτης
1106 3037 1162 3089 ἐν
1204 3032 1382 3105 καιρῷ
1433 3031 1788 3104 παρατάξεως
1821 3031 1915 3085 καὶ

2092 1844 2176 1900 16.
2207 1843 2265 1898 Si
2293 1845 2386 1898 cui
2418 1843 2667 1899 custodia
2704 1843 2960 1909 civitatis,
2993 1851 3088 1898 aut
3115 1842 3323 1899 castelli
3353 1842 3589 1913 alicujus

2017 1935 2312 1991 commissa
2337 1945 2441 2000 est,
2476 1943 2530 1990 et
2563 1950 2684 1989 eam
2721 1935 3040 2006 prodiderit,
3075 1935 3158 1989 vel
3188 1935 3306 1988 sine
3351 1935 3592 1989 necessi-

2020 2036 2129 2082 tate
2162 2027 2343 2097 aliqua
2392 2027 2459 2081 ad
2503 2027 2673 2081 vitam
2723 2027 3030 2096 pertinente
3082 2026 3425 2092 discesserit,
3466 2041 3594 2082 cum

2017 2121 2400 2192 possetlocum
2430 2118 2738 2186 defendere,
2771 2121 2949 2190 capite
2978 2120 3264 2189 plectatur.

2095 2214 2184 2269 l7.
2223 2212 2316 2269 Hm
2345 2214 2689 2285 congregatis
2738 2213 2857 2283 ipso
2885 2202 3319 2276 jexercitationis
3353 2223 3597 2284 tempore

2019 2307 2311 2370 militibus,
2369 2315 2424 2361 et
2494 2306 2601 2361 alio
2648 2306 2844 2375 quovis
2897 2306 3095 2361 idoneo
3172 2315 3418 2376 tempore
3451 2348 3466 2372 ,
3526 2306 3594 2360 ad

2019 2399 2258 2453 militum
2327 2409 2382 2454 et
2449 2397 2831 2467 praefectorum
2901 2398 3192 2454 scientiam
3269 2398 3457 2453 multa:
3513 2398 3595 2452 le-

2019 2499 2239 2560 gantur.

2092 2581 2183 2636 18.
2231 2580 2645 2636 (Σοηεῑίιιιοηάιε
2694 2590 2955 2649 praetcrea
3007 2580 3113 2636 illis
3154 2581 3376 2652 reliquae
3414 2581 3599 2636 multa:

2022 2683 2184 2739 sunt,
2242 2688 2365 2743 quae
2437 2672 2562 2728 belli
2622 2681 2867 2743 tempore
2934 2673 3249 2729 necessario
3318 2674 3598 2728 servanda:

2021 2773 2173 2821 sunt.

2094 2852 2182 2906 19.
2212 2849 2342 2906 Post
2373 2851 2670 2905 instructas
2697 2848 2971 2915 cohortes,
3011 2851 3126 2906 haec
3159 2850 3265 2905 illis
3290 2850 3544 2922 legantur
3579 2870 3594 2904 :

2087 3021 2183 3076 20.
2217 3020 2275 3075 Si
2319 3021 2473 3076 miles
2509 3021 2637 3076 belli
2668 3029 2911 3091 tempore
2948 3022 3120 3076 aciem
3178 3037 3335 3077 suam
3377 3032 3471 3078 aut
3499 3038 3596 3077 co-

335 3132 576 3202 πολὲμου
603 3131 700 3202 τὴν
754 3130 908 3194 τάξιν
937 3130 970 3198 ἢ
1005 3127 1065 3180 τὸ
1114 3126 1304 3197 βάνδον
1371 3123 1537 3176 αὑτοῦ
1591 3124 1727 3194 ἐάσῃ
1761 3121 1913 3192 καὶῆ

2027 3116 2233 3169 hortem
2279 3115 2579 3184 reliquerit,
2612 3124 2705 3169 aut
2740 3114 3032 3183 aufugerit,
3067 3123 3161 3169 aut
3199 3115 3379 3170 locum
3413 3116 3465 3168 in
3487 3132 3598 3184 quo

335 3225 506 3295 φύγῃ,
532 3223 684 3294 ἢτοῦ
713 3223 882 3275 τόπου
914 3222 970 3273 ἐν
1001 3214 1046 3287 ᾧ
1107 3218 1279 3287 ἐτάγη
1313 3213 1660 3284 προπηδήσῃ,
1716 3213 1750 3281 ἦ
1787 3229 1918 3266 σκυ-

333 3317 504 3388 λεύσῃ
535 3318 747 3385 νεκρὶν,
775 3313 911 3384 ἢείς
955 3306 1229 3373 ἐπιδίωξιν
1267 3306 1478 3378 ἐχθρῶν
1500 3305 1846 3377 καταδράμῃ,
1882 3303 1916 3373 ἢ

331 3411 540 3480 τούλδῳ
581 3408 899 3478 ἢφοσσάτῳ
949 3403 1159 3474 ἐχθρῶν
1213 3399 1439 3473 ἐπέλθῃ,
1488 3397 1784 3467 κελεύομεν
1824 3397 1919 3449 καὶ

331 3500 868 3575 τιμωρεῖσθαιαύτὸν
893 3495 1224 3566 κεφαλικῶς,
1240 3494 1333 3546 καὶ
1355 3494 1532 3547 πάντα
1548 3491 1638 3556 τά,
1658 3493 1732 3551 ὼς
1749 3489 1917 3555 εἰκὸς,

331 3595 465 3665 παρ’
519 3591 683 3648 αύτοῦ
731 3589 1093 3660 εὑρισκόμενα
1118 3584 1469 3656 ἀφαιρεῖσθαι
1509 3584 1603 3635 καὶ
1654 3581 1730 3651 τῷ
1757 3579 1920 3649 κοινῷ

331 3687 570 3742 δίδοσθαι
608 3685 701 3738 τοῦ
749 3685 1052 3750 τάγματος,
1084 3679 1159 3742 ὼς
1182 3677 1279 3746 τὴν
1316 3676 1471 3741 τάξιν
1507 3672 1914 3745 παραλύσαντα,

334 3781 562 3842 καὶτοῖς
590 3776 796 3847 ἑτέροις
837 3773 948 3844 (‘28)
976 3770 1139 3824 αὐτοῦ
1177 3766 1660 3822 ἐπιϐουλεύσαντα.

412 3869 519 3924 κα’.
557 3869 683 3922 Ἐὰν
715 3869 772 3921 ἐν
805 3863 982 3936 καιρῷ
1004 3863 1271 3934 δημοσίας
1306 3857 1668 3930 παρατάξεως
1699 3855 1732 3927 ἦ
1781 3873 1918 3925 συμ-

335 3961 498 4032 ϐολῆς
525 3961 724 4032 τροπὴ,
747 3959 884 4026 ὅπερ
909 3955 1096 4024 ἀπείη,
1126 3954 1352 4023 γένηται
1377 3951 1506 4004 ἄνευ
1529 3949 1673 4011 τινὸς
1693 3948 1918 4016 εὐλόγου

332 4054 430 4107 καὶ⁸
460 4053 698 4122 φανερᾶς
733 4047 936 4113 αἰτίας,
983 4045 1276 4115 κελεύομεν
1303 4044 1430 4106 τοὺς
1463 4040 1798 4111 στρατιώτας
1822 4038 1917 4091 τοῦ

336 4143 561 4216 πρώτου
593 4143 891 4212 φεύγοντος
925 4140 1206 4208 τάγματος
1239 4135 1334 4190 καὶ
1383 4130 1790 4204 ἀναχωροῦντος
1821 4131 1918 4200 τῆς

333 4235 716 4306 παρατάξεως,
747 4233 865 4300 ἦτοι
903 4227 997 4283 τοῦ
1060 4227 1191 4279 ίὸίου
1256 4226 1478 4296 μέρους,
1529 4221 1655 4285 τοὺς
1705 4221 1782 4282 εἰς
1821 4219 1920 4290 τὴν

337 4329 519 4399 μάχην
541 4325 806 4394 ταγὲντας
827 4318 1316 4382 ἀποδεκατοῦσθαι,
1348 4315 1442 4369 καὶ
1463 4313 1566 4367 ὑπὸ
1589 4313 1696 4365 τῶν
1717 4310 1919 4364 λοιπῶν

333 4421 632 4492 ταγμάτων
662 4413 1144 4481 κατατοξεύεσθαι,
1168 4411 1241 4473 ώς
1262 4410 1358 4480 τὴν
1385 4406 1538 4471 τάξιν
1571 4403 1921 4477 παραλύσαν-

2024 3205 2383 3261 constituitur
2409 3203 2780 3269 anteverterit,
2818 3203 2902 3258 vel
2938 3205 3170 3259 cadaver
3191 3205 3597 3275 despoliaverit,

2024 3301 2107 3353 vel
2139 3298 2204 3353 ad
2246 3298 2614 3367 insequendos
2663 3297 2846 3351 hostes
2897 3297 3225 3362 cxcurrerit,
3277 3300 3360 3351 vcl
3392 3299 3457 3351 ad
3489 3298 3598 3351 tul-

2023 3392 2173 3456 dum,
2211 3391 2326 3444 sive
2359 3389 2770 3459 impedimenta,
2814 3387 2900 3441 vel
2925 3388 3214 3451 fossatum,
3277 3389 3330 3441 id
3363 3397 3468 3453 est,
3503 3405 3596 3442 ca-

2023 3495 2137 3540 stra
2167 3483 2408 3538 hostium
2445 3479 2756 3543 accesserit,
2793 3478 2971 3547 capite
3004 3480 3287 3542 multetur.
3327 3489 3381 3533 et
3414 3483 3596 3535 omnia

2022 3577 2163 3631 bona
2194 3574 2577 3636 detrahantur,
2607 3581 2664 3627 et
2704 3571 2914 3625 cohorti
2949 3573 3239 3638 universae,
3271 3573 3398 3643 quia
3425 3573 3595 3628 aciem

2022 3666 2326 3722 dissolvere
2364 3666 2662 3736 cogitabat,
2693 3675 2746 3720 et
2775 3666 2900 3719 aliis
2944 3664 3171 3721 insidias
3205 3668 3469 3732 Struebat,
3491 3667 3600 3723 dis-

2024 3753 2358 3810 tribuantur.

2086 3850 2177 3904 2l.
2227 3847 2283 3902 Si
2313 3847 2583 3902 universae
2618 3845 2754 3901 aciei
2789 3847 3090 3910 instructae,
3123 3853 3218 3898 aut
3253 3845 3424 3915 ipsius
3465 3860 3599 3900 con-

2022 3940 2341 3994 flictationis
2383 3949 2651 4008 tempore,
2685 3937 2811 4006 fuga
2855 3936 3023 4006 (quod
3074 3935 3279 4005 absit!)
3332 3936 3478 3989 nulla
3509 3951 3602 3990 ra-

2026 4031 2276 4086 tionabili
2321 4031 2388 4085 de
2434 4044 2600 4084 causa
2644 4039 2904 4097 certaque
2948 4026 3060 4092 fiat,
3095 4027 3471 4096 praecipimus,
3497 4029 3601 4080 mi-

2023 4125 2146 4179 lites
2196 4122 2442 4178 cohortis
2496 4121 2634 4191 ejus,
2689 4134 2813 4189 qua:
2861 4119 3038 4189 primo
3090 4128 3239 4190 terga
3300 4119 3485 4185 dabat,
3547 4129 3601 4172 et

2021 4216 2258 4285 primum
2325 4227 2391 4267 ex
2454 4212 2570 4266 acie
2623 4210 2917 4274 discessit,
2981 4210 3262 4274 decimari,
3310 4219 3364 4264 et
3427 4225 3458 4262 a
3517 4225 3602 4263 re-

2023 4307 2187 4378 liquis
2217 4305 2539 4360 cohortibus
2585 4302 2802 4373 sagittis
2861 4301 3081 4373 configi,
3114 4302 3243 4371 quia
3275 4301 3448 4355 aciem
3484 4301 3600 4356 dis-

2025 4397 2326 4459 solverunt,
2381 4401 2434 4449 et
2480 4401 2734 4446 auctores
2775 4390 2925 4446 omni
2952 4407 3018 4446 ex
3061 4403 3214 4461 parte
3267 4390 3430 4460 hujus
3461 4389 3603 4464 fugae

331 4479 461 4580 τας,
486 4511 582 4566 καὶ
598 4509 805 4572 αἰτίους
837 4479 934 4580 τῇς
952 4505 1044 4559 τοῦ
1068 4503 1271 4567 παντὸς
1305 4479 1503 4572 μέρους
1536 4497 1740 4569 τροπῆς
1763 4512 1914 4563 γενο-
1946 4479 1991 4536 Ῑ)
2021 4487 2263 4543 fuerunt.

382 4609 558 4669 ἑνους.

335 4627 609 4769 “ire:
636 4697 692 4750 δὲ
721 4694 903 4765 συμϐῇ
954 4709 1106 4754 τινας
1140 4691 1195 4743 ἐν
1223 4688 1428 4750 αὐτοῖς,
1477 4685 1551 4748 ὼς
1581 4683 1744 4748 εἰκὸς,
1778 4680 1916 4751 πλη-

326 4795 536 4866 γάτους
569 4793 625 4843 ἐν
657 4789 795 4858 αὐτῇ
830 4789 896 4857 τῇ
931 4783 1173 4855 συμὸολῇ
1197 4779 1471 4866 γενέσθαι,
1505 4775 1744 4837 ἐκείνους
1775 4771 1918 4826 ἐλευ-

329 4865 529 4954 θέρους
553 4881 646 4936 τοῦ
680 4879 926 4933 τοιούτου
956 4875 1303 4945 ἐγκλήματος
1328 4865 1488 4924 εἶναι.

406 4974 512 5044 κγ’.
556 4973 680 5026 Ἐὰν
705 4970 896 5042 βάνδου
945 4969 1232 5036 ἀφαίρεσις
1263 4961 1368 5015 ύπδ
1406 4958 1614 5030 ἐχθρῶν
1664 4956 1912 5027 γένηται,

324 5067 470 5136 ὅπερ
499 5063 687 5134 ἀπείη,
712 5061 840 5115 ἀνευ
885 5057 1028 5120 τινὸς
1066 5053 1289 5122 εὐλόγου
1328 5050 1423 5104 καὶ
1485 5049 1745 5136 φανερᾶς-

334 5133 574 5226 φάσεως,
612 5133 906 5218 κελεύομεν
954 5145 1080 5208 τοὺς
1131 5142 1228 5213 τὴν
1287 5137 1536 5209 φυλακὴν
1567 5133 1662 5187 τοῦ
1724 5133 1911 5203 βάνδου

333 5246 729 5307 πιστευθέντας
747 5237 1199 5313 σωφρονίζεσθαι,
1227 5235 1320 5288 καὶ
1343 5229 1621 5291 παντελῶς
1650 5227 1914 5297 ἐσχάτους

331 5337 580 5407 γίνεσθαι
608 5334 717 5387 τῶν
747 5331 1065 5403 ἀρχομένων
1096 5328 1186 5379 ὑπ’
1211 5322 1412 5385 αὐτῶν,
1445 5321 1540 5374 καὶ
1565 5319 1813 5387 ἀτίμους.
1850 5315 1913 5368 Εἰ

329 5432 388 5487 δὲ
423 5429 605 5501 συμϐῇ
643 5442 796 5488 τίνας
825 5421 1002 5477 αὐτῶν
1030 5419 1372 5490 μαχομένους
1419 5411 1667 5501 γίνεσθαι
1701 5408 1916 5501 πληγά-

333 5499 630 5588 τους,τούς
658 5515 936 5576 τοιούτους
967 5510 1290 5580 ἐλευθέρους
1326 5505 1420 5559 τοῦ
1460 5499 1784 5576 [ἐπι]τιμίου
1808 5515 1918 5551 τοι-

337 5615 494 5668 ούτου
529 5604 1021 5680 ἐπιφυλάττεσθαι.

2095 4669 2184 4723 22.
2225 4665 2320 4722 Sin
2356 4665 2624 4736 quosdam
2663 4679 2728 4720 ex
2774 4664 2883 4720 illis
2917 4664 3193 4720 sauciatos
3223 4677 3345 4718 esse
3381 4663 3600 4719 contin-

2024 4770 2134 4830 gat,
2166 4776 2264 4815 eos
2308 4759 2458 4813 omni
2484 4759 2588 4813 hoc
2619 4756 2852 4812 crimine
2893 4755 3192 4812 liberamus
3233 4764 3398 4826 atque
3425 4759 3600 4814 exsol-

2023 4855 2224 4909 vimus.

2093 4945 2184 5000 25.
2228 4943 2284 4998 Si
2320 4943 2507 5007 bandi,
2540 4942 2592 4997 id
2630 4952 2732 5008 est,
2777 4941 3020 4999 cohortis
3052 4939 3289 5010 alicujus
3323 4941 3391 4997 ab
3431 4942 3602 4998 hosti-

2022 5038 2126 5093 bus
2156 5037 2368 5106 ereptio
2397 5037 2510 5103 fiat,
2539 5050 2660 5104 qua:
2686 5035 2804 5089 sine
2835 5031 2944 5086 ulla
2982 5041 3129 5086 certa
3167 5042 3263 5087 aut
3308 5032 3600 5088 manifesta

2022 5144 2189 5184 causa
2225 5128 2477 5191 discedit,
2516 5125 2572 5179 hi
2615 5125 2816 5192 quibus
2864 5122 3112 5178 custodia
3156 5123 3321 5192 hujus
3353 5123 3599 5177 cohortis

2025 5220 2321 5275 commissa
2351 5227 2435 5274 est
2475 5217 2834 5286 castigentur,
2865 5223 2920 5269 et
2957 5215 3198 5269 omnium
3232 5214 3600 5283 subjectorum

2024 5311 2384 5383 abjectissimi
2421 5307 2992 5379 contemptissimique
3025 5307 3151 5361 sint.
3199 5305 3294 5360 Sin
3331 5305 3595 5375 quosdam

2025 5417 2088 5456 ex
2145 5401 2255 5456 illis
2298 5399 2594 5471 pugnando
2639 5398 2916 5454 sauciatos
2973 5412 3095 5454 esse
3141 5396 3439 5469 contingat,
3465 5395 3600 5452 istos

2026 5492 2130 5547 hac
2165 5491 2337 5545 multa
2368 5489 2569 5545 liberos
2598 5503 2720 5544 esse
2750 5487 3026 5543 volumus.

1843 5681 2078 5740 NOTIE.

405 5809 516 5884 (Ἦ)
536 5809 681 5876 ΔΙχα
700 5800 1011 5875 κομεάτου.
1030 5795 1406 5856 Scribebatur,
1431 5786 1554 5858 δίχα
1583 5761 1916 5855 κομητάτου.

2100 5776 2212 5849 (28)
2252 5775 2361 5832 Kal
2390 5773 2512 5841 τοῖς
2546 5772 2788 5843 ἑτέροις.
2822 5770 3036 5837 Scribe,
3065 5767 3163 5823 atat
3196 5766 3309 5829 τοῖς
3344 5762 3604 5839 ἐταίροις,
