4022 6442
452 348 564 415 767

1686 294 1964 410 LEOPiIS
1994 346 2461 412 PHILOSOPHI

3628 357 3744 424 768

527 461 623 515 Ἃ.
650 458 709 515 Si
732 459 845 530 jam
879 459 1108 522 fossato,
1155 459 1207 514 id
1249 469 1355 523 est,
1392 459 1592 516 castris
1623 460 1820 530 positis
1842 460 2038 515 cumini

2240 462 2339 515 κδ’.
2382 460 2510 515 Ἐάν
2536 460 2810 530 φοσσάτου
2833 456 2989 523 ὄντος
3018 460 3219 531 τροπὴ,
3245 461 3387 532 ὅπερ
3419 460 3609 531 ἀπείη,
3653 463 3753 533 μέ-

457 562 549 626 gat
590 553 758 623 (quod
799 550 1264 621 absit!)alicujus
1304 559 1503 607 turmae
1544 552 1661 607 sive
1695 552 1832 606 aciei
1864 550 2050 622 fugam

459 645 597 711 fieri,
629 658 807 717 neque
865 644 935 700 ad
989 642 1311 699 defensores
1344 652 1668 709 accurrunt,
1715 657 1896 713 neque
1941 642 2049 699 fusi

455 747 502 794 et
527 736 693 804 fugati
723 736 790 791 ad
813 745 991 791 castra
1021 735 1381 800 contendunt,
1410 734 1841 803 sedcontemptu
1864 734 2050 804 aliquo

454 830 520 884 ad
552 829 657 883 alia
682 828 803 882 loca
837 826 1196 891 transvolant,
1230 827 1284 882 hi
1317 827 1413 896 qui
1447 826 1563 882 haec
1583 825 1791 881 faciunt
1817 826 1898 881 sic
1951 841 2051 895 pu-

452 922 676 975 niantur
690 918 847 989 quasi
862 927 1187 974 ceterorum
1206 918 1515 988 proditores
1548 927 1603 973 et
1624 926 2044 987 contemptores.

514 1105 604 1160 25.
638 1103 694 1160 Si
726 1103 884 1159 miles
913 1119 967 1158 ιιι
987 1101 1184 1173 proelio
1218 1117 1371 1157 arma
1396 1101 1645 1172 abjiciat,
1688 1100 1951 1171 puniatur
1976 1100 2043 1168 is,

449 1198 610 1267 quasi
643 1197 738 1267 qui
768 1197 889 1267 ipse
920 1212 979 1252 se
1002 1196 1196 1264 nudat,
1229 1204 1285 1250 et
1317 1194 1507 1252 hostes
1532 1203 1734 1251 armat.

525 1376 620 1431 26.
653 1376 708 1431 Si
739 1376 865 1445 quis
896 1375 1190 1446 praefectus
1229 1388 1384 1428 arma
1415 1373 1579 1428 militi
1600 1372 1923 1439 detraxerit,
1960 1372 2044 1427 vel

450 1469 866 1524 exeusationem
916 1482 1013 1535 pro
1051 1480 1117 1521 eo
1159 1465 1404 1520 attulerit
1442 1481 1544 1520 cur
1586 1464 1655 1519 ad
1704 1467 1847 1522 diem
1885 1482 2041 1523 com-

455 1570 671 1618 meatus
699 1576 809 1615 non
842 1562 1011 1624 venit,
1043 1569 1138 1614 aut
1165 1560 1260 1614 ubi
1284 1560 1511 1614 domum
1547 1569 1791 1625 venerat,
1822 1561 1895 1615 ita
1924 1575 2041 1615 ser-

2164 573 2291 626 ρους
2318 556 2351 626 ἢ
2389 554 2749 627 παρατάξεως
2776 553 3027 623 γένηται,
3044 553 3141 607 καλ⁸
3170 553 3305 623 μηδὲ
3332 553 3474 624 πρὸς
3502 552 3753 622 διφένσο-

2161 668 2261 720 ρας
2277 648 2694 721 προσδράμωσι,
2717 646 2842 718 μηδ’
2856 648 2915 701 tv
2937 644 3088 717 αύτῷ
3105 644 3182 716 τῷ
3195 645 3451 715 φοσσάτῳ
3466 643 3753 714 καταφεύο

2157 756 2296 807 γωσι
2313 739 2664 809 τρεπόμενοι,
2686 735 2825 790 ἀλλὰ
2848 733 3307 807 περιφρονοῦντες
3333 736 3391 788 tv
3410 734 3583 805 ἑτέρῳ
3599 733 3755 802 τύπῳ

2156 828 2581 899 προσδράμωσι,
2640 825 2937 895 κελεύομεν
2964 826 3091 888 τοὺς
3132 824 3292 878 τοῦτο
3344 824 3607 895 πράττειν
3627 821 3754 877 τολ-

2158 920 2378 991 μῶντας
2413 917 2779 990 τιμωρεῖσθαι
2823 917 2902 981 ὡς
2940 915 3053 971 τῶν
3092 917 3298 988 ἑτέρων
3335 914 3449 987 (29)
3481 930 3752 986 περιφρο-

2155 1010 2454 1081 νήσαντας.
3766 1046 3771 1068 τ

2224 1107 2326 1155 κε’.
2370 1099 2497 1154 Ἐὰν
2524 1098 2867 1171 στρατιώτης
2911 1099 2983 1155 τὰ
3012 1099 3152 1153 ὅπλα
3181 1097 3348 1155 αὑτοῦ
3390 1096 3525 1167 ῥίψῃ
3556 1095 3614 1148 tv
3645 1108 3751 1148 ποι

2152 1194 2327 1266 λέμῳ,
2356 1192 2654 1263 κελεύομεν
2684 1193 2846 1248 αὐτὸν
2869 1191 3253 1264 τιμωρεῖσθαι,
3284 1191 3361 1255 ὡς
3383 1186 3753 1269 γυμνώσαντα

2153 1284 2368 1347 ἑαυτὸν,
2408 1283 2503 1336 καὶ
2532 1284 2657 1346 τοὺς
2682 1283 2912 1357 ἐχθροὺς
2937 1284 3256 1338 ὁπλίσαντα.
3622 1272 3627 1279 ’

2223 1382 2337 1441 κς’.
2385 1376 2512 1431 Ἐάν
2532 1393 2619 1440 τις
2642 1376 2753 1429 τῶν
2803 1377 3083 1447 ἀρχόντων
3112 1377 3422 1448 παροπλίσῃ
3477 1383 3749 1449 στρατιώ-

2149 1465 2327 1536 την,ἢ
2364 1465 2661 1537 ὲξκουτεύῃ
2688 1466 2798 1536 (50)
2819 1468 2853 1536 ἢ
2887 1466 2961 1536 μὴ
2995 1466 3356 1520 συνεισελθεῖν
3377 1470 3435 1522 tv
3460 1466 3538 1538 τῷ
3569 1469 3749 1541 καιρῷ

2149 1557 2243 1610 τοῦ
2278 1558 2628 1629 φοσσὰτου,ἢ
2667 1557 2991 1611 συνελθόντα
3012 1561 3092 1620 είς
3117 1559 3325 1613 οἰκείαν
3356 1561 3605 1632 κατάσχῃ
3623 1561 3750 1614 δου-

454 1655 589 1708 vitio
624 1654 780 1707 illum
810 1660 1143 1722 occupatum
1171 1653 1429 1716 detinuit.
1463 1663 1523 1707 ut
1556 1654 1850 1708 stationem
1883 1669 2038 1709 suam

2160 1650 2325 1715 λείαν,
2363 1649 2505 1703 ὥστε
2562 1650 2662 1719 τὴν
2715 1648 2871 1714 τάξιν
2932 1650 3098 1704 αὑτοῦ
3159 1653 3594 1723 καταφρονῆσαι,
3652 1653 3749 1706 καὶ

451 1745 772 1816 neglexerit,
814 1753 870 1800 et
895 1760 1049 1799 arma
1077 1745 1498 1814 contempserit,
1539 1754 1741 1815 praeter
1780 1762 1866 1813 ea,
1917 1763 2038 1818 quae

2160 1741 2419 1813 Ξιμελῆσαι
2443 1741 2553 1796 τῶν
2577 1741 2759 1795 ὃπλων
2782 1782 2798 1808 ,
2827 1741 3103 1813 παρεκτὸς
3124 1741 3235 1795 τῶν
3263 1743 3617 1813 τεταγμένων
3637 1743 3750 1797 ἀπὸ

452 1856 482 1893 a
507 1844 697 1893 nostro
720 1838 925 1893 scrinio
947 1837 1250 1894 constituta
1285 1849 1436 1903 sunt,
1466 1840 1790 1911 castigetur,
1816 1850 1872 1897 et
1903 1843 2038 1896 mul-

2160 1836 2241 1890 τοῦ
2290 1836 2565 1908 ἡμετέρου
2602 1834 2789 1907 κρίνου
2844 1836 2983 1907 (51),
3016 1834 3459 1906 σωφρονιζέσθω.
3503 1836 3618 1891 Καὶ
3645 1834 3747 1907 ζη-

456 1940 600 1986 tetur
636 1947 653 1985 :
688 1932 986 2002 imperator
1033 1931 1155 1986 auri
1206 1931 1349 1987 libra
1397 1952 1412 1988 :
1458 1933 1774 1989 turmarcba
1804 1935 2038 1991 nummis

2160 1928 2418 2001 μιούσθω,
2456 1928 2763 1999 στρατηγὸς
2798 1928 2900 1999 μὲν
2921 1928 3149 1999 χρυσίου
3166 1927 3356 1999 λίτραν
3385 1927 3515 1999 μίαν
3540 1968 3558 1996 ,
3584 1944 3748 1998 τουρ-

452 2026 675 2094 triginta
704 2039 799 2080 sex
825 2042 838 2080 :
874 2024 1227 2097 drungarius,
1262 2024 1317 2079 id
1344 2033 1448 2088 est,
1482 2024 1776 2095 praefectus
1802 2026 2038 2085 cohortis

2160 2020 2478 2094 μάρχηςίδὲ
2535 2020 2853 2092 νομίσματα
2912 2018 3024 2086 λς’,
3068 2020 3427 2092 δρουγγάριος
3478 2020 3536 2073 δὲ
3590 2021 3747 2089 νομί·

452 2122 723 2177 milliaria:
769 2122 1014 2178 nummis
1055 2122 1247 2193 viginti
1284 2130 1564 2193 quatuor:
1602 2137 1811 2190 comes,
1855 2121 1909 2178 id
1941 2131 2045 2191 est,

450 2217 743 2287 praefectus
769 2217 1037 2285 cohertis,
1070 2216 1319 2273 nummis
1357 2217 1671 2274 duodecim.

517 2310 607 2363 27.
638 2310 710 2365 lis
736 2310 905 2379 igitur
943 2310 1134 2366 multis
1164 2310 1502 2367 militaribus
1533 2311 1865 2381 descriptis,
1893 2312 2047 2367 dein—

447 2413 578 2469 ceps
602 2401 1185 2471 tibiquemadmodum
1211 2402 1503 2459 ducendus
1530 2403 1809 2458 exercitus
1832 2402 1902 2458 sit
1930 2414 2043 2457 tum

448 2492 620 2556 domi,
651 2503 764 2546 tum
805 2492 964 2558 foris,
998 2493 1115 2549 sive
1146 2493 1443 2549 universus
1480 2493 1579 2547 tibi
1617 2492 1912 2548 ducendus
1949 2494 2041 2558 sit,

449 2584 567 2638 sive
596 2585 857 2639 cohortes
892 2593 1157 2654 separatae
1194 2585 1423 2655 aliquae,
1450 2584 1714 2656 qualique
1744 2600 1870 2642 cum
1905 2600 2044 2642 cou-

446 2677 741 2733 stitutione
767 2676 1081 2733 faciendum
1119 2677 1213 2743 sit,
1254 2691 1553 2746 exponam.

952 2787 1424 2845 CONSTITUTIO
1452 2789 1544 2847 IX.

911 2880 990 2935 De
1048 2884 1312 2936 exercitus
1364 2882 1574 2937 itinere.

519 2973 571 3030 l.
612 2972 713 3029 Ubi
746 2973 801 3028 in
846 2985 1028 3029 vestra
1056 2974 1301 3043 ipsorum
1348 2974 1557 3029 ditione
1608 2988 1733 3029 cum
1791 2974 2038 3032 exercitu

447 3066 551 3120 iter
573 3065 654 3129 tit,
687 3064 959 3119 militibus
990 3065 1426 3134 praecipiendum
1460 3074 1564 3130 est,
1596 3074 1654 3119 ut
1688 3080 1867 3135 neque
1900 3081 2041 3136 prm-

446 3158 669 3220 dentur,
715 3169 895 3225 neque
926 3155 1260 3225 populentur
1288 3164 1516 3210 terram.
1560 3154 1855 3211 Multitudo
1892 3156 2036 3211 enim
2067 3182 2109 3239 ρ

448 3249 710 3313 militum,
768 3249 814 3304 si
860 3248 1085 3318 quando
1132 3248 1413 3303 licentiam
1480 3248 1701 3313 habeat,
1746 3248 1924 3304 solute
1978 3249 2032 3303 in

445 3341 634 3398 omnia
670 3340 860 3396 irruit:
890 3338 1102 3410 objecta
1137 3339 1284 3394 enim
1318 3350 1446 3396 ante
1489 3340 1680 3395 oculos
1710 3339 1895 3411 prazda
1918 3381 1934 3407 ,
1965 3340 2034 3394 ad

444 3434 799 3505 cupiditatem
846 3434 1148 3489 inescatur.
1188 3432 1266 3486 Ex
1298 3449 1408 3503 quo
1450 3430 1531 3499 fit,
1586 3443 1645 3487 ut
1694 3432 1858 3488 vestri
1889 3447 2034 3503 saepe

443 3526 598 3580 vobis
630 3524 835 3579 inimici
861 3534 1026 3594 atque
1051 3524 1351 3580 adversarii
1379 3524 1508 3578 sint.

2151 2132 2334 2183 σματι
2358 2112 2437 2168 κδ’
2446 2112 2660 2185 ,ζκόμης
2677 2113 2754 2180 δὲ,
2777 2113 2874 2167 καὶ
2894 2114 2948 2167 εἰ
2966 2130 3051 2178 τις
3078 2113 3292 2185 ἕτερος,
3318 2111 3634 2184 νομίσματα
3655 2111 3744 2183 ιβ’.

2218 2297 2322 2365 κζ’.
2383 2299 2639 2354 Τοσαῦτα
2677 2298 2775 2354 καὶ
2805 2298 2935 2372 περὶ
2978 2299 3091 2355 τῶν
3124 2299 3537 2372 στρατιωτικῶν
3561 2300 3745 2355 ἐπιτι-

2150 2390 2289 2461 μίων
2337 2391 2734 2463 διορισάμενοι,
2796 2388 2927 2460 ἑξῆς
2967 2407 3052 2445 σοι
3092 2391 3242 2454 ὅπως
3292 2389 3386 2444 καὶ
3440 2391 3747 2463 ὁδοιπορεῖν

2143 2481 2262 2535 δέον
2298 2480 2391 2533 τόν
2436 2497 2496 2533 τε
2543 2482 2781 2535 καθόλου
2838 2482 3093 2553 στρατὸν,
3135 2483 3232 2537 καὶ
3284 2481 3427 2536 κατὰ
3461 2482 3653 2553 μέρος,
3682 2482 3747 2536 εν

2142 2590 2202 2625 τε
2220 2575 2287 2645 τῇ
2321 2573 2569 2644 ἡμετέρᾳ
2611 2573 2789 2646 χώρᾳ,
2848 2575 2945 2628 καὶ
2986 2576 3047 2628 tv
3078 2578 3145 2646 τῇ
3174 2574 3285 2628 τῶν
3319 2574 3617 2645 πολεμίων,
3645 2574 3746 2629 καὶ

2148 2666 2287 2735 μετά
2317 2664 2481 2729 ποίας
2515 2666 2930 2733 καταστάσεως,
2955 2667 3058 2737 ήδη
3077 2665 3488 2732 δωταξώιιεθα.

2736 2779 3051 2834 ΔΙΔΤΑΞΙΣ
3073 2780 3154 2836 Θ’.

2673 2870 2814 2939 Περὶ
2839 2869 3210 2938 ὁδοιπορίας.

2212 2971 2282 3017 α’.
2337 2962 2470 3017 Δέον
2534 2980 2592 3015 σε
2623 2962 2826 3029 τοίνυν,
2866 2956 2912 3017 ὧ
2961 2962 3260 3034 στρατηγὲ,
3294 2963 3423 3018 ὅταν
3453 2963 3744 3035 ὁδοιπορῇς

2146 3053 2286 3126 μετὰ
2328 3054 2421 3107 τοῦ
2457 3054 2717 3125 στρατοῦ,
2749 3056 2797 3107 εἰ
2858 3055 2958 3127 μὲν
2986 3057 3046 3109 tv
3099 3058 3165 3126 τῇ
3214 3055 3324 3127 ἰδίᾳ.
3355 3055 3510 3127 ὑμῶν
3542 3058 3613 3128 γῇ
3642 3057 3742 3128 τὴν

2156 3147 2385 3219 πορείαν
2432 3151 2629 3211 ποιεῖς,
2662 3148 2751 3200 ἵνα
2810 3145 3201 3218 παραγγέλλῃς
3234 3150 3346 3210 τοῖς
3379 3147 3741 3218 στρατιώταις

2142 3239 2443 3310 ἀπέχεσθαι
2483 3240 2583 3310 τῆς
2612 3238 2799 3310 χώρας
2823 3281 2839 3306 ,
2892 3241 2989 3293 καὶ
3026 3239 3165 3311 μήτε
3212 3238 3549 3310 πραιδεύιιν,
3601 3240 3741 3311 μήτε

2143 3332 2388 3403 φθείρειν
2416 3349 2430 3363 ’
2470 3331 2677 3401 πλῆθος
2703 3331 2814 3403 γὰρ
2847 3330 3279 3403 στρατεύματος,
3310 3331 3438 3385 ὅταν
3478 3329 3621 3403 λάϐῃ
3646 3329 3740 3384 τοῦ

2141 3424 2404 3479 δύνασθαι
2467 3422 2567 3492 τὴν
2616 3423 2901 3489 ἐξουσίαν,
2959 3421 3198 3491 ἀφειδῶς
3245 3421 3535 3476 ἐπιπίπτει
3599 3421 3738 3492 πρὸς

2142 3519 2387 3573 ἅπαντα·
2445 3514 2755 3579 δελεάζεται
2787 3513 2896 3585 γὰρ
2943 3515 3024 3577 εἰς
3079 3512 3413 3578 πλεονεξίαν,
3466 3514 3596 3567 ὅταν
3635 3512 3741 3583 ὁρᾷ

442 3616 586 3672 κατὰ
609 3616 732 3687 δψιν
780 3617 1151 3688 προκειμένην
1189 3616 1287 3688 τὴν
1342 3616 1554 3687 χρείαν,
1606 3615 1701 3669 καὶ
1753 3613 2014 3678 πολλάκις
2043 3612 2171 3674 τοὺς
2241 3609 2406 3673 ἰδίους
2429 3607 2519 3662 διὰ
2546 3607 2645 3678 τὴν
2686 3607 2947 3678 τοιαύτην
2976 3605 3157 3659 αἰτίαν
3222 3605 3519 3676 πολεμίους
3550 3606 3723 3661 ποιεῖ.

509 3729 563 3781 2.
594 3724 675 3782 Ne
699 3726 885 3782 tardes
913 3727 969 3781 in
999 3737 1182 3783 vestra
1217 3743 1343 3783 cum
1369 3729 1615 3783 exercitu
1647 3728 1860 3784 ditione
1887 3742 2031 3783 com-

443 3816 738 3883 morando,
782 3831 908 3871 cum
945 3816 1060 3886 jam
1095 3817 1151 3871 in
1177 3816 1429 3872 hostilem
1465 3823 1669 3872 terram
1701 3817 1912 3871 irruere
1940 3819 2030 3870 de-

438 3910 720 3975 creveris;
783 3924 908 3963 nam
957 3917 1011 3963 et
1066 3906 1317 3978 proprias
1387 3905 1577 3977 fruges
1637 3907 1915 3971 absumes,
1972 3914 2029 3962 et

439 4002 650 4058 amicos
694 4000 870 4071 magis
914 4014 1081 4069 quam
1127 3999 1383 4054 inimicos
1408 3999 1595 4054 laedes.
1629 3996 1896 4054 Celeriter
1920 3996 2024 4065 igi-

440 4103 528 4146 tur
564 4091 754 4161 copias
785 4089 1079 4155 traducito,
1111 4088 1278 4159 idque
1318 4087 1693 4158 potissimum,
1727 4086 1772 4142 si
1810 4085 1865 4140 in
1910 4085 2026 4139 fru-

438 4179 670 4251 giferam
712 4190 767 4236 et
812 4177 1155 4236 fructuosam
1226 4179 1467 4239 hostium
1548 4177 1826 4248 regionem
1895 4177 2042 4232 irru-

439 4282 633 4342 pturus
662 4287 740 4331 es.

511 4365 567 4418 5.
592 4363 960 4434 Frequentem
986 4365 1310 4427 exercitum,
1339 4363 1443 4417 nisi
1477 4363 1664 4418 hostes
1690 4360 2035 4426 immineant,

443 4456 495 4509 in
534 4469 701 4508 unum
744 4454 926 4508 locum
970 4469 1039 4509 ne
1079 4469 1282 4524 cogas;
1335 4453 1496 4508 otiosi
1536 4454 1683 4508 enim
1727 4452 1925 4507 milites
1968 4450 2036 4505 ad

2211 3722 2276 3793 β’.
2302 3722 2456 3794 Μηδὲ
2482 3719 2696 3793 χρόνιζε
2717 3718 3087 3791 καθεξόμενος
3112 3720 3255 3791 μετὰ
3272 3720 3366 3775 τοῦ
3393 3720 3739 3793 στρατεύμα-

2138 3830 2228 3879 τος
2243 3815 2302 3868 tv
2318 3818 2383 3885 τῇ
2408 3814 2515 3884 ἰδίᾳ
2529 3812 2706 3884 χώρᾳ,
2724 3812 2853 3866 ὅταν
2876 3812 2977 3883 ἢδη
2994 3813 3184 3883 ὁρίσῃς
3209 3811 3518 3867 εἰσϐάλλειν
3538 3814 3605 3885 τῇ
3628 3814 3738 3884 χώ-

2138 3922 2209 3977 ρᾳ
2224 3904 2333 3957 τῶν
2358 3904 2660 3974 πολεμίων.
2696 3903 2808 3957 Καὶ
2830 3905 2938 3973 γὰρ
2968 3904 3063 3957 καὶ
3084 3904 3210 3966 τοὺς
3239 3903 3402 3966 ἰδίους
3431 3902 3737 3967 άναλὼσεις

2134 3997 2405 4068 καρποὺς,
2467 3997 2566 4051 καὶ
2597 3995 2898 4068 ζημιώσεις
2927 3995 3129 4066 μᾶλλον
3160 3998 3287 4060 τοὺς
3320 3995 3507 4065 φίλους
3540 3996 3573 4069 ἢ
3605 3995 3737 4060 τοὺς

2142 4088 2459 4159 πολεμίους.
2488 4088 2715 4159 Ταχέως
2742 4087 2800 4140 δὲ
2852 4088 3126 4159 μετάφερε
3182 4087 3281 4153 τὰς
3319 4086 3601 4158 δυνάμεις,
3633 4087 3735 4158 pd-

2140 4180 2299 4233 λιστα
2333 4180 2428 4233 ἐὰν
2445 4182 2524 4243 εἰς
2555 4179 2791 4250 λιπαρὰν
2815 4181 2909 4251 καὶ
2941 4179 3277 4251 πολύτροφον
3314 4177 3423 4232 τῶν
3455 4178 3735 4250 πολεμίων

2142 4270 2246 4339 γῆν
2275 4269 2488 4339 μέλλεις
2512 4268 2842 4324 εἰσϐάλλειν.

2214 4368 2286 4430 γ’.
2312 4362 2405 4426 Εἰς
2432 4363 2529 4415 ἕνα
2560 4362 2616 4415 δὲ
2644 4363 2807 4415 τόπον
2835 4362 3067 4435 στρατὸν
3092 4363 3261 4421 πολὺν
3282 4362 3358 4435 μὴ
3380 4363 3603 4433 σύναγε,
3633 4380 3733 4417 πο-

2141 4452 2344 4524 λεμίων
2377 4454 2453 4523 μὴ
2507 4452 2907 4523 ἐνοχλούντων,
2964 4454 3050 4507 ἵνα
3105 4453 3181 4526 μὴ
3242 4453 3625 4527 εύκαιροῦντες
3678 4456 3730 4508 οἰ

440 4544 738 4599 seditiones
804 4551 858 4597 et
932 4558 1221 4613 perversas
1279 4543 1643 4614 cogitationes
1720 4557 1780 4598 se
1838 4541 2035 4610 adjun-

2160 4543 2477 4614 ιτρατιῶται
2522 4543 2602 4606 είς
2634 4543 2854 4608 στάσεις
2900 4546 2995 4598 καὶ
3031 4544 3291 4616 ἀκαίρους
3316 4545 3525 4608 ἐννοίας
3560 4547 3731 4617 άσχοο

479 4646 599 4692 unt.

479 4653 599 4692 unt.

442 4653 474 4708 Β
509 4730 567 4784 4.
588 4728 688 4785 Sin
721 4745 855 4787 usus
881 4728 1082 4800 aliquis
1144 4729 1249 4784 hoc
1294 4727 1584 4811 requirat,
1615 4727 1701 4784 vel
1743 4725 1986 4797 adnomii
2011 4765 2027 4791 ,

2130 4636 2371 4690 λοῦνται.

2203 4726 2264 4781 δ’.
2297 4727 2361 4780 Εἰ
2387 4726 2444 4781 δέ
2474 4745 2604 4781 ποτε
2640 4728 2799 4799 χρεία
2820 4728 3040 4782 καλεσει
3073 4728 3232 4783 τοῦτο
3264 4729 3512 4798 γίνεσθαι
3564 4730 3731 4802 χάριν

444 4820 496 4874 id
519 4832 621 4889 est,
646 4812 933 4876 nominum
962 4810 1453 4877 describendorum
1481 4819 1772 4886 causa,vel
1801 4817 2031 4888 alicujus

2160 4819 2452 4889 ιδνουμίου,
2479 4821 2512 4891 ἢ
2542 4819 2709 4892 ἄλλης
2746 4822 3051 4890 ἀναγκαίας
3098 4810 3299 4885 αἰτίας,
3330 4822 3364 4892 ἢ
3404 4820 3612 4891 ταχέως
3638 4824 3731 4877 τὸν

446 4910 680 4967 alterius
729 4911 809 4967 rei
843 4912 1044 4982 gratia,
1090 4921 1149 4965 ut
1181 4919 1451 4979 cogantur
1495 4909 1550 4963 in
1596 4925 1767 4964 unum
1807 4910 2030 4977 milites,

441 5013 651 5076 quanta
685 5003 923 5057 maxima
954 5002 1233 5058 celeritate
1274 5012 1449 5083 potes,
1482 5001 1668 5070 c0pias
1703 5001 1790 5055 vel
1819 5000 2024 5066 divide,

440 5097 527 5152 vel
573 5111 787 5160 exerce,
825 5106 879 5150 et
919 5095 976 5150 in
1037 5095 1203 5150 rebus
1252 5080 1467 5150 bellicis
1523 5100 1822 5162 occupatos
1879 5099 2024 5155 tene,

442 5186 899 5259 quemadmodum
937 5187 991 5240 in
1042 5186 1221 5256 capite
1276 5184 1353 5239 De
1402 5184 1705 5240 exercendis
1767 5182 2026 5236 militibus

439 5281 897 5351 praeseripsimus.
954 5276 1137 5334 Otium
1200 5278 1340 5333 enim
1388 5288 1442 5333 et
1505 5276 1710 5333 desidia
1776 5274 2029 5329 insolitas

439 5378 608 5443 atque
640 5372 1073 5441 intemperantes
1115 5369 1230 5425 fere
1256 5367 1614 5441 cogitationes
1639 5366 1879 5436 pariunt.

2132 4910 2363 4982 στρατὸν
2387 4911 2678 4983 διαμέριζε
2712 4912 2847 4985 (52),
2872 4913 2907 4984 ἢ
2937 4912 3185 4985 γύμναζε
3210 4913 3307 4967 καὶ
3335 4914 3417 4976 εἰς
3445 4912 3582 4984 ἔργα
3614 4913 3728 4969 τῶν

2134 5003 2315 5056 ὅπλων
2373 5003 2719 5074 ἀσχολεῖσθαι
2774 5004 3189 5076 παρασκεύαζε,
3238 5004 3315 5068 ὡς
3354 5004 3412 5056 tv
3454 5003 3534 5073 τῷ
3584 5006 3729 5073 Περὶ

2134 5094 2476 5164 γυμνασίας
2535 5095 2666 5165 ἡμῖν
2719 5095 2934 5167 εἴρηται
2988 5093 3290 5164 κεφαλαίῳ.
3334 5091 3400 5144 Ἦ
3456 5091 3567 5160 γὰρ
3623 5093 3731 5161 ἁρ-

2136 5186 2232 5255 γία
2279 5186 2593 5259 κενωτέρας
2649 5186 2883 5257 μελέτας
2918 5187 3048 5252 ἴσως
3079 5187 3175 5241 καὶ
3222 5181 3542 5246 ὲπιϐλαϐεἴς
3589 5182 3718 5238 ἀπο·

2136 5276 2321 5346 γεννᾷ.

1836 5509 1854 5529 ,
1952 5457 2184 5519 ΝΟΤίΕ.

515 5554 631 5625 (29)
670 5556 791 5609 Τῶν
820 5555 1056 5625 ἐτέρων.
1081 5558 1453 5622 Scribebalur,
1494 5557 1603 5610 τῶν
1620 5555 1919 5626 νεωτέρων.

517 5626 633 5693 (50)
660 5628 746 5697 ,Ἦ
786 5627 1097 5697 ἐξουτεύῃ.
1152 5628 1526 5689 Scribebatur,
1572 5628 1605 5696 ἢ
1664 5625 2027 5697 ὲκκουλκεύῃ.

443 5693 802 5773 ῇρςοιιξῖοτεε
834 5693 1442 5773 ῼιωοίίὲξκουσσεύκν
1472 5693 1699 5765 dicunt,
1750 5693 2025 5752 camare.

451 5759 587 5817 Vide
615 5760 956 5820 Glossarium
983 5759 1256 5826 nostrum.

2215 5556 2326 5628 (51)
2364 5558 2473 5613 Τοῦ
2518 5558 2811 5629 ἡμετέρου
2857 5560 3089 5629 κρίνου.
3134 5558 3344 5626 Scribe,
3386 5575 3440 5615 τ.
3477 5558 3531 5629 ἠ.
3565 5573 3725 5621 σκρι-

2138 5629 2324 5767 νίῗὸξ)
2352 5698 2478 5773 ,Τὸνξ
2504 5701 2770 5773 στρατὸν
2794 5699 3108 5773 διαμέριζε.
3147 5682 3473 5756 Addendum
3522 5712 3719 5755 ncces-

2136 5772 2305 5834 sario,
2346 5768 2379 5838 ἢ
2415 5769 2687 5839 γύμναζε.
