4022 6430
330 256 437 324 769
1410 257 1741 318 TACTICA.
1768 282 1838 294 -
1867 259 2369 324 CONSTITUTIO
2399 261 2483 322 IX
3483 264 3591 327 770

398 371 463 425 ε’.
510 367 637 423 Ἐάν
687 368 919 438 πόλεμον
971 368 1291 440 προσδοκᾷς,
1352 370 1492 441 μετὰ
1542 370 1747 435 τάξεως
1802 372 1923 432 τὸν,

2066 375 2119 430 5.
2155 374 2213 430 Si
2273 377 2473 433 bellum
2516 384 2819 445 exspectes.
2860 375 2911 429 in
2938 376 3055 431 acie
3081 374 3354 433 exercitus
3376 376 3586 433 instru-

332 461 563 533 στρατὸν
598 461 921 530 περιπατεῖν
953 460 1196 530 ποίησον,
1232 459 1334 513 κάν
1356 477 1413 513 τε
1435 463 1573 515 κατὰ
1605 461 1905 532 δροὺγγους

2028 473 2129 520 ειυς)
2146 466 2393 534 prodeat,
2421 465 2535 521 sive
2563 478 2661 535 per
2677 466 2939 535 drungos,
2966 466 3017 519 id
3043 474 3149 531 est,
3184 466 3438 522 cohortes
3464 467 3588 522 mil-

329 554 429 617 τάς
457 552 768 622 ὁδοιπορίας
789 552 1091 616 ποιοῦνται,
1124 551 1225 603 κάν
1255 567 1310 602 τε
1345 551 1773 621 κατᾶίτούρμας,
1803 551 1907 605 κάν

2031 555 2221 619 iarias,
2244 556 2358 611 sive
2377 571 2474 626 per
2499 564 2732 621 turmas,
2764 556 2881 611 sive
2907 571 3003 625 per
3035 555 3277 627 integras
3307 558 3453 614 acies
3483 558 3587 613 iter

330 662 390 699 τε
419 644 560 698 κατὰ
614 643 742 704 ὅλας
770 640 1126 713 παρατάξεις.
1162 642 1235 693 Τὸ
1288 642 1397 711 γὰρ
1446 642 1504 694 ἐν
1527 642 1678 705 τάξει
1706 643 1909 705 ταύτας

332 736 599 805 γίνεσθαι,
619 734 680 787 οὐ
710 732 869 803 μόνον
889 732 982 785 ἐπὶ
1009 732 1104 800 τῆς
1129 732 1412 800 πολεμίας,
1436 732 1570 785 ἀλλά
1589 733 1682 786 καὶ
1704 733 1796 785 ἐπὶ
1808 732 1908 802 τῆς

336 828 492 893 ἰδίας,
528 826 965 895 ἀσφαλεστέρους
1026 825 1117 877 καὶ
1154 825 1743 896 προγεγυμνασμέ.-ους
1770 828 1913 878 ποιεῖ

330 918 456 978 τοὺς
483 912 838 984 στρατιώτας.

406 1012 483 1067 ς’.
528 1004 777 1073 Ἐκάστῳ
806 1002 866 1056 δὲ
899 1002 1150 1075 δρούγγῳ
1173 1001 1448 1066 ἐθίζεσθαι
1500 1001 1743 1073 ποίησον»
1771 1001 1911 1054 ὥστε

332 1095 434 1165 τὴν
465 1093 602 1146 ίδίαν
652 1093 968 1161 ἀποσκευὴν
1003 1091 1227 1145 δπισθεν
1271 1090 1583 1145 ἀκολουθεῖν
1638 1090 1777 1160 μετά
1805 1091 1914 1142 τῶν

338 1185 487 1238 ίδίων
530 1182 794 1251 σημείων,
823 1183 917 1235 καὶ
965 1182 1041 1253 μὴ
1074 1180 1468 1253 ἐπιμίγνυσθαι
1492 1182 1673 1251 ἑτέρα.
1718 1182 1915 1247 ’Δναγ-

337 1274 492 1327 καῖον
515 1271 624 1342 γάρ
656 1271 828 1334 ἐστιν,
852 1270 979 1323 ὅταν
995 1271 1043 1321 οἱ
1076 1268 1323 1338 πολέμιοι
1349 1265 1472 1321 οὔτε
1501 1267 1777 1337 πάρεισιν,
1790 1263 1915 1318 οὕτε

337 1362 647 1426 ἐλπίζονται
673 1360 730 1412 ἐν
752 1362 818 1430 τῇ
846 1358 1093 1430 ἡμετέρα
1130 1361 1225 1429 γῇ,
1273 1358 1307 1427 ἢ
1338 1358 1479 1411 κατά
1526 1356 1845 1428 δρούγγους,
1875 1352 1910 1424 ἦ

338 1446 480 1501 κατά
533 1445 777 1516 τούρμας
827 1448 1180 1516 περιπατεῖν,
1216 1446 1308 1499 καὶ
1358 1445 1434 1515 μὴ
1456 1445 1709 1511 συνάγειν
1751 1443 1809 1496 ὲν
1836 1443 1920 1495 ἑνὶ

339 1534 490 1604 τόπῳ
517 1534 607 1586 τὸν
641 1532 858 1586 ᾶπαντα
891 1532 1142 1601 στρατὸν,
1175 1532 1264 1586 διά
1305 1549 1363 1585 τε
1407 1535 1468 1584 τὸ
1499 1531 1574 1601 μὴ
1628 1528 1918 1601 λιμώττειν

339 1629 502 1682 αὐτὸν
527 1627 789 1699 εὐχερῶς,
826 1626 964 1697 μηδὲ
994 1626 1327 1679 εὐσύνοπτον
1356 1627 1417 1679 τὸ
1441 1626 1645 1696 πλῆθος
1673 1624 1792 1679 ὅλον
1819 1626 1919 1693 τῆς

2012 643 2197 700 faciat.
2231 644 2366 700 Nam
2400 645 2455 700 in
2482 646 2603 701 acie
2634 660 2759 701 esse
2792 646 3018 711 milites,
3058 661 3167 701 non
3201 647 3380 702 solum
3414 648 3468 703 in
3493 648 3589 703 bo-

2011 737 2122 790 stili
2154 746 2320 803 terra,
2349 735 2444 791 sed
2472 736 2637 791 etiam
2664 737 2718 791 in
2746 751 2868 803 sua,
2894 737 3127 805 perutile
3158 746 3263 802 est,
3284 747 3338 792 et
3362 739 3589 795 tutiores

2010 836 2105 875 eos
2135 823 2416 892 magisque
2456 823 2781 878 exercitatos
2803 823 2995 877 reddit.

2087 1008 2154 1063 ϐξ
2177 1015 2635 1078 Unumquemquc
2680 1006 2975 1078 drungum,
3016 1022 3111 1062 seu
3143 1008 3429 1063 cohortem
3463 1008 3589 1062 mil-

2014 1098 2225 1153 liariam
2247 1092 2605 1165 issuefacito,
2637 1106 2697 1152 ut
2719 1097 2935 1152 illorum
2959 1099 3349 1169 impedimenta
3370 1113 3399 1151 a
3431 1106 3584 1167 tergo

2014 1200 2135 1241 eam
2190 1193 2516 1255 sequantur,
2561 1198 2684 1239 cum
2720 1182 2948 1253 privatis
2994 1193 3049 1238 et
3097 1184 3214 1239 suis
3240 1183 3545 1255 insignibus
3574 1224 3589 1245 .

2017 1285 2193 1341 neque
2215 1271 2394 1326 aliena
2419 1270 2848 1326 admisceantur.
2876 1270 3107 1337 Quando
3129 1273 3275 1327 enim
3306 1272 3361 1327 in
3397 1282 3587 1327 nostra

2017 1359 2238 1427 regione
2271 1359 2457 1415 hostes
2489 1374 2663 1430 neque
2698 1359 2917 1425 adsunt,
2971 1375 3150 1431 neque
3180 1370 3589 1431 exspectantur.

2019 1450 2105 1504 vel
2157 1450 2495 1520 drungatim,
2558 1451 2639 1505 vel
2694 1450 2975 1506 turmatim
3029 1452 3332 1517 ambulent,
3386 1469 3488 1507 nec
3538 1452 3593 1506 in

2022 1556 2189 1594 unum
2230 1541 2409 1596 locum
2439 1541 2838 1609 conducantur,
2872 1550 2932 1596 ut
2966 1559 3035 1599 ne
3064 1542 3207 1598 fame
3248 1553 3593 1613 premantur,

2022 1644 2201 1700 neque
2235 1629 2393 1684 facile
2431 1630 2500 1684 ab
2549 1630 2788 1685 hostium
2826 1632 3268 1701 speculatoribus
3298 1646 3595 1688 numeren-

339 1720 693 1789 κατασκοπῆς
726 1717 835 1771 τῶν
884 1716 1115 1787 ἐχθρῶν,
1143 1716 1217 1779 ὡς
1241 1716 1406 1783 εἰκὸς,
1464 1717 1735 1784 γίνεσθαι,
1770 1713 1908 1785 μηδὲ

2028 1728 2130 1786 tur,
2161 1730 2215 1775 et
2247 1729 2436 1792 pastus
2464 1722 2840 1790 jumentorum
2870 1738 3065 1777 omnes
3085 1724 3346 1778 exedant.

339 1810 421 1873 είς
448 1807 647 1880 βοσκὰς
670 1806 1010 1860 στενοῦσθαι.

408 1901 471 1967 ζ’.
490 1898 848 1969 Ἐγγιζόντων
876 1897 932 1951 δὲ
948 1897 1056 1951 τῶν
1074 1897 1282 1970 ἐχθρῶν
1311 1898 1385 1962 ὼς
1418 1898 1525 1969 πρδ
1556 1898 1608 1963 ς’
1639 1899 1673 1969 ἢ
1701 1898 1744 1963 ζ’
1774 1898 1912 1969 ἡμε-

343 1992 455 2063 ρῶν
486 1990 521 2063 ἢ
546 1989 641 2045 καὶ
664 1988 795 2043 δέκα
839 1987 1242 2055 συνάπτεσθαι,
1279 1989 1375 2043 καὶ
1404 1991 1463 2043 ἰν
1488 1988 1566 2059 τῷ
1599 1988 1718 2059 άμα
1747 1987 1911 2043 ἀπλι·

342 2082 546 2145 κεύειν,
596 2081 692 2135 καὶ
736 2079 853 2145 ἐὰν,
900 2080 973 2143 ὡς
1011 2079 1157 2143 εἰκὸς
1182 2118 1198 2145 ,
1236 2081 1297 2133 εν
1327 2078 1625 2147 ἀγνώστοις
1670 2079 1855 2141 τόποις
1879 2079 1915 2148 ἡ

339 2173 620 2244 ὁδοιπορία
665 2171 897 2240 γίνεται,
949 2172 1045 2223 καὶ
1094 2172 1154 2224 οὑ
1209 2171 1432 2242 πάρεισί
1487 2187 1633 2233 τινες
1682 2168 1917 2223 εντόπιοι

341 2263 671 2334 δουκάτορες
698 2261 833 2333 (33),
858 2262 1189 2331 ἀποστείλῃς
1234 2263 1361 2325 τοὺς
1391 2260 1808 2331 μινσοράτορας,
1833 2258 1921 2314 ἵνα

344 2353 830 2428 προλαμϐάνωσιν,
874 2352 969 2405 ἐὰν
1014 2351 1210 2423 ἐχθροῦ
1236 2350 1399 2422 φόϐος
1422 2353 1522 2405 οὐκ
1551 2350 1631 2402 ἔτι
1651 2350 1787 2421 (54),
1815 2348 1923 2419 πρὸ

346 2450 479 2521 μιᾶς
509 2447 746 2518 ἡμέρας,
784 2446 821 2516 ἧ
848 2461 993 2508 τινες
1018 2445 1130 2515 (35)
1161 2444 1436 2515 ὀφείλουσι
1465 2442 1564 2514 τὴν
1594 2443 1923 2515 περίμετρον

345 2542 443 2596 ⁸τοῦ
468 2541 668 2604 παντὸς
684 2537 1010 2610 διαγράφειν
1037 2536 1295 2609 στρατοῦ,
1315 2536 1374 2590 ὲν
1398 2530 1442 2605 ᾧ
1470 2535 1682 2607 μέλλεις
1700 2551 1925 2606 στρατο-

347 2631 670 2686 πεδεύεσθαι
691 2669 707 2695 ,
770 2630 865 2683 καὶ
918 2630 981 2682 τδ
1034 2627 1328 2682 ἐπιϐάλλον
1385 2627 1585 2698 μέτρον
1648 2626 1924 2693 ἀναλόγως

348 2724 564 2794 ἑκάστῳ
598 2722 755 2792 μέρει
787 2720 1125 2790 διαμερίσαι.

418 2812 491 2883 η’.
549 2813 633 2866 Τά
672 2809 815 2866 αὐτὰ
858 2810 916 2864 δὲ
968 2811 1144 2863 ποιεῖν
1189 2811 1283 2863 καὶ
1337 2811 1463 2873 τοὺς
1520 2810 1922 2881 ἀντικίνσορας.

350 2900 510 2959 Οὗτοι
549 2903 605 2956 δέ
660 2903 797 2955 είσιν
845 2902 894 2954 ot
939 2900 1243 2969 ὀφείλοντες
1284 2900 1392 2953 τῶν
1424 2899 1632 2954 ὑδάτων
1685 2902 1778 2953 καὶ
1823 2900 1923 2969 τῆς

348 2991 575 3064 γνώμης
606 2990 718 3061 (36)
740 2991 839 3061 τὴν
871 2990 1066 3062 χρῆσιν
1093 2988 1554 3061 καταμανθάνειν.

418 3034 573 3063 urna
608 3034 718 3061 κννι
751 3034 834 3061 --ι-
873 3034 1063 3062 ,ιτ-,τη
1095 3034 1554 3061 ’ν---Ἰ-ν-’ν-ντ-ν-
1943 3034 1990 3095 C

418 3084 485 3139 θ’.
526 3084 651 3137 Ἐάν
697 3083 754 3136 δὲ
795 3082 883 3137 διὰ
912 3083 1159 3153 τραχέων
1189 3083 1331 3137 πάνυ
1367 3082 1547 3134 τόπων
1581 3082 1613 3151 ὴ
1642 3079 1920 3149 ὁδοιπορία

356 3176 524 3249 μέλλῃ
549 3175 816 3245 γίνεσθαι,
872 3175 905 3244 ἢ
952 3173 1309 3246 κρημνωδῶν,
1356 3174 1390 3244 ἢ
1426 3172 1724 3236 δυσϐάτων,
1756 3172 1790 3242 ἢ
1824 3171 1919 3224 δα-

353 3269 511 3332 σέων,
527 3263 972 3339 προ[ευ]τρέπιζε
999 3264 1196 3335 πλῆθος
1217 3262 1469 3334 στρατοῦ,
1493 3264 1587 3316 καὶ
1608 3260 1923 3314 ἀπόστειλον

351 3360 448 3414 ἐπὶ
493 3359 673 3425 τοῦτο,
721 3358 863 3411 ὥστε
907 3356 1304 3428 διορθώσασθαι
1357 3356 1453 3409 καὶ
1504 3353 1925 3426 παρασκευάσαι

352 3452 570 3507 εὐθεῖαν
596 3449 850 3519 γενέσθαι
882 3448 981 3519 τὴν
1006 3448 1122 3502 ὁδὸν
1151 3449 1294 3501 κατά
1338 3446 1401 3501 τὸ
1446 3446 1691 3513 δυνατὸν,
1723 3446 1810 3499 ἵνα
1849 3445 1924 3516 μὴ

354 3541 709 3613 συντρίϐηται
753 3541 787 3610 ἡ
832 3539 1018 3601 ἵππος.
1066 3538 1204 3603 Τοὺς
1253 3536 1311 3590 δὲ
1355 3535 1786 3608 ἀφοριζομένους
1832 3536 1929 3589 ἐπὶ

352 3631 529 3704 τούτῳ
562 3631 638 3702 μὴ
665 3629 984 3683 ὑποκεῖσθαι
1014 3628 1194 3699 βίγλᾳ,
1225 3627 1259 3698 ἦ
1292 3628 1457 3699 ἑτέρᾳ
1478 3624 1715 3696 δουλεία.

426 3730 481 3779 ι’.
516 3720 954 3793 Περιπατοὼτος
985 3718 1043 3772 δὲ
1083 3718 1177 3771 τοῦ
1230 3716 1483 3788 στρατοῦ,
1527 3715 1768 3787 ἡγείσθω
1791 3717 1825 3785 ἡ
1859 3715 1926 3785 σὴ

354 3814 655 3883 ίνδοξότης,
702 3811 778 3875 ὡς
806 3810 900 3865 τοῦ
929 3810 1129 3873 παντὸς
1164 3807 1395 3880 στρατοῦ
1447 3809 1751 3879 στρατηγὸς
1790 3823 1926 3878 προ-

358 3906 721 3979 πορευόμενος
750 3900 917 3958 αὐτοῦ
939 3902 1105 3973 τιμῆς
1133 3900 1342 3963 ἕνεκεν,
1373 3900 1467 3953 καὶ
1505 3899 1592 3952 διά
1624 3899 1717 3952 τὸν
1765 3899 1928 3968 φόϐον

354 4000 466 4054 τῶν
504 3996 797 4068 ἐπιτιμίων
843 3994 982 4066 μετά
1022 3994 1123 4063 τῆς
1146 3992 1260 4063 ⁸σῆς
1285 3991 1502 4061 ἀπάσης
1532 3988 1924 4063 προελεύσεως,

357 4093 454 4148 καὶ
479 4091 587 4145 τῶν
614 4088 757 4144 κατά
787 4085 882 4141 σοῦ
915 4085 1142 4157 βάνδων,
1177 4084 1273 4138 καὶ
1327 4082 1549 4136 ὄπισθεν
1576 4081 1793 4135 πάντων
1824 4080 1928 4133 ὕπ-

358 4182 507 4255 ερισὲ
540 4182 653 4253 (37)
679 4180 984 4249 άποσκευή.

434 4273 527 4331 ια’.
562 4274 706 4346 Πρὸς
731 4273 792 4327 τὸ
823 4273 1007 4343 σχῆμα
1038 4270 1095 4323 δὲ
1135 4267 1294 4322 τοῦτο
1319 4266 1414 4321 καὶ
1467 4266 1697 4329 ἕκαστος
1722 4280 1925 4335 τουρμο

2086 1896 2138 1950 ’1.
2173 1892 2502 1965 PrOpinquis
2562 1893 2676 1964 jam
2724 1894 3003 1961 hostibus,
3035 1905 3163 1951 ante
3215 1911 3329 1961 sex,
3370 1897 3452 1951 vel
3509 1912 3597 1953 se-

2018 1995 2188 2058 ptem,
2214 1994 2305 2039 aut
2338 1985 2498 2040 etiam
2554 1985 2742 2041 decem
2777 1985 2989 2041 dierum
3045 2001 3307 2057 pugnam,
3361 2000 3598 2058 cumque

2021 2093 2190 2150 prope
2246 2085 2431 2133 castra
2483 2086 2787 2147 ponuntur,
2820 2077 2946 2134 siin
2986 2078 3172 2149 ignota
3202 2079 3325 2135 loca
3370 2079 3474 2134 iter
3518 2078 3598 2135 fa-

2022 2169 2275 2224 ciendum
2310 2169 2403 2235 sit,
2457 2183 2635 2238 neque
2685 2168 2953 2239 indigenae
3002 2170 3259 2227 ductores
3303 2168 3600 2235 adfuerint,

2022 2268 2317 2315 metatores
2363 2259 2478 2315 sive
2527 2269 2934 2315 mensuratorcs
2980 2260 3317 2330 praemittes,
3362 2270 3421 2317 ut
3476 2262 3597 2317 loca

2023 2352 2346 2421 anticipent,
2381 2353 2428 2407 si
2454 2351 2636 2406 nullus
2652 2350 2894 2407 hostium
2927 2351 3089 2407 timor
3141 2353 3472 2422 impendeat,
3502 2356 3597 2426 qui

2025 2454 2336 2500 castrorum
2368 2444 2636 2499 ambitum
2667 2453 2794 2498 ante
2821 2457 2993 2496 unum
3036 2442 3179 2498 diem
3219 2444 3600 2508 dimetiantur,

2028 2534 2081 2587 in
2105 2548 2215 2603 quo
2252 2542 2433 2591 castra
2467 2540 2758 2603 ponentur,
2787 2540 3063 2588 etcertam
3107 2534 3403 2603 quamdam
3439 2551 3591 2590 men-

2029 2638 2214 2679 suram
2241 2638 2366 2677 cnm
2397 2622 2751 2693 proportione
2764 2622 2914 2693 justa
2946 2622 3247 2696 unicuique
3288 2633 3478 2682 turma:
3506 2627 3604 2681 tri~

2029 2716 2217 2771 buanL

2098 2807 2317 2862 8.ldem
2350 2805 2557 2863 faciant
2611 2815 2667 2860 et
2722 2805 3098 2862 anticensores
3133 2821 3150 2872 ;
3185 2794 3382 2861 borum
3440 2807 3604 2863 etiam

2029 2895 2263 2951 ofﬁcium
2304 2904 2408 2961 est,
2467 2909 2735 2967 aquarum
2773 2894 3203 2965 pastionumque
3249 2896 3357 2951 vim
3390 2905 3445 2953 et
3503 2912 3605 2953 co-

2029 2985 2177 3055 piam
2192 2984 2495 3041 advertere.

2094 3076 2146 3131 9.
2184 3076 2242 3130 Si
2274 3091 2371 3146 per
2392 3090 2587 3146 aspera
2616 3075 2912 3130 admodum
2946 3075 3067 3131 loca
3101 3075 3204 3131 iter
3222 3075 3466 3133 futurum
3495 3089 3603 3145 est,

2026 3177 2119 3222 aut
2142 3166 2463 3237 praecipitia,
2491 3176 2588 3222 aut
2610 3182 2707 3237 per
2731 3166 2854 3222 avia
2888 3174 2943 3223 et
3002 3167 3282 3223 condensa
3316 3168 3467 3236 loca,
3498 3170 3604 3225 ali-

2026 3270 2160 3331 quot
2191 3275 2257 3313 ex
2289 3259 2533 3315 exercitu
2562 3274 2830 3330 praepara,
2862 3269 2919 3316 et
2955 3260 3248 3330 praemitte,
3275 3262 3372 3331 qui
3424 3268 3605 3336 quoad

2026 3353 2141 3408 lteri
2196 3362 2374 3423 potest
2409 3352 2625 3423 planam
2657 3361 2714 3407 et
2761 3352 3023 3407 directam
3075 3352 3217 3407 viam
3250 3353 3505 3419 elllciaut,
3544 3364 3605 3409 ut

2024 3446 2235 3515 neequi
2275 3445 2603 3515 afﬂigantur.
2635 3441 2699 3498 Hi
2721 3443 2814 3513 qui
2861 3442 3064 3499 adhoc
3112 3445 3387 3513 negotium
3446 3446 3605 3501 asciti

2026 3547 2175 3602 sunt,
2207 3552 2384 3608 neque
2407 3536 2898 3606 speculationibus,
2927 3549 3103 3604 neque
3141 3534 3267 3590 ullis
3312 3535 3439 3591 aliis
3484 3551 3605 3592 mu-

2029 3629 2257 3685 neribus
2282 3628 2548 3684 faciendis
2578 3628 2901 3683 inserviant.

2103 3722 2190 3779 l0.
2227 3723 2535 3777 Prodeuute
2590 3720 2833 3776 exercitu
2876 3720 3085 3790 primus
3114 3729 3337 3775 anteeas
3368 3728 3425 3774 tu
3479 3719 3606 3774 uni-

2030 3816 2169 3869 versi
2195 3814 2470 3869 exercitus
2525 3814 2845 3884 imperator,
2894 3821 2949 3867 et
3002 3821 3224 3867 anteeas
3253 3812 3477 3867 honoris
3523 3810 3601 3866 tui

2033 3920 2227 3969 causa,
2266 3915 2487 3975 propter
2520 3905 2814 3958 multorum
2868 3905 3141 3967 timorem,
3172 3918 3295 3958 cum
3348 3903 3599 3957 universa

2029 3994 2379 4065 expeditione
2419 4002 2510 4048 tua
2535 4002 2589 4048 et
2613 3993 2930 4047 cohortibus
2956 3992 3065 4046 tuis
3100 4001 3377 4045 :extrema
3417 4000 3599 4048 autem

2030 4086 2272 4141 omnium
2310 4085 2697 4155 impedimenta
2731 4092 2822 4138 tua
2846 4095 2990 4139 eant.

2104 4272 2193 4327 ll.
2236 4271 2318 4326 Ad
2359 4271 2506 4326 hunc
2539 4269 2761 4324 modum
2790 4244 3169 4339 unusquisque
3219 4277 3330 4321 tum
3363 4277 3603 4323 turmar-

356 4365 533 4437 άρχης
564 4362 598 4433 ἢ
626 4361 985 4434 δρουγγάριος
1012 4354 1402 4429 περιπατείτω,
1434 4355 1531 4426 τὴν
1559 4353 1730 4424 αὐτὴν
1771 4350 1923 4416 τάξιν

2031 4360 2156 4425 clta,
2190 4367 2304 4413 tum
2330 4356 2680 4428 drungarius,
2707 4356 2761 4411 id
2796 4364 2901 4419 est,
2947 4356 3201 4410 tribunus
3234 4355 3435 4420 minor,
3474 4371 3605 4425 pro-

360 4455 665 4525 φυλάττων,
699 4453 810 4506 εἴτε
843 4450 1144 4523 ἡνωμένως
1179 4445 1594 4520 περιπατοῦσιν,
1624 4446 1732 4499 εἴτε
1762 4444 1925 4509 ἰδίως.

373 4547 462 4599 Ἑν
512 4544 569 4599 δὲ
614 4545 735 4608 ταῖς
794 4543 904 4596 τῶν
952 4539 1212 4611 ποταμῶν
1274 4536 1610 4602 διαϐάσεσιν,
1667 4534 1702 4606 ἢ
1756 4534 1931 4589 ἄλλων

360 4638 655 4705 ἀγνώστων
684 4635 923 4707 χωρίων,
955 4634 1083 4698 τοὶξς
1113 4631 1500 4702 ἀντικένσορας
1526 4625 1931 4700 προλαμϐάνειν

360 4730 501 4784 ὥστε
535 4725 853 4800 δοκιμάζειν
886 4727 1150 4799 πρότερον
1182 4724 1310 4787 τοὺς
1348 4722 1569 4788 τόπους,
1619 4719 1714 4773 καὶ
1760 4718 1931 4783 οὕτως

360 4820 725 4889 ἀπαγγέλλειν
765 4835 847 4872 σοι
895 4818 964 4871 τά
1010 4815 1106 4869 τοῦ
1158 4816 1346 4879 τόπου,
1395 4813 1482 4866 ῖνα
1527 4810 1617 4865 διά
1650 4810 1761 4864 τῶν
1802 4811 1925 4863 ἐπι-

359 4911 587 4982 τηδείων
619 4910 894 4980 ἀρχόντων
924 4905 1282 4974 ἀποστέλλῃς,
1307 4902 1403 4958 καὶ
1422 4899 1806 4973 προφυλάττῃς
1831 4898 1928 4968 τὴν

358 5000 627 5055 διάϐασιν.

433 5090 523 5161 ιβ’.
576 5090 639 5143 Εἰ
688 5089 746 5142 δὲ
791 5089 933 5143 πάνυ
982 5084 1304 5153 ἔπισφαλεῖς
1348 5084 1486 5136 εἰσιν
1530 5083 1580 5136 οι
1628 5082 1785 5136 τόποι
1838 5083 1930 5135 καὶ

359 5182 631 5246 δύσκολοι,
661 5182 753 5235 καὶ
772 5178 997 5233 σεαυτὸν
1013 5176 1125 5247 (58)
1146 5176 1238 5228 τοῦ
1266 5173 1466 5237 παντὸς
1497 5172 1798 5244 στρατηγὸν
1824 5173 1931 5226 ἀπο

2029 4452 2177 4516 deat,
2205 4452 2347 4504 banc
2377 4447 2549 4504 aciem
2581 4462 2828 4510 servans,
2896 4446 3009 4500 sive
3070 4444 3363 4515 coniuncte
3413 4460 3605 4499 omnes

2028 4540 2331 4605 ambulent,
2363 4539 2480 4595 sive
2503 4539 2757 4594 seorsim.
2793 4535 2851 4591 ln
2883 4536 3172 4591 fluviorum
3193 4536 3605 4592 transitionibus

2029 4642 2125 4687 aut
2152 4632 2386 4688 aliorum
2410 4630 2657 4687 locorum
2697 4629 3034 4701 ignotorum,
3069 4635 3446 4681 antecessores
3467 4639 3605 4694 pra:-

2034 4723 2217 4789 mitte,
2248 4722 2340 4792 qui
2369 4722 2524 4792 prius
2576 4721 2696 4776 loca
2726 4720 3034 4791 explorent,
3069 4732 3243 4789 caque
3265 4713 3447 4786 qualia
3497 4714 3605 4769 sint

2044 4816 2323 4879 nuntient,
2358 4822 2418 4868 ut
2450 4812 2781 4885 quibusdam
2834 4809 3050 4865 idoneis
3111 4805 3382 4878 praefectis
3420 4804 3602 4861 statim

2036 4906 2359 4977 praemissis,
2382 4906 2671 4975 diligenter
2697 4915 2946 4957 asserves
2981 4899 3293 4954 transitum.

2112 5085 2199 5140 12.
2263 5083 2361 5139 Sin
2409 5081 2700 5137 admodum
2768 5078 2998 5143 lubrica,
3068 5076 3419 5146 diﬂiciliaque
3486 5073 3607 5128 loca

2043 5175 2265 5241 fuerint,
2291 5173 2523 5243 teipsum
2548 5179 2761 5243 Oportet
2780 5170 3015 5240 primum
3037 5184 3103 5224 eo
3133 5167 3387 5233 transire,
3410 5163 3606 5222 deinde

1859 5283 2086 5341 NOTE.

435 5412 545 5480 (33)
579 5413 970 5480 Aoogcaropsc.
1014 5404 1075 5458 in
1124 5402 1375 5458 Palatino
1412 5400 1603 5458 codice
1644 5409 1783 5467 erat,
1815 5401 1863 5453 oi
1894 5400 1940 5452 δ’

360 5478 518 5540 ἑκάτε
528 5478 630 5551 ροι.
668 5478 827 5551 Male.

438 5542 549 5622 (34')
586 5552 706 5604 Οὐκ
736 5547 845 5601 ἔτι.
881 5544 1093 5622 Scribe,
1121 5542 1221 5622 ob):
1245 5542 1381 5595 ἔστι.

437 5611 552 5695 (35)
589 5622 658 5675 Ἥ
694 5633 871 5680 τινες.
895 5612 1103 5675 Scribe,
1134 5611 1348 5672 οἵτινες.

686 5713 955 5773 Parnm.
1000 5708 1113 5766 Gn.
1155 5705 1334 5767 CVII.

2118 5401 2229 5470 (56)
2261 5399 2371 5488 .Kal
2400 5398 2510 5466 τῆς
2513 5396 2788 5521 6γνώμης.
2822 5395 3033 5481 scribe,
3058 5396 3149 5448 καὶ
3178 5394 3280 5464 ,τῆς
3314 5392 3499 5461 νομῆς.

2118 5471 2231 5521 157)
2290 5472 2511 5521 Tarento
2551 5512 2562 5521 .
2597 5467 2811 5521 Scribe.
2846 5483 2880 5521 η
2911 5467 3040 5521 περὶ
3066 5466 3148 5517 σέ.

2116 5466 2231 5538 (37)
2266 5466 2562 5537 ’Υπερισέ.
2597 5467 2880 5538 δαιδαή
2911 5467 3040 5538 περὶ
3066 5466 3148 5517 σέ.

2115 5534 2226 5610 (38)
2258 5539 2362 5594 Kal
2387 5534 2662 5593 σεαυτόν.
2697 5534 2905 5601 Scribe,
2932 5534 3039 5606 χρὴ
3072 5551 3121 5585 σ.

3106 5689 3181 5754 25
