4022 6440
387 276 484 344 771

1583 265 1856 326 LEONIS
1895 260 2352 323 PHILOSOPHI

3527 251 3640 315 772

395 388 468 444 ibi
514 371 815 440 consiStere
860 389 914 436 et
979 376 1327 442 commorari,
1384 375 1553 430 donec
1605 389 1798 429 omnes
1847 375 1958 427 sine

2068 372 2346 443 έρχεσθαι,
2383 371 2476 422 καὶ
2512 367 2754 436 γίνεσθαι
2797 364 2937 419 κατὰ
2965 364 3057 418 τὸν
3104 365 3286 429 τόπον,
3331 363 3427 417 καὶ
3461 381 3638 435 παρα-

389 480 696 536 offensione
731 473 1072 532 transierint.

462 572 550 625 1⁵5.
577 571 692 623 Hoc
728 567 874 622 enim
915 563 1094 618 virum
1147 560 1548 615 nobilissimum
1613 569 1667 614 et
1714 559 1960 614 clarissi-

393 677 539 717 mum
581 665 789 728 patrem
825 660 1077 709 nostrum
1104 665 1284 721 regem
1333 649 1592 704 Basilium
1644 648 1836 702 fecisse
1869 661 1961 700 eo-

392 751 702 822 gnovimus,
738 743 960 816 quando
991 751 1186 798 contra
1220 739 1621 796 Germaniciam
1656 741 1850 812 Syriae
1878 738 1960 794 ei-

390 843 610 894 vitatem
637 839 824 907 copias
855 837 1106 900 duxerat,
1137 844 1192 887 et.
1239 832 1559 886 Paradisum
1592 831 1821 885 ﬂuvium
1855 845 1958 884 an-

390 931 658 1000 ticiparat,
684 928 778 998 qui
815 923 1161 994 lampadibus
1191 924 1244 977 in
1276 921 1459 976 medio
1493 921 1816 976 constitutis
1845 920 1961 989 ipse

385 1036 481 1077 sua
506 1022 678 1091 ipsius
731 1015 1023 1089 praesentia
1082 1019 1249 1082 atque
1299 1027 1422 1082 ope,
1453 1013 1768 1065 universum
1803 1022 1960 1063 exer-

384 1111 550 1166 citum
584 1109 744 1163 facile
767 1115 822 1163 et
869 1106 989 1161 sine
1033 1103 1335 1160 offensione
1377 1101 1642 1166 traduxit,
1679 1101 1770 1170 qui
1821 1113 1964 1168 saepe

385 1217 606 1256 manum
658 1200 766 1255 illis
828 1196 1043 1253 afﬂictis
1089 1189 1434 1267 porrexerat,
1494 1203 1548 1250 et
1583 1192 1852 1265 quosdam
1889 1205 1955 1245 ex

383 1294 638 1366 periculis
669 1290 889 1362 eripuit.

453 1477 542 1531 Η.
584 1475 728 1538 Haec,
781 1471 825 1528 si
861 1471 1049 1526 hostes
1101 1484 1210 1522 non
1239 1467 1578 1532 immineant,
1635 1467 1956 1534 imperator,

384 1568 700 1634 facies;sin
736 1577 906 1633 prope
931 1559 1157 1625 fuerint,
1182 1570 1298 1613 tum
1352 1559 1406 1612 in
1456 1557 1674 1628 propria
1731 1555 1964 1611 statione

385 1667 724 1727 permaneas.
753 1647 1142 1717 Unusquisque
1179 1656 1358 1700 autem
1378 1645 1666 1715 praefectus
1688 1645 1768 1700 sui
1794 1645 1964 1713 ipsius

384 1744 627 1800 cohortis
657 1751 749 1797 aut
782 1751 971 1795 turture
1002 1753 1190 1794 curam
1227 1738 1506 1808 suscipiet,
1529 1736 1703 1791 donec
1747 1749 1962 1800 omnes,

385 1834 474 1905 qui
509 1833 612 1888 sub
636 1831 864 1901 imperio
894 1829 1010 1899 ejus
1030 1828 1255 1894 fuerint,
1300 1836 1610 1893 transeant,
1645 1836 1702 1881 ut
1723 1841 1790 1879 ne
1811 1825 1962 1878 'alius

384 1928 549 1981 alium
615 1922 1025 1985 antevertendo,
1081 1936 1140 1975 se
1191 1929 1382 1974 mutuo
1430 1919 1750 1989 perturbent
1798 1927 1962 1987 atque

383 2014 652 2084 afﬂigant;
696 2021 809 2066 tum
862 2010 1007 2065 enim
1061 2009 1314 2065 fortassis
1365 2009 1549 2080 aliqua
1610 2006 1961 2063 incommoda

382 2106 653 2159 orientur.

461 2193 551 2248 15.
589 2192 819 2260 Quando
843 2200 1021 2246 autem
1063 2204 1158 2260 per
1189 2188 1470 2260 regionem
1498 2191 1740 2260 aliquam
1784 2201 1963 2245 trans-

385 2287 538 2352 ieris,
601 2300 723 2354 quae
755 2283 857 2337 sub
892 2282 1100 2336 ditibue
1157 2289 1344 2335 nostra
1397 2290 1502 2346 est,
1550 2296 1741 2350 parcas
1781 2290 1834 2336 et
1881 2283 1961 2336 fa—

381 2390 510 2429 veas
542 2375 686 2443 agris
723 2371 886 2426 cultis
916 2390 930 2436 ;
963 2371 1217 2440 idemque
1244 2369 1511 2423 militibus
1568 2371 1819 2439 praecipe,
1849 2370 1964 2425 sive

382 2466 500 2518 loca
543 2462 686 2518 culta
710 2471 762 2518 et
785 2462 989 2515 vitibus
1018 2458 1256 2525 consita,
1287 2459 1402 2513 siVe
1461 2459 1605 2514 horti
1639 2458 1864 2525 fuerint,
1895 2475 1963 2515 ne

381 2570 478 2625 per
505 2553 743 2609 medium
779 2554 972 2607 horum
994 2552 1245 2605 locorum
1278 2557 1579 2616 transeant,
1623 2560 1685 2605 ut
1712 2565 1777 2605 ex
1827 2551 1963 2621 legi-

381 2645 486 2700 bus
532 2641 970 2712 praescriptisque
1009 2641 1214 2694 nostris
1263 2629 1566 2709 municipes
1625 2652 1786 2711 atque
1817 2641 1962 2711 agri-

381 2734 514 2788 colae
546 2731 702 2787 illaesi
730 2739 1145 2786 eoziserventur.

451 2821 541 2876 16.
575 2823 633 2876 Si
657 2821 785 2874 'tieri
819 2829 1021 2889 potest,
1045 2826 1105 2872 ut
1133 2831 1226 2888 per
1246 2819 1457 2872 inculta
1503 2817 1622 2873 loca
1675 2835 1794 2885 eas,
1832 2820 1963 2876 illuc

381 2915 546 2983 longo
575 2912 862 2967 intervallo
888 2911 1081 2964 transi.
1111 2908 1205 2963 Sin
1239 2911 1544 2965 necessitas
1603 2911 1720 2981 ipsa
1748 2922 1960 2982 urgeat,

383 3015 562 3074 utper
595 3005 711 3057 haec
767 3019 883 3066 eas,
919 3001 1390 3070 uniuscujusque
1454 3009 1648 3056 turma:
1693 3002 1962 3071 praefectis

380 3095 665 3164 praecipies
697 3101 754 3146 ut
779 3093 850 3145 ibi
879 3091 1203 3157 consistant,
1236 3100 1288 3145 et
1311 3093 1620 3146 cautionem
1649 3094 1962 3163 diligentem

380 3186 700 3251 adhibeant,
737 3184 911 3238 donec
940 3197 1129 3237 omnes
1178 3184 1402 3247 milites,
1453 3185 1548 3252 qui
1599 3183 1702 3239 sub
1745 3186 1961 3240 illorum

380 3287 648 3346 potestate
675 3284 824 3340 sunt,
855 3275 1198 3339 transierint,
1231 3283 1284 3331 et
1308 3275 1568 3345 praefecto
1603 3286 1716 3331 tum
1778 3281 1962 3349 proxi-

381 3387 470 3424 me
497 3371 614 3425 loca
656 3369 770 3423 haec
801 3369 972 3427 illaesa
1005 3366 1244 3441 tendant,
1276 3369 1470 3439 sicque
1522 3368 1831 3426 discedant.

459 3547 547 3602 Π.
589 3545 850 3600 Similiter
875 3543 1042 3599 etiam
1070 3546 1353 3614 proximus
1376 3545 1450 3600 illi
1489 3545 1668 3609 faciet.
1695 3559 1748 3604 et
1792 3564 1962 3607 unus-

382 3645 627 3716 quisque
683 3643 842 3694 etiam
884 3640 1173 3710 prmfeetus
1217 3642 1409 3698 ordine
1439 3658 1582 3705 suo;
1621 3645 1700 3700 sic
1739 3647 1958 3701 etordi-

380 3736 466 3789 nis
517 3729 860 3786 rouserratio
904 3739 1018 3782 tum
1061 3739 1173 3794 tua,
1228 3741 1339 3784 tum
1393 3732 1793 3800 praefectorum,
1843 3746 1956 3788 tum

380 3829 610 3883 militum
645 3825 1008 3889 adhibebitur,
1047 3833 1101 3879 et
1153 3827 1412 3896 agricolae
1484 3828 1695 3884 fructus
1753 3831 1957 3885 illaesus

376 3923 498 3974 erit.

452 4010 538 4063 18.
569 4007 796 4074 Quando
841 4006 1125 4061 imminere
1164 4008 1316 4061 labor
1376 4009 1522 4074 belli,
1552 4011 1632 4064 vel
1699 4011 1953 4079 difﬁcilis,

375 4103 506 4156 etin
541 4116 732 4155 omnes
771 4109 954 4168 partes
978 4100 1502 4170 circumspiciendus
1538 4105 1801 4162 transitus
1835 4123 1956 4163 esse

377 4194 609 4255 ridetur,
649 4192 695 4245 si
741 4192 867 4245 fera:
897 4199 992 4244 aut
1025 4203 1324 4247 mansueta:
1363 4195 1555 4252 bestiae
1584 4199 1950 4266 occurrerint,

375 4286 550 4338 autin
600 4293 954 4351 conspectum
1001 4283 1214 4338 illorum
1275 4285 1616 4354 prodierint,
1669 4291 1954 4343 venatione

2066 465 2258 534 στῆναι
2285 465 2388 526 δεῖ,
2415 463 2572 532 ἄχρις
2600 463 2666 515 ἂν
2700 459 2898 521 πάντες
2933 455 3160 520 ἀπαθῶς
3184 455 3485 510 διέλθωσιν.

2136 562 2224 623 ιγ’.
2258 553 2428 605 Τοῦτο
2455 552 2564 619 γὰρ
2607 551 2701 602 καὶ
2749 548 2840 600 τὸν
2869 549 3141 616 ἡμέτερον
3171 546 3503 616 ἀείμνηστον
3533 561 3640 599 πα-

2064 643 2199 710 τέρα
2233 641 2327 693 καὶ
2377 639 2601 708 βασιλέα
2645 635 2928 690 Βασίλειον
2981 636 3338 704 πεποιηκέναι
3372 635 3643 703 γινώσκοι

2069 750 2189 802 μεν,
2221 733 2309 786 ὅτε
2346 732 2487 784 κατά
2519 729 2888 801 Γερμανικίας
2916 728 3012 797 τῆς
3045 729 3103 780 ὲν
3134 727 3309 799 Συρίᾳ⁸
3337 727 3436 798 τὴν
3470 745 3639 796 στρα-

2063 825 2215 878 τείαν
2247 824 2560 894 ἐποιήσατο,
2592 819 3082 892 προκαταλαϐόντα
3113 819 3214 888 μὲν
3239 818 3330 871 τὸν
3371 821 3642 890 Παράδει-

2066 934 2156 969 σον
2200 916 2492 984 λεγόμενον
2537 913 2804 982 ποταμὸν,
2835 911 3198 982 παραστάντα
3231 909 3289 962 δὲ
3322 911 3462 980 μετά
3501 912 3642 981 λαμ-

2065 1007 2249 1060 πάδων
2280 1005 2422 1059 κατά
2453 1005 2514 1058 τὸ
2559 1003 2743 1075 μέσον,
2791 1003 2886 1055 καὶ
2923 1004 2992 1072 τῇ
3039 999 3205 1054 αὑτοῦ
3240 1003 3514 1072 παρουσίᾳ
3544 1003 3640 1056 καὶ

2063 1097 2333 1167 ἀσφαλείᾳ
2362 1097 2542 1150 πάντα
2582 1095 2674 1148 τὸν
2703 1095 2796 1147 ὑπ’
2824 1093 2987 1147 αὑτὸν
3020 1092 3252 1163 στρατὸν
3283 1093 3512 1157 ἀπαθῶς
3545 1095 3643 1148 καὶ

2065 1187 2301 1249 εὐκόλως
2329 1187 2719 1241 διαϐιϐάσαντα
2747 1226 2760 1251 ,
2791 1185 2866 1248 ὠς
2899 1186 2994 1237 καὶ
3041 1187 3200 1254 χεῖρα
3225 1183 3410 1236 δοῦναι
3442 1184 3644 1238 πολλά-ο

2066 1297 2152 1343 κις
2184 1281 2277 1333 καὶ
2303 1279 2367 1333 δι’
2396 1278 2592 1333 ἑαυτοῦ
2620 1283 2774 1342 τινας
2788 1278 2897 1330 τῶν
2929 1275 3278 1347 στρατιωτῶν
3297 1275 3642 1330 κινδυνεύον-

2063 1390 2160 1435 τας
2189 1370 2592 1425 ἀνασώσασθαι.

2139 1461 2221 1514 ιδ’.
2269 1459 2440 1514 Τοῦτο
2487 1460 2546 1513 δὲ
2593 1462 2768 1514 ποιεῖν
2799 1474 2881 1512 σαι
2911 1457 3232 1529 κελεύομεν,
3266 1451 3311 1510 ὦ
3345 1462 3644 1531 στρατηγέ,

2066 1553 2160 1605 ἐάν
2197 1552 2271 1623 μὴ
2316 1552 2607 1621 ὲγγίξωσιν
2641 1552 2690 1604 οἱ
2722 1550 2971 1620 πολέμιοι
3013 1551 3128 1612 τοῖς
3170 1551 3357 1614 τόποις
3389 1552 3640 1615 ἐκείνοις.

2083 1645 2206 1697 Ἐὰν
2232 1644 2288 1697 δὲ
2319 1642 2634 1712 ἐγγίζωσιν,
2661 1643 2781 1695 τότε
2815 1642 2873 1694 σὲ
2909 1641 3006 1710 μὲν
3029 1644 3088 1694 έν
3114 1643 3181 1712 τῇ
3211 1641 3317 1712 ίδίᾳ
3359 1641 3511 1708 τάξει
3547 1644 3646 1714 μέ-

2069 1753 2200 1800 νειν,
2218 1735 2448 1790 ἕκαστον
2481 1735 2535 1788 δὲ
2559 1734 2799 1804 ἄρχοντα
2821 1729 2916 1786 τοῦ
2940 1733 3068 1786 [δίου
3096 1732 3296 1802 μέρους
3325 1731 3425 1803 τὴν
3455 1733 3650 1802 χρείαν

2070 1828 2486 1900 ἀναπληρῶσαι,
2517 1827 2624 1888 ἕως
2660 1826 2726 1880 ἂν
2759 1826 2958 1888 πάντες
2989 1825 3039 1877 oi
3070 1825 3163 1876 ὑπ’
3187 1824 3350 1877 αὐτὸν
3376 1824 3645 1892 στρατιῶ-

2068 1937 2159 1974 ται
2183 1919 2430 1983 ἀϐλαϐῶς
2461 1919 2759 1983 διέλθωσιν,
2797 1917 2886 1970 ῖνα
2917 1917 2991 1987 μὴ
3021 1917 3416 1981 σπουδάζοντες
3446 1917 3649 1979 πάντες

2069 2016 2226 2078 ἄλλος
2251 2015 2341 2068 τὸν
2396 2014 2554 2068 ἄλλον
2608 2014 2922 2084 προλαϐεῖν,
2965 2012 3244 2066 ἀτακτῶσι
3291 2012 3388 2066 καὶ
3431 2012 3646 2084 συντρί-
3685 2040 3689 2044 -

2070 2108 2293 2172 ϐωνται,
2320 2105 2450 2170 ἴσως
2471 2105 2591 2158 τότε
2623 2105 2718 2158 καὶ
2753 2105 2946 2176 βλάϐαι
2977 2106 3118 2168 τινὲς
3151 2105 3431 2174 γίνωνται.

2142 2205 2224 2251 ιε’.
2259 2197 2427 2251 Ὅταν
2455 2197 2511 2250 δὲ
2538 2197 2595 2249 ὲν
2650 2199 2715 2266 τῇ
2745 2196 2900 2268 χώρᾳ
2928 2196 3035 2250 τῶν
3071 2197 3330 2267 ὑπηκόων
3363 2196 3521 2266 ἡμῶν
3548 2197 3648 2265 τὴν

2072 2287 2324 2342 διάϐασιν
2373 2286 2467 2340 τοῦ
2514 2285 2747 2358 στρατοῦ
2800 2288 2980 2357 ποιῇς,
3036 2286 3313 2356 φείδεσθαι
3362 2287 3456 2340 καὶ
3501 2287 3641 2339 ἀπο-

2071 2383 2292 2452 φεύγειν
2321 2386 2447 2445 τοὺς
2469 2382 2887 2454 γεωργηῦέντας
2921 2381 3118 2445 τόπους
3144 2383 3256 2446 τοῖς
3285 2380 3648 2452 στρατιώταις

2071 2475 2414 2545 παράγγελλε
2438 2490 2451 2503 ·
2503 2475 2614 2528 εἴτε
2639 2475 2893 2544 χωράφιά
2919 2473 3078 2539 εἰσιν,
3112 2473 3221 2526 εἴτε
3256 2473 3580 2543 ἀμπελῶνες
3608 2475 3642 2543 ἦ

2070 2567 2270 2634 κῆποι·
2305 2566 2398 2619 καὶ
2431 2566 2507 2636 μὴ
2539 2565 2855 2619 διαϐαίνωσι
2889 2565 3055 2635 μέσον
3086 2565 3290 2628 αὐτῶν,
3324 2566 3409 2619 ἵνα
3437 2565 3643 2635 φυλάτ-

2069 2673 2168 2727 τῃς
2222 2656 2347 2720 τοὺς
2399 2656 2677 2718 ὑποτελεῖς
2708 2655 2867 2726 ἡμῶν
2912 2656 3005 2721 καὶ
3048 2658 3324 2726 γεωργοὺς
3355 2655 3647 2727 ἀζημίους,

2071 2745 2210 2800 κατὰ
2240 2745 2329 2798 τὸν
2358 2747 2484 2814 παρ’
2520 2745 2675 2816 ἡμῶν
2706 2762 2786 2797 σοι
2811 2743 3207 2815 προεκτεθέντα
3243 2745 3428 2813 νόμον.

2149 2835 2242 2900 ις’.
2275 2835 2466 2905 Καίεί
2497 2837 2597 2907 μὲν
2631 2837 2871 2899 δυνατὸν,
2910 2836 2998 2890 διὰ
3025 2836 3132 2889 τῶν
3160 2837 3530 2907 ἁγεωργήτων
3553 2838 3646 2890 τό-

2069 2945 2187 2981 πων
2234 2927 2452 2999 μακράν
2503 2945 2562 2980 σε
2603 2927 2932 2999 διέρχεσθαι.
2962 2928 3026 2980 Εί
3059 2928 3116 2982 δὲ
3165 2927 3378 2998 ἀνάγκη
3422 2944 3479 2979 σε
3515 2945 3649 2980 κατ-

2071 3021 2282 3087 επείγει
2332 3020 2419 3074 διὰ
2475 3019 2582 3072 τῶν
2609 3019 2869 3072 τοιούτων
2903 3018 3331 3091 γεωργηθέντων
3358 3018 3537 3072 τόπων
3568 3019 3648 3071 δι-

2073 3110 2270 3174 ελθεῖν,
2318 3109 2692 3180 παραγγείλῃς
2717 3111 2844 3173 τοὺς
2888 3109 3120 3164 ἑκάστου
3149 3111 3426 3178 τάγματος
3452 3110 3649 3180 ἄρχον-

2073 3217 2196 3264 τας,
2231 3199 2427 3270 μέχρις
2457 3198 2521 3251 ἂν
2551 3199 2598 3251 οἱ
2630 3199 2722 3250 ὑπ’
2754 3197 2948 3260 αὐτοὺς
2967 3197 3290 3266 τεταγμένοι
3315 3196 3648 3267 στρατιῶται

2071 3290 2434 3362 παρέλθωσιν,
2461 3289 2710 3343 ἵστασθαι
2737 3290 2835 3341 καὶ
2867 3289 3178 3356 φυλάττειν,
3209 3288 3303 3340 καὶ
3331 3287 3390 3341 τὸ
3419 3287 3513 3340 ἀπ’
3546 3287 3644 3340 αὑ-

2070 3383 2161 3436 τοῦ
2181 3383 2492 3453 ἐρχομένων
2513 3380 2622 3452 (⁸59)
2647 3381 2994 3452 παραδιδόναι
3012 3380 3136 3444 τοὺς
3151 3379 3422 3442 τοιούτους
3445 3380 3647 3442 τόπους

2069 3471 2349 3534 ἀϐλαϐεῖς,
2385 3471 2478 3524 καὶ
2501 3471 2674 3535 οὕτως
2710 3471 3034 3540 ἀναχωρεῖν.
3371 3479 3374 3482 ’

2089 3542 2230 3630 ἰξ.
2281 3564 2386 3617 Τὸν
2428 3565 2614 3634 ὅμοιον
2659 3562 2716 3616 δὲ
2762 3562 2966 3635 τρόπον
3021 3563 3193 3615 ποιεῖν
3264 3560 3360 3614 καὶ
3401 3561 3495 3613 τὸν
3545 3561 3642 3614 ἀπ’

2069 3660 2301 3724 ἐκείνου,
2336 3657 2430 3711 καὶ
2463 3657 2692 3719 ἕκαστος
2721 3656 2904 3728 ἄρχων
2933 3654 2995 3708 τὸ
3021 3655 3152 3710 αὐτὸ
3181 3655 3421 3708 ποιείτω.
3454 3654 3643 3717 Οὕτως

2067 3752 2177 3822 γὰρ
2209 3751 2304 3804 καὶ
2352 3752 2385 3820 ἡ
2438 3749 2505 3820 σὴ
2548 3748 2793 3814 εὐταξία,
2830 3746 2926 3812 καὶ
2952 3749 2985 3817 ἡ
3018 3747 3126 3798 τῶν
3154 3748 3449 3817 ἀρχόντων,
3483 3747 3577 3800 καὶ
3609 3750 3643 3816 ἡ

2065 3841 2157 3895 τοῦ
2195 3839 2449 3911 στρατοῦ,
2494 3840 2588 3894 καὶ
2641 3840 2702 3891 τὸ
2754 3837 2987 3900 aetates;
3045 3837 3137 3889 τοῦ
3211 3836 3458 3908 γεωργοῦ
3527 3837 3644 3889 διας.

2066 3933 2313 4002 φυλαχθή
2323 3949 2495 3986 σεται.

2139 4023 2227 4095 ιη’.
2289 4023 2458 4074 Ὅταν
2516 4020 2572 4074 δὲ
2645 4018 2840 4090 ἐγγίζῃ
2895 4017 2986 4070 καὶ
3038 4017 3401 4086 προσδοκᾶται
3463 4018 3644 4085 κάμα-

2064 4131 2153 4177 τος
2191 4111 2302 4183 ΜΟ)
2333 4111 2573 4180 πολέμου
2601 4150 2616 4172 ,
2665 4109 2698 4180 ἢ
2731 4107 2997 4179 δυσχερὴς
3035 4107 3129 4160 καὶ
3161 4107 3423 4170 Eritium;
3452 4107 3643 4161 διάϐα-

2067 4223 2168 4272 σις,
2221 4193 2316 4257 ἐάν
2343 4203 2456 4268 ζῶα
2490 4203 2656 4273 ἄγρια
2687 4202 2720 4272 ἢ
2767 4202 2950 4270 ἣμερα
2977 4201 3118 4253 κατὰ
3151 4199 3245 4267 τὴν
3291 4198 3408 4251 ὁδὸν
3453 4198 3640 4251 διανα-

2064 4298 2282 4362 στῶσιν,
2313 4296 2345 4368 ἦ
2375 4296 2723 4365 ύπαντήσωσι
2756 4293 2894 4345 κατά
2926 4293 3246 4362 πρόσωπον,
3277 4289 3492 4363 κωλύῃς
3529 4291 3641 4359 (41)

373 4387 428 4431 et
454 4375 815 4431 insectatione
863 4375 1082 4432 illarum
1136 4376 1340 4431 milites
1400 4387 1522 4433 tuos
1569 4380 1886 4447 prohibebis
1933 4398 1944 4445 ;

2068 4393 2138 4444 ἵνα
2173 4390 2246 4460 μὴ
2276 4388 2543 4441 διώκωσιν
2595 4385 2757 4447 αὐτὰ,
2811 4385 2891 4437 ὅτι
2933 4383 3003 4436 δι⁸
3051 4381 3230 4434 αὐτῶν
3271 4383 3498 4452 θόρυϐος
3545 4386 3640 4434 καὶ

376 4484 568 4537 magna
640 4468 785 4522 enim
864 4467 1022 4521 turba
1091 4484 1428 4540 magnusque
1482 4470 1688 4524 clamor
1763 4488 1830 4525 ex
1888 4487 1951 4526 eo

374 4567 544 4624 esset,
580 4567 632 4612 et
688 4559 813 4628 equi
853 4559 1072 4613 illorum
1115 4559 1234 4614 sine
1287 4560 1396 4614 ulla
1445 4563 1768 4616 necessitate
1812 4561 1952 4618 aflli-

371 4661 655 4722 gerentur.

441 4744 528 4800 l9.
562 4743 790 4811 Quando
819 4743 968 4814 pacis
996 4750 1232 4814 tempus,
1285 4753 1342 4798 et
1402 4746 1561 4805 nulla
1601 4747 1723 4801 belli
1758 4763 1950 4817 exspe—

371 4837 537 4893 ctatio
584 4847 668 4892 est
700 4877 715 4900 ,
777 4847 909 4892 tunc
943 4837 1163 4890 venatio
1200 4836 1492 4892 admodum
1555 4839 1704 4894 utilis
1757 4841 1948 4895 militi-

371 4933 472 4987 bus
507 4941 609 4986 est.

427 5024 520 5077 9.0.
559 5023 615 5078 Si
653 5038 881 5094 parvum
904 5022 1206 5077 exercitum
1238 5033 1429 5078 contra
1490 5022 1674 5078 hostes
1701 5023 1945 5091 duxeris,

369 5132 463 5184 per
489 5117 728 5170 habitata
757 5115 876 5169 loca
906 5129 973 5168 ne
998 5113 1187 5179 ducas,
1228 5131 1406 5185 neque
1454 5115 1505 5169 in
1539 5124 1652 5179 tua,
1683 5131 1860 5185 neque
1894 5115 1946 5169 in

370 5207 602 5261 hostium
626 5206 866 5276 regione,
901 5220 968 5259 ne
1006 5204 1144 5260 forte
1172 5208 1546 5276 speculatores
1571 5206 1727 5262 facile
1756 5207 1948 5262 adver-

2052 4481 2265 4552 κραυγὴ
2294 4480 2505 4548 γίνεται
2597 4477 2690 4528 καὶ
2734 4477 2781 4528 οἱ
2818 4475 2976 4528 ἵπποι
3011 4475 3211 4544 κωρενῖς
3243 4471 3355 4542 (δί)
3385 4471 3633 4540 ἀνάγκης

2051 4571 2459 4641 συντρίϐονται.
2705 4571 2708 4574 ’
3471 4577 3475 4580 ’

2123 4749 2202 4800 ιῦ’.
2245 4747 2419 4800 Ὅταν
2450 4747 2504 4799 δὲ
2541 4746 2732 4815 καιρός
2777 4747 2925 4796 ἐστιν
2977 4743 3219 4814 εἰρήνης,
3285 4741 3378 4796 καὶ
3412 4742 3638 4811 οὐδεμία

2055 4840 2270 4910 ἀνάγκη
2321 4837 2620 4901 ἐλπίζεται,
2662 4838 2800 4890 τότε
2845 4831 3094 4908 χρὴσῐμά
3131 4838 3236 4889 εἰσι
3287 4835 3356 4890 τά
3401 4838 3636 4905 κυνήγια

2053 4935 2162 4994 τοῖς
2196 4929 2576 5001 στρατιώταις.
2883 4934 2909 4942 ”’

2130 5030 2197 5091 κ’.
2241 5024 2368 5076 Ἐὰν
2415 5023 2472 5076 δὲ
2518 5022 2698 5090 ὀλίγον
2729 5021 2977 5092 στρατὸν,
3030 5021 3105 5084 ὡς
3150 5022 3318 5084 είκδς,
3367 5020 3635 5090 ἐπιφέρῃς

2051 5115 2144 5169 καὶ
2206 5114 2406 5188 μέλλῃς
2471 5113 2810 5184 ἐπιτηδεύειν
2863 5111 3159 5166 κατὰ“τῶν
3212 5111 3513 5182 πολεμίων,
3557 5112 3636 5179 μὴ

2051 5201 2376 5277 διαϐιϐάζῃς
2408 5205 2606 5269 αὐτοὺς
2634 5205 2774 5259 κατὰ
2809 5190 3382 5274 τόπωνλᾶκουμένων,
3409 5201 3542 5272 μηδὲ
3575 5203 3634 5254 έν

1896 5345 2135 5403 NOTAE.

434 5438 543 5505 (52))
584 5438 694 5490 Kal
728 5438 794 5489 τὸ
821 5434 920 5490 ἀπ’
957 5436 1143 5491 αὐτοῦ
1170 5437 1527 5506 ἐρχομένων.
1579 5439 1794 5501 Scribe,
1843 5439 1935 5491 καὶ

360 5507 440 5575 τῷ
469 5509 555 5557 ἐπ’
580 5506 744 5559 αὑτοῦ
774 5506 1071 5628 ὲρχοΙμένῳ.

436 5578 546 5628 (I’iUl
578 5577 862 5628 ({(iuatoc.
941 5578 1071 5628 eueb

436 5578 546 5658 (till)
571 5577 862 5658 ἰξίὶιιᾳτος.
897 5577 1198 5646 Legebatur
1246 5578 1395 5647 κάμα
1429 5580 1534 5642 ἕως
1589 5578 1645 5633 ln
1687 5578 1934 5633 Palatino

365 5654 501 5707 erat,
523 5646 672 5712 τάμα
695 5645 797 5709 ἓως
817 5680 830 5695 .

2123 5437 2234 5507 (ιι)
2266 5439 2554 5502 Κωλύεις.
2585 5438 2962 5501 Scribebatnr,
2999 5417 3276 5495 καλλύειζ.

2140 5503 2230 5578 42)
2266 5509 2372 5562 Καὶ
2410 5512 2462 5563 οἱ
2494 5510 2668 5562 ἵπποι
2719 5507 2945 5577 χωρεῖς.
3001 5507 3228 5571 Scribe,
3255 5503 3346 5557 καὶ
3396 5505 3442 5558 οἱ
3470 5503 3632 5556 ἵπποι

2046 5577 2233 5646 χωρίς.
