4022 6432
353 294 456 358 773

1458 290 1789 351 TAC'I‘ICA.
1820 311 1885 323 -·-
1920 281 2423 345 CONSTITUTIO
2455 282 2555 340 IX.
3507 267 3570 328 '77

352 411 420 479 τῇ
475 404 722 477 ἡμετέρᾳ
766 405 857 476 γῇ,
890 405 1027 475 μηδὲ
1054 406 1111 457 ἐν
1141 408 1209 476 τῇ
1246 405 1500 476 πολεμίᾳ,
1537 408 1622 459 ἵνα
1654 405 1727 475 μὴ
1772 417 1933 469 φανε-

2071 407 2176 461 ant,
2214 408 2267 450 et
2300 396 2552 451 hostibus
2585 391 2859 457 nuntient,
2924 389 3020 444 sed
3055 401 3148 454 per
3210 385 3317 440 alia
3360 384 3609 453 quaedam

360 501 537 572 ρωθῇς
565 497 655 551 διὰ
685 497 792 551 τῶν
842 499 1207 552 κατασκόπων
1253 501 1364 562 τοῖς
1412 499 1655 570 ἐχθροῖς,
1691 494 1829 549 ἀλλὰ
1860 494 1929 547 δι’

356 593 560 663 ἑτέρων
606 591 786 643 τόπων
834 591 1056 660 ἀφανῶν
1102 587 1804 659 σπούδαζε.παρέρχεσθαι,
1838 583 1934 637 καὶ

355 682 528 736 ταῦτα
562 681 683 752 μὲν,
713 682 842 735 ὅταν
873 680 932 733 ὲν
967 682 1032 749 τῇ
1073 679 1177 751 ἰδίᾳ
1203 679 1358 751 χώρᾳ
1385 679 1479 733 τὸν
1505 676 1734 746 στρατὸν
1762 674 1934 729 διαϐι-

357 773 565 839 ϐάζεις,
592 775 698 843 χρή
726 789 785 826 σε
807 771 1255 840 διασφάττεσθαι.

426 863 533 917 κα’.
568 864 741 918 Ὅταν
772 861 830 918 δὲ
869 863 924 916 ὲν
955 864 1019 933 τῇ
1049 861 1288 933 πολεμίᾳ
1336 862 1436 930 τήν
1474 860 1786 931 ὁδοιπορίαν
1839 861 1936 911 ἐπ-

360 956 515 1024 άγεις
569 951 985 1025 τοῦστρατοῦ,
1022 954 1129 1024 χρή
1168 970 1228 1005 σε
1279 951 1485 1023 ταύτην
1541 951 1785 1023 φθείρειν
1842 952 1937 1004 καὶ

360 1047 537 1101 καίειν
567 1046 662 1099 καὶ
707 1045 1092 1114 κατατέμνειν.
1144 1045 1324 1115 Ζημία
1371 1044 1481 1115 γὰρ
1510 1043 1811 1113 χρημάτων
1842 1043 1937 1095 καὶ

360 1136 594 1209 καρπῶν
638 1135 818 1189 ἔνδεια
871 1135 1159 1198 ἐλάττονας
1188 1137 1335 1189 ποιεῖ
1359 1137 1486 1198 τοὺς
1517 1134 1812 1205 πολεμίους
1843 1133 1940 1185 καὶ

359 1230 451 1283 τὸν
486 1228 724 1297 πόλεμον
770 1228 1179 1297 ἀσθενέστερον,
1231 1227 1419 1296 ὥσπερ
1455 1229 1489 1297 ἡ
1533 1226 1740 1283 τούτων
1780 1242 1938 1297 περι-

359 1320 516 1374 ουσία
544 1319 751 1389 μᾶλλον
778 1318 971 1391 τρέφει
995 1317 1186 1373 τοῦτον
1212 1318 1307 1373 καὶ
1340 1319 1585 1383 αὐξάνει.

432 1410 541 1482 κβ’.
580 1410 707 1466 Ἐὰν
737 1411 794 1465 δὲ
826 1411 995 1465 πολὺν
1026 1410 1218 1480 χρόνον
1256 1412 1317 1464 ἐν
1344 1412 1411 1480 τῇ
1448 1410 1683 1481 πολεμίᾳ
1710 1410 1779 1480 γῇ
1814 1408 1943 1478 μὲλ-

362 1503 461 1575 λῃς
528 1501 1157 1573 καταστρατοπεδεύειν,
1236 1502 1475 1555 τοσαῦτα
1549 1502 1645 1555 καὶ⁹
1714 1499 1940 1555 τοιαῦτα

364 1594 603 1664 φθείρων
634 1594 748 1665 (45)
791 1596 892 1665 τῆς
938 1594 1125 1666 χώρας
1165 1588 1275 1648 οἷον
1309 1594 1405 1649 καὶ
1447 1595 1572 1651 ὅσον
1617 1592 1799 1647 αὑτῶν
1843 1592 1941 1661 οὐχ

2041 490 2450 557 locaiueognita
2474 502 2576 543 eos
2610 486 2784 540 ducas
2818 500 2833 548 ;
2876 483 3041 551 idque
3086 480 3141 533 in
3186 486 3278 534 tua
3319 477 3495 549 ipsius
3529 476 3612 531 di-

2039 582 2185 635 tione
2217 578 2406 640 facies,
2440 577 2487 631 si
2522 574 2742 646 quando
2774 573 3075 629 exercitum
3107 569 3289 628 ducis.

2107 838 2199 892 2L
2239 836 2467 902 Quando
2492 851 2588 905 per
2618 835 2871 892 hostilem
2901 842 3104 889 terram
3155 832 3256 891 iter
3298 827 3429 883 facit
3458 841 3614 880 exer-

2040 927 2182 982 citus
2213 937 2359 990 tuus,
2420 926 2671 991 incende,
2710 934 2887 991 vasta,
2940 922 3198 994 populare
3237 929 3437 975 terram
3490 916 3613 971 illo-

2043 1034 2162 1073 rum
2195 1036 2209 1082 ;
2244 1033 2371 1073 nam
2413 1018 2766 1084 pecuniarum
2805 1025 3017 1085 egestas
3060 1015 3388 1081 frugumque
3431 1008 3610 1077 inopia

2044 1110 2227 1165 hostes
2272 1108 2681 1171 imbecilliores,
2728 1107 3040 1176 bellumque
3113 1103 3385 1159 infirmius
3433 1100 3613 1163 facit;

2041 1200 2500 1270 quemadmodum
2568 1206 2757 1254 contra
2829 1198 3057 1252 istarum
3105 1210 3286 1249 rerum
3346 1189 3618 1246 afﬂuentia

2043 1295 2258 1349 illorum
2296 1293 2403 1345 vim
2464 1290 2655 1347 incitat
2682 1300 2872 1346 contra
2925 1303 3025 1343 nos
3068 1296 3231 1354 atque
3262 1285 3513 1354 adauget.

2113 1383 2203 1438 22.
2229 1383 2287 1436 Si
2317 1383 2481 1452 longo
2531 1392 2781 1453 tempore
2828 1382 2882 1434 iu
2914 1378 3096 1433 hostili
3139 1388 3283 1431 terra
3314 1357 3624 1429 commora-

2046 1486 2202 1532 turus
2224 1492 2305 1537 es.
2337 1485 2420 1532 tot
2456 1474 2698 1544 taliaque
2720 1482 2956 1533 vastato,
2983 1480 3117 1538 quot
3148 1468 3509 1538 qualiumque
3562 1474 3620 1519 tu

2044 1586 2152 1626 non
2180 1570 2381 1639 cgebis.
2415 1568 2499 1623 Ad
2538 1568 2811 1631 exercitus
2838 1564 2914 1620 tui
2964 1572 3239 1631 sumptus,
3270 1559 3415 1629 quod
3436 1573 3627 1614 neces-

362 1686 507 1750 ἒξεις
532 1688 747 1757 χρείαν,
779 1688 849 1741 τὰ
872 1687 934 1741 δὲ
960 1688 1234 1754 ἀναγκαῖα
1266 1687 1501 1756 φύλαττε
1523 1689 1639 1749 τοῖς
1671 1686 1809 1756 μετὰ
1847 1657 1941 1738 σού

2078 1663 2253 1718 arium
2281 1660 2389 1716 erit
2417 1657 2748 1715 reservabis.

367 1779 774 1849 στρατεύμασιν
803 1781 881 1842 εἰς
905 1778 1148 1850 δαπάνην
1176 1778 1376 1833 αὐτῶν.

437 1876 543 1938 κγ’.
579 1870 750 1924 Ὅταν
804 1870 861 1924 δὲ
909 1869 1009 1933 τὰς
1054 1870 1271 1934 ἁπάσας
1306 1871 1563 1940 δυνάμεις
1614 1869 1743 1940 ἔχῃς
1785 1867 1943 1939 ὁμοῦ,

373 1962 510 2032 μήτε
557 1962 650 2016 ἐπὶ
674 1965 775 2032 τῆς
803 1961 1080 2032 ἡμετέρας
1114 1961 1297 2032 χώρας
1348 1961 1484 2032 μήτε
1514 1961 1606 2014 ἐπὶ
1647 1961 1816 2030 ἄλλης
1848 1960 1949 2012 ὑπ-

368 2056 534 2125 ηκόου
556 2053 922 2125 καθεζόμενος
949 2053 1163 2127 χρόνιζε
1184 2071 1197 2085 ο
1226 2055 1321 2108 καὶ.
1342 2054 1453 2125 γὰρ
1476 2055 1603 2117 τοὺς
1640 2053 1805 2116 ίδίους
1852 2053 1946 2107 ἀν-

369 2146 601 2208 αλώσεις
652 2144 923 2217 καρποὺς,
951 2146 1045 2199 καὶ
1073 2143 1377 2215 ζημιώσεις
1404 2143 1566 2196 πλέον
1595 2142 1723 2205 τοὺς
1760 2141 1949 2211 φίλους

373 2238 573 2307 μᾶλλον
607 2236 640 2307 ἢ
675 2238 799 2300 τοὺς
832 2236 1457 2307 πολεμίους.Μετάγαγε
1491 2234 1548 2287 δὲ
1581 2233 1750 2295 αὐτὰς
1782 2232 1944 2302 ταχὺ,

373 2330 469 2383 ἐὰν
515 2328 774 2383 ἀκίνδυνά
819 2330 936 2382 ἐστι
983 2328 1056 2381 τὰ
1102 2328 1202 2397 τῆς
1226 2326 1433 2389 οἰκείας
1479 2326 1684 2396 χώρας,
1717 2325 1812 2377 καὶ
1862 2324 1955 2375 ὲπ-

375 2420 549 2488 άγαγε
574 2420 667 2473 ἐπὶ
698 2419 796 2489 τὴν
835 2418 1118 2490 πολεμίαν.
1154 2420 1264 2472 Καὶ
1291 2418 1400 2487 γὰρ
1428 2418 1524 2470 ἐάν
1549 2418 1694 2469 ἐστιν
1723 2416 1757 2486 ἡ
1794 2414 1953 2469 πολε-

377 2512 477 2581 μία
504 2510 732 2581 δαψιλὴς
752 2511 847 2564 καί
864 2509 1140 2582 εὖκαρπος
1168 2509 1265 2562 καὶ
1290 2508 1544 2571 πλουσία,
1564 2506 1776 2577 τροφὴν
1808 2504 1951 2569 ἕξεις

376 2604 470 2658 καὶ
524 2602 786 2673 εὐπορίαν
840 2601 1093 2670 ἄφθονον.
1143 2600 1266 2654 Ἐὰν
1304 2599 1362 2653 δὲ
1395 2599 1496 2652 οὐκ
1542 2596 1656 2650 ἔστι
1703 2598 1952 2666 τοιαύτη,

376 2694 474 2764 τὴν
508 2695 607 2765 μὲν
638 2694 776 2749 ἰδίαν
810 2712 902 2748 σου
929 2695 1023 2748 καὶ
1049 2694 1211 2764 φίλην
1246 2691 1430 2763 χώραν
1469 2692 1570 2744 ούκ
1601 2689 1913 2760 ἐρημώσεις
1938 2705 1951 2719 ⁸

378 2786 557 2839 πολλὰ
585 2787 641 2840 δὲ
670 2787 821 2856 ὅμως
855 2786 950 2840 καὶ
983 2786 1091 2839 ἀπὸ
1119 2787 1220 2856 τῆς
1255 2783 1541 2853 πολεμίας,
1572 2783 1623 2834 εί
1648 2781 1743 2836 καὶ
1773 2780 1847 2851 μὴ
1873 2780 1959 2833 λι-

378 2880 533 2949 παρά
576 2882 745 2946 ἐστιν,
791 2880 1046 2952 εὑρήσεις
1108 2879 1190 2942 είς
1234 2876 1425 2949 χρείαν
1476 2876 1587 2946 (ei)
1636 2873 1731 2928 τοῦ
1765 2872 1871 2928 ὑπὸ
1899 2874 1960 2927 σὲ

381 2971 612 3040 στρατοῦ
636 2971 731 3024 καί
757 2971 1052 3038 ἀναγκαία.

2123 1834 2211 1889 25.
2237 1832 2465 1901 Quando
2491 1845 2685 1888 omnes
2716 1830 2905 1899 copias
2939 1828 3189 1898 coegeris
3220 1825 3411 1891 simul,
3447 1838 3625 1894 neque

2051 1927 2105 1980 in
2135 1933 2322 1981 nostra
2351 1924 2577 1988 ditione,
2607 1937 2782 1989 neque
2809 1921 2864 1973 in
2895 1920 3005 1974 ulla
3043 1920 3267 1990 regione
3316 1916 3421 1971 sub
3455 1916 3629 1985 impe-

2050 2017 2196 2070 rium
2254 2022 2506 2077 nostrum
2560 2012 2809 2081 subjecta
2861 2010 2954 2067 diu
3007 1994 3359 2079 praestolare;
3394 2020 3519 2059 nam
3578 2012 3633 2058 et

2053 2115 2269 2161 nostras
2300 2103 2486 2175 fruges
2543 2102 2813 2167 vastabis,
2864 2110 2919 2156 et
2985 2100 3195 2156 amicos
3247 2096 3420 2166 magis
3467 2110 3631 2163 quam

2054 2199 2306 2254 inimicos
2346 2196 2526 2252 laedes.
2571 2195 2835 2251 Celeriter
2866 2203 3075 2258 autem,
3112 2193 3157 2248 si
3202 2188 3425 2260 aliquod
3486 2188 3633 2259 peri-

2055 2290 2242 2346 culum
2301 2287 2636 2358 impendeat,
2668 2302 2700 2341 a
2752 2294 2942 2341 nostra
3012 2283 3219 2338 ditione
3258 2282 3325 2335 ad
3381 2280 3632 2338 hostilem

2055 2390 2255 2437 terram
2295 2379 2566 2434 traducito
2593 2395 2607 2444 ;
2646 2393 2798 2442 nam,
2826 2376 2875 2431 si
2935 2375 3102 2429 fuerit
3129 2388 3191 2428 ea
3217 2372 3419 2442 opima,
3446 2369 3637 2424 fertilis

2057 2485 2121 2525 ac
2156 2469 2418 2538 locuples,
2460 2468 2764 2523 ubertatem
2808 2473 3148 2521 commeatus
3199 2474 3254 2517 ct
3311 2471 3635 2516 cacterarum

2060 2577 2242 2619 rerum
2305 2560 2637 2617 alllueutiam
2702 2558 2965 2621 habebis;
3030 2556 3115 2609 sin
3186 2553 3454 2625 ejusmodi
3530 2567 3639 2605 nun

2064 2655 2423 2717 fuerit,tuam
2448 2663 2629 2709 tamen
2680 2652 2949 2721 integram
2986 2645 3360 2711 conservabis,
3393 2643 3639 2699 etmulta

2067 2748 2120 2802 in
2148 2745 2332 2801 hostili
2362 2753 2526 2809 terra,
2549 2757 2862 2814 quanquam
2902 2739 3198 2794 admodum
3225 2735 3504 2791 fructuosa
3534 2749 3642 2789 non

2068 2834 2159 2912 sit,
2201 2833 2268 2886 ad
2325 2830 2581 2885 alendum
2630 2837 2812 2883 tamen
2851 2826 3151 2881 exercitum
3236 2824 3433 2879 idonea
3495 2822 3644 2877 inve-

2067 2917 2205 2957 mes.

452 3060 551 3114 κδ’.
596 3061 686 3115 Ἐν
731 3060 789 3113 δὲ
823 3061 890 3130 τῇ
923 3058 1162 3129 πολεμίᾳ
1211 3060 1282 3128 γῇ
1335 3056 1449 3127 (45)
1489 3055 1563 3124 μὴ
1590 3055 1780 3126 νάφίῃς
1830 3056 1958 3120 τοὺς

2134 3055 2225 3109 24.
2252 3054 2360 3110 Ubi
2396 3054 2449 3108 in
2486 3052 2669 3108 hostili
2732 3059 2877 3107 terra
2914 3049 3109 3112 fueris,
3185 3046 3327 3102 haud
3364 3045 3646 3116 permittes

383 3151 719 3222 στρατιώτας
770 3152 1020 3214 ἀτάκτως
1063 3148 1326 3221 φέρεσθαι
1376 3148 1516 3219 πρὸς
1547 3147 1647 3211 τὰς
1677 3147 1957 3216 ἀφελείας.

384 3242 654 3306 Πολλάκις
703 3241 812 3312 γὰρ
861 3239 1339 3310 ἐπιϐουλευόμενοι
1396 3237 1548 3307 παρὰ
1592 3236 1699 3290 τῶν
1751 3236 1964 3307 ἐχθρῶν

386 3336 629 3407 μεγάλας
667 3333 871 3404 βλάϐας
893 3331 1283 3403 ὑπομενοῦσιν.

455 3435 557 3483 κε’.
584 3427 901 3499 Φροντίσεις
928 3427 986 3480 δὲ
1016 3427 1074 3479 ὲν
1097 3428 1163 3496 τῇ
1182 3430 1185 3433 ’
1202 3424 1309 3496 ίδίᾳ
1340 3426 1410 3495 γῇ
1444 3422 1742 3495 ὁδοιπορῶν
1769 3422 1866 3475 σὺν
1889 3419 1966 3489 τῷ

386 3521 760 3591 στρατεύματι
803 3518 905 3588 τῆς
939 3535 999 3571 τε
1031 3518 1238 3589 ἀγορᾶς
1286 3516 1383 3570 καί⁸
1428 3514 1697 3585 ἐμπορίας
1729 3513 1871 3567 κατά
1900 3530 1963 3567 τε

387 3613 492 3683 γῆν
517 3652 531 3675 .
574 3612 624 3665 εἱ
664 3611 802 3682 τύχῃ
828 3654 844 3677 ,
894 3611 988 3665 καὶ
1033 3609 1175 3663 κατὰ
1220 3607 1516 3672 θάλασσαν,
1555 3606 1641 3658 ἵνα
1674 3603 1958 3659 ἀκινδύνου

388 3708 486 3776 τῆς
532 3706 839 3775 παρουσίας
890 3703 1062 3773 αὐτῆς
1109 3701 1298 3771 οὔσης,
1334 3700 1544 3762 ἀόκνως
1601 3696 1698 3751 καὶ
1750 3695 1969 3765 ἀφόϐως

392 3798 679 3868 κομίζουσι
711 3796 804 3849 τὸν
826 3796 911 3859 εἰς
933 3794 1001 3848 τὰ
1031 3792 1312 3864 ἐπιτήδεια
1343 3792 1563 3862 φόρτον.

463 3895 589 3953 δίς-’ν
607 3890 775 3942 Ὅταν
798 3886 855 3939 δὲ
882 3886 971 3939 διὰ
1001 3884 1203 3938 στενῶν
1230 3883 1410 3937 τόπων
1455 3882 1668 3951 μέλλεις
1700 3879 1974 3933 ποιεῖσθαι

390 3983 490 4055 τὴν
520 3982 775 4053 πάροδον,
811 3982 844 4050 ἢ
880 3980 966 4032 διὰ
987 3978 1204 4050 ὀρεινῆς
1233 3976 1329 4031 καὶ
1365 3975 1635 4028 δυσϐάτου
1665 3972 1852 4044 χώρας
1878 3988 1975 4025 πο-

392 4076 588 4147 λεμίας
623 4072 897 4143 παράγειν
950 4069 1042 4123 τὸν
1084 4068 1345 4139 στρατὸν.
1408 4067 1706 4135 ἀναγκαῖον
1761 4080 1973 4134 παρεκ-

395 4170 639 4240 πέμπειν
677 4183 735 4218 σε
759 4164 925 4235 μέρος
941 4180 994 4215 τι
1022 4161 1117 4214 τοῦ
1145 4159 1576 4231 στρατεύματος,
1595 4157 1688 4211 καὶ
1701 4172 1979 4227 προκατα-

396 4256 775 4329 λαμϐάνεσθαι
803 4255 903 4318 τὰς
936 4252 1270 4324 ὑπερϐάσεις
1298 4291 1312 4315 ,
1365 4251 1456 4303 καὶ
1499 4250 1598 4313 τὰς
1629 4249 1739 4302 τῶν
1776 4247 1978 4301 στενῶν

398 4353 690 4424 παρόδους,
724 4350 895 4420 ἤγουν
924 4348 1022 4411 τὰς
1051 4346 1352 4415 λεγομένας
1380 4342 1727 4414 κλεισούρας,
1777 4342 1864 4393 ἵνα
1901 4339 1978 4411 μὴ

399 4446 704 4517 φθάσαντες
760 4442 809 4496 οί
872 4440 1156 4510 πολέμιοι,
1217 4437 1313 4490 καὶ
1372 4435 1661 4498 σταθέντες
1720 4433 1815 4486 ἐπὶ
1870 4432 1980 4485 τῶν

398 4538 584 4609 ἄκρων
638 4532 809 4605 ἥτῶν
854 4531 1054 4584 στενῶν
1103 4525 1423 4580 κωλύσωσίν
1473 4541 1532 4577 σε
1585 4524 1686 4592 τὴν
1730 4521 1982 4576 διάϐασιν

400 4624 746 4695 ποιεῖσθαι,ἢ
781 4622 1022 4695 κίνδυνον
1039 4619 1127 4673 διὰ
1150 4618 1250 4687 τῆς
1284 4615 1641 4686 στενοπορίας
1671 4613 1975 4680 ἐπαγαγεῖν

399 4721 480 4791 τῷ
510 4717 905 4789 στρατεύματι.

474 4810 580 4877 κζ’.
611 4810 685 4864 Τὸ
713 4808 769 4861 δὲ
799 4806 931 4860 αὐτὸ
960 4803 1213 4875 φρόντιζε
1248 4801 1342 4855 καὶ
1388 4801 1516 4853 ὅταν
1547 4796 1710 4860 αὐτὸς
1739 4793 1984 4865 πεφόϐησο

405 4921 497 4958 σαι
548 4898 826 4970 πολεμίων
881 4894 1133 4964 εἰσϐολὴν
1180 4893 1262 4955 είς
1316 4891 1417 4961 τὴν
1468 4889 1606 4941 ἰδίαν
1634 4887 1843 4956 χώραν,
1893 4884 1985 4935 ἵνα

405 4992 831 5067 προκαταλάϐῃς
872 4992 942 5042 τὰ
976 4987 1137 5041 στενὰ
1161 4987 1260 5055 τῆς
1288 4984 1431 5048 ὁδοῦ,
1465 4981 1559 5035 καὶ
1592 4979 1844 5049 κωλύσῃς
1876 4976 1986 5028 τῶν

406 5087 685 5157 πολεμίων
746 5085 844 5154 τὴν
902 5081 1107 5134 εἴσοδον
1163 5077 1254 5131 διά
1308 5092 1453 5138 τινος
1523 5070 1988 5140 ἁποστελλομένου

410 5176 646 5250 στρατοῦ
669 5218 682 5243 ,
733 5176 768 5246 ἢ
798 5171 982 5234 κακῶς
1014 5170 1127 5243 (46)
1161 5168 1443 5238 διαθήσεις
1474 5165 1672 5225 αὐτοὺς
1703 5165 1759 5215 ὲν
1784 5165 1851 5234 τῇ
1882 5162 1989 5214 τῶν

413 5265 622 5320 στενῶν
654 5262 831 5333 διόδῳ.

2066 3147 2267 3202 milites
2290 3158 2414 3201 tuos
2437 3146 2750 3200 ad‘omnem
2796 3143 3036 3214 praedam
3095 3139 3417 3194 inordinate
3442 3152 3647 3191 excur-

2067 3254 2208 3293 rere,
2240 3237 2397 3307 Saepe
2439 3236 2584 3290 enim
2633 3236 2702 3290 ab
2731 3234 2985 3290 hostibus
3010 3232 3377 3287 circumventi
3423 3244 3650 3299 magnas

2067 3341 2121 3386 et
2146 3345 2342 3402 graves
2365 3329 2546 3384 clades
2577 3329 2867 3398 accipient.

2134 3426 2227 3480 2³3.
2254 3425 2312 3478 In
2335 3431 2426 3477 tua
2455 3423 2624 3493 ipsius
2648 3430 2803 3476 terra
2846 3434 2967 3476 cum
2993 3417 3235 3473 exercitu
3272 3414 3650 3486 proﬁciscens,

2070 3516 2335 3582 cogitabis
2387 3514 2455 3568 de
2513 3528 2733 3567 annona
2782 3519 2837 3564 et
2885 3506 3288 3570 mercimoniis,
3336 3514 3449 3558 tum
3504 3514 3650 3556 terra

2074 3618 2187 3661 tum
2231 3605 2392 3669 mari,
2426 3610 2485 3658 ut
2526 3603 2592 3656 ad
2623 3618 2720 3657 vos
2750 3602 2871 3657 sine
2908 3592 3260 3655 incommoclo
3290 3595 3649 3666 perveniant;

2076 3710 2188 3755 tum
2210 3700 2361 3754 enim
2414 3697 2639 3767 copiose
2672 3704 2728 3749 et
2761 3694 3042 3748 afﬂuenter
3082 3707 3143 3746 ea
3174 3689 3382 3751 omnia,
3417 3702 3651 3758 quorum

2076 3794 2129 3847 in
2187 3790 2427 3846 exercitu
2478 3789 2677 3858 aliquis
2696 3802 2832 3842 usus
2886 3792 2990 3850 est,
3025 3784 3090 3838 ad
3138 3796 3234 3836 vos
3276 3779 3653 3848 asportabunt.

2145 3882 2236 3937 26.
2262 3881 2492 3948 Quando
2531 3895 2629 3949 per
2689 3878 2974 3947 angustias
3028 3875 3262 3943 aliquas,
3301 3878 3397 3923 aut
3424 3884 3520 3939 per
3567 3883 3659 3921 ar-

2077 3973 2217 4027 duos
2264 3972 2522 4040 aviosque
2550 3978 2762 4023 montes
2782 3964 3133 4036 profecturus
3164 3978 3249 4027 es,
3301 3959 3567 4029 praemitte
3590 3974 3656 4011 ex

2082 4064 2211 4130 tuis,
2239 4063 2330 4134 qui
2376 4063 2505 4132 jnga
2540 4060 2807 4114 montium
2844 4065 2899 4112 et
2941 4056 3057 4109 loca
3098 4055 3170 4108 ibi
3201 4052 3505 4108 editissima
3562 4066 3660 4103 oc-

2080 4165 2300 4224 cupent,
2342 4164 2396 4208 et
2419 4154 2510 4224 qui
2546 4152 2723 4207 aditus
2754 4158 3015 4219 angustos
3052 4156 3105 4202 et
3152 4146 3336 4199 minus
3389 4150 3658 4212 palentes,

2081 4262 2218 4317 quas
2246 4246 2533 4300 elausuras
2563 4237 3197 4306 nominant,anticipent
3224 4273 3239 4297 ,
3283 4248 3351 4287 ne
3406 4232 3661 4285 hosﬁbus

2084 4336 2556 4409 praevertentibus,
2610 4332 2741 4387 etin
2800 4330 2949 4400 ipsis,
2986 4326 3369 4399 angustiarum
3409 4324 3665 4378 faucibus

2089 4433 2143 4480 et
2174 4426 2441 4478 montium
2469 4419 2699 4491 fastigiis
2718 4417 3155 4479 considentibus,
3181 4414 3269 4468 vel
3311 4414 3416 4467 iter
3440 4412 3667 4469 omnino

2089 4513 2439 4581 impediatur,
2471 4509 2554 4563 vel
2606 4508 2725 4562 sine
2766 4520 2963 4575 magna
2992 4502 3294 4557 oﬂ‘ensione
3325 4499 3521 4554 confici
3556 4511 3665 4550 non

2091 4604 2283 4674 possit.

2161 4784 2253 4837 Ἦ.
2291 4780 2403 4835 Hoc
2426 4780 2565 4835 idem
2602 4777 2857 4832 etiamtu
2888 4768 3137 4841 provide,
3172 4766 3218 4823 si
3241 4761 3465 4834 quando
3488 4759 3667 4814 hosti-

2095 4876 2198 4929 lem
2235 4872 2606 4928 incursionem
2654 4869 2709 4921 in
2741 4876 2888 4918 tuam
2927 4861 3205 4932 regionem
3252 4856 3492 4911 futuram
3552 4849 3668 4905 for-

2100 4969 2274 5023 midas
2302 4984 2316 5031 ;
2346 4966 2524 5033 aliqua
2546 4960 2691 5016 enim
2730 4957 2962 5011 militum
2992 4965 3149 5006 manu
3170 4948 3239 5005 ad
3265 4947 3547 5019 angustias
3574 4959 3672 4998 oc—

2100 5056 2380 5129 cupandus
2399 5056 2591 5117 missa,
2625 5051 2748 5104 illos
2778 5046 2927 5102 aditu
2959 5041 3296 5114 prohibebis,
3326 5050 3377 5095 et
3404 5034 3675 5107 permulta

2096 5148 2440 5207 incommoda
2478 5145 2583 5199 illis
2610 5141 2825 5196 afferes.

1936 5395 2171 5451 NOTAE.

493 5583 613 5655 (45)
638 5580 739 5636 Καὶ
775 5577 1015 5633 τοιαῦτα
1038 5573 1319 5644 φθείρων.
1354 5566 1737 5634 Scribebatur,
1780 5566 1876 5620 καὶ
1926 5567 1991 5635 τῇ

418 5654 752 5793 ταῖξίξρὲίέ
782 5720 1005 5790 χρείαν.
1044 5716 1135 5771 Sic
1169 5714 1363 5785 legitur
1390 5712 1442 5765 in
1479 5708 1667 5763 emiice
1689 5707 1995 5762 Pistoriano

2104 5577 2201 5631 pro
2237 5563 2315 5624 εἷς
2357 5559 2585 5631 κουρίαν.

2179 5633 2291 5692 (ἀεὶ)
2327 5627 2433 5695 Γῇ.
2462 5630 2672 5692 Scribe,
2703 5627 2802 5697 μὴ.

2181 5704 2292 5773 (ίηίί)
2335 5692 2408 5756 ’Ἡ
2434 5698 2649 5764 κακῶς.
2680 5692 2894 5763 Scribe,
2928 5692 3020 5747 καὶ
3056 5692 3263 5760 κακῶς.
