4022 6434
360 289 467 351 ’1τῦ

1514 291 1799 351 ’[ΕΟΝΙΞ
1844 290 1941 349 ΡΗ
1955 290 2311 352 lLOSOPHI

3515 288 3620 349 ’ῖῖῦ

427 398 519 453 28.
551 396 610 453 Si
644 397 865 469 longum
888 398 1104 470 aliquod
1139 400 1262 465 iter,
1303 410 1357 456 et
1391 401 1687 457 multorum
1712 402 1925 457 dierum

2102 401 2210 471 κη’.
2252 401 2379 455 Ἐὰν
2405 401 2460 454 δὲ
2494 400 2582 455 διὰ
2612 399 2829 471 μακρᾶς
2872 395 2990 449 ὁδοῦ
3027 396 3227 468 μέλλῃς
3264 397 3618 467 πορεύεσθαι,

360 491 503 545 viam
535 500 648 545 tum
685 491 739 544 in
766 492 1102 554 tua,'tumin
1124 491 1304 546 hostili
1334 492 1558 562 regione
1581 493 1932 548 confecturus

250 614 255 617 η
360 598 441 643 es,
482 582 712 650 primum
740 582 1080 636 ‘assuefacito
1113 582 1342 645 milites,
1391 593 1448 636 ut
1481 584 1533 637 in
1572 583 1794 654 regione
1839 593 1928 649 tua

361 675 487 727 dum
516 673 645 737 sint,
677 672 925 727 ordinem
954 687 1117 728 suum
1160 676 1212 729 in
1246 676 1559 745 manipulis,
1589 690 1710 745 qua:
1740 684 1931 730 contu-

364 764 549 816 bernia
580 778 798 833 quoque
822 774 1109 829 vocantur,
1143 774 1195 820 et
1219 766 1513 821 stationem
1555 776 1797 833 teneant,
1836 781 1929 819 an-

364 848 722 924 tegredie‘ntes
750 859 1417 926 sequantur,uthostilem
1454 859 1507 911 in
1531 868 1751 913 'terram
1807 873 1931 912 cum

363 944 626 1011 venerint,
657 957 712 1001 et
743 962 841 1001 nec
870 948 1109 1017 opinatis
1139 949 1206 1003 'de
1255 948 1555 1018 improviso
1594 948 1933 1002 incursioni-

360 1032 465 1085 bus
495 1031 715 1101 appetiti
767 1034 897 1098 sint,
948 1034 1133 1090 minus
1177 1035 1599 1099 tumultuentur,
1648 1042 1702 1088 et
1737 1033 1828 1088 alii
1867 1034 1934 1089 ad

362 1123 498 1176 alios
524 1124 751 1180 confuse
775 1134 1151 1193 accurrentes,
1200 1126 1301 1180 sibi
1336 1126 1468 1194 ipsis
1500 1126 1648 1179 nullo
1681 1126 1935 1195 prresidio

360 1214 487 1277 sint,
518 1215 609 1269 sed
642 1214 711 1269 ab
734 1216 980 1271 hostibus
1006 1216 1175 1271 multa
1230 1217 1371 1271 mala
1414 1227 1525 1269 tum
1566 1227 1784 1286 pr0pter
1847 1217 1933 1271 sui

358 1303 846 1371 perturbationem,
889 1311 1002 1357 tum
1045 1312 1267 1374 propter
1296 1306 1534 1359 hostium
1556 1305 1815 1375 impetum
1846 1320 1936 1360 ac-

367 1394 594 1464 cipiant.
628 1395 903 1451 Consueta
930 1396 1073 1450 enim
1100 1396 1202 1450 hac
1219 1397 1430 1450 ordinis
1487 1396 1928 1461 conservatione,

362 1494 478 1542 tum
511 1489 574 1541 ad
608 1504 691 1542 res
731 1503 921 1542 omnes
952 1487 1328 1556 suscipiendas
1359 1497 1523 1541 erunt
1571 1486 1778 1550 idonei,
1817 1497 1931 1539 tum

364 1577 429 1631 ad
461 1577 658 1631 bellum
702 1579 876 1647 ipsum
901 1579 1098 1647 parati,
1140 1578 1438 1648 praesertim
1476 1579 1520 1632 si
1571 1579 1785 1648 signum
1837 1578 1936 1633 ali-

363 1668 510 1734 quod
543 1669 792 1734 habeant,
832 1679 885 1724 et
942 1680 1165 1739 aspectu
1217 1670 1321 1741 ipsi
1373 1670 1610 1725 seinter
1664 1684 1722 1725 se
1769 1685 1937 1739 agne-

366 1768 542 1814 scant.

428 1849 518 1904 29.
539 1853 641 1907 Per
664 1850 947 1921 angustias
962 1850 1104 1907 tales
1130 1866 1293 1922 quam
1321 1851 1547 1907 minime
1565 1858 1719 1921 potes
1744 1851 1933 1905 ducito

362 1942 681 2005 «exercitum,
737 1942 832 1997 sed
883 1958 979 2013 per
1027 1943 1268 2013 spatiosa
1288 1944 1437 2006 ‘Ioca,
1471 1943 1524 1997 in
1577 1942 1778 2013 quibus
1826 1958 1931 1996 non

365 2043 679 2102 prementur
704 2036 972 2107 angustiis
1001 2034 1246 2091 locorum
1288 2035 1576 2105 implicati,
1644 2035 1740 2090 sed
1780 2035 1869 2089 ubi
1903 2050 1931 2089 a

361 2128 530 2182 latere
551 2127 774 2196 produci
807 2128 859 2182 in
877 2127 1272 2197 longitudinem
1306 2129 1577 2196 possunt;
1604 2124 1762 2180 facile
1786 2125 1934 2180 enim

362 2213 575 2269 insidiis
601 2214 1006 2280 circumveniri,
1037 2222 1091 2269 et
1115 2215 1353 2270 hostium
1382 2215 1563 2270 subito
1624 2214 1932 2268 interventu

360 2303 589 2373 opprimi
620 2315 869 2373 possunt,
898 2306 992 2372 qui
1044 2305 1119 2359 ita
1182 2304 1319 2359 locis
1352 2305 1549 2359 inclusi
1587 2313 1735 2368 sunt,
1759 2313 1818 2358 ut
1866 2304 1932 2357 εει

362 2394 569 2464 aliquid
630 2396 955 2464 praeclarum
989 2396 1419 2466 [suscipiendum
1451 2396 1840 2465 impediantur.

432 2485 521 2540 30.
552 2483 609 2537 Si
661 2486 810 2539 enim
865 2500 933 2541 ex
985 2486 1214 2540 adverso
1266 2486 1454 2539 hostes
1501 2487 1727 2540 veniant
1774 2485 1935 2540 latius

365 2572 648 2627 instructis
678 2572 873 2640 copiis,
898 2570 1057 2625 facile
1071 2569 1380 2625 fundentur
1432 2579 1486 2626 et
1519 2570 1937 2640 dissipabuntur

364 2669 465 2730 tui,
500 2664 959 2733 quemadmodum
987 2679 1111 2720 cum
1161 2663 1216 2718 in
1262 2664 1499 2719 belloab
1545 2664 1797 2721 hostibus
1823 2667 1934 2720 cir-

364 2755 633 2821 cumclusi
656 2757 810 2811 estis.
1552 2826 1559 2831 _

432 2849 521 2904 3f.
543 2847 637 2901 Sin
665 2863 694 2902 a
719 2849 886 2903 latere
925 2862 1023 2918 per
1052 2848 1261 2904 medias
1306 2848 1490 2919 copias
1532 2848 1718 2905 hostes
1749 2848 1934 2903 incur-

364 2948 506 3004 rant,
591 2938 751 2995 facile
803 2939 1206 3006 distrahuntur,
1246 2948 1300 2996 et
1349 2948 1677 3010 separantur
1743 2941 1932 3009 copiae.

2036 491 2128 544 καὶ
2163 491 2372 545 πολλῶν
2401 491 2621 562 ἡμερῶν
2653 489 2888 544 διανύειν
2924 488 3147 558 πορείαν
3180 488 3275 541 καὶ
3316 490 3381 541 ’ἐν
3413 490 3477 559 τῇ
3513 490 3619 560 ίδίᾳ

2036 582 2190 653 χώρᾳ
2222 584 2314 636 καὶ
2351 586 2409 635 ἐν
2447 586 2512 653 τῇ
2542 582 2804 652 πολεμίᾳ,
2850 579 2939 632 διὰ
2975 580 3075 648 μὲν
3114 579 3213 645 τῆς
3263 577 3396 642 ίδίας
3438 579 3621 651 χώρας

2037 676 2123 728 ἵνα
2173 677 2359 747 ὲθίξῃς
2408 676 2475 729 τὰ
2521 676 2909 747 στρατεύματα
2968 676 3152 746 μένειν
3194 676 3252 728 ὲν
3295 675 3470 741 τάξει,
3527 677 3622 729 καὶ

2037 769 2438 837 συμφυλάττειν
2481 770 2606 829 τοὺς
2667 768 2830 830 ἰδίους
2862 766 3074 836 λόχους,
3107 768 3277 837 ἤγουν
3310 767 3436 829 τοὺς
3469 766 3619 837 ὀρδί-

2037 876 2158 922 νους
2187 860 2285 930 τῆς
2320 860 2526 924 τάξεως
2551 900 2564 924 ,
2597 860 2695 912 καὶ
2727 860 3040 911 ἀκολουθεῖν
3070 860 3183 922 τοῖς
3211 859 3494 930 ἄρχουσιν,
3529 860 3616 912 ἶνα

2038 952 2133 1004 καὶ
2183 952 2242 1004 ἐν
2266 953 2334 1021 τῇ
2367 950 2605 1020 πολεμίᾳ
2652 950 2794 1020 πρὸς
2836 951 2955 1011 τὰς,
2996 949 3073 1012 ὡς
3105 950 3273 1013 είκὸς,
3326 950 3619 1020 γινομένας

2039 1042 2296 1111 ἐξαίφνης
2330 1041 2621 1104 ἐπιϐουλὰς
2677 1043 2752 1111 μὴ
2803 1041 3055 1112 ὲναθρύῳ
3118 1041 3231 1109 (47)
3283 1041 3485 1110 καιρῷ,
3526 1043 3622 1093 καὶ

2036 1133 2205 1199 ὀξέως
2248 1132 2638 1203 ὲπιγινομὲνῳ,
2689 1131 3043 1202 θορυϐοῦνται
3100 1134 3193 1185 καὶ
3243 1134 3616 1201 ἐπιτρέχουσι,

2040 1224 2317 1277 manu:
2345 1224 2481 1295 πρὸς
2514 1222 2706 1286 ἄλλους
2737 1208 3015 1293 φέρονται,
3038 1222 3133 1275 καὶ
3161 1222 3248 1276 διὰ
3262 1221 3421 1275 τοῦτο
3451 1223 3619 1292 μηδὲν

2036 1313 2070 1383 ἢ
2106 1313 2200 1366 καὶ
2248 1313 2464 1384 βοηθεῖν
2507 1313 2786 1377 δύνανται,
2825 1312 2995 1364 πολλὰ
3038 1310 3095 1363 δὲ
3144 1310 3291 1364 κακά
3340 1311 3373 1382 ἢ
3421 1314 3517 1365 καὶ
3550 1312 3618 1363 δι’

2038 1406 2250 1458 ἑαυτῶν
2279 1407 2312 1475 ἢ
2342 1405 2438 1459 καὶ
2457 1405 2546 1458 διὰ
2595 1406 2704 1458 τῶν
2753 1405 3028 1475 πολεμίων
3071 1403 3339 1469 πάθωσιν,
3382 1404 3497 1457 ἀλλ’
3529 1404 3616 1457 ἵνα

2035 1496 2123 1549 διὰ
2180 1496 2274 1549 τοῦ
2343 1496 2568 1562 ἐθισμοῦ
2639 1497 2740 1566 τῆς
2794 1496 3047 1560 εύταξίας
3099 1497 3192 1549 καὶ
3249 1498 3328 1560 είς
3390 1497 3619 1567 πορείαν

2037 1588 2175 1640 εἰσὶν
2237 1588 2533 1653 ἐπιδέξιοι,
2601 1589 2696 1641 καὶ
2766 1590 2847 1651 είς
2912 1589 3092 1659 μάχην
3153 1589 3571 1660 εὐτρεπισμέναι
3600 1630 3614 1650 ,

2036 1676 2250 1746 ἔχοντες
2281 1677 2376 1730 καὶ
2421 1678 2646 1747 σημεῖόν
2677 1695 2728 1731 τι
2756 1678 2849 1731 καὶ
2896 1677 3159 1749 ἀλλήλους
3203 1681 3261 1733 ὲν
3306 1678 3458 1743 τάξει
3492 1678 3615 1747 βλέ-

1968 1755 2010 1813 Β
2032 1782 2255 1830 ’ποντες.

2090 1859 2214 1913 .κθ⁹.
2270 1858 2379 1929 Τὴν
2439 1861 2496 1913 δὲ
2549 1860 2778 1932 πορείαν
2832 1859 2925 1914 τὀῦ
2986 1862 3394 1930 στρατεύματος
3426 1860 3617 1929 ὀλίγην

2024 1949 2310 2002 ποιεῖσθαί
2338 1968 2395 2003 σε
2418 1951 2515 2015 δεῖ,
2552 1953 2647 2005 καὶ
2672 1952 2763 2017 διὰ
2797 1952 3053 2006 τοιούτων
3088 1952 3305 2023 χωρίων
3336 1951 3616 2016 διαθίϐαξε

2035 2043 2134 2105 τὰς
2162 2041 2364 2107 τάξεις,
2419 2044 2485 2096 δι’
2544 2038 2619 2097 ὧν
2670 2045 2731 2097 ού
2786 2043 3231 2114 συνθλιϐήσονται
3294 2045 3406 2115 (48)
3459 2044 3617 2114 ἔχου-

2039 2149 2129 2185 σαι
2160 2132 2360 2194 πλάτος
2384 2134 2526 2187 ὥστε
2562 2135 2625 2187 ὲκ
2655 2135 2896 2203 πλευρᾶς
2944 2135 3036 2188 ἐπὶ
3090 2134 3265 2205 μῆκος
3294 2134 3615 2204 ἐκταθῆναι.

2040 2223 2501 2278 Εύεπιδούλευτοι
2562 2227 2670 2294 γὰρ
2712 2228 2951 2292 γίνονται
2994 2226 3136 2300 πρὸς
3183 2226 3283 2288 τὰς
3314 2226 3614 2293 αἰφνιδίους

2037 2316 2147 2368 τῶν
2201 2317 2478 2387 πολεμίων
2525 2318 2849 2387 ἐπιφανείας
2880 2318 2936 2371 αἱ
2968 2318 3238 2384 τοιαῦται,
3266 2319 3368 2371 Ῑκαὶ
3416 2319 3617 2389 μᾶλλον

2039 2409 2137 2460 οὐκ
2168 2407 2387 2478 ἔχουσαι
2415 2408 2477 2461 τὸ
2510 2409 2858 2478 δραστήριον.

2091 2499 2183 2553 ⁸λ’.
2226 2499 2351 2552 Ἐάν
2379 2499 2486 2570 γάρ
2520 2499 2712 2563 αὐτοῖς
2745 2500 2853 2553 ἀπὸ
2885 2498 3198 2570 ἔμπροσθεν
3228 2500 3616 2571 άπαντήσωσιν

2036 2591 2087 2643 οἱ
2114 2590 2365 2660 πολέμιοι
2405 2592 2730 2660 πλατύτεροι
2773 2592 3120 2661 τεταγμένοι,
3155 2592 3392 2657 εὐκόλως
3420 2594 3615 2654 αὐτοὺς

2035 2682 2348 2751 τρέπονται,
2380 2682 2637 2752 καθάπερ
2689 2684 2739 2736 οξ
2785 2683 2879 2736 ἐπὶ
2926 2684 3025 2753 τῆς
3083 2683 3263 2754 μάχης
3307 2684 3477 2754 αὐτῆς
3519 2684 3614 2736 εύ-

2036 2773 2243 2844 καίρως
2274 2773 2599 2836 κυκλοῦντες
2625 2773 2750 2837 τοὺς
2773 2774 3067 2836 ἐναντίους.

2091 2863 2208 2918 λα’.
2250 2863 2378 2917 Ἐὰν
2407 2864 2463 2917 δὲ
2495 2864 2637 2917 κατὰ
2686 2865 2857 2935 μέσην
2885 2864 2984 2935 τὴν
3027 2864 3257 2935 δύναμιν
3284 2866 3346 2918 ἐκ
3368 2864 3619 2935 πλευρᾶς

2037 2954 2360 3020 ἐπιϐάλωσι,
2393 2957 2530 3026 ταχὺ
2576 2956 2851 3009 διιστῶσιν
2880 2956 3062 3009 αὐτῶν
3091 2956 3190 3026 τὴν
3242 2956 3469 3026 πορείαν
3520 2957 3617 3009 καὶ

361 3031 515 3099 Quod
538 3032 586 3087 si
613 3031 680 3087 ad
706 3032 1031 3102 phalangem
1062 3032 1240 3089 redire
1263 3032 1561 3098 voluerint,
1596 3039 1651 3087 ct
1673 3031 1934 3100 utrinque

2042 3045 2447 3100 διακόπτουσιν.
2483 3046 2610 3099 Ἐὰν
2645 3047 2755 3117 γὰρ
2791 3046 3161 3117 ἐπιστρέψωσι
3188 3048 3327 3115 πρὸς
3355 3048 3615 3117 φάλαγγα

362 3126 519 3194 quasi
583 3125 755 3180 aciem
815 3124 1110 3187 instruere,
1182 3123 1457 3178 infirmum
1497 3133 1613 3178 tum
1679 3101 2003 3193 prmliumc

361 3218 502 3283 erit,
533 3216 660 3286 quia
690 3214 979 3270 confestim
1011 3215 1115 3271 hoc
1162 3214 1230 3270 ab
1261 3214 1366 3270 illis
1388 3214 1509 3270 fieri
1529 3229 1636 3268 non
1663 3221 1861 3283 potest.

432 3309 520 3363 52.
548 3308 643 3364 Sin
682 3321 713 3361 a
747 3317 898 3378 tergo
920 3306 1198 3369 invadant,
1227 3321 1380 3376 aeque
1430 3319 1670 3374 przescns
1714 3302 1921 3371 pericu-

365 3400 477 3456 lum
497 3408 601 3466 est,
638 3412 703 3454 ac
741 3397 959 3464 fuisset,
979 3397 1023 3453 si
1062 3412 1178 3463 eos,
1219 3396 1314 3467 qui
1352 3396 1405 3450 in
1437 3394 1617 3452 fronte
1650 3405 1802 3460 sunt,
1850 3395 1936 3449 in-

363 3493 657 3548 vasissent.

432 3586 520 3640 55.
562 3581 718 3649 Quod
743 3582 790 3638 si
826 3579 1046 3651 aliquod
1107 3578 1415 3636 subsidium
1450 3593 1579 3635 esse
1618 3577 1935 3649 contingat,

366 3678 555 3735 inutile
591 3685 772 3731 tamen
801 3674 931 3729 illud
957 3683 1123 3743 atque
1154 3673 1401 3728 ineﬂicax
1441 3672 1564 3727 erit.
1596 3669 1731 3726 Nam
1808 3686 1933 3727 cum

363 3771 460 3841 qui
498 3784 528 3824 a
567 3779 721 3839 tergo
768 3776 899 3823 sunt
938 3782 1097 3837 opem
1154 3764 1297 3821 ferre
1327 3764 1395 3820 iis
1430 3763 1676 3831 student,
1737 3765 1831 3834 qui
1878 3764 1931 3817 in

362 3862 540 3917 fronte
559 3860 917 3924 collocantur,
955 3866 1050 3912 aut
1091 3867 1302 3919 contra,
1338 3856 1431 3925 qui
1456 3855 1509 3909 in
1578 3854 1757 3910 fronte
1805 3861 1934 3910 sunt

362 3956 431 4010 iis
447 3954 537 4025 qui
568 3969 595 4007 a
624 3961 775 4023 tergo
814 3960 943 4008 sunt
974 3963 1296 4006 succurrere
1328 3947 1538 4012 volunt,
1574 3948 1727 4003 tarda
1752 3956 1934 4003 tamen

360 4058 409 4102 et
435 4062 557 4103 sera
589 4045 901 4117 progressio
933 4044 1049 4099 haec
1072 4042 1210 4097 solet
1240 4056 1381 4109 esse,
1422 4041 1743 4112 plerumque
1798 4038 1935 4093 inu—

363 4141 493 4193 tilis.

432 4230 522 4284 54.
556 4228 845 4289 Exercitus
895 4234 1212 4283 contractus
1245 4234 1299 4282 et
1327 4225 1651 4298 quadratus,
1700 4230 1794 4278 aut
1825 4236 1932 4277 non

365 4322 437 4376 ita
497 4321 728 4374 multum
788 4319 1091 4389 oblongus,
1168 4318 1236 4373 ad
1308 4331 1523 4373 omnem
1589 4314 1932 4370 occasionem

364 4422 527 4482 atque
552 4419 803 4465 eventum
835 4410 1032 4463 firmus
1052 4447 1067 4474 ,
1114 4408 1263 4463 utilis
1316 4416 1481 4477 atque
1540 4414 1689 4460 tutus
1720 4412 1825 4459 est.

432 4585 523 4639 55.
552 4583 706 4655 Saepe
722 4582 867 4638 enim
908 4596 1017 4638 non
1054 4582 1379 4645 contractis,
1414 4581 1508 4636 sed
1537 4579 1820 4649 dissipatis
1839 4595 1936 4634 co-

363 4678 487 4748 piis,
515 4676 607 4747 qui
636 4676 796 4746 primi
823 4691 855 4730 e
883 4674 1152 4730 montosis
1190 4673 1328 4728 locis
1367 4674 1420 4727 in
1452 4680 1788 4740 campestres
1842 4672 1937 4728 de-

364 4768 651 4833 scendunt,
680 4768 864 4823 animo
922 4768 1177 4824 htes'rtant
1226 4780 1293 4820 ac
1339 4763 1722 4835 pertubantur,
1772 4772 1936 4833 atque

362 4876 457 4917 eos
483 4875 621 4930 quos
650 4875 679 4913 a
707 4869 859 4930 tergo
896 4858 1104 4926 vident,
1147 4858 1335 4912 hostes
1358 4870 1479 4909 esse
1514 4862 1726 4923 putant,
1779 4864 1838 4909 ut
1866 4856 1934 4910 ad

364 4955 762 5026 conﬂigendum
790 4969 913 5009 cum
950 4955 1068 5010 suis
1096 4952 1251 5019 quasi
1268 4965 1399 5005 cum
1430 4949 1681 5005 hostibus
1713 4963 1771 5003 se
1794 4963 1935 5018 prte-

364 5055 576 5115 pareut,
605 5055 768 5117 atque
793 5047 956 5101 etiam
987 5045 1055 5099 ad
1094 5056 1291 5097 manus
1319 5041 1714 5104 conserendas,
1743 5039 1934 5095 etbel-

363 5139 474 5194 lum
499 5138 838 5195 inferendum
862 5152 999 5208 pene
1022 5135 1268 5189 veniant.

432 5232 523 5285 56.
570 5231 961 5301 Impedimenta
1027 5226 1309 5290 universa,
1370 5238 1590 5294 operas,
1634 5222 1883 5277 sarcinas
1915 5263 1929 5288 ,

364 5332 525 5391 atque
573 5336 788 5377 omnem
826 5325 1149 5388 apparatum
1206 5317 1258 5371 in
1300 5314 1496 5372 mediis
1538 5313 1714 5384 copiis
1762 5314 1933 5369 collo-

361 5422 502 5467 ιιιιο.

2037 3140 2086 3192 οἱ
2111 3137 2534 3210 ὁδοιποροῦντες,
2553 3137 2691 3191 ὥστε
2716 3138 3280 3208 ἀντιπαρατάξασθαι,
3312 3138 3543 3210 ἀσθενὴς
3577 3141 3613 3211 ἡ

2038 3231 2424 3301 μάχημγίνεται
2459 3230 2553 3284 καὶ
2576 3231 2676 3284 οὐκ
2702 3229 2903 3300 ἔχουσα
2929 3231 3113 3301 τάχος.

2107 3321 2206 3389 ).β’.
2245 3320 2441 3375 Ἐὰνδὲ
2471 3320 2581 3374 ἀπὸ
2604 3320 2827 3375 ὄπισθεν
2857 3321 3184 3390 ἐπιφανῶσι,
3218 3321 3503 3392 προφανὴς
3525 3321 3614 3389 γί-

2034 3429 2185 3466 νεται
2218 3412 2439 3483 ὄλεθρος
2467 3412 2670 3481 ὁμοίως
2696 3415 2808 3478 τοῖς
2835 3414 2893 3466 ὲν
2924 3413 3001 3485 τῷ
3042 3412 3350 3486 ἔμπροσθεν
3381 3414 3479 3484 τῆς
3513 3431 3617 3467 πο·
3719 3404 3727 3409 ’

2039 3503 2189 3574 ρείας
2215 3503 2589 3573 τεταγμένοις.
2674 3558 2679 3561 .

2103 3594 2205 3663 λγ’.
2235 3596 2532 3666 Συμόαίνει
2561 3594 2618 3649 δὲ
2651 3599 2745 3650 καὶ
2774 3597 2869 3651 ἐάν
2912 3615 2999 3663 τις
3036 3600 3415 3671 πανραὸοήθεια
3450 3599 3615 3667 γένη-

2032 3701 2144 3752 ται,
2177 3686 2411 3759 δυσχερῆ
2444 3688 2539 3741 καὶ
2568 3687 2849 3758 ἄπρακτον
2887 3687 3058 3758 αὐτὴν
3084 3689 3348 3756 γενέσθαι·
3368 3687 3477 3741 τῶν
3503 3690 3615 3759 γὰρ

2034 3777 2141 3833 ἀπὸ
2175 3777 2395 3831 ὄπισθεν
2440 3780 2551 3841 τοῖς
2593 3777 2902 3849 ἔμπροσθεν
2937 3778 3273 3848 βουλομένων
3314 3778 3548 3849 βοηθεῖν,
3577 3779 3612 3844 ἢ

2036 3868 2197 3921 πάλιν
2226 3868 2335 3922 τῶν
2365 3867 2676 3938 ἔμπροσθεν
2704 3871 2816 3932 τοῖς
2858 3869 2937 3931 εἰς
2962 3868 3024 3921 τὸ
3048 3867 3292 3933 ὄπισθεν,
3323 3866 3542 3939 βραδεῖα
3577 3867 3611 3935 ἡ

2035 3959 2267 4024 ἕλευσις,
2297 3958 2391 4013 καὶ
2415 3960 2475 4012 ού
2502 3958 2653 4012 κατὰ
2682 3959 2872 4030 καιρὸν
2906 3958 3131 4013 δύναται
3162 3957 3429 4027 γίνεσθαι.

2105 4220 2198 4277 λδ’.
2222 4221 2285 4274 'lI
2309 4221 2368 4274 δὲ
2400 4220 2806 4291 συνεσταλμένη
2837 4221 3031 4289 πορεία
3050 4222 3150 4274 ,καὶ
3180 4222 3543 4292 τετράγωνος,
3578 4222 3611 4290 ἡ

2040 4313 2380 4383 παραμήκης
2439 4311 2562 4383 μὲν,
2636 4313 2710 4382 μὴ
2767 4312 2907 4365 πάνυ
2967 4311 3025 4365 δὲ
3083 4310 3240 4365 τοῦτο
3295 4310 3495 4384 ἔχουσα
3552 4311 3614 4364 τὸ

1958 4436 2012 4494 D
2041 4403 2246 4473 σχῆμα,
2302 4402 2441 4456 ἀλλὰ
2491 4402 2824 4473 σύμμετρον,
2878 4404 2957 4465 είς
3000 4403 3176 4456 πάντα
3230 4402 3420 4472 καιρόν
3465 4404 3613 4453 ἐστιν

2038 4496 2132 4549 καὶ
2161 4495 2661 4567 εύμεταχείριστος,
2693 4496 2788 4549 καὶ
2818 4494 3089 4565 ἀσφαλής.

2106 4585 2199 4640 λε’.
2237 4585 2505 4649 Πολλάκις
2549 4586 2659 4657 γὰρ
2716 4588 2793 4647 εἰς
2833 4583 3165 4654 ἀμφιϐολίας
3219 4583 3611 4653 ἐμπίπτουσιν,

2033 4677 2162 4730 ὅταν
2195 4678 2244 4730 οἱ
2278 4678 2480 4748 πρῶτοι
2504 4676 2842 4741 καταϐάντες
2901 4676 3008 4730 ἀπὸ
3052 4674 3281 4748 ὀρεινῶν
3307 4675 3488 4728 τόπων
3533 4675 3615 4737 εἰς

2034 4769 2265 4822 ἐπίπεδα
2310 4770 2503 4840 χωρία·
2533 4769 2860 4839 θεασάμενοι
2890 4768 2998 4839 γὰρ
3030 4769 3153 4830 τοὺς
3189 4765 3364 4819 ὀπίσω
3394 4765 3617 4819 ἐπιϐαί-

2043 4876 2271 4923 νοντας,
2334 4857 2518 4923 ἕδοξαν
2575 4854 2718 4911 εἶναι
2769 4858 3043 4928 πολεμίων
3100 4857 3416 4921 ὲπέλευσιν,
3473 4856 3619 4910 ὥστε

2046 4946 2278 5001 σπεῦσαι
2310 4947 2637 5017 προσϐαλεῖν
2683 4948 2757 5011 ὡς
2809 4948 3043 5019 ἐχθροῖς,
3089 4947 3241 5010 τινὰς
3294 4948 3350 4999 δὲ
3396 4947 3491 5000 καὶ
3540 4948 3619 5011 εἰς

2044 5043 2232 5112 χεῖρας
2258 5039 2431 5094 ἐλθεῖν
2466 5040 2610 5095 κατὰ
2644 5041 2891 5111 ἀλλήλων
2924 5040 3075 5111 παρὰ
3108 5039 3327 5111 μικρόν.

2111 5224 2219 5288 λς’.
2262 5225 2522 5295 Λάμϐανε
2550 5225 2607 5278 δὲ
2643 5226 2736 5280 καὶ
2769 5226 2929 5279 τάττε
2964 5225 3023 5278 τὸ
3059 5224 3274 5278 τοῦλδον
3320 5224 3465 5290 ὅλον,
3512 5225 3615 5294 τήν
3672 5236 3686 5295 ι

2041 5335 2099 5370 τε
2128 5317 2370 5371 δουλείαν
2392 5356 2407 5379 ,
2442 5318 2537 5372 καὶ
2565 5318 2636 5371 τὰ
2666 5317 2970 5389 σαγμάρια,
3023 5318 3117 5371 καὶ
3160 5316 3259 5388 τὴν
3302 5318 3615 5389 ἀποσκευὴν
3684 5298 3695 5310 ’

2043 5409 2261 5463 ἃπασαν
2292 5410 2350 5461 ἐν
2382 5410 2523 5482 μέσῃ
2553 5412 2618 5480 τῇ
2648 5409 2898 5481 δυνάμει.

1871 5519 2105 5577 NOTAE.

436 5614 548 5675 (ﬁl
599 5613 692 5685 ‘er
720 5614 929 5680 ἀθρόῳ.
954 5612 1268 5685 Legebatur
1299 5612 1564 5683 ἐναθρύῳ.
1600 5611 1779 5668 Codex
1828 5609 1931 5665 Pa-

368 5680 571 5737 latinus
608 5681 729 5747 fert,
777 5684 1023 5753 ὲναθρίῳ.

2114 5613 2223 5686 (48)
2255 5614 2332 5667 Δι’
2356 5610 2443 5669 ὧν
2473 5617 2544 5670 οὺ
2571 5615 3108 5682 συνθλιϐήσονται.
3141 5614 3334 5673 Deerat
3356 5617 3441 5670 οὐ.
