4022 6454
462 429 568 493 777

1548 442 1880 503 TACTICA.
1922 468 1987 478 --
2030 442 2535 513 CONSTITUTIO
2573 448 2677 509 IX.

3604 448 3711 513 778

534 539 637 605 λζ’.
677 542 802 596 Ἐὰν
828 543 883 597 δὲ
911 545 1004 598 καὶ
1032 544 1139 600 ἀπὸ
1167 547 1391 603 ὄπισθεν
1433 550 1702 621 ὑφορᾶσαι
1735 552 1924 622 ἓφοδόν
1952 570 2025 605 τι-

2203 558 2292 612 '57.
2340 559 2395 614 Si
2439 577 2468 615 a
2536 570 2686 629 tergo
2737 558 2993 628 aliquam-
3052 559 3293 615 hostium
3348 557 3713 614 incursionem

465 650 593 696 νων,
611 632 836 702 ποίησον
860 634 953 687 καὶ
985 635 1110 701 τοὺς
1140 638 1529 706 νωτοφύλακας
1561 644 1814 713 ἰσχυροὺς
1837 645 2037 713 ὁμοίως

464 722 574 776 τῶν
605 721 915 794 ἔμπροσθεν
957 727 1308 797 τεταγμένων
1337 731 1395 783 ὲν
1428 731 1505 801 τῷ
1544 732 1780 804 μετώπῳ
1806 735 1905 804 τῆς
1942 753 2037 789 πο-

466 813 640 885 ρείας,
681 814 822 868 ὥστε
868 815 1034 887 μηδὲν
1066 818 1346 892 διαφέρειν
1390 824 1515 887 τοὺς
1555 824 1732 878 ὀπίσω
1782 826 1891 879 τῶν
1940 827 2037 897 ἔμε

466 904 701 976 προσθεν
727 906 864 975 πρὸς
895 906 986 973 τά,
1025 907 1145 981 [ὡς]
1200 912 1367 979 εἰκὸς,
1400 915 1801 985 συμϐαίνοντα.

534 994 641 1066 λη’.
687 996 1047 1069 Ἀποστείλῃς
1073 998 1131 1051 δὲ
1177 1002 1271 1056 καί
1306 1020 1457 1067 τινας
1484 1004 1882 1077 καϐαλλαρίους
1912 1009 2037 1072 τοὺς

467 1085 757 1156 μέλλοντας
784 1086 1129 1159 διερευνῆσαι
1154 1091 1253 1156 τὰς
1279 1093 1455 1159 ὀδοὺς,
1498 1096 1595 1149 καὶ
1638 1098 1879 1167 μάλιστα
1908 1101 2037 1153 ὅταν

464 1179 685 1244 ὑλώδεις
729 1182 825 1235 καὶ
866 1184 1389 1256 περικεκλεισμένας
1436 1187 1649 1258 βουνοῖς
1687 1190 1719 1260 ἢ
1763 1190 1915 1261 ὄρεσι
1962 1191 2039 1245 δι-

462 1271 671 1336 οδεύεις
717 1273 972 1345 ἐρημίας.
1025 1276 1294 1342 Πολλάκις
1322 1278 1431 1352 γὰρ
1477 1280 1842 1351 ὲγκρύμματα
1876 1283 2038 1336 πολε-

466 1364 608 1435 μίων
637 1364 1074 1432 ὲπικαθέζονται,
1108 1368 1205 1424 καὶ
1229 1370 1463 1424 λαθόντα
1489 1372 1627 1441 τάχα
1668 1371 1738 1425 τὰ
1761 1373 1857 1427 ὅλα
1892 1373 2037 1445 πρά-

464 1470 649 1524 γματα
683 1457 1023 1527 συντρίϐουσι
1053 1460 1161 1512 τῶν
1187 1462 1469 1518 ἐναντίων.

532 1531 632 1598 λθ¹.
666 1545 777 1617 Τὴν
800 1548 897 1616 μὲν
920 1548 1026 1620 γὰρ
1057 1552 1283 1606 πεδιάδα
1308 1555 1411 1624 γῆν
1451 1556 1499 1608 οί
1528 1556 1744 1611 πάντων
1771 1558 2039 1630 ὀφθαλμοὶ

462 1631 915 1707 περιϐλεπόμενοι
973 1639 1211 1705 εὐκόλως
1254 1642 1612 1715 ,διερευνῶσν
1672 1648 1765 1700 καὶ⁹
1829 1649 1938 1718 γὰρ
1981 1651 2039 1704 ἐν

460 1724 649 1797 ἡμέρᾳ
694 1726 966 1798 κονιορτὸς
987 1729 1391 1804 ἀναφερόμενος
1413 1735 1673 1801 πολλάκις
1718 1738 1909 1810 μηνύει
1939 1740 2039 1811 τὴν

2140 647 2222 701 vel
2251 647 2459 712 videas,
2482 650 2564 702 vel
2604 656 2838 707 metuas,
2872 661 2969 700 eos
2997 646 3092 714 qui
3126 662 3157 698 a
3192 655 3345 715 tergo
3376 654 3507 701 sunt
3561 659 3717 715 mque

2140 739 2326 793 lirmos
2375 746 2429 793 et
2457 750 2675 809 paratos
2706 738 3090 806 facito,atque
3126 751 3245 799 eos,
3300 736 3395 802 qui
3426 737 3480 790 in
3538 734 3721 791 fronte

2138 828 2387 884 collocati
2428 828 2896 900 antegrediuntur,
2927 836 3094 896 atque
3127 825 3195 880 ad
3227 840 3317 890 ea,
3350 840 3476 894 qua:
3516 839 3719 881 usuve-

2141 916 2270 971 nire-
2288 928 2537 985 possunt,
2564 934 2716 987 aeque
2741 918 3058 971 instructos.

2210 1006 2301 1061 58.
2330 1006 2633 1063 Praemittes
2662 1009 2829 1061 etiam
2852 1006 2920 1061 ad
2965 1007 3084 1061 loca
3109 1003 3444 1073 exploranda
3494 1002 3712 1072 equites

2140 1097 2432 1167 quosdam,
2475 1100 2771 1169 praesertim
2813 1099 2857 1153 si
2882 1098 3082 1155 silvosa
3125 1097 3260 1160 sint,
3328 1103 3421 1149 aut
3460 1092 3715 1156 collibus,

2140 1199 2237 1244 aut
2281 1191 2556 1247 montibus
2603 1191 2833 1256 inclusa,
2862 1206 2961 1259 per
2992 1204 3118 1260 quae
3178 1186 3576 1243 transeundum
3611 1194 3715 1240 est.

2143 1280 2296 1349 Saepe
2331 1281 2476 1335 enim
2526 1281 2763 1336 hostium
2792 1281 3024 1336 latentes
3076 1278 3288 1335 insidia
3325 1290 3597 1334 summam
3623 1290 3715 1330 re-

2142 1387 2265 1426 rum
2294 1371 2621 1428 labefactant
2646 1382 2701 1429 et
2731 1372 3016 1443 dejiciunt.

2212 1554 2302 1609 59.
2366 1552 2501 1607 Nam
2550 1552 2974 1623 campestribus,
3018 1564 3079 1609 er
3115 1552 3303 1623 planis
3347 1552 3501 1617 locis,
3544 1553 3721 1609 oculis

2142 1647 2326 1701 omnia
2360 1646 2596 1702 lustrare
2616 1654 2868 1715 possunt.
2899 1645 2966 1699 Et
3002 1643 3187 1714 pulvis
3209 1659 3439 1715 magnus
3484 1644 3719 1699 interdiu

2142 1739 2435 1803 excitatus,
2472 1748 2566 1795 aut
2605 1740 2757 1809 ignes
2807 1748 2862 1793 et
2907 1737 3056 1793 faces
3107 1745 3271 1794 noctu
3309 1753 3573 1803 accensae,
3621 1739 3714 1793 hoc

462 1815 749 1871 ὲπὲλευσιν
772 1818 882 1872 τῶν
908 1819 1208 1891 πολεμίων,
1242 1826 1337 1879 καὶ
1377 1828 1524 1899 πυρά
1554 1829 1821 1899 καιόμενα
1847 1832 2036 1899 νυκτὸς

2148 1830 2312 1886 stium
2349 1843 2491 1900 saepe
2519 1829 2814 1885 adventum
2849 1828 3107 1899 produnt.

467 1906 755 1978 ὑπέλαμψε
790 1910 884 1963 καὶ
913 1910 1157 1978 ὑπέδειξε
1187 1915 1313 1981 τοὺς
1346 1917 1660 1988 πολεμίους.

537 2006 611 2069 μ’.
650 2000 760 2054 Καὶ
792 2002 887 2057 ὲάν
928 2005 1028 2074 μὲν
1063 2006 1122 2059 ού
1155 2006 1358 2081 μέλλῃς
1411 2012 1696 2069 ἐκτάσσειν
1738 2016 1816 2080 είς
1858 2017 2040 2089 μάχην

461 2088 562 2154 τάς
590 2089 848 2162 δυνάμεις
869 2133 884 2160 ,
933 2094 1033 2163 ἄγε
1060 2097 1231 2163 αὑτὰς
1264 2101 1322 2155 ὲν
1348 2102 1533 2175 ἡμέρα
1583 2105 1763 2175 μόνον.
1812 2108 1940 2162 Ἐὰν
1981 2088 2039 2163 δὲ

462 2181 685 2251 ὲπίγεσε
712 2183 827 2254 (49)
870 2187 964 2242 καὶ
998 2190 1307 2263 σπουδάζῃς
1358 2193 1586 2264 φθάνειν
1609 2200 2036 2271 συντομώτερον,

461 2271 564 2338 ἀγε
608 2271 779 2337 αὑτὰς
808 2275 907 2329 καὶ
929 2279 1113 2346 νυκτὶ,
1143 2280 1239 2337 ἐὰν
1285 2282 1395 2354 ἄρα.
1420 2287 1658 2357 ἀσφαλὲς
1705 2285 1845 2345 εἶναι
1881 2292 2038 2348 τοῦτο

461 2361 714 2436 νομίζῃς.

537 2455 650 2547 μα’.
698 2457 810 2512 Kal.
856 2461 963 2531 πρδ
1012 2463 1112 2533 μὲν
1157 2466 1252 2520 τοῦ
1295 2469 1489 2540 καιροῦ
1538 2471 1640 2541 τῆς
1674 2475 1852 2545 μάχης
1899 2478 2037 2547 μετά

462 2544 699 2612 ἀνέσεως
723 2551 817 2604 καὶ
844 2553 1039 2626 σχολῆς
1064 2558 1354 2630 προέρχου·
1376 2560 1513 2616 ἐπὰν
1541 2561 1597 2616 δὲ
1623 2566 1735 2628 τοῖς
1760 2544 2038 2637 πολεμίοις

461 2640 823 2736 δμῳανισθῇς,
857 2648 1019 2714 εὐθὺς
1042 2651 1326 2718 ἐπιϐαλοῦ,
1361 2656 1540 2721 καλῶς
1568 2663 1906 2729 προεκτάξας
1935 2667 2038 2736 τὴν

461 2733 709 2806 δύναμιν.
734 2738 1003 2805 Πολλάκις
1030 2742 1141 2815 γὰρ
1177 2749 1283 2817 πρὸ
1309 2748 1402 2801 τοῦ
1437 2750 1771 2818 συμϐάλλειν
1804 2756 1895 2808 τὸν
1940 2733 2038 2810 πός

460 2823 622 2894 λεμον
661 2826 693 2881 δ
738 2828 866 2901 περὶ
912 2831 1119 2888 τούτων
1166 2836 1367 2900 σκοπὸς
1419 2840 1499 2903 είς
1528 2840 1728 2895 δειλίαν
1776 2843 1899 2910 ἄγει
1941 2848 2037 2901 καὶ

458 2917 586 2980 τοὺς
615 2919 913 2990 ἀνδρείους,
951 2926 1047 2979 καὶ
1074 2924 1292 2998 δαπανᾷ
1317 2930 1382 3000 τῇ
1413 2930 1652 3002 μερίμνῃ
1680 2933 1778 3003 τὴν
1803 2933 2034 3006 δύναμιν

458 3008 568 3063 τῶν
595 3012 888 3081 σωμάτων.

529 3098 641 3169 μβ’.
688 3102 828 3166 Τοὺς
870 3104 928 3158 δὲ
976 3107 1197 3172 στενοὺς
1223 3110 1317 3164 καί⁵
1346 3110 1645 3181 δυσϐάτους
1691 3117 1890 3183 τόπους
1935 3122 2038 3175 ἐπὶ

638 3191 913 3292 διάστημα
941 3199 1339 3292 ἐκτεταμένους
1379 3206 1438 3258 ὲν
1484 3206 1640 3279 χώρᾳ.
1668 3210 1877 3281 ἐχθρῶν
1908 3214 2029 3266 κατ’
2055 3230 2101 3292 c

457 3280 735 3375 iﬁaipe‘rov
778 3287 827 3340 οί
863 3289 1018 3353 πεζοὶ
1070 3292 1369 3348 διαϐαίνειν
1399 3297 1461 3351 οὑ
1505 3280 1783 3372 δυσχερῶς
1817 3304 2021 3375 ἔχουσι.

456 3371 591 3443 Περὶ
618 3375 824 3430 τούτων
850 3378 907 3431 δὲ
938 3381 1078 3449 μετὰ
1103 3381 1280 3450 ὀλίγον
1303 3388 1556 3459 ἐροῦμεν.

527 3470 640 3533 μγ’.
670 3466 810 3531 Τοὺς
838 3466 894 3521 δὲ
937 3471 1335 3545 καϐαλλαρίους
1363 3477 1423 3532 ὲν
1450 3482 1517 3551 τῇ
1548 3482 1701 3554 χώρᾳ
1734 3486 1842 3538 τῶν
1875 3489 2031 3543 πολεο

458 3551 618 3643 μίων,
649 3556 710 3609 ὲν
752 3559 930 3629 καιρῷ
959 3561 1152 3631 θέρους
1175 3565 1431 3636 μάλιστα,
1480 3551 1905 3643 ἀπερισκέπτως
1939 3579 2032 3631 καὶ

452 3642 530 3707 ὡς
552 3644 745 3716 ἔτυχεν
776 3647 1075 3705 διαϐαίνειν
1102 3653 1201 3707 οὐκ
1233 3657 1602 3729 ἐπιτρέπομεν
1649 3664 1821 3733 χωρὶς
1864 3667 2030 3735 ἀνάγ-

452 3750 577 3803 κης.
603 3736 729 3792 Ἐὰν
751 3737 810 3790 δέ
841 3739 991 3795 ἐστιν
1019 3742 1184 3809 τόπος
1217 3746 1303 3800 ἐπ’
1325 3746 1505 3815 ὀλίγον
1534 3749 1659 3820 ἄχρι
1692 3752 1812 3816 ὲνός
1848 3755 2027 3823 μιλίου

451 3825 849 3897 ὲκτεταμένος,
912 3834 1008 3886 καὶ
1063 3833 1316 3890 δύνανται
1368 3839 1463 3893 καὶ
1504 3839 1662 3904 πεζοὶ
1731 3841 2028 3899 διαϐαίνειν

450 3919 589 3984 ἐκεῖ,
636 3920 861 3975 δυνατόν
907 3925 1024 3986 ἐστι
1084 3927 1179 3982 καὶ
1213 3928 1611 4000 καϐαλλαρίους
1657 3932 1910 3998 πεζεύειν
1970 3936 2029 3988 ἐν

452 4008 635 4076 αὐτοῖς
662 4012 944 4082 ἀσφαλῶς.

524 4097 629 4169 μδ’.
665 4102 894 4167 Στενοὺς
919 4104 976 4157 δὲ
1009 4106 1108 4161 καὶ
1131 4107 1423 4173 δυσκόλους
1460 4110 1704 4175 ἐκείνους
1753 4111 1898 4180 λέγω
1941 4115 2030 4167 τό.

448 4211 586 4258 κους
611 4197 737 4260 τοὺς
763 4195 890 4267 μίαν
921 4198 1015 4252 καὶ
1065 4201 1233 4273 μόνην
1266 4202 1497 4273 πάροδον
1524 4201 1768 4273 ἔχοντας.
1805 4205 1866 4257 Et
1920 4207 2026 4276 γὰρ

449 4285 545 4338 καὶ
575 4285 732 4339 ἀλλαι
758 4287 864 4340 εἰσὶ
898 4288 1155 4359 πάροδοι,
1207 4291 1302 4344 καὶ
1350 4291 1704 4361 ἐπινοηθῆναι
1751 4293 2024 4361 δύνανται,

446 4370 857 4440 ἀνεμποδίστως
890 4376 922 4445 ἡ
956 4375 1186 4445 πάροδος
1213 4377 1437 4431 δύναται
1470 4379 1742 4447 γενέσθαι.

521 4468 623 4527 με’.
674 4462 800 4515 Ἐὰν
828 4463 921 4517 οὖν
964 4467 1187 4536 γένηται
1228 4469 1419 4538 καιρὸς
1468 4469 1671 4524 στενῶν
1700 4471 2021 4539 διαϐάσεων,

2216 2010 2304 2064 40.
2339 2009 2396 2065 Si
2427 2010 2494 2065 ad
2521 2025 2756 2081 pugnam
2807 2010 3008 2066 milites
3029 2019 3153 2065 tuos
3188 2007 3494 2079 producere
3528 2006 3718 2063 volue-

2141 2102 2238 2165 ris.
2261 2102 2368 2157 duc
2400 2117 2495 2158 eos
2522 2102 2757 2157 interdiu
2813 2103 3036 2165 solum;
3077 2101 3161 2157 sin
3201 2099 3451 2157 celeriter
3488 2106 3717 2153 conten-

2140 2190 2268 2245 dere
2312 2199 2371 2245 et
2395 2189 2632 2245 hostium
2652 2191 3112 2261 exspectationem
3141 2197 3483 2244 autevcrtere
3504 2185 3715 2257 cupias,

2142 2292 2310 2338 noctu
2367 2299 2584 2355 quoquc
2634 2299 2729 2339 cos
2774 2283 2968 2350 ducas,
3017 2284 3063 2340 si
3110 2284 3169 2339 id
3225 2284 3340 2339 ﬁeri
3385 2291 3502 2338 tuto
3557 2295 3717 2352 posse

2138 2373 2433 2428 videbitur.
2500 2414 2505 2417 ι

2208 2468 2299 2522 41.
2328 2468 2466 2522 Ante
2488 2466 2615 2521 belli
2644 2474 2871 2536 tempus.
2913 2466 3146 2523 remisse
3184 2481 3250 2522 ac
3270 2465 3601 2537 pedetentim
3630 2465 3719 2520 in-

2139 2557 2353 2624 cedito;
2378 2556 2471 2613 ubi
2502 2559 2686 2614 hostes
2712 2557 2767 2612 in
2811 2564 3167 2628 conspectum
3196 2562 3374 2627 prope
3435 2555 3715 2617 venerint,

2138 2667 2264 2707 cum
2296 2651 2575 2706 celeritate
2594 2649 2830 2721 quadam
2860 2649 3145 2704 instructis
3179 2648 3354 2719 copiis
3376 2648 3431 2703 in
3463 2647 3588 2702 illos
3641 2647 3714 2701 ir-

2138 2745 2309 2812 ruito;
2336 2745 2496 2814 longa
2549 2744 2695 2799 enim
2726 2758 2871 2813 sarpe
2928 2751 3057 2798 ante
3090 2756 3331 2812 pugnam
3357 2740 3422 2796 de
3455 2740 3599 2796 bello
3626 2754 3720 2795 co-

2136 2837 2326 2909 gitatio
2369 2835 2605 2890 fortium
2647 2835 2891 2888 virorum
2925 2835 3141 2889 animos
3170 2833 3525 2902 languescere
3558 2830 3711 2895 facit,

2133 2937 2185 2985 ct
2206 2928 2375 2982 animi
2413 2925 2733 2982 sollicitudo
2754 2925 2898 2981 vires
2953 2924 3201 2996 corporis
3248 2924 3573 2996 plerumque
3614 2922 3713 2978 ab-

2134 3019 2323 3074 sumit.

2203 3110 2292 3163 42.
2320 3108 2593 3178 Augustas
2630 3113 2686 3162 et
2734 3106 2986 3162 diﬂicilcs
3021 3106 3075 3159 in
3124 3106 3365 3161 hostium
3399 3102 3714 3174 regionibus

2134 3199 2274 3263 vias,
2328 3198 2374 3253 si
2421 3198 2595 3269 longa:
2635 3196 2928 3252 admodum
2980 3196 3206 3259 fuerint,
3268 3203 3449 3250 tamen
3505 3194 3713 3264 pedites

2130 3288 2289 3344 facile
2336 3291 2573 3344 transire
2628 3290 2748 3345 sine
2796 3288 3051 3344 molestia
3093 3295 3361 3358 possunt;
3395 3287 3460 3343 de
3489 3302 3594 3358 qua
3654 3302 3714 3342 re

2132 3382 2293 3453 paulo
2326 3392 2449 3451 post
2480 3382 2790 3452 loquemur.

2202 3476 2291 3531 45.
2321 3473 2545 3546 Equites
2570 3475 2623 3527 in
2652 3473 2842 3528 hostili
2867 3472 3111 3542 regione,
3144 3471 3340 3527 messis
3364 3469 3711 3540 potissimum

2130 3574 2395 3635 tempore,
2449 3566 2903 3634 incircumspecte
2947 3574 3272 3633 tcmereque.
3300 3562 3484 3633 vagari
3522 3562 3708 3627 latius,

2131 3655 2234 3709 nisi
2267 3655 2317 3708 id
2370 3656 2669 3711 necessitas
2718 3654 2983 3723 requirat,
3036 3653 3262 3707 minime
3311 3652 3708 3724 permittimus.

2128 3746 2283 3813 Quod
2310 3747 2355 3801 si
2395 3749 2546 3803 locus
2581 3747 2786 3816 aliquis
2814 3745 2974 3800 fuerit
3005 3743 3271 3799 adunius
3304 3743 3555 3800 milliaris
3591 3745 3709 3799 lon-

2130 3838 2453 3907 gitudinem,
2489 3838 2552 3891 in
2571 3854 2678 3907 quo
2740 3836 2950 3905 pedites
2990 3838 3070 3891 ire
3095 3834 3711 3906 possunt,.descendaut

2132 3938 2244 3984 tum
2276 3930 2509 3998 equites,
2536 3937 2589 3983 et
2619 3926 2795 3982 libere
2808 3926 3038 3996 pedibus
3068 3935 3215 3981 eant.

2200 4105 2289 4158 44.
2341 4103 2584 4172 Angusta
2630 4112 2685 4159 et
2726 4102 2963 4158 diﬂicilia
3004 4102 3125 4158 loca
3171 4116 3236 4159 ea
3285 4102 3534 4168 nomino,
3585 4118 3712 4174 quae

2130 4212 2295 4251 unam
2344 4206 2554 4251 tantum
2603 4196 2743 4250 viam
2770 4204 2824 4250 et
2864 4195 3156 4251 transitum
3192 4195 3416 4250 habent.
3451 4193 3549 4250 Sin
3586 4195 3710 4265 plu-

2131 4299 2218 4337 res
2248 4283 2377 4347 sint,
2426 4292 2521 4336 aut
2551 4282 2666 4337 fieri
2712 4291 2991 4352 poterunt,
3028 4281 3299 4337 transitus
3350 4280 3488 4338 satis
3530 4281 3709 4337 boitus

2128 4390 2251 4430 esse
2275 4374 2549 4444 putandus
2574 4383 2680 4428 est.

2204 4464 2293 4518 45.
2338 4464 2395 4518 Si
2429 4473 2736 4537 Opportune
2766 4462 3004 4520 dilﬁcilia
3034 4464 3290 4534 quaedam
3343 4473 3510 4536 atque
3541 4478 3708 4536 angu-

450 4552 545 4606 atal.
573 4553 659 4606 διὰ
689 4554 796 4607 τῶν
828 4556 1004 4609 αὑτῶν
1038 4558 1199 4611 πάλιν
1230 4559 1410 4612 τόπων
1452 4560 1633 4630 μέλλει
1667 4562 2029 4633 ὑποστρέφειν

2148 4566 2216 4611 sta
2252 4556 2369 4610 loca
2396 4555 2686 4621 transiisti,
2721 4571 2820 4626 per
2847 4572 2971 4626 qua:
3003 4557 3097 4613 tibi
3132 4558 3334 4614 iterum
3366 4558 3706 4613 redeundum

446 4644 476 4695 ὀ
506 4643 755 4713 στρατὸς,
801 4646 848 4698 εί
876 4645 975 4715 μὲν
1024 4646 1205 4711 δασεῖς
1252 4650 1378 4713 εἰσι,
1418 4649 1511 4703 καὶ¹
1554 4651 1643 4702 ἐπ’
1695 4652 1874 4719 ὀλίγον
1918 4654 2034 4708 διά-

2148 4656 2233 4710 est,
2288 4647 2333 4701 si
2396 4647 2669 4702 condensa
2718 4656 2774 4702 et
2830 4646 3030 4703 silvosa
3072 4647 3309 4713 fuerint,
3352 4656 3406 4702 et
3456 4664 3564 4702 non
3613 4648 3710 4701 im-

451 4750 651 4803 στημα,
704 4735 781 4798 ὡς
833 4735 1086 4807 εἴρηται,
1146 4739 1450 4810 κρατοῦσι,
1507 4740 1730 4807 τούτους
1760 4745 1901 4797 κατά
1936 4746 2030 4798 τὸν

2148 4755 2330 4794 nausa:
2375 4739 2609 4809 alicujus
2639 4739 3018 4809 longitudinis,
3066 4740 3246 4809 primo
3294 4737 3558 4794 transitus
3606 4741 3702 4803 tui,

448 4822 643 4893 καιρόν
680 4824 781 4895 τῆς
803 4824 923 4879 ὀδοῦ
977 4826 1233 4892 ἔκκοπτε,
1285 4830 1379 4882 καὶ
1419 4829 1675 4895 πλάτυνε,
1725 4834 1819 4885 καὶ
1856 4834 2026 4887 καθὰ-

2148 4831 2305 4900 luoad
2346 4830 2465 4900 ejus
2498 4832 2613 4886 ﬁeri
2642 4840 2844 4901 potest,
2871 4830 3039 4896 caede,
3069 4845 3263 4901 purga,
3298 4830 3463 4884 dilata
3489 4831 3706 4894 locum;

451 4910 566 4981 ριζε
596 4914 740 4968 κατά
784 4916 874 4971 τὸν
908 4917 1256 4988 ἐνδεχόμενον
1290 4922 1506 4991 τρόπον.
1542 4924 1604 4976 EE
1630 4923 1686 4976 δὲ
1728 4926 1904 4977 στενοὶ
1934 4928 2027 4979 καὶ

2148 4923 2212 4978 ιὶη
2247 4923 2451 4978 arduus
2511 4936 2861 4993 praecepsque
2902 4922 3055 4976 locus
3084 4920 3272 4989 fuerit,
3302 4921 3511 4993 quique
3544 4922 3705 4977 latior

448 5004 829 5072 κρημνώδεις,
883 5005 1024 5059 ὥστε
1081 5007 1155 5078 μὴ
1206 5008 1570 5064 πλατύνεσθαι
1621 5010 1916 5076 δύνανται,
1954 5014 2030 5076 ὡς

2148 5017 2284 5072 reddi
2336 5032 2446 5072 non
2498 5022 2696 5086 potest,
2737 5012 3007 5084 praemitte
3060 5012 3297 5082 aliquos,
3346 5014 3706 5083 quemadmo-

446 5090 704 5163 ἀνωτέρω
726 5096 858 5164 ἡμῖν
885 5098 1099 5166 εἴρηται
1134 5138 1147 5158 .
1181 5100 1674 5170 προκαταλάμϐανε
1724 5102 1919 5166 αὐτοὺς
1945 5104 2033 5157 διά

2148 5106 2260 5162 lum
2291 5117 2417 5162 ante
2445 5107 2650 5162 dictum
2674 5112 2778 5169 est,
2812 5119 2879 5159 ex
2912 5102 3204 5175 peditibus,
3237 5103 3332 5174 qui
3363 5120 3489 5159 cum
3522 5106 3701 5159 locum

446 5197 588 5246 τινος
622 5182 855 5253 πεζικῆς
917 5186 1234 5257 δυνάμεως,
1291 5190 1385 5243 καὶ
1430 5192 1487 5242 ἐν
1535 5193 1649 5254 τοῖς
1680 5192 2032 5264 ὑψηλοτέροις

2148 5206 2419 5268 )eeupent,
2466 5197 2720 5252 homines
2766 5194 2901 5250 satis
2946 5194 3148 5249 multos
3201 5204 3367 5264 atque
3454 5195 3703 5257 idoneos,

449 5277 630 5331 αὐτῶν
671 5280 857 5345 τόποις
901 5284 1001 5353 τὴν
1035 5285 1311 5356 ἀρκοῦσαν
1342 5288 1721 5359 καταλίμπανε
1770 5290 2030 5360 ἀσφαλῶς

2148 5299 2222 5345 tut
2253 5291 2298 5346 si
2337 5305 2471 5345 usus
2508 5290 2665 5355 ferat,
2700 5289 2916 5358 equites
2949 5287 3044 5357 qui
3077 5287 3145 5343 ad
3189 5287 3425 5343 reditum
3455 5295 3606 5342 tuum
3637 5303 3702 5342 ea

451 5366 728 5439 βοήθειαν,
760 5372 794 5439 ἢ
819 5374 981 5444 τυχὸν
1011 5376 1105 5429 καὶ
1151 5376 1239 5429 διὰ
1269 5378 1648 5449 καϐαλλαρίων
1706 5380 1872 5451 μέχρι
1927 5381 2026 5451 τῆς

2148 5399 2243 5438 oca
2298 5391 2578 5438 reservent
2609 5390 2664 5436 et
2693 5379 3022 5436 custodiant.
3057 5378 3155 5436 Vel
3191 5380 3237 5436 si
3262 5380 3484 5451 quando
3512 5393 3705 5435 neces-

450 5457 827 5533 ὑποστροφῆς,
850 5463 994 5534 ﬂuat
1014 5464 1169 5518 τοῦτο
1198 5469 1420 5521 κάκεῖνο
1449 5471 1624 5523 ποιεῖν.
1647 5470 1707 5522 ὲν
1730 5474 1842 5535 τοῖς
1861 5470 2031 5539 ἀναγ-

2148 5472 2266 5527 ritas
2293 5471 2483 5542 exigit,
2514 5482 2811 5542 utrumque
2840 5469 3033 5533 facias,
3078 5470 3132 5526 id
3162 5480 3268 5541 est,
3295 5470 3460 5537 caede,
3508 5482 3703 5542 purga,

454 5552 761 5623 καιοτέροις
785 5552 995 5621 τόποις,
1026 5557 1304 5611 τουτέστιν
1335 5560 1643 5627 ἐκκόπτειν,
1663 5562 1832 5631 ἧγουν
1861 5562 2033 5617 καθα-

2148 5572 2183 5618 2t
2222 5562 2469 5621 subsidia
2501 5562 2575 5621 ibi
2603 5562 2800 5623 idonea
2830 5562 3147 5638 relinquito.

452 5646 643 5719 ρίζειν,
674 5649 769 5705 καὶ
794 5649 1043 5723 βοήθειαν
1079 5653 1505 5726 καταλιμπάνειν
1540 5657 1683 5711 καιτᾶ
1708 5658 1765 5711 τὸ
1797 5657 2169 5728 ἐνδεχόμενον.

1957 5745 2185 5809 nor/ta.
2294 5735 2297 5739 ’

525 5828 638 5895 (49)
687 5828 983 5902 Ἔπίγεσε.
1028 5831 1239 5902 Scribe,
1270 5835 1514 5907 ὲπείγῃς.
