4022 6472
319 457 428 526 τ’ίθ

1498 461 1774 521 LEONIS
1803 463 2266 525 Pi-IILOSOPIII

3491 475 3596 538 780

390 566 483 624 46.
523 565 628 632 Qui
659 567 763 622 iter
785 580 882 636 per
917 574 1150 636 angusta
1178 565 1298 620 loca
1335 581 1458 621 cum
1502 568 1673 632 tnldo,
1707 568 1758 622 id
1790 577 1890 632 est,

2077 574 2193 645 μς’.
2233 577 2372 640 Τοὺς
2405 577 2458 630 δὲ
2492 576 2591 647 τὴν
2643 576 2870 648 πάροδον
2900 579 2988 633 διὰ
3030 579 3136 632 τῶν
3173 578 3373 632 στενῶν
3404 599 3593 635 ποιου-

319 660 748 729 impedimentis,
792 658 873 712 vel
921 659 1104 728 aliqua
1153 673 1276 714 cum
1329 659 1507 728 praeda
1560 659 1789 726 faciunt,
1843 661 1898 714 in

321 751 458 804 duas
483 747 682 818 partes
731 750 850 804 sive
893 749 1042 805 acies
1070 765 1128 805 se
1167 751 1433 815 dividant,
1466 760 1522 806 et
1566 753 1621 806 in
1663 751 1898 806 alterum

321 856 493 894 cornu
521 839 829 894 acuminata
859 840 1189 897 deductione
1221 843 1538 912 procedant.
1575 844 1896 897 Acnminata

319 939 499 985 autem
534 931 811 998 deductio,
861 933 913 987 id
953 944 1056 998 est,
1102 933 1261 1004 ὀρθία
1307 933 1616 1005 παραγωγὴ
1673 935 1896 997 dicitur,

319 1036 444 1074 cum
475 1021 532 1076 in
575 1022 758 1077 fronte
805 1025 965 1080 exilis
1007 1039 1286 1094 parvaque
1316 1026 1611 1080 multitudo
1642 1023 1734 1090 sit‘,
1773 1027 1897 1081 dein

319 1113 481 1169 latius
532 1129 598 1169 ac
641 1114 806 1170 latius
853 1129 914 1171 se
974 1117 1040 1170 ad
1081 1127 1392 1172 extremum
1435 1133 1630 1187 agmen
1683 1118 1896 1180 fundat,

316 1217 480 1276 atque
528 1209 603 1263 ibi
665 1209 940 1283 latissime
994 1220 1199 1280 pateat.
1265 1210 1378 1266 lloc
1445 1221 1627 1266 autem
1689 1212 1897 1266 faciant

316 1297 571 1360 maxime,
612 1310 738 1351 cum
784 1297 964 1365 praeda
1013 1298 1067 1352 in
1121 1299 1380 1355 manibus
1418 1299 1637 1353 illorum
1685 1308 1794 1354 est.
1841 1300 1897 1355 Si

313 1385 524 1453 pedites
573 1385 798 1451 fuerint,
833 1387 1050 1443 facilius
1085 1389 1194 1443 illis
1239 1388 1362 1452 iter,
1406 1389 1784 1459 transitusque
1809 1404 1900 1443 ex-

315 1477 551 1546 peditior
596 1493 692 1548 per
741 1495 805 1534 ea
867 1480 988 1534 loca
1041 1481 1167 1534 erit.
1216 1480 1314 1535 Sin
1357 1482 1594 1549 equites,
1625 1496 1689 1534 ex
1740 1481 1898 1551 equis

314 1571 674 1636 descendant,
728 1579 780 1625 et
833 1572 1076 1626 medium
1124 1572 1362 1638 tuldum,
1416 1571 1467 1625 id
1519 1581 1621 1636 est,
1675 1571 1900 1641 impedi-

318 1671 527 1725 menta,
557 1663 938 1732 reiiquumque
962 1672 1284 1733 apparatum
1323 1664 1374 1717 in
1419 1664 1602 1718 medio
1628 1665 1890 1718 habeant.

381 1751 474 1806 47.
531 1751 757 1808 Talibus
803 1753 858 1808 in
903 1755 1246 1823 temporibus
1306 1763 1360 1808 et
1405 1754 1542 1809 locis
1609 1754 1896 1824 diphalan-

312 1845 420 1914 gia,
461 1845 513 1899 id
565 1853 670 1911 est,
716 1845 996 1916 duplicata
1043 1847 1164 1901 acie
1191 1861 1256 1900 ex
1285 1845 1436 1916 justo
1475 1847 1760 1901 hominum
1798 1862 1897 1901 nu-

312 1953 487 2004 mero,
520 1949 633 1992 tum
691 1947 841 2003 ante,
889 1947 1003 1993 tum
1050 1947 1196 1994 retro
1229 1939 1387 2009 quasi
1437 1940 1689 2009 ancipitis
1729 1939 1894 2008 gladii

313 2030 428 2086 acie
458 2030 752 2097 instructa,
785 2031 831 2085 si
865 2031 964 2101 qui
989 2032 1289 2101 supersint,
1338 2032 1372 2084 ii
1407 2032 1472 2086 ad
1511 2032 1744 2096 toldum,
1783 2031 1897 2086 sive

315 2122 729 2193 impedimenta,
779 2131 833 2178 et
886 2123 954 2177 ad
1004 2123 1266 2192 praedam,
1336 2125 1380 2179 si
1443 2139 1608 2192 quam
1669 2125 1894 2190 habent,

310 2216 740 2270 conservandam
800 2213 1135 2285 deligantur.
1197 2215 1345 2285 iique
1397 2215 1576 2279 multi,
1645 2223 1700 2271 et
1759 2215 1892 2270 boni

310 2307 620 2377 apiicti,'id
667 2315 772 2371 est,
823 2322 1007 2363 rerum
1053 2308 1414 2362 castrensium
1465 2308 1722 2364 custodes
1760 2321 1898 2376 qua-

311 2411 437 2455 tuor
490 2399 544 2454 in
582 2400 831 2469 partibus
878 2399 1168 2469 duplicatae
1219 2401 1378 2464 aciei,
1429 2399 1894 2470 quemadmodum

311 2492 464 2544 locus
521 2490 784 2558 postulat,
836 2490 1197 2556 collocentur,
1243 2499 1298 2545 et
1351 2499 1653 2560 sequantur
1695 2504 1784 2555 ea,
1837 2496 1898 2542 ut

315 2579 580 2652 repellant
624 2587 791 2648 atque
814 2581 1039 2652 abigant
1083 2595 1199 2644 eos,
1225 2582 1319 2652 qui
1367 2581 1434 2636 ad
1464 2581 1764 2636 auferenda
1793 2596 1890 2635 va-

309 2675 468 2739 dunt,
502 2680 561 2727 ut
603 2673 810 2743 integra
849 2673 1186 2743 minimeque
1255 2674 1570 2743 perturbata
1617 2672 1685 2728 ad
1718 2681 1899 2728 custo-

311 2763 462 2817 diam
522 2762 723 2833 praedae
795 2774 960 2835 atque
1035 2759 1557 2834 impedimentorum
1624 2765 1895 2820 collocata

310 2857 458 2912 acies
513 2866 912 2923 conservetur,
969 2873 1147 2928 neque
1199 2858 1268 2912 ab
1326 2857 1712 2915 incursoribus
1773 2858 1897 2914 istis

307 2947 698 3020 perfringatur.
743 2947 886 3004 Fieri
918 2951 1062 3004 enim
1099 2963 1206 3005 non
1254 2957 1457 3020 potest,
1507 2959 1564 3005 ut
1590 2950 1684 3019 qui
1725 2950 1780 3006 in
1813 2950 1898 3005 di-

310 3041 626 3111 phalangia,
689 3041 740 3094 id
782 3049 888 3107 est,
943 3041 1223 3111 duplicata
1271 3042 1392 3097 acie
1433 3042 1688 3097 instructi
1741 3053 1895 3105 sunt,

309 3132 475 3187 simul
508 3131 708 3187 ordine
736 3141 1087 3195 conserva-to,
1130 3133 1526 3202 impedimenta
1567 3141 1623 3187 et
1652 3133 1892 3203 praedam

309 3223 648 3290 custodiant,
696 3232 752 3279 et
800 3239 925 3279 cum
981 3225 1239 3281 hostibus
1292 3225 1577 3282 dimicent.
1622 3226 1891 3292 Quocirca

307 3324 548 3384 quatuor
605 3314 660 3368 in
723 3314 974 3384 partibus
1023 3315 1299 3371 collocare
1350 3325 1563 3387 oportet
1619 3318 1892 3383 homines,

310 3412 508 3470 praeter
534 3404 676 3459 hanc
702 3404 1131 3474 diphalangiam,
1173 3413 1225 3459 et
1256 3421 1286 3459 a
1330 3415 1484 3477 tergo
1515 3407 1893 3476 potissimum,

306 3495 402 3566 qui
433 3494 717 3551 fortissimi
751 3504 899 3551 sunt.
951 3494 1043 3550 Sic
1067 3496 1212 3551 enim
1244 3495 1404 3553 facile
1437 3512 1633 3569 aspera
1689 3498 1895 3568 quaevis

307 3598 470 3660 atque
496 3587 616 3642 avia
656 3587 780 3643 loca
812 3588 1032 3642 transiri
1066 3597 1318 3658 possunt.

379 3765 468 3820 £8.
505 3765 792 3836 Equitum,
830 3765 924 3820 ubi
970 3765 1354 3822 descenderint
1403 3776 1457 3823 et
1501 3770 1732 3839 pedibus
1773 3786 1893 3826 am-

308 3857 640 3922 bulaverint,
677 3873 875 3928 equos,
925 3858 970 3912 si
1007 3857 1219 3928 pedites
1260 3858 1350 3912 alii
1406 3875 1572 3930 prope
1627 3877 1735 3916 non
1791 3863 1891 3916 ad-

309 3954 534 4020 fuerint,
581 3954 742 4024 longe
776 3953 844 4008 ab
891 3951 1000 4008 illis
1043 3951 1099 4007 in
1138 3955 1320 4007 medio
1365 3954 1605 4022 quodam
1635 3957 1757 4010 loco
1802 3970 1889 4010 sc-

305 4062 458 4115 para,
511 4061 578 4100 ne
629 4046 673 4100 si
731 4061 899 4115 prope
939 4055 1147 4109 essent,
1197 4054 1251 4099 et
1299 4046 1615 4115 inopinatus
1665 4049 1888 4118 quidam

305 4136 468 4190 timor
509 4135 695 4190 subito
726 4132 1094 4204 impenderet,
1135 4133 1202 4188 ad
1233 4150 1404 4205 equos
1438 4138 1506 4191 ibi
1557 4140 1761 4201 statim,
1794 4139 1888 4208 qui

304 4227 359 4280 in
391 4226 508 4281 acie
533 4227 645 4294 jam
680 4234 809 4282 sunt
835 4237 1220 4295 occurrerent;
1265 4244 1388 4297 quae
1419 4245 1505 4284 res
1543 4230 1660 4284 sine
1689 4246 1886 4302 magna

304 4329 454 4374 certe
475 4318 774 4373 offensione
801 4318 927 4372 fieri.
951 4333 1059 4373 non
1089 4327 1298 4389 posset.

372 4499 460 4554 49.
501 4499 602 4552 Sin
637 4498 888 4569 captivos
939 4508 1033 4554 aut
1080 4500 1318 4570 praedam
1354 4500 1596 4570 aliquam
1640 4503 1881 4572 abigant,

2007 666 2236 736 μένους,
2272 668 2303 738 ἦ
2339 668 2477 736 μετᾶ
2531 665 2750 720 τούλδου
2776 709 2789 732 ,
2823 669 2854 738 ἦ
2908 668 3047 738 μετά
3087 667 3320 740 πραίδας
3351 709 3366 733 ,
3394 672 3474 734 είς
3503 671 3598 726 δύο

2006 756 2291 826 φάλαγγας
2325 759 2441 826 ἦτοι
2474 759 2808 830 παρατάξεις
2843 759 3130 826 γίνεσθαι,
3160 761 3256 813 καὶ
3301 761 3391 814 ἐπὶ
3425 762 3597 833 κέρας

2003 851 2062 902 ἐν
2099 849 2257 921 ὀρθία
2286 854 2592 922 παραγωγῇ
2631 853 2953 921 περιπατεῖν
2976 851 3138 922 πεζῇ.
3175 851 3364 925 Ὀρθία
3387 853 3442 908 δέ
3475 855 3596 909 ἐστι

2006 939 2314 1011 παραγωγὴ
2361 943 2395 1012 ἡ
2432 942 2573 996 κατά
2607 942 2854 1013 μέτωπον
2890 943 2988 1013 μὲν
3051 944 3230 1013 στενὴ,
3261 945 3404 998 κατά
3436 944 3494 998 δέ
3520 946 3584 1000 τὺ

2006 1033 2169 1103 βάθος
2185 1035 2264 1096 είς
2285 1033 2458 1104 μῆκος
2485 1034 2856 1105 ἐκτεινομένη.
2877 1035 3049 1089 Τοῦτο
3074 1035 3130 1089 δὲ
3153 1036 3330 1089 ποιεῖν
3357 1036 3594 1108 πραίδας

2006 1124 2240 1194 μάλιστα
2257 1126 2314 1177 ἐν
2336 1125 2520 1196 χερσὶν
2540 1126 2730 1196 οὔσης,
2760 1127 2870 1181 εἴτε
2901 1126 3057 1190 πεζοί
3086 1129 3244 1191 εἰσιν,
3268 1123 3349 1192 οἷς
3388 1129 3594 1199 μᾶλλον

2002 1220 2232 1291 εὐχερὴς
2269 1223 2301 1292 ή
2331 1222 2440 1274 τῶν
2468 1221 2675 1275 δασέων
2713 1224 2807 1275 καὶ
2849 1222 3129 1278 δυσϐάτων
3161 1223 3348 1278 τόπων
3395 1226 3592 1279 διάδαο

2004 1326 2120 1373 σις,
2169 1309 2280 1363 εἴτε
2321 1310 2672 1383 καϐαλλάριοι
2716 1313 2780 1366 ἐκ
2831 1311 2939 1366 τῶν
2995 1311 3178 1367 ἵππων
3229 1313 3591 1368 καταϐαίνον-

2002 1417 2113 1464 τες,
2146 1399 2241 1454 καὶ
2278 1401 2440 1472 μέσον
2467 1402 2529 1457 es
2565 1402 2780 1459 τοῦλδον
2815 1402 2911 1458 καὶ
2936 1403 3036 1475 τὴν
3091 1403 3407 1476 ἀποσκευήν
3432 1404 3589 1476 έχον-

2001 1516 2108 1560 τες.

2074 1759 2182 1832 μζ.
2225 1761 2316 1814 Ἐν
2347 1760 2404 1814 δέ
2426 1757 2537 1821 τοῖς
2562 1761 2823 1823 τοιούτοις
2854 1760 3062 1830 καιροῖς
3106 1759 3203 1814 καὶ
3230 1758 3418 1824 τόποις
3448 1761 3590 1831 μετὰ

1999 1855 2098 1924 τὴν
2130 1851 2518 1920 διφαλαγγίαν,
2547 1850 2668 1921 ἥτις
2695 1848 2808 1920 ἔχει
2857 1851 3082 1906 δυνατὸν
3115 1849 3244 1906 λαὸν
3270 1851 3588 1924 ἔμπροσθεν

2000 1947 2096 2001 καὶ
2121 1946 2366 2008 ὄπισθεν,
2399 1942 2590 2014 ὥσπερ
2633 1941 2968 2015 στομώματα
3023 1942 3320 2014 μαχαίρας,
3347 1939 3416 2014 ἦν
3464 1945 3586 1999 δέον

2001 2056 2060 2092 σε
2077 2036 2359 2107 ἀφορίζειν
2386 2037 2467 2099 εἰς
2480 2033 2726 2106 φυλακὴν
2741 2034 2836 2088 τοῦ
2863 2034 3080 2088 τούλδου
3102 2034 3199 2088 καὶ
3223 2035 3322 2104 τῆς
3342 2035 3586 2106 πραῐδας

1996 2128 2120 2198 τῆς,
2179 2126 2255 2192 ὡς
2316 2125 2482 2190 εἰκὸς,
2508 2124 2736 2193 ἐνούσης
2768 2122 2954 2185 αὐτοῖς
2996 2121 3234 2186 πάντως,
3267 2123 3362 2175 καὶ
3391 2122 3585 2184 ἄλλους

1999 2213 2394 2284 ἐξαπλήκτους,
2416 2213 2585 2282 1ίγγουν
2607 2212 2700 2264 ἐπὶ
2721 2211 2897 2281 τούτῳ
2925 2211 3072 2281 μόνῳ
3097 2209 3280 2276 ὄντας,
3309 2214 3434 2273 τοὺς
3452 2210 3583 2263 καλ-

1998 2305 2095 2357 λίω
2119 2304 2215 2358 καὶ
2243 2302 2460 2366 πλείους
2483 2304 2658 2356 ποιεῖν
2686 2303 2750 2355 ἐκ
2774 2300 3037 2372 περισσοῦ
3078 2300 3218 2354 κατὰ
3245 2299 3353 2355 τῶν
3382 2302 3585 2354 τεσσά-

2003 2414 2110 2466 ρων
2141 2395 2322 2466 μερῶν
2357 2395 2458 2464 τῆς
2487 2393 2874 2463 διφαλαγγίας,
2905 2393 2978 2456 ὡς
3009 2394 3037 2445 ό
3085 2393 3250 2456 τόπος
3279 2392 3586 2463 παραδέχε-

1997 2506 2112 2553 ται,
2145 2486 2690 2556 παρακολουθοῦντας
2713 2488 2809 2540 καὶ
2837 2483 3242 2548 ἀποσοϐοῦντας
3283 2485 3410 2548 τοὺς
3455 2483 3584 2554 βου-

1997 2580 2281 2650 λομένους,
2313 2578 2389 2642 ὡς
2415 2579 2581 2643 εἰκὸς,
2617 2578 2682 2632 ἐκ
2711 2577 2820 2631 τῶν
2845 2577 3056 2647 ἐχθρῶν
3089 2576 3445 2648 ἐπέρχεσθαι,
3486 2576 3584 2629 καὶ

1997 2669 2385 2741 διαταράσσειν
2409 2671 2614 2740 αὐτήνο
2661 2669 2748 2723 ἵνα
2775 2669 3144 2732 ἀδιάσπαστος
3194 2669 3292 2721 καὶ
3336 2667 3583 2736 ἀσύγχυ-

1999 2779 2090 2826 τος
2178 2760 2315 2833 πρὸς
2337 2761 2738 2832 παρανρυλακὴν
2765 2759 2860 2814 τοῦ
2892 2759 3136 2824 τούλδου,
3163 2759 3257 2812 καὶ
3277 2758 3380 2826 τῆς
3421 2757 3585 2829 πραίο

1997 2855 2092 2918 δας
2143 2857 2258 2917 τοῖς
2301 2853 2744 2923 διαφυλάττεται,
2791 2852 2886 2906 καὶ
2917 2851 3054 2923 μηδὲ
3108 2852 3486 2921 περισπῶνται
3531 2851 3583 2904 οἱ

1997 2949 2058 3000 ἐν
2087 2947 2224 3018 αὐτῇ
2249 2945 2340 3001 διὰ
2362 2947 2489 3010 τοὺς
2515 2945 2939 3016 ἐπερχομένους.
2963 2945 3038 2999 Οὐ
3061 2946 3170 3016 γὰρ
3203 2944 3430 2998 δυνατὸν
3455 2944 3584 3008 τοὺς

1996 3040 2076 3102 εἰς
2113 3040 2211 3110 τὴν
2248 3037 2615 3108 διφαλαγγίαν
2660 3037 3033 3106 τασσομένους
3066 3037 3163 3090 καὶ
3206 3035 3304 3107 τὴν
3347 3037 3584 3108 πραῖδαν

1997 3129 2137 3202 μετὰ
2169 3129 2375 3196 τάξεως
2398 3128 2722 3198 φυλάττειν,
2753 3128 2848 3181 καὶ
2879 3129 3014 3192 τοῖς,
3044 3127 3119 3191 ὡς
3147 3127 3315 3192 εἰκὸς,
3351 3131 3579 3199 ἐπερχο·

1999 3223 2179 3294 μένοις
2218 3222 2330 3276 τῶν
2347 3221 2560 3292 ἐχθρῶν
2593 3221 2951 3292 ἁρμόζεσθαι.
2983 3219 3083 3273 Διὰ
3111 3218 3268 3273 τοῦτο
3295 3222 3357 3273 ἐκ
3385 3237 3584 3291 περισ-

2002 3313 2095 3369 σοῦ
2123 3315 2205 3368 δεῖ
2233 3313 2432 3380 ἔξωθεν
2463 3315 2561 3384 τῆς
2591 3313 2953 3383 διφαλαγγίας
2977 3311 3121 3384 ἔχειν
3147 3312 3287 3366 κατά
3310 3312 3418 3366 τῶν
3459 3329 3587 3366 τεσ-

2001 3407 2184 3478 σάρων
2229 3405 2411 3478 μερῶν
2439 3446 2454 3471 ,
2499 3405 2598 3459 καὶ
2654 3407 2798 3460 κατά
2847 3405 3125 3474 ἐξαίρετον
3177 3404 3402 3458 δπισθεν
3453 3404 3584 3468 τοὺς

1999 3499 2308 3569 κρείττονας
2350 3494 2727 3568 ἀφορίζεσθαι.
2779 3493 2968 3559 Οὕτως
2993 3496 3103 3566 γὰρ
3135 3495 3200 3548 ἀν
3235 3509 3317 3557 τις
3356 3494 3586 3564 δυνήσε-

1997 3606 2085 3643 ται
2127 3589 2186 3642 ἐν
2243 3587 2410 3642 παντὶ
2452 3587 2631 3658 καιρῷ
2674 3588 2803 3651 τοὺς
2856 3585 3150 3650 δυσκόλους
3210 3585 3304 3639 καὶ
3360 3585 3586 3657 τραχεῖς

1996 3682 2194 3745 τόπους
2223 3681 2520 3734 διαϐαίνειν
2555 3678 2816 3745 εὐκόλως.

2072 3771 2180 3843 μηὀ
2207 3771 2413 3836 Τοῦςδὲ
2435 3773 2637 3835 ἵππους
2657 3771 2769 3826 τῶν
2791 3771 3196 3826 ἀποϐαινόντων
3217 3769 3311 3824 καὶ
3333 3769 3585 3836 πεζευόν-

1993 3885 2101 3920 των
2134 3865 2501 3937 στρατιωτῶν,
2534 3865 2630 3919 ἐὰν
2684 3864 2839 3930 πεζοὶ
2887 3864 2946 3918 οὐ
2987 3865 3194 3919 σύνεισι
3225 3863 3579 3935 στρατιῶται,

1998 3955 2074 4027 μὴ
2122 3956 2350 4026 πλησίον
2420 3953 2530 4009 τῶν
2586 3954 2929 4020 πεζευόντων
2954 3969 2957 3972 ·
2983 3955 3096 4026 ἔχε,
3128 3953 3264 4008 ἀλλὰ
3311 3955 3370 4007 ἐν
3429 3953 3581 4024 μέσῳ

1993 4049 2144 4118 τόπῳ
2197 4047 2393 4110 αὐτοὺς
2442 4047 2701 4116 ἀσφαλῶς
2746 4047 2847 4114 ἄγε
2882 4063 2897 4077 °
2949 4045 3090 4099 ὥστε
3121 4047 3221 4117 μὴ,
3271 4045 3346 4108 ὼς
3407 4045 3577 4110 εἰκὸς,

1994 4139 2307 4211 παραλόγου
2338 4137 2542 4202 δειλίας
2586 4138 2908 4210 γενομένης,
2942 4137 3341 4209 ταρασσόμενοι
3383 4137 3433 4191 οἱ
3480 4153 3579 4189 πε-

1992 4231 2274 4296 ζεύοντες,
2325 4230 2420 4283 ἐὰν
2475 4230 2704 4300 πλησίον
2752 4231 2948 4294 αὐτοὺς
2992 4229 3217 4300 εὕρωσι,
3271 4231 3580 4300 προχείρως

1991 4322 2492 4393 ἐπιλαμϐανόμενοι
2547 4321 2655 4373 τῶν
2703 4320 2888 4374 ἵππων
2939 4320 3414 4390 καταλιμπάνουσι
3479 4318 3578 4389 τὴν

1990 4416 2163 4480 τάξιν,
2190 4415 2283 4467 καὶ
2311 4411 2564 4465 ἐντεῦθεν
2594 4411 2766 4482 βλάϐη
2803 4411 3035 4481 μεγίστη
3056 4409 3284 4479 γίνεται.

2063 4507 2168 4577 μο’.
2205 4507 2266 4558 Εἰ
2301 4503 2358 4556 δέ
2392 4504 2572 4574 συμϐῇ
2614 4501 2992 4572 αἰχμαλωσίαν
3022 4501 3220 4564 αὐτοὺς
3264 4499 3299 4569 ἢ
3343 4498 3576 4571 πραῖδαν

303 4602 356 4646 (·ι
389 4594 572 4647 hostes
612 4607 706 4646 cos
738 4601 1170 4662 persequantur,
1214 4592 1464 4662 captivos
1503 4593 1714 4649 vinctos
1791 4611 1878 4650 τεο

2001 4597 2371 4667 ἐπιφέρεσθαι,
2418 4596 2513 4648 καὶ
2569 4594 2854 4665 μέλλουσιν
2885 4594 2935 4646 οἱ
2978 4592 3186 4664 ἐχθροὶ,
3228 4591 3572 4672 ἐπιτηδεύειν

309 4685 618 4752 liquamque
667 4681 903 4752 praedam
953 4682 1215 4753 illigatum
1264 4683 1318 4736 in
1370 4699 1559 4750 uuam,
1607 4694 1704 4738 aut
1747 4686 1884 4742 duas

308 4786 487 4842 partes
527 4774 758 4838 divides,
797 4783 852 4829 et
895 4783 1022 4830 ante
1074 4784 1126 4829 te
1170 4776 1432 4830 hostibus
1481 4775 1730 4844 objicies,
1777 4793 1885 4846 qua

307 4866 672 4922 incursionem
723 4868 965 4922 hostium
1007 4867 1126 4922 fore
1171 4877 1354 4936 putas,
1399 4855 1460 4921 ut
1493 4867 1650 4937 quasi
1702 4879 1880 4934 scuto,

304 4969 398 5013 aut
441 4959 850 5029 propugnaculo
904 4975 1061 5026 usus,
1109 4969 1204 5014 aut
1248 4959 1607 5014 disturbanda
1651 4959 1883 5030 impedi-

305 5061 486 5106 menta
540 5052 591 5104 in
640 5053 824 5107 hostes
855 5052 1151 5121 jaculando
1203 5051 1540 5113 abstineant,
1596 5061 1691 5104 aut
1741 5052 1786 5105 si
1830 5052 1881 5106 id

305 5147 480 5197 facere
537 5144 735 5208 nolint,
795 5152 975 5198 tamen
1017 5144 1276 5213 captivos
1314 5153 1368 5198 et
1418 5142 1656 5213 praedati:
1701 5145 1883 5213 potius

304 5234 519 5300 feriant,
552 5251 714 5304 quam
747 5235 966 5290 milites.
1653 5257 1658 5260 ·

370 5326 457 5381 50.
502 5326 556 5378 Si
591 5328 918 5381 necessitate
960 5327 1166 5397 aliqua,
1205 5335 1300 5382 aut
1351 5327 1652 5398 improviso
1695 5327 1882 5398 aliquo

299 5434 427 5471 rasu
459 5419 543 5472 vel
588 5419 860 5488 angustiis
903 5420 1180 5482 inclusus,
1234 5420 1319 5474 vel
1368 5421 1550 5492 aliqua
1590 5422 1880 5490 perturba-

300 5513 446 5566 tione
502 5511 800 5581 implicitus
827 5510 1019 5581 fueris,
1059 5512 1204 5567 unde
1257 5513 1488 5584 teipsum
1536 5513 1656 5568 sine
1689 5512 1878 5582 aliquo

300 5604 503 5674 ingenti
545 5605 792 5673 periculo
841 5607 1097 5676 expedire
1147 5622 1254 5662 non
1301 5607 1498 5676 possis,
1547 5608 1742 5659 melius
1799 5617 1882 5661 est

300 5695 580 5748 communi
617 5698 1004 5763 consensione,
1053 5699 1136 5754 vel
1170 5709 1376 5768 partem
1407 5698 1624 5769 prredaa,
1663 5698 1743 5750 vel
1791 5706 1876 5751 to-

303 5791 411 5834 tum
457 5785 618 5838 ctiam
660 5787 896 5854 praedam
942 5789 1202 5844 hostibus
1243 5791 1538 5854 dimittere,
1572 5797 1625 5842 et
1687 5805 1877 5843 secure

306 5874 422 5925 sine
467 5872 664 5928 damno
716 5877 994 5932 discedere
1041 5881 1225 5948 potius
1277 5899 1439 5950 quam
1487 5881 1677 5949 ptanda:
1711 5897 1874 5936 causa

309 5963 365 6018 in
390 5961 606 6028 aliquod
641 5967 940 6034 periculum
979 5972 1179 6024 venire.

1988 4688 2107 4742 δέον
2141 4686 2334 4754 ταῦτα,
2363 4687 2396 4756 ἢ
2427 4686 2571 4739 κατὰ
2594 4686 2701 4740 τῶν
2727 4685 2844 4749 ἐνὸς
2875 4685 3128 4756 μέρουςῆ
3155 4684 3296 4737 κατά
3313 4671 3422 4736 τῶν
3456 4682 3573 4748 δύο,

1989 4781 2118 4834 ἔνθα
2143 4782 2176 4851 ἡ
2203 4779 2433 4850 πάροδος
2459 4780 2669 4847 γίνεται
2693 4819 2707 4845 ,
2739 4781 2866 4843 τοὺς
2919 4777 3299 4849 αἰχμαλώτους
3354 4775 3575 4846 δεδεμέ-

1989 4890 2112 4936 νους
2141 4872 2388 4942 ἐξωτέρω
2419 4872 2516 4941 τῆς
2566 4870 2770 4936 τάξεως
2805 4871 3095 4942 παράγειν,
3132 4869 3226 4922 καὶ
3257 4869 3348 4921 ὑπ’
3393 4865 3574 4920 αὐτῶν

1987 4963 2187 5017 ὠσανεὶ
2216 4961 2624 5025 σκουτεύεσθαι,
2655 4962 2742 5015 ἵνα
2762 4962 2941 5015 αὐτῶν
2970 4961 3276 5030 φειδόμενοι
3305 4961 3353 5012 oi
3389 4956 3576 5030 ἐχθροὶ

1991 5057 2065 5127 μὴ
2096 5054 2487 5125 ἐπιτηδεύωσιν
2524 5053 2828 5117 ἀκοντίζειν
2857 5071 2870 5084 ·
2902 5055 2951 5107 εί
2980 5055 3036 5107 δέ
3069 5055 3161 5107 καὶ
3188 5054 3572 5114 ἀκοντίσωσιν,

1986 5147 2185 5210 αὐτοὺς
2210 5145 2410 5216 μᾶλλον
2446 5144 2818 5214 ἀφανίζουσιν,
2849 5146 2945 5199 καὶ
2973 5145 3048 5216 μὴ
3073 5146 3164 5200 τὸν
3212 5147 3570 5219 στρατιώτην.

2055 5325 2116 5381 ν’.
2145 5327 2206 5380 Εἰ
2235 5327 2291 5380 δέ
2313 5327 2420 5395 ἄρα
2447 5325 2505 5378 ἐν
2527 5325 2762 5398 ἀνάγκῃ,
2795 5322 2870 5386 ὡς
2904 5323 3072 5387 εἰκὸς,
3123 5325 3219 5376 καὶ
3249 5324 3570 5394 περιστάσει

1981 5421 2232 5490 ἀδοκήτῳ
2260 5420 2287 5472 ὁ
2318 5417 2546 5490 στρατὸς
2576 5418 2822 5488 γένηται,
2847 5417 2941 5470 καὶ
2969 5419 3027 5470 ἐν
3061 5415 3369 5487 στενώμασι
3397 5434 3566 5470 κατα-

1979 5513 2156 5584 ληφθῇ
2188 5551 2201 5572 ,
2247 5513 2341 5566 καὶ
2388 5512 2488 5564 οὐκ
2533 5511 2678 5565 ἐστιν
2713 5510 3010 5574 ἀκινδύνως
3060 5511 3157 5582 τὴν
3212 5509 3562 5580 ἀναχώρησιν

1979 5605 2189 5660 ἐκεῖθεν
2239 5603 2592 5677 ποιήσασθαι,
2637 5605 2758 5657 τότε
2802 5603 3047 5675 κρεῖττόν
3105 5605 3252 5656 ἐστιν
3288 5603 3353 5656 ἐκ
3407 5617 3544 5668 συμ-

1985 5698 2164 5768 φώνου
2222 5699 2254 5769 ἢ
2308 5700 2472 5768 μέρος
2523 5698 2622 5765 τῆς
2663 5696 2893 5767 πραίδας
2924 5696 2956 5767 ἢ
2991 5697 3171 5748 πᾶσαν
3209 5711 3560 5766 παραχωρειν

1985 5793 2097 5853 τοῖς
2131 5791 2367 5862 ἐχθροῖς,
2395 5791 2489 5842 καὶ
2523 5789 2775 5854 ἀϐλαϐῶς
2810 5788 3151 5862 ἐξέρχεσθαι,
3195 5788 3330 5843 ἀλλὰ
3371 5789 3446 5860 μὴ
3496 5789 3563 5842 διν

1988 5884 2157 5953 αὐτὴν
2196 5881 2545 5940 κινδυνεύειν.
