4022 6504
321 469 434 536 783

1583 482 1857 545 LEONIS
1884 481 2349 547 PHILOSOPHI

3473 482 3580 545 784

392 580 485 642 59.
526 586 837 643 Pcdestretn
896 597 1234 645 scutatorum
1293 593 1462 647 aciem
1522 608 1628 650 non
1685 598 1892 655 directe

2067 601 2164 655 νθ’,
2193 600 2304 669 Τὴν
2352 597 2410 649 δὲ
2476 592 2704 665 πεζικὴν
2746 593 2853 647 τῶν
2898 590 3211 646 σκουτάτων
3246 590 3400 657 τάξι)
3459 593 3583 663 μηδ’

301 677 502 734 solum
539 678 594 731 in
632 676 812 732 fronte
841 678 1158 747 collocabis,
1191 683 1652 752 quemadmodum
1686 687 1739 741 in
1772 688 1894 758 pla-

1998 695 2085 747 ἐπ’
2112 693 2322 756 εὐθείας
2356 692 2475 763 ἦτοι
2514 691 2658 744 κατὰ
2685 688 2747 741 τὸ
2778 687 3028 759 μέτωπον
3070 687 3292 741 τάσσειν
3338 686 3467 757 χρὴ,
3509 684 3587 749 ὡς

327 770 414 822 nis
464 767 838 837 expositisque
888 768 1045 833 locis,
1096 771 1192 826 sed
1245 771 1299 824 in
1332 771 1472 826 duas
1519 783 1614 829 aut
1659 785 1899 845 quatuor

2036 802 2058 838 ν
2088 784 2200 844 τοῖς
2243 780 2466 852 ὁμαλοῖς
2507 779 2602 832 καὶ
2648 778 2874 847 γυμνοῖς
2910 775 3133 840 τόποις,
3170 775 3285 830 ἀλλ’
3325 777 3405 837 είς
3431 774 3525 828 δύο
3551 775 3585 845 ἢ

324 866 507 925 partes
534 855 742 911 divides
764 870 882 925 eos,
915 857 969 913 id
1003 869 1107 925 est,
1139 860 1569 930 unumquodque
1604 863 1898 917 contuber-

325 948 474 1015 nium
521 945 590 1000 ad
630 946 868 1001 duorum
930 948 1015 1002 vel
1046 958 1286 1020 quatuor
1336 950 1619 1005 hominum
1660 953 1903 1007 altitudi-

323 1054 470 1103 nem,
518 1053 618 1108 pro
666 1040 880 1095 ratione
934 1040 1299 1098 multitudinis
1353 1051 1481 1107 tuae,
1532 1053 1586 1098 et
1643 1058 1741 1113 pro
1796 1060 1898 1100 usu

324 1137 628 1196 praesente;
664 1138 849 1199 partes
878 1138 1064 1185 autem
1098 1131 1216 1187 ista:
1252 1131 1461 1199 divisae,
1496 1143 1552 1187 et
1584 1149 1613 1187 a
1649 1149 1708 1190 se
1737 1149 1896 1204 sepa-

326 1228 478 1282 ratae,
509 1220 806 1289 procedant
837 1221 905 1277 ad
938 1237 1108 1277 unum
1141 1222 1337 1294 lapidis
1357 1224 1586 1293 iactum.

393 1307 484 1362 60.
528 1308 625 1364 Sin
667 1311 903 1379 equites,
958 1320 1013 1367 et
1060 1311 1297 1377 tuldutn,
1346 1314 1462 1369 sive
1507 1314 1899 1385 impedimenta

326 1409 547 1466 quoque
578 1396 651 1452 ibi
684 1397 983 1469 abfuerint,
1015 1400 1405 1471 impedimenta
1431 1405 1615 1458 statim
1648 1412 1773 1474 post
1797 1420 1906 1475 pe-
1944 1418 1947 1421 ‘

327 1484 469 1541 dites
506 1486 737 1553 locabis,
773 1488 971 1545 deinde
1000 1490 1217 1561 equites
1263 1502 1388 1563 post
1417 1494 1844 1565 impedimenta;
1876 1511 1907 1551 a

330 1586 483 1645 tergo
511 1576 759 1647 equitum
786 1578 1009 1647 quidam
1054 1582 1254 1637 scutati
1283 1581 1436 1638 leves
1466 1583 1903 1653 collocabuntur,

331 1665 401 1720 ad
443 1674 721 1724 extremas
752 1678 939 1739 partes
971 1670 1359 1739 defendendas,
1407 1675 1673 1733 adversus
1710 1691 1904 1735 omnes

332 1769 435 1810 nec
462 1756 717 1827 opinatas
752 1758 1120 1816 incursiones.

401 1847 491 1903 61.
533 1846 708 1906 Leves
734 1850 874 1907 alios
902 1854 1123 1909 emittes
1160 1870 1227 1910 ex
1258 1857 1376 1912 acie
1418 1874 1597 1928 usque
1635 1859 1705 1915 ad
1744 1863 1910 1919 unius

1998 872 2039 927 δ’
2061 874 2225 943 μέρη,
2262 873 2354 925 ἐπὶ
2370 870 2415 941 β’
2446 870 2479 940 ἢ
2516 869 2558 923 δ’
2586 868 2649 923 τδ
2674 867 2835 938 βάθος
2863 866 2971 921 τῶν
2992 866 3161 921 ἁκιῶν
3176 866 3311 936 πρὸς
3333 864 3395 917 τὸ
3423 865 3589 919 ποσὸν

2000 964 2095 1018 τοῦ
2128 962 2383 1029 στρατοῦ,
2415 962 2448 1033 ἢ
2474 960 2550 1025 ὡς
2579 963 2613 1032 ἡ
2643 960 2801 1032 χρεία
2827 960 3065 1029 ἀπαντᾷ.
3093 959 3162 1012 τὰ
3182 958 3241 1012 δὲ
3286 957 3427 1027 μέρη
3458 955 3591 1020 ἴσως

2004 1058 2177 1111 κινεῖν
2234 1055 2331 1108 καὶ
2364 1053 2693 1124 περιπατεῖν
2727 1049 3019 1119 ἀφεστῶτα
3069 1049 3177 1103 ἀπ’
3214 1047 3461 1119 ἀλλήλων
3513 1047 3590 1110 ὡς

2005 1148 2117 1202 ἀπὸ
2149 1147 2304 1201 λίθου
2333 1145 2517 1216 βολῆς.

2079 1318 2140 1382 ξ’.
2191 1317 2317 1371 Ἐὰν
2353 1316 2410 1371 δὲ
2450 1316 2657 1371 σύνεισι
2686 1313 3042 1385 καϐαλλάριοι
3091 1312 3204 1383 (51)
3236 1353 3250 1377 ,
3290 1309 3590 1383 ἢτοῦλδον.

2007 1409 2231 1464 δπισθεν
2274 1408 2453 1462 αὐτῶν
2497 1407 2590 1461 τὸν
2621 1407 2837 1461 τοῦλδον
2873 1408 3071 1471 ποιεῖν,
3119 1405 3214 1460 καὶ
3266 1403 3406 1474 μετὰ
3432 1400 3594 1454 αὐτὸν

2008 1503 2136 1567 τοὺς
2162 1499 2584 1571 καθαλλαρίους,
2606 1499 2703 1554 καὶ
2728 1499 2866 1570 μετὰ
2885 1498 3083 1562 αὐτοὺς
3119 1498 3332 1565 ὀλίγους
3364 1490 3595 1547 σκουτᾶ-

2016 1610 2145 1657 τους
2182 1592 2374 1661 ψιλοὺς
2407 1591 2817 1661 νωτοφύλακας,
2848 1588 2937 1643 διὰ
2958 1590 3057 1653 τὰς
3082 1587 3194 1643 ἀπὺ
3225 1585 3447 1640 όπισθεν
3466 1621 3481 1647 ,
3521 1580 3598 1645 ὡς

2010 1684 2178 1749 είκδς,
2209 1682 2591 1754 ὲπιγινομένας
2611 1680 2905 1752 ἀδοκήτως
2928 1681 3039 1750 (5‘1)
3061 1678 3304 1748 ἐφόδους.

2085 1828 2186 1896 ea}.
2217 1829 2357 1893 Τοὺς
2373 1828 2429 1881 δὲ
2458 1828 2647 1896 ψιλοὺς
2670 1828 2797 1891 τοὺς
2822 1827 2921 1898 μὲν
2947 1825 3347 1899 ἐκπορεύεσθαι
3374 1826 3471 1895 τῆς
3495 1841 3599 1877 πα·

334 1939 475 2009 signi
507 1954 820 2010 numerum,
866 1958 992 1999 cum
1045 1948 1243 2013 paucis
1289 1949 1606 2018 equitibus;
1661 1952 1799 2008 alios
1840 1954 1910 2010 ad

2036 1921 2293 1988 ιατάξεως
2331 1922 2490 1991 μέχρι
2513 1919 2631 1983 ἑνὸς
2673 1918 2898 1989 σημείου
2924 1918 3065 1988 μετὰ
3098 1918 3294 1985 ὀλίγων
3325 1914 3599 2018 καόαλλα-

336 2029 503 2082 Iatera
555 2027 686 2084 hine
756 2038 921 2101 atque
964 2031 1116 2088 illinc
1150 2034 1464 2104 collocabis,
1513 2038 1581 2093 ad
1626 2041 1911 2109 perviden-

337 2118 466 2172 dum
521 2129 576 2175 et
605 2119 1024 2191 explorandum,
1053 2141 1184 2181 num
1217 2128 1413 2199 aliqua:
1452 2129 1526 2185 ibi
1558 2131 1771 2186 insidia:
1800 2130 1913 2187 sint

340 2207 551 2275 positae,
584 2216 640 2264 et
676 2210 743 2265 ad
779 2211 1008 2269 arbores
1040 2215 1397 2275 circumcirca
1445 2226 1555 2273 tam
1586 2219 1778 2276 idonee
1811 2235 1915 2275 ea»

338 2296 564 2365 dendas,
588 2307 650 2354 ut
674 2301 954 2367 manibus,
983 2304 1031 2359 si
1059 2306 1277 2376 quando
1313 2316 1427 2363 tum
1463 2325 1600 2366 usus
1623 2310 1830 2377 tulerit,
1859 2310 1914 2364 in

341 2389 634 2444 transitum
674 2390 917 2448 hostium
944 2394 1195 2467 deiectae,
1233 2398 1385 2454 aditu
1425 2398 1480 2454 in
1516 2401 1808 2467 angustiis,
1838 2410 1918 2454 at-

340 2477 684 2545 que'itinere
735 2484 1039 2552 prohibuit,
1079 2495 1177 2541 aut
1221 2497 1277 2543 et
1315 2504 1576 2559 magnum
1636 2491 1919 2561 negotium

342 2570 649 2639 transgredi
687 2569 1078 2632 festinantibus
1101 2573 1405 2634 facessant.

411 2741 501 2796 62.
542 2742 624 2800 Ad
657 2745 775 2804 hac
820 2749 1158 2819 perlustrare
1199 2768 1326 2809 cum
1366 2756 1574 2813 levibus
1629 2769 1683 2814 et.
1736 2760 1926 2831 paucis

340 2832 638 2900 equitibus,
669 2844 726 2890 et
762 2836 1003 2893 hostium
1049 2840 1301 2908 insidias,
1342 2845 1388 2900 si
1421 2861 1543 2915 quae
1593 2848 1646 2901 in
1696 2850 1784 2904 via
1816 2851 1931 2905 col-

343 2920 533 2978 locatae
586 2924 717 2992 sint,
776 2930 1063 2998 repellere,
1115 2942 1171 2987 et
1212 2942 1326 2988 tum
1377 2935 1549 2991 aciem
1604 2937 1927 2995 instructam

345 3014 475 3070 illac
509 3015 784 3075 deducere
808 3030 1048 3092 oportet.

409 3104 501 3160 63.
544 3105 647 3164 Ubi
678 3112 890 3167 rariora
946 3124 1000 3170 et
1048 3115 1260 3171 laxiora
1301 3119 1421 3173 loca
1460 3119 1681 3188 fuerint,
1720 3125 1933 3195 equites

341 3206 397 3250 et
421 3199 796 3267 speculatores
820 3205 1142 3273 anticipent,
1177 3207 1271 3262 ubi
1329 3207 1606 3265 condensa
1637 3220 1691 3267 et
1713 3228 1924 3284 aspera,

344 3298 459 3341 tum
491 3288 701 3359 pedites
728 3305 792 3347 ea
818 3305 1112 3364 occupent.

411 3380 500 3435 64.
539 3378 708 3438 Leves
740 3396 855 3438 non
904 3384 957 3438 in
998 3384 1233 3443 frontem
1278 3387 1506 3455 directe,
1555 3394 1917 3462 quemadmo-

345 3474 474 3527 dum
510 3482 774 3540 scutatos,
811 3475 903 3530 sed
950 3491 1049 3546 per
1071 3478 1231 3545 duos,
1267 3489 1363 3534 aut
1401 3490 1534 3547 tres,
1570 3492 1666 3536 aut
1691 3492 1929 3553 quatuor

346 3564 496 3620 leves
521 3563 863 3634 iaculatores
912 3583 1039 3624 cum
1066 3570 1240 3627 scutis
1284 3573 1401 3627 suis
1430 3572 1660 3640 locabis,
1706 3584 1767 3629 ut
1790 3586 1929 3630 tem-

347 3668 479 3722 pore
518 3655 622 3711 hoc
670 3656 1041 3725 desiderante,
1093 3668 1209 3715 tum
1244 3671 1532 3732 protegere
1585 3664 1780 3731 scutis,
1815 3675 1928 3720 tum

343 3744 579 3813 iaculari
614 3748 778 3802 etiam
806 3749 1056 3818 possint,
1105 3767 1388 3822 unumque
1433 3756 1773 3823 sagittarium
1821 3758 1933 3811 sin-

347 3834 461 3901 guli
503 3835 558 3889 hi
614 3835 810 3892 minuti
859 3838 1125 3909 manipuli
1170 3841 1427 3908 habeant,
1482 3844 1685 3913 quibus
1745 3847 1925 3901 caeteri

349 3926 486 3980 bene
520 3928 1019 3986 conservabuntur.

418 4017 507 4073 65.
548 4017 708 4075 Tales
752 4021 1017 4094 drungos,
1088 4024 1144 4081 id
1192 4033 1298 4091 cst,
1349 4026 1603 4082 cohortes
1652 4028 1935 4085 milliarias

350 4121 459 4162 non
486 4123 596 4164 una
626 4110 683 4165 in
727 4111 867 4180 acie,
899 4114 987 4170 vel
1014 4114 1223 4171 directe
1266 4115 1458 4184 duces,
1503 4117 1599 4173 sed
1630 4119 1823 4173 ordine
1854 4119 1933 4173 al-

356 4197 467 4253 tius
507 4208 677 4268 atque
726 4201 893 4258 altius
919 4202 1197 4273 incedeut,
1222 4214 1283 4260 ut
1310 4214 1525 4276 tergora
1556 4210 1937 4279 antegredicn-

356 4291 496 4346 tium
528 4304 823 4362 sequentes
843 4296 1157 4353 defendant.
1197 4299 1353 4366 Quod
1383 4302 1428 4355 si
1473 4303 1796 4372 contingant
1826 4321 1895 4358 an
1918 4335 1935 4345 ε

351 4380 670 4446 terioribus,
714 4391 774 4438 ut
818 4382 888 4439 ab
910 4383 1164 4440 hostibus
1209 4386 1580 4455 retardentur,
1612 4398 1667 4444 et
1712 4400 1938 4459 propter

349 4467 723 4523 dimcttuatem
768 4469 872 4525 loci
923 4471 1215 4527 admodum
1266 4484 1567 4543 vexentur,
1619 4485 1735 4531 tum
1783 4478 1873 4534 isti
1904 4496 1935 4534 a

2017 2013 2168 2083 ρίων,
2192 2013 2315 2075 τοὺς
2344 2011 2402 2065 δὲ
2433 2012 2498 2064 ἐκ
2519 2009 2764 2079 πλαγίων
2787 2008 2939 2063 ἐνθεν
2968 2008 3226 2063 κάκεῖθεν
3256 2007 3472 2076 ἀνάγκη
3499 2022 3601 2083 πετ

2015 2106 2284 2174 ριπατεῖν,
2316 2102 2404 2156 ἵνα
2429 2101 2525 2155 καὶ
2568 2100 2937 2155 σκουλκεύωσι
2991 2100 3087 2154 καὶ
3120 2098 3432 2169 γινώσκωσι
3487 2075 3602 2168 (55)

2018 2204 2092 2275 μή
2127 2220 2257 2256 ποτε
2292 2200 2659 2273 ἐγκρύμματά
2687 2202 2824 2254 εἰσιν
2859 2198 3070 2270 ὲχθρῶν
3094 2238 3110 2264 ,
3140 2199 3174 2270 ἢ
3201 2197 3393 2269 δένδρα
3445 2195 3598 2249 ἱστά-

2021 2313 2158 2367 μενα
2202 2296 2271 2349 τὰ
2298 2294 2523 2348 ὄπισθεν
2582 2293 2766 2348 αὐτῶν
2798 2290 3209 2364 περιπρισμένα
3251 2290 3465 2361 ἔχοντα,
3509 2290 3605 2343 κα)Ι

2022 2386 2376 2457 σχηματικῶς
2398 2385 2683 2455 ἱστάμενα,
2719 2384 2875 2437 ἅτινα
2922 2384 3031 2437 ἀπὸ
3059 2381 3260 2454 χειρῶν
3292 2381 3603 2450 ὡθούμενα,

2023 2479 2119 2532 καὶ
2152 2478 2421 2531 πίπτοντα
2450 2476 2593 2529 κατά
2620 2473 2728 2528 τῶν
2751 2475 3002 2545 παρόδων
3055 2473 3362 2545 ὲμφράξεις
3411 2470 3602 2524 ποιοῦ-

2027 2585 2110 2621 σιν
2139 2568 2197 2620 ὲν
2238 2568 2349 2629 τοῖς
2390 2563 2722 2635 στενώμασι,
2756 2565 2849 2618 καὶ
2896 2564 3087 2633 ἀγῶνα
3117 2565 3228 2626 τοῖς
3274 2562 3605 2631 αἱφνιδιαζο-

2030 2659 2211 2730 μένοις
2244 2658 2593 2728 παρέχουσιν.

2100 2749 2197 2819 ξβν.
2225 2750 2333 2802 Kal.
2362 2747 2533 2803 ταῦτα
2558 2750 2892 2820 προερευνᾷν
2923 2748 3003 2801 δεῖ
3030 2748 3117 2802 διά
3149 2765 3209 2801 τε
3242 2747 3415 2816 ψιλῶν
3438 2762 3605 2817 στρα-

2028 2840 2236 2895 τιωτῶν
2264 2840 2355 2895 καὶ
2385 2839 2579 2908 ὀλίγων
2626 2838 3029 2909 καϐαλλαρίων,
3086 2839 3203 2908 ἅμα
3245 2838 3301 2891 δὲ
3341 2838 3435 2891 καὶ
3465 2838 3604 2890 ἀποο-

2031 2933 2209 2985 σοῦεἴν
2227 2912 2351 2994 τοῧξ
2377 2930 2789 3002 κεκρυμμένους
2810 2930 3058 3003 ἐχθροὺς,
3089 2926 3188 2983 εἷθ’
3203 2928 3378 2992 οὕτως
3394 2928 3607 2998 παρέρ-

2031 3024 2217 3096 χεσθαι
2243 3024 2343 3094 τὴν
2376 3022 2700 3093 παράταξιν.

2104 3114 2204 3183 ξγ’.
2256 3115 2369 3168 Καὶ
2421 3115 2556 3168 ὅπου
2620 3112 2721 3183 μὲν
2755 3110 3063 3183 ἀραιότεροί
3115 3111 3222 3165 εἰσι
3266 3108 3607 3173 τόποι,τοῦς

2034 3206 2428 3278 καὸαλλαρίους
2460 3203 2869 3276 προλαμϐάνειν
2895 3205 2991 3258 καὶ
3018 3204 3117 3267 τὰς
3151 3203 3344 3273 βίγλας
3378 3201 3551 3254 ποιεῖν
3590 3214 3604 3230 ⁶

2028 3300 2162 3353 ὅπου
2196 3298 2252 3352 δὲ
2280 3297 2460 3360 δασεῖς
2487 3297 2583 3351 καὶ
2618 3296 2898 3368 δυσχερεῖς
2945 3294 3123 3360 τόποι,
3164 3294 3293 3357 τοὺς
3322 3290 3535 3361 ψιλούς.

2100 3389 2191 3456 ξδ’.
2225 3392 2363 3454 Τοὺς
2386 3389 2443 3443 δὲ
2471 3389 2662 3460 ψιλοὺς
2696 3389 2771 3459 μὴ
2798 3388 2962 3442 τάττε
3022 3385 3111 3439 ἔπ’
3145 3386 3364 3448 εὐθείας
3424 3381 3611 3445 καθὼς

2027 3485 2152 3545 τοὺς
2186 3482 2534 3544 σκουτάτους,
2566 3479 2702 3533 ἀλλὰ
2732 3478 2875 3533 κατὰ
2910 3476 3057 3549 δύοῆ
3101 3477 3249 3547 τρεῖς
3274 3475 3307 3545 ἥ
3338 3475 3611 3544 τέσσαρας

2028 3570 2218 3641 ψιλοὺς
2234 3570 2556 3633 ἀκοντιστὰς
2575 3566 2757 3633 τάξεις
2784 3566 3209 3639 ἐπιφερομένους
3235 3565 3328 3620 καὶ
3354 3566 3422 3618 τὰ
3444 3581 3613 3617 νσκου-

2029 3661 2197 3733 τάρια
2234 3661 2435 3727 αὐτῶν,
2482 3661 2567 3713 ἵνα
2605 3659 2701 3712 ἐὰν
2750 3659 2912 3730 χρεία
2941 3660 3189 3729 γένηται,
3216 3658 3312 3711 καὶ
3358 3652 3615 3711 σκουτεύ-

2034 3768 2169 3805 σωσι
2198 3752 2293 3804 καὶ
2323 3751 2683 3805 ἀκοντίσωσιν
2736 3750 2984 3803 οίαύτοῦ
3024 3750 3119 3803 καὶ
3165 3749 3263 3802 ἕνα
3282 3749 3338 3802 δὲ
3390 3746 3614 3817 τοξότην

2035 3843 2199 3914 ἔχειν,
2227 3843 2372 3907 ὅστις
2399 3842 2495 3896 καὶ
2517 3841 2607 3896 ὑπ’
2634 3840 2815 3895 αὐτῶν
2849 3842 3276 3913 φυλαχθήσεται.

2107 4016 2200 4084 ξε’.
2248 4016 2386 4081 Τοὺς
2438 4017 2495 4071 δὲ
2540 4017 2810 4081 τοιούτους
2858 4019 2982 4082 τοὺς
3046 4018 3477 4089 δρούγγουςβῖό)
3540 4021 3616 4089 μὴ

2036 4110 2129 4162 ἐπὶ
2179 4111 2309 4179 μιᾶς
2356 4106 2713 4180 παρατάξεως
2762 4108 2796 4179 ἢ
2845 4110 2931 4162 ἐπ’
2984 4110 3199 4174 εὐθείας
3248 4110 3347 4181 τὴν
3397 4111 3615 4165 ὁδοιπο-

2041 4202 2162 4273 ρίαν
2209 4202 2480 4256 ποιεῖσθαι
2512 4242 2527 4265 ,
2574 4200 2691 4255 ἀλλ’
2731 4202 2929 4271 ἑφεξῆς
2969 4203 3312 4274 ὲπαρμένους
3342 4243 3355 4267 ,
3390 4203 3475 4257 ἵνα
3524 4203 3618 4256 καὶ

2037 4296 2161 4359 τοὺς
2194 4294 2395 4358 νώτους
2423 4293 2669 4364 ἀλλήλων
2710 4293 3055 4361 φυλάττωσιν
3090 4333 3105 4356 ,
3154 4294 3251 4347 καὶ
3303 4294 3398 4347 ἐὰν
3433 4294 3615 4364 συμσῇ

2035 4388 2149 4449 τοῖς
2186 4385 2496 4456 ἔμπροσθεν
2521 4380 2702 4439 αὐτῶν
2753 4384 3106 4439 ἁντιτάσσειν
3139 4386 3353 4457 ἐχθρῶν
3392 4387 3619 4458 ὑπομεῖ-

2037 4495 2147 4541 ναι,
2179 4478 2274 4530 καὶ
2325 4476 2615 4546 βαρεῖσθαι
2643 4477 2750 4529 ὑπὸ
2796 4476 3119 4545 δυσχερείας
3152 4478 3318 4531 τόπου
3349 4521 3364 4545 ,
3395 4478 3618 4532 ὄπισθεν

350 4564 504 4623 tergo
533 4554 602 4610 de
634 4555 939 4628 improviso
984 4559 1434 4627 intervenientes,
1467 4565 1663 4621 altiore
1692 4568 1746 4622 in
1787 4569 1921 4634 loco,

2036 4570 2329 4636 ἀγνώστως
2382 4567 2703 4638 ὑψηλότεροι
2751 4567 3032 4638 γενόμενοι
3094 4568 3236 4622 κατὰ
3292 4568 3387 4621 τοῦ
3444 4567 3617 4621 νώτου

351 4664 516 4717 quam
548 4649 733 4706 hostes
762 4662 890 4706 sunt
926 4652 1116 4722 positi,
1161 4655 1276 4710 suis
1308 4668 1660 4713 succurrant.
1692 4658 1921 4719 Necesse

2036 4662 2143 4714 τῶν
2173 4659 2383 4730 ἐχθρῶν
2404 4658 2676 4730 ἔρχονται.
2710 4657 2839 4730 [Δι’]
2874 4660 3009 4732 ὅπερ
3037 4660 3334 4727 ἀναγκαῖόν
3365 4661 3510 4714 ἐστιν
3532 4662 3619 4713 ἀεὶ

351 4741 497 4796 cnim
525 4742 737 4800 levibus
763 4758 981 4815 semper
1007 4753 1112 4812 est,
1142 4754 1204 4803 ut
1236 4746 1529 4804 adversum
1559 4750 1812 4808 inimicos
1851 4753 1929 4807 al-

353 4833 491 4887 tiora
523 4834 641 4890 loca
668 4837 991 4907 anticipent.

423 4924 513 4979 66.
552 4926 785 4983 Levibus
818 4930 982 4984 etiam
1010 4931 1316 5001 praecipies,
1354 4941 1413 4986 ut
1444 4933 1661 5006 longius
1693 4936 1759 4990 ab
1789 4938 1928 5003 acie,

352 5030 518 5084 quam
540 5018 772 5073 buccina
802 5021 1050 5076 exaudiri
1084 5031 1280 5090 potest,
1324 5039 1395 5078 ne
1419 5024 1734 5092 discedant;
1772 5028 1930 5082 auxi-

354 5106 429 5163 lio
456 5108 602 5163 enim
637 5110 880 5166 destituti
911 5113 1204 5169 admodum
1240 5126 1575 5184 prcmentur.

2040 4749 2290 4803 σπεύδειν
2307 4749 2431 4810 τοὺς
2459 4748 2649 4818 ψιλοὺς
2670 4787 2686 4813 ,
2712 4748 2801 4801 ἵνα
2828 4749 2954 4812 τοὺς
3014 4748 3380 4821 ὑψηλοτέρους
3421 4748 3619 4813 τόπους

2041 4840 2179 4895 κατά
2207 4840 2314 4892 τῶν
2356 4840 2565 4910 ἐχθρῶν
2600 4840 3230 4911 προκαταλαμϐάνωσιν.

2109 4928 2215 4993 Eg’.
2254 4928 2636 5000 Παραγγείλῃς
2688 4927 2745 4981 δὲ
2795 4929 2888 4981 καὶ
2930 4930 3054 4992 τοὺς
3081 4928 3291 4997 ψιλοὺς,
3325 4929 3412 4983 ἵνα
3458 4928 3619 4982 πλέον

2035 5022 2129 5075 τοῦ
2172 5021 2431 5074 δύνασθαι
2480 5022 2685 5083 αὐτοὺς
2719 5021 2989 5075 κάκείνων
3039 5022 3152 5091 (55)
3184 5022 3406 5077 ἀκούειν
3459 5021 3616 5091 βυκί-

2035 5129 2151 5166 νον·
2190 5112 2263 5184 μὴ
2296 5111 2635 5183 χωρίζωνται
2665 5116 2765 5183 τῆς
2841 5112 3216 5183 παρατάξεως,
3254 5113 3341 5167 ἵνα
3402 5114 3476 5184 μὴ
3523 5130 3617 5181 γυ-

2040 5200 2329 5271 μνούμενοι
2357 5200 2622 5270 βοηθείας,
2654 5200 2727 5264 ὡς
2758 5199 2923 5267 εἰκὸς,
2945 5199 3298 5271 βαρύνωνται.

1901 5339 2130 5396 ΝΟΤέΕ.

430 5423 544 5496 (5|)
574 5428 992 5496 Kaﬁmuépzoc.
1019 5430 1086 5485 Et
1108 5430 1188 5487 sic
1217 5434 1408 5489 eratin
1443 5433 1633 5490 codice
1659 5432 1928 5489 Palatino.

358 5492 735 5570 Scribebatttr,
764 5492 1041 5570 καθάριοι.

572 5564 965 5641 ςᾼὸοκήεουξ.
994 5568 1370 5635 Scribebalur,
1406 5572 1718 5641 ἀδικητους.

433 5633 543 5710 (55)
572 5634 707 5710 ’ζνα
729 5635 826 5710 καί
851 5633 1270 5710 σμθιουλνιεύωσι
1297 5633 1396 5694 καὶ
1411 5633 1808 5710 τινὼὸνκωοιν.
1830 5641 1930 5696 Le-

365 5701 704 5777 gclieturjya
736 5705 829 5777 καὶ
853 5705 913 5757 εὖ
952 5708 1296 5775 βουλεύονται
1326 5701 1429 5762 καῖ’
1463 5710 1842 5777 γινώσκουσιν.
1870 5711 1927 5765 In

366 5767 555 5846 codice
581 5771 889 5846 Pistoriano
917 5767 1055 5840 erat,
1083 5777 1168 5830 ἵνα.
1197 5767 1666 5832 ἐκωλκεύσονται.
1714 5780 1926 5836 liecen-

370 5835 605 5891 tioribus
633 5838 858 5906 Grmcis,
890 5835 1169 5912 σκοῦλκαι,
1200 5856 1325 5904 sunt
1361 5850 1612 5915 excubia',
1646 5858 1697 5905 ct
1732 5835 1924 5904 σκουλ-

2035 5435 2218 5488 κεύειν
2262 5433 2559 5503 signiﬁcat,
2593 5432 2875 5497 excubare,
2902 5430 3206 5500 explorare.
3251 5426 3323 5485 Ut
3357 5431 3619 5485 docemus

2032 5506 2086 5558 in
2112 5517 2308 5580 nostri)
2338 5504 2632 5580 glossario.
2657 5574 2668 5580 _
2858 5571 2882 5580 Δ
2977 5570 2988 5580 ,
3237 5568 3267 5580 η
3339 5569 3350 5580 ,

2102 5575 2215 5644 (54)
2256 5574 2400 5640 Τοὺς
2428 5573 2497 5627 δὲ
2513 5574 2819 5644 τοιούτους
2848 5570 3202 5639 δρούγγους.
3234 5568 3611 5631 Scribebatur,

2029 5643 2231 5723 "subi-62:
2257 5645 2482 5723 τούτους
2509 5644 2635 5723 to)»;
2662 5643 3039 5723 ςτρούγγίζυςοη,
3082 5718 3093 5723 _
3174 5709 3206 5720 ..
3330 5709 3362 5723 ..

2109 5714 2221 5779 (55}
2244 5713 2475 5778 Αὐτοὺς
2502 5709 2819 5766 κάκείνων.
2881 5709 2939 5764 1η
2982 5709 3209 5763 Pistorii
3243 5709 3433 5767 codice
3474 5716 3614 5774 erat,

2038 5784 2234 5847 αὐτοὺς
2256 5784 2504 5837 κοκίνων.
2541 5782 2752 5847 Scribe,
2792 5780 3011 5834 ἀκούειν
3048 5780 3333 5849 βουκίνων.
