4022 6488
429 429 536 493 ἰ’87

1696 427 1972 488 LEONIS
2011 427 2470 488 PHILOSOPlll

3578 424 3691 490 788

434 541 537 598 bus
587 552 766 593 autem
825 545 879 591 et
931 549 1103 606 magis
1151 535 1410 605 spatiosis
1461 535 1618 599 locis,
1657 535 1725 589 ad
1777 537 2011 590 frontem

2142 536 2228 596 si;
2259 535 2599 605 ἀραιοτέροις
2630 535 2723 587 ἐπὶ
2769 534 3021 604 μέτωπον
3068 534 3124 587 ἐν
3157 533 3368 605 πλαγία
3402 534 3552 599 τάξει
3610 537 3696 599 είς

425 626 555 686 acie
613 632 663 683 in
718 631 884 681 latum
939 638 1213 697 porrecta,
1257 636 1310 679 et
1356 627 1659 680 laxioribus
1731 627 2018 682 latitudine

436 719 834 780 contuberniis,
864 719 1153 773 altitudine
1183 718 1552 771 densioribus.

505 812 593 864 78.
632 811 764 864 Illud
795 825 891 879 pro
921 819 1075 862 certo
1100 822 1304 871 teneas,
1333 810 1384 860 in
1411 809 1702 863 condensis
1732 809 1869 864 locis
1899 824 2014 873 eos,

434 905 527 972 qui
563 904 850 965 rliictaria,
881 904 994 956 sive
1031 903 1307 964 menaula,
1341 902 1390 954 id
1417 909 1500 956 est
1521 944 1534 966 ,
1562 900 1738 970 jacula
1770 901 2018 971 longiora

437 1009 598 1047 manu
656 993 984 1061 conjiciunt,
1017 993 1189 1062 magis
1233 993 1573 1046 necessarios
1625 1008 1746 1046 esse
1793 995 2020 1062 sagitta-

436 1087 536 1140 riis
592 1097 688 1139 aut
721 1085 1118 1145 funditoribus,
1153 1095 1316 1153 atque
1355 1083 1476 1137 ideo
1506 1083 1660 1138 multi
1695 1085 1839 1138 leves
1864 1101 2020 1138 exer-

435 1175 593 1228 cendi
643 1177 708 1228 ad
753 1175 867 1228 lucc
927 1174 1032 1228 tela
1089 1173 1204 1228 sive
1237 1173 1422 1242 jacula
1463 1190 1627 1227 manu
1679 1174 2020 1244 conjicienda

436 1277 588 1322 sunt.

507 1359 597 1412 79.
645 1358 928 1428 Sagittarii
984 1357 1039 1411 in
1095 1357 1213 1411 acie
1260 1357 1527 1412 instructa
1589 1357 2027 1427 przestabiliorcs'

438 1459 588 1511 sunt,
622 1459 675 1502 et
705 1451 755 1501 in
790 1449 1024 1518 asperis,
1056 1447 1244 1502 arduis
1273 1489 1287 1514 ,
1319 1450 1566 1518 angustis
1603 1459 1768 1520 atque
1797 1451 2020 1518 exposi-

442 1538 511 1592 tis
541 1539 592 1590 in
627 1537 786 1592 locis.

512 1629 601 1683 80.
631 1629 970 1686 Jaculatorcs
1005 1642 1156 1686 extra
1207 1634 1378 1686 aciem
1424 1631 1748 1685 instructam
1798 1632 1851 1685 in
1886 1647 2020 1686 con-

439 1718 630 1774 densis
658 1720 793 1775 locis
821 1723 1099 1777 utilissimi
1119 1732 1268 1780 sunt.
1297 1723 1477 1794 Atque
1500 1723 1615 1777 haec
1642 1723 1697 1776 in
1730 1723 2021 1778 itineribus

440 1809 704 1866 faciendis
734 1813 1076 1868 observanda
1115 1825 1264 1869 sunt.

511 1987 602 2041 8l.
643 1987 974 2056 Priusquam
1020 2004 1212 2043 omnes
1256 1999 1437 2045 castra
1487 1990 1804 2059 posuerint,
1847 1991 2020 2044 aciem

441 2093 619 2148 neque
664 2080 993 2149 pedestrem,
1025 2093 1198 2148 neque
1238 2087 1547 2149 equestrem
1579 2081 1884 2144 dissolvas,
1925 2097 2021 2134 ne-

441 2186 550 2239 que
584 2170 902 2240 priusquam
933 2171 1195 2226 fossatqu
1230 2171 1472 2240 undique
1524 2173 1794 2226 munitum
1839 2171 1933 2235 sit,
1969 2181 2022 2225 ct

440 2259 815 2328 speculatores
871 2260 1127 2315 exierint.

511 2351 600 2406 82.
638 2351 926 2421 Praecipies
989 2361 1210 2418 autem,
1263 2362 1321 2407 ut
1384 2352 1625 2423 perfecte
1684 2360 2024 2424 cognoscant

444 2443 692 2497 buccina:
720 2457 943 2507 sonum,
982 2452 1041 2496 ut
1076 2445 1171 2499 ubi
1211 2445 1518 2500 consistere
1562 2461 1656 2499 eos
1702 2445 1861 2515 jubet
1896 2458 2027 2497 con-

443 2535 667 2599 sistant,
701 2543 755 2589 et
785 2535 876 2589 ubi
902 2535 1009 2589 alia
1042 2536 1276 2590 buccina
1309 2537 1606 2605 procedere
1641 2552 1736 2590 eos
1769 2537 2023 2605 imperat,

444 2626 769 2696 procedant.
805 2626 885 2680 Ad
923 2626 1074 2681 hunc
1104 2628 1272 2698 igitur
1299 2629 1518 2682 modum
1547 2627 1613 2681 de
1641 2628 1835 2682 itinere
1867 2643 2026 2681 exer-

446 2720 590 2774 citus
621 2717 872 2774 faciendo
894 2719 1234 2791 disputatum
1285 2723 1378 2776 sit.
1417 2721 1603 2776 llestat
1645 2729 1700 2775 ut
1749 2721 1816 2776 de
1851 2720 2023 2785 tuldo,

446 2811 561 2865 sive
588 2811 994 2881 impedimentis
1027 2828 1200 2883 pauca
1231 2814 1592 2869 disseramus.

952 2996 1419 3054 CONSTITUTIO
1459 2999 1530 3056 Χ.

760 3082 838 3136 De
873 3084 1042 3151 tuldo,
1078 3087 1131 3137 id
1161 3097 1258 3149 est,
1291 3089 1707 3155 impedimentis.

521 3176 574 3230 l.
615 3174 801 3242 Tuldi,
835 3177 950 3230 sive
996 3178 1512 3245 impedimentorum
1544 3196 1674 3235 cura
1714 3180 1813 3235 tibi
1843 3181 2026 3234 susci-
2053 3201 2097 3261 ο

451 3267 646 3337 pienda
670 3277 798 3322 est:
832 3285 1010 3338 neque
1046 3270 1192 3322 enim
1224 3277 1430 3325 temere
1479 3286 1574 3326 aut
1619 3272 1846 3327 fortuito
1869 3273 2026 3342 disji-

445 3357 642 3411 cienda
681 3366 835 3423 sunt,
867 3359 962 3415 sed
1023 3359 1353 3432 ubicunque;
1384 3363 1796 3434 relinquuntur,
1822 3365 1874 3418 in
1909 3374 2027 3419 tuto

443 3459 579 3504 sunt
607 3451 950 3506 collocanda.

511 3542 573 3596 ’2.
614 3543 799 3613 Neque
832 3561 1047 3599 rursum
1081 3546 1134 3600 in
1162 3545 1306 3599 bello
1366 3546 1824 3618 incircumspccte
1853 3548 2028 3603 duca-

443 3646 574 3700 :tnr;
616 3652 856 3706 persaepe
908 3639 1051 3691 enim
1101 3639 1338 3692 militum
1385 3639 1734 3704 administri,
1786 3657 2028 3712 persaepe

448 3723 608 3776 liberi
645 3732 807 3792 atque
838 3725 1075 3795 cognati,
1099 3741 1237 3796 quos
1263 3726 1458 3782 charos
1481 3728 1706 3795 habent,
1728 3744 1850 3782 cum
1873 3729 2028 3784 tuldo

446 3824 601 3870 sunt.
649 3814 806 3878 Quod
849 3817 955 3870 nisi
1007 3816 1061 3870 in
1109 3826 1227 3872 tuto
1280 3818 1372 3881 sit,
1405 3819 1678 3874 anxietate
1716 3820 2025 3874 animorum

451 3920 596 3974 sarpe
640 3917 905 3959 vexantur
947 3906 1173 3971 milites,
1211 3916 1265 3962 et
1292 3907 1663 3964 sollicitudine
1699 3910 1751 3964 in
1784 3910 2030 3966 diversas

451 4005 634 4066 partes
665 3999 1066 4054 distrahuntur.

523 4181 576 4236 '5.
621 4180 926 4251 Unicuique
961 4181 1107 4236 enim
1155 4182 1409 4252 prudenti
1458 4184 1596 4250 viro,
1625 4195 1822 4255 praeter
1868 4201 2028 4242 suum

449 4272 632 4340 ipsius
668 4272 956 4339 damnum,
991 4274 1166 4328 dolori
1193 4283 1278 4330 est
1306 4276 1471 4329 etiam
1511 4275 1719 4330 inimici
1754 4277 2031 4347 prosper-ie

435 4377 562 4444 ﬁas.
603 4365 787 4431 Itaque
807 4381 931 4418 cum
964 4381 1123 4420 suum
1165 4367 1334 4435 ipsius
1361 4366 1622 4421 damnum
1649 4369 1825 4424 oculis
1854 4370 2033 4424 intue-

451 4467 564 4517 tur,
600 4456 681 4508 vel
712 4456 936 4510 omnino
981 4457 1122 4512 bello
1160 4457 1420 4523 abstinet,
1453 4458 1532 4512 vel
1564 4458 1633 4512 ad
1661 4460 2018 4528 pugnandum

433 4547 765 4621 _languidior
798 4549 875 4604 lit.

525 4639 578 4691 4.
623 4639 896 4708 Imprimis
925 4648 1105 4696 autem
1137 4650 1472 4711 congregato
1509 4641 1698 4709 tuldo,
1730 4650 1784 4697 et
1811 4642 2034 4713 publico

432 4729 566 4804 jam
621 4733 815 4799 proelio
866 4733 1220 4796 imminente,
1265 4732 1672 4786 multitudinem
1743 4734 2035 4802 palicario-

459 4838 602 4885 ι·ιιιιι,
656 4822 706 4875 id
759 4831 863 4886 est,
907 4839 1097 4877 eorum
1163 4824 1255 4894 qui
1317 4822 1588 4893 praefectis
1651 4832 1704 4876 et
1765 4824 2034 4879 militibus

456 4930 682 4982 operam
713 4915 867 4982 dant,
898 4931 964 4970 eo
993 4916 1264 4971 deducere
1311 4931 1420 4969 non
1464 4914 1717 4980 consulo,
1752 4930 1930 4984 neque
1973 4917 2026 4970 in

461 5019 560 5056 sua
603 5013 746 5058 terra
795 5005 935 5060 bello
980 5013 1320 5075 exspectato,
1366 5019 1543 5074 neque
1593 5005 1649 5059 in
1691 5006 1903 5073 aliena;
1941 5009 2037 5061 sed

463 5095 621 5161 pauci
653 5098 797 5164 s'unt,
832 5096 977 5167 iique
1001 5107 1266 5167 quantum
1306 5095 1420 5151 fieri
1449 5103 1628 5165 potest
1661 5096 1886 5151 firmiter
1917 5115 2040 5152 mu-

460 5187 581 5241 niti.

532 5279 586 5333 5.
629 5277 878 5335 Totidem
903 5287 1084 5334 autem
1117 5281 1376 5342 retineas,
1412 5288 1545 5349 quot
1569 5280 1636 5332 ad
1661 5280 1874 5350 singula
1911 5297 2039 5334 enn-

459 5369 714 5424 tubernia
766 5370 1202 5424 administranda
1261 5379 1316 5424 ct
1364 5370 1612 5438 jumenta
1684 5371 2039 5439 gubernanda

460 5462 598 5518 satis
633 5462 770 5519 sint.
813 5462 870 5516 ld
923 5463 1016 5516 lict
1050 5471 1162 5514 tum
1215 5463 1280 5515 ad
1327 5463 1641 5515 varietatem
1687 5462 1904 5514 illorum
1945 5478 2040 5515 c0-

463 5553 860 5622 gnosccndam,
899 5561 1013 5605 tum
1046 5550 1114 5606 ad
1157 5551 1396 5607 acierum
1424 5550 1694 5604 rationem
1735 5549 2041 5619 percipien-

2121 625 2341 690 πλάτος,
2371 629 2427 678 ὲν
2454 627 2805 697 άραιοτέραις
2835 627 2934 695 μὲν
2967 627 3105 679 κατὰ
3144 625 3204 678 τὸ
3255 625 3456 688 πλάτος
3486 627 3695 692 ἁκίαις,

2123 715 2442 784 βαθυτέραις
2469 717 2525 768 δὲ
2551 716 2690 768 κατά
2720 717 2779 768 τὸ
2810 719 3007 786 πάχος.

2190 803 2290 874 οη’.
2319 806 2558 857 Γίνωτκε
2597 807 2672 869 δε,
2726 808 2808 859 ὅτι
2848 809 2904 857 ὲν
2943 808 3063 869 ταῖς
3100 806 3346 869 δασείαις
3379 806 3532 867 ὕλαις
3579 807 3698 877 (58)

2119 899 2165 949 oi
2197 899 2259 948 ὲκ
2289 897 2468 966 χειρὸς
2485 897 2860 961 ἀκοντίζοντες
2901 897 2988 949 διὰ
3019 897 3314 967 ρικταρίων
3344 898 3376 968 ἢ
3413 899 3700 966 μεναύλων

2120 986 2536 1056 άναγκαιότεροί
2571 987 2676 1039 είσι
2707 987 2929 1039 καὶτῶν
2963 988 3193 1051 τοξοτῶν
3224 988 3317 1042 καὶ
3373 988 3482 1040 τῶν
3535 1005 3702 1058 σφεν-

2121 1080 2397 1134 acuta-.6»).
2433 1079 2533 1132 Διὰ
2586 1080 2741 1133 τοῦτο
2776 1081 2986 1150 πρέπον
3015 1082 3131 1133 ἐστὶ
3163 1082 3289 1140 τοὺς
3324 1081 3553 1144 πολλοὺς
3589 1082 3702 1134 τῶν

2120 1172 2289 1240 ψιλῶν
2320 1174 2397 1235 είς
2426 1172 2682 1242 ρικτάρια
2711 1173 2805 1225 καὶ
2833 1174 3056 1226 ἀκόντια
3080 1173 3144 1224 ἐκ
3185 1172 3369 1242 χειρὸς
3393 1172 3701 1242 βαλλόμενα

2123 1263 2524 1333 γυμνάζεσθαι.

2192 1355 2288 1408 00'.
2325 1355 2389 1410 Οί
2423 1355 2480 1407 δὲ
2532 1355 2746 1419 τοξόται
2804 1355 3092 1422 ἀναγκαῖοί
3136 1355 3243 1412 εἰσι
3291 1359 3356 1427 τῇ
3395 1357 3702 1427 παρατάξει

2127 1446 2326 1514 μᾶλλον
2351 1446 2782 1517 ὑποτασσόμενοι
2809 1447 2904 1502 καὶ
2931 1448 3008 1510 εἰς
3026 1449 3246 1516 τραχεῖς
3292 1448 3387 1500 καὶ
3447 1449 3526 1510 είς
3565 1465 3703 1519 κρη-

2126 1537 2354 1607 μνώδεις
2388 1539 2479 1592 καὶ
2509 1540 2585 1600 είς
2619 1539 2835 1600 στενοὺς
2877 1538 2969 1590 καὶ
3002 1538 3242 1606 γυμνοὺς
3271 1538 3496 1601 τόπους.

2197 1630 2269 1685 π’.
2319 1630 2383 1683 Οἱ
2423 1630 2606 1701 μέντοι
2656 1630 2971 1683 ἀκοντισταὶ
3010 1631 3104 1682 καὶ
3133 1627 3332 1692 ἔξωθεν
3365 1629 3466 1698 τῆς
3524 1646 3702 1698 παρα-

2124 1721 2326 1786 τάξεως
2355 1723 2434 1783 εἰς
2461 1721 2556 1784 τὰς
2581 1721 2712 1784 ὕλας
2735 1721 2832 1783 τάς
2861 1719 3082 1781 δασείας
3125 1720 3359 1789 μάλιστα
3413 1721 3703 1788 ἀναγκαῖοί

2125 1809 2281 1862 εἰσιν.
2321 1806 2570 1862 Τοσαῦτα
2608 1809 2704 1878 μὲν
2734 1804 2826 1862 οὖν
2848 1807 2942 1860 καὶ
2978 1808 3034 1860 ἐν
3069 1809 3187 1871 ταῖς
3213 1809 3543 1879 ὁδοιπορίαις
3594 1827 3703 1863 πα-

2127 1898 2489 1968 ραφυλάττειν
2507 1916 2564 1952 σε
2592 1900 2910 1966 ἀναγκαῖον,
2946 1893 2990 1952 ὦ
3019 1900 3313 1969 στρατηγέ.

2197 1985 2307 2041 ποιῇ
2335 1987 2468 2056 Πρὶν
2494 1987 2526 2058 ἦ
2558 1988 2616 2043 ,δὲ
2651 1986 2858 2049 πάντας
2886 1984 3230 2054 ἀπληκεῦσαι
3259 1987 3360 2056 τὴν
3387 1987 3706 2058 παράταξιν

2127 2080 2396 2150 μηδέποτε
2434 2080 2637 2143 διάλυε,
2671 2081 2807 2149 μήτε
2845 2080 2937 2132 ἐπὶ
2968 2078 3142 2147 πεζῆς
3197 2080 3504 2150 στρατείας,
3565 2082 3705 2150 μήτε

2125 2173 2213 2225 ἐπὶ
2240 2171 2670 2240 καϐαλλαρικῆς,
2704 2161 2807 2234 ἕως
2834 2169 2900 2223 ἂν
2923 2169 3017 2222 καὶ
3041 2169 3101 2221 τὸ
3132 2170 3400 2236 φοσσάτον
3424 2171 3703 2243 ὀχυρωθῇ,

2125 2263 2218 2316 καὶ
2251 2261 2307 2316 αἱ
2331 2259 2508 2330 βίγλαι
2531 2259 2842 2326 ἐξὲλθωσιν.

2195 2354 2306 2421 πβ’.
2341 2352 2552 2404 Εἰδέναι
2578 2351 2633 2404 δὲ
2674 2353 2883 2416 πάντας
2937 2353 3284 2424 προστάξεις,
3316 2353 3403 2406 ἵνα
3429 2354 3492 2422 τῇ
3549 2353 3702 2422 φωνῇ

2125 2447 2219 2501 τοῦ
2287 2446 2428 2500 κατὰ
2482 2443 2769 2514 συνήθειαν
2823 2444 3072 2514 βουκίνου
3136 2445 3495 2516 γνωρίζοντες
3572 2445 3704 2496 αὐτὸ

2127 2540 2392 2604 ἵστανται,
2415 2537 2510 2590 καὶ
2536 2537 2694 2590 πάλιν
2720 2539 2785 2606 τῇ
2816 2537 3036 2607 συνήθει
3071 2536 3184 2608 (59)
3221 2539 3370 2607 φωνῇ
3397 2535 3491 2588 τοῦ
3512 2535 3702 2605 ἑτέρου

2128 2630 2380 2701 βουκίνου
2401 2667 2416 2692 ,
2457 2629 2626 2700 ἤγουν
2653 2627 2746 2682 τοῦ
2784 2629 3082 2700 κινήματος
3123 2630 3370 2683 κινῶσιν.
3396 2627 3581 2690 Οὕτως
3610 2627 3703 2682 οὖν

2126 2723 2259 2793 ἡμῖν
2289 2720 2774 2789 διατετυπωμένων
2802 2720 2910 2774 τῶν
2953 2722 3081 2792 περὶ
3112 2721 3416 2791 ὁδοιπορίας
3447 2721 3702 2788 στρατοῦ,

2127 2814 2326 2883 ἐφεξῆς
2350 2830 2430 2866 σοι
2457 2813 2551 2867 καὶ
2583 2813 2676 2868 τὸν
2696 2813 2826 2885 περὶ
2859 2813 2952 2867 τοῦ
2983 2814 3282 2886 λεγομένου
3339 2811 3560 2865 τούλδου
3589 2811 3704 2864 δια-

2128 2905 2418 2978 ταξώμεθα
2456 2905 2646 2961 τύπον.

2723 2998 3035 3053 ΔΙΑΤΑΞῘΣ
3073 2997 3131 3053 l'.

2436 3091 2577 3161 Περὶ
2612 3091 2716 3144 τοῦ
2745 3089 3075 3160 λεγομένου
3108 3087 3392 3144 τούλδου.

2201 3182 2271 3237 α’.
2311 3184 2403 3236 Δεῖ
2431 3179 2524 3236 οὖν
2555 3182 2764 3238 καὶτοῦ
2797 3181 3016 3236 τούλδου
3039 3179 3357 3248 ἀναγκαίως
3393 3194 3452 3230 σε
3486 3175 3706 3247 φροντί-

2129 3278 2263 3342 ζειν,
2316 3277 2410 3331 καὶ
2457 3276 2533 3346 μὴ
2576 3275 2650 3338 ὡς
2696 3274 2854 3342 ἔτυχε
2901 3272 3333 3341 καταλιμπάνειν
3388 3271 3542 3338 αὐτὸ,
3589 3269 3707 3327 ἀλλ’

2127 3367 2522 3437 ἀσφαλίζεσθαι
2558 3368 2690 3420 ὅπου
2721 3366 2787 3419 ἂν
2818 3364 3174 3434 καταλειφθῇ.

2201 3547 2265 3618 β’.
2286 3547 2438 3618 Μηδὲ
2468 3547 2630 3601 πάλιν
2677 3545 3030 3616 ἀπρονοήτως
3074 3542 3433 3614 ἐπιφέρεσθαι
3468 3543 3600 3596 αὐτὸ
3652 3544 3714 3595 ὲν

2127 3640 2193 3709 τῇ
2221 3637 2406 3708 μάχῃ·
2463 3636 2752 3708 συμϐαίνει
2802 3637 2909 3708 γάρ
2961 3636 3057 3690 καὶ
3116 3634 3448 3704 παλλικάρια
3485 3631 3624 3686 εῖναι
3655 3637 3716 3687 ὲν

2130 3727 2278 3798 αὐτῷ
2301 3728 2545 3799 χρήσιμα
2575 3729 2690 3790 τοῖς
2724 3726 3110 3799 στρατιώταις,
3139 3728 3234 3779 καὶ
3295 3727 3483 3790 τέκνα,
3517 3725 3549 3795 ἢ
3582 3741 3719 3792 συγ-

2130 3821 2309 3887 γενείς
2345 3818 2545 3872 αὐτῶν.
2600 3818 2711 3873 Καὶ
2765 3819 2815 3871 εί
2867 3819 2942 3890 μὴ
2977 3821 3036 3873 ὲν
3099 3817 3370 3886 ἀσφαλείᾳ.
3429 3818 3714 3885 τυγχάνει,

2139 3909 2219 3981 τῷ
2257 3908 2628 3979 περισπασμῷ
2678 3908 2843 3963 αὐτοῦ
2883 3911 2935 3963 οἱ
2998 3908 3326 3979 στρατιῶται
3373 3907 3716 3977 συνεχόμενοι

2131 3999 2422 4071 ἀμφίϐολοι
2467 4001 2560 4053 καὶ
2589 4000 2935 4071 μεριζόμενοι
2983 4000 3080 4065 τὰς
3109 4000 3331 4070 γνώμας
3363 4001 3421 4052 ἐν
3454 4001 3569 4062 ταῖς
3603 3999 3717 4069 μά-

2131 4108 2256 4162 χαις
2281 4090 2538 4157 γίνονται.

2207 4181 2415 4252 γ’.Καὶ
2439 4184 2548 4254 γὰρ
2599 4184 2816 4256 ἑκάστῳ
2846 4183 3053 4254 συνετῷ
3103 4183 3261 4254 ἀνδρὶ
3317 4182 3523 4251 σπουδή
3574 4183 3718 4245 ἐστι,

2133 4275 2297 4347 χωρἰς
2353 4275 2488 4339 ἰδίας
2521 4275 2724 4347 βλάϐης
2751 4277 2820 4330 τά
2876 4276 2973 4330 τοῦ
3009 4275 3203 4346 ἐχθροῦ
3253 4275 3538 4352 κερδῆσαι.
3591 4274 3724 4326 Ἐὰν

2132 4369 2188 4422 δὲ
2209 4368 2414 4422 οἰκείαν
2439 4368 2706 4440 ὑφορᾶται
2736 4369 2964 4441 βλάϐην,
2991 4369 3025 4442 ἢ
3057 4369 3343 4438 ἀπέχεται,
3399 4366 3432 4437 ἢ
3485 4364 3726 4437 ὀκνηρά’

2137 4476 2296 4530 τερος
2325 4459 2558 4527 γίνεται.

2208 4634 2270 4690 δ’.
2309 4635 2419 4690 Καὶ
2455 4634 2825 4707 πρωτοτύπως
2853 4633 2952 4704 μὲν
2985 4633 3422 4702 συνεπαγομένου
3447 4631 3540 4686 τοῦ
3565 4632 3726 4684 τούλο

2133 4726 2246 4790 δου,
2272 4727 2364 4780 καὶ
2393 4727 2666 4796 συμϐολῆς
2693 4725 2960 4796 δημοσίας
2987 4723 3470 4798 προσδοκωμένης,
3513 4724 3722 4793 πλῆθος

2136 4819 2240 4872 τῶν
2261 4817 2569 4887 λεγομένων
2591 4818 2982 4886 παλλικαρίων,
3015 4818 3183 4887 ἤγουν
3222 4814 3329 4868 τῶν
3359 4815 3720 4872 δουλευόντων

2133 4912 2246 4972 τοῖς
2279 4927 2337 4961 τε
2359 4909 2585 4979 ἄρχουσι
2609 4911 2826 4972 καὶτοῖς
2854 4907 3243 4978 στρατιώταις,
3267 4906 3627 4976 ἐπιφέρεσθαι
3654 4906 3717 4960 οὐ

2141 5003 2600 5072 συμϐουλεύομεν,
2655 4999 2780 5054 οὔτε
2811 5001 2868 5054 ὲν
2900 5004 2964 5072 τῇ
3004 5001 3108 5072 ἰδία
3123 4998 3376 5072 γῇιὴμῶν
3405 4999 3504 5068 τῆς
3538 4999 3721 5068 μάχης

2137 5093 2525 5163 ἐλπιζομένης,
2583 5090 2708 5144 οὔτε
2762 5093 2819 5142 ἐν
2875 5094 2941 5161 τῇ
3001 5091 3259 5162 ἀλλοτρίᾳ
3307 5090 3720 5161 ἐπερχομένων,

2139 5182 2276 5236 ἀλλὰ
2331 5183 2680 5253 συμμέτρους
2737 5177 2875 5235 εἶναι
2909 5183 3156 5246 καὶτοὺς
3187 5184 3244 5233 ἐν
3275 5182 3499 5251 δυνάμει
3532 5180 3721 5242 ὄντας.

2210 5271 2272 5326 ε’.
2298 5273 2596 5336 Τοσούτους
2623 5273 2703 5338 δὲ,
2728 5275 2895 5346 ἤγουν
2918 5275 3046 5337 τοὺς
3078 5273 3479 5343 ἐπαρκοῦντας,
3505 5270 3646 5324 κατὰ
3665 5270 3725 5322 τδ

2142 5365 2528 5436 κοντουϐἐρνια
2557 5367 2898 5436 ἀντέχεσθαι,
2934 5367 3025 5421 καὶ
3059 5368 3278 5420 διοικεῖν
3323 5365 3392 5422 τὰ
3415 5364 3586 5431 ἄλογα
3619 5360 3721 5416 αὖ·

2145 5457 2252 5511 τῶν
2283 5458 2419 5528 πρὸς
2439 5458 2534 5529 τὴν
2559 5459 2820 5531 διαφοράν
2847 5462 2943 5516 καὶ
2959 5459 3059 5530 τὴν
3091 5459 3352 5530 ποιότητα
3374 5458 3470 5512 καὶ
3494 5455 3726 5524 διάγνω-

2149 5567 2233 5604 σιν
2258 5550 2364 5605 τῶν
2385 5553 2705 5623 ταγμάτων,
2735 5553 2854 5624 ἦτοι
2876 5553 2938 5608 τὸ
2970 5551 3174 5621 πλῆθος
3217 5553 3328 5609 τῶν
3369 5550 3579 5618 ἀλόγων
3600 5563 3613 5576 '
3637 5544 3728 5601 διὰ

1975 5659 2208 5718 NOTAE.

541 5753 652 5821 (58)
687 5754 818 5818 Ταῖς
872 5736 1143 5817 διῖσείτιις
1203 5755 1395 5818 ὕλαις.
1439 5752 1812 5814 Scribcltalur,
1863 5752 2028 5815 ταῖςὲ

2142 5774 2161 5805 v
2198 5751 2373 5816 ὕλαις.

543 5822 654 5890 (59)
688 5823 763 5888 Τῇ
795 5825 1066 5893 συνήθει.
1095 5826 1468 5890 δριίὺςὺηιιιτ,
1500 5827 1565 5894 τῇ
1605 5823 1879 5894 συνηθείᾳ.
