4022 6492
323 461 433 529 789

1458 465 1794 525 TACTICA.
1834 437 1903 498 -έ
1938 461 2446 522 CONSTITUTIO
2470 463 2544 524 x.

3477 465 3588 527 790

318 583 383 637 τδ
415 578 492 654 μὴ
527 579 728 650 πολλὴν
755 579 953 650 φύρσω
985 578 1077 633 καὶ
1113 578 1359 650 δαπάνην
1384 581 1612 652 ἄκαιρον
1661 581 1754 634 καὶ
1795 597 1889 632 πε-

2012 580 2148 643 dam,
2187 594 2252 633 ne
2282 578 2532 647 jumenta
2564 576 2882 647 perturbate
2927 574 3160 631 confusa
3203 585 3457 645 sumptus
3495 583 3598 632 im-

319 672 630 747 ρισπασμὸν
660 669 932 739 γίνεσθαι.

387 771 465 828 ς’.
493 763 730 826 Τούτους
764 763 820 815 δὲ
857 764 915 813 ἐν
963 762 1041 833 τῷ
1094 763 1271 834 καιρῷ
1301 763 1402 834 τῆς
1467 762 1666 836 μάχης,
1704 763 1753 816 εί
1801 762 1901 832 μὲν

316 855 533 908 σύνεστι
565 854 790 919 πεζικὸς
834 855 1088 925 στρατὸς,
1120 855 1361 926 δηλονότι
1401 857 1497 909 σὺν
1529 856 1704 926 αὐτῷ.
1764 853 1903 924 μετὰ

312 947 421 1000 τῶν
446 948 538 999 ἐπὶ
570 946 745 1016 τούτῳ
784 945 1192 1016 ἀφοριζομένων
1224 947 1654 1018 καταλιμπάνειν
1682 947 1898 1013 αὐτοὺς,

312 1038 422 1090 εἴτε
453 1039 511 1090 ἐν
531 1041 597 1106 τῇ
633 1037 761 1106 ἰδίᾳ,
801 1037 913 1089 εἴτε
943 1038 1000 1088 ἐν
1057 1041 1124 1108 τῇ
1154 1038 1407 1110 ἀλλοτρίᾳ
1453 1040 1480 1091 ὁ
1519 1038 1754 1108 πόλεμος
1779 1036 1900 1108 κρί-

311 1145 482 1180 νεται.
519 1128 804 1196 Ἀσφαλῶς
827 1126 883 1179 δὲ
917 1129 1116 1193 αὐτοὺς
1149 1125 1288 1183 εἶναι
1315 1133 1371 1183 ὲν
1401 1130 1478 1200 τῷ
1501 1132 1776 1200 φοσσάτῳ,
1802 1147 1900 1186 κα-

310 1220 414 1283 θὼς
442 1222 497 1280 ἐν
519 1219 595 1289 τῷ
615 1219 744 1292 περὶ
779 1219 1081 1291 ἀπλήκτων
1104 1219 1420 1292 δηλώσομεν
1457 1237 1540 1274 σοι
1564 1220 1736 1291 τόπῳ.

380 1386 446 1450 ζ’.
482 1387 594 1440 Καὶ
649 1388 788 1443 αὐτὰ
831 1389 887 1444 δὲ
937 1391 1006 1444 τὰ
1057 1391 1372 1463 σαγμάρια,
1414 1393 1508 1445 καὶ
1554 1392 1656 1462 τὴν
1705 1391 1900 1463 λοιπὴν

307 1478 641 1550 ἀποσκευὴν,
703 1482 845 1551 ἅπερ
883 1481 1128 1536 καλεῖται
1158 1483 1464 1554 ἀδέστρατα
1496 1485 1608 1557 (60)
1638 1485 1778 1555 μετά
1802 1486 1896 1539 τοῦ

305 1567 526 1623 τούλδου
556 1572 1006 1642 καταλιμπάνειν.

383 1666 455 1731 η’.
490 1661 598 1713 Καὶ
641 1663 700 1715 ἐν
727 1662 826 1733 μὲν
856 1665 969 1727 τοῖς
1017 1665 1272 1736 κούρσοις
1304 1665 1438 1738 (61),
1469 1668 1503 1738 ἢ
1539 1671 1660 1732 ταῖς
1708 1670 1898 1734 ἄλλαις

305 1753 539 1820 ἐφόδοις,
567 1752 710 1823 ἔχειν
745 1755 882 1810 αύτά
908 1755 1035 1820 τοὺς
1070 1757 1416 1829 στρατιώτας
1439 1759 1579 1829 τάχα
1609 1761 1703 1814 καὶ
1734 1762 1896 1832 μέχρι

303 1845 399 1897 καὶ
429 1844 600 1914 αὐτῆς
615 1847 714 1914 τῆς
745 1845 962 1916 ἡμέρας
984 1847 1083 1916 τῆς
1113 1847 1390 1920 συμϐολῆς
1417 1851 1781 1920 πεφραγμένα
1803 1854 1894 1905 καὶ

301 1939 365 1989 ὲν
390 1936 636 2008 δυνάμει.

376 2027 444 2084 θ’.
487 2029 574 2083 Ἐν
600 2029 736 2101 αὐτῇ
761 2031 818 2084 δὲ
847 2034 912 2102 τῇ
940 2032 1185 2103 συμϐολῇ
1217 2035 1384 2103 ἐγγὺς
1414 2034 1564 2106 ἔχειν
1591 2037 1687 2107 τῆς
1717 2054 1892 2107 παρα-

299 2119 510 2185 τάξεως
532 2119 858 2192 ἀδὲστρατον
887 2124 1005 2194 (62).
1026 2124 1126 2187 οὐκ
1145 2126 1444 2193 ἀναγκαῖον
1479 2127 1735 2198 κρίνομεν
1750 2127 1888 2202 (65),

301 2206 420 2259 ἀλλ’
474 2207 534 2258 ἐν
593 2207 672 2278 τῷ
725 2211 980 2282 φοσσάτῳ
1039 2215 1568 2284 καταλιμπάνεσθαι.
1621 2217 1731 2270 Καὶ
1780 2217 1891 2288 γὰρ

303 2297 594 2367 συμϐαίνει
624 2299 912 2366 πολλάκις,
959 2304 1055 2356 καὶ
1104 2309 1352 2376 ταραχῆς
1391 2308 1684 2380 γινομένης
1731 2309 1888 2362 εὐκό-

300 2387 409 2451 λως
442 2391 878 2461 παραπίπτουσι,
907 2393 995 2447 διά
1024 2395 1084 2448 τὸ
1105 2395 1216 2468 (61)
1248 2399 1352 2451 ὑπὸ
1381 2399 1594 2470 μικρῶν
1617 2400 1890 2455 παλλικα-

303 2480 438 2550 ρίων
465 2483 802 2552 κρατεῖσθαι.

378 2577 430 2626 ι’.
463 2574 528 2627 El
573 2574 629 2630 δὲ
661 2574 882 2630 σύνεστι
931 2578 1156 2642 πεζικδς
1207 2581 1458 2652 στρατὸς,
1517 2583 1566 2635 εί
1601 2583 1700 2652 μὲν
1731 2585 1787 2638 ὲν
1818 2585 1886 2655 τῇ

303 2663 412 2737 ἰδίᾳ
427 2665 602 2738 χώρᾳ,
625 2669 661 2739 ἢ
692 2670 750 2724 ὲν
775 2670 959 2734 αὐτοῖς
989 2674 1101 2735 τοῖς
1134 2672 1412 2744 μεθορίοις
1438 2675 1764 2746 ἀμφοτέρων
1781 2676 1887 2729 τῶν

297 2773 418 2826 χωρ
438 2757 497 2810 ἰν
530 2759 627 2829 τῆς
652 2776 713 2811 τε
743 2761 1018 2832 ἡμετέρας
1037 2763 1129 2816 καὶ
1151 2764 1248 2832 τῆς
1297 2765 1562 2835 πολεμίας
1586 2767 1887 2836 προσδοκᾶ-

297 2864 391 2900 ται
419 2849 451 2918 ἡ
483 2852 631 2921 μάχη
660 2850 864 2915 εὐθέως
885 2853 1155 2920 γενεσθαι,
1177 2855 1395 2909 καὶούκ
1426 2856 1540 2928 ἔχει
1571 2858 1884 2928 ὑπέρθεσιν,

297 2939 420 2992 τότε
443 2942 502 2992 ὲν
525 2940 707 3012 ὀχυρῷ
739 2943 908 3013 τόπῳ,
939 2943 1070 2998 ἔνθα
1102 2946 1197 2998 καὶ
1243 2945 1437 3015 βοσκαὶ
1462 2949 1555 3000 καὶ
1589 2946 1759 3002 ὕδατα
1791 2951 1889 3018 ἁρ-

299 3029 502 3085 κοῦντα
522 3033 888 3102 εὑρίσκονται,
915 3034 990 3098 ὡς
1005 3037 1113 3088 ἀπὸ
1130 3037 1426 3106 τριάκοντα
1451 3039 1547 3091 καὶ
1575 3041 1885 3108 πεντήκονς

294 3139 368 3174 τα
413 3123 608 3193 μιλίων
648 3125 1085 3195 καταλιμπάνειν
1119 3128 1210 3181 τὸν
1237 3127 1560 3200 πλίονα(65)
1586 3131 1680 3184 καὶ
1709 3130 1885 3201 ἄχρη-

1921 1917 1968 1976 Β

2004 678 2272 742 portunos
2302 678 2357 724 et
2388 668 2831 739 perturbationes
2860 667 3042 722 varias
3069 665 3318 720 ail'erant.

2075 763 2130 816 6.
2189 761 2301 815 Hos
2365 770 2616 830 tempore
2659 759 2864 830 praelii,
2900 759 2944 813 si
2993 758 3262 827 pedestris
3299 759 3446 815 acies
3485 777 3592 817 non

2003 855 2267 917 adfuerit,
2297 867 2362 908 ac
2402 854 2666 922 reliquos,
2695 852 2788 920 qui
2828 851 2894 905 ad
2929 852 3062 906 tuldi
3109 854 3419 907 custodiam
3455 869 3584 907 emt-

2003 946 2332 1006 stituuntur,
2381 958 2506 997 eum
2562 957 2623 996 ea
2677 950 2894 1010 oportet
2961 941 3314 1012 relinquere,
3375 943 3492 996 sive
3539 947 3590 996 iu

2004 1049 2126 1098 sua,
2174 1033 2290 1087 sive
2323 1032 2378 1085 in
2409 1031 2588 1084 aliena
2634 1039 2778 1086 terra
2825 1031 3027 1085 bellum
3079 1041 3321 1101 geratur.
3356 1031 3588 1086 Tutissi-

2003 1139 2152 1179 mum
2184 1132 2365 1179 autem
2412 1131 2497 1179 est
2540 1123 2642 1179 hos
2679 1125 2734 1178 in
2777 1123 2921 1178 bello
2955 1137 3099 1186 esse,
3129 1125 3602 1191 quemadmodum.

2002 1224 2194 1286 postea
2244 1215 2516 1280 dicemus,
2572 1215 2665 1269 ubi
2715 1215 2784 1269 de
2841 1215 3069 1284 aplicto,
3105 1215 3159 1270 id
3203 1225 3306 1280 est,
3367 1218 3590 1281 castris,

2002 1307 2166 1361 verba
2199 1304 2453 1360 facimus.

2076 1397 2128 1452 '7.
2170 1396 2287 1466 Ipsa
2326 1407 2507 1451 autem
2548 1396 2849 1466 sagmaria,
2885 1395 2939 1450 id
2982 1404 3066 1450 est
3107 1438 3120 1462 ,
3151 1397 3425 1457 sarcinas,
3464 1398 3594 1450 relic

2000 1504 2252 1560 quosque
2274 1496 2594 1558 apparatus,
2618 1502 2742 1558 qua:
2762 1488 3026 1546 andresta
3057 1497 3280 1551 vocant,
3317 1503 3442 1541 cum
3474 1489 3594 1557 ipso

2001 1582 2150 1636 tuldo
2185 1581 2484 1651 relinques.

2071 1675 2124 1730 8.
2171 1676 2227 1727 In
2259 1672 2672 1727 incursionibus
2713 1672 2832 1727 haec
2865 1678 3085 1725 teneant
3122 1685 3311 1725 secum
3361 1673 3589 1736 milites,

2003 1779 2057 1821 et
2113 1781 2288 1835 usque
2323 1764 2391 1818 ad
2437 1764 2579 1818 diem
2621 1764 2802 1833 ipsum
2849 1763 2976 1817 belli
3027 1764 3406 1818 committendi
3454 1763 3593 1820 bene

1999 1862 2210 1913 munita
2246 1857 2484 1912 habeant
2508 1871 2571 1910 ac
2611 1856 2892 1910 roborata.

2067 2037 2122 2091 9.
2167 2036 2288 2104 Ipso
2333 2032 2766 2088 conﬂictationis
2811 2041 3058 2102 tempore
3128 2033 3482 2096 andrcslum,
3531 2029 3588 2087 id

1995 2137 2098 2193 est,
2150 2136 2470 2197 apparatum
2508 2139 2678 2196 prope
2704 2123 2909 2179 habere
2950 2125 3178 2177 minime
3211 2124 3588 2179 necessarium

1994 2231 2116 2282 est,
2154 2219 2250 2274 sed
2280 2218 2334 2271 in
2389 2215 2600 2271 fossato
2654 2215 2772 2270 sive
2811 2216 3012 2269 castris
3052 2215 3425 2284 relinquatur.
3452 2213 3589 2268 Per-

1992 2325 2136 2379 smpe
2164 2308 2314 2362 enim
2342 2306 2580 2362 tumultu
2605 2306 2792 2376 aliquo
2826 2305 2992 2370 facto,
3027 2307 3229 2360 animis
3259 2306 3584 2372 concidunt,

1993 2404 2039 2460 si
2087 2417 2259 2472 pauca
2300 2399 2602 2471 paliearia,
2660 2399 2714 2454 id
2765 2406 2871 2466 est,
2914 2400 3075 2469 pauci
3115 2414 3183 2454 ex
3239 2398 3585 2453 administris

1991 2497 2136 2566 capti
2171 2493 2395 2548 fuerint.

2069 2587 2156 2640 10.
2193 2585 2290 2639 Sin
2342 2584 2616 2656 pedestris
2642 2583 2792 2640 acies
2838 2582 3081 2638 adfuerit
3120 2582 3238 2637 sive
3271 2582 3326 2636 in
3359 2583 3588 2649 regione

1993 2688 2109 2743 tua,
2145 2679 2263 2734 sive
2309 2677 2366 2731 in
2409 2674 2832 2744 intercapedine
2869 2673 3014 2727 inter
3050 2684 3197 2727 tuam
3239 2682 3296 2726 et
3327 2672 3583 2726 hostilem

1992 2782 2216 2831 terram,
2240 2769 2330 2822 ubi
2359 2767 2563 2821 bellum
2592 2766 2710 2821 sine
2728 2765 2838 2819 ulla
2863 2764 3126 2818 dilatione
3171 2769 3267 2816 aut
3301 2762 3586 2818 intermis-

1991 2863 2146 2916 sione
2172 2859 2415 2914 futurum
2446 2867 2551 2921 est,
2575 2859 2638 2908 ad
2669 2857 2909 2925 aliquem
2936 2855 3152 2907 firmum
3187 2854 3393 2919 locum,
3413 2853 3506 2908 ubi
3529 2863 3586 2909 et

1989 2955 2272 3026 pastiones
2303 2960 2358 3006 et
2387 2965 2543 3020 aqua:
2578 2951 2778 3003 futurae
2812 2955 2965 3012 sunt,
3007 2948 3236 3018 triginta
3291 2955 3387 3000 aut
3419 2947 3583 3016 quin-

1989 3045 2250 3117 quaginta
2273 3042 2518 3097 millibus
2551 3041 2619 3095 ab
2649 3055 2714 3095 eo
2739 3041 2860 3094 loco
2896 3038 3092 3093 inutile
3138 3037 3352 3091 tuldum
3395 3046 3452 3093 et
3491 3052 3584 3092 su-

1989 3135 2258 3208 perﬂuum
2290 3133 2610 3204 relinquito,
2645 3140 2698 3187 et
2726 3144 3138 3201 supervacanea
3175 3129 3423 3199 iumenta
3492 3143 3582 3184 rc-

298 3213 706 3268 στοπθτοῦλδον·
749 3215 846 3306 καὶ
890 3217 960 3269 τὰ
996 3217 1231 3288 περισσά
1262 3218 1433 3288 ἄλογα
1481 3220 1575 3273 καὶ
1629 3221 1886 3291 ἐργαλεῖα

2012 3232 2250 3298 iquaque
2292 3241 2470 3290 arma,
2496 3239 2618 3296 qua:
2669 3223 2790 3294 ipso
2827 3221 2956 3278 belli
3001 3228 3251 3292 tempore
3275 3221 3432 3275 utilia
3467 3235 3579 3277 non

295 3303 398 3355 καί
417 3305 581 3390 ξτερα
619 3305 756 3372 εἴδη,
787 3298 863 3360 ὧν
892 3307 1051 3378 χρεία
1075 3309 1176 3360 οὐκ
1203 3307 1326 3360 ἔστι
1381 3309 1520 3363 κατά
1543 3310 1643 3378 τὴν
1672 3310 1885 3382 ἡμέραν

294 3392 393 3446 τοῦ
427 3394 687 3466 πολέμου.

380 3495 468 3544 ια’.
513 3489 765 3561 ’Λφὸριζε
798 3490 854 3544 δὲ
887 3491 982 3544 καί
1014 3508 1168 3556 τινας
1193 3495 1249 3545 ὲν
1271 3491 1348 3564 τῷ
1391 3494 1541 3566 μέσῳ
1558 3493 1884 3566 διαστήματι

294 3577 395 3632 τοῦ
425 3597 485 3633 τε
513 3579 734 3633 τούλδου
761 3582 854 3634 καὶ
878 3583 976 3652 τῆς
1013 3583 1195 3653 μάχης
1228 3584 1606 3655 ἐγνωσμένους
1633 3587 1767 3640 πᾶσι
1792 3586 1886 3638 καὶ

300 3671 384 3741 μὴ
414 3674 684 3744 πονηροὺς
713 3674 807 3728 καὶ
831 3674 1069 3744 φαύλους
1114 3675 1457 3747 ἀνθρώπους,
1497 3679 1591 3730 καὶ
1613 3679 1888 3748 κατάστη-

298 3782 397 3818 σον
455 3767 652 3831 αὐτοὺς
707 3768 789 3832 εἰς
843 3767 1108 3822 διάστατα
1161 3768 1295 3839 (66),
1349 3769 1445 3823 καὶ
1480 3771 1758 3838 ὑπόδειξον
1793 3771 1884 3824 τό·

299 3874 439 3921 πους
483 3857 596 3930 (67)
641 3857 720 3930 τῷ
769 3859 992 3931 ἄρχοντι
1036 3860 1132 3913 τοῦ
1162 3860 1380 3913 τούλδου
1433 3861 1535 3932 (δεῖ
1590 3862 1696 3935 γὰρ
1753 3861 1886 3916 αὐτὸ

297 3950 522 4014 πάντως
570 3951 808 4022 ἄρχοντα
864 3950 998 4005 ἴδιον
1047 3951 1236 4022 ἔχειν),
1289 3952 1428 4006 ὥστε
1466 3953 1600 4024 πρὸς
1643 3953 1742 4023 τὴν
1791 3952 1886 4006 τοῦ

297 4044 545 4114 πολέμου
576 4044 802 4098 ἔκϐασιν
829 4043 1065 4113 ὀφείλειν
1091 4046 1286 4108 αὐτοὺς
1311 4045 1545 4116 μηνῦσαι
1568 4046 1681 4108 τοῖς
1715 4046 1773 4098 ἐν
1810 4045 1888 4117 τῷ

296 4136 531 4208 τούλδῳ,
560 4137 593 4210 ἢ
634 4142 817 4208 μεῖναι
846 4139 905 4191 ὲν
933 4135 1011 4207 τῷ
1040 4137 1188 4208 αύτῴ
1217 4137 1366 4208 τόπῳ
1383 4139 1440 4190 ἐν
1469 4129 1513 4204 ᾧ
1539 4136 1889 4206 καταλιμπά-

297 4245 506 4295 νονται,
537 4229 650 4299 ἢέν
675 4230 848 4301 ἑτέρῳ
878 4228 1134 4282 ἀπελθεῖν
1154 4229 1232 4300 τῷ
1265 4229 1510 4285 δοκοῦντι
1534 4230 1703 4298 τόπῳ,
1727 4228 1761 4300 ἦ
1795 4228 1888 4282 καὶ

297 4322 524 4391 ἐνέγκαι
543 4323 742 4386 αὐτοὺς
768 4322 907 4392 πρὸς
927 4321 1022 4375 τὸν
1050 4323 1300 4393 στρατόν.

379 4412 468 4484 ιβ’.
501 4414 600 4466 Ἐκ
637 4413 693 4466 δὲ
720 4413 814 4466 τοῦ
844 4413 1066 4467 τούλδου
1125 4413 1410 4479 κινοῦντας
1457 4414 1550 4470 ἐπὶ
1578 4416 1675 4488 τὴν
1708 4418 1888 4491 μάχην

301 4506 647 4578 παραλαϐεῖν
680 4505 750 4558 τά
779 4506 1089 4576 ἁδρέστατα
1119 4505 1232 4577 (68)
1263 4508 1432 4578 ἤγουν
1457 4509 1764 4580 σαγμάρια,
1795 4513 1888 4564 καὶ

1987 3328 2169 3384 erunt,
2197 3317 2383 3373 omnia
2419 3315 2700 3370 traduces.

2059 3495 2146 3548 11.
2187 3491 2462 3559 Quosdam
2490 3491 2544 3545 in
2579 3489 2765 3545 medio
2788 3486 3083 3543 intervallo
3121 3484 3256 3540 tuldi
3313 3495 3368 3541 et
3399 3487 3579 3556 prmlii

1989 3585 2310 3649 collocabis,
2349 3583 2600 3636 homines
2651 3589 2814 3636 notos
2841 3579 3121 3641 omnibus,
3155 3593 3334 3647 neque
3370 3579 3578 3633 obscu-

1990 3692 2107 3740 ros,
2156 3690 2334 3745 neque
2381 3673 2707 3738 sceleratos,
2765 3685 2975 3742 eosque
3029 3670 3084 3724 in
3116 3669 3300 3725 media
3347 3670 3436 3723 via
3495 3670 3580 3724 in-

1988 3781 2186 3826 strues.
2218 3768 2350 3822 llius
2397 3765 2656 3836 praefecto
2703 3765 2841 3819 tuldi
2887 3763 3128 3835 (semper
3158 3761 3308 3816 enim
3339 3761 3578 3830 peculia-

1990 3877 2102 3917 rem
2164 3859 2402 3929 aliquem
2450 3855 2768 3928 przel‘ectum
2806 3853 3012 3908 habere
3059 3852 3287 3914 debent)
3319 3850 3590 3906 ostendes.

1990 3952 2080 4022 qui
2119 3949 2252 4016 sint,
2283 3957 2344 4004 ut
2393 3948 2449 4002 in
2497 3946 2632 4002 belli
2657 3945 2808 4002 exitu
2862 3943 3164 4015 signiﬁcari
3209 3943 3289 3996 illi
3335 3942 3578 4012 possint,

1991 4055 2250 4099 utrumne
2288 4040 2622 4095 manendum
2688 4038 2744 4092 in
2781 4037 2876 4092 illo
2913 4038 3058 4100 loco,
3096 4050 3164 4089 an
3216 4034 3282 4089 ad
3333 4034 3583 4104 aliquem

1991 4133 2347 4190 munitiorem
2399 4131 2580 4186 locum
2637 4128 3070 4200 procedendum,
3129 4141 3197 4180 an
3261 4125 3445 4196 potius
3505 4125 3588 4180 at!

1991 4226 2293 4284 exercitum
2318 4221 2794 4294 commigrandum
2826 4219 2936 4276 illis
2975 4219 3069 4274 sit.

2064 4423 2154 4478 12.
2193 4419 2614 4475 Proficiscentes
2645 4417 2713 4472 ad
2747 4416 3002 4487 proelium
3043 4431 3071 4469 a
3117 4415 3268 4470 tuldo
3301 4417 3588 4486 sagmaria

1995 4516 2275 4580 auferant,
2305 4521 2361 4568 et
2390 4526 2636 4583 saginam
2673 4510 2969 4581 duplicem,
2996 4521 3090 4564 aut
3134 4511 3408 4580 duplicem
3457 4521 3586 4566 ten-~

303 4599 340 4669 ἢ
373 4599 564 4662 τέντας
597 4599 792 4662 διπλᾶς
822 4601 856 4670 ἢ
891 4600 1057 4669 σαγῐα
1103 4599 1270 4654 διπλᾶ
1302 4601 1386 4663 είς
1414 4601 1475 4654 τὸ
1531 4601 1630 4672 μὲν
1663 4601 1722 4656 ἓν
1761 4605 1886 4657 σκέ-

2012 4621 2132 4672 ,am,
2163 4605 2219 4659 id
2242 4611 2348 4669 est,
2388 4603 2587 4673 duplex
2621 4601 2942 4666 tentorium,
2969 4599 3199 4654 alterum
3229 4613 3327 4669 pro
3358 4600 3576 4669 integu-

301 4690 528 4756 πεσθαι,
557 4691 717 4762 εἴπερ
749 4693 908 4764 χρεία
944 4692 1188 4758 καλέσει,
1208 4691 1268 4746 τὸ
1293 4693 1352 4747 δὲ
1374 4693 1561 4764 ἕτερον
1591 4695 1670 4760 εἰς
1693 4696 1888 4750 τένταν

300 4782 420 4851 ἦτοι
452 4782 512 4835 τὸ
530 4781 825 4853 λεγόμενον
847 4783 1135 4856 καμάρδην
1162 4782 1326 4854 ἔχειν.

373 4881 463 4942 ιγ’.
503 4873 665 4925 Ἄ).λά
693 4876 784 4927 καὶ
808 4876 1054 4945 δαπάνην
1084 4875 1116 4945 ἢ
1160 4876 1503 4946 παξαματίου
1529 4919 1543 4942 ,
1580 4878 1612 4950 ἦ
1657 4877 1850 4932 πίστου
1873 4919 1888 4944 ,

303 4965 336 5035 ἦ
371 4965 530 5018 ἄλλου
556 4967 699 5028 τινὸς
731 4967 903 5030 εἴδους
921 4967 1158 5039 ἐλαφροῦ
1193 4969 1367 5026 εἴκοσι
1418 4970 1450 5039 ἢ
1485 4973 1890 5043 καὶτριάκοντα

299 5057 509 5129 λίτρας,
541 5060 634 5114 καὶ
656 5061 776 5114 τότε
807 5059 1150 5132 ἀπληκεῦσαι
1178 5061 1237 5114 ὲν
1271 5061 1346 5132 τῷ
1375 5064 1650 5135 φοσσάτῳ,
1679 5067 1735 5119 ἐν
1749 5059 1792 5133 ᾧ
1822 5065 1887 5120 ἂν

1993 4707 2201 4765 mento,
2237 4697 2282 4752 si
2327 4711 2461 4751 usus
2497 4693 2663 4760 ferat,
2701 4693 2932 4748 alterum
2968 4708 3067 4762 pro
3102 4701 3272 4756 tenta,
3316 4691 3431 4744 sire
3479 4705 3578 4745 ca-

1992 4791 2184 4844 marda
2218 4787 2475 4842 habeant.

2066 4883 2153 4936 1'5.
2196 4881 2550 4934 Commeatus
2584 4875 2916 4948 paxamadii,
2944 4873 3059 4929 sive
3087 4873 3338 4935 biseoeti,
3375 4878 3469 4925 ant
3503 4870 3583 4925 al»

1999 4972 2171 5025 terius
2200 4969 2527 5038 cujusquam
2558 4967 2825 5036 expedita:
2875 4963 2950 5017 rei
2985 4962 3189 5016 habeas
3237 4961 3425 5032 viginti
3479 4971 3576 5014 aut

2003 5063 2227 5132 triginta
2259 5060 2451 5126 libras,
2487 5069 2541 5114 et
2599 5068 2711 5111 tum
2773 5061 2953 5110 castra
3007 5069 3182 5126 ponas
3241 5067 3576 5123 quocunque

1819 5204 2054 5262 NOTAE.

374 5319 485 5390 (60)
525 5316 901 5390 ‘Adéatpqra.
928 5315 1232 5390 Legebatur
1253 5315 1720 5390 Aisepara._5pud
1741 5314 1883 5390 (ion-

306 5387 609 5443 stantinum
675 5388 959 5450 scribitur,
994 5387 1314 5456 διάστρατα.
1339 5387 1494 5456 Apud
1541 5387 1878 5451 Mauritium,

303 5461 630 5526 ἀδέστρατα,
662 5457 768 5511 Pro
799 5458 1207 5526 impedimentis
1231 5459 1373 5510 sumi
1405 5459 1545 5510 hanc
1569 5471 1755 5511 vocem
1775 5458 1884 5511 cla-

304 5545 426 5583 rum
453 5537 559 5592 est,
585 5529 678 5584 sed
711 5529 992 5599 ejusorigo
1018 5528 1273 5582 obscura.
1306 5527 1557 5597 Amplius
1590 5526 1888 5597 investige-

306 5611 448 5653 unus.

380 5668 492 5738 (61)
532 5667 641 5722 Καὶ
666 5667 736 5720 ἐν
773 5667 890 5738 μέξν
924 5666 1049 5731 τοῖς
1078 5666 1383 5738 κούρσοις.
1433 5665 1756 5738 Legebalttr,
1794 5682 1890 5735 με·

307 5735 494 5803 θόδοις,
529 5735 794 5798 κουόσοις.
829 5737 948 5791 Jam
1006 5736 1236 5806 κοῦρσα,
1267 5747 1394 5791 sunt
1425 5735 1637 5790 cursus.
1678 5735 1889 5790 Excur-

307 5810 510 5864 siuncs.
539 5807 671 5860 Vide
705 5806 1037 5860 Glossarium
1065 5817 1334 5860 nostrum.

373 5878 485 5949 (62)
541 5876 949 5946 Ἀδέστρατοιίκ
1005 5875 1375 5943 Scribebatnr,
1423 5875 1591 5939 ἀδεῶς
1635 5874 1884 5947 στρατόν.

1991 5314 2218 5390 Correxi
2253 5329 2291 5390 e_
2310 5308 2693 5390 codice'Regio
2715 5320 2780 5362 ac
2808 5305 3136 5390 ljistoriano.

2065 5385 2176 5455 (65)
2219 5387 2342 5439 Οὐκ
2370 5371 2705 5455 ἀναγκαῖον
2742 5378 3044 5448 κρίνομεν.
3072 5373 3447 5439 Scribebatur,
3471 5371 3572 5426 οὐκ

1991 5450 2307 5528 ἀναγκαίως
2339 5450 2669 5528 κρίνεσθαι.Δ
2734 5527 2739 5528 7
2869 5517 2892 5528 Α
2927 5516 2938 5528 ι
3014 5515 3040 5528 _

2062 5516 2171 5594 (64)
2205 5516 2307 5576 Διὰ
2340 5516 2427 5576 τό.
2448 5520 2838 5594 _Scribt_:ba_t_ur,
2866 5516 2952 5594 διὰ
2972 5516 3102 5594 τῷν.

2059 5586 2172 5665 (65)
2209 5595 2320 5646 Τὸν
2345 5592 2588 5665 gul/ora.
2621 5589 2834 5665 Scribe,
2867 5589 2935 5640 τὰ
2962 5586 3205 5665 πλείονα.

2060 5655 2173 5736 (66)
2208 5665 2308 5736 Εἰς
2336 5661 2649 5736 διάοίταςα.
2689 5658 2901 5736 Scribe,
2929 5655 3362 5736 εἰςάδέστρατα.

2059 5721 2171 5804 (67)
2203 5721 2311 5788 Καὶ
2335 5730 2660 5793 ὑπόδειξον
2685 5721 2932 5796 τόπους.
2992 5721 3214 5791 Scribe,
3237 5724 3331 5779 καὶ
3356 5721 3410 5778 ὐ.
3441 5721 3571 5776 ratio

1984 5821 2136 5858 τους.

2058 5857 2170 5943 (es)
2226 5872 2605 5942 Ἀδρέστατα.
2628 5871 2842 5938 Scribe,
2876 5867 3198 5940 ἀδέστρατα.
