4022 6436
447 371 552 439 791
1708 371 1981 430 LEONIS
2020 371 2476 435 PHILOSOPHI
3590 372 3695 439 792

449 486 687 542 volueris
729 485 868 549 loco,
905 492 960 540 et
1014 482 1241 549 fossato,
1285 482 1504 553 quando
1548 480 1613 535 ad
1659 479 2015 550 prteliandum

2125 481 2254 553 δόξῃ
2278 482 2524 551 γίνεσθαι
2551 482 2722 550 τόπῳ,
2750 480 2838 534 ὅτε
2868 480 3002 551 πρὸς
3031 482 3129 554 τὴν
3149 483 3257 538 τῶν
3280 484 3493 557 ἐχθρῶν
3515 486 3697 557 μάχην

449 596 573 632 cum
603 579 854 632 hostibus
884 577 1247 632 contendunt.

2124 573 2356 644 ἀποκινή
2364 591 2551 628 σωσιν.
3458 646 3463 651 ι

522 672 606 724 lt.
650 670 937 723 Fossatum
973 669 1052 722 vel
1088 668 1361 737 lapidum,
1393 671 1477 723 vel
1521 671 1752 733 laterum
1794 683 2011 742 aggere,

2197 665 2279 719 ιδ’.
2308 664 2480 717 Τοῦτο
2512 665 2568 719 δέ
2591 664 2654 718 τὸ
2684 664 2952 734 φοσσάτον
2982 665 3016 736 ἢ
3050 666 3158 720 ἀπὸ
3180 668 3471 740 οἰκοδομῆς
3507 666 3694 728 λίθων,

446 762 607 812 etiam
642 758 881 822 munias,
914 772 1229 827 quanquam
1261 756 1331 811 ad
1360 773 1529 812 unum
1560 758 1739 814 solum
1768 758 1909 813 diem
1941 756 2015 812 ibi

2123 756 2153 826 ἢ
2194 754 2453 823 πλίνθων,
2481 755 2781 827 ὀχυρῶσαι,
2812 755 2914 810 κᾶν
2956 756 3092 827 πρὸς
3129 757 3257 827 μίαν
3278 761 3488 829 ἡμέραν
3512 756 3695 828 συμόῇ

445 856 883 903 commoraturus
911 863 992 902 es.

2124 847 2306 917 μένειν
2340 848 2542 902 ἐκεῖσε.
3372 872 3403 903 ιι

422 928 461 1007 ξ,
515 938 601 991 15.
648 936 1090 1008 Unumquodque
1119 937 1385 1005 bandum,
1444 938 1496 992 id
1540 947 1646 1004 est,
1680 938 1903 1006 cohors,
1942 938 2015 995 fe-

2191 936 2271 991 te'.
2307 938 2578 991 ’Ἐκαστον
2611 937 2668 992 δέ
2699 937 2888 1008 βάνδον
2904 938 3256 992 ἀποτίθεσθαι
3282 938 3473 1008 χόρτον
3500 938 3532 1009 ἢ
3558 939 3699 1009 ἄχυ-

445 1045 574 1083 num
626 1041 719 1082 aut
751 1029 936 1099 paleas
968 1030 1131 1085 unius
1158 1030 1263 1084 diei
1294 1045 1480 1085 secum
1509 1029 1924 1094 circumferant,
1957 1040 2015 1085 ut

2123 1045 2215 1100 ρον
2246 1029 2374 1098 μιᾶς
2394 1027 2630 1099 ἡμέρας,
2660 1028 2748 1081 ἵνα
2774 1028 2888 1095 ἐὰν,
2922 1030 2999 1092 ὼς
3032 1030 3201 1092 είκδς,
3225 1029 3486 1093 ἐναντίως
3506 1032 3574 1085 τὰ
3598 1031 3703 1084 τοῦ

444 1123 512 1187 si,
556 1122 702 1190 quod
751 1138 854 1177 usu
899 1122 1086 1176 venire
1129 1131 1342 1191 potest,
1388 1122 1564 1191 aliqua
1608 1121 1841 1177 offensio
1887 1122 2012 1177 belli

2124 1119 2363 1188 πολέμου
2398 1119 2609 1190 ἐξέλθῃ,
2664 1120 2723 1172 ἐν
2777 1118 2855 1189 τῷ
2906 1120 3271 1190 ὑποστρέφειν
3314 1120 3404 1173 τὸν
3467 1121 3700 1192 στρατὸν

444 1212 748 1282 conlingat,
780 1212 823 1265 si
856 1210 939 1265 vel
978 1210 1049 1264 ibi
1092 1218 1466 1279 permaneant,
1499 1209 1696 1263 habeat
1727 1218 1905 1264 tamen
1926 1208 2020 1279 ju-

445 1302 642 1355 inentis
690 1302 806 1355 suis
861 1301 1029 1354 unius
1078 1300 1183 1353 diei
1229 1300 1511 1369 pabulum,
1555 1314 1735 1370 neque
1764 1300 1818 1353 in
1868 1308 2020 1354 tanto

445 1392 569 1446 belli
608 1391 806 1445 ardore
837 1392 920 1445 vel
964 1392 1030 1444 a-J
1071 1392 1375 1459 pastionem
1429 1390 1529 1453 ire,
1581 1390 1666 1443 vel
1715 1390 1901 1445 fenum
1934 1405 2021 1446 se-

445 1498 591 1546 care,
623 1483 824 1552 quibus
867 1482 1034 1537 rebus
1069 1482 1190 1536 laedi
1232 1482 1301 1536 ab
1346 1482 1599 1536 hostibus
1647 1491 1902 1551 possent,
1934 1480 2018 1536 vel

445 1575 631 1645 vagari
667 1586 719 1628 et
743 1576 1180 1629 circumcursare
1200 1574 1265 1628 ad
1286 1573 1542 1643 pabulum
1563 1572 2016 1643 comparandum,

444 1667 696 1722 hostibus
719 1667 831 1734 jam
874 1665 1306 1727 imminentibus,
1338 1665 1420 1718 vel
1453 1663 1744 1718 discedere
1789 1662 1928 1732 jam,
1964 1660 2017 1715 in

444 1766 594 1812 tanta
637 1756 920 1809 hominum
971 1755 1457 1824 jumentorumque
1487 1753 1629 1808 fante
1676 1760 1729 1807 et
1770 1751 2016 1815 miseria,

442 1858 607 1920 atque
634 1848 771 1901 adeo
795 1846 1022 1902 interire
1049 1856 1338 1917 cogantur.

516 1941 605 1997 16.
651 1940 708 1995 Si
760 1939 1010 1995 discedat
1042 1938 1319 1993 exercitus
1365 1946 1535 2001 tuus,
1581 1935 1900 2007 nulliusque
1940 1938 2018 1994 rei

443 2035 703 2104 indigeat,
746 2049 947 2089 exures
1026 2032 1210 2086 fenum
1272 2046 1575 2101 omnesque
1626 2030 1811 2102 fruges
1859 2047 2020 2101 agro-

446 2140 595 2190 rum,
630 2136 683 2179 et
711 2126 791 2179 sic
823 2124 1214 2194 proficisceris,
1249 2131 1473 2193 pr0pter
1512 2121 1735 2188 hostes,
1767 2122 1859 2192 qui
1895 2130 2019 2193 post

442 2225 497 2270 te
529 2214 745 2271 venturi
779 2216 1066 2269 timentur.

516 2309 607 2361 17.
645 2306 701 2361 In
727 2307 875 2361 omni
920 2306 1134 2370 itinere,
1171 2306 1424 2360 hostibus
1474 2304 1915 2370 imminentibus,
1960 2305 2015 2360 in

442 2399 623 2454 medio
669 2399 947 2454 exercitus
990 2399 1067 2452 tui
1110 2398 1319 2451 tuldum
1368 2395 1608 2461 habeas,
1641 2411 1711 2450 ne
1750 2395 1796 2450 si
1832 2396 2019 2465 aliquo

443 2487 793 2557 rejiciuntur,
827 2486 897 2540 ab
932 2486 1183 2540 hostibus
1210 2485 1560 2539 invadantur.

517 2579 606 2633 18.
647 2579 706 2632 ln
739 2577 957 2641 itinere,
991 2576 1453 2646 quemadmodum
1484 2588 1652 2645 supra
1689 2574 2024 2644 praaseripsi-

2044 1818 2095 1877 B

2124 1216 2264 1285 μετὰ.
2293 1214 2527 1285 σπουδῆς
2558 1212 2778 1284 ἐναύτῷ
2799 1213 2831 1283 ἥ
2864 1216 3044 1285 μεῖναι
3069 1215 3127 1267 ἐν
3149 1212 3294 1284 αύτῷ
3319 1214 3399 1283 τῷ
3421 1216 3696 1284 φοσσάτῳ,

2121 1306 2265 1375 ἐχειν
2296 1306 2395 1374 τὴν
2424 1304 2531 1358 τῶν
2574 1305 2787 1373 ἀλόγων
2823 1306 3138 1376 ἀποτροφὴν
3172 1307 3301 1376 μιᾶς
3340 1306 3575 1376 ἡμέρας,
3603 1306 3701 1361 καὶ

2124 1394 2621 1464 μὴὰναγκάζεαθαι
2676 1395 2734 1447 ἐν
2767 1394 2994 1463 τοιούτῳ
3047 1394 3327 1465 θορύὸῳῆ
3381 1394 3619 1463 βόσκειν,
3662 1396 3697 1465 ἢ

2121 1486 2463 1556 χορτολογεῖν
2490 1487 2661 1538 ποιεῖν
2682 1484 2818 1555 (69),
2846 1486 2941 1539 καὶ
2962 1486 3294 1556 βλάπτεσθαι
3320 1488 3554 1558 ἑτοίμως
3594 1488 3701 1540 ὐπδ

2119 1580 2228 1631 τῶν
2267 1577 2498 1647 ἐχθρῶν,
2528 1578 2559 1647 ἢ
2602 1578 2855 1648 γυρεύειν
2885 1579 3174 1650 ἐγχωρίοις
3202 1579 3287 1632 διὰ
3315 1579 3563 1640 δαπάνας
3591 1577 3702 1631 τῶν

2122 1668 2333 1739 ἐχθρῶν
2376 1669 2758 1738 ἐπικειμένων,
2812 1669 2851 1738 ἢ
2906 1669 2999 1723 καὶ
3054 1668 3345 1741 παρελθεῖν
3390 1669 3447 1721 ἐν
3476 1667 3702 1737 τοιαύτῃ

2121 1761 2299 1831 ἐνδείᾳ
2332 1760 2514 1813 αὐτῶν
2544 1777 2602 1813 τε
2627 1760 2719 1813 καὶ
2741 1760 2850 1813 τῶν
2883 1759 3112 1830 ἀλόγων,
3142 1760 3237 1813 καὶ
3260 1758 3564 1828 ἐκλυθῆναι.

2197 1940 2293 1999 ις’.
2334 1935 2396 1988 Ei
2437 1934 2495 1988 δὲ
2557 1933 2664 2004 ἄρα
2697 1934 2791 1988 καὶ
2836 1932 3226 2005 παρέρχονται,
3255 1932 3350 1986 καὶ
3377 1932 3478 1985 οὐκ
3518 1929 3713 2002 ἔχουσί

2123 2044 2271 2090 τινος
2300 2026 2509 2097 χρείαν,
2544 2024 2830 2096 ἀφορίσεις
2852 2025 3004 2088 τινὰς
3033 2024 3173 2079 ὥστε
3206 2025 3387 2079 καίειν
3435 2024 3527 2077 τὸν
3569 2024 3702 2095 χόρ-

2126 2135 2219 2171 τον
2256 2118 2351 2171 καὶ
2372 2116 2547 2180 οὕτως
2576 2117 2671 2169 ἐπὶ
2699 2116 2770 2171 τὰ
2791 2116 3102 2187 ἔμπροσθεν
3141 2116 3562 2187 περιπατεῖνδιὰ
3576 2116 3704 2179 τοὺς

2128 2210 2514 2279 ἐλπιζομένους
2541 2207 2717 2261 ὀπίσω
2738 2206 3069 2278 ἐπέρχεσθαι
3099 2207 3415 2278 πολεμίους.

2201 2298 2287 2365 ιζ’.
2327 2296 2413 2352 Ἑν
2448 2299 2506 2352 δὲ
2536 2300 2655 2362 ταῖς
2702 2298 3035 2369 ὁδοιπορίαις
3062 2297 3341 2367 πολεμίων
3373 2296 3703 2365 ἐγγιζόντων

2125 2390 2420 2457 ἀναγκαῖόν
2452 2390 2599 2441 ἐστιν
2630 2388 2717 2441 ἀεὶ
2752 2389 2916 2457 μέσον
2938 2388 3085 2457 ἐχειν
3112 2387 3172 2441 τὸ
3210 2386 3450 2454 τοῦλδον,
3498 2386 3586 2441 ἵνα
3626 2385 3707 2458 μὴ

2122 2481 2435 2552 ἀφύλακτον
2464 2479 2522 2533 ὃν
2551 2478 2946 2551 ἐπηρεάζηται.

2200 2576 2287 2640 ιη’.
2321 2568 2432 2632 Τὰς
2461 2569 2517 2622 δὲ
2550 2568 2885 2637 ὁδοιπορίας,
2909 2568 2985 2631 ὡς
3026 2569 3127 2640 ἤδη
3159 2568 3256 2622 καὶ
3292 2569 3404 2624 ἄνω
3425 2586 3528 2622 που
3550 2570 3701 2623 εἷπο-

442 2685 588 2733 mus,
620 2683 730 2723 non
780 2666 1012 2722 confuse
1064 2667 1268 2722 milites
1313 2673 1369 2721 et
1406 2666 1667 2736 permiste
1711 2679 1836 2719 cum
1872 2665 2015 2719 tulda

2127 2676 2248 2728 μεν,
2284 2658 2358 2729 μὴ
2397 2657 2670 2711 ποιεῖσθαι
2697 2658 3043 2728 μεμιγμένας
3096 2659 3235 2731 μετὰ
3287 2659 3533 2725 τούλδου,
3566 2660 3704 2714 ἀλλὰ

453 2761 758 2824 ambulent,
785 2759 878 2814 sed
920 2758 1174 2814 distincte
1204 2766 1258 2812 et
1309 2757 1633 2827 separatim,
1662 2766 1723 2811 ut
1760 2764 1885 2826 post
1908 2763 2025 2810 tur-

448 2865 595 2905 mam
648 2864 804 2906 suam
859 2849 1069 2903 tuldum
1120 2863 1245 2903 cum
1280 2848 1413 2903 viris
1460 2847 1527 2902 ad
1575 2847 1626 2901 id
1683 2846 2019 2914 constitutis,

442 2957 583 3013 quos
620 2941 892 3010 euplietos
925 2939 1235 3005 nominant,
1268 2938 1500 2995 seorsim
1538 2937 1825 3009 procedat.

512 3031 603 3085 t9.
651 3031 860 3085 Habeat
893 3038 1073 3085 autem
1120 3029 1354 3093 tuldum,
1383 3030 1840 3098 quemadmodum
1896 3042 2022 3086 ante

2122 2750 2546 2820 διακεκριμένας
2607 2751 2703 2803 καὶ
2764 2752 3202 2821 κεχωρισμένας,
3250 2751 3392 2806 ὥστε
3448 2752 3595 2816 ίδίως
3641 2752 3713 2805 τδ-

2122 2842 2339 2895 τοῦλδον
2385 2840 2613 2895 ὄπισθεν
2663 2840 2757 2893 τοῦ
2792 2842 2923 2894 ἰδίου
2976 2842 3178 2911 μέρους
3217 2843 3551 2914 ὁδοιπορεῖν,
3610 2846 3702 2897 καὶ

2126 2933 2271 2996 ίδίως
2300 2934 2636 3002 στρατιώτας
2660 2932 3020 3002 εὐπλήκτους.

2200 3025 2285 3079 ιθ’.
2334 3024 2448 3079 Ἀεὶ
2471 3024 2526 3078 δέ
2562 3025 2622 3078 τδ
2642 3024 2887 3089 τοῦλδον,
2908 3025 2984 3088 ὡς
3013 3025 3229 3097 εἴρηται
3254 3027 3387 3097 ἡμῖν
3420 3026 3703 3094 ἀνωτέρω,

441 3121 908 3184 memoravimus,
944 3130 1260 3191 separatum
1294 3120 1531 3188 aliquem
1560 3121 1896 3189 praefectum,
1926 3121 2015 3192 qui

2123 3116 2217 3169 καὶ
2258 3116 2504 3187 ἡγεμόνα
2558 3115 2704 3184 ἒχειν
2765 3114 2918 3180 ῐδιον,
2966 3114 3104 3168 ὥστε
3127 3116 3255 3169 αὐτὸ
3306 3118 3399 3169 κα¹ι
3430 3117 3701 3182 διατάξαι,

443 3212 764 3266 universum
817 3210 951 3265 illud
1027 3210 1291 3279 gubernet
1337 3220 1391 3265 et
1444 3210 1643 3280 dirigat
1703 3212 1755 3265 in
1826 3228 2015 3267 omnes

2123 3209 2213 3261 καὶ
2237 3207 2562 3271 διευθύνειν,
2594 3207 2689 3260 καὶ
2718 3207 2874 3274 ἄγειν
2903 3206 3065 3261 αὐτὸν
3082 3206 3318 3279 οὖτως,ἣ
3346 3208 3451 3279 πρὸ
3481 3208 3579 3275 τῆς
3605 3225 3704 3260 πα·

440 3317 665 3375 partes;
714 3310 841 3356 ante
893 3302 1212 3355 universum
1259 3302 1589 3367 exercitum,
1637 3303 1681 3354 si
1722 3319 1790 3357 ex
1832 3303 2017 3358 hostili

442 3405 590 3450 terra
642 3394 918 3459 discedis;
952 3402 1076 3463 post
1106 3393 1393 3448 universas
1436 3394 1655 3463 copias,
1688 3394 1731 3450 si
1766 3394 2018 3451 hostilem

442 3488 719 3557 regionem
754 3482 1008 3550 invadi's;
1045 3485 1172 3539 hinc
1209 3492 1304 3539 aut
1332 3485 1512 3550 illinc,
1549 3485 1594 3539 si
1625 3484 1785 3539 alieni
1823 3501 1854 3541 e
1888 3486 2021 3541 late-

441 3580 598 3634 ribus
644 3578 842 3644 times;
887 3578 943 3631 in
994 3577 1196 3641 medio,
1259 3578 1309 3631 si
1366 3578 1548 3630 omnia
1593 3577 1690 3631 tibi
1734 3593 1891 3648 aeque
1935 3594 2021 3634 sn-

444 3681 634 3740 specta
664 3670 799 3723 sint.
844 3668 1024 3738 Atque
1057 3669 1175 3723 haec
1205 3668 1274 3723 de
1305 3668 1477 3733 tuldo,
1512 3670 1626 3724 sive
1659 3669 2020 3739 impedimen-

444 3765 539 3828 tis,
573 3762 764 3831 paucis
795 3761 887 3815 tibi
919 3761 1339 3831 explicavimus,
1367 3762 1481 3816 sive
1510 3762 1564 3815 in
1593 3763 1847 3816 curribus
1877 3762 2021 3817 inter

442 3854 674 3925 pedites,
709 3854 823 3908 sive
866 3854 921 3906 in
954 3852 1222 3918 ,sarciniis
1253 3851 1396 3907 inter
1430 3853 1664 3923 equites,
1687 3854 1803 3907 sive
1837 3853 2019 3923 aliqua

441 3946 702 4015 quapiam
729 3944 1133 4015 pra‘paratione
1161 3944 1218 3999 in
1253 3945 1516 4015 permista
1556 3944 1741 4008 turba,
1768 3954 1825 3999 ut
1868 3944 2019 3999 nulla

440 4056 506 4096 ex
540 4051 716 4111 parte,
750 4040 931 4111 quoad
975 4040 1095 4109 ejus
1135 4041 1253 4096 fieri
1293 4040 1493 4110 potuit,
1528 4038 1735 4109 aliquid
1778 4038 2015 4095 abesset.

441 4130 631 4186 Restat
670 4131 821 4200 jam,
855 4143 915 4185 ut
960 4132 1028 4187 de
1073 4132 1430 4202 aplictorum,
1470 4129 1523 4186 id
1564 4138 1670 4197 est,
1707 4139 2015 4187 castrorum

442 4222 618 4275 forma
649 4222 1019 4291 disputemus.

936 4480 1405 4540 CONSTITUTIO
1441 4483 1534 4539 XI.

794 4572 873 4628 De
921 4573 1154 4642 aplictis,
1206 4576 1258 4629 id
1303 4585 1379 4630 est
1433 4577 1647 4632 castris.

516 4668 566 4721 l.
614 4665 827 4737 Aplicla
876 4667 1063 4737 igitur,
1098 4667 1213 4722 sive
1254 4666 1521 4723 fossatum
1555 4672 1701 4740 (nam
1750 4670 2010 4740 aplictum

440 4760 658 4830 proprie
688 4758 954 4815 fossatum
990 4760 1160 4814 totius
1194 4761 1471 4833 exercitus
1503 4761 1609 4833 εει)
1632 4763 1810 4818 valide
1835 4780 2012 4834 quan"

439 4866 550 4903 ιιιιιι
589 4857 742 4917 potes
786 4849 1022 4905 munies.
1066 4847 1122 4901 Si
1174 4848 1227 4901 in
1278 4848 1414 4903 locis
1457 4852 1721 4932 Spatiosis
1766 4853 2015 4925 laxisque

435 4942 723 4996 connnode
755 4955 936 4998 castra
989 4957 1195 5012 ponere
1238 4944 1505 5013 potueris,
1561 4944 1633 4998 ita
1680 4942 1893 5000 facias:
1927 4948 2012 5001 sin

436 5034 641 5098 minus,
688 5050 795 5089 non
846 5036 1208 5105 negligenter,
1246 5036 1340 5093 sed
1387 5036 1579 5093 sedulo
1608 5045 1663 5092 et
1701 5038 1933 5094 firmiter
1959 5049 2013 5094 et

434 5124 604 5178 dense
636 5132 817 5178 castra
844 5141 1033 5195 pones.
1077 5126 1168 5180 Illa
1215 5136 1402 5183 autem
1446 5129 1567 5185 loca
1616 5129 1670 5186 in
1704 5132 1897 5201 primis
1925 5131 2011 5187 fu-

432 5218 566 5285 gies,
595 5233 715 5287 quae
742 5219 947 5290 aliquid
986 5235 1152 5290 prope
1170 5223 1383 5280 .celsius
1439 5238 1503 5279 ac
1555 5226 1886 5284 eminentius
1914 5229 2011 5283 ha-

431 5308 580 5371 bent,
619 5325 687 5362 ne
719 5310 853 5363 illud
914 5311 1126 5367 inimici
1174 5323 1338 5369 noctu
1375 5321 1430 5369 et
1481 5315 1769 5371 confertim
1812 5320 2008 5375 antici-

431 5410 645 5468 pantes,
683 5402 852 5457 multa
884 5402 1026 5458 mala
1062 5405 1215 5460 vobis
1246 5418 1312 5460 ex
1342 5420 1408 5461 eo
1438 5405 1558 5462 loco
1590 5407 1843 5464 inferant.

428 5689 610 5820 YW02.)
645 5691 721 5743 ’Ἡ
751 5693 1133 5763 χορτολογεῖν
1175 5695 1385 5752 ποιεῖν.
1436 5697 1644 5761 Scribe,
1676 5701 1705 5770 ἢ
1754 5703 1973 5772 χιρτολο

487 5794 497 5820 ,
600 5796 612 5810 .

487 5794 527 5822 ⁸7
562 5794 612 5810 IV.

2048 4494 2100 4554 D

2122 3299 2417 3371 ρατάξεως,
2446 3300 2541 3351 ἐὰν
2566 3301 2629 3351 ἐκ
2663 3300 2929 3370 πολεμίας
2954 3302 3057 3370 γῆς
3095 3300 3442 3373 ὑποστρέφῃς
3463 3317 3478 3333 °
3529 3301 3705 3353 ὀπίσω

2118 3392 2175 3446 δέ
2204 3393 2301 3464 τῆς
2318 3392 2697 3466 παρατάξεως,
2729 3394 2825 3446 ἐὰν
2849 3394 2930 3457 είς
2965 3393 3233 3465 πολεμίαν
3258 3394 3364 3465 γῆν
3396 3395 3695 3466 ἐμϐάλλῃς,

2120 3481 2275 3537 ἔνθεν
2295 3484 2351 3537 δέ
2378 3485 2410 3555 ἢ
2447 3484 2677 3550 ἐκεῖθεν,
2702 3486 2796 3538 ἐὰν
2825 3485 2895 3539 τὰ
2934 3485 3140 3554 πλάγια
3189 3486 3290 3555 τῆς
3341 3487 3703 3558 παρατάξεως
3734 3502 3755 3525 ι

2123 3574 2460 3645 φοϐούμενος
2506 3576 2737 3648 πορεύῃ,
2773 3578 2925 3643 ἐντὸς
2959 3578 3015 3631 δὲ
3042 3579 3141 3649 τῆς
3171 3579 3472 3648 φάλαγγος,
3514 3582 3608 3634 ἐὰν
3631 3583 3700 3633 τὰ

2122 3666 2456 3737 πανταχόθεν
2479 3666 2695 3721 ὕποπτα
2719 3668 2869 3740 ἔχῃς.
2896 3668 3145 3723 Τοσαῦτα
3176 3670 3276 3741 μὲν
3307 3668 3402 3725 οὖν
3434 3673 3527 3725 καὶ
3570 3673 3705 3742 περὶ

2119 3755 2214 3810 τοῦ
2244 3759 2463 3812 τούλδου
2507 3759 2594 3811 διὰ
2627 3757 2875 3829 βραχέων
2912 3778 2993 3814 σοι
3014 3762 3385 3835 διεξήλθομεν,
3420 3760 3465 3819 ῶ
3498 3783 3699 3835 στρατ-

2122 3849 2242 3919 ηγέ,
2305 3850 2413 3904 είτε
2468 3852 2526 3903 ἐν
2561 3851 2797 3921 ἁμάξαις
2825 3854 2963 3922 μετὰ
3001 3854 3224 3919 πεζικοῦ
3274 3858 3532 3926 στρατοῦ,
3589 3859 3700 3911 εἴτε

2121 3938 2181 3989 ἐν
2221 3940 2548 4010 σαγμαρίοις
2591 3942 2726 4010 μετὰ
2761 3942 3161 4012 καδαλλαρίων,
3208 3945 3318 3997 εἴτε
3368 3945 3533 4015 ἄλλης
3562 3949 3701 4000 ἀπο·

2126 4028 2328 4097 σκευῆς
2360 4029 2615 4100 τοιαύτης
2649 4034 2785 4101 μετὰ
2808 4035 3136 4104 συμμίκτου,
3167 4034 3242 4099 ὡς
3272 4034 3339 4088 ἂν
3388 4037 3447 4089 ἐν
3487 4039 3696 4107 μηδενὶ,

2124 4120 2250 4174 ὅσον
2295 4122 2414 4174 ἐστὶ
2454 4122 2515 4175 τὸ
2538 4122 2761 4176 δυνατὸν
2804 4126 2954 4195 ἡμῖν,
2996 4125 3217 4198 ἐλλείπῃ
3240 4144 3321 4181 σοι
3343 4130 3622 4199 κεφαλαίῳ
3664 4134 3698 4200 ἡ

2125 4210 2374 4281 ἡμετέρα
2432 4213 2857 4283 παρακέλευσις.
2904 4215 3193 4287 Ἐχόμενον
3241 4218 3297 4271 δὲ
3351 4220 3555 4273 τούτων
3602 4224 3698 4273 καὶ

2121 4302 2188 4356 τὰ
2237 4307 2365 4370 περὶ
2399 4305 2509 4357 τῶν
2558 4305 2868 4376 λεγομένων
2896 4308 3172 4364 ἀπλίκτων
3199 4310 3606 4383 διασαφήσομεν
3629 4317 3694 4384 τῇ

2123 4396 2190 4464 σῇ
2223 4393 2543 4466 ἐνδοξότητι.

2693 4491 3005 4545 ΔΙΑΤΑΞΙΣ
3026 4491 3129 4547 IA'.

2657 4582 2797 4649 Περὶ
2822 4584 3153 4639 ὰπλίκτων.

2193 4668 2263 4723 α’.
2294 4672 2384 4723 Δεῖ
2404 4665 2497 4725 οὖν
2524 4670 2593 4725 τὰ
2617 4671 2873 4737 ἄπλικτα,
2910 4674 3028 4743 ἦτοι
3058 4675 3126 4728 τὰ
3168 4677 3411 4744 φοσσάτα
3467 4679 3691 4749 (κυρίως

2119 4760 2228 4832 γὰρ
2258 4762 2524 4830 φοσσάτον
2553 4763 2615 4815 τὸ
2652 4763 2913 4817 ἄπλικτον
2942 4765 3035 4819 τοῦ
3074 4767 3194 4819 ὅλου
3231 4768 3463 4839 στρατοῦ
3512 4771 3693 4822 καλεί-

2120 4859 2257 4924 ται),
2294 4857 2467 4909 ταῦτα
2499 4856 2591 4911 οὖν
2621 4857 2877 4925 ἀσφαλῶς
2902 4876 2962 4912 σε
2990 4864 3181 4915 ποιεῖν.
3219 4863 3326 4914 Καὶ
3358 4865 3389 4934 ή
3435 4864 3534 4933 μέν
3582 4865 3691 4933 (70)

2120 4948 2415 5017 ἐνδέχεται,
2462 4950 2541 5011 είς
2570 4950 2927 5021 ἀραιοτέρους
2964 4953 3163 5017 τόπους
3216 4955 3590 5025 κατασκηνοῦν
3622 4955 3692 5009 τὰ

2117 5039 2523 5109 στρατιωτικὰ,
2579 5042 2627 5093 εί
2679 5042 2735 5093 δὲ
2765 5044 2824 5095 οὐ
2876 5045 3015 5097 κατὰ
3060 5046 3254 5109 πάντα,
3312 5047 3387 5117 μὴ
3446 5048 3691 5115 ἀμελῶς,

2116 5129 2254 5181 ἀλλὰ
2279 5130 2555 5199 σφιγκτῶς
2587 5133 2681 5186 καὶ
2701 5134 2912 5204 ὀχυρῶς
2933 5135 3268 5201 ἀπλικεύειν,
3288 5139 3382 5191 καὶ
3441 5139 3689 5207 ἀποφεύς

2116 5237 2234 5288 γειν
2261 5223 2386 5286 τοὺς
2416 5224 2613 5287 τόπους
2636 5224 2753 5294 (7|)
2782 5226 3020 5289 ἐκείνους
3044 5227 3157 5281 ὅσοι
3212 5226 3427 5297 ἔχουσιν
3474 5232 3538 5282 ἐκ
3589 5228 3685 5282 τοῦ

2116 5314 2347 5383 πλησίον
2372 5314 2736 5386 ὑψηλοτέρους
2753 5317 2950 5386 αὐτῶν,
2982 5318 3070 5370 ἵνα
3106 5318 3181 5389 μὴ
3226 5320 3467 5383 ἐκείνους
3513 5323 3559 5373 οἱ
3590 5322 3685 5392 ἐχ-

2110 5405 2229 5474 θροὶ
2288 5406 2483 5477 ἁθρόον
2512 5408 2545 5477 ἢ
2587 5410 2644 5460 ἐν
2670 5411 2827 5462 νυκτὶ
2855 5410 3356 5482 προκαταλαϐόντες
3391 5413 3536 5467 κακά
3564 5430 3685 5467 τινα

2108 5496 2424 5570 διαθήσουσι
2454 5500 2533 5570 τῷ
2572 5501 2841 5570 poscat-rp.

1882 5604 2087 5661 ΝΟΤΛΞΣ

2186 5705 2295 5781 (ῖβ)
2321 5706 2435 5781 Ea]
2460 5708 2495 5775 ἡ
2523 5708 2659 5781 μέν.
2697 5708 2907 5773 Scribe,
2942 5710 3033 5763 καὶ
3058 5674 3119 5763 εἰη
3140 5726 3258 5781 μεν.

2176 5776 2291 5843 (71)
2320 5776 2464 5840 Τοὺς
2491 5780 2731 5855 τόπους.
2762 5776 3151 5857 scribebatur,
3166 5784 3289 5847 τοὺς
3323 5781 3545 5849 τύπους.
