4022 6496
317 309 429 378 793

1464 320 1798 385 TACTICA.
1826 348 1897 360 -
1927 324 2438 391 CONSTITUTIO
2461 330 2568 393 XI.

3515 340 3620 404 794

393 421 462 494 β’.
495 425 669 480 Ὅταν
714 425 898 484 τοίνυν
930 429 989 484 ἐν
1029 433 1094 503 τῇ
1146 432 1252 486 τῶν
1295 435 1510 506 ἐχθρῶν
1551 437 1709 511 χώρᾳ
1750 456 1899 512 στρα⁴

2097 445 2151 502 2.
2194 445 2428 512 Quando
2451 448 2638 503 hostili
2669 447 2890 504 interra
2915 459 3098 506 castra
3124 451 3305 522 penis,
3331 453 3620 516 circumda

316 516 644 589 τοπεδεύῃς,
680 520 1014 591 περιδάλλου
1040 523 1247 596 τάφρον
1288 525 1513 597 βαθεῖαν
1538 531 1673 600 (72),
1707 531 1810 586 κᾶν
1839 534 1918 596 είς

320 611 454 682 μίαν
476 610 666 682 μόνην,
706 613 784 676 ὡς
805 615 1046 685 εῑρηται,
1081 618 1299 689 ἡμέραν
1331 621 1536 693 μέλλῃς
1576 623 1917 680 ἀπλικεύειν.

330 702 729 774 ’Δμετανόητος
795 705 904 776 γὰρ
953 708 986 778 ὴ
1039 709 1264 782 τοιαύτη
1343 715 1760 783 στρατοπεδεία,
1824 717 1919 771 καὶ

313 796 591 866 ἀσφαλὴς,
657 796 747 851 διὰ
799 798 899 862 τὰς
948 801 1250 869 αἰφνιδίους
1317 804 1410 857 καὶ
1472 805 1740 877 ἁοράτους
1793 808 1919 861 ἐπι·

311 887 514 952 ϐουλάς
558 887 692 960 (75).
770 890 1155 964 Καταστήσεις
1211 894 1269 948 δὲ
1326 896 1422 950 καὶ
1477 898 1744 966 φύλακας,
1811 901 1917 954 κᾶν

315 978 538 1048 μακρὰν
591 975 734 1032 εἶναι
776 980 1010 1052 νομίζῃς
1064 983 1192 1048 τοὺς
1248 985 1566 1058 πολεμίους,
1624 989 1700 1053 ὡς
1745 991 1916 1060 ἐγγὺς

308 1066 507 1123 ὄντων.
1735 1090 1737 1092 ·

383 1166 458 1227 γ’.
493 1160 668 1213 Ὅπου
699 1161 756 1215 δὲ
815 1163 1034 1232 μέλλεις
1067 1168 1344 1223 ποιεῖσθαι
1371 1171 1590 1242 χρόνιον
1647 1173 1708 1225 τὸ
1746 1173 1912 1229 ἄπλι-

309 1267 462 1315 κτον,
488 1252 564 1323 μὴ
594 1251 808 1323 ἐχθρῶν
839 1253 1028 1324 ἔφοδον
1077 1257 1324 1327 δηλονότι
1389 1263 1770 1334 ὑφορώμενος,
1816 1267 1912 1320 καὶ

307 1343 556 1414 φθείρειν
580 1344 768 1425 χώραν
797 1348 1048 1402 ἐναντίαν
1079 1352 1430 1422 βουλόμενος,
1475 1355 1704 1424 ἐκλέγου
1735 1361 1910 1430 χωρία

313 1436 600 1506 χρήσιμα,
639 1437 714 1507 μὴ
752 1437 952 1510 ὑλώδη,
979 1441 1148 1511 ἣγουν
1162 1442 1291 1508 ὕλας
1321 1448 1414 1499 καὶ
1454 1447 1626 1518 πηλὸν
1657 1449 1750 1502 καὶ
1783 1449 1910 1520 βάλ-

303 1541 405 1588 τας
437 1524 653 1595 ἔχοντα,
691 1527 786 1580 καὶ
834 1527 1003 1582 ὕδατα
1039 1532 1386 1603 σεσημμένα.
1423 1535 1505 1587 Τὰ
1559 1535 1668 1606 γὰρ
1720 1537 1908 1592 τοιαῦ-

302 1635 376 1670 τα
424 1618 512 1672 διὰ
553 1619 652 1681 τὰς
706 1618 1102 1690 ἀναθυμιάσεις
1139 1624 1233 1677 καὶ
1291 1626 1388 1691 τὰς
1416 1627 1526 1680 ἀπὸ
1581 1629 1691 1683 τῶν
1725 1630 1908 1684 τόπων

300 1711 574 1774 δυσωδίας
610 1713 808 1781 νοσερά
829 1715 958 1777 εἰσι,
996 1717 1092 1770 καί
1125 1715 1350 1786 λοιμοὺς
1375 1720 1470 1773 καὶ
1491 1721 1680 1786 νόσους
1721 1721 1900 1796 φθαρ-

298 1801 464 1864 τικὰς
495 1802 757 1872 ἐμϐάλλει
781 1805 862 1866 είς
883 1805 951 1858 τὰ
982 1808 1390 1878 στρατεύματα,
1415 1813 1511 1864 καὶ
1537 1813 1770 1878 πολλοὺς
1800 1817 1900 1886 μὲν

299 1892 568 1955 πολλάκις
606 1893 859 1948 ἐκάκωσε
893 1898 960 1967 τῇ
991 1896 1151 1966 νόσῳ,
1193 1899 1424 1964 πολλοὺς
1452 1901 1509 1954 δὲ
1560 1904 1656 1957 καὶ
1681 1904 1899 1958 ἀπώλε-

303 2002 399 2038 σεν
423 2002 435 2014 ·
469 1983 610 2038 ὥστε
637 1984 712 2057 μὴ
734 1986 893 2058 μόνον
925 1987 1106 2057 ὀλίγον
1132 1991 1196 2043 ἐκ
1226 1989 1421 2046 τούτου
1451 1994 1732 2063 γενέσθαι,
1763 1997 1900 2051 ἀλλὰ

298 2076 398 2129 καὶ
415 2076 642 2140 ἀσθενὲς
673 2078 736 2130 τὸ
768 2079 1107 2149 στράτευμα.

373 2171 436 2223 δ’.
489 2171 780 2242 Χρήσιμον
813 2171 870 2225 δέ
915 2173 1009 2226 καὶ
1041 2175 1308 2246 σωτήριον
1335 2176 1414 2248 τῷ
1475 2181 1695 2253 στρατῷ
1754 2182 1899 2250 γίνε-

301 2261 454 2323 σθαι,
497 2262 595 2316 ἐὰν
649 2261 725 2334 μὴ
779 2264 874 2316 ἐπὶ
921 2263 1018 2319 τοῦ
1048 2265 1215 2320 αὐτοῦ
1252 2268 1391 2341 μένῃ
1422 2271 1688 2326 ἀπλίκτου
1731 2274 1900 2330 πολὺν

302 2354 516 2424 χρόνον,
541 2355 590 2407 εί
627 2353 703 2424 μὴ
728 2355 837 2425 ἄρα
870 2356 1146 2426 χειμάζει,
1181 2362 1274 2412 καὶ
1329 2360 1421 2415 διὰ
1444 2362 1536 2416 τὸν
1562 2366 1760 2437 καιρὸν
1787 2367 1899 2420 ὦσο

302 2460 410 2512 περ
433 2443 808 2514 πεπολισμένα
835 2446 948 2516 ἔχει
975 2446 1044 2506 τὰ
1065 2448 1307 2503 ἄπλικτα
1331 2456 1393 2505 τὸ
1428 2455 1762 2527 στράτευμα.
1787 2459 1900 2511 Καὶ

298 2537 412 2603 γὰρ
445 2536 540 2589 καὶ
570 2535 628 2588 αἱ
653 2535 1022 2606 σωτηριώδεις
1047 2539 1324 2610 ἐκκρίσεις
1363 2543 1585 2598 ἐπὶτῶν
1619 2547 1800 2601 αὐτῶν
1823 2565 1901 2616 γι-

298 2626 504 2695 νόμενα
530 2627 710 2680 τόπων
753 2628 962 2699 ἀτμοὺς
990 2629 1424 2702 διεφθαρμένους
1485 2635 1894 2706 ἀναπέμπουσι,

299 2720 396 2770 καὶ
431 2719 977 2789 συμμεταὸάλλουσιν
1023 2721 1103 2784 είς
1130 2723 1286 2776 νόσον
1309 2724 1405 2777 καὶ
1438 2725 1538 2795 τὴν
1587 2727 1680 2780 τοῦ
1741 2744 1899 2796 περι-

295 2812 520 2880 έχοντος
542 2810 705 2882 ἀέρος
737 2811 972 2876 εὐεξίαν.
1063 2811 1074 2818 ”

368 2900 431 2958 ε’.
483 2901 574 2956 Ἐν
625 2902 682 2956 δὲ
729 2907 852 2968 ταῖς
903 2907 1376 2977 παραχειμασίαις
1422 2908 1661 2974 πάντως,
1689 2910 1764 2974 ὡς
1783 2911 1897 2966 ἄνω

295 3013 407 3048 που
444 2996 683 3068 εἴρηται,
718 2993 966 3068 γύμναζε
1001 2999 1072 3053 τὰ
1102 3001 1464 3072 στρατόπεδα,
1501 3003 1595 3055 καὶ
1623 3003 1896 3073 πολεμικὰ

2025 546 2149 594 tuos
2178 539 2396 610 tapltro,
2421 540 2474 597 id
2497 550 2603 606 est,
2628 541 2798 609 fossa,
2823 558 3142 614 quanquam
3169 545 3236 601 ad
3269 563 3440 604 unum
3467 549 3614 607 diem

2025 628 2097 684 ibi
2128 631 2307 686 solum
2340 648 2738 703 permansurus
2766 650 2846 691 es.
2891 634 3097 692 Secura
3116 638 3264 693 enim
3295 639 3615 709 huiusmodi

2021 731 2202 776 castra
2273 732 2443 792 sunt,
2469 734 2525 780 et
2578 727 2845 784 adversus
2884 743 3079 786 omnes
3121 745 3225 787 nec
3265 733 3521 802 opinatas
3558 742 3616 789 et

2021 813 2238 870 subitas
2265 816 2508 872 hostium
2547 821 2903 875 incursiones
2944 830 3081 877 tuta.
3112 822 3411 880 Custodias
3442 827 3610 881 etiam

2019 906 2330 975 adhibebis,
2368 911 2528 980 quasi
2573 911 2760 968 hostes
2803 928 2976 985 prope
3031 915 3236 982 adsint,
3291 933 3610 991 quanquam

2021 995 2182 1068 longe
2211 1013 2308 1055 eos
2343 1000 2541 1057 abesse
2573 1003 2814 1067 noveris.

2095 1184 2150 1238 '5.
2194 1184 2296 1240 Ubi
2328 1185 2588 1242 diuturna
2625 1196 2805 1242 castra
2838 1203 2950 1244 uno
2981 1188 3170 1258 aliquo
3203 1189 3256 1243 in
3308 1189 3434 1245 loco
3462 1193 3611 1262 posi-

2017 1283 2174 1330 turus
2221 1290 2305 1342 es,
2351 1292 2462 1331 non
2525 1278 2766 1332 hostium
2820 1277 3198 1333 incursionem
3247 1278 3472 1344 timens,
3514 1281 3610 1335 sed

2015 1367 2234 1420 illorum
2297 1369 2581 1438 regionem
2646 1367 3034 1439 populaturus,
3093 1370 3213 1424 loca
3272 1371 3442 1440 eliges
3495 1385 3605 1424 non

2013 1458 2320 1526 condensa,
2372 1477 2622 1526 ccenosa,
2671 1461 2961 1530 paludosa,
3015 1471 3111 1516 aut
3166 1462 3380 1532 stagnis
3429 1462 3609 1518 abun-

2010 1551 2200 1607 dantia
2246 1570 2260 1607 :
2305 1553 2622 1623 ltujnsmodi
2660 1555 2808 1608 enim
2852 1554 3083 1628 halitum
3139 1554 3403 1609 emittunt
3454 1554 3609 1610 insa-

2009 1641 2248 1710 lubrem,
2281 1653 2336 1699 et
2385 1645 2586 1701 odores
2625 1659 2822 1716 graves
2870 1644 2938 1700 ad
2982 1645 3317 1716 gignendum
3386 1645 3609 1701 morbos

2010 1733 2238 1790 idoneos
2290 1750 2306 1790 :
2364 1736 2567 1792 multas
2625 1739 2772 1792 enim
2831 1738 3186 1806 aegritudines
3246 1746 3300 1792 et
3351 1739 3607 1793 ardentes

2007 1835 2188 1897 pestes
2223 1825 2494 1892 inferunt,
2518 1836 2572 1881 et
2600 1843 2747 1897 saepe
2771 1830 3080 1882 exercitum
3109 1827 3353 1898 graviter
3378 1835 3605 1890 vexant,

2004 1932 2146 1987 saepe
2165 1918 2332 1973 etiam
2377 1918 2697 1974 universum
2731 1919 2934 1986 delent,
2969 1929 3027 1974 ut
3051 1935 3161 1974 non
3191 1920 3367 1976 solum
3397 1933 3604 1992 parvus

2003 2025 2071 2066 ex
2117 2027 2205 2078 eo,
2246 2020 2303 2066 et
2339 2011 2556 2078 debilis,
2589 2011 2686 2068 sed
2723 2011 2888 2067 etiam
2921 2023 3289 2082 consumptus
3325 2019 3379 2066 et
3415 2010 3602 2066 nullus

2005 2103 2118 2161 fiat.

2071 2196 2126 2250 4.
2167 2194 2314 2252 Utile
2343 2205 2397 2252 et
2441 2197 2686 2252 salutare
2720 2196 2989 2252 exercitui
3021 2203 3127 2261 est,
3156 2197 3210 2251 in
3247 2196 3445 2254 eodem
3475 2195 3600 2253 loco

2001 2284 2094 2340 diu
2126 2301 2235 2340 non
2267 2286 2600 2349 consistere,
2633 2285 2739 2339 nisi
2773 2284 2820 2341 si
2849 2284 3082 2340 hiberna
3128 2284 3337 2340 faciant
3369 2302 3382 2338 :
3432 2294 3598 2356 atque

2000 2387 2064 2426 ea
2100 2380 2214 2426 tum
2260 2372 2326 2425 ad
2360 2372 2600 2427 civitatis
2642 2371 2873 2427 formant
2916 2373 3192 2428 muniant.
3226 2369 3366 2427 Nam
3401 2387 3596 2427 excre-

2003 2467 2182 2520 tiones
2214 2463 2516 2520 faeculean
2553 2479 2846 2534 corporum
2874 2465 2928 2519 in
2961 2464 3168 2520 eisdem
3211 2480 3428 2534 semper
3459 2465 3598 2520 locis

2002 2555 2178 2620 factae,
2203 2555 2530 2624 depravatos
2563 2555 2766 2612 halitus
2791 2556 3094 2624 exspirant,
3121 2566 3174 2610 et
3201 2571 3421 2611 omnem
3453 2554 3598 2610 aeris

2000 2647 2380 2702 salubritatem
2415 2647 2469 2701 in
2501 2647 2943 2703 insalubritatem
2979 2647 3337 2703 transferunt.

2073 2909 2123 2963 5.
2158 2907 2412 2964 llibernis
2458 2908 2511 2962 in
2537 2908 2814 2974 omnibus,
2856 2909 3046 2977 copias
3103 2916 3227 2963 tuas
3267 2907 3333 2962 ad
3365 2915 3597 2962 conten-

1999 2999 2177 3054 tiones
2235 2999 2462 3055 bellicas
2515 2999 2585 3053 et'
2608 2999 2880 3054 militares
2925 2999 3143 3054 labores
3169 3013 3385 3064 exerce,
3425 3007 3485 3052 ut
3525 2997 3597 3051 iis

295 3088 468 3155 ποίει,
494 3089 590 3141 καὶ
613 3088 699 3143 ἵνα
723 3090 1112 3155 συνεθίζωνται
1137 3095 1250 3156 τοῖς
1278 3092 1484 3159 πόνοις,
1510 3093 1596 3146 ἵνα
1621 3095 1762 3164 μήτε
1790 3097 1894 3162 ἁρ-

2017 3089 2316 3156 tssucfacti,
2364 3090 2538 3145 otium
2601 3105 2667 3146 ac
2727 3089 3018 3156 desidiam,
3051 3100 3259 3159 pestem
3307 3105 3372 3145 ac
3415 3090 3594 3145 labem

306 3183 464 3250 γῶσι,
494 3183 636 3252 μήτε
658 3182 1005 3254 ρᾳθυμῶσιν.

375 3279 449 3338 ς’.
507 3274 585 3327 Ub
639 3275 800 3343 μόνον
848 3271 1018 3346 [οὐ]δέ
1058 3273 1314 3344 ὑγιεινῶν
1369 3291 1430 3328 σε
1459 3274 1541 3328 δεῖ
1589 3275 1898 3346 φροντίζειν

294 3364 607 3429 ἀπλίκτων,
641 3365 771 3417 ὅταν
795 3364 982 3418 ἄδειαν
1006 3363 1138 3436 ἔχῃς
1166 3363 1274 3416 ἀπὸ
1300 3364 1409 3417 τῶν
1429 3364 1726 3433 πολεμίων,
1762 3363 1898 3418 ἀλλὰ

295 3457 400 3514 διαὶ
425 3455 627 3518 πολλὰς
653 3455 748 3508 καὶ
779 3454 1074 3527 διαφόρους
1121 3453 1438 3524 ἔχεινάύτὰ
1475 3455 1576 3518 τὰς
1611 3455 1895 3526 χορηγίας,

294 3546 400 3602 καὶ
429 3546 666 3618 μάλιστα
706 3547 766 3600 ἐν
804 3544 882 3616 τῷ
905 3545 1190 3616 ἐξπεδίτῳ,
1224 3544 1396 3615 ἤγουν
1417 3546 1474 3598 ἐν
1502 3546 1568 3616 τῇ
1592 3544 1734 3598 κατά
1770 3562 1896 3599 και-

299 3642 399 3715 pay
438 3641 531 3696 τοῦ
559 3642 684 3696 ὅλου
735 3640 970 3714 στρατοῦ
1008 3643 1324 3713 συναγωγῇ,
1364 3639 1495 3694 ἔνθα
1532 3641 1775 3712 μάλιστα
1800 3643 1896 3697 καὶ

294 3735 573 3808 χρονίζειν
601 3736 741 3790 δέον.
812 3731 814 3733 “

375 3829 440 3892 ζ’.
462 3827 778 3898 Φροντίζειν
817 3826 874 3880 δὲ
906 3825 1132 3880 καὶτῶν
1184 3825 1466 3897 ἐμπόρων,
1500 3826 1586 3880 ἵνα
1643 3825 1720 3897 μὴ
1775 3825 1896 3880 ἁδι-

293 3919 559 3990 κούμενοι
591 3918 914 3986 λυποῦνται,
958 3920 1054 3972 καὶ
1087 3919 1149 3972 οὐ
1208 3919 1438 3990 φέρουσι
1481 3919 1582 3983 τὰς
1631 3919 1896 3990 χορηγίας

290 4011 410 4065 τῶν
445 4010 795 4083 ἐπιτηδείων.

369 4103 441 4174 η’.
466 4105 530 4158 Εἰ
559 4104 617 4158 δέ
638 4122 722 4168 τις
748 4105 844 4185 καὶ
883 4104 1040 4168 ἐλπὶς
1068 4103 1287 4158 ἐναντία
1312 4104 1538 4174 ἐνοχλεῖ,
1591 4105 1894 4174 ἁσφαλίζε-

293 4195 424 4250 σθαι
447 4196 480 4267 ἢ
508 4195 840 4266 ὀρύγμασιν,
873 4198 907 4268 ἢ
933 4197 1126 4259 πάλοις
1150 4197 1288 4267 (Ἠ),
1315 4197 1348 4268 ἢ
1376 4196 1658 4268 ὁλοκλήρῳ
1675 4197 1890 4267 τάφρῳ,

287 4290 329 4344 ὃ
353 4289 572 4359 λέγουσι
610 4289 808 4359 φόσσα,
849 4290 884 4362 ἦ
911 4289 1240 4362 τριϐόλοιςῆ
1283 4289 1621 4360 οἰκοδομαῖς,
1695 4289 1726 4360 ἢ
1783 4289 1893 4343 ἀπὸ

290 4381 537 4452 ξύλωνῆ
591 4381 704 4435 ἀπὸ
740 4380 926 4447 λίθων,
970 4381 1004 4452 ἢ
1047 4380 1246 4448 ἄλλως,
1291 4381 1367 4445 ὡς
1417 4380 1648 4435 δύνασαι
1673 4381 1892 4453 sxw/07;»

289 4493 410 4530 σαι.

369 4567 435 4624 θ’.
474 4570 660 4639 Ἔχειν
689 4568 746 4622 δέ
774 4569 867 4622 καὶ
889 4567 1082 4638 βίγλας
1109 4565 1333 4632 ἔξωθεν,
1367 4566 1505 4620 ἀλλὰ
1525 4565 1619 4619 καὶ
1648 4565 1888 4638 ἁμάξας,

289 4663 379 4724 εἰς
412 4659 777 4730 χαρακώσεις,
832 4659 928 4712 ἐάν
967 4659 1098 4723 εἰσι,
1131 4656 1250 4709 λίαν
1282 4656 1530 4711 δυνατόν.
1557 4658 1628 4709 Ἢ
1669 4658 1891 4730 χάρακα

289 4752 567 4822 ’πήξειςῶ
597 4751 816 4820 λέγεται
849 4748 1236 4820 σταὸαρῶσαι,
1306 4747 1420 4800 εἴτε
1482 4747 1713 4818 ἀραιῶς,
1776 4749 1887 4802 εἴτε

287 4842 654 4912 πυκνότερον,
677 4841 749 4903 ὼς
769 4841 802 4912 ή
822 4839 1056 4910 δύναμις
1072 4837 1207 4910 ἔχει,
1231 4837 1328 4909 ἥτε
1347 4836 1434 4891 διὰ
1449 4835 1624 4905 ξύλων
1645 4836 1888 4903 τελείων,

290 4935 330 5006 ῆ
351 4934 588 5006 δένδρων
615 4933 921 4987 κοπέντων.

367 5033 419 5080 ι’.
448 5028 540 5078 Δεῖ
566 5025 678 5096 γὰρ
709 5024 932 5088 πάντως
978 5022 1282 5093 ἀσφάλειαν
1333 5020 1478 5094 ἔχειν
1502 5021 1565 5076 τὸ
1599 5021 1884 5095 ἄπλικτον,

1998 3181 2296 3249 exercitus,
2329 3181 2592 3236 devitem.

2063 3275 2117 3330 6.
2147 3273 2335 3346 Neque
2359 3291 2488 3332 vero
2516 3287 2828 3332 castrorum
2861 3273 3168 3332 salubrium
3205 3273 3384 3329 solum
3419 3273 3597 3329 susci-

1999 3369 2194 3440 pienda
2241 3385 2374 3426 cura
2418 3378 2526 3435 est,
2563 3384 2688 3423 cum
2732 3382 2962 3422 securus
3001 3366 3069 3420 ab
3101 3366 3351 3421 hostibus
3381 3380 3461 3430 es,
3501 3366 3596 3420 sed

1997 3460 2161 3516 etiam
2222 3470 2282 3516 ut
2324 3462 2570 3518 omnium
2629 3475 2813 3515 rerum
2855 3459 3294 3513 necessariarum
3362 3457 3601 3511 afﬂuen-

2000 3555 2131 3608 tiam
2196 3555 2453 3619 habeant,
2505 3553 2668 3623 idque
2716 3551 3066 3623 potissimum
3123 3551 3175 3604 in
3221 3550 3498 3620 expedito,
3537 3550 3592 3602 id

1996 3658 2099 3712 est,
2137 3663 2201 3702 eo
2231 3658 2473 3718 tempore
2501 3664 2611 3716 quo
2641 3660 2833 3700 omnes
2873 3645 3076 3699 milites
3101 3644 3154 3697 in
3198 3659 3368 3699 unum
3393 3657 3596 3699 conve-

1999 3738 2176 3801 niuut,
2209 3737 2302 3790 ubi
2335 3737 2541 3791 diutius
2565 3735 3016 3791 commorandum
3045 3743 3151 3789 est.

2065 3829 2116 3883 7.
2142 3827 2458 3884 Providebis
2483 3831 2647 3883 etiam
2692 3826 3118 3892 mercatoribus,
3157 3840 3226 3880 ne
3257 3823 3332 3879 illi
3360 3823 3589 3894 injuria.

1996 3920 2112 3976 sius
2174 3921 2428 3986 tractati,
2495 3935 2676 3976 rerum
2727 3918 3170 3974 necessariarum
3224 3915 3590 3971 invectionem

1996 4027 2103 4083 pra
2113 4013 2433 4066 termittant.
2759 4081 2762 4084 γ
2983 4056 2987 4066 .

2063 4103 2118 4160 8.
2173 4103 2270 4157 Sin
2317 4116 2444 4156 vero
2488 4100 2688 4173 aliquis
2729 4107 2907 4155 metus
2961 4099 3202 4154 hostium
3253 4098 3586 4178 impendes",

1995 4196 2314 4252 muniantur
2347 4204 2528 4251 castra
2572 4195 2656 4250 vel
2687 4193 2874 4259 fossis,
2903 4193 2986 4248 vel
3031 4193 3194 4263 palis,
3235 4193 3320 4248 vel
3359 4193 3587 4264 integris

1995 4289 2182 4354 fossis,
2214 4289 2298 4344 vel
2327 4287 2568 4353 tribulis,
2607 4288 2660 4342 id
2691 4295 2796 4352 est,
2828 4286 3157 4350 muricibus,
3186 4286 3270 4341 vel
3317 4286 3587 4353 aedificiis,

1994 4381 2110 4436 sive
2139 4396 2205 4436 ex
2246 4381 2416 4447 ligno,
2454 4380 2569 4434 sive
2596 4396 2666 4434 ex
2700 4379 2901 4451 lapide,
2940 4387 3037 4434 aut
3090 4377 3198 4433 alia
3229 4378 3424 4449 quavis
3469 4394 3585 4432 nn:-

1919 4462 1970 4522 D
1998 4472 2133 4526 teria
2155 4471 2444 4537 confectis,
2481 4471 2944 4542 quemadmodum
2967 4471 3284 4540 echgitare
3319 4470 3546 4540 poteris.

2069 4562 2124 4618 9.
2155 4562 2542 4634 Speculatores
2579 4562 2717 4618 foris
2763 4562 3065 4618 collocandi
3115 4571 3266 4626 sunt,
3289 4571 3343 4616 ct
3387 4577 3586 4616 currus

1997 4670 2191 4712 omnes
2215 4653 2283 4710 ad
2323 4654 2523 4710 vallum
2566 4654 2877 4710 faciendum
2924 4654 3306 4727 congregatis.
3344 4652 3584 4708 Vallabis

1995 4755 2180 4803 autem
2211 4755 2390 4800 castra
2422 4761 2520 4817 pro
2567 4747 2849 4817 copiarum
2885 4747 3119 4812 ratione,
3150 4744 3230 4800 vel
3271 4743 3472 4808 laxius,
3498 4743 3582 4797 vel

1996 4840 2246 4905 densius,
2272 4854 2338 4894 ex
2366 4839 2528 4911 lignis
2552 4840 2800 4911 integris,
2831 4847 2930 4894 aut
2949 4854 3017 4894 ex
3044 4837 3200 4893 caesis
3226 4836 3541 4892 arboribus.

2064 5023 2153 5078 10.
2178 5022 2318 5079 Tuta
2346 5032 2401 5079 et
2432 5026 2640 5079 munita
2678 5029 2858 5078 castra
2907 5035 3124 5090 semper
3173 4999 3296 5076 esse
3341 5033 3578 5092 oportet,

291 5121 344 5173 εἰ
379 5118 454 5190 μὴ
479 5118 586 5189 ἄρα
612 5120 670 5170 ἐν
699 5121 764 5189 τῇ
799 5117 1046 5189 ἡμετέρᾳ
1077 5115 1229 5170 ἐστὶν
1272 5113 1447 5187 χώρᾳ,
1479 5115 1514 5187 ἢ
1566 5115 1880 5186 γυμνασίας

2017 5118 2092 5174 nisi
2125 5118 2180 5173 in
2225 5125 2414 5175 nostra
2457 5119 2676 5188 regione
2706 5115 2788 5170 vel
2833 5113 3249 5170 exercitationis
3274 5129 3466 5180 causa,
3496 5116 3579 5169 vel

289 5210 456 5282 χάριν
481 5211 710 5280 γίνεται,
763 5209 796 5281 ἦ
850 5208 1014 5265 ἄλλου
1066 5208 1212 5272 τινὸς
1255 5206 1554 5280 χρειώδους
1611 5208 1814 5279 τρόπον
1843 5209 1878 5278 ἡ

2017 5211 2218 5269 lterius
2265 5207 2499 5277 alicujus
2546 5207 2889 5264 necessitatis
2935 5206 3113 5278 gratia
3149 5215 3332 5263 castra
3356 5221 3579 5263 moven-

290 5301 388 5356 τοῦ
431 5302 739 5373 στρατηγοῦ
771 5302 886 5371 (75)
925 5300 1164 5373 κίνησις.

372 5402 462 5452 ια’.
492 5395 744 5451 Μάλιστα
772 5393 829 5447 δέ
874 5393 1182 5466 φροντίσεις
1217 5393 1313 5448 καὶ
1356 5393 1467 5449 τῶν
1490 5391 1883 5464 πλησιοχώρων

1990 5313 2097 5358 tur.
2141 5343 2143 5345 ι

2057 5393 2144 5449 11.
2185 5389 2516 5447 Proeurabis
2561 5389 2748 5455 etiam,
2797 5404 2868 5448 ne
2913 5389 3106 5448 vicinae
3151 5388 3407 5460 regiones
3453 5402 3578 5460 qua:

1848 5504 2083 5567 NOTAE.

373 5624 484 5692 (72)
524 5623 756 5694 Τάφρεν
784 5619 1477 5694 ﬁadsfarasuibehatur,
1514 5619 1718 5691 ταῦρον
1758 5620 1884 5693 βαθ.

369 5689 483 5762 (75)
539 5689 923 5761 ’El‘rté’ovldc.
949 5693 1168 5759 Scribe,
1191 5689 1474 5762 ἐπιϐολάς.

366 5759 1227 5838 (74)Ἢπά.1οις.’1.ρεει)οιυιι,
1263 5759 1296 5829 ἢ
1349 5761 1530 5820 πάλιν.
1579 5761 1636 5820 1η
1689 5763 1882 5822 codice

1993 5624 2474 5689 Pistorianoerat,
2502 5639 2703 5694 παλης.

2064 5695 2181 5770 (75)
2219 5697 2330 5753 Τοῦ
2360 5688 2722 5766 στρατηγοῦ.
2751 5694 2970 5764 Scribe,
3008 5692 3103 5748 τοῦ
3140 5688 3394 5764 στρατοῦ.
