4022 6484
472 256 581 323 795

1751 255 1948 316 LEON
1959 256 2025 315 IS
2060 255 2519 316 PHILOSOPIII

3638 254 3746 318 796

475 365 580 422 sub
631 369 820 418 nostro
873 361 1099 432 imperto
1142 369 1288 424 sunt,
1322 361 1542 430 aliquod
1593 361 1853 416 damnum
1916 363 2050 418 acci-

2166 363 2442 417 ὑποτελῶν
2489 363 2586 432 τῆς
2644 362 2922 432 βασιλείας
2974 364 3151 434 ἡμῶν,
3188 366 3272 416 ἵνα
3312 367 3385 435 μὴ
3435 365 3743 421 ἀδικοῦνται

475 457 649 527 piant,
680 455 734 508 in
768 455 956 524 primis
1001 463 1182 508 autem
1229 465 1288 508 ut
1314 454 1565 524 agricolae
1596 455 1715 509 sine
1754 455 2058 510 olfeusione

475 555 885 604 conserventur.
915 543 1043 598 Dum
1097 544 1240 598 enim
1290 547 1373 600 hae
1425 554 1568 600 artes
1611 546 1844 600 maxime
1897 546 2058 603 utiles
2093 577 2102 582 --

475 655 597 695 esse
657 638 908 691 videntur
964 636 1032 690 ad
1090 638 1406 706 reipublica:
1471 638 1919 692 constitutionem
2004 647 2058 692 et

473 737 963 792 conservationem.
1015 731 1379 804 Agricultura,
1445 749 1563 804 quat
1607 735 1778 788 nutrit
1817 749 1881 788 ac
1931 749 2056 803 pro-

472 838 649 884 movet
702 829 920 891 milites,
973 835 1027 881 et
1079 842 1170 881 ars
1223 828 1500 894 militaris,
1553 843 1674 896 quae
1723 828 1962 882 defendit
2003 835 2056 881 ct

470 929 774 991 propugnat
804 921 1109 989 agricolas:
1143 919 1367 989 reliquae
1402 935 1530 975 vero
1560 929 1708 975 artes
1748 921 1870 976 istis
1914 919 2054 974 infe-

469 1014 643 1068 riores
694 1028 817 1067 esse
871 1013 1144 1073 videntur,
1175 1020 1340 1080 atque
1406 1011 1528 1066 ideo
1575 1027 1796 1067 necesse
1825 1021 1908 1066 est
1936 1004 2054 1065 iSIis

467 1107 772 1175 providere,
802 1113 855 1159 et
900 1105 1120 1157 illarum
1154 1119 1340 1158 curam
1380 1119 1489 1157 non
1530 1104 1788 1174 abjicere,
1817 1112 1878 1158 ut
1904 1103 2052 1156 mili-

465 1204 548 1250 tes
572 1196 718 1265 juste
745 1196 812 1249 ab
841 1195 945 1249 illis
979 1195 1170 1248 nutriti
1207 1203 1427 1248 strenue
1467 1209 1525 1248 se
1573 1205 1786 1264 gerant,
1818 1202 1871 1248 et
1903 1192 2052 1263 agri-

463 1288 594 1343 cola:
615 1288 844 1342 honeste
867 1287 1079 1340 traetati
1106 1286 1266 1342 bonis
1297 1285 1442 1341 votis
1467 1285 1590 1340 illos
1619 1293 2045 1356 prosequantur.

544 1468 626 1522 12.
683 1467 944 1523 Hostibus
990 1467 1429 1531 imminentibus,
1477 1478 1529 1523 et
1577 1474 1896 1537 exspectato
1932 1465 2044 1536 jam

465 1559 627 1622 bello,
654 1558 700 1613 si
730 1557 1041 1626 auticipatis
1073 1558 1322 1612 hostibus
1347 1569 1524 1613 castra
1563 1557 1778 1620 feceris,
1815 1558 2046 1611 duorum

467 1659 562 1703 aut
589 1651 751 1704 trium
778 1650 989 1702 dierqu
1031 1651 1316 1719 pabulum,
1348 1651 1462 1704 sive
1506 1651 1740 1719 paleam,
1771 1651 1884 1705 sive
1921 1650 2045 1702 hor—

2163 456 2311 524 παρὰ
2338 455 2445 506 τῶν
2477 453 2840 522 στρατιωτῶν,
2861 456 2952 506 καὶ
2981 453 3102 507 κατ’
3130 456 3404 524 ἐξαίρετον
3431 456 3541 510 τῶν
3560 474 3746 527 γεωρ-

2158 546 2293 613 γῶν.
2321 546 2424 598 Δύο
2457 547 2565 615 γὰρ
2587 546 2762 598 ταῦτά
2786 564 2874 617 μοι
2893 547 3145 600 δοκοῦσιν
3174 547 3586 618 ἐπιτηδεύματα
3617 550 3746 602 λίαν

2159 636 2432 703 ἀναγκαῖα
2466 635 2601 704 πρὸς
2625 635 2810 698 ἔθνους
2844 635 3104 688 σύστασιν
3142 637 3236 687 καὶ
3259 635 3544 704 διαμονήν·
3574 653 3749 708 γεωρ-

2157 728 2288 796 γικὴ
2323 727 2419 797 μὲν
2453 729 2727 798 τρέφουσα
2783 727 2879 780 καὶ⁵
2911 725 3153 792 αὔξουσα
3211 727 3338 789 τοὺς
3379 725 3744 795 στρατιώτας,

2161 815 2530 888 στρατιωτικὴ
2575 817 2631 870 δὲ
2655 816 2947 870 ἐκδικοῦσα
2975 818 3068 869 καὶ
3098 815 3574 886 περιφυλάττουσα
3616 819 3748 881 τοὺς

2156 907 2466 979 γεωργούς·
2502 910 2558 962 αἱ
2587 909 2630 961 δ’
2664 909 2821 963 άλλαι
2859 907 3234 975 ἐπιτηδεύσεις
3257 907 3487 977 δεύτερα
3533 907 3747 961 τούτων

2156 1000 2279 1069 ἐμοὶ
2328 999 2772 1069 καταφαίνονται.
2830 1000 2930 1053 Διὰ
2985 998 3141 1052 τοῦτο
3189 998 3284 1052 καὶ
3338 999 3748 1064 ἀναγκαῖονάεὶ

2153 1090 2361 1145 τούτων
2392 1093 2795 1162 ἐπιμελεῖσθαι,
2828 1092 2924 1147 καὶ
2959 1091 3028 1145 τὰ
3053 1091 3193 1164 ὑπὲρ
3219 1092 3400 1145 αὐτῶν
3433 1092 3747 1161 φροντίζειν

2154 1183 2436 1249 ἑκάστοτε,
2495 1184 2571 1247 ὡς
2628 1185 2694 1238 ἂν
2739 1186 2832 1238 καὶ
2864 1184 2914 1236 οῖ
2952 1182 3282 1254 στρατιῶται
3334 1182 3563 1246 δικαίως
3611 1201 3746 1250 τρε-

2153 1278 2376 1346 φόμενοι
2404 1278 2805 1348 ἁνδραγαθῶσι,
2833 1277 2930 1331 καὶ
2983 1277 3034 1329 οἱ
3067 1276 3304 1346 γεωργοὶ
3347 1275 3423 1346 μὴ
3450 1273 3637 1328 ἀδικού
3647 1293 3747 1344 με-

2152 1387 2232 1422 νοι
2264 1370 2451 1439 εὐχαῖς
2502 1371 2698 1433 αὐτοὺς
2738 1372 2858 1434 ταῖς
2890 1369 3261 1441 ἁρμοζούσαις
3318 1370 3741 1440 προπέμπωσιν.

2224 1459 2310 1528 ιβ’.
2342 1459 2619 1530 Πολεμίων
2654 1459 2709 1513 δὲ
2744 1459 3089 1528 ἐγγιζόντων,
3129 1459 3227 1512 καὶ
3280 1460 3742 1528 προσδοκωμένου

2151 1551 2407 1619 πολέμου,
2440 1551 2533 1605 ἐὰν
2584 1553 2870 1623 προλαϐὼν
2904 1553 2960 1604 ἐν
2988 1552 3241 1621 φοσσάτῳ
3270 1551 3486 1622 διάγῃς,
3527 1568 3736 1622 στρατ-

2149 1647 2272 1714 ηγὲ,
2314 1645 2408 1698 καὶ
2470 1645 2594 1708 τοὺς
2638 1643 2865 1715 ἐχθροὺς
2897 1645 3195 1716 ἀναμένῃς,
3228 1644 3406 1696 ἐκεῖσε
3439 1642 3519 1695 δεῖ
3552 1643 3744 1712 εὑτρε-

463 1739 649 1803 deum,
675 1739 1057 1809 projumcntis
1092 1739 1202 1794 tuis
1243 1756 1353 1809 prae
1400 1756 1564 1794 manu
1605 1739 1831 1802 habeas,
1860 1753 2046 1808 quem-

2157 1737 2331 1800 πίζειν
2381 1737 2476 1789 κα¹ι
2511 1736 2828 1790 ἁποτιθὲναι
2858 1736 3071 1806 χόρτον,
3112 1734 3145 1805 ἢ
3203 1735 3426 1804 ἄχυρον,
3459 1733 3492 1803 ἢ
3545 1735 3745 1806 κριθὴν

463 1832 758 1886 admodum
797 1831 893 1886 tibi
939 1831 993 1884 in
1027 1832 1203 1901 capite
1236 1831 1310 1885 De
1355 1832 1546 1885 itinere
1578 1833 1842 1885 exercitus
1874 1830 2049 1899 expli-

462 1923 602 1978 cavi.
629 1923 722 1977 Sin
739 1924 888 1978 illinc
910 1924 974 1977 ad
999 1923 1104 1977 alia
1125 1933 1306 1978 castra
1339 1925 1572 1979 transire
1597 1923 1856 1988 volueris,
1886 1924 2049 1976 unius

463 2017 660 2072 saltem
696 2017 804 2071 diei
838 2025 1205 2071 commeatum
1241 2032 1306 2070 eo
1351 2025 1526 2071 tecum
1576 2016 1790 2086 paleam
1823 2023 1919 2068 aut
1969 2014 2048 2069 fe-

464 2121 594 2160 num
645 2105 808 2171 feras,
846 2114 902 2160 et
941 2105 994 2159 in
1043 2107 1245 2161 castris
1285 2121 1540 2176 reponas,
1596 2121 1664 2160 ne
1715 2105 1852 2160 forte
1896 2105 2048 2176 pueri

476 2197 790 2252 administri
841 2197 892 2251 vi
942 2198 1010 2252 ab
1055 2199 1307 2253 hostibus
1345 2199 1716 2260 detineantur,
1758 2207 1812 2252 ct
1855 2213 1919 2252 co
1965 2197 2052 2251 die

463 2290 856 2357 prohibeantur
909 2289 996 2344 vel
1054 2289 1316 2361 pabulum
1363 2291 1640 2363 colligere,
1673 2290 1757 2345 vel
1808 2289 2054 2358 iumenta

466 2379 533 2432 ad
571 2389 794 2450 pastum
827 2379 1052 2435 ducere.

2159 1829 2348 1898 μιᾶςῆ
2400 1828 2657 1896 δευτέρας
2693 1829 2905 1898 ἡμέρας
2943 1828 3054 1881 τῶν
3106 1827 3340 1894 ἀλόγων,
3379 1827 3454 1890 ὡς
3525 1827 3625 1897 ἢδη
3664 1845 3747 1881 σοι

2157 1923 2249 1974 καί
2272 1923 2328 1974 ἐν
2360 1920 2436 1990 τῷ
2466 1920 2603 1988 Περὶ
2631 1921 2972 1988 ὁδοιπορίας
3003 1919 3283 1990 κεφαλαίῳ
3315 1919 3673 1989 προδιεθέμεθ
3687 1937 3741 1972 α.

2157 2015 2266 2068 Καὶ
2297 2013 2458 2066 πάλιν
2482 2012 2575 2066 ἐὰν
2610 2012 2819 2064 ἐκεῖθεν
2857 2011 3124 2083 βουληθῇς
3152 2013 3232 2075 είς
3268 2011 3354 2064 Ere
3367 2026 3460 2081 ρον
3481 2013 3746 2066 ἆπλικτον

2158 2105 2411 2158 ἀπελθεῖν
2470 2105 2564 2157 καλ¹
2625 2104 2836 2156 ἐκεῖθεν
2891 2102 3355 2175 παρατάξασθαι,
3447 2105 3748 2171 ἀναγκαῖον

2159 2199 2352 2269 χόρτον
2398 2196 2491 2249 καὶ
2529 2195 2731 2266 ἄχυρον
2762 2197 2866 2248 κᾶν
2899 2197 3026 2266 μιᾶς
3053 2197 3266 2266 ἡμέρας
3302 2195 3610 2265 βαστάζειν,
3651 2197 3748 2248 καὶ

2161 2289 2332 2350 οὓτως
2365 2288 2421 2339 ἐν
2457 2304 2531 2357 τῳ
2563 2285 2832 2355 γινομένῳ
2862 2287 3116 2355 φοσσάτῳ
3150 2285 3502 2339 ἀποτίθεσθαι
3531 2285 3743 2338 τοῦτον·

2157 2381 2286 2442 ῐσως
2317 2379 2425 2448 γὰρ
2475 2380 2535 2431 οὐ
2571 2376 2977 2450 συγχωροῦνται
3031 2378 3136 2431 ὑπὸ
3163 2379 3266 2431 τῶν
3305 2378 3514 2449 ἐχθρῶν
3566 2380 3612 2431 of
3665 2380 3747 2439 εἰς

466 2468 710 2521 δουλείαν
727 2469 1100 2540 ἀφωρισμένοι
1128 2471 1317 2534 παῖδες
1346 2472 1482 2542 αὐτῇ
1508 2474 1574 2541 τῇ
1604 2471 1786 2540 ἡμέρᾳ
1817 2469 2050 2530 ἐξελθεῖν
2073 2471 2166 2524 καὶ
2195 2470 2607 2540 χορτολογῆσαι,
2626 2468 2748 2522 οὕτε
2772 2469 2912 2522 δὲτὰ
2934 2469 3106 2537 ἄλογα
3129 2469 3208 2532 el;
3239 2467 3437 2539 βοσκὴν
3468 2469 3740 2522 ἐκϐαλεῖν.

540 2559 626 2613 1'5.
649 2559 706 2614 Si
740 2561 1033 2615 admodum
1065 2577 1236 2631 prope
1286 2564 1473 2616 hostes
1525 2561 1749 2625 fuerint,
1793 2577 1901 2614 nou
1949 2562 2044 2614 ab-

466 2651 696 2704 surdum
727 2652 832 2705 crit
881 2653 1128 2722 singulos
1164 2654 1366 2730 milites
1416 2654 1555 2708 inter
1605 2656 1842 2708 cundum
1876 2655 2047 2721 pabu-

468 2743 579 2796 lum
623 2745 902 2814 colligere,
937 2745 1063 2814 quia
1100 2745 1426 2816 castrisjatn
1458 2746 1674 2816 positis,
1703 2747 1750 2800 si
1788 2745 1943 2799 multi
1980 2760 2044 2798 ex

465 2835 715 2889 hostibus
750 2837 963 2904 equites
996 2837 1222 2903 fuerint,
1259 2838 1413 2907 pueri
1445 2837 1757 2893 administri
1813 2837 1962 2893 exitu
1995 2845 2048 2892 et

464 2925 572 2980 feni
601 2926 901 2999 pabulique
934 2931 1181 2985 sectione
1209 2929 1669 3000 probibebuutur.

542 3105 632 3159 lli.
676 3102 783 3157 Par
817 3111 901 3159 est
937 3105 990 3157 in
1026 3119 1188 3160 casus
1222 3106 1482 3161 adversos
1523 3120 1665 3174 saepe
1721 3104 1946 3167 intueri,
1997 3111 2050 3158 et
2079 3117 2121 3176 α

465 3209 590 3266 quae
620 3191 745 3246 inde
775 3193 1218 3263 perturbationes
1253 3196 1384 3249 oriri
1417 3208 1649 3266 possunt
1675 3198 2046 3264 considerare,

467 3302 536 3340 ne
570 3293 761 3355 postea
796 3293 847 3339 te
873 3284 1067 3340 borum
1102 3286 1366 3355 poeniteat
1394 3303 1406 3341 :
1434 3289 1780 3360 maximeque
1811 3291 1874 3344 de
1898 3306 2050 3344 com-

467 3386 645 3433 meatu
670 3383 724 3432 et
756 3376 954 3448 pabulo
982 3377 1214 3432 militum
1245 3388 1297 3433 et
1317 3380 1697 3449 jumentorum
1746 3382 2046 3448 laborabis,

463 3474 519 3522 ct
565 3474 745 3522 castra
809 3468 1020 3523 munita
1068 3483 1241 3539 pones
1298 3469 1512 3525 idoneis
1561 3471 1614 3525 in
1671 3471 1826 3536 locis,
1873 3473 1962 3527 ubi
2001 3473 2046 3528 si

435 3558 688 3628 quando
714 3573 803 3613 res
840 3558 894 3613 id
927 3559 1130 3630 exigat,
1159 3562 1244 3616 vel
1276 3577 1418 3630 aqua
1452 3561 1625 3632 ﬂuvii,
1661 3573 1756 3619 aut
1784 3565 1939 3620 locus
1962 3581 2048 3618 ar-

465 3649 631 3711 duus,
660 3654 756 3702 aut
805 3648 910 3702 alia
943 3649 1100 3703 firma
1155 3651 1413 3717 munitio,
1455 3651 1748 3710 defendere
1778 3654 2046 3711 fossatum

467 3736 806 3809 temporibus
832 3739 1171 3797 necessariis
1198 3743 1398 3813 possit.

538 3914 628 3969 15.
677 3914 977 3974 Difﬁcultas
1039 3921 1308 3990 temporis
1357 3924 1403 3977 si
1447 3937 1568 3993 quae
1613 3924 1854 3994 pedestri
1911 3926 2049 3981 aciei

464 4007 765 4078 contingat,
799 4009 976 4065 carris
1004 4018 1059 4066 et
1103 4012 1363 4080 plaustris
1392 4029 1580 4070 eorum
1610 4027 1787 4072 castra
1811 4018 2049 4074 circum-

464 4097 613 4154 circa
645 4099 801 4170 quasi
831 4083 969 4156 valfo
1011 4102 1292 4169 defendes,
1329 4105 1445 4160 sive
1479 4107 1717 4177 pedestri
1745 4110 1901 4176 aclei,
1937 4111 2049 4165 sive

465 4191 733 4260 equestri,
777 4192 895 4247 sive
933 4195 1210 4264 permistae
1237 4197 1555 4268 contingat,
1587 4209 1640 4253 et
1671 4199 1876 4254 circum
1906 4215 2050 4255 exae-

465 4279 716 4336 diﬁcabis
751 4296 852 4352 pro
876 4283 983 4340 loci
1007 4287 1244 4353 ratione,
1280 4291 1740 4359 quemadmodum
1771 4307 1801 4346 a
1832 4308 1919 4346 me
1953 4308 2046 4348 su-

465 4385 560 4440 pra
590 4381 674 4426 est
698 4372 943 4442 dictum;
978 4386 1032 4430 et
1065 4379 1309 4435 exterius
1345 4380 1547 4436 fossam
1584 4383 1786 4437 ducere
1818 4393 1884 4437 ad
1920 4383 2046 4438 lati-

2221 2568 2309 2628 ιγ’.
2343 2562 2403 2612 El
2427 2561 2482 2612 δέ
2517 2561 2608 2613 καὶ
2639 2561 2773 2613 πολὺ
2816 2557 3127 2628 ἐγγίζουσιν
3159 2561 3204 2612 οἱ
3248 2559 3454 2630 ἐχθροὶ,
3487 2562 3588 2614 οὐκ
3618 2561 3744 2614 ἄτο-

2150 2667 2250 2704 πον
2275 2651 2330 2702 ἐν
2354 2651 2431 2720 τῷ
2466 2651 2810 2720 περιπατεῖν,
2843 2650 2918 2712 ὡς
2945 2651 3184 2720 εἴρηται,
3217 2652 3448 2704 ἕκαστον
3481 2652 3737 2720 συνάγειν

2146 2740 2238 2794 τὸν
2263 2741 2452 2810 χόρτον
2482 2741 2572 2793 τὸν
2594 2741 2874 2810 ὀφείλοντα
2899 2741 3228 2811 ἁποτεθῆνιει
3250 2757 3266 2773 ·
3301 2743 3421 2795 οὐδὲ
3457 2743 3564 2815 γὰρ
3601 2745 3742 2813 μετὰ

2147 2833 2210 2884 τὸ
2261 2832 2589 2887 ἀπλικεῢσαι
2647 2833 2906 2895 πολλάκις
2983 2833 3393 2904 συγχωροῦνται
3452 2837 3499 2886 οἱ
3552 2836 3741 2898 παῖδες

2156 2924 2396 2990 ἐξελθεῖν
2455 2925 2548 2978 καὶ
2600 2923 3014 2996 χορτολογῆσαι,
3059 2925 3321 2978 πλειόνων
3352 2925 3586 2992 μάλιστα
3639 2945 3739 2980 κχ-

2158 3015 2463 3086 6αλλαρίων
2491 3015 2600 3068 τῶν
2625 3014 2836 3086 ἐχθρῶν
2863 3015 3294 3086 εὑρισκομένων.

2227 3108 2306 3162 ιδ’.
2341 3109 2447 3162 Καὶ
2483 3109 2600 3172 πῶς
2631 3112 2740 3178 γὰρ
2771 3109 2832 3161 οὐ
2878 3107 3085 3162 δίκαιον
3119 3109 3214 3161 καὶ
3252 3108 3321 3162 τὰ
3356 3111 3432 3171 εἰς
3481 3107 3738 3178 δευτεραν

2150 3199 2323 3270 τύχην
2352 3201 2564 3271 ἀφορᾷν
2594 3199 2877 3264 πολλάκις,
2903 3200 2997 3253 καὶ
3023 3200 3122 3264 τὰς
3152 3198 3360 3252 ἐκεῖθεν
3389 3200 3739 3265 ἐναντιώσεις

2155 3292 2401 3356 σκοπεῖν,
2429 3288 3042 3360 καὶπροασφαλίζεσθαι
3063 3291 3132 3342 τὰ
3151 3288 3437 3358 μέλλοντα,
3464 3289 3538 3360 μὴ
3571 3307 3738 3358 μετα-

2154 3381 2413 3452 μέλεσθαι
2454 3380 2700 3451 ὕστερον,
2741 3381 2835 3434 καὶ
2883 3381 3116 3452 μάλιστα
3150 3381 3250 3446 τὰς
3282 3379 3598 3452 ἀποτροφὰς
3624 3381 3724 3454 (7ο

2148 3473 2372 3543 ἡμερῶν
2406 3471 2601 3542 ὀλίγων
2639 3472 2747 3525 τῶν
2781 3489 2841 3526 τε
2901 3471 3249 3544 στρατιωτῶν
3308 3472 3420 3545 (77)
3480 3473 3573 3524 καὶ
3627 3472 3737 3526 τῶν

2149 3566 2378 3634 ἀλόγων,
2398 3567 2491 3619 καὶ
2514 3565 2759 3635 φοσσάτα
2781 3564 2956 3636 ὀχυρὰ
2981 3567 3157 3618 ποιεῖν
3176 3563 3512 3635 ἐπιτηδείοις
3545 3563 3735 3630 τόποις

2151 3658 2278 3712 ἔνθα
2300 3658 2549 3723 δυνατὸν,
2581 3659 2689 3712 εἴτε
2733 3658 2878 3728 ὕδωρ
2909 3656 3177 3727 ποταμοῦ,
3220 3657 3330 3734 εῐτε
3357 3657 3518 3720 τόπος
3545 3655 3734 3727 δυσχε-

2155 3751 2280 3824 ρὴς,
2313 3752 2422 3804 εἴτε
2456 3750 2583 3804 ἄλλο
2631 3768 2684 3804 τι
2738 3749 2999 3822 ὀχύρωμα
3047 3749 3334 3804 διεκδικεῖν
3372 3749 3432 3803 τὸ
3463 3749 3734 3820 φοσσάτον

2148 3843 2206 3896 ἐν
2231 3841 2408 3913 καιρῷ
2430 3843 2710 3912 ἁνάγκης;

2224 3939 2304 3987 ιε’.
2359 3933 2446 3985 Ἐν
2478 3931 2536 3985 δὲ
2565 3935 2677 3996 τοῖς
2701 3930 3022 4000 ἀναγκαίοις
3042 3929 3136 3983 τοῦ
3181 3930 3410 3994 πεζικοῦ
3461 3930 3731 3984 ἀπλίκτου

2150 4025 2244 4077 καὶ
2300 4023 2398 4086 τὰς
2429 4021 2676 4094 ἁμάξαςτ,
2714 4022 2789 4085 ὡς
2858 4023 3094 4091 εἴρηται,
3143 4020 3460 4091 περικύκλῳ
3500 4021 3733 4075 καθίστα

2147 4115 2242 4169 τοῦ
2273 4115 2558 4181 ἀπλίκτου,
2600 4115 2710 4168 εἴτε
2733 4116 2790 4168 ἐν
2810 4115 3019 4185 πεζικῷ
3046 4112 3278 4185 στρατῷ,
3316 4113 3348 4182 ἦ
3382 4109 3477 4166 καῖ
3495 4114 3592 4168 ἐάν
3623 4115 3732 4167 sint

2148 4207 2243 4260 καὶ
2269 4207 2327 4259 ἐν
2360 4206 2764 4277 καϐαλλαρικῷ,
2818 4205 2850 4275 ἢ
2887 4203 3205 4275 συμμίκτῳ,
3255 4203 3348 4256 καὶ
3401 4203 3729 4272 οἰκοδομεῖν,

2148 4293 2222 4355 ὣς
2261 4311 2349 4363 μοι
2378 4294 2614 4365 εἴρηται,
2644 4295 2738 4346 ἐὰν
2758 4295 2785 4346 ὁ
2813 4293 2982 4356 τόπος
3017 4293 3138 4364 ἔχῃ,
3175 4292 3269 4345 καὶ
3292 4292 3495 4358 ἔξωθεν
3522 4294 3730 4364 τάφρον

2150 4389 2346 4452 ποιεῖν,
2383 4387 2614 4450 πλάτους
2649 4388 2746 4458 μὲν
2798 4387 2976 4440 ποδῶν
3005 4392 3045 4438 ε’
3099 4385 3131 4456 ἢ
3174 4392 3261 4450 ς·”
3301 4383 3498 4450 ἔξωθεν
3532 4383 3741 4456 βάθους.

465 4462 708 4517 tudinem
747 4466 992 4537 quinque
1037 4471 1236 4540 pedum
1290 4481 1384 4528 aut
1439 4489 1556 4539 sex,
1595 4475 1663 4529 ad
1707 4476 2044 4531 altitudinem

2157 4481 2206 4534 δὲ
2254 4480 2297 4544 ζ’
2345 4481 2378 4551 ἢ
2413 4479 2484 4552 η’,
2521 4481 2614 4533 καὶ
2656 4480 2718 4532 τὸ
2750 4479 2911 4550 χῶμα
2945 4480 3004 4531 ἐν
3029 4481 3095 4548 τῇ
3128 4477 3374 4547 ἐσωτέρᾳ
3403 4475 3523 4545 ὕψει
3561 4474 3729 4546 τεθῆ-

465 4564 646 4610 autem
697 4568 906 4627 septem
938 4572 1031 4616 aut
1086 4571 1211 4617 octo
1254 4566 1474 4635 pedum,
1505 4575 1558 4620 et
1594 4581 1840 4638 aggerem
1890 4567 2050 4622 fossae

465 4647 697 4703 interius
723 4650 1004 4719 conjicies,
1041 4664 1095 4708 et
1118 4664 1271 4710 extra
1304 4657 1446 4712 hanc
1486 4656 1688 4712 fossam
1725 4659 1957 4714 tribulos
1996 4669 2050 4714 et

464 4735 650 4793 foveas
683 4755 880 4810 parvas
907 4745 1046 4814 palis
1080 4746 1264 4803 infixis
1311 4746 1500 4810 facies,
1537 4764 1659 4818 qum
1695 4752 1762 4805 ab
1800 4750 2042 4805 exercitu

413 4853 417 4857 ι
465 4830 723 4886 universo
758 4837 1154 4905 cognoscenda
1181 4847 1332 4903 sunt,
1362 4840 1672 4895 ne-illorum
1697 4841 2040 4911 ignoratione

465 4919 751 4976 leniantur.

533 5010 624 5064 l6.
674 5012 928 5073 Ambitus
988 5019 1204 5086 fossati,
1257 5021 1372 5078 sive
1427 5031 1761 5090 castrorum,
1808 5035 2043 5096 quatuor

465 5108 651 5168 portas
679 5103 914 5173 majores
942 5115 996 5161 et
1042 5108 1289 5176 publicas
1320 5110 1538 5175 habeat,
1570 5113 1817 5180 portulas
1855 5123 2035 5168 autem

465 5205 659 5260 parvas
703 5205 964 5264 praeterea
1007 5199 1334 5268 complures.
1372 5199 1536 5254 Juxta
1593 5217 2038 5274 unamquamque

464 5294 696 5349 portam,
739 5287 790 5340 id
814 5297 918 5354 est,
954 5304 1262 5360 egressum,
1294 5291 1583 5360 praafcctus
1621 5295 1821 5363 aliquis
1855 5303 2034 5350 castra

463 5386 628 5442 ponat
650 5378 717 5432 ad
741 5377 862 5448 ejus
886 5380 1217 5434 custodiam.
1253 5379 1485 5438 Interius
1506 5396 1690 5440 autem
1710 5387 1863 5456 juxta
1882 5386 2038 5455 ipsos

2150 4587 2241 4625 ναι
2270 4589 2284 4604 ο
2321 4569 2521 4636 ἔξωθεν
2548 4571 2607 4624 δέ
2643 4570 2849 4638 ταύτης
2890 4568 3172 4641 τριϐόλους
3222 4568 3315 4621 καὶ
3343 4567 3583 4629 λάκκους
3639 4583 3730 4635 μι-

2151 4663 2314 4734 κροὺς
2351 4663 2574 4734 ἔχοντας
2602 4661 2806 4725 πάλους
2829 4661 2980 4724 ἐντὸς
3009 4661 3417 4730 πεπηγμένους,
3445 4659 3537 4722 οὒς
3564 4659 3646 4711 δεῖ
3667 4659 3729 4712 ἐν

2147 4753 2347 4822 γνώσει
2367 4757 2541 4807 ποιεῖν
2563 4756 2674 4816 τοῖς
2700 4752 2796 4806 τοῦ
2823 4752 3079 4823 στρατοῦ,
3106 4753 3194 4805 διὰ
3219 4751 3281 4804 τὸ
3311 4748 3726 4822 μὴάγνοοῦντας

2141 4844 2236 4898 ὑπ’
2267 4845 2448 4899 αὐτῶν
2482 4839 2837 4915 βλάπτεσθαι.

2217 5030 2315 5087 ις’.
2344 5023 2530 5092 Ἔχειν
2553 5021 2614 5073 δὲ
2647 5021 2745 5076 καὶ
2803 5020 2901 5090 τὴν
2936 5019 3269 5090 περίμετρον
3296 5016 3395 5069 τοῦ
3449 5014 3720 5084 φοσσάτου

2143 5115 2415 5186 τέσσαρας
2451 5114 2548 5184 μὲν
2579 5114 2736 5185 παρὰ
2765 5113 2862 5178 τὰς
2888 5113 2998 5185 (78)
3031 5111 3406 5181 μεγαλοτὲρας
3436 5108 3528 5162 καὶ
3553 5107 3724 5177 δημο-

2147 5205 2289 5268 σίας,
2316 5205 2671 5274 παραπόρτιεα
2701 5204 2760 5262 δι
2797 5203 2968 5274 μικρὰ
3010 5202 3254 5266 πλείονα,
3299 5201 3392 5254 καὶ
3443 5197 3568 5253 καθ’
3591 5196 3723 5250 ἐκά-

2148 5315 2278 5366 στην
2309 5297 2516 5363 πόρταν
2550 5297 2717 5368 ἧγουν
2750 5296 2926 5360 ἔξοδον
2942 5294 3089 5365 ἔχειν
3116 5293 3353 5364 ἄρχοντα
3371 5291 3464 5344 τὸν
3491 5286 3721 5359 πλησίον

2142 5388 2506 5444 ἀπλικεύοντα
2564 5390 2702 5459 πρὸς
2753 5387 3154 5458 παραφυλακὴν
3203 5384 3394 5454 αὐτῆς.
3462 5384 3612 5438 "Eam
3662 5378 3722 5432 δὲ

1977 5499 2186 5556 NOTAE
2197 5541 2211 5554 .

645 5579 761 5664 Τηᾲς
778 5582 1140 5653 ὰποτροφάς.
1156 5587 1529 5664 Scribebat“,
1544 5592 1642 5656 τὰς
1654 5593 2024 5664 ἀποστροφάς.

510 5648 620 5717 (77)
671 5649 804 5727 Τῶν,
842 5648 938 5704 te“
960 5648 1350 5723 στρατιωτῶν.
1389 5648 1772 5730 scribebatur,
1817 5648 1923 5716 adv.
1957 5648 2015 5716 τὲ

2136 5595 2384 5663 στρατόν.

2199 5661 2311 5734 (78)
2341 5665 2503 5734 Παρὰ
2524 5662 2652 5730 τάς.
2679 5662 2895 5731 Scribe,
2926 5661 3154 5735 πόρπας.
