4022 6434
278 281 381 347 797
1342 279 1678 338 TACTICA.
1724 304 1784 310 α-
1826 238 2328 336 CONsTn‘U'rIo
2364 276 2469 335 Χῐ.
3432 277 3537 340 793

275 397 404 468 παρ’
428 394 598 461 αὑτᾶς
628 397 722 461 τὰς
750 397 965 468 ἀμάξας
998 398 1095 462 τὰς
1129 398 1236 450 τῶν
1260 397 1431 467 ψιλῶν
1458 398 1648 457 τέντας
1678 396 1855 457 ἁπλᾶς

1959 409 2146 449 carros
2172 393 2395 459 levium,
2436 393 2487 445 id
2515 390 3008 460 ρει,];ιευ1αιοιίιῐη
3042 398 3096 446 et
3120 389 3540 462 sagittariorum

277 489 711 557 παρακειμένας,
760 490 926 558 ἤγουν
979 488 1086 541 τῶν
1126 506 1185 541 τε
1236 488 1569 542 ἀκοντιστῶν
1611 488 1707 541 καὶ
1748 491 1859 540 τῶν

1964 485 2245 555 simplices
2266 493 2464 550 tentas,
2504 483 2619 538 sive
2643 483 2877 538 tentoria
2912 498 3109 553 ponas,
3142 493 3194 537 et
3217 499 3247 537 a
3278 482 3540 536 curribus

273 578 525 646 τοξοτῶν,
559 581 653 633 καὶ
684 580 777 633 ἀπ’
796 581 1016 633 ἐκείνων
1041 579 1293 650 εὔκαιρον
1318 581 1590 649 διάστημα
1626 578 1761 650 (79),
1785 578 1861 640 ὡς

1964 584 2357 638 trecentorum,
2393 584 2487 628 aut
2518 572 3002 643 quadragintorum
3030 573 3223 641 pedum
3251 571 3541 625 intervallo

276 669 454 723 ποδῶν
478 677 544 736 τ’,
578 671 610 741 ἢ
644 670 707 737 υ’,
736 673 829 725 καὶ
873 673 994 725 τότε
1028 672 1125 735 τὰς
1163 672 1353 735 λοιπὰς
1386 672 1620 742 ταγῆναι
1645 671 1858 734 τέντας,

1962 669 2248 732 distantes,
2280 678 2503 735 tumque
2550 667 2770 737 reliqua:
2801 666 2872 721 ita
2909 666 3314 720 constituantur
3355 674 3536 723 lentae.

273 762 416 815 ὥστε
468 763 526 816 ὲν
584 767 703 828 ταῖς
739 764 845 818 τῶν
894 765 1103 835 ἐχθρῶν
1146 764 1382 828 τοξείαις
1424 764 1500 834 μὴ
1534 763 1859 834 πλήττεσθαι

1964 761 2015 814 id
2045 768 2147 825 est,
2175 759 2425 824 tentoria,
2460 768 2518 812 ut
2540 759 2668 812 dum
2722 760 2906 812 hostes
2928 756 3406 829 sagittasjaciunt.
3436 760 3536 809 mi-

273 853 374 916 τάς
406 856 463 906 ὲν
497 855 575 925 τῷ
624 857 795 927 μέσῳ,
818 856 945 909 ἀλλ’
986 859 1043 909 ἐν
1078 855 1155 925 τῷ
1194 856 1432 927 εὐκαίρῳ
1457 858 1606 925 τόπῳ
1642 857 1860 910 πίπτειν

1964 867 2066 907 nus
2102 853 2154 905 in
2188 851 2367 905 medio
2396 852 2673 906 collocata:
2702 859 2865 903 tenue
2891 849 3181 916 feriantur,
3215 848 3308 905 sed
3335 862 3546 919 Oppor-

273 946 373 1010 τὰς
399 949 685 1016 σαγίττας.

1964 954 2098 998 tuno
2130 944 2183 997 in
2211 944 2331 999 loco
2366 945 2575 1013 sagittae
2612 946 2831 999 cadant.

351 1033 439 1100 ιζ’.
458 1037 546 1088 Ἐν
569 1035 643 1107 τῷ
680 1036 828 1106 μέσῳ
856 1034 911 1088 δὲ
934 1033 1026 1087 τοῦ
1058 1035 1328 1104 φοσσάτου
1360 1036 1683 1106 σταυροειδῆ
1721 1036 1859 1088 πλα-

2037 1035 2126 1088 17.
2164 1034 2223 1088 lu
2260 1036 2440 1090 medio
2474 1047 2777 1091 castrorum
2805 1036 2979 1106 platea
3008 1045 3177 1091 strata
3208 1036 3277 1090 sit
3312 1035 3378 1090 ad
3411 1051 3546 1090 cru-

273 1127 425 1178 τεῖαν
458 1119 597 1178 εἶναι
646 1126 901 1196 στράταν,
952 1124 1014 1178 τὸ
1058 1125 1257 1189 πλάτος
1295 1124 1346 1196 μ’
1379 1126 1411 1195 ἢ
1464 1124 1505 1178 ν’
1532 1126 1729 1193 ποδῶν,
1767 1127 1861 1180 καὶ

1963 1128 2042 1181 cis
2078 1127 2305 1182 formam
2353 1137 2687 1190 transversa,
2724 1128 3082 1198 quadraginta
3111 1130 3222 1197 laut
3269 1129 3546 1197 quinqua-

276 1214 430 1268 ἔνθεν
483 1216 739 1269 κάκεῖθεν
794 1216 1164 1288 παρακεῖσθαι
1217 1217 1355 1287 αὐτῇ
1391 1218 1491 1279 τὰς
1534 1218 1725 1281 τέντας
1767 1221 1858 1289 ρυ-

1968 1218 2112 1289 ginta
2160 1219 2355 1289 pedum
2393 1220 2702 1283 latitudine,
2746 1230 2801 1274 ct
2842 1220 2972 1274 hinc
3030 1230 3193 1288 atque
3237 1221 3385 1273 illine
3430 1229 3556 1272 ten-

279 1307 510 1377 μοειδῶς
570 1309 692 1362 κατ’
716 1308 922 1381 ὀρδινον
951 1309 1178 1380 ἐχούσας
1234 1310 1404 1373 αὑτάς
1437 1311 1616 1379 ὀλίγον
1649 1312 1744 1365 ἀπ’
1769 1311 1863 1365 ἀλ-

1964 1318 2032 1364 ta:
2071 1317 2125 1363 et
2173 1318 2375 1374 castra,
2407 1309 2547 1364 serie
2577 1309 2813 1379 quadam
2857 1323 2909 1365 et
2940 1310 3134 1363 ordine
3179 1310 3544 1378 compitorum

274 1383 457 1473 λήλων
487 1400 783 1472 διάστημα,
809 1402 903 1455 καὶ
926 1403 1157 1455 ἕκαστον
1178 1404 1532 1474 τουρμάρχην
1556 1402 1721 1475 μέσον
1751 1404 1861 1458 τῶν

1965 1414 1995 1453 a
2032 1415 2092 1455 se
2124 1399 2383 1455 distantia
2432 1410 2730 1469 ponantur.
2775 1399 3172 1469 Unusquisque
3210 1410 3392 1453 autem
3426 1409 3543 1466 tur:

280 1491 371 1542 ὑπ’
403 1490 567 1545 αὐτὸν
598 1490 935 1546 ἀπλικεύειν.

1964 1507 2068 1546 ma;
2101 1492 2395 1562 praefectus
2424 1494 2476 1546 in
2506 1494 2683 1548 medio
2706 1509 2932 1548 suorum
2961 1502 3139 1547 castra
3174 1492 3389 1547 habeat.

351 1580 442 1653 ιη’.
483 1581 551 1634 Σὲ
578 1582 634 1635 δὲ
663 1582 753 1635 τὸν
783 1585 1089 1655 στρατηγὸν
1124 1585 1203 1647 εἰς
1237 1584 1295 1636 ἓν
1327 1584 1514 1654 μέρος,
1561 1586 1655 1640 καὶ
1700 1586 1775 1656 μὴ
1805 1589 1861 1641 ὲν

2034 1585 2119 1642 18.
2157 1583 2236 1639 Tu
2291 1601 2441 1649 vero,
2482 1586 2801 1655 imperator,
2845 1602 2952 1640 una
2984 1586 3163 1656 aliqua
3194 1601 3257 1639 ex
3284 1593 3460 1653 parte,
3493 1594 3548 1639 et

275 1671 357 1741 τῷ
388 1673 538 1743 μέσῳ
561 1673 661 1742 τῆς
705 1671 983 1739 πλατείας,
1017 1675 1103 1727 ἵνα
1136 1674 1213 1745 μὴ
1243 1674 1336 1727 καὶ
1364 1678 1431 1745 τῇ
1463 1676 1603 1747 μέσῃ
1634 1677 1859 1745 ἐμποδί-

1962 1690 2073 1729 non
2131 1676 2185 1729 in
2224 1676 2401 1729 media
2442 1676 2618 1746 platea
2674 1688 2853 1731 castra
2901 1676 3126 1741 habeas,
3179 1691 3251 1731 ne
3311 1676 3544 1730 aliorum

278 1733 538 1839 ζῂξπρδξ
574 1733 806 1832 πάροδον
832 1733 1059 1818 7:117de
1096 1733 1213 1818 τῶν.
1243 1733 1679 1838 παρεὸχόμέὸὶυκὶ
1704 1767 1865 1838 ὀχλῆ-

1969 1765 2166 1820 itincra
2210 1775 2263 1820 et
2295 1767 2584 1821 transitum
2622 1767 2909 1837 impedias,
2952 1778 3122 1836 tuque
3157 1768 3269 1837 ipse
3299 1782 3329 1821 a
3362 1776 3545 1821 trans-

279 1870 394 1905 σαι.
433 1854 572 1918 Τοὺς
609 1856 665 1907 δὲ
699 1855 1126 1927 καϐαλλαρῖους,
1160 1858 1256 1910 ἐὰν
1279 1859 1501 1927 γένηται
1533 1860 1723 1930 καιρὸς
1753 1861 1866 1912 εἱσ-

1967 1856 2227 1911 euntibus
2271 1857 2612 1926 pet'turbere.
2656 1857 2910 1928 Equites,
2967 1859 3018 1913 si
3064 1859 3444 1928 opportunitas
3491 1859 3546 1913 id

278 1946 479 2011 ελθεῖν,
528 1948 586 1999 ὲν
621 1946 697 2018 τῷ
728 1948 881 2018 μέσῳ
934 1947 1028 2001 τοῦ
1076 1950 1346 2018 φοσσάτου
1383 1949 1722 2016 ἀπλικεύειν,
1772 1952 1865 2005 καὶ

1968 1947 2129 2013 ferat,
2162 1949 2218 2003 in
2244 1948 2441 2005 mediis
2474 1950 2692 2017 castris,
2725 1959 2780 2007 et
2800 1965 2909 2006 non
2940 1950 2998 2006 in
3022 1952 3307 2020 extremis,
3340 1953 3547 2008 consti-

281 2038 360 2110 μὴ
383 2040 440 2090 ἐν
467 2040 580 2101 τοῖς
604 2038 817 2109 ἄκροις.

523 2040 580 2101 »ῖς
604 2038 817 2109 ἄκροις.
1970 2051 2111 2096 lues.

355 2125 439 2181 t0'.
474 2129 608 2193 Τοὺς
654 2130 709 2182 δὲ
759 2129 1210 2200 χρησιμωτέρους
1269 2130 1375 2183 τῶν
1417 2132 1675 2200 κομήτων
1726 2132 1866 2204 μετὰ

2040 2133 2124 2188 l9.
2164 2134 2498 2204 Aptissimos
2526 2150 2744 2205 quoque
2786 2136 3018 2192 comites
3045 2152 3168 2191 cum
3202 2138 3319 2193 suis
3348 2138 3543 2192 cohor-

280 2217 390 2271 τῶν
426 2219 516 2271 ὑπ’
538 2220 735 2283 αὐτοὺς
766 2220 1066 2289 ταγμάτων
1113 2222 1192 2283 εἰς
1243 2221 1341 2283 τὰς
1367 2222 1572 2291 πόρτας
1602 2222 1697 2274 τοῦ
1729 2239 1864 2292 (ροσ-

1970 2227 2114 2280 tibus
2149 2226 2213 2281 ad
2249 2235 2436 2295 portas
2470 2227 2663 2283 fossati
2718 2228 3039 2296 collocabis,
3073 2239 3132 2283 ut
3164 2239 3293 2299 post
3321 2246 3546 2300 vesper-

289 2311 449 2364 σάτου
474 2310 853 2381 ἀφορίζεσθαι,
882 2310 1023 2363 ὥστε
1053 2312 1191 2381 μετὰ
1213 2312 1310 2374 τὰς
1342 2312 1633 2382 ἐσπερινάς
1667 2314 1865 2381 μίσσας

1970 2316 2113 2370 tiuas
2151 2316 2349 2371 missas
2396 2332 2556 2372 nemo
2599 2317 2800 2373 audeat
2840 2331 3037 2389 prazter
3068 2320 3411 2389 imperatoris
3455 2337 3546 2374 vu-

289 2400 493 2470 μηδένα
546 2402 769 2473 θαρρεῖν
803 2401 963 2471 μέχρι
994 2400 1089 2454 τοῦ
1127 2401 1414 2473 δεδομένου
1453 2403 1680 2473 σημείου
1716 2405 1866 2473 παρὰ

1970 2407 2254 2473 lunt-atem,
2297 2407 2404 2462 nisi
2457 2409 2583 2463 dato
2634 2410 2794 2480 signo
2847 2410 3079 2481 ingredi,
3132 2420 3226 2466 aut
3270 2427 3301 2468 e
3338 2412 3547 2466 l'ossato

284 2493 508 2562 γνώμην
538 2492 631 2544 τοῦ
681 2492 989 2563 στρατηγοῦ
1038 2493 1218 2548 αὐτῶν
1250 2493 1597 2565 είσέρχεσθαι
1641 2496 1674 2567 ἢ
1711 2495 1865 2566 ἐξέρα
1970 2499 2175 2567 egredi.

284 2584 477 2655 χεσθαι
508 2586 564 2636 ὲν
589 2584 666 2655 τῷ
693 2585 966 2655 φοσσάτῳ.

357 2673 427 2730 κ’.
478 2676 589 2740 Τὰς
628 2676 685 2729 δὲ
733 2675 1052 2746 νυκτερινὰς
1107 2676 1299 2747 βίγλας
1332 2677 1441 2732 τῶν
1489 2679 1869 2752 καϐαλλαρίων

2042 2672 2130 2727 20.
2173 2671 2467 2729 Nocturna:
2494 2676 2740 2745 equitum
2778 2676 3025 2731 excubiae
3056 2677 3200 2732 intus
3232 2686 3348 2733 tuto
3392 2678 3539 2735 ﬁant.

284 2767 489 2819 ἔσωθεν
520 2767 689 2819 ὄντων
718 2767 975 2836 ἀσφαλῶς
1011 2768 1277 2835 γίνεσθαι.
1308 2769 1578 2831 Ἕκαστος
1621 2771 1676 2823 δὲ
1706 2788 1867 2842 τουρ-

1977 2763 2365 2837 Ilnttsquisque
2428 2770 2740 2823 turmarcha
2811 2786 2972 2824 suum
3048 2770 3423 2825 inundatorem
3480 2773 3542 2826 ad

289 2857 507 2926 μάρχης
534 2856 618 2909 ἴνα
650 2856 781 2909 ἴδιον
818 2856 1127 2927 μανδάτορα
1161 2857 1421 2929 ἀφορίσει,
1460 2858 1599 2911 ὥστε
1624 2856 1763 2912 εἶναι
1789 2862 1870 2923 εἰς

1975 2858 2321 2926 imperatoris
2363 2860 2645 2913 cohortem
2691 2862 2967 2927 amandet,
3017 2871 3077 2914 ut
3108 2860 3179 2915 ibi
3212 2875 3548 2931 permaneat.

283 2948 385 3017 τὴν
420 2948 622 3017 κόρτην
670 2946 763 3000 τοῦ
798 2946 1104 3018 στρατηγοῦ
1139 2948 1592 3019 προσεδρεύοντα.
1639 2949 1869 3020 Ὁμοίως

1975 2948 2238 3002 Similiter
2269 2950 2575 3017 drungarii,
2621 2950 2673 3005 id
2719 2958 2803 3005 est
2854 2952 3058 3006 tribuni
3087 2961 3142 3006 et
3186 2952 3438 3019 comites,
3481 2956 3546 3006 ad

282 3037 345 3090 δὲ
367 3040 458 3091 καὶ
480 3040 605 3101 τοὺς
627 3038 1018 3108 δρουγγαρίους
1042 3040 1138 3091 καὶ
1170 3039 1420 3111 κόμητας
1450 3042 1530 3103 είς
1555 3040 1649 3111 τὴν
1679 3041 1869 3093 τένταν

1977 3042 2415 3094 turmarcharum
2452 3052 2631 3097 castra
2661 3057 2792 3097 suos
2828 3044 3067 3107 mittant,
3108 3051 3169 3097 ut
3205 3059 3304 3113 per
3334 3060 3431 3101 eos
3461 3060 3549 3100 cc-

284 3124 382 3181 τοῦ
404 3129 772 3200 τουρμάρχου·
804 3130 889 3182 ἶνα
906 3129 993 3183 διὰ
1022 3129 1226 3184 τούτων
1259 3130 1540 3202 συντόμως
1561 3130 1870 3199 γινώσκωσι

1536 3130 1870 3199 ῑγινώσκωσι
1900 3124 1940 3139 ’⁸
1977 3132 2165 3187 leiiter
2192 3142 2550 3202 cognoscant,
2583 3148 2705 3203 qua:
2734 3134 2943 3204 agenda
2974 3144 3124 3189 sunt.

288 3219 494 3283 πάντες
513 3222 581 3274 τὰ
610 3220 987 3293 ὲντελλόμενα.

362 3317 468 3366 καί.
496 3312 682 3382 Ἐχειν
702 3313 760 3366 δέ
784 3330 864 3379 σε,
893 3310 937 3368 ὦ
967 3314 1261 3386 στρατηγὲ,
1295 3315 1425 3386 περὶ
1473 3314 1666 3369 ἑαυτὸν
1691 3315 1873 3386 βουκι-

2044 3307 2133 3363 2|.
2190 3308 2405 3365 Habeas
2449 3320 2652 3376 tecum,
2704 3325 2738 3365 ο
2788 3310 3110 3382 imperator,
3168 3312 3552 3369 buccinatorcs

289 3403 523 3473 νάτορας
548 3406 644 3458 καὶ
674 3407 886 3476 μικρῶν
916 3407 1179 3477 βουκίνων
1204 3410 1296 3462 καὶ
1338 3410 1612 3479 μεγάλων,
1646 3410 1741 3463 καὶ
1777 3408 1872 3462 τοῦ

1975 3409 2089 3455 tum
2125 3401 2391 3470 majorum
2424 3402 2807 3466 buccinarum,
2840 3410 2955 3456 tum
2984 3403 3286 3470 minorum,
3326 3414 3380 3459 et
3411 3420 3548 3459 con-

288 3496 598 3566 εἰθισμένου
629 3497 876 3568 βουκίνου
906 3500 1259 3564 σαλπίζοντος
1288 3501 1418 3570 περὶ
1441 3501 1682 3572 ἑσπέραν
1704 3498 1874 3553 παύε-

1975 3502 2129 3545 sueta
2162 3492 2395 3545 buccina
2449 3493 2657 3561 vesperi
2692 3503 2948 3556 sonante,
2993 3493 3249 3549 desinant
3286 3510 3319 3549 a
3348 3496 3546 3551 labori-

292 3589 420 3643 σθαι
464 3589 573 3642 τῶν
619 3590 820 3658 πόνων,
857 3592 951 3647 καὶ
975 3591 1327 3657 δειπνοῦντας
1361 3593 1580 3662 ψάλλειν
1605 3593 1697 3646 τὸν
1725 3610 1874 3664 τρισ-
1977 3583 2103 3648 bus.
2150 3589 2206 3635 οι
2270 3582 2363 3635 Ubi
2430 3584 2788 3647 CGBMVCTiN.
2836 3585 3137 3655 τρισάγιον.
3196 3587 3250 3642 Μ
3315 3596 3420 3652 εει.
3472 3597 3551 3644 let

298 3681 456 3748 άγιον
493 3681 663 3751 ὕμνον
689 3683 822 3753 (80).

1975 3682 2225 3728 sanctum
2256 3672 2517 3742 hymnum
2551 3672 2662 3743 (81)
2698 3684 2920 3729 canant.

366 3771 468 3844 xﬁ'.
506 3774 885 3844 Ἀφορίςεσθαι
909 3774 965 3829 δὲ
992 3774 1085 3828 καί
1124 3792 1275 3838 τινας
1304 3774 1505 3840 ἰδικούς
1542 3793 1635 3829 σου
1662 3776 1873 3846 ἀνθρώ-

2046 3763 2136 3817 22.
2196 3761 2477 3828 Quosdam
2535 3764 2699 3817 ctiam
2776 3764 3084 3835 singulares
3154 3766 3303 3824 viros
3366 3767 3551 3824 ﬁdeles

288 3881 429 3927 πους
476 3866 720 3928 πιστοὺς,
761 3866 847 3920 ἵνα
877 3866 1335 3936 καταμαιθάνωσι
1391 3866 1490 3929 τὰς
1535 3867 1745 3937 βίγλας,
1780 3867 1874 3919 καὶ

1976 3856 2307 3920 constitues,
2374 3863 2431 3909 ut
2488 3856 2751 3912 excubias
2801 3858 3153 3925 perlustrent,
3198 3868 3253 3913 et
3295 3860 3552 3914 omnibus

294 3960 433 4011 πᾶσι
469 3957 888 4029 παραγγέλλωσι
921 3958 1130 4029 σιωπὴν
1175 3960 1338 4028 ἔχειν,
1360 3957 1500 4011 ὥστε
1530 3959 1589 4024 ἐξ
1611 3958 1874 4029 ὀνόματος

1975 3948 2295 4018 praecipiant
2345 3949 2650 4015 silentium,
2685 3958 2743 4003 ut
2792 3964 2859 4004 ne
2898 3950 3121 4004 nomine
3146 3950 3434 4020 quisquam
3461 3967 3550 4008 so-

298 4049 379 4119 μὴ
400 4049 621 4119 θαρρεῖν
662 4049 803 4118 μετὰ
833 4049 1082 4121 κραυγῆς
1117 4049 1302 4102 καλεῖν
1325 4050 1415 4103 τὸν
1439 4051 1653 4120 ἑταῖρον
1682 4048 1870 4103 αὐτοῦ’

1980 4042 2126 4094 cium
2160 4055 2321 4095 suum
2372 4040 2644 4108 appellare
2689 4039 2921 4106 audeat;
2978 4041 3150 4095 multa
3180 4042 3331 4097 enim
3378 4057 3443 4097 ex
3474 4043 3551 4097 si-

295 4139 471 4192 πολλὰ
500 4142 609 4211 γὰρ
635 4140 703 4194 τὰ
737 4141 801 4195 ὲκ
836 4142 934 4212 τῆς
967 4140 1176 4210 σιωπῆς
1206 4140 1405 4209 ἀγαθά.
1441 4141 1550 4193 Καὶ
1569 4142 1650 4195 ὅτι
1678 4140 1875 4195 πολλά-

1977 4133 2143 4187 lentio
2170 4132 2313 4187 bona
2352 4131 2798 4201 proﬁciscuntur.
2840 4131 3094 4203 Persaepe
3131 4134 3279 4189 enim
3310 4135 3380 4189 ad
3405 4135 3553 4192 hunc

293 4249 387 4296 κις
427 4232 766 4287 κατάσκοποι
825 4232 1101 4303 πολεμίων
1145 4234 1209 4286 ὲκ
1236 4232 1423 4287 τούτου
1453 4232 1549 4286 τοῦ
1577 4233 1779 4305 τρόπου
1817 4236 1874 4288 ὲν

1979 4224 2199 4279 modum
2248 4224 2486 4279 hostium
2532 4224 2906 4293 speculatores
2953 4226 3278 4295 deprehensi
3306 4227 3361 4281 in
3399 4242 3555 4283 exer-

294 4325 379 4397 τῷ
417 4325 769 4397 στρατοπέδῳ
792 4325 1149 4389 λανθάνοντες
1190 4325 1553 4397 ἐφωράθησαν
1586 4326 1680 4379 καὶ
1705 4328 1872 4397 ἐκρα-

1976 4317 2086 4371 citu
2136 4328 2299 4385 atque
2351 4314 2489 4369 adeo
2526 4316 2671 4384 capti
2720 4324 2872 4382 sunt,
2912 4318 3377 4386 quemadmodum
3418 4334 3556 4377 oon-

297 4416 566 4487 τήθησαν,
603 4416 792 4487 ὥσπερ
828 4419 923 4471 καὶ
962 4419 1026 4469 ἐκ
1048 4419 1144 4487 τῆς
1173 4417 1419 4488 κραυγῆς
1451 4415 1711 4471 πολλάτὰ
1737 4434 1875 4487 συμ-

1982 4417 2060 4462 tra
2102 4424 2169 4462 ex
2205 4407 2443 4462 clamore
2484 4415 2539 4461 et
2578 4407 2812 4461 tumultu
2856 4409 3025 4463 multa
3068 4425 3210 4480 saepe
3240 4412 3382 4466 mala
3412 4412 3557 4467 exsi-

296 4508 553 4563 6αίνοντα
571 4508 829 4580 βλαϐερά.

571 4508 829 4580 βλαϐερά.
1980 4508 2151 4555 stunt.

373 4600 480 4669 κγ’.
518 4602 768 4654 Κωλύειν
820 4602 877 4655 δὲ
928 4602 1153 4665 καὶτὰς
1179 4601 1457 4672 ὀρχήσεις,
1501 4602 1597 4654 καὶ
1645 4601 1879 4672 μάλιστα

2049 4595 2139 4649 25.
2171 4595 2472 4652 Prohibeas
2508 4596 2675 4652 etiam
2726 4596 3005 4653 orcheseis
3053 4595 3168 4666 (82)
3219 4604 3275 4649 et
3319 4596 3576 4652 maxime

297 4693 399 4757 τὰς
430 4693 745 4764 ὲσπερινὰς,
775 4695 871 4747 καὶ
894 4694 1022 4746 ἄλλο
1049 4694 1104 4746 εἴ
1125 4711 1178 4746 τι
1202 4693 1474 4761 παίγνιον,
1506 4693 1581 4755 ὡς
1612 4693 1687 4763 μὴ
1714 4693 1877 4763 μόνον

1980 4697 2302 4753 nocturnas,
2352 4697 2407 4743 et
2442 4690 2487 4744 si
2518 4689 2648 4758 quid
2687 4689 2838 4745 aliud
2868 4687 3139 4743 ludicrum
3169 4695 3270 4753 est,
3298 4700 3421 4755 qua:
3443 4701 3555 4745 nou

295 4787 576 4856 ἀκόσμους
611 4785 705 4839 καὶ
741 4785 1104 4855 θορυϐοειδείς
1156 4786 1418 4839 ποιοῦντα
1460 4784 1710 4851 ἀταξίας,
1741 4785 1879 4840 ἀλλὰ

1982 4777 2157 4831 solum
2194 4777 2479 4832 indecoras
2536 4786 2591 4833 et
2636 4777 3005 4832 tumultuosas
3050 4772 3262 4831 ordinis
3339 4780 3556 4842 pertur-

297 4880 396 4933 καὶ
420 4880 621 4943 κόπους
649 4878 941 4948 ἀνωφελεῖς
975 4878 1301 4948 παρέχοντα.

1983 4869 2232 4927 hationes
2276 4868 2505 4936 faciunt,
2558 4868 2651 4925 sed
2684 4869 2849 4925 etiam
2884 4865 3100 4925 labores
3138 4862 3362 4921 inutiles
3412 4878 3555 4933 pra;-

1982 4965 2132 5019 bent.

374 5056 474 5109 κδ’.
510 5058 636 5111 Ἐάν
675 5058 731 5111 δὲ
775 5057 973 5129 μέλλῃς
1028 5056 1290 5128 μεθιστᾷν
1341 5057 1422 5120 εἰς
1481 5056 1667 5127 ἕτερον
1712 5055 1876 5108 τόπον

2050 5057 2142 5111 24.
2178 5056 2236 5114 Si
2263 5056 2564 5113 exercitum
2614 5070 2644 5110 a
2668 5053 2871 5111 castris
2913 5051 2984 5107 ad
3024 5050 3132 5108 alia
3162 5060 3343 5107 castra
3381 5059 3557 5109 trans-

303 5147 413 5200 ἀπὸ
436 5148 700 5201 ἁπλίκτου
724 5148 787 5201 τὸ
823 5151 1163 5219 στράτευμα,
1197 5148 1291 5200 καὶ
1325 5145 1493 5217 βούλη
1534 5146 1715 5200 λαθεῖν
1751 5146 1876 5208 τοὺς

1986 5149 2130 5204 ferre
2160 5149 2340 5219 cupis,
2385 5150 2548 5218 idque
2592 5147 2733 5205 clam
2771 5146 2957 5201 hostes
3002 5143 3204 5207 facere,
3248 5141 3333 5196 vel
3370 5141 3556 5196 locum

302 5240 615 5311 πολεμίους,
644 5241 678 5313 ἢ
707 5242 906 5305 τόπους
933 5242 1165 5312 ὀχυροὺς
1197 5237 1711 5309 προκαταλαϐέσθαι
1750 5254 1879 5308 προ-

1985 5238 2219 5307 aliquem
2268 5237 2485 5291 ﬁrmum
2557 5235 2809 5290 hostibus
2856 5233 3150 5304 praeripere
3199 5229 3407 5295 studes,
3462 5238 3557 5283 aut

1834 5327 2065 5385 NOTAE.

380 5424 817 5494 (79)Εὔκαιρόν
876 5401 1196 5494 διὰἁτημα.
1262 5422 1636 5486 Scribebatur,
1689 5422 1882 5492 καιρὸν

1529 5430 1636 5486 tur,
1689 5422 1882 5492 καιρὸν
2063 5420 2176 5494 (ξι)
2215 5420 2327 5494 ﬂoc
2351 5428 2457 5494 est,
2490 5418 2835 5494 saltationes,
2864 5417 3116 5472 choreas.

304 5476 617 5567 διέςεήμαε
702 5476 721 5493 ’
867 5563 877 5567 -
1288 5563 1310 5567 μ
1781 5476 1802 5567 .’

1991 5561 2004 5567 _
2063 5476 2177 5561 (82')
2214 5476 2642 5567 Trisagionmon
2696 5496 2778 5542 est
2804 5476 3043 5567 hymnus
3073 5494 3158 5567 ter
3179 5476 3557 5567 sanctustsed

378 5556 801 5635 (80)"‘Fdllsw
820 5563 926 5635 te;
950 5561 1258 5632 τρισάγιον
1277 5563 1488 5632 ὕμνον.
1548 5561 1623 5616 De
1651 5561 1755 5635 hoc
1781 5563 1882 5631 hy-

1990 5556 2248 5635 ltyintius,
2277 5562 2329 5613 in
2356 5556 2465 5632 quo
2493 5562 2635 5617 Deus
2662 5567 2744 5615 ter
2762 5556 2857 5615 seu
2886 5556 3063 5612 tribus
3089 5556 3302 5611 vicibus
3333 5556 3559 5608 sanctus

307 5631 439 5688 nmo
466 5631 624 5706 plene
653 5652 753 5692 nos
793 5637 848 5690 in
878 5632 1154 5690 Clossario
1181 5631 1375 5691 nostro
1401 5632 1752 5690 commentati
1782 5647 1878 5686 su-
1990 5631 2339 5701 praedicatur.

312 5719 458 5763 ιιιυε.
