4022 6466
369 262 481 328 799

1628 252 1823 315 LEON
1833 249 1905 310 lS
1932 245 2390 313 PHILOSOPHI

3504 258 3615 320 800

370 371 489 427 loca
545 367 793 439 quatdam
856 366 996 436 fugis
1066 373 1286 435 propter
1332 364 1663 419 offensiones
1705 377 1827 433 qua:
1869 360 1935 412 ab

2044 358 2282 426 αιρῆσαι,
2314 359 2347 429 ἢ
2374 359 2500 421 τοὺς
2525 359 2687 422 ὄντας
2716 362 2983 424 τοιούτους
3026 362 3230 433 φεύγῃς
3268 364 3356 417 διά
3382 381 3532 428 τινας
3554 368 3620 419 ἐκ

372 460 625 517 hostibus
649 457 780 512 oriri
811 464 1063 526 possunt,
1092 466 1145 510 et
1169 457 1220 508 in
1250 456 1626 509 necessitatem
1658 452 1940 523 proeliandi

374 551 560 606 venire
608 546 869 610 nolueris,
920 546 1070 613 ignes
1126 544 1328 597 multos
1372 542 1560 606 facito,
1603 551 1656 595 et
1690 540 1939 601 discede;

375 644 558 697 hostes
589 637 735 692 enim
768 650 861 689 eos
906 633 1057 702 ignes
1087 632 1131 687 si
1176 641 1420 699 cernant,
1449 632 1862 686 arbitrabuntur
1889 638 1942 683 te

374 735 427 789 in
460 731 654 787 castris
689 742 830 793 esse,
867 727 1059 794 sicque
1087 723 1235 795 quod
1265 724 1419 792 cupis
1444 722 1665 778 ellicies.

436 823 526 877 25.
555 819 668 874 lloc
700 818 1067 887 Nicephorum
1111 815 1394 886 copiarum
1430 804 1737 869 nostrarum
1773 812 1941 881 impe-

372 923 642 975 ratorem,
683 908 903 979 quando
946 907 1000 961 in
1055 906 1268 978 Syriam
1309 904 1512 973 ingenti
1545 919 1666 959 cum
1697 903 1938 956 exercitu

371 1021 401 1059 a
438 1004 599 1058 nobis
648 1000 849 1055 missus
897 1008 1000 1064 est,
1048 996 1246 1052 fecisse
1302 996 1574 1050 novimus.
1630 990 1765 1045 Nam
1814 1006 1939 1047 cum

371 1108 626 1164 magnam
673 1092 907 1162 praedam
961 1089 1014 1143 in
1058 1088 1233 1142 media
1289 1085 1472 1139 hostili
1528 1094 1669 1136 terra
1698 1081 1939 1143 fecisset,

373 1187 622 1242 hostibus
648 1182 934 1254 permultis
965 1180 1227 1235 adversus
1255 1192 1379 1231 cum
1409 1173 1768 1245 congregatis,
1802 1187 1941 1242 quos

371 1273 972 1349 Apulpherjeunucbus
1002 1270 1396 1323 Saracenorum
1433 1275 1487 1319 et
1526 1263 1939 1331 barbaricarum

372 1369 655 1438 copiarum
704 1365 997 1432 imperator
1033 1368 1309 1431 coegerat,
1343 1369 1524 1411 tamen
1550 1355 1615 1410 ad
1647 1355 1791 1408 hunc
1824 1368 1942 1407 mo-

372 1462 502 1515 dum
564 1456 817 1528 populata
872 1452 1055 1508 hostili
1106 1461 1272 1512 terra,
1329 1449 1572 1517 captivos
1630 1460 1761 1501 suos
1813 1444 1940 1499 reli-

374 1562 648 1620 quamque
684 1545 918 1617 prtedam
956 1544 1223 1614 integram
1249 1539 1491 1595 abduxit.

441 1730 531 1784 26.
585 1728 888 1782 Adversum
944 1724 1299 1791 Bulgarorum
1371 1718 1770 1789 expeditionem
1832 1716 1940 1771 tale
1978 1702 2022 1758 Β

372 1820 578 1890 aliquid
622 1819 690 1872 ab
731 1818 922 1871 eodem
965 1814 1330 1883 excogitatum
1376 1821 1479 1876 est,
1529 1808 1676 1879 quod
1729 1821 1941 1877 nequa-

371 1926 538 1981 quam
588 1906 850 1963 oblivioni
898 1904 1266 1958 mandandutn
1316 1910 1437 1955 est:
1488 1898 1654 1954 simul
1697 1896 1843 1952 enim
1873 1896 1942 1950 ad

374 2012 649 2057 vecturam
680 1996 1015 2067 expeditum,
1045 2003 1101 2048 et
1128 1992 1195 2046 ad
1236 1991 1540 2045 custodiam
1575 1987 1941 2042 necessarium

373 2095 543 2150 fuisse
580 2090 985 2146 advertebatur.
1020 2085 1219 2139 [ladies
1251 2082 1391 2136 duos
1422 2095 1545 2150 quae
1581 2077 1814 2132 canonia
1847 2091 1942 2130 vo-

372 2193 518 2245 cant,
544 2181 801 2251 aequales,
828 2181 992 2233 trium
1028 2175 1376 2232 dodrantium
1401 2182 1495 2226 aut
1520 2170 1685 2241 paulo
1710 2168 1941 2238 amplius

372 2274 734 2347 longitudine,
786 2272 853 2326 ad
909 2270 1140 2325 formam
1173 2269 1238 2333 A,
1272 2267 1323 2320 id
1357 2273 1462 2330 est,
1491 2263 1707 2317 lantbda
1746 2261 1943 2315 litterm

368 2367 660 2437 iungebat:
730 2364 958 2418 alterum
1003 2370 1185 2415 autem
1237 2359 1450 2413 radium
1501 2358 1616 2413 sive
1647 2356 1940 2420 canonion,

373 2460 616 2527 quinque
646 2464 740 2509 aut
771 2470 865 2508 sex
900 2452 1253 2507 drodantium
1276 2450 1640 2519 longitudine,
1680 2447 1941 2512 menauli,

374 2546 428 2600 id
461 2555 541 2599 est
566 2544 733 2614 jaculi
772 2545 943 2598 instar
971 2543 1037 2596 ad
1069 2543 1220 2610 bipes
1262 2541 1389 2594 illuc
1413 2539 1735 2609 adiungens,
1774 2541 1946 2608 tripes

378 2637 529 2701 fecit,
573 2634 802 2689 firmatis
875 2635 1016 2688 inter
1058 2648 1118 2688 se
1158 2633 1211 2687 in
1262 2633 1538 2702 iungendo
1586 2632 1834 2702 pedibus.
1884 2630 1943 2684 ln

375 2743 588 2782 summo
631 2735 810 2780 autem
859 2725 951 2778 illo
980 2725 1137 2794 quasi
1186 2725 1440 2778 menaulo
1468 2724 1653 2792 cuspis
1693 2723 1943 2793 quadam

374 2838 569 2893 magna
603 2832 659 2875 et
684 2821 861 2889 ampla
886 2819 1082 2889 injecta
1110 2829 1217 2885 est,
1240 2832 1272 2873 e
1295 2818 1507 2887 tripode
1531 2818 1779 2874 eminens
1805 2819 1944 2875 duos

372 2916 689 2974 dodrantes,
724 2921 820 2965 aut
853 2912 1014 2980 paulo
1053 2910 1307 2979 amplius.
1348 2908 1536 2979 Itaque
1567 2911 1775 2979 ligneos
1810 2910 1944 2964 istos

376 3006 605 3059 tribulos
635 3004 751 3058 sive
803 3005 1043 3058 murices
1087 3004 1309 3072 quando
1340 3003 1552 3057 volebat
1584 3003 1780 3059 iterum
1808 3018 1940 3058 con-
1970 3026 2013 3084 ο

368 3096 604 3165 iungens
636 3093 702 3146 ad
738 3092 1096 3145 munitionem
1130 3090 1293 3144 simul
1321 3100 1375 3144 et
1408 3104 1556 3143 arma
1594 3089 1648 3142 in
1692 3104 1942 3143 necessa-

375 3185 474 3238 riis
504 3183 836 3251 temporibus
877 3182 1137 3245 babcbat,
1180 3182 1221 3235 si
1258 3181 1476 3250 quando
1512 3180 1751 3234 hostium
1790 3180 1944 3249 cqui-

376 3286 458 3330 tes
485 3276 536 3327 in
568 3282 751 3328 castra
788 3280 979 3326 nostra
1036 3272 1398 3341 irruptioncm
1431 3280 1593 3339 atque
1625 3271 1943 3337 impressio-

376 3379 499 3418 nem
572 3362 750 3415 facere
796 3360 1177 3426 moliebantur,
1250 3360 1343 3428 qui
1404 3361 1505 3414 hoc
1570 3360 1729 3428 quasi
1802 3359 1943 3412 vallo

377 3453 807 3524 impedirentur;
852 3467 994 3521 saepe
1030 3461 1082 3505 et
1128 3451 1557 3505 vulnerabantur
1602 3449 1940 3512 invadentes,

375 3563 500 3601 eum
556 3546 714 3600 facile
765 3546 903 3608 tolli,
954 3545 1152 3616 gestari
1220 3551 1274 3598 et
1324 3543 1483 3612 defigi
1540 3542 1730 3612 possit.
1783 3541 1941 3610 Smpe

378 3648 558 3693 autem
593 3637 812 3705 quando
858 3634 1004 3689 fossa
1052 3649 1164 3688 non
1215 3634 1537 3697 ducebatur,
1588 3634 1706 3686 haec
1759 3640 1942 3685 tamen

375 3745 529 3785 arma
560 3729 626 3781 ad
652 3726 1083 3780 incolumitatem
1118 3735 1306 3795 parata
1333 3739 1549 3794 semper
1580 3723 1835 3777 habebat.

448 3821 538 3874 27.
572 3820 802 3886 Quando
847 3825 1028 3871 autem
1065 3830 1258 3872 secure
1290 3825 1341 3871 et
1379 3816 1497 3870 sine
1533 3816 1729 3869 timore
1763 3822 1942 3868 castra

376 3928 583 3976 moves,
632 3910 886 3964 mandata
937 3906 1111 3978 pridie
1157 3907 1368 3975 vesperi
1416 3906 1724 3959 mandatori
1766 3904 1941 3958 danda

376 4011 523 4067 sunt,
560 4014 892 4070 rursumque
936 4008 1056 4070 post
1104 3999 1279 4052 lucem
1313 3997 1420 4051 diei
1454 4012 1564 4066 quo
1604 4006 1781 4051 castra
1823 4010 1943 4050 mo-

374 4102 592 4157 ventur,
621 4091 907 4145 buccinam
951 4099 1032 4143 ter
1070 4087 1381 4159 signiﬁcare
1416 4087 1520 4142 hoc
1559 4096 1791 4156 oportet,
1824 4101 1943 4139 om-

376 4166 587 4251 nesque
614 4181 805 4235 ordine
842 4187 1007 4249 atque
1058 4179 1324 4232 lnstructa
1374 4178 1494 4231 acie
1524 4176 1846 4246 procedant,
1889 4184 1943 4229 et

376 4272 555 4343 primo
598 4285 809 4340 graves,
851 4269 1045 4323 deinde
1082 4283 1300 4332 currus,
1356 4279 1407 4322 et
1439 4268 1637 4337 siquid
1680 4267 1827 4321 aliud
1874 4267 1941 4322 ad

376 4362 673 4416 militarem
700 4375 863 4414 usum
894 4359 1015 4413 vebl
1053 4368 1289 4428 oportet.

440 4537 532 4591 ‘28.
567 4535 940 4600 Tribulorum,
968 4536 1020 4590 id
1055 4545 1159 4599 cst,
1187 4537 1459 4591 muricum
1503 4552 1636 4591 usus
1669 4537 1719 4591 in
1741 4538 1941 4594 castris

375 4628 820 4701 pernecessarius
856 4637 958 4683 est.
991 4629 1047 4682 Si
1086 4628 1231 4682 enim
1267 4629 1349 4683 vel
1379 4644 1611 4684 saxosus
1642 4630 1801 4685 locus,
1832 4630 1940 4684 fue-

375 4722 466 4787 rit,
496 4720 577 4773 vel
621 4717 812 4773 fodere
863 4734 970 4772 non
1009 4717 1305 4787 potuerint,
1363 4719 1447 4773 vel
1494 4728 1734 4788 tempore
1777 4722 1943 4777 desti-

374 4818 617 4873 tuantur,
653 4809 905 4863 eumdem
953 4808 1007 4861 in
1052 4807 1251 4862 castris
1314 4808 1583 4876 ponendis
1639 4825 1797 4864 usum
1844 4812 1940 4865 tri-

375 4900 486 4956 buli
528 4901 718 4955 idonee
746 4900 995 4955 collocati
1033 4899 1289 4964 aﬂ‘erunt,
1330 4914 1492 4968 quem
1536 4910 1590 4955 et
1622 4901 1771 4957 fossa
1822 4904 1939 4973 ipsa

373 5002 637 5062 apportat.

435 5084 524 5138 29.
562 5081 816 5138 Diversos
856 5083 994 5139 situs
1045 5093 1100 5138 et
1126 5084 1331 5140 formas
1370 5083 1698 5139 fossatorum
1730 5086 1938 5156 antiqui

374 5175 708 5231 tradiderunt
751 5177 803 5229 in
844 5178 1038 5232 castris
1074 5178 1373 5247 ponendis.
1408 5177 1701 5232 laudabilis
1750 5188 1931 5233 autem

440 5425 548 5495 (8'5)
580 5425 997 5494 Λαμόδαραίαν
1022 5425 1369 5495 συνέμιξεν.
1393 5424 1453 5477 In
1472 5424 1670 5495 codice
1690 5424 1938 5478 Palatino

368 5493 925 5629 ἓὶῗέᾀιέᾓμπαδάρια
977 5496 1281 5565 συνέμιξεν.
1346 5493 1558 5559 Scribe,
1589 5494 1935 5564 λαμϐδαραῖα

727 5633 849 5697 ταῖς
873 5635 1208 5702 προϐολαῖς.
1241 5632 1449 5696 Scribe,
1502 5633 1559 5687 ἐν
1595 5632 1713 5695 ταῖς
1758 5649 1934 5704 προσ-

2047 448 2155 500 τῶν
2186 449 2462 519 πολεμίων
2490 448 2712 518 βλάϐας,
2738 452 2832 504 καὶ
2853 453 2915 505 ού
2959 452 3123 524 βούλῃ
3150 453 3324 507 ἐλθεῖν
3341 456 3421 517 εἰς
3449 457 3617 524 ἀνάγ-

2048 554 2151 605 κην
2181 538 2275 591 τοῦ
2311 540 2599 609 μάχεσθαι,
2639 540 2788 610 πυρὰ
2840 541 3009 596 πολλὰ
3056 543 3264 607 καύσας
3322 545 3619 615 άναχὼρει·

2050 626 2337 696 βλέποντες
2365 629 2474 701 γὰρ
2506 631 2556 683 οί
2600 631 2846 701 πολέμιοι
2889 633 2956 686 τὰ
2985 634 3137 702 φῶτα
3170 636 3412 701 δόξουσιν
3452 637 3532 690 ἔτι
3561 640 3621 692 ἐν

2046 718 2383 788 τῴιάπλίκτῳ
2402 738 2459 773 σε
2489 721 2691 790 μένειν,
2721 724 2813 776 καὶ
2839 724 3140 790 ἐκτελέσεις
3157 744 3250 780 σου
3268 728 3326 780 τὸ
3350 727 3618 799 βούλημα.

2118 809 2216 864 κε’.
2262 810 2436 864 Τοῦτο
2470 812 2527 865 δὲ
2568 813 2659 865 καὶ
2684 813 2995 885 Νικηφόρον
3025 817 3182 887 ἴσμεν
3211 819 3302 871 τὸν
3355 820 3623 889 ἡμέτερον

2050 903 2353 973 στρατηγὸν
2385 904 2766 971 πεποιηκέναι,
2799 906 2885 957 ὅτε
2920 907 3060 959 κατὰ
3095 907 3294 977 Συρίας
3333 910 3620 978 ἀπεστάλη

2048 993 2179 1063 παρ’
2210 994 2367 1062 ἡμων
2399 994 2541 1062 μετὰ
2571 992 2853 1061 δυνάμεως
2892 993 3101 1065 ἱκανῆς,
3138 995 3337 1065 πολλὴν
3370 1014 3428 1049 τε
3459 1015 3622 1067 ποιη-

2049 1084 2279 1152 σάμενος
2310 1082 2618 1152 λεηλασίαν,
2656 1084 2747 1135 καὶ
2770 1082 2913 1136 οὕτω
2949 1085 3266 1154 μετατεθεὶς
3291 1088 3349 1139 ἐν
3377 1088 3519 1156 μέσῃ
3553 1091 3622 1159 τῇ

2048 1173 2302 1245 πολεμίᾳ,
2346 1172 2453 1227 τῶν
2501 1174 2712 1246 ἐχθρῶν
2757 1175 2921 1228 αὐτοῦ
2976 1193 3077 1230 που
3135 1179 3489 1249 συνηγμένων
3527 1178 3624 1242 οὓς

2059 1268 2363 1339 Ἀπουλφέρ
2409 1270 2437 1321 ό
2471 1253 2727 1338 εύνοῦχος
2764 1270 2791 1321 ό
2822 1269 2930 1322 τῶν
2957 1271 3287 1340 Σαρακηνῶν
3316 1272 3623 1343 στρατηγὸς

2048 1359 2366 1428 ἐπεφέρετο,
2411 1359 2581 1429 ἧγουν
2634 1359 2737 1412 τῶν
2803 1359 3155 1430 βαρϐαρικῶν
3184 1360 3488 1430 δυνάμεων,
3519 1365 3624 1431 τήν

2045 1468 2106 1504 τε
2166 1451 2541 1521 αἰχμαλωσίαν
2580 1450 2681 1521 τὴν
2731 1452 3094 1523 βαρϐαρικὴν,
3144 1455 3238 1507 καὶ
3289 1456 3470 1507 πᾶσαν
3522 1454 3624 1524 τὴν

2048 1542 2216 1612 ἄλλην
2236 1542 2465 1609 πραῖδαν
2493 1543 2560 1612 ἣν
2590 1538 2735 1614 εἶχεν
2761 1544 3014 1608 ἀϐλαϐῶς
3037 1544 3337 1598 διεσώσατο
3356 1545 3621 1616 λεηλατὴ-

2051 1650 2150 1697 σας
2174 1634 2271 1701 τὴν
2293 1633 2578 1700 πολεμίαν.

2119 1718 2259 1789 κς’.’
2287 1725 2445 1778 Κατὰ
2494 1725 2551 1777 δὲ
2611 1725 2709 1796 τὴν
2773 1724 3099 1795 Βουλγάρων
3137 1725 3493 1796 ἐκστρατείαν
3528 1727 3626 1779 καὶ

2045 1816 2242 1889 ἓτερον
2272 1817 2420 1885 αὐτῷ
2454 1817 2722 1888 ἐπενοήθη
2766 1818 2902 1888 πρὸς
2936 1818 3180 1889 φυλακὴν
3208 1819 3471 1872 άπλίκτου
3497 1822 3628 1889 χρή-

2048 1924 2225 1978 σιμον,
2259 1908 2396 1979 ὅπερ
2437 1910 2542 1979 χρὴ
2577 1908 2651 1978 μὴ
2685 1908 2824 1979 λήθη
2855 1908 3351 1979 παραπεμφθῆναι·
3376 1910 3511 1979 όμοῦ
3562 1927 3624 1963 τε

2045 2000 2154 2070 γάρ
2184 1999 2415 2069 ἐλαφρὸν
2444 2000 2525 2061 είς
2557 1997 2837 2068 βασταγὴν
2868 2000 2964 2052 καὶ
2996 2000 3293 2067 ἀναγκαῖον
3323 2002 3403 2062 είς
3451 2000 3625 2068 φυλα-

2046 2088 2149 2161 κὴν
2170 2087 2500 2158 ἐγνωρίσθη.
2528 2083 2635 2140 Ἦν
2660 2088 2717 2142 δὲ
2736 2087 2994 2141 τοιοῦτον
3021 2089 3256 2142 Κανόνια
3284 2089 3376 2142 δύο
3407 2089 3624 2159 σύμμε-

2044 2198 2149 2252 τρα
2200 2179 2379 2233 λαϐὼν
2437 2180 2621 2245 ξύλινα
2667 2180 2833 2246 τριῶν
2887 2197 2989 2233 που
3025 2179 3334 2251 σπιθαμῶν,
3378 2181 3411 2255 ἢ
3457 2181 3625 2251 ὀλίγῳ

2044 2272 2208 2323 πλέον
2240 2272 2572 2339 λαϐδαραίαν
2608 2272 2889 2341 συνέμιξεν
2924 2271 3058 2338 (85)·
3090 2271 3276 2343 ἕτερον
3298 2271 3353 2325 δὲ
3375 2272 3623 2326 κανόνιον

2046 2362 2243 2433 ὁμοίως
2266 2363 2385 2430 έχον
2412 2361 2687 2433 σπιθαμὰς
2731 2361 2912 2427 πέντε,
2942 2362 2974 2433 ἢ
2999 2364 3092 2416 καὶ
3123 2363 3202 2427 ἒξ,
3234 2363 3385 2430 τάξιν
3414 2365 3619 2433 μεναύ-

2046 2455 2139 2508 λου
2175 2456 2233 2507 ἐν
2262 2457 2327 2525 τῇ
2353 2455 2611 2524 συμμίξει
2642 2454 2734 2507 τοῦ
2757 2454 3024 2507 δισκελίου
3054 2456 3284 2520 ἐπιθεὶς,
3315 2455 3623 2525 τρισκέλιον

2047 2546 2301 2615 ἐποίησεν
2349 2544 2634 2613 ἱστάμενον
2691 2544 2926 2614 ἰσχυρῶς
2985 2543 3073 2596 διὰ
3118 2544 3218 2613 τῆς
3250 2544 3340 2597 ὑπ’
3370 2545 3621 2615 ἀλλήλων

2046 2636 2154 2689 τῶν
2208 2635 2415 2688 σκελῶν
2450 2636 2889 2705 συγκροτήσεως.
2943 2636 3077 2707 Περὶ
3109 2634 3165 2687 δὲ
3216 2634 3275 2687 τὸ
3325 2636 3492 2704 ἄκρον
3523 2635 3619 2688 τοῦ

2047 2725 2155 2779 οἷον
2190 2726 2452 2795 μεναύλου
2509 2724 2756 2795 ξιφάριον
2810 2724 2985 2793 μέγαν
3018 2725 3111 2776 καὶ
3149 2724 3311 2795 ἁδρὸν
3365 2725 3620 2778 ἐνέϐαλεν

2017 2820 2375 2890 ,προκύπτων
2408 2818 2500 2870 τοῦ
2550 2816 2877 2888 τρισκελίου,
2925 2816 3001 2879 ὡς
3050 2816 3290 2887 εἴρηται,
3341 2816 3620 2883 σπιθαμὰς

2047 2911 2214 2982 δύο,ἢ
2252 2909 2431 2980 μικρῷ
2464 2910 2645 2972 πλέον,
2674 2908 2767 2961 καὶ
2793 2908 2934 2963 οὕτω
2957 2909 3081 2970 τοὺς
3112 2908 3352 2972 ξυλίνους
3380 2908 3620 2971 ἐκείνους

2048 3002 2326 3072 τριϐόλους
2382 3001 2470 3054 ὅτε
2526 2999 2773 3053 ἐϐούλετο
2835 2999 3157 3052 συστέλλων.
3186 2998 3318 3051 Ὅτε
3368 2999 3620 3051 ἐϐούλετο

2047 3095 2209 3147 πάλιν
2261 3094 2501 3155 συνίστα,
2554 3093 2647 3145 καὶ
2699 3092 2777 3151 είς
2824 3090 3085 3160 ὀχύρωμα
3138 3085 3283 3159 εἶχεν
3332 3089 3490 3159 όμοῦ,
3525 3090 3619 3141 καὶ

2044 3185 2181 3238 ὅπλα
2216 3187 2272 3237 ἐν
2298 3187 2415 3247 ταῖς
2442 3182 2762 3250 ἀναγκαίαις
2794 3183 3004 3253 χρείαις
3055 3181 3149 3234 τοῦ
3180 3181 3444 3233 ἀπλίκτου
3474 3179 3620 3233 κατὰ

2043 3275 2149 3327 τῶν
2203 3274 2513 3344 δυναμένων
2567 3272 2896 3342 ἐπέρχεσθαι
2956 3270 3339 3340 καϐαλλαρίων
3392 3274 3458 3341 τῇ
3506 3270 3617 3323 τῶν

2044 3365 2323 3434 δυιάμεων
2351 3364 2504 3434 ἡμῶν
2534 3363 2684 3428 τάξει
2711 3363 3158 3433 τιτρωσκομένων
3186 3365 3241 3414 ἐν
3271 3364 3392 3425 ταῖς
3416 3362 3619 3433 προϐο-

2045 3459 2163 3521 λαῖς
2200 3456 2309 3527 (84)
2340 3456 2443 3510 ὑπὸ
2475 3456 2566 3510 τοῦ
2594 3451 2703 3509 οἷον
2732 3455 2971 3527 χάρακος
3006 3454 3243 3517 εὐκόλως
3277 3455 3371 3507 καὶ
3397 3453 3620 3527 ἐπαιρό-

2050 3566 2208 3619 μενον
2242 3549 2351 3619 (85)
2383 3548 2476 3602 καὶ
2528 3547 2928 3618 βασταζόμενον
2985 3546 3079 3601 καὶ
3110 3548 3475 3616 πηγνύμενον,
3522 3543 3617 3598 καὶ

2044 3640 2133 3691 ὅτε
2170 3639 2429 3700 πολλάκις
2470 3637 2759 3709 ὀρύγματα
2809 3638 2908 3691 οὐκ
2942 3639 3172 3707 ἐγίνετο,
3228 3635 3418 3706 ἕτοιμα
3471 3631 3617 3705 εἶχον

2046 3729 2222 3783 ταῦτα
2250 3733 2328 3793 εἰς
2354 3730 2676 3799 ἀσφάλειαν.

2117 3823 2217 3885 κζ’.
2253 3823 2421 3874 Ὅταν
2453 3821 2507 3874 δὲ
2544 3821 2743 3891 μέλλῃς
2782 3821 2922 3891 μετὰ
2950 3822 3135 3884 ἀδείας
3168 3823 3339 3876 κινεῖν
3386 3819 3493 3875 frit
3518 3816 3615 3875 τοῦ

2047 3910 2333 3974 ἁπλίκτου,
2391 3912 2508 3963 δέον
2550 3911 2786 3964 δίδοσθαι
2829 3911 3071 3981 μανδάτα
3101 3913 3208 3965 άπὸ
3251 3913 3488 3983 ἑσπέρας
3520 3910 3614 3966 καὶ

2047 4002 2210 4054 πάλιν
2239 4002 2317 4064 εἰς
2346 4002 2406 4055 τὸ
2439 3997 2603 4070 αὖγος
2638 4001 2758 4055 κατ’
2781 4002 2952 4072 αὐτὴν
2983 4001 3079 4072 τὴν
3107 4004 3322 4073 ἡμέραν
3347 4003 3438 4057 τοῦ
3464 4004 3615 4073 κινή-

2048 4110 2218 4162 ματος
2257 4093 2324 4146 τά
2368 4092 2592 4163 βούκινα
2646 4093 2931 4160 τρισσάκις
2986 4094 3289 4163 σημαίνειν,
3351 4094 3445 4147 καὶ
3491 4095 3613 4146 τότε

2047 4182 2237 4244 κινεῖν,
2288 4183 2381 4232 καὶ
2416 4181 2557 4232 κατὰ
2589 4179 2741 4245 τάξιν
2790 4178 3105 4249 ἐξέρχεσθαι
3153 4181 3277 4243 τοὺς
3323 4181 3609 4250 ἄρχοντας,

2048 4274 2140 4325 καὶ
2169 4273 2431 4343 πρότερον
2456 4272 2554 4342 μὲν
2585 4272 2711 4334 τοὺς
2733 4270 2975 4334 ὁπλίτας,
3001 4266 3119 4323 εἶτα
3150 4272 3246 4335 τάς
3272 4272 3487 4340 ἀμάξας
3517 4272 3613 4326 ἐάν

1976 4345 2019 4401 ι)
2048 4364 2174 4425 είσι,
2235 4362 2327 4415 καὶ
2385 4362 2438 4413 εῐ
2475 4378 2527 4413 τι
2564 4360 2749 4430 ἕτερον
2776 4357 3166 4430 ἐπιφερόμενον
3203 4362 3279 4424 είς
3312 4362 3615 4431 ὑπηρεσίαν

2044 4451 2139 4504 τοῦ
2172 4450 2425 4521 στρατοῦ.

2120 4541 2225 4612 κη’.
2270 4543 2332 4595 'H
2361 4543 2417 4596 δὲ
2458 4543 2567 4597 τῶν
2608 4544 2871 4614 τριϐόλων
2899 4548 3093 4618 χρῆσις
3144 4547 3415 4616 ἀναγκαία
3466 4545 3612 4601 ἐστὶν

2048 4634 2106 4687 ἐν
2141 4635 2252 4696 τοῖς
2283 4633 2585 4697 άπλίκτοιςο
2618 4636 2715 4687 ἐὰν
2749 4638 2855 4706 γὰρ
2890 4639 2923 4709 ἢ
2959 4638 3239 4707 πετρωδης
3266 4638 3294 4689 ό
3326 4639 3490 4701 τόπος
3518 4638 3612 4691 εύ-

2050 4723 2203 4795 ρεθῇ,
2234 4724 2267 4792 ἥ
2305 4723 2379 4793 μὴ
2408 4724 2707 4793 δυνηθῶσιν
2753 4726 2965 4795 όρύξαι,
2991 4728 3022 4796 ἢ
3065 4727 3284 4796 βραδεῖα
3315 4728 3488 4798 ήῶρα
3517 4727 3611 4795 γέ·

2054 4815 2357 4891 νηταιητὴν
2375 4815 2543 4883 αὐτὴν
2568 4815 2647 4885 τῷ
2674 4816 2890 4885 στρατῷ
2918 4817 3215 4886 παρέχουσι
3245 4818 3432 4887 χρείαν
3463 4818 3520 4873 ἐν
3542 4819 3610 4887 τῇ

2047 4905 2435 4975 στρατοπεδείᾳ
2461 4906 2516 4957 αἱ
2546 4906 2782 4974 τρίὸολοι
2806 4908 3123 4976 πρεπόντως
3146 4908 3522 4978 ἀποτιθέμενοι
3544 4910 3612 4977 ἣν

2043 4997 2137 5050 καὶ
2169 4996 2228 5047 τὸ
2260 4995 2476 5065 ὄρυγμα
2517 4997 2761 5065 παρέχει.

2112 5085 2209 5141 κθ’.
2240 5088 2471 5155 Οἴδαμεν
2508 5087 2564 5139 δὲ
2593 5088 2675 5138 ὅτι
2700 5086 2986 5157 διαφόρους
3015 5087 3192 5150 θέσεις
3228 5090 3321 5142 καὶ
3349 5091 3605 5160 σχήματα

2043 5182 2325 5249 φοσσάτων
2365 5180 2415 5231 οί
2460 5181 2677 5249 ἀρχαῖοι
2734 5179 3179 5250 παραδεδώκασιν
3207 5183 3263 5233 ἐν
3289 5184 3354 5251 τῇ
3389 5198 3612 5253 στρατο-
3652 5204 3658 5209 ι

1940 5338 2177 5395 ΝΟΤΙΕ.

2044 5430 2361 5636 Σέΐὲἑῖκω
2396 5500 2805 5569 ἐπαιρόμενον.
2856 5498 3228 5569 Scribebatur,
3277 5501 3368 5555 καὶ
3414 5502 3611 5573 ἐπερό.
