4022 6458
340 295 443 364 301

1433 296 1771 358 TACTICA.
1809 296 2408 360 -CONSTITUTIO
2448 297 2550 359 XI.

3512 296 3617 360 802

340 409 553 483 πεδείᾳ·
600 407 941 482 summa;
988 409 1025 482 ἡ
1071 406 1417 483 παραμήκης
1449 409 1793 481 τετράγωνος
1850 407 1927 473 ὡς

2059 410 2303 481 [uadrata
2350 418 2519 481 atque
2562 409 2795 480 oblonga
2833 417 2936 475 est,
2985 419 3100 465 tum
3148 409 3276 480 quia
3340 409 3619 474 ordinata,

340 503 604 566 εὔτακτος
627 504 720 557 καὶ
744 502 1043 572 ἀναγκαία.

413 595 478 652 λ’.
509 598 603 660 Ei;
627 597 683 650 δὲ
713 596 987 662 ὑπόδειξιν
1018 595 1252 667 στρατοῦ
1278 594 1372 649 καὶ
1399 593 1701 664 φαντασίαν
1728 593 1929 664 μᾶλλον

339 691 412 745 τὰ
438 689 646 758 πλάγια
674 688 771 743 καὶ
816 688 912 741 ἐπὶ
941 686 1075 758 ὕψος
1096 686 1339 740 ἄπλικτα
1363 684 1586 740 πλείονα
1619 683 1711 738 τὸν
1740 685 1799 735 ὲν
1826 684 1928 737 αὐ·-

338 784 454 847 τοῖς
490 781 725 851 στρατὸν
756 778 911 852 παρὰ
942 780 1068 843 τοὺς
1097 778 1247 844 ίσους
1282 777 1315 851 ἢ
1345 778 1699 849 ἐγκειμένους
1728 775 1929 843 τόπους

344 873 795 946 παραδείκνυσιν.
840 870 971 925 Ἐὰν
1030 867 1124 925 οὖν
1154 870 1290 943 πρὸς
1332 869 1592 935 ἐπίδειξιν
1627 869 1786 941 χρεία
1840 868 1933 937 γέ-

343 985 524 1040 νηται,
548 968 674 1031 τοὺς
700 966 1041 1037 πλαγίουςδὲ
1062 965 1174 1037 (86)
1198 965 1549 1034 ἐπιλέγεσθαι.
1581 964 1803 1027 τόπους,
1838 962 1933 1017 ἐὰν

346 1061 585 1133 μάλιστα
616 1060 713 1113 καὶ
735 1058 803 1115 τὰ
829 1058 1113 1130 ἐπιτήδεια
1142 1056 1307 1129 ἔχωσι
1355 1058 1455 1128 τῆς
1485 1055 1924 1126 ἀναγκαιοτέρας

342 1152 556 1225 χρείας.

411 1331 516 1388 λα’.
562 1330 809 1393 Ἀνίσους
849 1327 931 1395 δὲ,
955 1326 1031 1392 ὡς
1078 1326 1321 1399 εἴρηται,
1352 1325 1705 1396 ἐπιλέγεσθαι
1734 1326 1935 1392 τόπους

343 1428 423 1489 είς
463 1423 724 1488 ἄπλικτα,
763 1420 858 1474 καὶ
904 1421 981 1490 μὴ
1012 1418 1204 1490 χρόνον
1243 1416 1411 1471 πολὺν
1466 1417 1827 1489 ἐνδιατρίϐειν
1878 1419 1935 1471 ὲν

344 1518 425 1571 ἐνὶ
453 1514 660 1587 χωρίῳ,
683 1513 732 1567 εί
773 1511 849 1582 μὴ
880 1510 991 1582 ἄρα
1025 1509 1114 1563 διὰ
1138 1509 1263 1573 τοὺς
1292 1508 1462 1579 ἀέρας
1493 1508 1622 1569 τοὺς
1656 1506 1937 1577 καθαροὺς

343 1608 439 1663 καὶ
475 1608 545 1661 τὰ
582 1604 866 1676 ἐπιτήδεια
895 1600 1156 1674 χρειῶδές
1191 1603 1363 1666 ἐστιν,
1413 1601 1511 1655 καὶ
1561 1600 1663 1653 οὑκ
1714 1597 1934 1653 ἀτεπεί-

343 1717 417 1774 γῃ
443 1700 556 1770 (87)
582 1715 669 1759 τις
699 1696 936 1767 ἀνάγκη.

2033 512 2146 559 tum
2178 504 2306 574 quia
2337 504 2653 559 necessaria
2681 513 2789 559 est.

2101 597 2192 652 30.
2238 598 2317 653 Ad
2360 597 2703 669 splendorem
2737 606 2792 653 et
2838 614 3091 669 pompam
3121 600 3400 656 exercitus
3426 601 3623 655 vendi-

2035 690 2283 756 tandam,
2335 690 2509 761 magis
2556 690 2739 746 valent
2788 690 3015 760 obliqua
3066 699 3120 745 et
3161 690 3230 746 ad
3273 691 3621 746 altitudinem

2036 783 2339 854 spectantia
2386 795 2589 849 eaStra,
2647 785 3025 854 majoremque
3072 798 3365 839 numerum
3408 793 3625 838 castro-

2038 890 2183 941 rum,
2230 891 2395 946 quam
2428 876 2587 947 plana
2632 886 2687 931 et
2717 876 2950 946 atqualia
2981 879 3120 937 loca,
3157 890 3270 946 prae
3315 888 3376 931 sc
3407 874 3616 930 ferunt.

2038 964 2097 1021 Si
2130 966 2296 1037 igitur
2337 968 2518 1037 aliqua
2570 982 2767 1037 pompa
2801 981 2941 1037 opus
2993 967 3088 1032 sit,
3113 966 3337 1037 obliqua
3368 981 3433 1021 ac
3462 964 3623 1021 decli-

2036 1060 2126 1114 via
2159 1060 2278 1115 loca
2316 1060 2610 1131 eligantur,
2655 1068 2884 1130 tumque
2924 1060 3274 1130 potissimum
3305 1074 3431 1116 cum
3478 1073 3627 1115 com~

2037 1160 2278 1207 meatum
2331 1153 2587 1208 idoneum
2637 1153 2841 1209 habent
2901 1154 2969 1208 ad
3022 1168 3221 1209 omnes
3275 1152 3623 1209 necessarios

2039 1261 2195 1301 llSllS.

2110 1339 2200 1394 51.
2257 1337 2573 1410 luasqualia,
2640 1350 2701 1395 ut
2746 1340 3011 1406 diximus,
3071 1341 3189 1396 loca
3245 1340 3516 1411 eligantur
3553 1341 3626 1395 ad

2038 1441 2221 1488 castra
2251 1434 2542 1503 ponenda:
2588 1449 2767 1505 neque
2806 1435 2970 1504 longo
2998 1443 3247 1504 tempore
3276 1448 3388 1488 uno
3419 1434 3473 1487 in
3499 1434 3625 1489 loco

2038 1532 2421 1593 permaneant,
2458 1523 2562 1577 nisi
2598 1530 2821 1594 pr0pter
2849 1522 2973 1578 caeli
3005 1521 3350 1586 tenuitatem,
3382 1529 3437 1575 et
3470 1523 3628 1591 puri-

2042 1622 2235 1679 tatem,
2281 1627 2333 1671 Cl
2380 1626 2602 1687 propter
2666 1617 3041 1672 necessarium
3085 1624 3480 1681 commeatum,
3532 1622 3629 1669 aut

2040 1705 2145 1760 alia
2178 1707 2449 1777 quaepiam
2485 1706 2783 1763 necessitas
2808 1707 3066 1762 detineat.

410 1792 516 1861 λβ’.
571 1787 733 1841 Ἀλλὰ
759 1791 854 1841 καὶ
882 1786 981 1850 τὰς
1012 1784 1249 1856 φυσικὰς
1274 1783 1580 1854 ἀναγκαίας
1610 1783 1800 1854 χρείας
1822 1780 1932 1834 τῶν

2109 1798 2200 1857 52.
2238 1800 2357 1854 Alvi
2390 1807 2710 1870 naturaeque
2756 1814 2926 1855 onera
2958 1812 3307 1869 nequaquam
3352 1796 3495 1851 intra
3534 1810 3627 1851 ca-

341 1880 668 1953 ἀνθρώπων,
718 1879 795 1942 ὡς
847 1878 1086 1950 εἴρηται,
1126 1876 1205 1949 μὴ
1265 1876 1514 1945 γίνεσθαι
1575 1875 1778 1929 ἔσωθεν
1832 1872 1929 1927 τοῦ

342 1975 643 2046 φοσσὰτου,
674 1970 789 2025 ἀλλ’
821 1969 1044 2037 ἔξωθεν,
1079 1969 1169 2023 διὰ
1209 1968 1309 2040 τὴν
1336 1966 1603 2023 δυσωδίαν
1651 1966 1787 2038 (88),
1838 1967 1932 2021 καὶ

343 2070 583 2140 μάλιστα
613 2065 710 2117 εὰν
742 2062 981 2135 ἐπιμένῃ
1004 2061 1093 2117 διά
1116 2078 1237 2116 τινα
1257 2060 1450 2132 χρείαν
1482 2059 1543 2114 τὸ
1573 2058 1845 2130 φοσσάτον
1874 2060 1932 2111 ὲν

342 2162 427 2214 ἐνὶ
452 2160 626 2229 τόπῳ.
987 2189 994 2195 -

413 2253 517 2322 λγ’.
558 2252 650 2305 Ἐν
700 2250 756 2303 δὲ
802 2250 915 2313 τοῖς
952 2248 1272 2318 ἀναγκαίοις
1305 2247 1520 2318 καιροῖς
1565 2245 1776 2317 βραχὺν
1834 2245 1932 2318 μὲν

345 2347 465 2418 ἦτοι
494 2342 692 2416 μικρὸν
721 2343 852 2397 ὄντα
879 2341 972 2395 τὸν
1001 2339 1245 2410 ποταμὸν
1269 2339 1327 2392 ἐν
1366 2338 1515 2410 μέσῳ
1533 2337 1615 2391 δεῖ
1642 2336 1935 2408 παραλαμ-

353 2440 531 2495 σάνειν
561 2436 656 2491 τοῦ
684 2435 927 2507 χάρακος
959 2432 1056 2487 τοῦ
1085 2433 1362 2503 φοσσάτου
1385 2432 1474 2485 ἴνα
1522 2430 1670 2483 ἐστὶν
1704 2429 1933 2493 εὔϐατος

345 2532 455 2595 τοῖς
484 2528 574 2583 τοῦ
608 2526 865 2600 στρατοῦ.

412 2620 506 2677 λδ’.
550 2621 676 2675 Ἐὰν
705 2620 760 2674 δὲ
788 2618 995 2691 τραχύς
1038 2620 1157 2672 ἐστι
1208 2618 1305 2671 καί¹
1352 2616 1549 2689 μέγας,
1587 2619 1651 2669 ἐκ
1699 2616 1931 2686 πλαγίου

343 2714 507 2768 αὑτὸν
528 2714 700 2766 ποιεῖν
726 2728 785 2765 σε
814 2711 920 2783 χρὴ
949 2711 1037 2765 διὰ
1060 2711 1121 2765 τὸ
1150 2712 1231 2776 είς
1259 2708 1524 2781 ὀχύρωμα
1557 2708 1812 2778 γενέσθαι
1839 2709 1933 2762 τοῦ

346 2806 612 2879 στρατοῦ.

415 2900 513 2956 λε’.
574 2898 828 2968 Ποταμοῢ
878 2897 936 2951 δὲ
989 2894 1431 2967 παρατρέχοντος
1494 2893 1810 2965 συμμέτρου
1871 2895 1938 2949 οὐ

344 2994 464 3049 δέον
515 2993 640 3056 τοὺς
691 2991 894 3054 ἵππους
946 2990 1074 3052 τοὺς
1106 2987 1323 3057 ἐξάγεις
1350 2986 1431 3048 είς
1477 2986 1644 3039 ποτὸν
1674 2987 1819 3040 κατὰ
1870 2987 1933 3039 τὸ

344 3086 553 3143 ἄνωθεν
588 3088 774 3158 μέρος,
800 3089 887 3137 ἵνα
919 3085 994 3154 μὴ
1027 3085 1093 3155 τῇ
1120 3083 1334 3153 κινήσει
1360 3077 1468 3133 τῶν
1502 3077 1683 3132 ποδῶν
1712 3080 1926 3151 ταράσ-

347 3197 533 3243 σοντες
565 3179 627 3233 τὸ
659 3177 804 3249 ὕδωρ
834 3176 1052 3248 δολερὸν
1081 3174 1213 3229 αὐτὸ
1244 3172 1339 3228 καὶ
1369 3171 1643 3243 ἄχρηστον
1694 3175 1937 3243 ποιήσω-

347 3289 455 3336 σιν,
489 3270 625 3325 ἀλλὰ
659 3268 905 3323 κάτωθεν
939 3266 1163 3338 μᾶλλον.

417 3362 526 3431 λς’.
565 3362 693 3417 Ἐὰν
742 3361 798 3415 δὲ
825 3361 1003 3429 ὀλίγος
1035 3359 1183 3413 ἐστὶν
1214 3358 1243 3410 ὁ
1270 3353 1514 3426 ποταμὸς
1558 3354 1650 3408 διὰ
1695 3354 1935 3424 ἀγγείων

348 3459 545 3523 αὐτοὺς
565 3458 687 3512 δέον
719 3456 981 3521 ποτίζειν,
1018 3455 1112 3508 καὶ
1136 3452 1213 3525 μὴ
1242 3450 1536 3520 ἐπαφιέναι
1565 3449 1693 3514 τοὺς
1730 3448 1935 3512 ἵππους

348 3553 427 3616 εἰς
450 3550 512 3604 τὸ
537 3548 835 3624 ταράσσειν
868 3547 1018 3601 αὐτό.

416 3642 515 3707 λζ’.
551 3640 790 3712 Πλησίον
821 3639 877 3692 δὲ
937 3638 1126 3708 λόφου,
1159 3637 1240 3699 είς
1268 3635 1327 3688 ὃν
1356 3632 1612 3689 δύνανται
1665 3631 1714 3685 oi
1748 3631 1937 3704 ἐχθροὶ

346 3733 638 3801 ἀναϐῆναι,
696 3733 757 3786 τὸ
809 3731 1069 3785 ἄπλικτον
1102 3728 1176 3801 μὴ
1236 3725 1414 3793 ποιοῦ,
1475 3726 1673 3795 μήπως
1726 3725 1936 3778 ἐκεῖθεν

347 3829 474 3892 τοὺς
518 3829 574 3880 ἐν
630 3824 708 3895 τῷ
762 3823 1114 3896 στρατοπέδῳ
1164 3820 1277 3893 (89)
1326 3819 1803 3886 κατατοξεύσωσιν
1848 3818 1938 3871 εὐ-

347 3920 539 3982 κόλως.

414 4010 518 4085 λη’.
538 4011 662 4065 Ἐὰν
701 4011 758 4063 δὲ
787 4010 888 4063 οὐκ
920 4008 1055 4062 εἰσὶν
1083 4007 1251 4076 ἐγγὺς
1272 4006 1321 4059 οί
1356 4004 1633 4075 πολέμιοι,
1658 4002 1796 4057 ἀλλὰ
1833 4017 1937 4072 μα-

347 4104 488 4175 κρὰν
519 4103 626 4156 ἀπὸ
653 4099 852 4154 ἱκανῶν
882 4099 1104 4172 ἡμερῶν
1127 4096 1267 4163 ὁδοῦ,
1289 4097 1363 4167 μὴ
1388 4095 1675 4166 ἑπιτήδευε
1708 4093 1937 4164 πλησίον

348 4197 540 4260 ὕδατος
573 4196 641 4249 τὰ
662 4194 900 4248 ἄπλικτα
928 4194 1125 4257 ποιεῖν,
1152 4192 1246 4244 καὶ
1278 4191 1515 4260 μάλιστα
1556 4188 1630 4260 μὴ
1664 4186 1934 4242 καϐαλλα-

350 4286 502 4357 ρίων,
540 4286 629 4339 ἶνα
662 4284 738 4357 μὴ
769 4286 862 4339 καὶ
916 4284 986 4337 τὰ
1015 4283 1188 4352 ἄλογα
1223 4284 1318 4336 καὶ
1368 4284 1419 4334 oi
1473 4280 1666 4352 ἄνδρες
1717 4281 1775 4332 ὲν
1808 4295 1933 4331 συν-

349 4376 509 4449 ηθείᾳ
537 4376 636 4445 τῆς
661 4373 993 4436 πολυποσίας
1043 4372 1328 4444 γενόμενοι
1384 4373 1442 4424 ὲν
1481 4370 1659 4441 καιρῷ
1694 4369 1793 4440 τῆς
1823 4368 1935 4421 λεί-

345 4470 512 4539 ψεως,
543 4467 618 4531 ὡς
670 4466 837 4531 είκὺς,
886 4465 1078 4529 ὓδατος
1131 4464 1218 4517 ὅτε
1248 4464 1328 4516 δεῖ
1394 4464 1682 4534 καρτερεῖν
1737 4461 1930 4532 φέρον·
1967 4478 2010 4533 ι)

344 4578 434 4626 τες
458 4557 784 4630 ὀλιγωρῶσι.

417 4651 519 4707 λθ⁸.
552 4652 687 4705 Οὐδὲ
715 4650 844 4715 τοὺς
884 4649 1085 4713 πεζοὺς
1134 4646 1275 4719 μετὰ
1306 4645 1417 4699 τῶν
1447 4644 1831 4716 καϐαλλαρίων
1864 4644 1945 4697 δεῖ

347 4745 688 4811 ἀπλικεύειν,
718 4744 849 4815 πρὶν
885 4743 919 4814 ἢ
951 4743 1077 4805 τοὺς
1111 4739 1340 4811 ἐχθροὺς
1372 4740 1590 4808 ὲγγίσαι
1616 4738 1674 4791 ὲν
1703 4736 1781 4809 τῷ
1812 4754 1941 4805 εροσ-

349 4839 518 4910 σάτῳ,
548 4837 661 4891 ἀλλ’
679 4836 881 4904 ἔξωθεν
910 4835 1030 4906 μὲν,
1061 4832 1289 4906 πλησίον
1310 4833 1367 4886 δὲ
1394 4831 1489 4885 τοῦ
1519 4831 1816 4902 φοσσάτου,
1850 4830 1938 4885 ἵνα

348 4933 492 5003 μηδὲ
536 4929 986 5001 στενοχορῶνται,
1036 4927 1171 4998 μηδὲ
1226 4925 1583 4998 εὐαρίθμητοι
1636 4924 1937 4993 φαίνωνται

346 5029 459 5088 τοῖς
503 5022 896 5084 κατασκόποις.
938 5017 1212 5090 Δοκίμαζε
1244 5019 1302 5072 δὲ
1330 5017 1438 5091 πρὸ
1477 5017 1676 5087 ὀλίγων
1707 5015 1937 5087 ἡμερῶν

346 5119 426 5181 είς
453 5117 618 5171 πόσον
665 5113 944 5184 διάστημα
996 5110 1328 5184 χωροῦνται,
1353 5113 1446 5164 καὶ
1494 5108 1612 5172 πῶς
1649 5107 1936 5177 μέλλουσιν

346 5207 686 5274 ἀπλικεύειν,
719 5206 814 5260 καὶ
844 5204 939 5258 ἐὰν
967 5204 1194 5275 γένηται
1222 5203 1408 5265 αὐτοῖς
1444 5200 1633 5274 καιρὸς
1670 5198 1934 5253 εἰσελθεῖν

350 5303 491 5374 μετὰ
519 5299 627 5356 τῶν
664 5295 1070 5367 καϐαλλαρίων.

2035 1898 2275 1944 strorum
2309 1889 2577 1944 ambitum
2608 1889 2863 1959 ponenda
2907 1898 3056 1956 sunt,
3089 1888 3183 1944 sed
3210 1887 3367 1955 foris,
3402 1898 3627 1958 propter

2034 1983 2221 2040 odoris
2251 1983 2599 2054 gravitatem,
2643 1983 2691 2039 si
2737 1983 2945 2040 diutius
2984 1998 3095 2038 uno
3134 1982 3337 2039 inloco
3376 1995 3627 2037 commo-

2033 2076 2267 2130 randum
2301 2074 2393 2131 sit.

2107 2253 2198 2309 5'5.
2234 2251 2574 2309 Necessariis
2606 2251 2945 2322 temporibus
2988 2252 3205 2307 brevem
3239 2259 3335 2305 aut
3366 2251 3625 2323 exiguum

2035 2344 2281 2399 rivulum
2308 2343 2449 2399 intra
2472 2343 2739 2398 ambitum
2773 2351 3079 2399 castrorum
3108 2343 3362 2415 recipies,
3386 2358 3450 2399 ea
3474 2351 3629 2414 parte

2037 2451 2143 2509 qua
2180 2437 2530 2508 permeabilis
2561 2446 2644 2493 est
2667 2436 2956 2492 exercitui.

2110 2621 2202 2677 54.
2255 2620 2352 2676 Sin
2399 2635 2631 2692 magnus
2685 2630 2849 2691 atque
2890 2635 3050 2690 asper
3082 2619 3281 2676 ﬂuvius
3325 2619 3512 2683 fuerit,
3560 2620 3630 2673 ad

2040 2715 2185 2772 Litus
2216 2722 2525 2771 castrorum
2555 2713 2837 2785 jungatur,
2874 2720 3054 2783 utpro
3084 2711 3230 2768 vallo
3263 2712 3463 2768 castris
3497 2711 3589 2766 sit.

2112 2886 2204 2941 55'.
2270 2884 2534 2940 Mediocri
2584 2882 2752 2937 ﬂuvio
2798 2884 3239 2954 praeterlabente,
3287 2885 3629 2955 superiorem

2042 2990 2249 3050 partem
2291 2993 2487 3033 versus
2541 2978 2670 3048 equi
2728 2988 2993 3047 aquatum
3043 2978 3280 3034 ducendi
3316 2993 3425 3033 non
3477 2988 3626 3043 sunt,

2040 3085 2109 3125 ne
2155 3083 2297 3139 aqua
2337 3068 2569 3139 pedibus
2611 3068 2828 3123 turbata
2858 3082 3083 3124 caenosa
3114 3084 3179 3124 ac
3211 3068 3478 3125 lutulenta
3513 3069 3628 3132 ﬁat,

2042 3160 2139 3217 sed
2172 3162 2238 3216 ad
2273 3160 2590 3215 inferiorem
2618 3170 2828 3232 partem
2860 3160 3170 3219 adducendi
3201 3173 3350 3217 sunt.

2115 3339 2201 3395 56.
2230 3339 2285 3393 Si
2313 3339 2546 3411 exiguus
2572 3340 2737 3395 fuerit
2748 3339 2969 3408 ﬂuvius,
2988 3341 3135 3397 vasis
3150 3341 3389 3397 educant
3406 3358 3629 3414 aquam,

2042 3446 2221 3502 neque
2247 3447 2419 3503 equos
2457 3432 2511 3487 in
2554 3432 2783 3487 ﬂuvium
2827 3433 3145 3497 admittant,
3198 3444 3423 3505 propter
3474 3451 3633 3508 aquae

2043 3524 2458 3581 turbulentiam.

2115 3619 2204 3674 57.
2252 3617 2429 3689 Prope
2470 3602 2663 3675 collc‘m
2720 3619 2985 3690 aliquem,
3039 3635 3204 3692 quem
3262 3621 3448 3678 hostes
3497 3638 3634 3680 eon-

2041 3710 2306 3769 scendere
2345 3719 2601 3780 possunt,
2634 3719 2815 3766 castra
2854 3725 2922 3766 ne
2952 3726 3148 3781 ponas,
3183 3727 3251 3767 ne
3283 3712 3424 3769 forte
3461 3730 3632 3770 occu-

2044 3814 2171 3877 pato
2207 3820 2275 3860 eo
2304 3804 2447 3868 loco,
2485 3805 2671 3860 hostes
2706 3804 2924 3875 sagittis
2960 3814 3012 3861 te
3041 3807 3374 3877 opprimant.

2113 3985 2204 4041 58.
2247 3982 2304 4037 Si
2360 3998 2526 4054 prope
2575 3984 2762 4038 hostes
2807 3999 2914 4039 non
2969 3983 3260 4050 aﬂ‘uerint,
3317 3985 3409 4041 sed
3483 3986 3632 4057 longi

2045 4075 2257 4130 itineris
2298 4075 2439 4128 viam
2482 4072 2780 4139 abfuerint,
2821 4081 3002 4127 castra
3042 4082 3261 4143 propter
3302 4072 3529 4127 (luvium
3564 4091 3633 4129 ne

2043 4179 2233 4234 ponas,
2287 4162 2535 4233 equitum
2591 4161 2647 4216 in
2706 4162 2923 4232 primis,
2981 4178 3050 4218 ne
3100 4163 3346 4232 iumenta
3394 4165 3633 4234 copiosae

2045 4258 2325 4326 aquatioui
2385 4254 2720 4321 assuefacta,
2763 4257 2870 4313 alio
2928 4265 3175 4328 tempore
3231 4258 3447 4313 defectu
3502 4270 3633 4329 potu

2043 4353 2264 4419 quando
2296 4350 2568 4407 sustinere
2592 4353 2738 4407 sitim
2769 4350 2993 4416 debent,
3029 4367 3136 4407 non
3176 4352 3414 4423 possint.

2115 4635 2203 4692 59.
2246 4635 2463 4693 Pedites
2494 4637 2635 4692 intra
2668 4646 2980 4694 castrorum
3009 4638 3276 4695 ambitum
3306 4654 3430 4694 eum
3473 4643 3634 4711 equi-

2043 4729 2187 4785 tibus
2226 4730 2577 4800 requiescere
2621 4746 2731 4786 non
2763 4740 3001 4802 oportet,
3048 4733 3093 4786 si
3129 4733 3316 4788 hostes
3353 4734 3512 4803 longe
3535 4735 3631 4789 ab-

2040 4820 2268 4888 fuerint,
2314 4824 2409 4879 sed
2458 4829 2613 4879 extra
2665 4834 2721 4880 ct
2766 4825 3062 4896 separatim
3098 4839 3268 4895 prope
3317 4836 3519 4894 castra,
3573 4840 3634 4884 ut

2046 4930 2224 4987 neque
2259 4916 2446 4973 nimiis
2491 4919 2763 4988 angustiis
2803 4926 3143 4989 premantur,
3172 4932 3350 4989 neque
3384 4935 3413 4974 a
3440 4936 3635 4991 specu-

2044 5008 2314 5065 latoribus
2345 5012 2502 5066 facile
2553 5021 2931 5067 numerentur.
2969 5008 3075 5066 Sed
3116 5026 3325 5082 paucos
3358 5025 3483 5069 ante
3513 5015 3632 5069 dies

2044 5114 2209 5172 quam
2246 5104 2430 5159 hostes
2471 5105 2751 5169 accedant,
2804 5104 3203 5175 explorandum
3240 5116 3323 5161 est
3365 5116 3630 5177 quantum

2043 5196 2205 5266 spatii
2244 5197 2479 5266 capiant,
2511 5206 2565 5251 et
2596 5198 3063 5267 quemadmodum
3106 5199 3250 5253 intra
3300 5200 3496 5254 vallum
3542 5215 3635 5255 ca-

2047 5297 2160 5343 stra
2189 5299 2417 5359 ponant,
2437 5289 2483 5343 si
2514 5288 2737 5359 quando
2755 5305 2892 5361 opus
2910 5289 3092 5359 fuerit,
3120 5301 3179 5348 ut
3200 5307 3323 5347 cum
3355 5292 3632 5364 equitibus

2048 5380 2210 5435 simul
2234 5392 2411 5436 castra
2449 5381 2701 5438 habeant.

1879 5521 2019 5578 ΝΟΤ
2020 5523 2113 5583 1E.

419 5629 531 5700 (86)
570 5628 716 5697 Τοὺς
739 5627 1035 5699 πλαγίους
1059 5626 1148 5681 δέ.
1171 5623 1411 5700 _Sc_r_ibe,
1451 5639 1502 5700 τ.
1532 5618 1795 5700 πλαγίους
1821 5617 1933 5700 δεῖ.

418 5688 530 5769 (8Ἷὸ
566 5701 672 5755 Kal
692 5688 806 5754 οὐκ
829 5688 1147 5769 ἀὶ-επεῖτῃ.
1167 5696 1378 5769 Scribe,
1402 5693 1498 5748 καὶ
1509 5691 1585 5769 Δοιξ
1610 5688 1931 5760 κατεπείγῃ.

421 5763 531 5843 (88)
573 5768 907 5826 Δυσωδίαν.
937 5763 1325 5827 Scribebatur,
1357 5763 1672 5818 δυσωδεῖαν.

639 5865 910 5925 Parum.
957 5864 1074 5924 GR.
1108 5862 1302 5925 CVII.

2119 5620 2252 5695 (89)“
2284 5622 2517 5695 ‘Erﬂchi
2541 5623 2946 5695 στρατοπέδῳ.
2997 5621 3356 5678 Scribebatur
3378 5662 3393 5688 ,
3460 5621 3519 5674 tv
3549 5621 3630 5694 τῷ

2046 5691 2262 5763 στρατῷ
2289 5694 2486 5767 παίδῳ.

3072 5822 3148 5909 es
