  <div class='ocr_page' id='page_1' title='image "/cluster/home/n/w/nwhite01/storage/ocr_20150623/107/coo.31924054870112/447.png"; bbox 0 0 4022 6448; ppageno 0'>
   <div class='ocr_carea' id='block_1_1' title="bbox 413 275 518 337">
    <p class='ocr_par' dir='ltr' id='par_1_1' title="bbox 413 275 518 337">
     <span class='ocr_line' id='line_1_1' title="bbox 413 275 518 337; baseline 0 -1"><span class='ocrx_word' id='word_1_1' title='bbox 413 275 518 337; x_wconf 78' lang='lat'><strong>803</strong></span> 
     </span>
    </p>
   </div>
   <div class='ocr_carea' id='block_1_2' title="bbox 1678 261 2450 326">
    <p class='ocr_par' dir='ltr' id='par_1_2' title="bbox 1678 261 2450 326">
     <span class='ocr_line' id='line_1_2' title="bbox 1678 261 2450 326; baseline -0.008 0"><span class='ocrx_word' id='word_1_2' title='bbox 1678 264 1954 326; x_wconf 71' lang='lat' dir='ltr'><strong>LEONIS</strong></span> <span class='ocrx_word' id='word_1_3' title='bbox 1992 261 2450 322; x_wconf 85' lang='lat' dir='ltr'><strong>PHILOSOPHI</strong></span> 
     </span>
    </p>
   </div>
   <div class='ocr_carea' id='block_1_3' title="bbox 3579 259 3688 322">
    <p class='ocr_par' dir='ltr' id='par_1_3' title="bbox 3579 259 3688 322">
     <span class='ocr_line' id='line_1_3' title="bbox 3579 259 3688 322; baseline 0 0"><span class='ocrx_word' id='word_1_4' title='bbox 3579 259 3688 322; x_wconf 67' lang='grc'><strong>804</strong></span> 
     </span>
    </p>
   </div>
   <div class='ocr_carea' id='block_1_4' title="bbox 487 365 1984 450">
    <p class='ocr_par' dir='ltr' id='par_1_4' title="bbox 487 376 1984 450">
     <span class='ocr_line' id='line_1_4' title="bbox 487 376 1984 450; baseline -0.011 -9"><span class='ocrx_word' id='word_1_5' title='bbox 487 388 576 441; x_wconf 68' lang='lat'><strong>40.</strong></span> <span class='ocrx_word' id='word_1_6' title='bbox 610 385 706 439; x_wconf 89' lang='lat' dir='ltr'><strong>Sin</strong></span> <span class='ocrx_word' id='word_1_7' title='bbox 752 385 934 440; x_wconf 79' lang='lat' dir='ltr'><strong>hostes</strong></span> <span class='ocrx_word' id='word_1_8' title='bbox 967 382 1305 447; x_wconf 87' lang='lat' dir='ltr'><strong>immineant,</strong></span> <span class='ocrx_word' id='word_1_9' title='bbox 1353 376 1750 450; x_wconf 89' lang='lat' dir='ltr'><strong>providendum</strong></span> <span class='ocrx_word' id='word_1_10' title='bbox 1779 383 1886 437; x_wconf 89' lang='lat' dir='ltr'><strong>est,</strong></span> <span class='ocrx_word' id='word_1_11' title='bbox 1937 389 1984 426; x_wconf 74' lang='lat' dir='ltr'><strong>nt</strong></span> 
     </span>
    </p>
   </div>
   <div class='ocr_carea' id='block_1_5' title="bbox 2103 365 3684 450">
    <p class='ocr_par' dir='ltr' id='par_1_5' title="bbox 2183 365 3684 440">
     <span class='ocr_line' id='line_1_5' title="bbox 2183 365 3684 440; baseline -0.001 -17"><span class='ocrx_word' id='word_1_12' title='bbox 2183 376 2258 440; x_wconf 83' lang='grc' dir='ltr'><strong>μ’.</strong></span> <span class='ocrx_word' id='word_1_13' title='bbox 2296 369 2422 422; x_wconf 86' lang='grc' dir='ltr'><strong>Ἐἀν</strong></span> <span class='ocrx_word' id='word_1_14' title='bbox 2475 367 2530 422; x_wconf 81' lang='grc' dir='ltr'>δὲ</span> <span class='ocrx_word' id='word_1_15' title='bbox 2565 367 2614 420; x_wconf 78' lang='lat' dir='ltr'><strong>oi</strong></span> <span class='ocrx_word' id='word_1_16' title='bbox 2645 365 2830 438; x_wconf 75' lang='grc' dir='ltr'>ἐχθροὶ</span> <span class='ocrx_word' id='word_1_17' title='bbox 2853 366 3168 436; x_wconf 78' lang='grc' dir='ltr'>ὲγγίζωσιν,</span> <span class='ocrx_word' id='word_1_18' title='bbox 3192 368 3277 421; x_wconf 82' lang='grc' dir='ltr'><strong>ἵνα</strong></span> <span class='ocrx_word' id='word_1_19' title='bbox 3306 366 3684 423; x_wconf 75' lang='grc' dir='ltr'>συνάπτωνται</span> 
     </span>
    </p>
   </div>
   <div class='ocr_carea' id='block_1_6' title="bbox 415 470 1998 540">
    <p class='ocr_par' dir='ltr' id='par_1_6' title="bbox 415 470 1998 540">
     <span class='ocr_line' id='line_1_6' title="bbox 415 470 1998 540; baseline -0.011 -8"><span class='ocrx_word' id='word_1_20' title='bbox 415 479 604 534; x_wconf 79' lang='lat' dir='ltr'><strong>eodem</strong></span> <span class='ocrx_word' id='word_1_21' title='bbox 657 478 708 530; x_wconf 94' lang='lat' dir='ltr'><strong>in</strong></span> <span class='ocrx_word' id='word_1_22' title='bbox 763 477 991 538; x_wconf 78' lang='lat' dir='ltr'><strong>ambitu,</strong></span> <span class='ocrx_word' id='word_1_23' title='bbox 1035 471 1264 529; x_wconf 83' lang='lat' dir='ltr'><strong>confuse</strong></span> <span class='ocrx_word' id='word_1_24' title='bbox 1301 470 1512 540; x_wconf 87' lang='lat' dir='ltr'><strong>equites</strong></span> <span class='ocrx_word' id='word_1_25' title='bbox 1565 472 1742 521; x_wconf 88' lang='lat' dir='ltr'><strong>castra</strong></span> <span class='ocrx_word' id='word_1_26' title='bbox 1793 471 1998 532; x_wconf 85' lang='lat' dir='ltr'><strong>ponant.</strong></span> 
     </span>
    </p>
   </div>
   <div class='ocr_carea' id='block_1_7' title="bbox 416 559 1994 636">
    <p class='ocr_par' dir='ltr' id='par_1_7' title="bbox 416 559 1994 636">
     <span class='ocr_line' id='line_1_7' title="bbox 416 559 1994 636; baseline -0.008 -14"><span class='ocrx_word' id='word_1_27' title='bbox 416 585 538 622; x_wconf 91' lang='lat' dir='ltr'><strong>cum</strong></span> <span class='ocrx_word' id='word_1_28' title='bbox 557 566 844 636; x_wconf 82' lang='lat' dir='ltr'><strong>peditibus,</strong></span> <span class='ocrx_word' id='word_1_29' title='bbox 865 565 955 619; x_wconf 86' lang='lat' dir='ltr'><strong>sed</strong></span> <span class='ocrx_word' id='word_1_30' title='bbox 971 564 1288 633; x_wconf 89' lang='lat' dir='ltr'><strong>separatim,</strong></span> <span class='ocrx_word' id='word_1_31' title='bbox 1306 578 1368 614; x_wconf 83' lang='lat' dir='ltr'><strong>ac</strong></span> <span class='ocrx_word' id='word_1_32' title='bbox 1383 561 1634 614; x_wconf 91' lang='lat' dir='ltr'><strong>distincte</strong></span> <span class='ocrx_word' id='word_1_33' title='bbox 1651 559 1994 613; x_wconf 89' lang='lat' dir='ltr'><strong>considcant.</strong></span> 
     </span>
    </p>
   </div>
   <div class='ocr_carea' id='block_1_8' title="bbox 486 654 1996 726">
    <p class='ocr_par' dir='ltr' id='par_1_8' title="bbox 486 654 1996 726">
     <span class='ocr_line' id='line_1_8' title="bbox 486 654 1996 726; baseline -0.008 -11"><span class='ocrx_word' id='word_1_34' title='bbox 486 663 573 716; x_wconf 76' lang='lat' dir='ltr'><strong>4l.</strong></span> <span class='ocrx_word' id='word_1_35' title='bbox 607 659 737 713; x_wconf 85' lang='lat' dir='ltr'><strong>Belli</strong></span> <span class='ocrx_word' id='word_1_36' title='bbox 777 668 1019 726; x_wconf 89' lang='lat' dir='ltr'><strong>tempore</strong></span> <span class='ocrx_word' id='word_1_37' title='bbox 1044 657 1219 710; x_wconf 88' lang='lat' dir='ltr'><strong>lirmis</strong></span> <span class='ocrx_word' id='word_1_38' title='bbox 1259 657 1313 709; x_wconf 91' lang='lat' dir='ltr'><strong>in</strong></span> <span class='ocrx_word' id='word_1_39' title='bbox 1342 654 1476 708; x_wconf 89' lang='lat' dir='ltr'><strong>locis</strong></span> <span class='ocrx_word' id='word_1_40' title='bbox 1505 662 1682 707; x_wconf 88' lang='lat' dir='ltr'><strong>castra</strong></span> <span class='ocrx_word' id='word_1_41' title='bbox 1716 666 1910 722; x_wconf 91' lang='lat' dir='ltr'><strong>ponas,</strong></span> <span class='ocrx_word' id='word_1_42' title='bbox 1940 659 1996 703; x_wconf 91' lang='lat' dir='ltr'><strong>et</strong></span> 
     </span>
    </p>
   </div>
   <div class='ocr_carea' id='block_1_9' title="bbox 413 745 1994 817">
    <p class='ocr_par' dir='ltr' id='par_1_9' title="bbox 413 745 1994 817">
     <span class='ocr_line' id='line_1_9' title="bbox 413 745 1994 817; baseline -0.006 -11"><span class='ocrx_word' id='word_1_43' title='bbox 413 770 542 807; x_wconf 83' lang='lat' dir='ltr'><strong>cura</strong></span> <span class='ocrx_word' id='word_1_44' title='bbox 576 754 669 805; x_wconf 82' lang='lat' dir='ltr'><strong>tibi</strong></span> <span class='ocrx_word' id='word_1_45' title='bbox 706 759 1044 805; x_wconf 89' lang='lat' dir='ltr'><strong>commeatus</strong></span> <span class='ocrx_word' id='word_1_46' title='bbox 1095 764 1388 817; x_wconf 83' lang='lat' dir='ltr'><strong>rerumque</strong></span> <span class='ocrx_word' id='word_1_47' title='bbox 1422 745 1854 802; x_wconf 85' lang='lat' dir='ltr'><strong>necessariarqu</strong></span> <span class='ocrx_word' id='word_1_48' title='bbox 1901 758 1994 798; x_wconf 90' lang='lat' dir='ltr'><strong>su-</strong></span> 
     </span>
    </p>
   </div>
   <div class='ocr_carea' id='block_1_10' title="bbox 415 838 1994 912">
    <p class='ocr_par' dir='ltr' id='par_1_10' title="bbox 415 838 1994 912">
     <span class='ocr_line' id='line_1_10' title="bbox 415 838 1994 912; baseline -0.005 -16"><span class='ocrx_word' id='word_1_49' title='bbox 415 843 693 912; x_wconf 81' lang='lat' dir='ltr'><strong>scipienda</strong></span> <span class='ocrx_word' id='word_1_50' title='bbox 731 852 833 906; x_wconf 86' lang='lat' dir='ltr'><strong>est,</strong></span> <span class='ocrx_word' id='word_1_51' title='bbox 873 855 927 894; x_wconf 91' lang='lat' dir='ltr'><strong>ut</strong></span> <span class='ocrx_word' id='word_1_52' title='bbox 957 852 1068 895; x_wconf 88' lang='lat' dir='ltr'><strong>tum</strong></span> <span class='ocrx_word' id='word_1_53' title='bbox 1125 841 1401 903; x_wconf 85' lang='lat' dir='ltr'><strong>homines,</strong></span> <span class='ocrx_word' id='word_1_54' title='bbox 1435 847 1546 892; x_wconf 90' lang='lat' dir='ltr'><strong>tum</strong></span> <span class='ocrx_word' id='word_1_55' title='bbox 1574 838 1823 908; x_wconf 70' lang='lat' dir='ltr'><strong>iumenta</strong></span> <span class='ocrx_word' id='word_1_56' title='bbox 1868 851 1994 905; x_wconf 88' lang='lat' dir='ltr'><strong>pau-</strong></span> 
     </span>
    </p>
   </div>
   <div class='ocr_carea' id='block_1_11' title="bbox 415 925 1990 1000">
    <p class='ocr_par' dir='ltr' id='par_1_11' title="bbox 415 925 1990 1000">
     <span class='ocr_line' id='line_1_11' title="bbox 415 925 1990 1000; baseline -0.006 -13"><span class='ocrx_word' id='word_1_57' title='bbox 415 950 606 987; x_wconf 88' lang='lat' dir='ltr'><strong>corum</strong></span> <span class='ocrx_word' id='word_1_58' title='bbox 631 933 841 990; x_wconf 85' lang='lat' dir='ltr'><strong>dierum</strong></span> <span class='ocrx_word' id='word_1_59' title='bbox 874 943 1260 997; x_wconf 87' lang='lat' dir='ltr'><strong>commeatum,</strong></span> <span class='ocrx_word' id='word_1_60' title='bbox 1292 941 1512 1000; x_wconf 84' lang='lat' dir='ltr'><strong>propter</strong></span> <span class='ocrx_word' id='word_1_61' title='bbox 1539 929 1834 998; x_wconf 85' lang='lat' dir='ltr'><strong>ancipitem</strong></span> <span class='ocrx_word' id='word_1_62' title='bbox 1864 925 1990 980; x_wconf 86' lang='lat' dir='ltr'><strong>belli</strong></span> 
     </span>
    </p>
   </div>
   <div class='ocr_carea' id='block_1_12' title="bbox 411 1019 1990 1091">
    <p class='ocr_par' dir='ltr' id='par_1_12' title="bbox 411 1019 1990 1091">
     <span class='ocr_line' id='line_1_12' title="bbox 411 1019 1990 1091; baseline -0.004 -13"><span class='ocrx_word' id='word_1_63' title='bbox 411 1035 695 1088; x_wconf 90' lang='lat' dir='ltr'><strong>eventum,</strong></span> <span class='ocrx_word' id='word_1_64' title='bbox 727 1026 982 1079; x_wconf 84' lang='lat' dir='ltr'><strong>habeant.</strong></span> <span class='ocrx_word' id='word_1_65' title='bbox 1041 1023 1278 1078; x_wconf 82' lang='lat' dir='ltr'><strong>Maxime</strong></span> <span class='ocrx_word' id='word_1_66' title='bbox 1318 1031 1498 1078; x_wconf 89' lang='lat' dir='ltr'><strong>autem</strong></span> <span class='ocrx_word' id='word_1_67' title='bbox 1546 1019 1990 1091; x_wconf 90' lang='lat' dir='ltr'><strong>prospiciendum</strong></span> 
     </span>
    </p>
   </div>
   <div class='ocr_carea' id='block_1_13' title="bbox 396 1110 1991 1185">
    <p class='ocr_par' dir='ltr' id='par_1_13' title="bbox 396 1110 1991 1185">
     <span class='ocr_line' id='line_1_13' title="bbox 396 1110 1991 1185; baseline -0.004 -15"><span class='ocrx_word' id='word_1_68' title='bbox 396 1127 516 1182; x_wconf 87' lang='lat' dir='ltr'><strong>est,</strong></span> <span class='ocrx_word' id='word_1_69' title='bbox 553 1123 612 1168; x_wconf 91' lang='lat' dir='ltr'><strong>nt</strong></span> <span class='ocrx_word' id='word_1_70' title='bbox 656 1119 709 1169; x_wconf 88' lang='lat' dir='ltr'><strong>in</strong></span> <span class='ocrx_word' id='word_1_71' title='bbox 746 1115 937 1185; x_wconf 87' lang='lat' dir='ltr'><strong>primis</strong></span> <span class='ocrx_word' id='word_1_72' title='bbox 983 1130 1180 1183; x_wconf 69' lang='lat' dir='ltr'><strong>aquam</strong></span> <span class='ocrx_word' id='word_1_73' title='bbox 1222 1114 1494 1178; x_wconf 89' lang='lat' dir='ltr'><strong>obtineas,</strong></span> <span class='ocrx_word' id='word_1_74' title='bbox 1529 1123 1583 1166; x_wconf 90' lang='lat' dir='ltr'><strong>et</strong></span> <span class='ocrx_word' id='word_1_75' title='bbox 1628 1111 1696 1165; x_wconf 90' lang='lat' dir='ltr'><strong>ab</strong></span> <span class='ocrx_word' id='word_1_76' title='bbox 1742 1110 1991 1166; x_wconf 86' lang='lat' dir='ltr'><strong>hostibus</strong></span> 
     </span>
    </p>
   </div>
   <div class='ocr_carea' id='block_1_14' title="bbox 409 1201 1991 1277">
    <p class='ocr_par' dir='ltr' id='par_1_14' title="bbox 409 1201 1991 1277">
     <span class='ocr_line' id='line_1_14' title="bbox 409 1201 1991 1277; baseline -0.004 -15"><span class='ocrx_word' id='word_1_77' title='bbox 409 1207 694 1273; x_wconf 75' lang='lat' dir='ltr'><strong>defendas,</strong></span> <span class='ocrx_word' id='word_1_78' title='bbox 727 1223 833 1277; x_wconf 89' lang='lat' dir='ltr'><strong>qua</strong></span> <span class='ocrx_word' id='word_1_79' title='bbox 868 1207 944 1260; x_wconf 90' lang='lat' dir='ltr'><strong>illi</strong></span> <span class='ocrx_word' id='word_1_80' title='bbox 971 1207 1241 1261; x_wconf 72' lang='lat' dir='ltr'><strong>interdum</strong></span> <span class='ocrx_word' id='word_1_81' title='bbox 1279 1206 1534 1274; x_wconf 85' lang='lat' dir='ltr'><strong>egebunt.</strong></span> <span class='ocrx_word' id='word_1_82' title='bbox 1571 1201 1628 1256; x_wconf 92' lang='lat' dir='ltr'><strong>Si</strong></span> <span class='ocrx_word' id='word_1_83' title='bbox 1662 1216 1887 1272; x_wconf 87' lang='lat' dir='ltr'><strong>campus</strong></span> <span class='ocrx_word' id='word_1_84' title='bbox 1909 1210 1991 1256; x_wconf 91' lang='lat' dir='ltr'><strong>cst</strong></span> 
     </span>
    </p>
   </div>
   <div class='ocr_carea' id='block_1_15' title="bbox 411 1290 1991 1368">
    <p class='ocr_par' dir='ltr' id='par_1_15' title="bbox 411 1290 1991 1368">
     <span class='ocr_line' id='line_1_15' title="bbox 411 1290 1991 1368; baseline -0.004 -18"><span class='ocrx_word' id='word_1_85' title='bbox 411 1297 464 1351; x_wconf 91' lang='lat' dir='ltr'><strong>in</strong></span> <span class='ocrx_word' id='word_1_86' title='bbox 505 1313 616 1368; x_wconf 92' lang='lat' dir='ltr'><strong>quo</strong></span> <span class='ocrx_word' id='word_1_87' title='bbox 649 1297 988 1351; x_wconf 83' lang='lat' dir='ltr'><strong>conﬂictatio</strong></span> <span class='ocrx_word' id='word_1_88' title='bbox 1019 1296 1142 1350; x_wconf 91' lang='lat' dir='ltr'><strong>belli</strong></span> <span class='ocrx_word' id='word_1_89' title='bbox 1177 1295 1360 1349; x_wconf 81' lang='lat' dir='ltr'><strong>futura</strong></span> <span class='ocrx_word' id='word_1_90' title='bbox 1393 1303 1498 1358; x_wconf 91' lang='lat' dir='ltr'><strong>est,</strong></span> <span class='ocrx_word' id='word_1_91' title='bbox 1532 1308 1562 1346; x_wconf 89' lang='lat' dir='ltr'><strong>a</strong></span> <span class='ocrx_word' id='word_1_92' title='bbox 1597 1301 1746 1362; x_wconf 80' lang='lat' dir='ltr'><strong>tergo</strong></span> <span class='ocrx_word' id='word_1_93' title='bbox 1781 1291 1862 1345; x_wconf 89' lang='lat' dir='ltr'><strong>vel</strong></span> <span class='ocrx_word' id='word_1_94' title='bbox 1891 1290 1991 1344; x_wconf 85' lang='lat' dir='ltr'><strong>llu-</strong></span> 
     </span>
    </p>
   </div>
   <div class='ocr_carea' id='block_1_16' title="bbox 407 1383 1988 1457">
    <p class='ocr_par' dir='ltr' id='par_1_16' title="bbox 407 1383 1988 1457">
     <span class='ocr_line' id='line_1_16' title="bbox 407 1383 1988 1457; baseline -0.003 -15"><span class='ocrx_word' id='word_1_95' title='bbox 407 1390 556 1444; x_wconf 87' lang='lat' dir='ltr'><strong>vium</strong></span> <span class='ocrx_word' id='word_1_96' title='bbox 585 1389 665 1444; x_wconf 86' lang='lat' dir='ltr'><strong>vei</strong></span> <span class='ocrx_word' id='word_1_97' title='bbox 707 1388 883 1444; x_wconf 84' lang='lat' dir='ltr'><strong>lacum</strong></span> <span class='ocrx_word' id='word_1_98' title='bbox 907 1389 1132 1452; x_wconf 78' lang='lat' dir='ltr'><strong>habeas,</strong></span> <span class='ocrx_word' id='word_1_99' title='bbox 1167 1399 1262 1442; x_wconf 90' lang='lat' dir='ltr'><strong>aut</strong></span> <span class='ocrx_word' id='word_1_100' title='bbox 1289 1388 1527 1457; x_wconf 86' lang='lat' dir='ltr'><strong>aliquam</strong></span> <span class='ocrx_word' id='word_1_101' title='bbox 1560 1384 1770 1438; x_wconf 77' lang='lat' dir='ltr'><strong>firmam</strong></span> <span class='ocrx_word' id='word_1_102' title='bbox 1804 1383 1988 1438; x_wconf 61' lang='lat' dir='ltr'><strong>munia</strong></span> 
     </span>
    </p>
   </div>
   <div class='ocr_carea' id='block_1_17' title="bbox 410 1480 636 1534">
    <p class='ocr_par' dir='ltr' id='par_1_17' title="bbox 410 1480 636 1534">
     <span class='ocr_line' id='line_1_17' title="bbox 410 1480 636 1534; baseline 0 0"><span class='ocrx_word' id='word_1_103' title='bbox 410 1480 636 1534; x_wconf 89' lang='lat' dir='ltr'><strong>tionem.</strong></span> 
     </span>
    </p>
   </div>
   <div class='ocr_carea' id='block_1_18' title="bbox 489 1646 1988 1718">
    <p class='ocr_par' dir='ltr' id='par_1_18' title="bbox 489 1646 1988 1718">
     <span class='ocr_line' id='line_1_18' title="bbox 489 1646 1988 1718; baseline -0.01 -3"><span class='ocrx_word' id='word_1_104' title='bbox 489 1661 577 1714; x_wconf 68' lang='grc'><strong>42.</strong></span> <span class='ocrx_word' id='word_1_105' title='bbox 616 1657 924 1718; x_wconf 84' lang='lat' dir='ltr'><strong>Fossatnm,</strong></span> <span class='ocrx_word' id='word_1_106' title='bbox 963 1654 1015 1708; x_wconf 89' lang='lat' dir='ltr'><strong>id</strong></span> <span class='ocrx_word' id='word_1_107' title='bbox 1038 1663 1139 1717; x_wconf 87' lang='lat' dir='ltr'><strong>est,</strong></span> <span class='ocrx_word' id='word_1_108' title='bbox 1177 1661 1484 1707; x_wconf 88' lang='lat' dir='ltr'><strong>castrorum</strong></span> <span class='ocrx_word' id='word_1_109' title='bbox 1507 1649 1772 1704; x_wconf 90' lang='lat' dir='ltr'><strong>ambitum</strong></span> <span class='ocrx_word' id='word_1_110' title='bbox 1807 1646 1988 1701; x_wconf 89' lang='lat' dir='ltr'><strong>muni-</strong></span> 
     </span>
    </p>
   </div>
   <div class='ocr_carea' id='block_1_19' title="bbox 2108 458 3694 530">
    <p class='ocr_par' dir='ltr' id='par_1_19' title="bbox 2108 458 3694 530">
     <span class='ocr_line' id='line_1_19' title="bbox 2108 458 3694 530; baseline 0 -17"><span class='ocrx_word' id='word_1_111' title='bbox 2108 462 2158 513; x_wconf 80' lang='grc' dir='ltr'><strong>οί</strong></span> <span class='ocrx_word' id='word_1_112' title='bbox 2182 461 2536 530; x_wconf 75' lang='grc' dir='ltr'>καὸαλλάριοι</span> <span class='ocrx_word' id='word_1_113' title='bbox 2568 462 2682 522; x_wconf 88' lang='grc' dir='ltr'>τοῖς</span> <span class='ocrx_word' id='word_1_114' title='bbox 2713 459 2917 523; x_wconf 76' lang='grc' dir='ltr'>πεζοῖς,</span> <span class='ocrx_word' id='word_1_115' title='bbox 2948 461 3040 512; x_wconf 82' lang='grc' dir='ltr'><strong>καὶ</strong></span> <span class='ocrx_word' id='word_1_116' title='bbox 3068 461 3127 512; x_wconf 79' lang='grc' dir='ltr'>ἐν</span> <span class='ocrx_word' id='word_1_117' title='bbox 3163 458 3239 528; x_wconf 82' lang='grc' dir='ltr'>τῷ</span> <span class='ocrx_word' id='word_1_118' title='bbox 3270 460 3382 529; x_wconf 72' lang='grc' dir='ltr'><strong>ἅμα</strong></span> <span class='ocrx_word' id='word_1_119' title='bbox 3427 460 3694 513; x_wconf 71' lang='grc' dir='ltr'>ἀπλικεύη</span> 
     </span>
    </p>
   </div>
   <div class='ocr_carea' id='block_1_20' title="bbox 2105 553 3100 623">
    <p class='ocr_par' dir='ltr' id='par_1_20' title="bbox 2105 553 3100 623">
     <span class='ocr_line' id='line_1_20' title="bbox 2105 553 3100 623; baseline 0.001 -17"><span class='ocrx_word' id='word_1_120' title='bbox 2105 570 2255 606; x_wconf 87' lang='grc' dir='ltr'>ουσιν</span> <span class='ocrx_word' id='word_1_121' title='bbox 2288 554 2344 605; x_wconf 78' lang='grc' dir='ltr'>ἐν</span> <span class='ocrx_word' id='word_1_122' title='bbox 2370 555 2482 615; x_wconf 88' lang='grc' dir='ltr'>τοῖς</span> <span class='ocrx_word' id='word_1_123' title='bbox 2508 553 2861 623; x_wconf 80' lang='grc' dir='ltr'><strong>τεταγμένοις</strong></span> <span class='ocrx_word' id='word_1_124' title='bbox 2892 553 3100 616; x_wconf 83' lang='grc' dir='ltr'>τόποις.</span> 
     </span>
    </p>
   </div>
   <div class='ocr_carea' id='block_1_21' title="bbox 2181 642 3692 716">
    <p class='ocr_par' dir='ltr' id='par_1_21' title="bbox 2181 642 3692 716">
     <span class='ocr_line' id='line_1_21' title="bbox 2181 642 3692 716; baseline 0.002 -19"><span class='ocrx_word' id='word_1_125' title='bbox 2181 642 2291 716; x_wconf 87' lang='grc' dir='ltr'>μα’.</span> <span class='ocrx_word' id='word_1_126' title='bbox 2336 645 2424 699; x_wconf 85' lang='grc' dir='ltr'><strong>Ἐν</strong></span> <span class='ocrx_word' id='word_1_127' title='bbox 2459 643 2516 698; x_wconf 84' lang='grc' dir='ltr'>δὲ</span> <span class='ocrx_word' id='word_1_128' title='bbox 2546 645 2626 715; x_wconf 83' lang='grc' dir='ltr'><strong>τῷ</strong></span> <span class='ocrx_word' id='word_1_129' title='bbox 2672 644 2766 698; x_wconf 78' lang='grc' dir='ltr'>τοῦ</span> <span class='ocrx_word' id='word_1_130' title='bbox 2828 645 3068 714; x_wconf 84' lang='grc' dir='ltr'>πολέμου</span> <span class='ocrx_word' id='word_1_131' title='bbox 3129 647 3306 716; x_wconf 84' lang='grc' dir='ltr'>καιρῷ</span> <span class='ocrx_word' id='word_1_132' title='bbox 3361 646 3483 700; x_wconf 87' lang='grc' dir='ltr'>δέον</span> <span class='ocrx_word' id='word_1_133' title='bbox 3518 663 3577 699; x_wconf 89' lang='grc' dir='ltr'><strong>σε</strong></span> <span class='ocrx_word' id='word_1_134' title='bbox 3607 649 3692 712; x_wconf 83' lang='grc' dir='ltr'><strong>είς</strong></span> 
     </span>
    </p>
   </div>
   <div class='ocr_carea' id='block_1_22' title="bbox 2101 734 3690 808">
    <p class='ocr_par' dir='ltr' id='par_1_22' title="bbox 2101 734 3690 808">
     <span class='ocr_line' id='line_1_22' title="bbox 2101 734 3690 808; baseline 0.001 -20"><span class='ocrx_word' id='word_1_135' title='bbox 2101 736 2334 806; x_wconf 71' lang='grc' dir='ltr'>ὀχυροὺς</span> <span class='ocrx_word' id='word_1_136' title='bbox 2368 735 2566 799; x_wconf 81' lang='grc' dir='ltr'><strong>τόπους</strong></span> <span class='ocrx_word' id='word_1_137' title='bbox 2593 735 2661 788; x_wconf 83' lang='grc' dir='ltr'>τὰ</span> <span class='ocrx_word' id='word_1_138' title='bbox 2690 734 2930 789; x_wconf 80' lang='grc' dir='ltr'>ἇπλικτα</span> <span class='ocrx_word' id='word_1_139' title='bbox 2953 739 3208 801; x_wconf 81' lang='grc' dir='ltr'><strong>ἐπινοεῖν,</strong></span> <span class='ocrx_word' id='word_1_140' title='bbox 3244 738 3337 790; x_wconf 70' lang='grc' dir='ltr'><strong>καὶ</strong></span> <span class='ocrx_word' id='word_1_141' title='bbox 3378 738 3690 808; x_wconf 74' lang='grc' dir='ltr'><strong>φροντίζειν</strong></span> 
     </span>
    </p>
   </div>
   <div class='ocr_carea' id='block_1_23' title="bbox 2101 829 3692 900">
    <p class='ocr_par' dir='ltr' id='par_1_23' title="bbox 2101 829 3692 900">
     <span class='ocr_line' id='line_1_23' title="bbox 2101 829 3692 900; baseline 0.003 -19"><span class='ocrx_word' id='word_1_142' title='bbox 2101 830 2209 882; x_wconf 87' lang='grc' dir='ltr'><strong>τῶν</strong></span> <span class='ocrx_word' id='word_1_143' title='bbox 2258 829 2604 899; x_wconf 77' lang='grc' dir='ltr'>ἐπιτηδείων,</span> <span class='ocrx_word' id='word_1_144' title='bbox 2643 829 2717 900; x_wconf 82' lang='grc' dir='ltr'>μὴ</span> <span class='ocrx_word' id='word_1_145' title='bbox 2743 830 2923 899; x_wconf 89' lang='grc' dir='ltr'>μόνον,</span> <span class='ocrx_word' id='word_1_146' title='bbox 2960 831 3035 892; x_wconf 83' lang='grc' dir='ltr'><strong>ὡς</strong></span> <span class='ocrx_word' id='word_1_147' title='bbox 3059 831 3296 900; x_wconf 71' lang='grc' dir='ltr'>εἴρηται,</span> <span class='ocrx_word' id='word_1_148' title='bbox 3327 831 3426 900; x_wconf 83' lang='grc' dir='ltr'><strong>τῆς</strong></span> <span class='ocrx_word' id='word_1_149' title='bbox 3453 831 3562 885; x_wconf 85' lang='grc' dir='ltr'><strong>τῶν</strong></span> <span class='ocrx_word' id='word_1_150' title='bbox 3594 833 3692 886; x_wconf 88' lang='grc' dir='ltr'>ἀν-</span> 
     </span>
    </p>
   </div>
   <div class='ocr_carea' id='block_1_24' title="bbox 2102 921 3688 992">
    <p class='ocr_par' dir='ltr' id='par_1_24' title="bbox 2102 921 3688 992">
     <span class='ocr_line' id='line_1_24' title="bbox 2102 921 3688 992; baseline 0.003 -19"><span class='ocrx_word' id='word_1_151' title='bbox 2102 921 2340 992; x_wconf 86' lang='grc' dir='ltr'>θρώπων</span> <span class='ocrx_word' id='word_1_152' title='bbox 2371 922 2688 992; x_wconf 82' lang='grc' dir='ltr'>ἀποτροφῆς</span> <span class='ocrx_word' id='word_1_153' title='bbox 2723 921 2919 989; x_wconf 78' lang='grc' dir='ltr'><strong>ὀλίγων</strong></span> <span class='ocrx_word' id='word_1_154' title='bbox 2955 922 3202 992; x_wconf 84' lang='grc' dir='ltr'>ἡμερῶν,</span> <span class='ocrx_word' id='word_1_155' title='bbox 3224 921 3339 976; x_wconf 86' lang='grc' dir='ltr'>ἀλλ’</span> <span class='ocrx_word' id='word_1_156' title='bbox 3365 925 3412 976; x_wconf 78' lang='grc' dir='ltr'><strong>εί</strong></span> <span class='ocrx_word' id='word_1_157' title='bbox 3439 923 3688 991; x_wconf 80' lang='grc' dir='ltr'>δυνατὸν,</span> 
     </span>
    </p>
   </div>
   <div class='ocr_carea' id='block_1_25' title="bbox 2101 1010 3693 1083">
    <p class='ocr_par' dir='ltr' id='par_1_25' title="bbox 2101 1010 3693 1083">
     <span class='ocr_line' id='line_1_25' title="bbox 2101 1010 3693 1083; baseline 0.001 -19"><span class='ocrx_word' id='word_1_158' title='bbox 2101 1012 2194 1064; x_wconf 75' lang='grc' dir='ltr'>καὶ</span> <span class='ocrx_word' id='word_1_159' title='bbox 2244 1010 2352 1063; x_wconf 84' lang='grc' dir='ltr'><strong>τῶν</strong></span> <span class='ocrx_word' id='word_1_160' title='bbox 2410 1011 2658 1079; x_wconf 79' lang='grc' dir='ltr'><strong>ἀλόγων,</strong></span> <span class='ocrx_word' id='word_1_161' title='bbox 2718 1011 2804 1064; x_wconf 76' lang='grc' dir='ltr'><strong>διὰ</strong></span> <span class='ocrx_word' id='word_1_162' title='bbox 2845 1011 2906 1064; x_wconf 83' lang='grc' dir='ltr'><strong>τὸ</strong></span> <span class='ocrx_word' id='word_1_163' title='bbox 2941 1011 3134 1081; x_wconf 79' lang='grc' dir='ltr'>ἄδηλον</span> <span class='ocrx_word' id='word_1_164' title='bbox 3158 1011 3253 1066; x_wconf 82' lang='grc' dir='ltr'>τοῦ</span> <span class='ocrx_word' id='word_1_165' title='bbox 3288 1011 3548 1083; x_wconf 88' lang='grc' dir='ltr'>πολέμου,</span> <span class='ocrx_word' id='word_1_166' title='bbox 3594 1016 3693 1068; x_wconf 74' lang='grc' dir='ltr'>καὶ</span> 
     </span>
    </p>
   </div>
   <div class='ocr_carea' id='block_1_26' title="bbox 2100 1099 3691 1169">
    <p class='ocr_par' dir='ltr' id='par_1_26' title="bbox 2100 1099 3691 1169">
     <span class='ocr_line' id='line_1_26' title="bbox 2100 1099 3691 1169; baseline 0.004 -18"><span class='ocrx_word' id='word_1_167' title='bbox 2100 1099 2498 1169; x_wconf 83' lang='grc' dir='ltr'>ἐπιμελεῖσθαι,</span> <span class='ocrx_word' id='word_1_168' title='bbox 2527 1101 2618 1152; x_wconf 76' lang='grc' dir='ltr'><strong>καὶ</strong></span> <span class='ocrx_word' id='word_1_169' title='bbox 2646 1099 2986 1167; x_wconf 81' lang='grc' dir='ltr'><strong>διασκοπεῖν,</strong></span> <span class='ocrx_word' id='word_1_170' title='bbox 3027 1101 3115 1154; x_wconf 82' lang='grc' dir='ltr'>ἵνα</span> <span class='ocrx_word' id='word_1_171' title='bbox 3146 1101 3234 1156; x_wconf 84' lang='grc' dir='ltr'>διὰ</span> <span class='ocrx_word' id='word_1_172' title='bbox 3266 1103 3486 1158; x_wconf 81' lang='grc' dir='ltr'>’πάντων</span> <span class='ocrx_word' id='word_1_173' title='bbox 3522 1104 3691 1158; x_wconf 90' lang='grc' dir='ltr'>δύνα-</span> 
     </span>
    </p>
   </div>
   <div class='ocr_carea' id='block_1_27' title="bbox 2101 1189 3696 1262">
    <p class='ocr_par' dir='ltr' id='par_1_27' title="bbox 2101 1189 3696 1262">
     <span class='ocr_line' id='line_1_27' title="bbox 2101 1189 3696 1262; baseline 0.003 -19"><span class='ocrx_word' id='word_1_174' title='bbox 2101 1207 2188 1244; x_wconf 89' lang='grc' dir='ltr'><strong>σαι</strong></span> <span class='ocrx_word' id='word_1_175' title='bbox 2222 1191 2281 1244; x_wconf 85' lang='grc' dir='ltr'>τὺ</span> <span class='ocrx_word' id='word_1_176' title='bbox 2310 1189 2456 1262; x_wconf 75' lang='grc' dir='ltr'>ὕδωρ</span> <span class='ocrx_word' id='word_1_177' title='bbox 2487 1191 2746 1244; x_wconf 70' lang='grc' dir='ltr'>ἐκδικεῖν*</span> <span class='ocrx_word' id='word_1_178' title='bbox 2796 1194 2854 1243; x_wconf 81' lang='grc' dir='ltr'>ἐν</span> <span class='ocrx_word' id='word_1_179' title='bbox 2887 1191 3064 1262; x_wconf 85' lang='grc' dir='ltr'>καιρῷ</span> <span class='ocrx_word' id='word_1_180' title='bbox 3095 1193 3204 1262; x_wconf 85' lang='grc' dir='ltr'><strong>γὰρ</strong></span> <span class='ocrx_word' id='word_1_181' title='bbox 3239 1194 3333 1246; x_wconf 73' lang='grc' dir='ltr'>καὶ</span> <span class='ocrx_word' id='word_1_182' title='bbox 3362 1195 3489 1259; x_wconf 77' lang='grc' dir='ltr'>τοὺς</span> <span class='ocrx_word' id='word_1_183' title='bbox 3539 1196 3696 1248; x_wconf 88' lang='grc' dir='ltr'>πολε-</span> 
     </span>
    </p>
   </div>
   <div class='ocr_carea' id='block_1_28' title="bbox 2101 1278 3690 1355">
    <p class='ocr_par' dir='ltr' id='par_1_28' title="bbox 2101 1278 3690 1355">
     <span class='ocr_line' id='line_1_28' title="bbox 2101 1278 3690 1355; baseline 0.005 -23"><span class='ocrx_word' id='word_1_184' title='bbox 2101 1279 2261 1348; x_wconf 85' lang='grc' dir='ltr'>μίους</span> <span class='ocrx_word' id='word_1_185' title='bbox 2291 1279 2434 1344; x_wconf 79' lang='grc' dir='ltr'>ἕξεις</span> <span class='ocrx_word' id='word_1_186' title='bbox 2461 1278 2775 1350; x_wconf 85' lang='grc' dir='ltr'>δεομένους.</span> <span class='ocrx_word' id='word_1_187' title='bbox 2812 1283 2922 1334; x_wconf 79' lang='grc' dir='ltr'>Καὶ</span> <span class='ocrx_word' id='word_1_188' title='bbox 2949 1280 3043 1334; x_wconf 76' lang='grc' dir='ltr'><strong>ἐὰν</strong></span> <span class='ocrx_word' id='word_1_189' title='bbox 3081 1283 3179 1352; x_wconf 83' lang='grc' dir='ltr'><strong>μέν</strong></span> <span class='ocrx_word' id='word_1_190' title='bbox 3224 1284 3340 1335; x_wconf 76' lang='grc' dir='ltr'>ἐστι</span> <span class='ocrx_word' id='word_1_191' title='bbox 3382 1284 3604 1355; x_wconf 85' lang='grc' dir='ltr'>κάμπος</span> <span class='ocrx_word' id='word_1_192' title='bbox 3630 1287 3690 1340; x_wconf 79' lang='grc' dir='ltr'>ὲν</span> 
     </span>
    </p>
   </div>
   <div class='ocr_carea' id='block_1_29' title="bbox 2096 1365 3692 1442">
    <p class='ocr_par' dir='ltr' id='par_1_29' title="bbox 2096 1365 3692 1442">
     <span class='ocr_line' id='line_1_29' title="bbox 2096 1365 3692 1442; baseline 0.006 -20"><span class='ocrx_word' id='word_1_193' title='bbox 2096 1365 2140 1438; x_wconf 79' lang='grc' dir='ltr'>ᾧ</span> <span class='ocrx_word' id='word_1_194' title='bbox 2167 1372 2197 1440; x_wconf 74' lang='grc' dir='ltr'><strong>η</strong></span> <span class='ocrx_word' id='word_1_195' title='bbox 2218 1388 2282 1422; x_wconf 91' lang='grc' dir='ltr'><strong>συ</strong></span> <span class='ocrx_word' id='word_1_196' title='bbox 2292 1371 2469 1441; x_wconf 77' lang='grc' dir='ltr'>μδολὴ</span> <span class='ocrx_word' id='word_1_197' title='bbox 2500 1371 2592 1424; x_wconf 84' lang='grc' dir='ltr'>τοῦ</span> <span class='ocrx_word' id='word_1_198' title='bbox 2613 1371 2852 1441; x_wconf 84' lang='grc' dir='ltr'>πολέμου</span> <span class='ocrx_word' id='word_1_199' title='bbox 2879 1372 3344 1442; x_wconf 70' lang='grc' dir='ltr'>μέλλειζγίνεσθαι,</span> <span class='ocrx_word' id='word_1_200' title='bbox 3369 1375 3692 1440; x_wconf 74' lang='grc' dir='ltr'><strong>σπουδάζειν</strong></span> 
     </span>
    </p>
   </div>
   <div class='ocr_carea' id='block_1_30' title="bbox 2105 1461 3686 1537">
    <p class='ocr_par' dir='ltr' id='par_1_30' title="bbox 2105 1461 3686 1537">
     <span class='ocr_line' id='line_1_30' title="bbox 2105 1461 3686 1537; baseline 0.001 -23"><span class='ocrx_word' id='word_1_201' title='bbox 2105 1463 2203 1530; x_wconf 88' lang='grc' dir='ltr'><strong>μὲν</strong></span> <span class='ocrx_word' id='word_1_202' title='bbox 2243 1461 2384 1531; x_wconf 78' lang='grc' dir='ltr'>ἔχειν</span> <span class='ocrx_word' id='word_1_203' title='bbox 2420 1462 2638 1522; x_wconf 85' lang='grc' dir='ltr'>πάντως</span> <span class='ocrx_word' id='word_1_204' title='bbox 2669 1463 2749 1525; x_wconf 82' lang='grc' dir='ltr'><strong>εἰς</strong></span> <span class='ocrx_word' id='word_1_205' title='bbox 2779 1463 2847 1515; x_wconf 76' lang='grc' dir='ltr'><strong>τά</strong></span> <span class='ocrx_word' id='word_1_206' title='bbox 2879 1463 3055 1516; x_wconf 81' lang='grc' dir='ltr'>ὀπίσω</span> <span class='ocrx_word' id='word_1_207' title='bbox 3081 1463 3113 1534; x_wconf 80' lang='grc' dir='ltr'>ἢ</span> <span class='ocrx_word' id='word_1_208' title='bbox 3141 1465 3383 1535; x_wconf 81' lang='grc' dir='ltr'>ποταμὸν</span> <span class='ocrx_word' id='word_1_209' title='bbox 3411 1466 3443 1536; x_wconf 80' lang='grc' dir='ltr'>ἢ</span> <span class='ocrx_word' id='word_1_210' title='bbox 3467 1465 3686 1537; x_wconf 78' lang='grc' dir='ltr'><strong>λίμνην,</strong></span> 
     </span>
    </p>
   </div>
   <div class='ocr_carea' id='block_1_31' title="bbox 2097 1553 2924 1627">
    <p class='ocr_par' dir='ltr' id='par_1_31' title="bbox 2097 1553 2924 1627">
     <span class='ocr_line' id='line_1_31' title="bbox 2097 1553 2924 1627; baseline 0.006 -23"><span class='ocrx_word' id='word_1_211' title='bbox 2097 1554 2130 1623; x_wconf 81' lang='grc' dir='ltr'><strong>ἧ</strong></span> <span class='ocrx_word' id='word_1_212' title='bbox 2160 1553 2345 1622; x_wconf 79' lang='grc' dir='ltr'>ἓτερον</span> <span class='ocrx_word' id='word_1_213' title='bbox 2375 1555 2617 1606; x_wconf 84' lang='grc' dir='ltr'>τοιοῦτον</span> <span class='ocrx_word' id='word_1_214' title='bbox 2640 1554 2924 1627; x_wconf 85' lang='grc' dir='ltr'>ὀχύρωμα.</span> 
     </span>
    </p>
   </div>
   <div class='ocr_carea' id='block_1_32' title="bbox 2173 1643 3690 1721">
    <p class='ocr_par' dir='ltr' id='par_1_32' title="bbox 2173 1643 3690 1721">
     <span class='ocr_line' id='line_1_32' title="bbox 2173 1643 3690 1721; baseline 0.004 -24"><span class='ocrx_word' id='word_1_215' title='bbox 2173 1643 2282 1715; x_wconf 81' lang='grc' dir='ltr'><strong>μβ’.</strong></span> <span class='ocrx_word' id='word_1_216' title='bbox 2318 1645 2426 1698; x_wconf 72' lang='grc' dir='ltr'>Καὶ</span> <span class='ocrx_word' id='word_1_217' title='bbox 2457 1645 2516 1698; x_wconf 81' lang='grc' dir='ltr'>τὸ</span> <span class='ocrx_word' id='word_1_218' title='bbox 2547 1646 2646 1716; x_wconf 87' lang='grc' dir='ltr'><strong>μὲν</strong></span> <span class='ocrx_word' id='word_1_219' title='bbox 2677 1648 2947 1715; x_wconf 82' lang='grc' dir='ltr'>φοσσάτον</span> <span class='ocrx_word' id='word_1_220' title='bbox 2976 1651 3150 1702; x_wconf 87' lang='grc' dir='ltr'>ποιεῖν</span> <span class='ocrx_word' id='word_1_221' title='bbox 3171 1649 3390 1719; x_wconf 74' lang='grc' dir='ltr'>ὀχυρὸν,</span> <span class='ocrx_word' id='word_1_222' title='bbox 3409 1652 3500 1703; x_wconf 75' lang='grc' dir='ltr'><strong>καὶ</strong></span> <span class='ocrx_word' id='word_1_223' title='bbox 3526 1667 3690 1721; x_wconf 84' lang='grc' dir='ltr'>στρα-</span> 
     </span>
    </p>
   </div>
   <div class='ocr_carea' id='block_1_33' title="bbox 411 1734 1984 1813">
    <p class='ocr_par' dir='ltr' id='par_1_33' title="bbox 411 1734 1984 1808">
     <span class='ocr_line' id='line_1_33' title="bbox 411 1734 1984 1808; baseline -0.01 -5"><span class='ocrx_word' id='word_1_224' title='bbox 411 1763 522 1803; x_wconf 82' lang='lat' dir='ltr'><strong>tum</strong></span> <span class='ocrx_word' id='word_1_225' title='bbox 580 1749 775 1808; x_wconf 77' lang='lat' dir='ltr'><strong>facias,</strong></span> <span class='ocrx_word' id='word_1_226' title='bbox 810 1758 864 1801; x_wconf 88' lang='lat' dir='ltr'><strong>et</strong></span> <span class='ocrx_word' id='word_1_227' title='bbox 903 1746 1038 1800; x_wconf 88' lang='lat' dir='ltr'><strong>satis</strong></span> <span class='ocrx_word' id='word_1_228' title='bbox 1073 1741 1272 1796; x_wconf 90' lang='lat' dir='ltr'><strong>multos</strong></span> <span class='ocrx_word' id='word_1_229' title='bbox 1315 1741 1388 1794; x_wconf 92' lang='lat' dir='ltr'><strong>ibi</strong></span> <span class='ocrx_word' id='word_1_230' title='bbox 1439 1740 1738 1792; x_wconf 72' lang='lat' dir='ltr'><strong>iﬂall‘UClUS</strong></span> <span class='ocrx_word' id='word_1_231' title='bbox 1785 1734 1984 1788; x_wconf 84' lang='lat' dir='ltr'><strong>milites</strong></span> 
     </span>
    </p>
   </div>
   <div class='ocr_carea' id='block_1_34' title="bbox 2103 1734 3685 1813">
    <p class='ocr_par' dir='ltr' id='par_1_34' title="bbox 2103 1736 3685 1813">
     <span class='ocr_line' id='line_1_34' title="bbox 2103 1736 3685 1813; baseline 0.005 -25"><span class='ocrx_word' id='word_1_232' title='bbox 2103 1736 2180 1788; x_wconf 71' lang='grc' dir='ltr'>τὸν</span> <span class='ocrx_word' id='word_1_233' title='bbox 2237 1740 2294 1789; x_wconf 83' lang='grc' dir='ltr'>ὲν</span> <span class='ocrx_word' id='word_1_234' title='bbox 2328 1736 2476 1806; x_wconf 86' lang='grc' dir='ltr'>αύτῷ</span> <span class='ocrx_word' id='word_1_235' title='bbox 2513 1738 2956 1808; x_wconf 81' lang='grc' dir='ltr'>καταλιμπάνειν</span> <span class='ocrx_word' id='word_1_236' title='bbox 2989 1739 3078 1792; x_wconf 84' lang='grc' dir='ltr'><strong>τὸν</strong></span> <span class='ocrx_word' id='word_1_237' title='bbox 3116 1740 3385 1808; x_wconf 83' lang='grc' dir='ltr'>ἀρκοῦτα,</span> <span class='ocrx_word' id='word_1_238' title='bbox 3419 1742 3506 1794; x_wconf 81' lang='grc' dir='ltr'>ἵνα</span> <span class='ocrx_word' id='word_1_239' title='bbox 3545 1741 3620 1813; x_wconf 77' lang='grc' dir='ltr'><strong>μὴ</strong></span> <span class='ocrx_word' id='word_1_240' title='bbox 3655 1745 3685 1796; x_wconf 84' lang='grc' dir='ltr'>ὁ</span> 
     </span>
    </p>
   </div>
   <div class='ocr_carea' id='block_1_35' title="bbox 410 1828 1986 1909">
    <p class='ocr_par' dir='ltr' id='par_1_35' title="bbox 410 1828 1986 1909">
     <span class='ocr_line' id='line_1_35' title="bbox 410 1828 1986 1909; baseline -0.009 -14"><span class='ocrx_word' id='word_1_241' title='bbox 410 1842 710 1909; x_wconf 86' lang='lat' dir='ltr'><strong>relinquas,</strong></span> <span class='ocrx_word' id='word_1_242' title='bbox 759 1849 818 1894; x_wconf 90' lang='lat' dir='ltr'><strong>ut</strong></span> <span class='ocrx_word' id='word_1_243' title='bbox 863 1853 930 1891; x_wconf 88' lang='lat' dir='ltr'><strong>ne</strong></span> <span class='ocrx_word' id='word_1_244' title='bbox 961 1837 1006 1889; x_wconf 92' lang='lat' dir='ltr'><strong>si</strong></span> <span class='ocrx_word' id='word_1_245' title='bbox 1045 1835 1282 1889; x_wconf 88' lang='lat' dir='ltr'><strong>hostium</strong></span> <span class='ocrx_word' id='word_1_246' title='bbox 1329 1833 1438 1888; x_wconf 88' lang='lat' dir='ltr'><strong>dux</strong></span> <span class='ocrx_word' id='word_1_247' title='bbox 1472 1830 1668 1886; x_wconf 81' lang='lat' dir='ltr'><strong>castris</strong></span> <span class='ocrx_word' id='word_1_248' title='bbox 1705 1829 1812 1884; x_wconf 91' lang='lat' dir='ltr'><strong>tu-is</strong></span> <span class='ocrx_word' id='word_1_249' title='bbox 1850 1828 1986 1883; x_wconf 79' lang='lat' dir='ltr'><strong>insi-</strong></span> 
     </span>
    </p>
   </div>
   <div class='ocr_carea' id='block_1_36' title="bbox 407 1918 1983 1997">
    <p class='ocr_par' dir='ltr' id='par_1_36' title="bbox 407 1918 1983 1997">
     <span class='ocr_line' id='line_1_36' title="bbox 407 1918 1983 1997; baseline -0.01 -11"><span class='ocrx_word' id='word_1_250' title='bbox 407 1933 604 1993; x_wconf 88' lang='lat' dir='ltr'><strong>dietur,</strong></span> <span class='ocrx_word' id='word_1_251' title='bbox 648 1945 742 1984; x_wconf 86' lang='lat' dir='ltr'><strong>eos</strong></span> <span class='ocrx_word' id='word_1_252' title='bbox 781 1927 873 1997; x_wconf 90' lang='lat' dir='ltr'><strong>qui</strong></span> <span class='ocrx_word' id='word_1_253' title='bbox 921 1924 1206 1980; x_wconf 85' lang='lat' dir='ltr'><strong>incastris</strong></span> <span class='ocrx_word' id='word_1_254' title='bbox 1249 1931 1379 1976; x_wconf 90' lang='lat' dir='ltr'><strong>sunt</strong></span> <span class='ocrx_word' id='word_1_255' title='bbox 1421 1935 1612 1974; x_wconf 91' lang='lat' dir='ltr'><strong>omnes</strong></span> <span class='ocrx_word' id='word_1_256' title='bbox 1670 1918 1983 1973; x_wconf 81' lang='lat' dir='ltr'><strong>interﬁciat.</strong></span> 
     </span>
    </p>
   </div>
   <div class='ocr_carea' id='block_1_37' title="bbox 407 2018 1491 2086">
    <p class='ocr_par' dir='ltr' id='par_1_37' title="bbox 407 2018 1491 2086">
     <span class='ocr_line' id='line_1_37' title="bbox 407 2018 1491 2086; baseline -0.01 -7"><span class='ocrx_word' id='word_1_257' title='bbox 407 2025 616 2079; x_wconf 86' lang='lat' dir='ltr'><strong>Currus</strong></span> <span class='ocrx_word' id='word_1_258' title='bbox 657 2029 840 2076; x_wconf 88' lang='lat' dir='ltr'><strong>autem</strong></span> <span class='ocrx_word' id='word_1_259' title='bbox 867 2019 944 2074; x_wconf 92' lang='lat' dir='ltr'><strong>tui</strong></span> <span class='ocrx_word' id='word_1_260' title='bbox 966 2018 1137 2072; x_wconf 86' lang='lat' dir='ltr'><strong>aciem</strong></span> <span class='ocrx_word' id='word_1_261' title='bbox 1163 2024 1491 2086; x_wconf 87' lang='lat' dir='ltr'><strong>sequantur.</strong></span> 
     </span>
    </p>
   </div>
   <div class='ocr_carea' id='block_1_38' title="bbox 483 2103 1985 2174">
    <p class='ocr_par' dir='ltr' id='par_1_38' title="bbox 483 2103 1985 2174">
     <span class='ocr_line' id='line_1_38' title="bbox 483 2103 1985 2174; baseline -0.007 -7"><span class='ocrx_word' id='word_1_262' title='bbox 483 2115 573 2169; x_wconf 80' lang='grc'><strong>45.</strong></span> <span class='ocrx_word' id='word_1_263' title='bbox 605 2113 660 2167; x_wconf 91' lang='lat' dir='ltr'><strong>Si</strong></span> <span class='ocrx_word' id='word_1_264' title='bbox 695 2112 852 2166; x_wconf 77' lang='lat' dir='ltr'><strong>fortis</strong></span> <span class='ocrx_word' id='word_1_265' title='bbox 894 2109 1060 2164; x_wconf 83' lang='lat' dir='ltr'><strong>fuerit</strong></span> <span class='ocrx_word' id='word_1_266' title='bbox 1100 2108 1255 2162; x_wconf 91' lang='lat' dir='ltr'><strong>locus</strong></span> <span class='ocrx_word' id='word_1_267' title='bbox 1297 2117 1460 2174; x_wconf 90' lang='lat' dir='ltr'><strong>atque</strong></span> <span class='ocrx_word' id='word_1_268' title='bbox 1493 2103 1795 2172; x_wconf 72' lang='lat' dir='ltr'><strong>inthualis,</strong></span> <span class='ocrx_word' id='word_1_269' title='bbox 1831 2118 1985 2156; x_wconf 82' lang='lat' dir='ltr'><strong>cara-</strong></span> 
     </span>
    </p>
   </div>
   <div class='ocr_carea' id='block_1_39' title="bbox 407 2196 1983 2273">
    <p class='ocr_par' dir='ltr' id='par_1_39' title="bbox 407 2196 1983 2273">
     <span class='ocr_line' id='line_1_39' title="bbox 407 2196 1983 2273; baseline -0.008 -14"><span class='ocrx_word' id='word_1_270' title='bbox 407 2222 556 2273; x_wconf 81' lang='lat' dir='ltr'><strong>gum,</strong></span> <span class='ocrx_word' id='word_1_271' title='bbox 615 2205 666 2257; x_wconf 89' lang='lat' dir='ltr'><strong>id</strong></span> <span class='ocrx_word' id='word_1_272' title='bbox 715 2211 816 2266; x_wconf 88' lang='lat' dir='ltr'><strong>est,</strong></span> <span class='ocrx_word' id='word_1_273' title='bbox 861 2209 1161 2265; x_wconf 84' lang='lat' dir='ltr'><strong>vecturam,</strong></span> <span class='ocrx_word' id='word_1_274' title='bbox 1211 2197 1528 2266; x_wconf 89' lang='lat' dir='ltr'><strong>reliquaque</strong></span> <span class='ocrx_word' id='word_1_275' title='bbox 1576 2196 1983 2265; x_wconf 89' lang='lat' dir='ltr'><strong>impedimenta,</strong></span> 
     </span>
    </p>
   </div>
   <div class='ocr_carea' id='block_1_40' title="bbox 403 2286 1982 2366">
    <p class='ocr_par' dir='ltr' id='par_1_40' title="bbox 403 2286 1982 2366">
     <span class='ocr_line' id='line_1_40' title="bbox 403 2286 1982 2366; baseline -0.006 -18"><span class='ocrx_word' id='word_1_276' title='bbox 403 2307 568 2366; x_wconf 89' lang='lat' dir='ltr'><strong>atque</strong></span> <span class='ocrx_word' id='word_1_277' title='bbox 610 2302 930 2364; x_wconf 85' lang='lat' dir='ltr'><strong>apparatum</strong></span> <span class='ocrx_word' id='word_1_278' title='bbox 971 2293 1023 2345; x_wconf 91' lang='lat' dir='ltr'><strong>in</strong></span> <span class='ocrx_word' id='word_1_279' title='bbox 1055 2289 1262 2344; x_wconf 78' lang='lat' dir='ltr'><strong>fossato</strong></span> <span class='ocrx_word' id='word_1_280' title='bbox 1285 2304 1405 2344; x_wconf 87' lang='lat' dir='ltr'><strong>cum</strong></span> <span class='ocrx_word' id='word_1_281' title='bbox 1445 2287 1632 2357; x_wconf 85' lang='lat' dir='ltr'><strong>paucis</strong></span> <span class='ocrx_word' id='word_1_282' title='bbox 1655 2286 1982 2357; x_wconf 89' lang='lat' dir='ltr'><strong>quibusdam</strong></span> 
     </span>
    </p>
   </div>
   <div class='ocr_carea' id='block_1_41' title="bbox 408 2380 1979 2448">
    <p class='ocr_par' dir='ltr' id='par_1_41' title="bbox 408 2380 1979 2448">
     <span class='ocr_line' id='line_1_41' title="bbox 408 2380 1979 2448; baseline -0.006 -9"><span class='ocrx_word' id='word_1_283' title='bbox 408 2388 538 2442; x_wconf 76' lang='lat' dir='ltr'><strong>vitis</strong></span> <span class='ocrx_word' id='word_1_284' title='bbox 590 2387 875 2441; x_wconf 89' lang='lat' dir='ltr'><strong>curulibtts</strong></span> <span class='ocrx_word' id='word_1_285' title='bbox 931 2383 996 2437; x_wconf 89' lang='lat' dir='ltr'><strong>ad</strong></span> <span class='ocrx_word' id='word_1_286' title='bbox 1049 2383 1266 2436; x_wconf 90' lang='lat' dir='ltr'><strong>illorum</strong></span> <span class='ocrx_word' id='word_1_287' title='bbox 1325 2381 1627 2435; x_wconf 79' lang='lat' dir='ltr'><strong>custodiam</strong></span> <span class='ocrx_word' id='word_1_288' title='bbox 1685 2380 1979 2448; x_wconf 88' lang='lat' dir='ltr'><strong>relinques.</strong></span> 
     </span>
    </p>
   </div>
   <div class='ocr_carea' id='block_1_42' title="bbox 407 2470 1985 2541">
    <p class='ocr_par' dir='ltr' id='par_1_42' title="bbox 407 2470 1985 2541">
     <span class='ocr_line' id='line_1_42' title="bbox 407 2470 1985 2541; baseline -0.003 -11"><span class='ocrx_word' id='word_1_289' title='bbox 407 2479 568 2531; x_wconf 74' lang='lat' dir='ltr'><strong>Acies</strong></span> <span class='ocrx_word' id='word_1_290' title='bbox 605 2487 788 2531; x_wconf 93' lang='lat' dir='ltr'><strong>autem</strong></span> <span class='ocrx_word' id='word_1_291' title='bbox 821 2477 1092 2530; x_wconf 88' lang='lat' dir='ltr'><strong>instructa</strong></span> <span class='ocrx_word' id='word_1_292' title='bbox 1131 2473 1328 2528; x_wconf 91' lang='lat' dir='ltr'><strong>idoneo</strong></span> <span class='ocrx_word' id='word_1_293' title='bbox 1355 2471 1408 2525; x_wconf 91' lang='lat' dir='ltr'><strong>in</strong></span> <span class='ocrx_word' id='word_1_294' title='bbox 1451 2472 1574 2526; x_wconf 92' lang='lat' dir='ltr'><strong>loco</strong></span> <span class='ocrx_word' id='word_1_295' title='bbox 1609 2487 1773 2541; x_wconf 89' lang='lat' dir='ltr'><strong>prope</strong></span> <span class='ocrx_word' id='word_1_296' title='bbox 1805 2470 1985 2528; x_wconf 83' lang='lat' dir='ltr'><strong>fossa-</strong></span> 
     </span>
    </p>
   </div>
   <div class='ocr_carea' id='block_1_43' title="bbox 411 2570 865 2623">
    <p class='ocr_par' dir='ltr' id='par_1_43' title="bbox 411 2570 865 2623">
     <span class='ocr_line' id='line_1_43' title="bbox 411 2570 865 2623; baseline 0.004 -2"><span class='ocrx_word' id='word_1_297' title='bbox 411 2581 522 2622; x_wconf 90' lang='lat' dir='ltr'><strong>tum</strong></span> <span class='ocrx_word' id='word_1_298' title='bbox 548 2570 865 2623; x_wconf 85' lang='lat' dir='ltr'><strong>collocetur.</strong></span> 
     </span>
    </p>
   </div>
   <div class='ocr_carea' id='block_1_44' title="bbox 473 2657 1982 2728">
    <p class='ocr_par' dir='ltr' id='par_1_44' title="bbox 473 2657 1982 2728">
     <span class='ocr_line' id='line_1_44' title="bbox 473 2657 1982 2728; baseline -0.001 -15"><span class='ocrx_word' id='word_1_299' title='bbox 473 2659 561 2716; x_wconf 72' lang='grc' dir='ltr'><strong>Μ.</strong></span> <span class='ocrx_word' id='word_1_300' title='bbox 594 2657 650 2714; x_wconf 88' lang='lat' dir='ltr'><strong>Si</strong></span> <span class='ocrx_word' id='word_1_301' title='bbox 679 2661 797 2714; x_wconf 89' lang='lat' dir='ltr'><strong>loca</strong></span> <span class='ocrx_word' id='word_1_302' title='bbox 842 2657 1161 2714; x_wconf 77' lang='lat' dir='ltr'><strong>diliicultate</strong></span> <span class='ocrx_word' id='word_1_303' title='bbox 1207 2666 1369 2728; x_wconf 89' lang='lat' dir='ltr'><strong>atque</strong></span> <span class='ocrx_word' id='word_1_304' title='bbox 1414 2657 1707 2727; x_wconf 87' lang='lat' dir='ltr'><strong>asperitate</strong></span> <span class='ocrx_word' id='word_1_305' title='bbox 1752 2657 1982 2724; x_wconf 89' lang='lat' dir='ltr'><strong>munita,</strong></span> 
     </span>
    </p>
   </div>
   <div class='ocr_carea' id='block_1_45' title="bbox 405 2749 1986 2819">
    <p class='ocr_par' dir='ltr' id='par_1_45' title="bbox 405 2749 1986 2819">
     <span class='ocr_line' id='line_1_45' title="bbox 405 2749 1986 2819; baseline 0.001 -16"><span class='ocrx_word' id='word_1_306' title='bbox 405 2760 459 2804; x_wconf 83' lang='lat' dir='ltr'><strong>ct</strong></span> <span class='ocrx_word' id='word_1_307' title='bbox 505 2754 688 2805; x_wconf 84' lang='lat' dir='ltr'><strong>hostes</strong></span> <span class='ocrx_word' id='word_1_308' title='bbox 721 2751 960 2805; x_wconf 77' lang='lat' dir='ltr'><strong>maxima</strong></span> <span class='ocrx_word' id='word_1_309' title='bbox 1001 2765 1067 2804; x_wconf 78' lang='lat' dir='ltr'><strong>ex</strong></span> <span class='ocrx_word' id='word_1_310' title='bbox 1098 2760 1250 2819; x_wconf 90' lang='lat' dir='ltr'><strong>parte</strong></span> <span class='ocrx_word' id='word_1_311' title='bbox 1278 2751 1490 2819; x_wconf 84' lang='lat' dir='ltr'><strong>equites</strong></span> <span class='ocrx_word' id='word_1_312' title='bbox 1538 2749 1764 2813; x_wconf 81' lang='lat' dir='ltr'><strong>fuerint,</strong></span> <span class='ocrx_word' id='word_1_313' title='bbox 1794 2749 1860 2804; x_wconf 87' lang='lat' dir='ltr'><strong>ad</strong></span> <span class='ocrx_word' id='word_1_314' title='bbox 1889 2749 1986 2804; x_wconf 91' lang='lat' dir='ltr'><strong>de-</strong></span> 
     </span>
    </p>
   </div>
   <div class='ocr_carea' id='block_1_46' title="bbox 408 2841 1986 2913">
    <p class='ocr_par' dir='ltr' id='par_1_46' title="bbox 408 2841 1986 2913">
     <span class='ocr_line' id='line_1_46' title="bbox 408 2841 1986 2913; baseline -0.001 -17"><span class='ocrx_word' id='word_1_315' title='bbox 408 2843 709 2898; x_wconf 76' lang='lat' dir='ltr'><strong>fensionem</strong></span> <span class='ocrx_word' id='word_1_316' title='bbox 757 2852 811 2896; x_wconf 92' lang='lat' dir='ltr'><strong>et</strong></span> <span class='ocrx_word' id='word_1_317' title='bbox 861 2843 1352 2913; x_wconf 83' lang='lat' dir='ltr'><strong>propugnationem</strong></span> <span class='ocrx_word' id='word_1_318' title='bbox 1412 2850 1653 2896; x_wconf 63' lang='lat' dir='ltr'><strong>vectura</strong></span> <span class='ocrx_word' id='word_1_319' title='bbox 1697 2854 1761 2895; x_wconf 89' lang='lat' dir='ltr'><strong>ac</strong></span> <span class='ocrx_word' id='word_1_320' title='bbox 1814 2841 1986 2909; x_wconf 87' lang='lat' dir='ltr'><strong>impe-</strong></span> 
     </span>
    </p>
   </div>
   <div class='ocr_carea' id='block_1_47' title="bbox 404 2930 1979 3002">
    <p class='ocr_par' dir='ltr' id='par_1_47' title="bbox 404 2930 1979 3002">
     <span class='ocr_line' id='line_1_47' title="bbox 404 2930 1979 3002; baseline -0.001 -16"><span class='ocrx_word' id='word_1_321' title='bbox 404 2934 767 2987; x_wconf 84' lang='lat' dir='ltr'><strong>dimentorum</strong></span> <span class='ocrx_word' id='word_1_322' title='bbox 814 2934 929 3002; x_wconf 90' lang='lat' dir='ltr'><strong>ipsa</strong></span> <span class='ocrx_word' id='word_1_323' title='bbox 969 2932 1073 2986; x_wconf 81' lang='lat' dir='ltr'><strong>laci</strong></span> <span class='ocrx_word' id='word_1_324' title='bbox 1129 2940 1325 2986; x_wconf 90' lang='lat' dir='ltr'><strong>natura</strong></span> <span class='ocrx_word' id='word_1_325' title='bbox 1382 2931 1512 2988; x_wconf 86' lang='lat' dir='ltr'><strong>satis</strong></span> <span class='ocrx_word' id='word_1_326' title='bbox 1544 2932 1667 2986; x_wconf 88' lang='lat' dir='ltr'><strong>erit.</strong></span> <span class='ocrx_word' id='word_1_327' title='bbox 1725 2930 1782 2986; x_wconf 91' lang='lat' dir='ltr'><strong>Si</strong></span> <span class='ocrx_word' id='word_1_328' title='bbox 1835 2930 1979 2986; x_wconf 92' lang='lat' dir='ltr'><strong>enim</strong></span> 
     </span>
    </p>
   </div>
   <div class='ocr_carea' id='block_1_48' title="bbox 405 3025 1983 3094">
    <p class='ocr_par' dir='ltr' id='par_1_48' title="bbox 405 3025 1983 3094">
     <span class='ocr_line' id='line_1_48' title="bbox 405 3025 1983 3094; baseline 0 -14"><span class='ocrx_word' id='word_1_329' title='bbox 405 3041 599 3081; x_wconf 80' lang='lat' dir='ltr'><strong>currus</strong></span> <span class='ocrx_word' id='word_1_330' title='bbox 633 3027 832 3081; x_wconf 84' lang='lat' dir='ltr'><strong>talibus</strong></span> <span class='ocrx_word' id='word_1_331' title='bbox 865 3028 917 3080; x_wconf 93' lang='lat' dir='ltr'><strong>in</strong></span> <span class='ocrx_word' id='word_1_332' title='bbox 943 3026 1078 3081; x_wconf 90' lang='lat' dir='ltr'><strong>locis</strong></span> <span class='ocrx_word' id='word_1_333' title='bbox 1097 3033 1478 3094; x_wconf 88' lang='lat' dir='ltr'><strong>sequerentur,</strong></span> <span class='ocrx_word' id='word_1_334' title='bbox 1503 3025 1666 3080; x_wconf 86' lang='lat' dir='ltr'><strong>utiles</strong></span> <span class='ocrx_word' id='word_1_335' title='bbox 1703 3025 1983 3082; x_wconf 80' lang='lat' dir='ltr'><strong>instructae</strong></span> 
     </span>
    </p>
   </div>
   <div class='ocr_carea' id='block_1_49' title="bbox 2086 1826 3682 1902">
    <p class='ocr_par' dir='ltr' id='par_1_49' title="bbox 2086 1826 3682 1902">
     <span class='ocr_line' id='line_1_49' title="bbox 2086 1826 3682 1902; baseline 0.005 -25"><span class='ocrx_word' id='word_1_336' title='bbox 2086 1826 2195 1878; x_wconf 85' lang='grc' dir='ltr'><strong>τῶν</strong></span> <span class='ocrx_word' id='word_1_337' title='bbox 2248 1827 2523 1896; x_wconf 81' lang='grc' dir='ltr'>πολεμίων</span> <span class='ocrx_word' id='word_1_338' title='bbox 2581 1829 2884 1897; x_wconf 79' lang='grc' dir='ltr'>στρατηγὸς</span> <span class='ocrx_word' id='word_1_339' title='bbox 2915 1828 3282 1901; x_wconf 76' lang='grc' dir='ltr'>ἐπιϐουλεύσῃ</span> <span class='ocrx_word' id='word_1_340' title='bbox 3319 1831 3411 1882; x_wconf 76' lang='grc' dir='ltr'><strong>τὸν</strong></span> <span class='ocrx_word' id='word_1_341' title='bbox 3443 1833 3682 1902; x_wconf 85' lang='grc' dir='ltr'>χάρακα,</span> 
     </span>
    </p>
   </div>
   <div class='ocr_carea' id='block_1_50' title="bbox 2087 1919 3684 1995">
    <p class='ocr_par' dir='ltr' id='par_1_50' title="bbox 2087 1919 3684 1995">
     <span class='ocr_line' id='line_1_50' title="bbox 2087 1919 3684 1995; baseline 0.003 -21"><span class='ocrx_word' id='word_1_342' title='bbox 2087 1919 2183 1974; x_wconf 78' lang='grc' dir='ltr'><strong>καὶ</strong></span> <span class='ocrx_word' id='word_1_343' title='bbox 2209 1919 2500 1991; x_wconf 80' lang='grc' dir='ltr'>διαφθείρῃ</span> <span class='ocrx_word' id='word_1_344' title='bbox 2534 1922 2662 1984; x_wconf 76' lang='grc' dir='ltr'>τοὺς</span> <span class='ocrx_word' id='word_1_345' title='bbox 2711 1920 2934 1975; x_wconf 80' lang='grc' dir='ltr'>ἔσωθεν.</span> <span class='ocrx_word' id='word_1_346' title='bbox 2973 1924 3082 1987; x_wconf 80' lang='grc' dir='ltr'><strong>Τὰς</strong></span> <span class='ocrx_word' id='word_1_347' title='bbox 3133 1924 3191 1976; x_wconf 81' lang='grc' dir='ltr'>δὲ</span> <span class='ocrx_word' id='word_1_348' title='bbox 3231 1925 3447 1995; x_wconf 83' lang='grc' dir='ltr'>ἀμάξας</span> <span class='ocrx_word' id='word_1_349' title='bbox 3478 1927 3684 1979; x_wconf 74' lang='grc' dir='ltr'>ἐπακο-</span> 
     </span>
    </p>
   </div>
   <div class='ocr_carea' id='block_1_51' title="bbox 2088 2009 2606 2075">
    <p class='ocr_par' dir='ltr' id='par_1_51' title="bbox 2088 2009 2606 2075">
     <span class='ocr_line' id='line_1_51' title="bbox 2088 2009 2606 2075; baseline 0.004 -14"><span class='ocrx_word' id='word_1_350' title='bbox 2088 2009 2306 2064; x_wconf 87' lang='grc' dir='ltr'>λουθεῖν</span> <span class='ocrx_word' id='word_1_351' title='bbox 2336 2014 2394 2064; x_wconf 86' lang='grc' dir='ltr'><strong>ὲν</strong></span> <span class='ocrx_word' id='word_1_352' title='bbox 2431 2010 2606 2075; x_wconf 89' lang='grc' dir='ltr'>τάξει.</span> 
     </span>
    </p>
   </div>
   <div class='ocr_carea' id='block_1_52' title="bbox 2163 2101 3681 2178">
    <p class='ocr_par' dir='ltr' id='par_1_52' title="bbox 2163 2101 3681 2178">
     <span class='ocr_line' id='line_1_52' title="bbox 2163 2101 3681 2178; baseline 0.005 -23"><span class='ocrx_word' id='word_1_353' title='bbox 2163 2101 2268 2172; x_wconf 85' lang='grc' dir='ltr'>μγ’.</span> <span class='ocrx_word' id='word_1_354' title='bbox 2302 2103 2362 2156; x_wconf 86' lang='grc' dir='ltr'><strong>Εἰ</strong></span> <span class='ocrx_word' id='word_1_355' title='bbox 2392 2103 2448 2156; x_wconf 81' lang='grc' dir='ltr'>δὲ</span> <span class='ocrx_word' id='word_1_356' title='bbox 2487 2103 2709 2167; x_wconf 84' lang='grc' dir='ltr'>δυνατός</span> <span class='ocrx_word' id='word_1_357' title='bbox 2758 2105 2904 2157; x_wconf 83' lang='grc' dir='ltr'>ἐστιν</span> <span class='ocrx_word' id='word_1_358' title='bbox 2952 2107 2979 2158; x_wconf 82' lang='grc' dir='ltr'>ὁ</span> <span class='ocrx_word' id='word_1_359' title='bbox 3027 2107 3188 2169; x_wconf 81' lang='grc' dir='ltr'>τόπος</span> <span class='ocrx_word' id='word_1_360' title='bbox 3221 2108 3313 2160; x_wconf 65' lang='grc' dir='ltr'><strong>καὶ</strong></span> <span class='ocrx_word' id='word_1_361' title='bbox 3363 2107 3681 2178; x_wconf 81' lang='grc' dir='ltr'>ἀνώμαλος,</span> 
     </span>
    </p>
   </div>
   <div class='ocr_carea' id='block_1_53' title="bbox 2086 2193 3687 2268">
    <p class='ocr_par' dir='ltr' id='par_1_53' title="bbox 2086 2193 3687 2268">
     <span class='ocr_line' id='line_1_53' title="bbox 2086 2193 3687 2268; baseline 0.002 -20"><span class='ocrx_word' id='word_1_362' title='bbox 2086 2193 2305 2266; x_wconf 75' lang='grc' dir='ltr'>τὸνμὲν</span> <span class='ocrx_word' id='word_1_363' title='bbox 2359 2195 2620 2267; x_wconf 84' lang='grc' dir='ltr'>καραγὸν,</span> <span class='ocrx_word' id='word_1_364' title='bbox 2651 2197 2772 2267; x_wconf 73' lang='grc' dir='ltr'>ἦτοι</span> <span class='ocrx_word' id='word_1_365' title='bbox 2828 2197 2928 2260; x_wconf 78' lang='grc' dir='ltr'><strong>τὰς</strong></span> <span class='ocrx_word' id='word_1_366' title='bbox 2982 2197 3217 2267; x_wconf 84' lang='grc' dir='ltr'>ἁμάξας,</span> <span class='ocrx_word' id='word_1_367' title='bbox 3267 2199 3460 2251; x_wconf 76' lang='grc' dir='ltr'>καὶτὰ</span> <span class='ocrx_word' id='word_1_368' title='bbox 3523 2201 3687 2268; x_wconf 63' lang='grc' dir='ltr'><strong>ὅμοιαι⁵</strong></span> 
     </span>
    </p>
   </div>
   <div class='ocr_carea' id='block_1_54' title="bbox 2090 2288 3686 2362">
    <p class='ocr_par' dir='ltr' id='par_1_54' title="bbox 2090 2288 3686 2362">
     <span class='ocr_line' id='line_1_54' title="bbox 2090 2288 3686 2362; baseline 0.003 -22"><span class='ocrx_word' id='word_1_369' title='bbox 2090 2289 2182 2341; x_wconf 75' lang='grc' dir='ltr'>καὶ</span> <span class='ocrx_word' id='word_1_370' title='bbox 2231 2288 2292 2339; x_wconf 83' lang='grc' dir='ltr'><strong>τὸ</strong></span> <span class='ocrx_word' id='word_1_371' title='bbox 2331 2288 2518 2340; x_wconf 87' lang='grc' dir='ltr'>λοιπὸν</span> <span class='ocrx_word' id='word_1_372' title='bbox 2567 2288 2809 2352; x_wconf 78' lang='grc' dir='ltr'>τοῦλδον,</span> <span class='ocrx_word' id='word_1_373' title='bbox 2837 2290 2895 2340; x_wconf 81' lang='grc' dir='ltr'>ὲν</span> <span class='ocrx_word' id='word_1_374' title='bbox 2923 2289 3000 2358; x_wconf 84' lang='grc' dir='ltr'>τῷ</span> <span class='ocrx_word' id='word_1_375' title='bbox 3049 2290 3306 2360; x_wconf 84' lang='grc' dir='ltr'>φοσσάτῳ</span> <span class='ocrx_word' id='word_1_376' title='bbox 3341 2291 3686 2362; x_wconf 84' lang='grc' dir='ltr'>καταλιμπά-</span> 
     </span>
    </p>
   </div>
   <div class='ocr_carea' id='block_1_55' title="bbox 2089 2379 3684 2454">
    <p class='ocr_par' dir='ltr' id='par_1_55' title="bbox 2089 2379 3684 2454">
     <span class='ocr_line' id='line_1_55' title="bbox 2089 2379 3684 2454; baseline 0.006 -24"><span class='ocrx_word' id='word_1_377' title='bbox 2089 2396 2199 2431; x_wconf 87' lang='grc' dir='ltr'>νειν</span> <span class='ocrx_word' id='word_1_378' title='bbox 2242 2380 2382 2448; x_wconf 82' lang='grc' dir='ltr'><strong>μετά</strong></span> <span class='ocrx_word' id='word_1_379' title='bbox 2435 2379 2632 2448; x_wconf 82' lang='grc' dir='ltr'>ὀλίγων</span> <span class='ocrx_word' id='word_1_380' title='bbox 2664 2379 2772 2432; x_wconf 85' lang='grc' dir='ltr'><strong>τῶν</strong></span> <span class='ocrx_word' id='word_1_381' title='bbox 2820 2379 3191 2450; x_wconf 81' lang='grc' dir='ltr'>ἀμαξηλατῶν</span> <span class='ocrx_word' id='word_1_382' title='bbox 3229 2385 3308 2446; x_wconf 88' lang='grc' dir='ltr'><strong>είς</strong></span> <span class='ocrx_word' id='word_1_383' title='bbox 3362 2385 3684 2454; x_wconf 70' lang='grc' dir='ltr'>παραφυλα-</span> 
     </span>
    </p>
   </div>
   <div class='ocr_carea' id='block_1_56' title="bbox 2088 2469 3683 2543">
    <p class='ocr_par' dir='ltr' id='par_1_56' title="bbox 2088 2469 3683 2543">
     <span class='ocr_line' id='line_1_56' title="bbox 2088 2469 3683 2543; baseline 0.006 -22"><span class='ocrx_word' id='word_1_384' title='bbox 2088 2470 2211 2538; x_wconf 79' lang='grc' dir='ltr'>κὴν,</span> <span class='ocrx_word' id='word_1_385' title='bbox 2239 2469 2336 2540; x_wconf 82' lang='grc' dir='ltr'><strong>τὴν</strong></span> <span class='ocrx_word' id='word_1_386' title='bbox 2365 2470 2422 2522; x_wconf 75' lang='grc' dir='ltr'>δὲ</span> <span class='ocrx_word' id='word_1_387' title='bbox 2453 2471 2761 2540; x_wconf 76' lang='grc' dir='ltr'>παράταξιν</span> <span class='ocrx_word' id='word_1_388' title='bbox 2786 2472 3014 2540; x_wconf 66' lang='grc' dir='ltr'>πλησίον</span> <span class='ocrx_word' id='word_1_389' title='bbox 3044 2472 3138 2525; x_wconf 82' lang='grc' dir='ltr'>τοῦ</span> <span class='ocrx_word' id='word_1_390' title='bbox 3163 2476 3435 2543; x_wconf 78' lang='grc' dir='ltr'>φοσσάτου</span> <span class='ocrx_word' id='word_1_391' title='bbox 3458 2477 3683 2530; x_wconf 82' lang='grc' dir='ltr'>τάσσειν</span> 
     </span>
    </p>
   </div>
   <div class='ocr_carea' id='block_1_57' title="bbox 2088 2561 2677 2631">
    <p class='ocr_par' dir='ltr' id='par_1_57' title="bbox 2088 2561 2677 2631">
     <span class='ocr_line' id='line_1_57' title="bbox 2088 2561 2677 2631; baseline 0.002 -18"><span class='ocrx_word' id='word_1_392' title='bbox 2088 2562 2147 2613; x_wconf 80' lang='grc' dir='ltr'>ὲν</span> <span class='ocrx_word' id='word_1_393' title='bbox 2180 2561 2474 2630; x_wconf 76' lang='grc' dir='ltr'>ἐπιτηδείῳ</span> <span class='ocrx_word' id='word_1_394' title='bbox 2502 2565 2677 2631; x_wconf 86' lang='grc' dir='ltr'>τόπῳ.</span> 
     </span>
    </p>
   </div>
   <div class='ocr_carea' id='block_1_58' title="bbox 2162 2649 3684 2727">
    <p class='ocr_par' dir='ltr' id='par_1_58' title="bbox 2162 2649 3684 2727">
     <span class='ocr_line' id='line_1_58' title="bbox 2162 2649 3684 2727; baseline 0.005 -23"><span class='ocrx_word' id='word_1_395' title='bbox 2162 2649 2266 2722; x_wconf 82' lang='grc' dir='ltr'>μδ¹.</span> <span class='ocrx_word' id='word_1_396' title='bbox 2305 2652 2366 2703; x_wconf 79' lang='grc' dir='ltr'><strong>Εἰ</strong></span> <span class='ocrx_word' id='word_1_397' title='bbox 2401 2651 2507 2722; x_wconf 86' lang='grc' dir='ltr'><strong>γάρ</strong></span> <span class='ocrx_word' id='word_1_398' title='bbox 2546 2653 2688 2704; x_wconf 86' lang='grc' dir='ltr'>εἰσιν</span> <span class='ocrx_word' id='word_1_399' title='bbox 2723 2653 2770 2704; x_wconf 88' lang='grc' dir='ltr'><strong>οί</strong></span> <span class='ocrx_word' id='word_1_400' title='bbox 2802 2652 2957 2705; x_wconf 82' lang='grc' dir='ltr'>τόποι</span> <span class='ocrx_word' id='word_1_401' title='bbox 2988 2653 3266 2720; x_wconf 79' lang='grc' dir='ltr'>δύσϐατοι,</span> <span class='ocrx_word' id='word_1_402' title='bbox 3298 2656 3392 2710; x_wconf 82' lang='grc' dir='ltr'><strong>καὶ</strong></span> <span class='ocrx_word' id='word_1_403' title='bbox 3437 2656 3684 2727; x_wconf 81' lang='grc' dir='ltr'>μάλιστα</span> 
     </span>
    </p>
   </div>
   <div class='ocr_carea' id='block_1_59' title="bbox 2085 2743 3680 2821">
    <p class='ocr_par' dir='ltr' id='par_1_59' title="bbox 2085 2743 3680 2821">
     <span class='ocr_line' id='line_1_59' title="bbox 2085 2743 3680 2821; baseline 0.006 -26"><span class='ocrx_word' id='word_1_404' title='bbox 2085 2744 2197 2796; x_wconf 89' lang='grc' dir='ltr'><strong>τῶν</strong></span> <span class='ocrx_word' id='word_1_405' title='bbox 2228 2743 2440 2815; x_wconf 76' lang='grc' dir='ltr'>ἐχθρῶν</span> <span class='ocrx_word' id='word_1_406' title='bbox 2471 2745 2640 2798; x_wconf 74' lang='grc' dir='ltr'>ὄντων</span> <span class='ocrx_word' id='word_1_407' title='bbox 2669 2745 3072 2816; x_wconf 77' lang='grc' dir='ltr'>καϐαλλαρίων,</span> <span class='ocrx_word' id='word_1_408' title='bbox 3101 2749 3264 2819; x_wconf 86' lang='grc' dir='ltr'>ἀρκεῖ</span> <span class='ocrx_word' id='word_1_409' title='bbox 3283 2751 3348 2821; x_wconf 82' lang='grc' dir='ltr'>τῇ</span> <span class='ocrx_word' id='word_1_410' title='bbox 3375 2751 3680 2820; x_wconf 77' lang='grc' dir='ltr'>παρατάξει</span> 
     </span>
    </p>
   </div>
   <div class='ocr_carea' id='block_1_60' title="bbox 2086 2836 3677 2914">
    <p class='ocr_par' dir='ltr' id='par_1_60' title="bbox 2086 2836 3677 2914">
     <span class='ocr_line' id='line_1_60' title="bbox 2086 2836 3677 2914; baseline 0.004 -27"><span class='ocrx_word' id='word_1_411' title='bbox 2086 2837 2168 2900; x_wconf 81' lang='grc' dir='ltr'><strong>είς</strong></span> <span class='ocrx_word' id='word_1_412' title='bbox 2225 2836 2490 2906; x_wconf 87' lang='grc' dir='ltr'>οχύρωμα</span> <span class='ocrx_word' id='word_1_413' title='bbox 2526 2838 2559 2907; x_wconf 81' lang='grc' dir='ltr'>ἡ</span> <span class='ocrx_word' id='word_1_414' title='bbox 2592 2837 2687 2889; x_wconf 78' lang='grc' dir='ltr'>τοῦ</span> <span class='ocrx_word' id='word_1_415' title='bbox 2719 2838 2884 2890; x_wconf 83' lang='grc' dir='ltr'>τόπου</span> <span class='ocrx_word' id='word_1_416' title='bbox 2939 2839 3230 2908; x_wconf 77' lang='grc' dir='ltr'>δυσχέρεια</span> <span class='ocrx_word' id='word_1_417' title='bbox 3253 2858 3267 2872; x_wconf 76' lang='grc' dir='ltr'><strong>ο</strong></span> <span class='ocrx_word' id='word_1_418' title='bbox 3297 2843 3392 2894; x_wconf 80' lang='grc' dir='ltr'><strong>ἐὰν</strong></span> <span class='ocrx_word' id='word_1_419' title='bbox 3449 2843 3558 2914; x_wconf 78' lang='grc' dir='ltr'><strong>γὰρ</strong></span> <span class='ocrx_word' id='word_1_420' title='bbox 3616 2845 3677 2896; x_wconf 82' lang='grc' dir='ltr'>αἱ</span> 
     </span>
    </p>
   </div>
   <div class='ocr_carea' id='block_1_61' title="bbox 2087 2927 3681 3001">
    <p class='ocr_par' dir='ltr' id='par_1_61' title="bbox 2087 2927 3681 3001">
     <span class='ocr_line' id='line_1_61' title="bbox 2087 2927 3681 3001; baseline 0.004 -18"><span class='ocrx_word' id='word_1_421' title='bbox 2087 2927 2293 2999; x_wconf 76' lang='grc' dir='ltr'>ἅμαξαι</span> <span class='ocrx_word' id='word_1_422' title='bbox 2352 2929 2720 2983; x_wconf 80' lang='grc' dir='ltr'>ἀκολουθῶσιν</span> <span class='ocrx_word' id='word_1_423' title='bbox 2755 2931 2812 2982; x_wconf 82' lang='grc' dir='ltr'><strong>ἐν</strong></span> <span class='ocrx_word' id='word_1_424' title='bbox 2843 2933 2974 2996; x_wconf 45' lang='grc' dir='ltr'>τοῖς,</span> <span class='ocrx_word' id='word_1_425' title='bbox 3007 2932 3267 2997; x_wconf 81' lang='grc' dir='ltr'>τοιούτοις</span> <span class='ocrx_word' id='word_1_426' title='bbox 3305 2935 3517 3001; x_wconf 88' lang='grc' dir='ltr'>τόποις,</span> <span class='ocrx_word' id='word_1_427' title='bbox 3577 2938 3681 2989; x_wconf 84' lang='grc' dir='ltr'><strong>ἐπ-</strong></span> 
     </span>
    </p>
   </div>
   <div class='ocr_carea' id='block_1_62' title="bbox 2085 3020 3685 3090">
    <p class='ocr_par' dir='ltr' id='par_1_62' title="bbox 2085 3020 3685 3090">
     <span class='ocr_line' id='line_1_62' title="bbox 2085 3020 3685 3090; baseline 0.004 -18"><span class='ocrx_word' id='word_1_428' title='bbox 2085 3021 2312 3090; x_wconf 70' lang='grc' dir='ltr'>ωφελεῖς</span> <span class='ocrx_word' id='word_1_429' title='bbox 2377 3020 2475 3088; x_wconf 82' lang='grc' dir='ltr'>μὲν</span> <span class='ocrx_word' id='word_1_430' title='bbox 2551 3021 2664 3082; x_wconf 84' lang='grc' dir='ltr'>τοῖς</span> <span class='ocrx_word' id='word_1_431' title='bbox 2690 3021 3048 3090; x_wconf 83' lang='grc' dir='ltr'>τασσομένοις</span> <span class='ocrx_word' id='word_1_432' title='bbox 3083 3021 3182 3073; x_wconf 78' lang='grc' dir='ltr'><strong>οὐκ</strong></span> <span class='ocrx_word' id='word_1_433' title='bbox 3213 3023 3374 3088; x_wconf 73' lang='grc' dir='ltr'>εἰσιν,</span> <span class='ocrx_word' id='word_1_434' title='bbox 3409 3024 3545 3078; x_wconf 81' lang='grc' dir='ltr'><strong>ἀλλά</strong></span> <span class='ocrx_word' id='word_1_435' title='bbox 3587 3026 3685 3078; x_wconf 80' lang='grc' dir='ltr'>καὶ</span> 
     </span>
    </p>
   </div>
   <div class='ocr_carea' id='block_1_63' title="bbox 404 3088 1984 3187">
    <p class='ocr_par' dir='ltr' id='par_1_63' title="bbox 404 3115 1982 3187">
     <span class='ocr_line' id='line_1_63' title="bbox 404 3115 1982 3187; baseline 0.001 -17"><span class='ocrx_word' id='word_1_436' title='bbox 404 3116 539 3170; x_wconf 89' lang='lat' dir='ltr'><strong>aciei</strong></span> <span class='ocrx_word' id='word_1_437' title='bbox 585 3134 691 3172; x_wconf 91' lang='lat' dir='ltr'><strong>non</strong></span> <span class='ocrx_word' id='word_1_438' title='bbox 739 3125 944 3180; x_wconf 87' lang='lat' dir='ltr'><strong>essent,</strong></span> <span class='ocrx_word' id='word_1_439' title='bbox 1007 3115 1101 3170; x_wconf 85' lang='lat' dir='ltr'><strong>sed</strong></span> <span class='ocrx_word' id='word_1_440' title='bbox 1153 3115 1594 3184; x_wconf 81' lang='lat' dir='ltr'><strong>perturbationes</strong></span> <span class='ocrx_word' id='word_1_441' title='bbox 1644 3130 1768 3170; x_wconf 88' lang='lat' dir='ltr'><strong>esse</strong></span> <span class='ocrx_word' id='word_1_442' title='bbox 1822 3131 1982 3187; x_wconf 86' lang='lat' dir='ltr'><strong>repe-</strong></span> 
     </span>
    </p>
   </div>
   <div class='ocr_carea' id='block_1_64' title="bbox 2103 3088 2880 3187">
    <p class='ocr_par' dir='ltr' id='par_1_64' title="bbox 2103 3109 2880 3181">
     <span class='ocr_line' id='line_1_64' title="bbox 2103 3109 2880 3181; baseline 0.003 -19"><span class='ocrx_word' id='word_1_443' title='bbox 2103 3110 2480 3181; x_wconf 72' lang='grc' dir='ltr'>Βυσμετάθετοι</span> <span class='ocrx_word' id='word_1_444' title='bbox 2513 3109 2880 3181; x_wconf 80' lang='grc' dir='ltr'>εὑρίσκονται.</span> 
     </span>
    </p>
   </div>
   <div class='ocr_carea' id='block_1_65' title="bbox 407 3213 670 3267">
    <p class='ocr_par' dir='ltr' id='par_1_65' title="bbox 407 3213 670 3267">
     <span class='ocr_line' id='line_1_65' title="bbox 407 3213 670 3267; baseline 0.004 -2"><span class='ocrx_word' id='word_1_445' title='bbox 407 3213 670 3267; x_wconf 85' lang='lat' dir='ltr'><strong>rirentnr.</strong></span> 
     </span>
    </p>
   </div>
   <div class='ocr_carea' id='block_1_66' title="bbox 471 3297 1984 3369">
    <p class='ocr_par' dir='ltr' id='par_1_66' title="bbox 471 3297 1984 3369">
     <span class='ocr_line' id='line_1_66' title="bbox 471 3297 1984 3369; baseline 0.001 -17"><span class='ocrx_word' id='word_1_446' title='bbox 471 3299 561 3352; x_wconf 80' lang='grc'><strong>45.</strong></span> <span class='ocrx_word' id='word_1_447' title='bbox 603 3297 928 3354; x_wconf 73' lang='lat' dir='ltr'><strong>Observabis</strong></span> <span class='ocrx_word' id='word_1_448' title='bbox 971 3299 1134 3353; x_wconf 85' lang='lat' dir='ltr'><strong>etiam</strong></span> <span class='ocrx_word' id='word_1_449' title='bbox 1169 3300 1333 3354; x_wconf 86' lang='lat' dir='ltr'><strong>boves</strong></span> <span class='ocrx_word' id='word_1_450' title='bbox 1375 3299 1681 3369; x_wconf 81' lang='lat' dir='ltr'><strong>diligenter,</strong></span> <span class='ocrx_word' id='word_1_451' title='bbox 1720 3308 1779 3354; x_wconf 89' lang='lat' dir='ltr'><strong>ut</strong></span> <span class='ocrx_word' id='word_1_452' title='bbox 1811 3301 1984 3355; x_wconf 87' lang='lat' dir='ltr'><strong>aciem</strong></span> 
     </span>
    </p>
   </div>
   <div class='ocr_carea' id='block_1_67' title="bbox 401 3392 1983 3462">
    <p class='ocr_par' dir='ltr' id='par_1_67' title="bbox 401 3392 1983 3462">
     <span class='ocr_line' id='line_1_67' title="bbox 401 3392 1983 3462; baseline 0 -16"><span class='ocrx_word' id='word_1_453' title='bbox 401 3392 575 3447; x_wconf 86' lang='lat' dir='ltr'><strong>sicubi</strong></span> <span class='ocrx_word' id='word_1_454' title='bbox 615 3400 947 3462; x_wconf 87' lang='lat' dir='ltr'><strong>sequantur,</strong></span> <span class='ocrx_word' id='word_1_455' title='bbox 993 3393 1080 3444; x_wconf 90' lang='lat' dir='ltr'><strong>ubi</strong></span> <span class='ocrx_word' id='word_1_456' title='bbox 1113 3407 1254 3461; x_wconf 88' lang='lat' dir='ltr'><strong>opus</strong></span> <span class='ocrx_word' id='word_1_457' title='bbox 1296 3401 1380 3446; x_wconf 90' lang='lat' dir='ltr'><strong>est</strong></span> <span class='ocrx_word' id='word_1_458' title='bbox 1420 3392 1723 3446; x_wconf 88' lang='lat' dir='ltr'><strong>consistere</strong></span> <span class='ocrx_word' id='word_1_459' title='bbox 1753 3393 1983 3461; x_wconf 90' lang='lat' dir='ltr'><strong>possint,</strong></span> 
     </span>
    </p>
   </div>
   <div class='ocr_carea' id='block_1_68' title="bbox 404 3483 1985 3554">
    <p class='ocr_par' dir='ltr' id='par_1_68' title="bbox 404 3483 1985 3554">
     <span class='ocr_line' id='line_1_68' title="bbox 404 3483 1985 3554; baseline -0.001 -17"><span class='ocrx_word' id='word_1_460' title='bbox 404 3501 470 3539; x_wconf 88' lang='lat' dir='ltr'><strong>ne</strong></span> <span class='ocrx_word' id='word_1_461' title='bbox 512 3484 746 3538; x_wconf 89' lang='lat' dir='ltr'><strong>tumultu</strong></span> <span class='ocrx_word' id='word_1_462' title='bbox 788 3483 1130 3537; x_wconf 88' lang='lat' dir='ltr'><strong>inimicorum</strong></span> <span class='ocrx_word' id='word_1_463' title='bbox 1155 3524 1168 3548; x_wconf 96' lang='lat'><strong>,</strong></span> <span class='ocrx_word' id='word_1_464' title='bbox 1205 3493 1258 3538; x_wconf 91' lang='lat' dir='ltr'><strong>et</strong></span> <span class='ocrx_word' id='word_1_465' title='bbox 1287 3485 1606 3554; x_wconf 82' lang='lat' dir='ltr'><strong>sagittarum</strong></span> <span class='ocrx_word' id='word_1_466' title='bbox 1643 3483 1985 3553; x_wconf 86' lang='lat' dir='ltr'><strong>jacnlorutn-</strong></span> 
     </span>
    </p>
   </div>
   <div class='ocr_carea' id='block_1_69' title="bbox 402 3576 1982 3646">
    <p class='ocr_par' dir='ltr' id='par_1_69' title="bbox 402 3576 1982 3646">
     <span class='ocr_line' id='line_1_69' title="bbox 402 3576 1982 3646; baseline 0.003 -18"><span class='ocrx_word' id='word_1_467' title='bbox 402 3593 506 3645; x_wconf 85' lang='lat' dir='ltr'><strong>que</strong></span> <span class='ocrx_word' id='word_1_468' title='bbox 539 3576 880 3646; x_wconf 82' lang='lat' dir='ltr'><strong>conjectinne</strong></span> <span class='ocrx_word' id='word_1_469' title='bbox 919 3576 1211 3645; x_wconf 81' lang='lat' dir='ltr'><strong>exagitati,</strong></span> <span class='ocrx_word' id='word_1_470' title='bbox 1255 3591 1373 3629; x_wconf 88' lang='lat' dir='ltr'><strong>eam</strong></span> <span class='ocrx_word' id='word_1_471' title='bbox 1430 3576 1728 3645; x_wconf 84' lang='lat' dir='ltr'><strong>impediant</strong></span> <span class='ocrx_word' id='word_1_472' title='bbox 1772 3586 1823 3631; x_wconf 89' lang='lat' dir='ltr'><strong>et</strong></span> <span class='ocrx_word' id='word_1_473' title='bbox 1861 3593 1982 3646; x_wconf 85' lang='lat' dir='ltr'><strong>per-</strong></span> 
     </span>
    </p>
   </div>
   <div class='ocr_carea' id='block_1_70' title="bbox 371 3665 1986 3737">
    <p class='ocr_par' dir='ltr' id='par_1_70' title="bbox 371 3665 1986 3737">
     <span class='ocr_line' id='line_1_70' title="bbox 371 3665 1986 3737; baseline 0.002 -16"><span class='ocrx_word' id='word_1_474' title='bbox 371 3669 641 3721; x_wconf 82' lang='lat' dir='ltr'><strong>&#39;turbcnt.</strong></span> <span class='ocrx_word' id='word_1_475' title='bbox 688 3665 794 3721; x_wconf 88' lang='lat' dir='ltr'><strong>Sed</strong></span> <span class='ocrx_word' id='word_1_476' title='bbox 837 3667 917 3720; x_wconf 88' lang='lat' dir='ltr'><strong>vel</strong></span> <span class='ocrx_word' id='word_1_477' title='bbox 965 3669 1214 3736; x_wconf 86' lang='lat' dir='ltr'><strong>pedicas,</strong></span> <span class='ocrx_word' id='word_1_478' title='bbox 1260 3667 1341 3722; x_wconf 80' lang='lat' dir='ltr'><strong>vel</strong></span> <span class='ocrx_word' id='word_1_479' title='bbox 1375 3666 1591 3722; x_wconf 90' lang='lat' dir='ltr'><strong>vincula</strong></span> <span class='ocrx_word' id='word_1_480' title='bbox 1629 3667 1873 3737; x_wconf 86' lang='lat' dir='ltr'><strong>injicies,</strong></span> <span class='ocrx_word' id='word_1_481' title='bbox 1919 3684 1986 3724; x_wconf 90' lang='lat' dir='ltr'><strong>ne</strong></span> 
     </span>
    </p>
   </div>
   <div class='ocr_carea' id='block_1_71' title="bbox 402 3759 1985 3830">
    <p class='ocr_par' dir='ltr' id='par_1_71' title="bbox 402 3759 1985 3830">
     <span class='ocr_line' id='line_1_71' title="bbox 402 3759 1985 3830; baseline -0.001 -16"><span class='ocrx_word' id='word_1_482' title='bbox 402 3759 618 3830; x_wconf 80' lang='lat' dir='ltr'><strong>sagittis</strong></span> <span class='ocrx_word' id='word_1_483' title='bbox 669 3759 836 3829; x_wconf 89' lang='lat' dir='ltr'><strong>aliqui</strong></span> <span class='ocrx_word' id='word_1_484' title='bbox 890 3759 1157 3813; x_wconf 79' lang='lat' dir='ltr'><strong>vulnerati</strong></span> <span class='ocrx_word' id='word_1_485' title='bbox 1187 3760 1395 3829; x_wconf 84' lang='lat' dir='ltr'><strong>pedites</strong></span> <span class='ocrx_word' id='word_1_486' title='bbox 1424 3759 1758 3828; x_wconf 82' lang='lat' dir='ltr'><strong>perturbent.</strong></span> <span class='ocrx_word' id='word_1_487' title='bbox 1799 3759 1985 3830; x_wconf 83' lang='lat' dir='ltr'><strong>Itaque</strong></span> 
     </span>
    </p>
   </div>
   <div class='ocr_carea' id='block_1_72' title="bbox 402 3852 1846 3923">
    <p class='ocr_par' dir='ltr' id='par_1_72' title="bbox 402 3852 1846 3923">
     <span class='ocr_line' id='line_1_72' title="bbox 402 3852 1846 3923; baseline 0 -19"><span class='ocrx_word' id='word_1_488' title='bbox 402 3867 468 3905; x_wconf 88' lang='lat' dir='ltr'><strong>ne</strong></span> <span class='ocrx_word' id='word_1_489' title='bbox 499 3868 664 3922; x_wconf 87' lang='lat' dir='ltr'><strong>prope</strong></span> <span class='ocrx_word' id='word_1_490' title='bbox 691 3853 910 3923; x_wconf 86' lang='lat' dir='ltr'><strong>quidem</strong></span> <span class='ocrx_word' id='word_1_491' title='bbox 957 3853 1166 3923; x_wconf 88' lang='lat' dir='ltr'><strong>pedites</strong></span> <span class='ocrx_word' id='word_1_492' title='bbox 1203 3852 1255 3904; x_wconf 91' lang='lat' dir='ltr'><strong>in</strong></span> <span class='ocrx_word' id='word_1_493' title='bbox 1289 3852 1404 3906; x_wconf 89' lang='lat' dir='ltr'><strong>acie</strong></span> <span class='ocrx_word' id='word_1_494' title='bbox 1434 3852 1846 3907; x_wconf 84' lang='lat' dir='ltr'><strong>admoveantur.</strong></span> 
     </span>
    </p>
   </div>
   <div class='ocr_carea' id='block_1_73' title="bbox 472 4116 1982 4191">
    <p class='ocr_par' dir='ltr' id='par_1_73' title="bbox 472 4116 1982 4191">
     <span class='ocr_line' id='line_1_73' title="bbox 472 4116 1982 4191; baseline 0 -19"><span class='ocrx_word' id='word_1_495' title='bbox 472 4118 561 4172; x_wconf 67' lang='grc'><strong>46.</strong></span> <span class='ocrx_word' id='word_1_496' title='bbox 596 4116 653 4172; x_wconf 88' lang='lat' dir='ltr'><strong>Si</strong></span> <span class='ocrx_word' id='word_1_497' title='bbox 677 4117 846 4172; x_wconf 89' lang='lat' dir='ltr'><strong>alicui</strong></span> <span class='ocrx_word' id='word_1_498' title='bbox 879 4118 1002 4174; x_wconf 80' lang='lat' dir='ltr'><strong>loco</strong></span> <span class='ocrx_word' id='word_1_499' title='bbox 1033 4118 1102 4172; x_wconf 90' lang='lat' dir='ltr'><strong>ab</strong></span> <span class='ocrx_word' id='word_1_500' title='bbox 1132 4119 1382 4175; x_wconf 88' lang='lat' dir='ltr'><strong>hostibus</strong></span> <span class='ocrx_word' id='word_1_501' title='bbox 1405 4128 1722 4191; x_wconf 80' lang='lat' dir='ltr'><strong>oppugnata</strong></span> <span class='ocrx_word' id='word_1_502' title='bbox 1756 4133 1982 4174; x_wconf 87' lang='lat' dir='ltr'><strong>succur-</strong></span> 
     </span>
    </p>
   </div>
   <div class='ocr_carea' id='block_1_74' title="bbox 400 4210 1984 4285">
    <p class='ocr_par' dir='ltr' id='par_1_74' title="bbox 400 4210 1984 4285">
     <span class='ocr_line' id='line_1_74' title="bbox 400 4210 1984 4285; baseline 0 -20"><span class='ocrx_word' id='word_1_503' title='bbox 400 4210 654 4275; x_wconf 87' lang='lat' dir='ltr'><strong>rendum,</strong></span> <span class='ocrx_word' id='word_1_504' title='bbox 699 4219 794 4264; x_wconf 87' lang='lat' dir='ltr'><strong>aut</strong></span> <span class='ocrx_word' id='word_1_505' title='bbox 828 4211 1235 4279; x_wconf 78' lang='lat' dir='ltr'><strong>anticipandus.</strong></span> <span class='ocrx_word' id='word_1_506' title='bbox 1267 4211 1466 4285; x_wconf 85' lang='lat' dir='ltr'><strong>aliquis</strong></span> <span class='ocrx_word' id='word_1_507' title='bbox 1503 4212 1655 4265; x_wconf 92' lang='lat' dir='ltr'><strong>locus</strong></span> <span class='ocrx_word' id='word_1_508' title='bbox 1687 4227 1808 4266; x_wconf 91' lang='lat' dir='ltr'><strong>cum</strong></span> <span class='ocrx_word' id='word_1_509' title='bbox 1843 4210 1984 4266; x_wconf 78' lang='lat' dir='ltr'><strong>cele-</strong></span> 
     </span>
    </p>
   </div>
   <div class='ocr_carea' id='block_1_75' title="bbox 401 4302 1980 4373">
    <p class='ocr_par' dir='ltr' id='par_1_75' title="bbox 401 4302 1980 4373">
     <span class='ocr_line' id='line_1_75' title="bbox 401 4302 1980 4373; baseline 0.001 -18"><span class='ocrx_word' id='word_1_510' title='bbox 401 4302 562 4355; x_wconf 87' lang='lat' dir='ltr'><strong>ritate</strong></span> <span class='ocrx_word' id='word_1_511' title='bbox 607 4311 710 4366; x_wconf 86' lang='lat' dir='ltr'><strong>cst,</strong></span> <span class='ocrx_word' id='word_1_512' title='bbox 760 4318 828 4356; x_wconf 91' lang='lat' dir='ltr'><strong>ne</strong></span> <span class='ocrx_word' id='word_1_513' title='bbox 874 4318 1068 4358; x_wconf 90' lang='lat' dir='ltr'><strong>currus</strong></span> <span class='ocrx_word' id='word_1_514' title='bbox 1124 4305 1333 4359; x_wconf 89' lang='lat' dir='ltr'><strong>tardius</strong></span> <span class='ocrx_word' id='word_1_515' title='bbox 1369 4304 1980 4373; x_wconf 88' lang='lat' dir='ltr'><strong>procedentcsimpedi-</strong></span> 
     </span>
    </p>
   </div>
   <div class='ocr_carea' id='block_1_76' title="bbox 402 4395 1978 4466">
    <p class='ocr_par' dir='ltr' id='par_1_76' title="bbox 402 4395 1978 4466">
     <span class='ocr_line' id='line_1_76' title="bbox 402 4395 1978 4466; baseline 0.002 -19"><span class='ocrx_word' id='word_1_516' title='bbox 402 4404 586 4448; x_wconf 89' lang='lat' dir='ltr'><strong>mento</strong></span> <span class='ocrx_word' id='word_1_517' title='bbox 638 4395 744 4449; x_wconf 87' lang='lat' dir='ltr'><strong>iliis</strong></span> <span class='ocrx_word' id='word_1_518' title='bbox 797 4398 1192 4452; x_wconf 78' lang='lat' dir='ltr'><strong>maturantibus</strong></span> <span class='ocrx_word' id='word_1_519' title='bbox 1253 4397 1400 4461; x_wconf 91' lang='lat' dir='ltr'><strong>sint,</strong></span> <span class='ocrx_word' id='word_1_520' title='bbox 1461 4395 1801 4466; x_wconf 88' lang='lat' dir='ltr'><strong>relinquendi</strong></span> <span class='ocrx_word' id='word_1_521' title='bbox 1853 4411 1978 4450; x_wconf 92' lang='lat' dir='ltr'><strong>cum</strong></span> 
     </span>
    </p>
   </div>
   <div class='ocr_carea' id='block_1_77' title="bbox 401 4486 1977 4558">
    <p class='ocr_par' dir='ltr' id='par_1_77' title="bbox 401 4486 1977 4558">
     <span class='ocr_line' id='line_1_77' title="bbox 401 4486 1977 4558; baseline 0.003 -18"><span class='ocrx_word' id='word_1_522' title='bbox 401 4486 625 4555; x_wconf 83' lang='lat' dir='ltr'><strong>reliquis</strong></span> <span class='ocrx_word' id='word_1_523' title='bbox 673 4487 1074 4556; x_wconf 88' lang='lat' dir='ltr'><strong>impedimentis</strong></span> <span class='ocrx_word' id='word_1_524' title='bbox 1120 4489 1172 4541; x_wconf 93' lang='lat' dir='ltr'><strong>in</strong></span> <span class='ocrx_word' id='word_1_525' title='bbox 1219 4489 1401 4558; x_wconf 88' lang='lat' dir='ltr'><strong>aliquo</strong></span> <span class='ocrx_word' id='word_1_526' title='bbox 1433 4488 1554 4544; x_wconf 87' lang='lat' dir='ltr'><strong>loco</strong></span> <span class='ocrx_word' id='word_1_527' title='bbox 1585 4490 1798 4543; x_wconf 90' lang='lat' dir='ltr'><strong>munito</strong></span> <span class='ocrx_word' id='word_1_528' title='bbox 1830 4497 1977 4544; x_wconf 90' lang='lat' dir='ltr'><strong>sunt.</strong></span> 
     </span>
    </p>
   </div>
   <div class='ocr_carea' id='block_1_78' title="bbox 400 4577 1979 4651">
    <p class='ocr_par' dir='ltr' id='par_1_78' title="bbox 400 4577 1979 4651">
     <span class='ocr_line' id='line_1_78' title="bbox 400 4577 1979 4651; baseline 0.001 -19"><span class='ocrx_word' id='word_1_529' title='bbox 400 4577 665 4651; x_wconf 85' lang='lat' dir='ltr'><strong>Capiendi</strong></span> <span class='ocrx_word' id='word_1_530' title='bbox 691 4579 920 4649; x_wconf 87' lang='lat' dir='ltr'><strong>pedites,</strong></span> <span class='ocrx_word' id='word_1_531' title='bbox 963 4579 1371 4649; x_wconf 83' lang='lat' dir='ltr'><strong>capiendusque</strong></span> <span class='ocrx_word' id='word_1_532' title='bbox 1402 4581 1617 4634; x_wconf 92' lang='lat' dir='ltr'><strong>illorum</strong></span> <span class='ocrx_word' id='word_1_533' title='bbox 1643 4589 1979 4635; x_wconf 88' lang='lat' dir='ltr'><strong>commeatus</strong></span> 
     </span>
    </p>
   </div>
   <div class='ocr_carea' id='block_1_79' title="bbox 399 4672 1979 4744">
    <p class='ocr_par' dir='ltr' id='par_1_79' title="bbox 399 4672 1979 4744">
     <span class='ocr_line' id='line_1_79' title="bbox 399 4672 1979 4744; baseline -0.001 -16"><span class='ocrx_word' id='word_1_534' title='bbox 399 4682 517 4737; x_wconf 86' lang='lat' dir='ltr'><strong>est,</strong></span> <span class='ocrx_word' id='word_1_535' title='bbox 563 4674 606 4728; x_wconf 89' lang='lat' dir='ltr'><strong>si</strong></span> <span class='ocrx_word' id='word_1_536' title='bbox 651 4673 702 4726; x_wconf 92' lang='lat' dir='ltr'><strong>id</strong></span> <span class='ocrx_word' id='word_1_537' title='bbox 733 4688 867 4728; x_wconf 90' lang='lat' dir='ltr'><strong>usus</strong></span> <span class='ocrx_word' id='word_1_538' title='bbox 905 4672 1118 4744; x_wconf 80' lang='lat' dir='ltr'><strong>exigat,</strong></span> <span class='ocrx_word' id='word_1_539' title='bbox 1158 4685 1212 4728; x_wconf 93' lang='lat' dir='ltr'><strong>ct</strong></span> <span class='ocrx_word' id='word_1_540' title='bbox 1241 4674 1522 4729; x_wconf 87' lang='lat' dir='ltr'><strong>vehendus</strong></span> <span class='ocrx_word' id='word_1_541' title='bbox 1561 4690 1685 4730; x_wconf 90' lang='lat' dir='ltr'><strong>cum</strong></span> <span class='ocrx_word' id='word_1_542' title='bbox 1720 4675 1856 4740; x_wconf 88' lang='lat' dir='ltr'><strong>illis,</strong></span> <span class='ocrx_word' id='word_1_543' title='bbox 1898 4674 1979 4729; x_wconf 87' lang='lat' dir='ltr'><strong>vel</strong></span> 
     </span>
    </p>
   </div>
   <div class='ocr_carea' id='block_1_80' title="bbox 401 4765 1978 4836">
    <p class='ocr_par' dir='ltr' id='par_1_80' title="bbox 401 4765 1978 4836">
     <span class='ocr_line' id='line_1_80' title="bbox 401 4765 1978 4836; baseline -0.001 -17"><span class='ocrx_word' id='word_1_544' title='bbox 401 4766 710 4836; x_wconf 84' lang='lat' dir='ltr'><strong>sagmariis,</strong></span> <span class='ocrx_word' id='word_1_545' title='bbox 761 4766 813 4819; x_wconf 90' lang='lat' dir='ltr'><strong>id</strong></span> <span class='ocrx_word' id='word_1_546' title='bbox 843 4774 927 4820; x_wconf 89' lang='lat' dir='ltr'><strong>est</strong></span> <span class='ocrx_word' id='word_1_547' title='bbox 961 4766 1215 4830; x_wconf 85' lang='lat' dir='ltr'><strong>sarcinis,</strong></span> <span class='ocrx_word' id='word_1_548' title='bbox 1242 4766 1322 4820; x_wconf 89' lang='lat' dir='ltr'><strong>vel</strong></span> <span class='ocrx_word' id='word_1_549' title='bbox 1351 4766 1506 4836; x_wconf 86' lang='lat' dir='ltr'><strong>cquis</strong></span> <span class='ocrx_word' id='word_1_550' title='bbox 1533 4767 1600 4822; x_wconf 90' lang='lat' dir='ltr'><strong>ad</strong></span> <span class='ocrx_word' id='word_1_551' title='bbox 1628 4766 1731 4820; x_wconf 86' lang='lat' dir='ltr'><strong>hoc</strong></span> <span class='ocrx_word' id='word_1_552' title='bbox 1751 4765 1978 4836; x_wconf 89' lang='lat' dir='ltr'><strong>paratis.</strong></span> 
     </span>
    </p>
   </div>
   <div class='ocr_carea' id='block_1_81' title="bbox 400 4857 1980 4927">
    <p class='ocr_par' dir='ltr' id='par_1_81' title="bbox 400 4857 1980 4927">
     <span class='ocr_line' id='line_1_81' title="bbox 400 4857 1980 4927; baseline 0.001 -17"><span class='ocrx_word' id='word_1_553' title='bbox 400 4859 660 4927; x_wconf 73' lang='lat' dir='ltr'><strong>(Iapiendi</strong></span> <span class='ocrx_word' id='word_1_554' title='bbox 691 4859 853 4914; x_wconf 86' lang='lat' dir='ltr'><strong>etiam</strong></span> <span class='ocrx_word' id='word_1_555' title='bbox 887 4859 1096 4924; x_wconf 87' lang='lat' dir='ltr'><strong>tribuli,</strong></span> <span class='ocrx_word' id='word_1_556' title='bbox 1139 4859 1190 4913; x_wconf 89' lang='lat' dir='ltr'><strong>id</strong></span> <span class='ocrx_word' id='word_1_557' title='bbox 1222 4867 1326 4924; x_wconf 87' lang='lat' dir='ltr'><strong>cst,</strong></span> <span class='ocrx_word' id='word_1_558' title='bbox 1358 4859 1592 4913; x_wconf 86' lang='lat' dir='ltr'><strong>murices</strong></span> <span class='ocrx_word' id='word_1_559' title='bbox 1619 4867 1766 4921; x_wconf 89' lang='lat' dir='ltr'><strong>sunt,</strong></span> <span class='ocrx_word' id='word_1_560' title='bbox 1792 4857 1980 4927; x_wconf 85' lang='lat' dir='ltr'><strong>sicque</strong></span> 
     </span>
    </p>
   </div>
   <div class='ocr_carea' id='block_1_82' title="bbox 399 4951 1241 5009">
    <p class='ocr_par' dir='ltr' id='par_1_82' title="bbox 399 4951 1241 5009">
     <span class='ocr_line' id='line_1_82' title="bbox 399 4951 1241 5009; baseline 0.004 -4"><span class='ocrx_word' id='word_1_561' title='bbox 399 4967 522 5006; x_wconf 82' lang='lat' dir='ltr'><strong>cum</strong></span> <span class='ocrx_word' id='word_1_562' title='bbox 550 4952 792 5007; x_wconf 80' lang='lat' dir='ltr'><strong>exercitu</strong></span> <span class='ocrx_word' id='word_1_563' title='bbox 827 4951 1241 5009; x_wconf 88' lang='lat' dir='ltr'><strong>discedendum.</strong></span> 
     </span>
    </p>
   </div>
   <div class='ocr_carea' id='block_1_83' title="bbox 469 5041 1978 5118">
    <p class='ocr_par' dir='ltr' id='par_1_83' title="bbox 469 5041 1978 5118">
     <span class='ocr_line' id='line_1_83' title="bbox 469 5041 1978 5118; baseline 0 -20"><span class='ocrx_word' id='word_1_564' title='bbox 469 5041 558 5098; x_wconf 67' lang='grc'><strong>47.</strong></span> <span class='ocrx_word' id='word_1_565' title='bbox 599 5041 738 5096; x_wconf 86' lang='lat' dir='ltr'><strong>Tum</strong></span> <span class='ocrx_word' id='word_1_566' title='bbox 784 5043 964 5110; x_wconf 91' lang='lat' dir='ltr'><strong>enim,</strong></span> <span class='ocrx_word' id='word_1_567' title='bbox 1018 5045 1063 5099; x_wconf 91' lang='lat' dir='ltr'><strong>si</strong></span> <span class='ocrx_word' id='word_1_568' title='bbox 1111 5054 1322 5114; x_wconf 86' lang='lat' dir='ltr'><strong>tempus</strong></span> <span class='ocrx_word' id='word_1_569' title='bbox 1375 5043 1597 5118; x_wconf 81' lang='lat' dir='ltr'><strong>aliquod</strong></span> <span class='ocrx_word' id='word_1_570' title='bbox 1649 5052 1831 5098; x_wconf 87' lang='lat' dir='ltr'><strong>castra</strong></span> <span class='ocrx_word' id='word_1_571' title='bbox 1878 5057 1978 5112; x_wconf 87' lang='lat' dir='ltr'><strong>po-</strong></span> 
     </span>
    </p>
   </div>
   <div class='ocr_carea' id='block_1_84' title="bbox 398 5133 1982 5207">
    <p class='ocr_par' dir='ltr' id='par_1_84' title="bbox 398 5133 1982 5207">
     <span class='ocr_line' id='line_1_84' title="bbox 398 5133 1982 5207; baseline -0.002 -18"><span class='ocrx_word' id='word_1_572' title='bbox 398 5138 576 5191; x_wconf 89' lang='lat' dir='ltr'><strong>nenda</strong></span> <span class='ocrx_word' id='word_1_573' title='bbox 621 5135 808 5202; x_wconf 79' lang='lat' dir='ltr'><strong>fuerit,</strong></span> <span class='ocrx_word' id='word_1_574' title='bbox 847 5135 991 5192; x_wconf 82' lang='lat' dir='ltr'><strong>fossa</strong></span> <span class='ocrx_word' id='word_1_575' title='bbox 1023 5146 1327 5207; x_wconf 85' lang='lat' dir='ltr'><strong>Opportune</strong></span> <span class='ocrx_word' id='word_1_576' title='bbox 1351 5137 1535 5200; x_wconf 91' lang='lat' dir='ltr'><strong>ducta,</strong></span> <span class='ocrx_word' id='word_1_577' title='bbox 1567 5144 1618 5190; x_wconf 93' lang='lat' dir='ltr'><strong>et</strong></span> <span class='ocrx_word' id='word_1_578' title='bbox 1653 5133 1870 5188; x_wconf 90' lang='lat' dir='ltr'><strong>tribulis</strong></span> <span class='ocrx_word' id='word_1_579' title='bbox 1893 5148 1982 5187; x_wconf 86' lang='lat' dir='ltr'><strong>or-</strong></span> 
     </span>
    </p>
   </div>
   <div class='ocr_carea' id='block_1_85' title="bbox 395 5226 1979 5298">
    <p class='ocr_par' dir='ltr' id='par_1_85' title="bbox 395 5226 1979 5298">
     <span class='ocr_line' id='line_1_85' title="bbox 395 5226 1979 5298; baseline 0 -18"><span class='ocrx_word' id='word_1_580' title='bbox 395 5229 520 5282; x_wconf 87' lang='lat' dir='ltr'><strong>dine</strong></span> <span class='ocrx_word' id='word_1_581' title='bbox 548 5228 760 5298; x_wconf 91' lang='lat' dir='ltr'><strong>positis,</strong></span> <span class='ocrx_word' id='word_1_582' title='bbox 799 5227 883 5282; x_wconf 90' lang='lat' dir='ltr'><strong>vel</strong></span> <span class='ocrx_word' id='word_1_583' title='bbox 913 5227 1277 5284; x_wconf 83' lang='lat' dir='ltr'><strong>aediﬁcatione</strong></span> <span class='ocrx_word' id='word_1_584' title='bbox 1304 5228 1487 5298; x_wconf 89' lang='lat' dir='ltr'><strong>aliqua</strong></span> <span class='ocrx_word' id='word_1_585' title='bbox 1530 5227 1677 5282; x_wconf 92' lang='lat' dir='ltr'><strong>intus</strong></span> <span class='ocrx_word' id='word_1_586' title='bbox 1713 5226 1979 5290; x_wconf 88' lang='lat' dir='ltr'><strong>adhibita,</strong></span> 
     </span>
    </p>
   </div>
   <div class='ocr_carea' id='block_1_86' title="bbox 395 5319 1982 5392">
    <p class='ocr_par' dir='ltr' id='par_1_86' title="bbox 395 5319 1982 5392">
     <span class='ocr_line' id='line_1_86' title="bbox 395 5319 1982 5392; baseline -0.001 -20"><span class='ocrx_word' id='word_1_587' title='bbox 395 5322 474 5374; x_wconf 85' lang='lat' dir='ltr'><strong>vel</strong></span> <span class='ocrx_word' id='word_1_588' title='bbox 499 5321 636 5375; x_wconf 79' lang='lat' dir='ltr'><strong>vallo</strong></span> <span class='ocrx_word' id='word_1_589' title='bbox 654 5337 718 5376; x_wconf 78' lang='lat' dir='ltr'><strong>ex</strong></span> <span class='ocrx_word' id='word_1_590' title='bbox 739 5321 896 5392; x_wconf 82' lang='lat' dir='ltr'><strong>lignis</strong></span> <span class='ocrx_word' id='word_1_591' title='bbox 919 5320 1188 5387; x_wconf 79' lang='lat' dir='ltr'><strong>confecto,</strong></span> <span class='ocrx_word' id='word_1_592' title='bbox 1209 5337 1364 5390; x_wconf 73' lang='lat' dir='ltr'><strong>teque</strong></span> <span class='ocrx_word' id='word_1_593' title='bbox 1389 5321 1598 5374; x_wconf 80' lang='lat' dir='ltr'><strong>ﬁrmam</strong></span> <span class='ocrx_word' id='word_1_594' title='bbox 1623 5319 1982 5373; x_wconf 87' lang='lat' dir='ltr'><strong>munitionem</strong></span> 
     </span>
    </p>
   </div>
   <div class='ocr_carea' id='block_1_87' title="bbox 394 5411 1984 5484">
    <p class='ocr_par' dir='ltr' id='par_1_87' title="bbox 394 5411 1984 5484">
     <span class='ocr_line' id='line_1_87' title="bbox 394 5411 1984 5484; baseline -0.001 -21"><span class='ocrx_word' id='word_1_595' title='bbox 394 5411 657 5468; x_wconf 85' lang='lat' dir='ltr'><strong>fossatum</strong></span> <span class='ocrx_word' id='word_1_596' title='bbox 705 5412 958 5479; x_wconf 88' lang='lat' dir='ltr'><strong>habebit,</strong></span> <span class='ocrx_word' id='word_1_597' title='bbox 1005 5427 1069 5467; x_wconf 86' lang='lat' dir='ltr'><strong>ac</strong></span> <span class='ocrx_word' id='word_1_598' title='bbox 1112 5414 1156 5466; x_wconf 89' lang='lat' dir='ltr'><strong>si</strong></span> <span class='ocrx_word' id='word_1_599' title='bbox 1201 5428 1400 5484; x_wconf 83' lang='lat' dir='ltr'><strong>carago</strong></span> <span class='ocrx_word' id='word_1_600' title='bbox 1449 5413 1718 5466; x_wconf 90' lang='lat' dir='ltr'><strong>munitum</strong></span> <span class='ocrx_word' id='word_1_601' title='bbox 1767 5412 1984 5465; x_wconf 81' lang='lat' dir='ltr'><strong>fuisset.</strong></span> 
     </span>
    </p>
   </div>
   <div class='ocr_carea' id='block_1_88' title="bbox 391 5505 1987 5577">
    <p class='ocr_par' dir='ltr' id='par_1_88' title="bbox 391 5505 1987 5577">
     <span class='ocr_line' id='line_1_88' title="bbox 391 5505 1987 5577; baseline 0.001 -22"><span class='ocrx_word' id='word_1_602' title='bbox 391 5505 657 5576; x_wconf 76' lang='lat' dir='ltr'><strong>Caragum</strong></span> <span class='ocrx_word' id='word_1_603' title='bbox 701 5516 883 5560; x_wconf 89' lang='lat' dir='ltr'><strong>autem</strong></span> <span class='ocrx_word' id='word_1_604' title='bbox 922 5507 1262 5577; x_wconf 90' lang='lat' dir='ltr'><strong>appellamus</strong></span> <span class='ocrx_word' id='word_1_605' title='bbox 1305 5523 1500 5562; x_wconf 90' lang='lat' dir='ltr'><strong>currus</strong></span> <span class='ocrx_word' id='word_1_606' title='bbox 1546 5515 1600 5560; x_wconf 91' lang='lat' dir='ltr'><strong>et</strong></span> <span class='ocrx_word' id='word_1_607' title='bbox 1629 5506 1987 5560; x_wconf 90' lang='lat' dir='ltr'><strong>munitionem</strong></span> 
     </span>
    </p>
   </div>
   <div class='ocr_carea' id='block_1_89' title="bbox 393 5583 1220 5652">
    <p class='ocr_par' dir='ltr' id='par_1_89' title="bbox 393 5583 1220 5652">
     <span class='ocr_line' id='line_1_89' title="bbox 393 5583 1220 5652; baseline 0.008 -9"><span class='ocrx_word' id='word_1_608' title='bbox 393 5591 583 5649; x_wconf 74' lang='lat' dir='ltr'><strong>fossati</strong></span> <span class='ocrx_word' id='word_1_609' title='bbox 623 5611 745 5650; x_wconf 92' lang='lat' dir='ltr'><strong>cum</strong></span> <span class='ocrx_word' id='word_1_610' title='bbox 786 5597 906 5652; x_wconf 88' lang='lat' dir='ltr'><strong>istis</strong></span> <span class='ocrx_word' id='word_1_611' title='bbox 941 5597 1168 5652; x_wconf 80' lang='lat' dir='ltr'><strong>factam.</strong></span> <span class='ocrx_word' id='word_1_612' title='bbox 1217 5583 1220 5585; x_wconf 12' lang='grc' dir='ltr'><strong>Α</strong></span> 
     </span>
    </p>
   </div>
   <div class='ocr_carea' id='block_1_90' title="bbox 463 5685 1983 5760">
    <p class='ocr_par' dir='ltr' id='par_1_90' title="bbox 463 5685 1983 5760">
     <span class='ocr_line' id='line_1_90' title="bbox 463 5685 1983 5760; baseline 0.005 -25"><span class='ocrx_word' id='word_1_613' title='bbox 463 5685 550 5736; x_wconf 71' lang='grc'><strong>48.</strong></span> <span class='ocrx_word' id='word_1_614' title='bbox 586 5687 680 5740; x_wconf 83' lang='lat' dir='ltr'><strong>Sin</strong></span> <span class='ocrx_word' id='word_1_615' title='bbox 712 5687 781 5741; x_wconf 88' lang='lat' dir='ltr'><strong>ita</strong></span> <span class='ocrx_word' id='word_1_616' title='bbox 822 5690 1057 5752; x_wconf 90' lang='lat' dir='ltr'><strong>accidat,</strong></span> <span class='ocrx_word' id='word_1_617' title='bbox 1107 5699 1163 5742; x_wconf 88' lang='lat' dir='ltr'><strong>ut</strong></span> <span class='ocrx_word' id='word_1_618' title='bbox 1201 5689 1384 5760; x_wconf 77' lang='lat' dir='ltr'><strong>plures</strong></span> <span class='ocrx_word' id='word_1_619' title='bbox 1421 5691 1656 5760; x_wconf 85' lang='lat' dir='ltr'><strong>equites,</strong></span> <span class='ocrx_word' id='word_1_620' title='bbox 1693 5689 1983 5760; x_wconf 88' lang='lat' dir='ltr'><strong>pauciores</strong></span> 
     </span>
    </p>
   </div>
   <div class='ocr_carea' id='block_1_91' title="bbox 2163 3289 3680 3364">
    <p class='ocr_par' dir='ltr' id='par_1_91' title="bbox 2163 3289 3680 3364">
     <span class='ocr_line' id='line_1_91' title="bbox 2163 3289 3680 3364; baseline 0.002 -21"><span class='ocrx_word' id='word_1_621' title='bbox 2163 3289 2263 3360; x_wconf 86' lang='grc' dir='ltr'>με’.</span> <span class='ocrx_word' id='word_1_622' title='bbox 2312 3289 2649 3362; x_wconf 80' lang='grc' dir='ltr'>Ἐπινοὴσεις</span> <span class='ocrx_word' id='word_1_623' title='bbox 2698 3291 2753 3345; x_wconf 83' lang='grc' dir='ltr'>δὲ</span> <span class='ocrx_word' id='word_1_624' title='bbox 2779 3291 2865 3354; x_wconf 83' lang='grc' dir='ltr'>εἰς</span> <span class='ocrx_word' id='word_1_625' title='bbox 2917 3292 3041 3355; x_wconf 78' lang='grc' dir='ltr'>τοὺς</span> <span class='ocrx_word' id='word_1_626' title='bbox 3102 3292 3229 3362; x_wconf 86' lang='grc' dir='ltr'>βόας</span> <span class='ocrx_word' id='word_1_627' title='bbox 3275 3292 3386 3347; x_wconf 86' lang='grc' dir='ltr'><strong>τῶν</strong></span> <span class='ocrx_word' id='word_1_628' title='bbox 3423 3294 3680 3364; x_wconf 79' lang='grc' dir='ltr'>ἁμαξῶν,</span> 
     </span>
    </p>
   </div>
   <div class='ocr_carea' id='block_1_92' title="bbox 2089 3383 3683 3457">
    <p class='ocr_par' dir='ltr' id='par_1_92' title="bbox 2089 3383 3683 3457">
     <span class='ocr_line' id='line_1_92' title="bbox 2089 3383 3683 3457; baseline 0.004 -22"><span class='ocrx_word' id='word_1_629' title='bbox 2089 3383 2176 3435; x_wconf 82' lang='grc' dir='ltr'>ἵνα</span> <span class='ocrx_word' id='word_1_630' title='bbox 2215 3383 2342 3437; x_wconf 84' lang='grc' dir='ltr'>ὅταν</span> <span class='ocrx_word' id='word_1_631' title='bbox 2377 3383 2716 3436; x_wconf 80' lang='grc' dir='ltr'>ἀκολουθῶσι</span> <span class='ocrx_word' id='word_1_632' title='bbox 2743 3387 2808 3455; x_wconf 81' lang='grc' dir='ltr'>τῇ</span> <span class='ocrx_word' id='word_1_633' title='bbox 2852 3384 3154 3454; x_wconf 79' lang='grc' dir='ltr'>παρατάξει</span> <span class='ocrx_word' id='word_1_634' title='bbox 3182 3386 3276 3438; x_wconf 69' lang='grc' dir='ltr'>ἐὰν</span> <span class='ocrx_word' id='word_1_635' title='bbox 3306 3387 3466 3457; x_wconf 88' lang='grc' dir='ltr'>χρεία</span> <span class='ocrx_word' id='word_1_636' title='bbox 3519 3389 3683 3456; x_wconf 89' lang='grc' dir='ltr'>γένη-</span> 
     </span>
    </p>
   </div>
   <div class='ocr_carea' id='block_1_93' title="bbox 2089 3475 3684 3550">
    <p class='ocr_par' dir='ltr' id='par_1_93' title="bbox 2089 3475 3684 3550">
     <span class='ocr_line' id='line_1_93' title="bbox 2089 3475 3684 3550; baseline 0.006 -24"><span class='ocrx_word' id='word_1_637' title='bbox 2089 3493 2176 3527; x_wconf 87' lang='grc' dir='ltr'><strong>ται</strong></span> <span class='ocrx_word' id='word_1_638' title='bbox 2217 3475 2325 3546; x_wconf 80' lang='grc' dir='ltr'>ἄρα</span> <span class='ocrx_word' id='word_1_639' title='bbox 2367 3477 2462 3530; x_wconf 74' lang='grc' dir='ltr'>καὶ</span> <span class='ocrx_word' id='word_1_640' title='bbox 2497 3478 2786 3546; x_wconf 87' lang='grc' dir='ltr'>ἀναμεῖναι</span> <span class='ocrx_word' id='word_1_641' title='bbox 2832 3479 2930 3540; x_wconf 76' lang='grc' dir='ltr'><strong>τὰς</strong></span> <span class='ocrx_word' id='word_1_642' title='bbox 2972 3479 3185 3548; x_wconf 80' lang='grc' dir='ltr'>ἀμάξας</span> <span class='ocrx_word' id='word_1_643' title='bbox 3222 3478 3362 3532; x_wconf 77' lang='grc' dir='ltr'>ὥστε</span> <span class='ocrx_word' id='word_1_644' title='bbox 3396 3479 3470 3550; x_wconf 81' lang='grc' dir='ltr'>μὴ</span> <span class='ocrx_word' id='word_1_645' title='bbox 3497 3480 3684 3535; x_wconf 83' lang='grc' dir='ltr'>διατα-</span> 
     </span>
    </p>
   </div>
   <div class='ocr_carea' id='block_1_94' title="bbox 2094 3565 3695 3644">
    <p class='ocr_par' dir='ltr' id='par_1_94' title="bbox 2094 3565 3695 3644">
     <span class='ocr_line' id='line_1_94' title="bbox 2094 3565 3695 3644; baseline 0.004 -28"><span class='ocrx_word' id='word_1_646' title='bbox 2094 3565 2387 3636; x_wconf 81' lang='grc' dir='ltr'>ράσσεσθαι</span> <span class='ocrx_word' id='word_1_647' title='bbox 2411 3567 2512 3618; x_wconf 74' lang='grc' dir='ltr'><strong>ὑπὸ</strong></span> <span class='ocrx_word' id='word_1_648' title='bbox 2543 3567 2636 3619; x_wconf 82' lang='grc' dir='ltr'>τοῦ</span> <span class='ocrx_word' id='word_1_649' title='bbox 2661 3566 2894 3637; x_wconf 79' lang='grc' dir='ltr'>θορύϐου</span> <span class='ocrx_word' id='word_1_650' title='bbox 2925 3569 3032 3619; x_wconf 83' lang='grc' dir='ltr'><strong>τῶν</strong></span> <span class='ocrx_word' id='word_1_651' title='bbox 3055 3568 3288 3639; x_wconf 74' lang='grc' dir='ltr'>ἐχθρῶν,</span> <span class='ocrx_word' id='word_1_652' title='bbox 3329 3570 3432 3620; x_wconf 81' lang='grc' dir='ltr'><strong>ὑπὸ</strong></span> <span class='ocrx_word' id='word_1_653' title='bbox 3449 3569 3579 3633; x_wconf 89' lang='grc' dir='ltr'>τῶν,</span> <span class='ocrx_word' id='word_1_654' title='bbox 3603 3570 3695 3644; x_wconf 48' lang='grc' dir='ltr'><strong>ὡς,</strong></span> 
     </span>
    </p>
   </div>
   <div class='ocr_carea' id='block_1_95' title="bbox 2089 3658 3676 3730">
    <p class='ocr_par' dir='ltr' id='par_1_95' title="bbox 2089 3658 3676 3730">
     <span class='ocr_line' id='line_1_95' title="bbox 2089 3658 3676 3730; baseline 0.003 -21"><span class='ocrx_word' id='word_1_655' title='bbox 2089 3659 2258 3723; x_wconf 76' lang='grc' dir='ltr'>εἰκὸς,</span> <span class='ocrx_word' id='word_1_656' title='bbox 2313 3658 2658 3730; x_wconf 77' lang='grc' dir='ltr'>βαλλομένων</span> <span class='ocrx_word' id='word_1_657' title='bbox 2726 3660 3015 3727; x_wconf 83' lang='grc' dir='ltr'>σαγιττῶν,</span> <span class='ocrx_word' id='word_1_658' title='bbox 3063 3663 3158 3713; x_wconf 74' lang='grc' dir='ltr'><strong>καὶ</strong></span> <span class='ocrx_word' id='word_1_659' title='bbox 3189 3663 3449 3715; x_wconf 83' lang='grc' dir='ltr'>ἀτακτεῖν</span> <span class='ocrx_word' id='word_1_660' title='bbox 3473 3663 3563 3714; x_wconf 81' lang='grc' dir='ltr'><strong>καὶ</strong></span> <span class='ocrx_word' id='word_1_661' title='bbox 3586 3665 3676 3715; x_wconf 84' lang='grc' dir='ltr'><strong>ἐν-</strong></span> 
     </span>
    </p>
   </div>
   <div class='ocr_carea' id='block_1_96' title="bbox 2087 3750 3679 3829">
    <p class='ocr_par' dir='ltr' id='par_1_96' title="bbox 2087 3750 3679 3829">
     <span class='ocr_line' id='line_1_96' title="bbox 2087 3750 3679 3829; baseline 0.006 -27"><span class='ocrx_word' id='word_1_662' title='bbox 2087 3750 2264 3820; x_wconf 86' lang='grc' dir='ltr'>οχλεῖν</span> <span class='ocrx_word' id='word_1_663' title='bbox 2305 3754 2370 3822; x_wconf 77' lang='grc' dir='ltr'>τῇ</span> <span class='ocrx_word' id='word_1_664' title='bbox 2405 3751 2730 3822; x_wconf 76' lang='grc' dir='ltr'>παρατάξει.</span> <span class='ocrx_word' id='word_1_665' title='bbox 2781 3753 2941 3807; x_wconf 82' lang='grc' dir='ltr'><strong>’Λλλά</strong></span> <span class='ocrx_word' id='word_1_666' title='bbox 2982 3754 3014 3824; x_wconf 80' lang='grc' dir='ltr'>ἢ</span> <span class='ocrx_word' id='word_1_667' title='bbox 3057 3754 3344 3808; x_wconf 79' lang='grc' dir='ltr'>πεδικλοῦν</span> <span class='ocrx_word' id='word_1_668' title='bbox 3385 3755 3612 3822; x_wconf 81' lang='grc' dir='ltr'>ταύτας,</span> 
     </span>
    </p>
   </div>
   <div class='ocr_carea' id='block_1_97' title="bbox 2085 3845 3681 3915">
    <p class='ocr_par' dir='ltr' id='par_1_97' title="bbox 2085 3845 3681 3915">
     <span class='ocr_line' id='line_1_97' title="bbox 2085 3845 3681 3915; baseline 0.002 -17"><span class='ocrx_word' id='word_1_669' title='bbox 2085 3845 2323 3915; x_wconf 79' lang='grc' dir='ltr'>δεσμεῖν,</span> <span class='ocrx_word' id='word_1_670' title='bbox 2353 3846 2458 3912; x_wconf 63' lang='lat' dir='ltr'><strong>ira,</strong></span> <span class='ocrx_word' id='word_1_671' title='bbox 2513 3846 2588 3907; x_wconf 83' lang='grc' dir='ltr'>ὡς</span> <span class='ocrx_word' id='word_1_672' title='bbox 2616 3845 2854 3915; x_wconf 80' lang='grc' dir='ltr'>εἴρηται,</span> <span class='ocrx_word' id='word_1_673' title='bbox 2882 3848 2929 3898; x_wconf 89' lang='grc' dir='ltr'>εἰ</span> <span class='ocrx_word' id='word_1_674' title='bbox 2971 3846 3063 3899; x_wconf 79' lang='grc' dir='ltr'><strong>καί</strong></span> <span class='ocrx_word' id='word_1_675' title='bbox 3097 3864 3240 3910; x_wconf 81' lang='grc' dir='ltr'>τινες</span> <span class='ocrx_word' id='word_1_676' title='bbox 3285 3847 3344 3912; x_wconf 81' lang='grc' dir='ltr'>ἐξ</span> <span class='ocrx_word' id='word_1_677' title='bbox 3374 3849 3550 3901; x_wconf 72' lang='grc' dir='ltr'>αὐτῶν</span> <span class='ocrx_word' id='word_1_678' title='bbox 3575 3851 3681 3901; x_wconf 74' lang='grc' dir='ltr'><strong>ὑπὸ</strong></span> 
     </span>
    </p>
   </div>
   <div class='ocr_carea' id='block_1_98' title="bbox 2090 3937 3678 4010">
    <p class='ocr_par' dir='ltr' id='par_1_98' title="bbox 2090 3937 3678 4010">
     <span class='ocr_line' id='line_1_98' title="bbox 2090 3937 3678 4010; baseline 0.003 -22"><span class='ocrx_word' id='word_1_679' title='bbox 2090 3937 2360 4004; x_wconf 82' lang='grc' dir='ltr'>σαγιττῶν</span> <span class='ocrx_word' id='word_1_680' title='bbox 2414 3937 2833 4007; x_wconf 77' lang='grc' dir='ltr'>τιτρώσκονται,</span> <span class='ocrx_word' id='word_1_681' title='bbox 2869 3939 2944 4010; x_wconf 82' lang='grc' dir='ltr'>μὴ</span> <span class='ocrx_word' id='word_1_682' title='bbox 2977 3938 3386 4010; x_wconf 80' lang='grc' dir='ltr'>διαταράσσωσι</span> <span class='ocrx_word' id='word_1_683' title='bbox 3414 3941 3541 4004; x_wconf 74' lang='grc' dir='ltr'>τοὺς</span> <span class='ocrx_word' id='word_1_684' title='bbox 3577 3959 3678 3993; x_wconf 85' lang='grc' dir='ltr'>πε-</span> 
     </span>
    </p>
   </div>
   <div class='ocr_carea' id='block_1_99' title="bbox 2090 4026 3566 4100">
    <p class='ocr_par' dir='ltr' id='par_1_99' title="bbox 2090 4026 3566 4100">
     <span class='ocr_line' id='line_1_99' title="bbox 2090 4026 3566 4100; baseline 0.007 -23"><span class='ocrx_word' id='word_1_685' title='bbox 2090 4026 2234 4090; x_wconf 75' lang='grc' dir='ltr'>ζοὺς,</span> <span class='ocrx_word' id='word_1_686' title='bbox 2269 4027 2347 4080; x_wconf 72' lang='grc' dir='ltr'>διὸ</span> <span class='ocrx_word' id='word_1_687' title='bbox 2378 4028 2495 4081; x_wconf 74' lang='grc' dir='ltr'>οὐδὲ</span> <span class='ocrx_word' id='word_1_688' title='bbox 2524 4029 2628 4100; x_wconf 79' lang='grc' dir='ltr'>χρὴ</span> <span class='ocrx_word' id='word_1_689' title='bbox 2660 4029 2792 4082; x_wconf 77' lang='grc' dir='ltr'>πολὺ</span> <span class='ocrx_word' id='word_1_690' title='bbox 2834 4031 2999 4100; x_wconf 82' lang='grc' dir='ltr'>ἐγγὺς</span> <span class='ocrx_word' id='word_1_691' title='bbox 3037 4031 3334 4084; x_wconf 75' lang='grc' dir='ltr'>τάσσεσθαι</span> <span class='ocrx_word' id='word_1_692' title='bbox 3374 4031 3566 4096; x_wconf 80' lang='grc' dir='ltr'>αὑτάς.</span> 
     </span>
    </p>
   </div>
   <div class='ocr_carea' id='block_1_100' title="bbox 2161 4117 3680 4198">
    <p class='ocr_par' dir='ltr' id='par_1_100' title="bbox 2161 4117 3680 4198">
     <span class='ocr_line' id='line_1_100' title="bbox 2161 4117 3680 4198; baseline 0.005 -27"><span class='ocrx_word' id='word_1_693' title='bbox 2161 4117 2278 4189; x_wconf 83' lang='grc' dir='ltr'>μς’.</span> <span class='ocrx_word' id='word_1_694' title='bbox 2308 4121 2367 4172; x_wconf 79' lang='grc' dir='ltr'>Εἰ</span> <span class='ocrx_word' id='word_1_695' title='bbox 2396 4120 2472 4183; x_wconf 84' lang='grc' dir='ltr'><strong>δὲ,</strong></span> <span class='ocrx_word' id='word_1_696' title='bbox 2499 4121 2573 4184; x_wconf 77' lang='grc' dir='ltr'>ὡς</span> <span class='ocrx_word' id='word_1_697' title='bbox 2607 4121 2752 4184; x_wconf 70' lang='grc' dir='ltr'>εἰκὸς</span> <span class='ocrx_word' id='word_1_698' title='bbox 2773 4162 2786 4185; x_wconf 92' lang='grc'><strong>,</strong></span> <span class='ocrx_word' id='word_1_699' title='bbox 2830 4123 3052 4192; x_wconf 83' lang='grc' dir='ltr'>γένηται</span> <span class='ocrx_word' id='word_1_700' title='bbox 3104 4124 3263 4194; x_wconf 82' lang='grc' dir='ltr'>χρεία</span> <span class='ocrx_word' id='word_1_701' title='bbox 3311 4125 3680 4198; x_wconf 61' lang='grc' dir='ltr'>ἐνοχλοαμένῳ</span> 
     </span>
    </p>
   </div>
   <div class='ocr_carea' id='block_1_101' title="bbox 2088 4211 3676 4287">
    <p class='ocr_par' dir='ltr' id='par_1_101' title="bbox 2088 4211 3676 4287">
     <span class='ocr_line' id='line_1_101' title="bbox 2088 4211 3676 4287; baseline 0.005 -24"><span class='ocrx_word' id='word_1_702' title='bbox 2088 4211 2353 4282; x_wconf 83' lang='grc' dir='ltr'>βοηθῆσαι</span> <span class='ocrx_word' id='word_1_703' title='bbox 2398 4213 2548 4284; x_wconf 85' lang='grc' dir='ltr'>τόπῳ</span> <span class='ocrx_word' id='word_1_704' title='bbox 2599 4214 2704 4265; x_wconf 70' lang='grc' dir='ltr'>ὑπὸ</span> <span class='ocrx_word' id='word_1_705' title='bbox 2771 4214 3004 4286; x_wconf 80' lang='grc' dir='ltr'>ἐχθρῶν,</span> <span class='ocrx_word' id='word_1_706' title='bbox 3046 4216 3078 4286; x_wconf 82' lang='grc' dir='ltr'><strong>ἣ</strong></span> <span class='ocrx_word' id='word_1_707' title='bbox 3116 4218 3551 4287; x_wconf 77' lang='grc' dir='ltr'>προκαταλαϐεῖν</span> <span class='ocrx_word' id='word_1_708' title='bbox 3579 4235 3676 4272; x_wconf 87' lang='grc' dir='ltr'>τα-</span> 
     </span>
    </p>
   </div>
   <div class='ocr_carea' id='block_1_102' title="bbox 2087 4305 3680 4381">
    <p class='ocr_par' dir='ltr' id='par_1_102' title="bbox 2087 4305 3680 4381">
     <span class='ocr_line' id='line_1_102' title="bbox 2087 4305 3680 4381; baseline 0.005 -25"><span class='ocrx_word' id='word_1_709' title='bbox 2087 4305 2335 4375; x_wconf 82' lang='grc' dir='ltr'>χύτερον,</span> <span class='ocrx_word' id='word_1_710' title='bbox 2376 4305 2468 4358; x_wconf 76' lang='grc' dir='ltr'><strong>καὶ</strong></span> <span class='ocrx_word' id='word_1_711' title='bbox 2500 4307 2559 4358; x_wconf 77' lang='grc' dir='ltr'><strong>οὐ</strong></span> <span class='ocrx_word' id='word_1_712' title='bbox 2587 4306 2881 4376; x_wconf 73' lang='grc' dir='ltr'>φθαξουσιν</span> <span class='ocrx_word' id='word_1_713' title='bbox 2911 4310 2964 4361; x_wconf 90' lang='grc' dir='ltr'>αἱ</span> <span class='ocrx_word' id='word_1_714' title='bbox 2991 4307 3224 4378; x_wconf 77' lang='grc' dir='ltr'>ἄμαξαι,</span> <span class='ocrx_word' id='word_1_715' title='bbox 3259 4309 3344 4362; x_wconf 82' lang='grc' dir='ltr'><strong>ἵνα</strong></span> <span class='ocrx_word' id='word_1_716' title='bbox 3375 4309 3452 4381; x_wconf 81' lang='grc' dir='ltr'>μὴ</span> <span class='ocrx_word' id='word_1_717' title='bbox 3483 4310 3680 4380; x_wconf 82' lang='grc' dir='ltr'>βραδύ-</span> 
     </span>
    </p>
   </div>
   <div class='ocr_carea' id='block_1_103' title="bbox 2087 4398 3673 4472">
    <p class='ocr_par' dir='ltr' id='par_1_103' title="bbox 2087 4398 3673 4472">
     <span class='ocr_line' id='line_1_103' title="bbox 2087 4398 3673 4472; baseline 0.005 -23"><span class='ocrx_word' id='word_1_718' title='bbox 2087 4413 2251 4449; x_wconf 82' lang='grc' dir='ltr'>νωσιν</span> <span class='ocrx_word' id='word_1_719' title='bbox 2276 4398 2331 4449; x_wconf 90' lang='grc' dir='ltr'>αἱ</span> <span class='ocrx_word' id='word_1_720' title='bbox 2370 4400 2570 4466; x_wconf 85' lang='grc' dir='ltr'>χρεῖαι·</span> <span class='ocrx_word' id='word_1_721' title='bbox 2609 4399 2669 4449; x_wconf 71' lang='grc' dir='ltr'>τὸ</span> <span class='ocrx_word' id='word_1_722' title='bbox 2697 4399 2795 4469; x_wconf 76' lang='grc' dir='ltr'><strong>μὲν</strong></span> <span class='ocrx_word' id='word_1_723' title='bbox 2815 4399 2943 4453; x_wconf 85' lang='grc' dir='ltr'>ἄλλο</span> <span class='ocrx_word' id='word_1_724' title='bbox 2975 4401 3192 4453; x_wconf 75' lang='grc' dir='ltr'>τοῦλδον</span> <span class='ocrx_word' id='word_1_725' title='bbox 3232 4403 3326 4454; x_wconf 72' lang='grc' dir='ltr'><strong>καὶ</strong></span> <span class='ocrx_word' id='word_1_726' title='bbox 3363 4403 3424 4454; x_wconf 82' lang='grc' dir='ltr'><strong>τὸ</strong></span> <span class='ocrx_word' id='word_1_727' title='bbox 3462 4403 3673 4472; x_wconf 76' lang='grc' dir='ltr'>φοσσά-</span> 
     </span>
    </p>
   </div>
   <div class='ocr_carea' id='block_1_104' title="bbox 2087 4490 3675 4566">
    <p class='ocr_par' dir='ltr' id='par_1_104' title="bbox 2087 4490 3675 4566">
     <span class='ocr_line' id='line_1_104' title="bbox 2087 4490 3675 4566; baseline 0.005 -27"><span class='ocrx_word' id='word_1_728' title='bbox 2087 4505 2178 4539; x_wconf 83' lang='grc' dir='ltr'><strong>τον</strong></span> <span class='ocrx_word' id='word_1_729' title='bbox 2212 4490 2649 4558; x_wconf 77' lang='grc' dir='ltr'>καταλιμπάνειν</span> <span class='ocrx_word' id='word_1_730' title='bbox 2685 4493 2742 4543; x_wconf 79' lang='grc' dir='ltr'><strong>ὲν</strong></span> <span class='ocrx_word' id='word_1_731' title='bbox 2770 4491 2954 4562; x_wconf 75' lang='grc' dir='ltr'>ὀχυρῷ</span> <span class='ocrx_word' id='word_1_732' title='bbox 3005 4493 3175 4562; x_wconf 79' lang='grc' dir='ltr'>τόπῳ.</span> <span class='ocrx_word' id='word_1_733' title='bbox 3209 4494 3675 4566; x_wconf 78' lang='grc' dir='ltr'>Παραλαμϐάνειν</span> 
     </span>
    </p>
   </div>
   <div class='ocr_carea' id='block_1_105' title="bbox 2085 4581 3676 4658">
    <p class='ocr_par' dir='ltr' id='par_1_105' title="bbox 2085 4581 3676 4658">
     <span class='ocr_line' id='line_1_105' title="bbox 2085 4581 3676 4658; baseline 0.004 -24"><span class='ocrx_word' id='word_1_734' title='bbox 2085 4581 2142 4634; x_wconf 81' lang='grc' dir='ltr'>δὲ</span> <span class='ocrx_word' id='word_1_735' title='bbox 2167 4582 2290 4644; x_wconf 75' lang='grc' dir='ltr'>τοὺς</span> <span class='ocrx_word' id='word_1_736' title='bbox 2353 4583 2549 4646; x_wconf 75' lang='grc' dir='ltr'>πεζοὺς</span> <span class='ocrx_word' id='word_1_737' title='bbox 2593 4584 2686 4635; x_wconf 78' lang='grc' dir='ltr'><strong>καὶ</strong></span> <span class='ocrx_word' id='word_1_738' title='bbox 2713 4584 2811 4652; x_wconf 78' lang='grc' dir='ltr'><strong>τὴν</strong></span> <span class='ocrx_word' id='word_1_739' title='bbox 2855 4584 3098 4654; x_wconf 80' lang='grc' dir='ltr'>δαπάνην</span> <span class='ocrx_word' id='word_1_740' title='bbox 3134 4586 3334 4650; x_wconf 77' lang='grc' dir='ltr'>αὐτῶν,</span> <span class='ocrx_word' id='word_1_741' title='bbox 3365 4587 3414 4638; x_wconf 83' lang='grc' dir='ltr'><strong>εί</strong></span> <span class='ocrx_word' id='word_1_742' title='bbox 3457 4587 3676 4658; x_wconf 78' lang='grc' dir='ltr'>τοιαύτη</span> 
     </span>
    </p>
   </div>
   <div class='ocr_carea' id='block_1_106' title="bbox 2089 4675 3677 4752">
    <p class='ocr_par' dir='ltr' id='par_1_106' title="bbox 2089 4675 3677 4752">
     <span class='ocr_line' id='line_1_106' title="bbox 2089 4675 3677 4752; baseline 0.004 -25"><span class='ocrx_word' id='word_1_743' title='bbox 2089 4676 2312 4743; x_wconf 83' lang='grc' dir='ltr'>γένηται</span> <span class='ocrx_word' id='word_1_744' title='bbox 2371 4675 2550 4744; x_wconf 81' lang='grc' dir='ltr'>χρεία,</span> <span class='ocrx_word' id='word_1_745' title='bbox 2599 4677 2691 4727; x_wconf 78' lang='grc' dir='ltr'>καὶ</span> <span class='ocrx_word' id='word_1_746' title='bbox 2746 4678 3187 4746; x_wconf 77' lang='grc' dir='ltr'>παρασκευάζειν</span> <span class='ocrx_word' id='word_1_747' title='bbox 3243 4678 3677 4752; x_wconf 79' lang='grc' dir='ltr'>βαστάζεσθαιῆ</span> 
     </span>
    </p>
   </div>
   <div class='ocr_carea' id='block_1_107' title="bbox 2085 4765 3682 4841">
    <p class='ocr_par' dir='ltr' id='par_1_107' title="bbox 2085 4765 3682 4841">
     <span class='ocr_line' id='line_1_107' title="bbox 2085 4765 3682 4841; baseline 0.004 -23"><span class='ocrx_word' id='word_1_748' title='bbox 2085 4765 2173 4819; x_wconf 73' lang='grc' dir='ltr'><strong>διὰ</strong></span> <span class='ocrx_word' id='word_1_749' title='bbox 2208 4767 2525 4835; x_wconf 77' lang='grc' dir='ltr'>σαγμσρίων</span> <span class='ocrx_word' id='word_1_750' title='bbox 2555 4766 2587 4837; x_wconf 79' lang='grc' dir='ltr'>ἦ</span> <span class='ocrx_word' id='word_1_751' title='bbox 2614 4767 2704 4819; x_wconf 70' lang='grc' dir='ltr'>ἐπὶ</span> <span class='ocrx_word' id='word_1_752' title='bbox 2727 4767 2901 4838; x_wconf 82' lang='grc' dir='ltr'>τούτῳ</span> <span class='ocrx_word' id='word_1_753' title='bbox 2938 4771 3332 4841; x_wconf 77' lang='grc' dir='ltr'>ἀφωρισμένων</span> <span class='ocrx_word' id='word_1_754' title='bbox 3357 4770 3558 4837; x_wconf 72' lang='grc' dir='ltr'>ἵππων,</span> <span class='ocrx_word' id='word_1_755' title='bbox 3586 4773 3682 4825; x_wconf 82' lang='grc' dir='ltr'><strong>καὶ</strong></span> 
     </span>
    </p>
   </div>
   <div class='ocr_carea' id='block_1_108' title="bbox 2087 4856 3678 4934">
    <p class='ocr_par' dir='ltr' id='par_1_108' title="bbox 2087 4856 3678 4934">
     <span class='ocr_line' id='line_1_108' title="bbox 2087 4856 3678 4934; baseline 0.005 -25"><span class='ocrx_word' id='word_1_756' title='bbox 2087 4859 2186 4920; x_wconf 79' lang='grc' dir='ltr'>τὰς</span> <span class='ocrx_word' id='word_1_757' title='bbox 2249 4856 2549 4927; x_wconf 74' lang='grc' dir='ltr'>τριϐόλους,</span> <span class='ocrx_word' id='word_1_758' title='bbox 2613 4860 2705 4910; x_wconf 71' lang='grc' dir='ltr'><strong>καὶ</strong></span> <span class='ocrx_word' id='word_1_759' title='bbox 2763 4858 2934 4923; x_wconf 72' lang='grc' dir='ltr'>οὕτως</span> <span class='ocrx_word' id='word_1_760' title='bbox 2988 4861 3332 4932; x_wconf 85' lang='grc' dir='ltr'>ἀπέρχεσθαι</span> <span class='ocrx_word' id='word_1_761' title='bbox 3395 4863 3535 4934; x_wconf 86' lang='grc' dir='ltr'><strong>μετά</strong></span> <span class='ocrx_word' id='word_1_762' title='bbox 3583 4864 3678 4917; x_wconf 74' lang='grc' dir='ltr'>τοῦ</span> 
     </span>
    </p>
   </div>
   <div class='ocr_carea' id='block_1_109' title="bbox 2090 4947 2342 5018">
    <p class='ocr_par' dir='ltr' id='par_1_109' title="bbox 2090 4947 2342 5018">
     <span class='ocr_line' id='line_1_109' title="bbox 2090 4947 2342 5018; baseline 0.008 -20"><span class='ocrx_word' id='word_1_763' title='bbox 2090 4947 2342 5018; x_wconf 79' lang='grc' dir='ltr'>στρατοῦ.</span> 
     </span>
    </p>
   </div>
   <div class='ocr_carea' id='block_1_110' title="bbox 2161 5034 3744 5118">
    <p class='ocr_par' dir='ltr' id='par_1_110' title="bbox 2161 5034 3744 5118">
     <span class='ocr_line' id='line_1_110' title="bbox 2161 5034 3744 5118; baseline 0.006 -25"><span class='ocrx_word' id='word_1_764' title='bbox 2161 5041 2268 5110; x_wconf 56' lang='grc' dir='ltr'><strong>μζ.</strong></span> <span class='ocrx_word' id='word_1_765' title='bbox 2299 5042 2428 5095; x_wconf 84' lang='grc' dir='ltr'>Τότε</span> <span class='ocrx_word' id='word_1_766' title='bbox 2471 5044 2598 5113; x_wconf 80' lang='grc' dir='ltr'>γάρ,</span> <span class='ocrx_word' id='word_1_767' title='bbox 2635 5045 2729 5096; x_wconf 67' lang='grc' dir='ltr'>ἐὰν</span> <span class='ocrx_word' id='word_1_768' title='bbox 2771 5046 2862 5098; x_wconf 80' lang='grc' dir='ltr'>καὶ</span> <span class='ocrx_word' id='word_1_769' title='bbox 2901 5046 3128 5116; x_wconf 76' lang='grc' dir='ltr'>γένηται</span> <span class='ocrx_word' id='word_1_770' title='bbox 3160 5049 3348 5118; x_wconf 77' lang='grc' dir='ltr'>καιρὸς</span> <span class='ocrx_word' id='word_1_771' title='bbox 3383 5047 3677 5111; x_wconf 82' lang='grc' dir='ltr'>ἀπλίκτου,</span> <span class='ocrx_word' id='word_1_772' title='bbox 3735 5034 3744 5054; x_wconf 70' lang='grc'><strong>’</strong></span> 
     </span>
    </p>
   </div>
   <div class='ocr_carea' id='block_1_111' title="bbox 2086 5133 3680 5208">
    <p class='ocr_par' dir='ltr' id='par_1_111' title="bbox 2086 5133 3680 5208">
     <span class='ocr_line' id='line_1_111' title="bbox 2086 5133 3680 5208; baseline 0.002 -21"><span class='ocrx_word' id='word_1_773' title='bbox 2086 5133 2180 5187; x_wconf 77' lang='grc' dir='ltr'>τοῦ</span> <span class='ocrx_word' id='word_1_774' title='bbox 2237 5134 2551 5206; x_wconf 79' lang='grc' dir='ltr'>ὀρύγματος</span> <span class='ocrx_word' id='word_1_775' title='bbox 2608 5137 2750 5190; x_wconf 87' lang='grc' dir='ltr'><strong>κατά</strong></span> <span class='ocrx_word' id='word_1_776' title='bbox 2787 5138 2846 5190; x_wconf 77' lang='grc' dir='ltr'>τὸ</span> <span class='ocrx_word' id='word_1_777' title='bbox 2874 5137 2991 5191; x_wconf 81' lang='grc' dir='ltr'>δέον</span> <span class='ocrx_word' id='word_1_778' title='bbox 3042 5139 3358 5208; x_wconf 84' lang='grc' dir='ltr'>γενομένου,</span> <span class='ocrx_word' id='word_1_779' title='bbox 3415 5139 3507 5192; x_wconf 83' lang='grc' dir='ltr'><strong>καὶ</strong></span> <span class='ocrx_word' id='word_1_780' title='bbox 3569 5138 3680 5192; x_wconf 85' lang='grc' dir='ltr'><strong>τῶν</strong></span> 
     </span>
    </p>
   </div>
   <div class='ocr_carea' id='block_1_112' title="bbox 2089 5226 3682 5302">
    <p class='ocr_par' dir='ltr' id='par_1_112' title="bbox 2089 5226 3682 5302">
     <span class='ocr_line' id='line_1_112' title="bbox 2089 5226 3682 5302; baseline 0.008 -29"><span class='ocrx_word' id='word_1_781' title='bbox 2089 5226 2352 5292; x_wconf 74' lang='grc' dir='ltr'>τριϐόλων</span> <span class='ocrx_word' id='word_1_782' title='bbox 2423 5229 2838 5299; x_wconf 86' lang='grc' dir='ltr'>ἀποτιθεμένων</span> <span class='ocrx_word' id='word_1_783' title='bbox 2879 5270 2894 5296; x_wconf 92' lang='grc'><strong>,</strong></span> <span class='ocrx_word' id='word_1_784' title='bbox 2954 5231 2986 5300; x_wconf 81' lang='grc' dir='ltr'>ἢ</span> <span class='ocrx_word' id='word_1_785' title='bbox 3036 5230 3324 5300; x_wconf 79' lang='grc' dir='ltr'>οἰκοδομῆς</span> <span class='ocrx_word' id='word_1_786' title='bbox 3383 5231 3682 5302; x_wconf 82' lang='grc' dir='ltr'>γενομένης</span> 
     </span>
    </p>
   </div>
   <div class='ocr_carea' id='block_1_113' title="bbox 2087 5318 3681 5395">
    <p class='ocr_par' dir='ltr' id='par_1_113' title="bbox 2087 5318 3681 5395">
     <span class='ocr_line' id='line_1_113' title="bbox 2087 5318 3681 5395; baseline 0.003 -23"><span class='ocrx_word' id='word_1_787' title='bbox 2087 5318 2312 5382; x_wconf 69' lang='grc' dir='ltr'>ἔσωθεν,</span> <span class='ocrx_word' id='word_1_788' title='bbox 2347 5319 2379 5390; x_wconf 83' lang='grc' dir='ltr'>ἦ</span> <span class='ocrx_word' id='word_1_789' title='bbox 2412 5321 2653 5391; x_wconf 79' lang='grc' dir='ltr'>χάρακος</span> <span class='ocrx_word' id='word_1_790' title='bbox 2680 5323 2787 5375; x_wconf 80' lang='grc' dir='ltr'>ἀπὸ</span> <span class='ocrx_word' id='word_1_791' title='bbox 2813 5322 2985 5387; x_wconf 80' lang='grc' dir='ltr'>ξύλων</span> <span class='ocrx_word' id='word_1_792' title='bbox 3003 5323 3382 5395; x_wconf 84' lang='grc' dir='ltr'>πηγνυμένου,</span> <span class='ocrx_word' id='word_1_793' title='bbox 3419 5324 3681 5393; x_wconf 78' lang='grc' dir='ltr'>τοιαύτην</span> 
     </span>
    </p>
   </div>
   <div class='ocr_carea' id='block_1_114' title="bbox 2090 5412 3682 5488">
    <p class='ocr_par' dir='ltr' id='par_1_114' title="bbox 2090 5412 3682 5488">
     <span class='ocr_line' id='line_1_114' title="bbox 2090 5412 3682 5488; baseline 0.002 -21"><span class='ocrx_word' id='word_1_794' title='bbox 2090 5412 2391 5482; x_wconf 74' lang='grc' dir='ltr'>ἀσφάλειαν</span> <span class='ocrx_word' id='word_1_795' title='bbox 2436 5415 2581 5484; x_wconf 78' lang='grc' dir='ltr'>ἔχειν</span> <span class='ocrx_word' id='word_1_796' title='bbox 2612 5416 2672 5468; x_wconf 85' lang='grc' dir='ltr'><strong>τὸ</strong></span> <span class='ocrx_word' id='word_1_797' title='bbox 2706 5418 2995 5485; x_wconf 84' lang='grc' dir='ltr'>φοσσάτον,</span> <span class='ocrx_word' id='word_1_798' title='bbox 3027 5418 3092 5487; x_wconf 79' lang='grc' dir='ltr'>ἣν</span> <span class='ocrx_word' id='word_1_799' title='bbox 3120 5418 3323 5485; x_wconf 71' lang='grc' dir='ltr'>ὀφείλει</span> <span class='ocrx_word' id='word_1_800' title='bbox 3360 5416 3504 5487; x_wconf 81' lang='grc' dir='ltr'>ἔχειν</span> <span class='ocrx_word' id='word_1_801' title='bbox 3541 5420 3682 5488; x_wconf 78' lang='grc' dir='ltr'><strong>μετά</strong></span> 
     </span>
    </p>
   </div>
   <div class='ocr_carea' id='block_1_115' title="bbox 2091 5507 3682 5582">
    <p class='ocr_par' dir='ltr' id='par_1_115' title="bbox 2091 5507 3682 5582">
     <span class='ocr_line' id='line_1_115' title="bbox 2091 5507 3682 5582; baseline 0.003 -24"><span class='ocrx_word' id='word_1_802' title='bbox 2091 5507 2186 5559; x_wconf 83' lang='grc' dir='ltr'>τοῦ</span> <span class='ocrx_word' id='word_1_803' title='bbox 2237 5509 2505 5579; x_wconf 78' lang='grc' dir='ltr'>καραγοῦ.</span> <span class='ocrx_word' id='word_1_804' title='bbox 2580 5511 2841 5582; x_wconf 75' lang='grc' dir='ltr'>Καραγὸν</span> <span class='ocrx_word' id='word_1_805' title='bbox 2868 5511 2924 5564; x_wconf 79' lang='grc' dir='ltr'>δὲ</span> <span class='ocrx_word' id='word_1_806' title='bbox 2953 5511 3182 5581; x_wconf 83' lang='grc' dir='ltr'>λέγομεν</span> <span class='ocrx_word' id='word_1_807' title='bbox 3205 5511 3304 5574; x_wconf 81' lang='grc' dir='ltr'><strong>τὰς</strong></span> <span class='ocrx_word' id='word_1_808' title='bbox 3341 5509 3558 5581; x_wconf 81' lang='grc' dir='ltr'>ἀμάξας</span> <span class='ocrx_word' id='word_1_809' title='bbox 3589 5515 3682 5564; x_wconf 76' lang='grc' dir='ltr'><strong>καὶ</strong></span> 
     </span>
    </p>
   </div>
   <div class='ocr_carea' id='block_1_116' title="bbox 2093 5598 3393 5675">
    <p class='ocr_par' dir='ltr' id='par_1_116' title="bbox 2093 5598 3393 5675">
     <span class='ocr_line' id='line_1_116' title="bbox 2093 5598 3393 5675; baseline 0.005 -25"><span class='ocrx_word' id='word_1_810' title='bbox 2093 5598 2182 5650; x_wconf 80' lang='grc' dir='ltr'><strong>τὸν</strong></span> <span class='ocrx_word' id='word_1_811' title='bbox 2212 5599 2281 5652; x_wconf 85' lang='grc' dir='ltr'>δι’</span> <span class='ocrx_word' id='word_1_812' title='bbox 2311 5601 2493 5654; x_wconf 77' lang='grc' dir='ltr'>αὐτῶν</span> <span class='ocrx_word' id='word_1_813' title='bbox 2517 5604 2932 5675; x_wconf 85' lang='grc' dir='ltr'>περιτειχισμὸν</span> <span class='ocrx_word' id='word_1_814' title='bbox 2966 5603 3060 5658; x_wconf 86' lang='grc' dir='ltr'>τοῦ</span> <span class='ocrx_word' id='word_1_815' title='bbox 3099 5608 3393 5673; x_wconf 83' lang='grc' dir='ltr'>φοσσάτου.</span> 
     </span>
    </p>
   </div>
   <div class='ocr_carea' id='block_1_117' title="bbox 2173 5690 3685 5769">
    <p class='ocr_par' dir='ltr' id='par_1_117' title="bbox 2173 5690 3685 5769">
     <span class='ocr_line' id='line_1_117' title="bbox 2173 5690 3685 5769; baseline 0.001 -21"><span class='ocrx_word' id='word_1_816' title='bbox 2173 5690 2282 5761; x_wconf 60' lang='lat' dir='ltr'><strong>un’.</strong></span> <span class='ocrx_word' id='word_1_817' title='bbox 2326 5693 2452 5747; x_wconf 71' lang='lat' dir='ltr'><strong>’I&#39;Iiw</strong></span> <span class='ocrx_word' id='word_1_818' title='bbox 2487 5694 2541 5747; x_wconf 83' lang='grc' dir='ltr'>δὲ</span> <span class='ocrx_word' id='word_1_819' title='bbox 2575 5695 2712 5766; x_wconf 84' lang='grc' dir='ltr'>τύχῃ</span> <span class='ocrx_word' id='word_1_820' title='bbox 2742 5695 2880 5750; x_wconf 81' lang='grc' dir='ltr'>ὥστε</span> <span class='ocrx_word' id='word_1_821' title='bbox 2920 5698 3044 5760; x_wconf 77' lang='grc' dir='ltr'>τοὺς</span> <span class='ocrx_word' id='word_1_822' title='bbox 3077 5696 3477 5769; x_wconf 77' lang='grc' dir='ltr'>καϐαλλαρίους</span> <span class='ocrx_word' id='word_1_823' title='bbox 3499 5696 3685 5750; x_wconf 72' lang='grc' dir='ltr'>πλείοσι</span> 
     </span>
    </p>
   </div>
  </div>
