4022 6436
313 292 421 358 8θὸ

1407 298 1740 360 TACTICA.
1765 322 1834 336 -
1877 298 2377 360 CONSTITUTIO
2409 299 2546 358 XII.

3481 291 3587 359 F06

313 423 412 468 νας
469 404 630 470 εἶναι,
682 403 895 473 ὀλίγους
931 406 986 460 δε
1016 407 1142 470 τοὺς
1179 405 1398 472 πεζοὺς,
1429 410 1526 462 καὶ
1555 409 1729 474 οὕτως
1756 410 1884 480 δόξῃ

2003 411 2198 468 sedites
2260 412 2396 475 sint,
2451 410 2844 477 decretumque
2902 406 3062 460 fuerit
3109 407 3292 461 omnia
3350 407 3586 477 impedi-

317 499 459 552 ὥστε
496 499 676 568 μεῖναι
699 498 762 551 τὸ
795 498 1010 552 τοῦλδον
1044 501 1101 553 ἐν
1135 499 1213 569 τῷ
1263 502 1535 573 φοσσάτῳ,
1574 502 1646 573 μὴ
1691 503 1897 566 πάντας

317 593 446 654 τοὺς
499 589 698 655 πεζοὺς
756 590 1008 645 ἵστασθαι
1045 591 1247 645 ἔσωθεν
1287 592 1379 646 τοῦ
1428 594 1732 662 φοσσάτου,
1763 594 1898 648 ἀλλὰ

313 683 468 746 τινὰς
494 683 592 752 μὲν
623 682 680 735 ἐν
715 683 863 752 αὐτῷ
888 682 964 752 τῷ
1020 685 1274 755 φοσσάτῳ
1311 686 1777 756 παραφυλάττειν,
1815 705 1896 741 τι-

315 775 411 836 νας
435 774 490 828 δὲ
521 773 832 844 ἔμπροσθεν
885 775 994 828 τῶν
1041 776 1256 846 πορτῶν
1297 780 1392 829 καὶ
1415 777 1525 831 τῶν
1567 780 1896 849 ὀρυγμάτων

313 865 406 920 τοῦ
437 867 704 932 φοσσάτου
741 867 798 919 ἐν
826 865 974 930 τάξει
1009 866 1279 922 ἵστασθαι.
1316 869 1432 922 Ἵνα
1456 870 1550 923 ἐὰν
1574 872 1755 942 συμϐῇ
1787 873 1896 926 τῶν

314 957 700 1029 καὸαλλαρίων
768 960 978 1029 τροπὴν
1028 960 1323 1027 γενέσθαι,
1375 963 1470 1014 καὶ
1532 963 1608 1034 μὴ
1657 963 1896 1017 σύνεισιν

314 1047 491 1111 πεζοὶ,
557 1047 712 1100 αὐτοὶ
742 1047 1020 1117 δεχόμενοι
1071 1050 1267 1113 αὐτοὺς
1308 1051 1540 1122 δύναμιν
1592 1054 1687 1108 καὶ
1712 1054 1897 1109 ἄδειαν

314 1139 500 1202 αὐτοῖς
560 1139 848 1210 διδόασινῆ
877 1142 1295 1212 ἀναστραφῆναι
1338 1145 1478 1198 κατὰ
1511 1144 1620 1198 τῶν
1662 1146 1892 1217 ἐχθρῶν,

311 1231 660 1302 ἢεὺτάκτως
699 1233 1029 1302 ἐπέρχεσθαι
1091 1235 1171 1298 είς
1220 1236 1281 1288 τὸ
1325 1237 1614 1306 φοσσάτον,
1677 1240 1772 1292 καὶ
1819 1240 1896 1309 μὴ

313 1322 764 1393 στενοχωρεῖσθαι
821 1326 901 1388 εἰς
957 1325 1057 1386 τὰς
1111 1325 1316 1396 πόρτας
1348 1328 1403 1379 ἐν
1441 1330 1505 1398 τῇ
1555 1329 1744 1400 εἰσόδῳ
1801 1331 1894 1398 καὶ

315 1414 663 1469 κινδυνεύειν.

387 1501 495 1572 μο’.
527 1503 665 1568 Τοὺς
693 1504 759 1583 ’δὲ
779 1505 1042 1576 ἄρχοντας
1077 1506 1184 1561 τῶν
1211 1509 1314 1562 ὑπὸ
1341 1511 1398 1563 σὲ
1448 1513 1747 1582 ταγμάτων
1776 1512 1897 1566 ’δέον

315 1611 396 1647 σοι
439 1596 863 1666 παραγγέλλειν,
887 1598 974 1652 ἵνα
1001 1599 1288 1667 διάγνωσιν
1321 1601 1566 1656 ποιοῦσιν
1589 1605 1645 1656 ἐν
1671 1605 1747 1676 τῷ
1776 1625 1898 1660 και.

313 1687 395 1759 ρῷ
419 1687 512 1741 τοῦ
540 1692 973 1762 παραχειμαδίου
993 1694 1086 1747 καὶ
1113 1695 1200 1751 διὰ
1217 1696 1326 1750 τῶν
1356 1700 1721 1771 τουρμαρχῶν
1737 1702 1897 1772 δηλοο

315 1783 512 1847 ποιεῖν,
545 1782 729 1836 πόσων
756 1784 936 1838 ἵππων
965 1789 1060 1841 καὶ
1088 1788 1258 1842 ποίων
1280 1789 1458 1844 ὅπλων
1481 1792 1690 1848 δέονται
1723 1795 1774 1848 οἱ
1804 1795 1894 1848 ὑπ’

311 1873 496 1937 αὐτοῖς
530 1875 850 1946 τεταγμένοι
881 1879 1232 1947 στρατιῶται,
1257 1881 1346 1936 ἵνα
1379 1883 1693 1951 ἀναγκαίως
1719 1905 1896 1958 παραρ

318 1968 592 2040 σκευάζῃς
621 1968 679 2020 ἐν
721 1967 797 2040 τῷ
821 1969 996 2022 δέοντι
1027 1971 1206 2043 καιρῷ
1254 1973 1428 2028 ταῦτα
1455 1976 1893 2048 εὐτρεπίζεσθαι,

315 2061 409 2114 καὶ
471 2061 937 2131 ἐπιλαμϐάνεσθαι
994 2066 1134 2120 αὐτά
1192 2070 1317 2131 τοὺς
1363 2071 1725 2140 στρατιώτας.
1788 2077 1896 2129 Καὶ

313 2153 552 2223 μάλιστα
598 2154 699 2222 τῆς
755 2153 961 2220 τοξείας
1015 2158 1376 2231 ἐπιμεληθῇς,
1417 2161 1556 2215 ὥστε
1591 2164 1641 2216 εί
1673 2166 1895 2222 δυνατὸν

311 2246 406 2300 καὶ
449 2246 576 2308 τοὺς
635 2247 1034 2316 ἀστρατεύτους
1058 2251 1113 2302 ἐν
1142 2253 1251 2313 τοῖς
1302 2252 1472 2316 οἴκοις
1530 2256 1893 2328 ἐπιφέρεσθαι

311 2335 458 2402 τόξα.
499 2335 565 2388 Ἢ
594 2335 702 2407 γὰρ
734 2336 924 2390 τούτου
951 2338 1043 2391 τοῦ
1077 2341 1376 2407 κεφαλαίου
1429 2343 1660 2412 ἀμέλεια
1691 2348 1894 2418 πολλὴν

315 2425 514 2496 βλάϐην
567 2427 662 2480 καὶ
696 2427 959 2498 ἀμέλειαν
1005 2429 1081 2498 τῷ
1133 2430 1362 2485 καθόλου
1403 2433 1696 2507 Ῥιιὶμαῖκῷ
1724 2456 1892 2509 στρα-

310 2515 535 2586 τεύματι
589 2517 923 2587 ἐνεποίησεν,
972 2518 1047 2584 ὣς
1074 2538 1166 2589 μοι
1216 2522 1310 2574 καὶ
1362 2523 1474 2577 ἄνω
1523 2541 1624 2578 που
1657 2528 1891 2596 εἴρηται.

307 2606 558 2660 Τοσαῦτα
614 2609 712 2678 μὲν
741 2603 834 2662 οὖν
869 2610 963 2664 καὶ
992 2610 1121 2681 περὶ
1160 2611 1442 2666 ἀπλίκτων
1478 2616 1610 2686 ἡμῖν
1634 2617 1890 2690 εἰρήσθω·

319 2697 633 2751 Ἀκόλουθον
667 2699 722 2751 δέ
746 2701 892 2753 ἐστιν
947 2701 1055 2754 καὶ.
1081 2703 1208 2772 περὶ
1264 2702 1364 2772 τῆς
1419 2705 1498 2768 είς
1522 2707 1613 2759 τὸν
1659 2709 1895 2780 πόλεμον

307 2793 792 2862 προπαρασκευῆς,
816 2794 935 2864 ἦτοι
968 2795 1076 2866 πρὸ
1106 2798 1235 2866 μιᾶς
1257 2797 1288 2868 ἢ
1311 2796 1404 2850 δύο
1423 2799 1666 2870 ἡμερῶν,
1700 2804 1897 2858 πολλά-

305 2896 393 2944 κις
416 2880 473 2934 δὲ
501 2882 593 2934 καὶ
627 2883 734 2953 πρὸ
755 2884 1036 2950 πλειόνων,
1066 2886 1142 2949 ὡς
1173 2887 1416 2954 ἀπαιτεῖ,
1460 2888 1782 2957 ὀφειλούσης
1811 2897 1894 2964 γε..

1997 515 2178 560 menta
2219 505 2272 558 in
2304 504 2511 559 fossato
2538 510 2596 556 ut
2636 509 3014 571 permaneant,
3060 502 3210 554 nullo
3241 501 3403 555 modo
3440 503 3588 572 pedi-

1998 608 2078 653 tes
2110 596 2350 652 universi
2387 596 2530 649 intra
2561 593 2826 649 fossatum
2864 609 2922 648 se
2959 594 3293 659 contineant,
3331 594 3425 649 sed
3461 595 3585 664 qui-

1998 687 2124 742 dam
2156 688 2304 740 intus
2337 685 2602 739 fossatum
2641 683 2982 748 custodiant,
3027 684 3250 754 quidam
3293 684 3426 740 foris
3458 696 3588 742 ante

1998 787 2187 848 portas
2239 787 2292 831 et
2335 778 2510 832 fossas
2552 783 2858 829 castrorum
2905 776 3156 830 instructi
3208 784 3391 841 stent,
3449 787 3506 830 ut
3537 777 3586 833 si

1998 869 2278 938 contingat
2301 868 2548 937 equitum
2573 865 2756 938 fugam
2790 867 2925 932 fieri,
2951 866 3160 936 pedites
3188 867 3334 922 domi
3363 867 3584 922 illorum

1998 959 2184 1028 copias
2233 959 2520 1028 recipiant,
2558 967 2611 1013 et
2645 960 2995 1013 securitatem
3023 959 3261 1029 aliquam
3304 959 3414 1014 illis
3453 959 3584 1013 aﬂ‘eo

1997 1060 2143 1115 rant,
2179 1052 2262 1105 vel
2294 1060 2353 1104 ut
2382 1053 2644 1107 adversus
2682 1052 2866 1107 hostes
2902 1052 3099 1106 iterum
3133 1065 3194 1107 se
3224 1061 3462 1117 vertant,
3494 1051 3581 1105 vel

2000 1144 2248 1199 ordinate
2277 1144 2330 1197 in
2359 1153 2534 1199 castra
2563 1144 2870 1207 discedant,
2897 1159 3075 1213 neque
3099 1144 3152 1198 in
3178 1145 3426 1214 ingressu
3454 1158 3584 1219 por-

2000 1245 2178 1292 tarum
2214 1236 2590 1306 periclitentur
2617 1248 2708 1292 aut
2737 1236 3065 1306 afﬂigantur.

2070 1514 2159 1569 49.
2195 1511 2470 1567 l'rzefecti‘s
2494 1509 2599 1565 tuis
2629 1511 2731 1564 hoc
2764 1506 2992 1562 omnino
3022 1504 3446 1577 praecipiendum
3477 1513 3584 1568 est,

2002 1615 2060 1662 ut
2081 1608 2146 1662 de
2181 1605 2424 1660 hibernis
2453 1601 2816 1674 procurandis
2845 1599 3092 1655 nonnihil
3119 1599 3392 1660 laborent,
3417 1606 3584 1666 quot—

2001 1716 2107 1772 que
2140 1709 2194 1754 et
2231 1699 2430 1769 quibus
2464 1697 2622 1766 equis
2656 1678 2752 1750 aut
2795 1693 2964 1749 armis
3005 1692 3204 1746 milites
3239 1690 3325 1745 sui
3367 1699 3581 1760 egeant,

2001 1810 2097 1864 per
2127 1791 2472 1848 turmarchas
2500 1789 2597 1844 tibi
2622 1786 2982 1858 significetur,
3023 1793 3082 1839 ut
3117 1784 3314 1838 idoneo
3340 1790 3584 1850 tempore

1997 1896 2052 1941 et
2096 1895 2152 1939 tu
2195 1886 2308 1939 haec
2348 1896 2651 1953 prmpares,
2695 1890 2750 1935 et
2779 1877 2985 1933 milites
3019 1876 3303 1943 rccipiunt.
3349 1873 3616 1952 Maxime

1997 1987 2177 2032 autem
2220 1976 2299 2030 rei
2350 1973 2643 2044 sagittaria:
2695 1981 2748 2025 et
2781 1968 3201 2038 diligentissime
3239 1963 3578 2034 providebis.

1998 2077 2059 2123 ut
2102 2066 2195 2136 qui
2241 2065 2384 2119 domi
2424 2065 2694 2117 immunes
2737 2076 2767 2114 a
2810 2059 3002 2113 militia
3053 2055 3290 2119 fuerint,
3327 2069 3491 2108 arcus
3528 2061 3588 2105 et

1997 2173 2149 2214 arma
2203 2155 2484 2223 sagittaria
2538 2159 2750 2222 parent.
2802 2150 2929 2204 Haec
2966 2147 3111 2201 enim
3161 2161 3268 2200 una
3316 2160 3404 2200 res
3446 2158 3583 2198 con-

1997 2259 2225 2319 tempta,
2259 2247 2419 2302 sicuti
2465 2259 2630 2314 supra
2670 2242 2912 2299 diximus
2969 2253 3296 2310 permagnas
3326 2238 3584 2291 universo

2000 2341 2262 2398 exercitui
2298 2339 2540 2393 Romano
2562 2335 2894 2391 offensiones
2926 2334 3128 2387 attulit.
3159 2332 3336 2401 Atque
3364 2329 3480 2383 haec
3517 2328 3583 2383 de

2002 2434 2214 2503 aplictis
2246 2433 2360 2487 sive
2384 2430 2582 2486 castris
2612 2444 2640 2482 a
2672 2427 2829 2482 nobis
2862 2426 3006 2480 dicta
3041 2426 3190 2481 sint:
3225 2432 3393 2478 restat
3424 2430 3484 2475 ut
3515 2420 3585 2473 de

2001 2524 2398 2596 praeparatione
2439 2521 2506 2574 ad
2555 2519 2787 2582 bellum,
2829 2526 2954 2571 ante
2997 2531 3167 2570 unum
3215 2523 3308 2567 aut
3350 2514 3583 2567 alterum

2003 2619 2169 2679 diem,
2197 2624 2293 2669 aut
2325 2613 2510 2682 plures
2553 2610 2738 2675 etiam,
2766 2605 3228 2677 quemadmodum
3259 2601 3585 2672 opportuni-

2003 2721 2085 2766 tas
2114 2710 2164 2763 id
2210 2707 2367 2772 feret,
2407 2705 2518 2774 jam
2557 2718 2702 2756 nunc
2732 2699 3138 2771 prmeipiamus,
3172 2713 3311 2768 quas
3340 2712 3429 2750 res
3459 2711 3587 2749 sus-

1999 2804 2201 2872 cipere.
2235 2815 2264 2853 a
2295 2797 2495 2866 quibus
2525 2793 2802 2849 abstinere
2830 2793 3048 2856 debeas,
3077 2800 3131 2845 et
3161 2804 3282 2857 quae
3311 2786 3585 2857 praefectis

2000 2898 2110 2952 tuis
2148 2893 2523 2961 militibusque
2546 2886 2909 2958 praecipienda
2939 2884 3070 2940 sint.

304 2971 512 3037 ’θεσθαιν
559 2973 656 3045 ἤδη
691 2992 772 3029 σοι
819 2976 1200 3044 διατάξασθαι,
1252 2980 1351 3032 ὅσα
1375 2997 1432 3033 τε
1462 2984 1636 3036 ποιεῖν
1669 2983 1872 3041 δεῖκαὶ
1911 2991 2052 3044 ὅσων
2087 2983 2413 3056 ἀπέχεσθαι,
2438 2983 2532 3035 καὶ
2560 2982 2665 3035 ὅσα
2680 2979 2790 3043 τοῖς
2840 2975 3202 3048 στρατιώταις
3269 2972 3583 3044 παραγγέλ-

304 3065 419 3120 λειν
443 3085 502 3120 σε
529 3069 736 3138 πρέπον
762 3059 928 3127 ἐστίν.

873 3168 1190 3223 ΔΙΑΤΑΞΙΣ
1219 3169 1318 3225 1Β’.

587 3244 727 3323 Περὶ
773 3260 1284 3330 προπαρασκευῆς
1323 3265 1610 3335 πολέμου.

315 3419 320 3424 1
375 3343 444 3399 α’.
482 3346 650 3399 Ὅταν
703 3348 802 3417 μὲν
827 3347 918 3402 οὖν
960 3353 1154 3421 καιρὸς
1188 3355 1429 3425 πολέμου
1468 3359 1750 3424 ἐλπίζεταί
1783 3379 1890 3428 σοι,

307 3430 353 3491 ὧ
382 3438 679 3508 στρατηγέ,
721 3441 815 3493 καὶ
861 3442 954 3495 τὸν
982 3443 1082 3513 ἤδη
1113 3449 1608 3517 προγυμνασθέντα
1661 3455 1893 3524 στρατὸν

309 3532 661 3603 ἐπισυνάξῃς,
694 3533 856 3587 καλόν
911 3537 1058 3588 ἐστιν
1093 3537 1178 3590 ἵνα
1240 3539 1312 3610 μὴ
1365 3541 1582 3597 ἅπαντα
1620 3546 1755 3614 ὁμοῦ
1815 3547 1893 3610 είς

314 3619 441 3688 μίαν
495 3623 760 3694 ἐπιτάττῃς
797 3626 1126 3696 παράταξιν,
1163 3630 1255 3682 καὶ
1293 3630 1529 3700 μάλιστα
1563 3637 1728 3689 πολὺν
1761 3637 1891 3691 ὄντα

309 3714 403 3766 καὶ
463 3714 668 3780 ἱκανὸν,
705 3716 797 3768 καὶ
822 3717 909 3770 διὰ
958 3719 1052 3772 τοῦ
1085 3722 1316 3792 ἀκαίρου
1354 3723 1587 3793 πλήθους
1659 3729 1894 3801 συγχέῃς

306 3805 405 3874 τὴν
469 3806 724 3871 εὐταξίαν
750 3810 846 3879 τῆς
893 3813 1276 3882 παρατάξεως,
1313 3815 1388 3879 ὡς
1415 3817 1488 3886 μὴ
1510 3818 1770 3872 δύνασθαι
1803 3821 1891 3874 διὰ

308 3896 369 3948 τὸ
401 3898 632 3966 μέγεθος
661 3902 754 3952 καὶ
785 3903 988 3972 πλῆθος
1012 3905 1192 3968 καλῶς
1222 3908 1507 3962 πείθεσθαι
1543 3911 1712 3982 αὐτὴν
1753 3913 1892 3982 πρὸς

309 3989 378 4040 τὰ
408 3989 762 4061 κελευόμενα,
799 3995 933 4048 ἀλλά
958 3997 1049 4049 τὸν
1089 3999 1348 4070 περισσὸν
1382 4002 1612 4071 στρατὸν
1642 4003 1893 4075 διαμέριο

313 4095 424 4141 σον,
463 4083 558 4135 καί
582 4084 808 4154 ποίησον
839 4089 932 4140 καὶ
961 4088 1219 4157 δευτέραν
1261 4093 1588 4163 παράταξιν.
1893 4075 1897 4079 ’

385 4171 448 4241 β’.
474 4174 644 4228 Ὅταν
693 4177 799 4249 γάρ
830 4177 1065 4249 δημοσία
1098 4182 1266 4254 μέλλῃ
1298 4185 1679 4256 καϐαλλαρίων
1717 4189 1886 4260 μάχη,

313 4264 408 4316 καὶ
441 4265 522 4326 είς
554 4267 683 4334 μίαν
719 4270 888 4339 μόνην
916 4276 1244 4344 παραταγήν
1275 4292 1359 4338 τις
1388 4278 1478 4330 τὸν
1513 4277 1631 4331 ὅλον
1663 4283 1891 4353 στρατὸν

313 4361 432 4412 κατ’
491 4360 613 4429 ὅςνιν
661 4363 769 4415 τῶν
820 4365 1093 4435 πολεμίων
1119 4369 1470 4441 παρατάσσῃ,
1514 4373 1606 4425 καὶ
1643 4375 1716 4442 μὴ
1756 4376 1892 4429 ἀπο-

317 4450 488 4524 ϐλέπῃ
522 4453 656 4523 πρὸς
690 4455 938 4510 ἐναντίαν
980 4457 1172 4529 τύχην,
1221 4462 1352 4530 μηδὲ
1379 4463 1580 4534 μελετᾷ
1610 4465 1885 4534 βλέπεται,

2481 3159 2946 3223 CONSTITUTIO
2989 3159 3105 3215 ΧΙΙ.

2370 3261 2440 3314 De
2473 3259 2864 3330 prwparmione
2893 3256 2962 3309 ad
2998 3254 3211 3310 bellum.

2070 3359 2120 3412 l.
2150 3354 2280 3409 Brlli
2307 3363 2547 3420 tempore
2570 3351 2684 3417 jam
2709 3347 3048 3408 imminente,
3075 3345 3392 3399 universum
3420 3357 3579 3398 exer-

1997 3451 2164 3506 citum
2206 3461 2373 3500 unum
2415 3443 2466 3496 in
2506 3441 2685 3494 locum
2727 3451 2889 3508 coges
2923 3456 2936 3488 ;
2967 3449 3076 3488 non
3109 3443 3287 3489 tamen
3328 3434 3378 3487 in
3417 3447 3582 3488 unam

1996 3540 2166 3593 aciem
2192 3549 2383 3590 omnes
2404 3531 2594 3602 copias
2621 3538 2765 3593 tuas,
2801 3528 2847 3581 si
2881 3526 3068 3580 multa:
3093 3527 3440 3595 cepiosazque
3461 3524 3579 3580 fue-

1995 3631 2124 3694 rint,
2191 3627 2452 3689 instrues,
2499 3637 2568 3676 ne
2628 3627 2846 3690 propter
2897 3619 3111 3673 numeri
3175 3616 3583 3674 multitudinem

1996 3721 2163 3776 aciem
2188 3717 2524 3789 perturbent,
2557 3724 2610 3770 et
2637 3721 2855 3783 propter
2873 3719 3084 3766 vastam
3103 3711 3223 3780 ejus
3249 3710 3582 3780 magnitudi-

1995 3827 2116 3867 nem
2141 3810 2321 3864 minus
2333 3806 2555 3863 obedire
2575 3804 2851 3874 imperatis
2871 3802 2978 3856 tuis
2999 3801 3209 3871 possint
3234 3819 3248 3854 :
3273 3801 3372 3855 sed
3393 3815 3583 3870 super-

1995 3919 2290 3960 vacaneum
2330 3912 2614 3954 numerum
2649 3895 2849 3959 divide,
2895 3903 2948 3948 et
2976 3893 3272 3948 secundam
3309 3893 3481 3948 aciem
3513 3907 3580 3946 ex

1994 4013 2059 4051 eo
2084 3996 2314 4050 instrue.

2067 4177 2122 4229 ἓ.
2158 4173 2260 4241 Qui
2302 4172 2448 4226 enim
2479 4168 2747 4224 universis
2785 4167 3030 4238 equitum
3068 4166 3238 4236 ropiis
3271 4175 3495 4236 pugnat,
3527 4177 3582 4221 et

1995 4284 2158 4324 unam
2203 4268 2257 4321 in
2294 4266 2466 4321 aciem
2505 4264 2765 4318 adversus
2810 4262 2996 4316 hostes
3027 4276 3246 4316 omnem
3277 4259 3579 4314 exercitum

1993 4360 2224 4423 confert,
2254 4372 2430 4427 neque
2475 4357 2527 4410 in
2557 4356 2818 4409 adversos
2850 4353 2974 4408 belli
3007 4362 3171 4423 atque
3203 4352 3470 4422 ancipites
3491 4366 3583 4406 ea-

1994 4469 2089 4509 sus
2122 4453 2383 4515 intuetur,
2429 4463 2606 4518 neque
2647 4455 2904 4516 procurat
2953 4445 3414 4514 quemadmodmn
3456 4444 3580 4498 aliis

315 4543 482 4613 ῆγουν
530 4545 712 4598 καὶδι⁹
761 4547 956 4616 ἑτέρας
1011 4551 1390 4619 παρατάξεως,
1451 4549 1724 4619 οὗτοςμῦς
1765 4558 1888 4628 ἐμοὶ

2003 4542 2184 4613 mpiis,
2227 4541 2273 4596 si
2315 4539 2443 4609 quid
2480 4539 2726 4602 accidat,
2771 4552 3014 4606 pugnare
3043 4551 3165 4590 cum
3202 4535 3356 4591 hoste
3386 4535 3580 4604 possit,

314 4632 478 4698 δοκεῖ,
509 4635 650 4706 ἀνὴρ
677 4637 902 4707 ἄπειρός
929 4639 1096 4702 ἐστιν,
1135 4641 1230 4694 καὶ
1262 4643 1558 4712 προφανῶς
1595 4647 1674 4708 εἰς
1713 4646 1894 4700 κίνδυ-

313 4741 402 4777 νον
427 4727 619 4781 ἑαυτὸν
653 4730 986 4802 ἐπιρῥίπτει.

383 4813 431 4882 γ’
438 4857 451 4869 .
485 4817 594 4869 Καὶ
623 4816 731 4886 γάρ
762 4819 882 4888 οὐχὶ
910 4819 969 4872 τὸ
1000 4818 1210 4890 πλῆθος
1241 4822 1349 4875 τῶν
1384 4823 1672 4894 σωμάτων,
1707 4827 1830 4880 οὐδὲ
1861 4829 1893 4899 ἡ

316 4905 548 4970 ἄτακτος
579 4907 875 4980 θρασύτης,
909 4910 1028 4964 οὐδὲ
1060 4913 1092 4981 ἡ
1131 4911 1274 4983 ἁπλῆ
1313 4915 1588 4986 προσϐολὴ
1617 4917 1710 4970 τὸν
1734 4919 1898 4972 πόλε-

316 5017 417 5070 μον
442 5001 740 5070 κρίνουσιν,
767 5003 798 5073 ἢ
832 5003 1211 5074 κατορθοῦσιν,
1244 5004 1318 5068 ὦς
1349 5023 1496 5071 τινες
1515 5009 1622 5061 τῶν
1653 5011 1893 5079 ἀπείρων

313 5093 646 5162 νομίζουσιν,
681 5093 816 5146 ἀλλὰ
857 5096 995 5162 μετὰ
1023 5095 1156 5149 Θεξν
1207 5097 1294 5150 διά
1323 5099 1519 5169 τέχνης
1556 5101 1650 5170 καὶ
1681 5120 1884 5173 φρονη-

316 5186 502 5255 μάτων
536 5188 916 5257 στρατηγικῶν
962 5190 1099 5258 μετά
1125 5191 1222 5260 τῆς
1251 5192 1562 5262 προθυμίας
1588 5195 1681 5248 τοῦ
1730 5214 1893 5267 στρα-

313 5277 408 5330 τοῦ
438 5278 798 5349 κατορθοῦται
829 5279 858 5330 ὁ
888 5281 1142 5349 πόλεμος.

380 5368 442 5422 δ’.
462 5369 560 5421 Διὰ
585 5368 685 5439 μὲν
711 5372 1076 5440 φρονημάτων
1095 5374 1184 5425 καὶ
1215 5374 1512 5442 τροπαίων,
1532 5369 1642 5427 οἷον
1670 5377 1748 5440 εἰς
1767 5393 1890 5430 και-

316 5462 442 5533 ροὺς
464 5463 632 5533 ἦγουν
652 5463 887 5534 ἡμέρας,
923 5464 954 5534 ἦ
989 5466 1203 5529 νυκτὸς,
1241 5466 1272 5536 ἢ
1313 5467 1602 5536 χειμῶνος,
1632 5469 1664 5540 ἢ
1690 5466 1891 5531 εὐδίας,

311 5559 346 5628 ἢ
371 5555 531 5608 πάλιν
579 5558 659 5618 εἰς
707 5557 923 5622 τόπους,
947 5559 1113 5628 ἦγουν
1146 5557 1212 5610 δι’
1249 5561 1736 5630 ἑγκρυμμάτων,ἣ
1773 5577 1894 5612 στε-

311 5650 602 5716 νωμάτων,
632 5650 726 5702 καὶ
753 5649 818 5702 δι’
850 5650 1261 5720 αἰφνιδιασμοῦ,
1287 5652 1320 5722 ἢ
1350 5651 1438 5705 διὰ
1474 5651 1682 5704 πολλῶν
1716 5651 1892 5704 ἄλλων

316 5743 408 5796 καὶ
437 5741 707 5811 διασύρων
749 5741 928 5794 τόπων
955 5743 1038 5796 ἵνα
1072 5744 1288 5812 ἀπατᾷς
1315 5743 1438 5806 τοὺς
1473 5742 1722 5814 ἐχθροὺς,
1751 5743 1890 5797 ὥστε

1995 4633 2084 4686 hic
2105 4634 2188 4686 vir
2211 4630 2343 4684 mihi
2368 4630 2585 4684 videtur
2603 4628 2898 4683 admodum
2921 4629 3207 4698 imperitus
3228 4643 3408 4681 rerum
3432 4643 3574 4690 esse,

1997 4740 2050 4782 et
2077 4727 2130 4780 in
2156 4724 2507 4778 manifestum
2535 4723 2828 4777 discrimen
2872 4721 3110 4790 seipsum
3141 4719 3434 4788 conjicere.

2071 4819 2125 4871 3.
2153 4814 2340 4886 Neque
2373 4815 2520 4870 enim
2559 4829 2788 4868 nmnero
2815 4813 3122 4875 hominum,
3159 4825 3334 4880 neque
3369 4810 3578 4881 impor-

2002 4916 2131 4961 tuna
2172 4907 2432 4969 audacia,
2472 4921 2648 4975 neque
2682 4903 2796 4958 sola
2838 4901 3242 4957 conﬂictatione
3283 4900 3398 4969 ipsa
3440 4901 3578 4956 bella

2004 5000 2386 5063 conficiuntur,
2420 4998 2529 5059 ﬁsed
2570 4995 2867 5052 secundum
2911 4993 3244 5046 voluntatem
3288 4992 3420 5056 Dei,
3465 5001 3584 5046 arte.

2003 5093 2196 5149 bellica
2228 5102 2281 5146 et
2312 5089 2678 5161 imperatoriis
2705 5086 2878 5151 factis,
2903 5095 2954 5140 et
2975 5086 3223 5140 consiliis
3244 5087 3377 5140 bene
3404 5087 3578 5140 admi-

2001 5185 2285 5248 nistratis,
2326 5199 2448 5238 cum
2495 5180 2728 5250 quadam
2768 5177 3042 5233 exercitus
3086 5177 3402 5240 alacritate,
3442 5177 3578 5230 bella

2001 5291 2264 5348 prospere
2303 5273 2598 5330 succedere
2631 5272 2829 5326 solent.

2072 5371 2127 5425 4.
2160 5368 2450 5424 Prudentia
2474 5373 2654 5420 autem
2684 5379 2747 5419 ac
2783 5363 3027 5418 moribus
3052 5362 3169 5417 hrec
3201 5362 3358 5426 liunt,
3392 5372 3573 5416 tamen

1999 5477 2098 5534 pro
2128 5462 2338 5516 ratione
2377 5457 2656 5522 temporis,
2695 5465 2755 5510 ut
2784 5456 2913 5521 diei,
2949 5455 3147 5520 noctis,
3185 5455 3403 5520 hiemis,
3433 5469 3579 5508 sere-

2002 5555 2189 5610 nitatis
2216 5572 2228 5606 :
2261 5553 2345 5608 vel
2381 5567 2481 5621 pro
2512 5553 2756 5607 locorum
2792 5551 2918 5613 situ,
2949 5558 3011 5603 ut
3037 5548 3378 5608 insidiarum,
3401 5562 3578 5617 angu-

2003 5647 2266 5709 stiarum,
2307 5644 2610 5699 subitarum
2664 5642 3040 5698 ineursionum
3078 5658 3090 5694 :
3133 5640 3215 5694 vel
3256 5654 3352 5709 pro
3393 5653 3577 5692 rerum

2004 5741 2232 5795 aliarum
2279 5738 2576 5792 multarum
2618 5737 2827 5792 ratione
2857 5743 3179 5793 occurratur
3212 5730 3483 5797 hostibus,
3521 5741 3582 5786 ut
