4022 6444
409 287 514 350 8οἿ

1684 287 1963 349 LEONIS
2007 290 2471 357 PHILOSOPHI

3582 290 3689 355 808

408 406 606 470 praeter
636 409 936 450 commune
968 400 1022 448 et
1047 392 1332 463 publicum
1354 393 1576 457 bellum,
1598 395 1701 450 alia
1727 396 1794 450 ad
1826 397 1999 452 victo-

2119 405 2272 475 εωρὶς
2298 405 2563 476 δημοσίου
2606 403 2845 475 πολέμου
2868 398 3214 475 κατορθῶσαι
3244 402 3342 474 τὴν
3371 401 3528 473 νίκην
3566 398 3686 457 κατ’

411 494 550 546 riam
577 487 1019 558 consequendam
1053 485 1332 539 instituas.
1371 483 1485 540 Hoc
1520 488 1664 541 enim
1697 488 1995 543 admodum

412 587 652 641 salutare
686 595 747 635 ae
791 579 1161 633 necessarium
1203 588 1307 644 est,
1344 587 1405 632 ut
1446 579 1828 650 intelligentia,
1860 596 1993 651 pru-

411 679 619 734 dentis.
646 673 1023 743 magnitudine
1048 671 1238 738 animi,
1262 681 1380 725 arte
1401 673 1622 728 utilitati
1650 673 1841 729 hostes
1869 683 1995 730 tuos

411 782 656 833 superes.

564 857 742 924 Atque
772 855 886 908 haec
909 853 1128 925 quidem
1154 856 1438 925 prudentia
1464 855 1733 927 factisque
1759 857 1995 928 impera-

412 945 570 1001 toriis
602 944 911 1015 priesmbis.
950 944 1200 1001 Seienter
1226 960 1409 1003 autem
1438 948 1641 1002 bellum
1667 965 1843 1019 geres,
1876 950 1996 1005 ido-

2097 502 2295 557 αὑτῶν.
2359 499 2531 553 Τοῦτο
2582 498 2693 569 γάρ
2740 499 2855 550 ἐστι
2913 498 3006 549 καὶ
3051 499 3342 567 σωτήριον,
3403 496 3500 548 καὶ
3542 495 3687 550 πάνυ

2097 596 2428 664 ἀναγκαῖον,
2478 592 2565 645 ἵνα
2617 590 2704 644 διὰ
2750 592 2851 660 τῆς
2892 590 2993 657 σῆς
3032 588 3305 647 συνέσεως
3342 588 3439 642 καὶ
3478 589 3686 659 φρονή-

2098 704 2258 751 σεως,
2326 684 2421 739 καὶ
2487 682 2740 754 ἀνδρείας
2793 682 2889 735 καὶ
2948 684 3148 751 τέχνης
3194 681 3350 751 νικᾷς
3408 679 3539 744 τοὺς
3595 681 3688 751 ἑχ-

2098 780 2126 832 θ
2135 778 2286 850 ρούς.

2167 871 2230 927 ε’.
2261 870 2374 925 Καὶ
2419 866 2595 923 ταῦτα
2643 867 2742 939 μὲν
2782 867 2872 920 διὰ
2902 867 3011 921 τῶν
3058 866 3433 938 φρονημάτων
3460 864 3689 921 καὶτῶν

2100 962 2601 1035 στρατηγημάτων.
2627 961 2728 1013 Διά
2754 960 2815 1015 δὲ
2835 960 2933 1031 τῆς
2972 959 3281 1029 ἐπιστήμης
3314 958 3692 1028 κατορθώσεις

411 1051 509 1091 nea
538 1050 669 1090 eum
704 1036 823 1091 acie
848 1034 1153 1090 exercitum
1177 1036 1329 1090 varie
1355 1050 1420 1090 ae
1463 1043 1580 1091 tuto
1618 1035 1872 1092 diviseris
1903 1044 1997 1091 aut

2119 1034 2188 1114 τὸν
2243 1034 2501 1129 πόλεμον,
2530 1059 2625 1112 ὲάν
2668 1058 2809 1129 μετὰ
2839 1056 3051 1122 τάξεως
3074 1056 3176 1126 τῆς
3203 1055 3526 1128 πρεπούσης
3573 1056 3694 1110 δια-

410 1128 790 1198 conjtmxeris,
822 1143 885 1184 ac
908 1128 1099 1185 ordine
1128 1129 1363 1199 quodam
1392 1129 1615 1184 militari
1646 1129 1748 1184 hoc
1774 1128 1998 1196 feceris,

412 1231 576 1292 atque
601 1222 655 1276 in
678 1221 861 1277 hostes
899 1222 1188 1278 invaseris.

483 1511 538 1566 6.
578 1509 763 1581 Neque
796 1524 926 1565 vero
960 1510 1199 1581 teipsum
1228 1510 1404 1566 solum
1438 1510 1509 1565 ab
1554 1510 1799 1565 hostium-
1831 1509 1996 1575 dolis,

413 1602 860 1668 incursionibus,
914 1602 1161 1657 consiliis
1215 1609 1393 1677 tutum
1458 1599 1848 1665 conservabis,
1902 1597 1999 1653 sed

411 1697 581 1752 etiam
624 1695 838 1765 aliquas
876 1694 1142 1749 adversus
1177 1708 1274 1749 eos
1313 1691 1750 1747 machinationes
1793 1704 1997 1746 serves.

2100 1152 2425 1226 μερίσῃς,ἢ
2466 1151 2712 1225 συνάψεις
2762 1151 2857 1205 τὸν
2921 1150 3158 1221 στρατὸν
3200 1150 3463 1215 ποικίλως
3498 1149 3596 1205 καὶ
3624 1151 3691 1204 ἀ-

2101 1245 2342 1315 σφαλῶς,
2398 1247 2494 1299 καὶ
2523 1243 2848 1318 παρατάξῃς
2881 1243 3021 1313 μετὰ
3052 1240 3309 1308 εὐταξίας
3357 1242 3688 1314 πολεμικῆς,

2099 1339 2195 1393 καὶ
2241 1337 2412 1401 οὓτως
2471 1338 2571 1402 τὰς
2627 1337 2738 1391 τῶν
2807 1338 3087 1409 πολεμίων
3138 1338 3486 1408 ὲγχειρήσεις
3533 1337 3693 1409 ποιήο

2102 1446 2238 1493 σεις.

2176 1519 2251 1586 ς’.
2305 1521 2416 1577 Καὶ
2448 1520 2522 1592 μὴ
2550 1521 2710 1592 μόνον
2743 1518 2989 1591 φυλάξῃς
3021 1519 3252 1574 σεαυτὸν
3281 1519 3389 1574 ἀπὸ
3419 1520 3529 1573 τῶν
3562 1521 3690 1575 ἐπι-

2101 1614 2460 1685 τηδευμάτων
2519 1616 2686 1687 ἤγουν
2720 1614 3087 1685 φρονημάτων
3116 1611 3226 1667 τῶν
3278 1612 3538 1667 ἐναντίων
3569 1630 3691 1677 σου,

2104 1706 2219 1761 ἀλλ’
2270 1706 2358 1762 ἵνα
2406 1706 2608 1777 μᾶλλον
2653 1708 2747 1760 καὶ
2784 1708 2847 1761 σὺ
2879 1709 2998 1761 κατ’
3037 1704 3217 1760 αὐτῶν
3244 1704 3574 1779 ἐπιτηδεύῃς
3598 1706 3697 1759 καὶ

416 1786 569 1842 Unde
591 1796 644 1841 ct
671 1786 911 1856 majores
931 1785 1109 1841 nostri
1133 1786 1237 1839 hoc
1262 1784 1419 1855 quasi
1455 1783 1588 1838 utile
1611 1782 1998 1846 observabant,

2119 1798 2528 1871 ἱντιστρατεύῃ.
2563 1799 2727 1852 Ὅθεν
2759 1800 2854 1853 καὶ
2885 1800 2933 1852 οἱ
2959 1796 3181 1853 παλαιοὶ
3206 1778 3695 1868 στρατηγοὶίτοῦτο

411 1894 609 1950 nempe
648 1878 857 1935 ordinis
888 1877 1384 1934 conservationem.
1425 1877 1503 1931 Ae
1538 1875 1661 1931 ideo
1694 1875 1999 1931 exercitum

413 1974 469 2025 in
513 1980 756 2033 turmas.
808 1972 1087 2042 drungos,
1136 1970 1191 2025 id
1237 1976 1350 2035 est,
1382 1968 1640 2024 cohortes
1689 1966 2002 2032 milliarias,

410 2073 650 2136 tagmata
690 2065 803 2120 sive
826 2065 1101 2130 cohortes,
1154 2062 1457 2129 centurias,
1503 2060 1889 2126 contubernia,
1933 2072 1999 2115 ac

410 2158 652 2228 reliquas
694 2167 878 2228 partes
914 2158 981 2213 ad
1028 2171 1197 2213 usum
1235 2156 1490 2212 bellicum
1529 2153 1754 2209 idoneas
1794 2151 1997 2223 partie-

411 2248 612 2303 bantur
646 2256 810 2319 atque
846 2237 1219 2303 instruebant.

481 2338 533 2395 7.
570 2338 756 2411 Neque
784 2342 933 2396 enim
964 2354 1063 2412 par
1091 2348 1174 2395 est
1198 2340 1249 2394 in
1276 2353 1441 2395 unam
1471 2337 1650 2394 solum
1684 2335 1857 2391 aciem
1880 2347 2001 2388 om-

411 2449 510 2489 nes
535 2434 723 2504 copias
749 2433 1024 2500 conferre,
1059 2448 1234 2504 neque
1260 2433 1315 2489 in
1346 2447 1460 2488 uno
1498 2439 1775 2487 momento
1796 2427 1999 2498 dijudi-

412 2526 686 2581 eationem
718 2534 773 2580 et
819 2526 1358 2581 administrationem
1385 2534 1553 2580 tantae
1582 2523 1827 2595 equitum
1859 2519 2037 2575 mul-‘

411 2615 666 2671 titudinis
724 2631 963 2687 ponere,
1019 2615 1324 2686 praesertim
1384 2631 1509 2671 eum
1559 2614 1656 2669 tibi
1703 2624 2003 2684 permagna

411 2709 649 2765 militum
691 2709 981 2765 multitudo
1025 2708 1283 2765 adfuerit.
1327 2707 1383 2763 Si
1420 2716 1601 2764 autem
1638 2704 1999 2778 quemadmo-

411 2802 541 2857 dum
572 2818 707 2859 usus
735 2802 921 2870 fuerit,
951 2810 1006 2859 et
1031 2803 1129 2858 tibi
1156 2800 1667 2858 commodissimum
1702 2795 1997 2863 videbitur,

410 2895 712 2950 exercitum
763 2894 1109 2962 instruxeris,
1142 2909 1232 2950 res
1267 2894 1449 2949 varias
1478 2905 1543 2948 ac
1577 2891 1828 2947 diversas
1859 2889 2001 2945 bene

411 2987 846 3044 administrabis.

485 3172 537 3227 8.
570 3171 770 3227 Multos
796 3182 978 3226 autem
1007 3182 1061 3227 et
1082 3171 1267 3227 varios
1289 3170 1546 3225 adversos
1567 3183 1729 3223 casus
1752 3164 1999 3221 videmus

413 3262 752 3333 contingere,
784 3260 1011 3331 quando
1036 3261 1087 3314 in
1116 3274 1281 3316 unam
1306 3260 1479 3315 aciem
1504 3258 1796 3314 universas
1813 3255 2001 3325 copias

413 3354 539 3424 quis
565 3352 728 3421 cogit,
758 3352 813 3407 in
841 3352 1033 3423 primis
1076 3359 1258 3406 autem
1290 3365 1388 3406 eos
1418 3349 1512 3420 qui
1550 3346 1851 3413 contraria,
1885 3344 2003 3400 sive

415 3448 605 3503 hastas
630 3454 826 3517 gerunt
850 3465 863 3501 :
890 3460 1017 3500 nam
1039 3460 1165 3501 cum
1194 3444 1386 3515 ingens
1410 3455 1673 3499 numerus
1695 3440 1767 3496 sit
1788 3452 2001 3504 eorum,

412 3542 507 3619 qui
561 3540 617 3595 in
662 3540 905 3595 exercitu
956 3549 1107 3603 sunt,
1147 3553 1405 3609 magnum
1448 3534 1799 3591 intervallum
1840 3530 2003 3602 spatii

413 3629 786 3705 occupabunt.

484 3725 539 3779 9.
582 3723 783 3779 Deinde
825 3738 951 3779 eum
998 3724 1163 3779 multa
1208 3732 1499 3777 occurrant
1540 3718 1827 3790 inaequalia
1861 3716 2002 3781 loca,

414 3818 739 3888 inaqnalem
800 3832 1021 3888 quoque
1095 3825 1149 3871 et
1214 3816 1358 3871 haud
1418 3813 1748 3885 morigeram
1804 3810 2001 3872 aciem,

416 3924 611 3980 nempe
633 3918 844 3963 vastam
876 3923 996 3964 esse
1023 3916 1258 3978 oportet,
1299 3914 1592 3977 partesque
1621 3902 1745 3973 ejus
1778 3899 2005 3956 minime

417 4004 558 4057 inter
585 4017 644 4057 se
686 4002 1005 4072 conspirare
1038 4009 1204 4070 atque
1246 4000 1383 4054 adeo
1420 4007 1546 4053 ante
1574 4010 1811 4068 pugnam
1851 3994 2006 4047 ince-

414 4106 585 4167 ptam,
615 4095 985 4165 perturbatam
1016 4104 1070 4149 et
1103 4091 1472 4162 dissipahilem
1499 4088 1861 4145 inveniemus.

496 4272 580 4325 l0.
623 4270 781 4336 Quod
814 4272 860 4325 si
894 4271 1148 4327 hostibus
1187 4271 1293 4327 hoc
1319 4271 1626 4343 contingat,
1664 4278 1724 4325 ut
1765 4267 2005 4340 iongitu-

417 4365 603 4418 dinem
632 4364 769 4419 aciei
793 4373 998 4420 nostrae
1028 4372 1309 4434 superent,
1339 4365 1390 4419 id
1422 4374 1526 4431 est,
1556 4365 1622 4420 ad
1645 4380 1743 4421 nos
1767 4364 2008 4420 cireum-

2109 1894 2501 1967 παρετήρησαν
2530 1893 2607 1956 ὡς
2627 1893 2918 1965 χρήσιμον,
2955 1891 3124 1960 ἤγουν
3157 1890 3257 1960 τὴν
3282 1889 3559 1957 εὐταξίαν.
3584 1890 3696 1943 Καὶ

2098 1987 2187 2042 διὰ
2212 1984 2371 2041 τοῦτο
2414 1988 2495 2050 είς
2528 1984 2773 2056 τούρμας
2828 1984 2923 2038 καὶ
2949 1982 3251 2056 δρούγγους
3311 1982 3407 2035 καὶ
3446 1981 3696 2051 κόμητας

2101 2081 2193 2135 καὶ
2222 2079 2558 2148 πεντάρχους
2608 2078 2704 2132 καὶ
2736 2079 2816 2141 εἰς
2846 2076 2981 2132 ἀλλα
3013 2074 3155 2146 μέρη
3186 2074 3325 2146 πρὸς
3349 2072 3449 2145 τὴν
3505 2073 3697 2143 χρείαν

2099 2173 2200 2244 τὴν
2222 2190 2505 2245 παρουσαν
2532 2172 2623 2225 τὸν
2675 2170 2798 2225 ὅλον
2820 2168 3052 2240 στρατὸν
3082 2166 3505 2238 διαμερίσαντες
3522 2160 3698 2227 οὕτως

2102 2265 2531 2337 παρετάσσοντο.

2172 2355 2237 2422 ζ’.
2270 2356 2344 2410 Οὐ
2384 2355 2493 2426 γάρ
2541 2354 2754 2424 πρέπον
2812 2353 2959 2406 ἐστὶν
2989 2351 3068 2414 είς
3108 2349 3239 2421 μίαν
3291 2349 3462 2421 μόνην
3507 2348 3698 2419 παράσ-

2102 2448 2253 2513 ταξιν
2292 2448 2581 2503 ἐκτάσσειν
2639 2445 2731 2500 τὸν
2766 2447 2996 2518 στρατὸν
3022 2444 3116 2498 καὶ
3139 2444 3196 2497 ἐν
3228 2444 3327 2515 μιᾷ
3380 2442 3518 2514 μόνῃ
3552 2443 3697 2513 ῥοπῇ

2101 2540 2286 2611 κρίσιν
2306 2540 2397 2593 καὶ
2425 2539 2693 2610 διοίκησιν
2722 2537 2994 2591 τοσούτων
3019 2535 3275 2607 χιλιάδων
3312 2533 3699 2605 καϐαλλαρίων

2102 2632 2403 2697 πιστεύειν,
2434 2630 2573 2686 ἀλλά
2620 2631 2717 2684 καὶ
2753 2629 3015 2699 δευτέραν
3064 2628 3329 2691 πολλάκις
3370 2626 3463 2681 καὶ
3505 2625 3699 2695 τρίτην

2101 2722 2409 2795 παράταξιν
2470 2722 2589 2776 κατ’
2625 2716 2851 2774 ὄπισθεν
2904 2719 3157 2791 διαιρεῖν,
3227 2718 3325 2772 καὶ
3394 2716 3566 2779 οὕτως
3597 2714 3701 2778 τὰς

2101 2815 2284 2882 τάξεις
2320 2812 2493 2868 ποιεῖν
2524 2814 2761 2886 μάλιστα
2786 2814 2916 2867 ὅταν
2941 2813 3021 2866 σοί
3046 2813 3216 2877 ἐστιν,
3236 2810 3420 2869 καθὼς
3454 2807 3700 2881 εἴρηται,

2101 2906 2307 2978 πλῆθος
2355 2906 2635 2978 στρατιᾶς.
2682 2906 2789 2960 Καὶ
2833 2905 2942 2975 γὰρ
2976 2902 3153 2968 οὕτως
3190 2902 3381 2968 ποιῶν,
3414 2902 3492 2965 ὡς
3512 2901 3578 2957 ἄν
3615 2918 3702 2954 σοι

2100 3000 2231 3072 δόξῃ
2281 3000 2376 3054 καὶ
2399 3000 2679 3071 ἀπαιτήσῃ
2703 3000 2736 3068 ἡ
2774 2998 2957 3070 χρεία,
2994 2996 3255 3061 ποικίλως
3291 2995 3387 3049 καὶ
3419 2993 3701 3064 διαφόρως

2024 3120 2069 3183 C
2103 3091 2581 3183 cdc-élxetpﬁcatc
2606 3090 2876 3183 ποιήσεις.

2172 3179 2241 3252 η’.
2271 3180 2452 3235 Πολλά
2505 3180 2603 3252 γὰρ
2641 3180 2864 3234 ἐναντία
2894 3177 3222 3249 λογιζόμεθα
3254 3177 3523 3246 γίνεσθαι,
3572 3178 3704 3231 ὃταν

2104 3274 2187 3336 είς
2220 3271 2348 3342 μίαν
2380 3270 2690 3341 παράταξιν
2712 3271 2804 3325 τὸν
2848 3270 2971 3325 ὅλον
3013 3269 3246 3340 στρατόν
3280 3288 3363 3334 τις
3390 3270 3702 3341 συναγάγῃ.

2107 3365 2207 3419 καὶ
2243 3363 2662 3432 κατ’ὲξαίρετον
2696 3364 2823 3426 τοὺς
2845 3362 3110 3435 κοντάρια
3126 3361 3380 3433 ἔχοντας·
3412 3361 3702 3431 συμϐαίνει

2105 3456 2214 3526 γάρ
2242 3455 2481 3526 πλήθους
2513 3453 2665 3515 ὄντος
2695 3453 2955 3524 στρατοῦ,
2994 3452 3088 3505 καὶ
3127 3454 3208 3515 εἰς
3245 3453 3378 3506 πολὺ
3420 3451 3705 3521 διάστημα

2106 3546 2164 3614 ἐξ
2193 3546 2437 3617 ἀνάγκης
2459 3544 2860 3614 ὲκτεινομένου.

2178 3725 2243 3779 θ’.
2296 3718 2432 3778 Εἶτα
2489 3724 2584 3777 καὶ
2637 3722 2948 3793 ἀνωμάλων
3005 3720 3187 3774 τόπων
3264 3719 3704 3783 ὑποπιπτόντων,

2107 3817 2293 3872 ἄνισον
2326 3811 2681 3884 εὑρίσκεσθαι
2730 3811 2825 3865 καὶ
2873 3810 3073 3879 ἀπειθῆ
3128 3810 3226 3882 τὴν
3267 3809 3597 3880 παράταξιν,
3628 3808 3709 3872 ὡς

2112 3906 2329 3980 μακρὰν
2362 3901 2553 3971 οὖσαν,
2603 3902 2697 3959 καὶ
2739 3903 2813 3975 μὴ
2867 3904 3179 3972 συμφωνεῖν
3211 3902 3461 3973 ἀλλήλοις
3497 3901 3566 3954 τά
3604 3900 3708 3970 μὲ-

2110 4020 2179 4074 ρη
2215 4000 2409 4071 αὐτῆς,
2439 3999 2535 4053 καὶ
2573 3998 2661 4052 διὰ
2692 3996 2852 4050 τοῦτο
2886 3998 2980 4049 καὶ
3026 3994 3133 4063 πρὸ
3161 3994 3261 4064 τῆς
3312 3994 3589 4065 συμϐολῆς
3618 3992 3708 4048 διά

2108 4093 2207 4166 τὴν
2241 4091 2469 4157 ἀταξίαν
2529 4088 2841 4143 εὐδιάλυτον
2871 4087 3042 4158 αὐτὴν
3088 4091 3183 4139 καὶ
3229 4083 3585 4156 πεφυρμένην
3622 4082 3712 4149 γί-

2111 4186 2316 4240 νεσθαι.

2182 4283 2235 4330 ι’.
2267 4273 2400 4329 Εἶτα
2452 4274 2551 4329 ἐάν
2598 4286 2731 4326 ποτε
2763 4271 2946 4342 συμϐῇ
2996 4271 3110 4332 τοῖς
3148 4266 3436 4338 πολεμίοις
3468 4266 3501 4338 ἢ
3535 4264 3712 4335 ὕπερ-

2111 4368 2405 4439 εκταθῆναι
2463 4365 2608 4420 κατά
2664 4364 2723 4417 τὸ
2756 4364 3007 4431 πλάγιον,
3064 4363 3256 4433 ἤγουν,
3289 4361 3382 4414 ἰπὶ
3411 4360 3582 4429 κέρας
3608 4359 3711 4410 ἐπ-

420 4455 723 4511 cludendos
767 4456 950 4510 subito
992 4456 1059 4510 ad
1104 4469 1275 4510 cornu
1315 4456 1559 4523 irruant,
1597 4457 1748 4511 acies
1775 4454 2004 4526 reliqua,

2119 4460 2349 4529 εξελθεῖν
2409 4457 2544 4527 πρὸς
2605 4454 2877 4509 κύκλωσιν
2911 4452 3215 4521 αἰφνιδίως,
3265 4448 3453 4503 λοιπὸν
3506 4447 3539 4517 ἡ
3605 4460 3714 4497 πα-

419 4563 543 4618 ηιιω
597 4563 628 4603 a
663 4558 816 4619 tergo
875 4557 926 4603 et
974 4547 1240 4603 lateribus
1283 4557 1367 4604 est
1417 4548 1673 4619 praesidio
1726 4549 2006 4612 destituta,

424 4642 641 4697 nemine
667 4645 781 4711 jam
821 4640 993 4695 aciem
1022 4640 1362 4705 sublevante,
1399 4641 1713 4695 necessario
1744 4640 1809 4696 ad
1844 4642 2011 4695 inter-

423 4736 706 4791 necionem
739 4736 904 4789 venit.

496 4920 584 4973 ll.
621 4918 820 4975 Prtelio
850 4918 964 4988 jam
996 4918 1317 4982 commisso,
1355 4926 1576 4989 propter
1616 4920 2012 4991 longitudinem

426 5012 561 5068 aciei
603 5011 854 5065 videmus
893 5025 1037 5080 saepe
1074 5011 1304 5066 comites
1337 5026 1462 5066 eum
1511 5012 1626 5068 suis
1658 5012 1854 5068 bandis
1898 5014 2016 5070 sive

425 5102 749 5159 cohortibus
778 5100 950 5156 aciem
984 5100 1194 5156 occulte
1223 5100 1478 5157 deserere
1503 5118 1516 5156 :
1547 5116 1670 5173 quae
1691 5118 1778 5158 res
1802 5103 2016 5159 caeteris

425 5195 682 5250 omnibus
725 5193 1069 5249 occasionem
1113 5193 1273 5248 affert
1318 5194 1696 5251 miserabiliter
1749 5194 2013 5265 fugiendi.

428 5286 616 5344 Versis
654 5287 797 5342 enim
850 5287 902 5340 in
953 5284 1136 5357 fugam
1183 5286 1318 5350 illis,
1363 5287 1509 5344 nulla
1551 5287 1891 5343 intermissio
1929 5286 2015 5342 fu-

429 5381 628 5452 giendi,
664 5380 813 5435 nulla
844 5393 971 5450 spes
1009 5380 1299 5434 revocandi
1332 5389 1431 5437 est.
1462 5378 1634 5436 Nemo
1672 5381 1819 5435 enim
1852 5395 1949 5437 eos
1985 5397 2014 5435 a

430 5472 691 5544 fugiendo
718 5472 998 5542 repellere,
1019 5481 1115 5525 aut
1138 5471 1204 5525 ad
1228 5473 1523 5528 stationem
1552 5472 1816 5528 reducere
1841 5480 2019 5543 potest

427 5565 538 5631 jam
577 5565 644 5619 ad
669 5563 853 5633 fugam
883 5564 1157 5619 incitatos.

509 5739 589 5792 12.
635 5738 692 5795 Si
739 5753 869 5796 vero
911 5742 1141 5799 feliciter
1180 5761 1240 5801 se
1293 5747 1493 5805 bellum
1534 5762 1785 5821 gesturos
1825 5763 2019 5824 putant

2117 4552 2337 4626 ράταξις
2380 4552 2470 4605 διά
2512 4565 2573 4601 τε
2621 4564 2728 4601 των
2776 4544 2952 4601 όπίσω
2981 4540 3213 4597 καὶτῶν
3261 4540 3507 4610 πλαγίων
3539 4535 3715 4604 αὐτῆς

2114 4625 2396 4718 ἀποροῦσα
2444 4642 2718 4714 βοηθείας,
2776 4639 2871 4691 καὶ
2930 4636 3157 4707 μηδενὸς
3207 4635 3547 4703 ὑπάρχοντος
3611 4625 3712 4681 τοῦ

2116 4735 2544 4809 συνηγοροῦντος
2572 4730 2763 4801 αὐτὴν,
2822 4728 2881 4793 ἐξ
2920 4729 3164 4799 ἀνάγκης
3198 4727 3334 4798 πρὸς
3365 4724 3578 4779 τελείαν
3608 4738 3712 4789 φυ-

2115 4832 2218 4904 γὴν
2245 4831 2498 4901 ὁρμήσει.

2192 4930 2279 4979 ια’.
2328 4920 2490 4975 Ἀλλά
2539 4921 2633 4973 καὶ
2692 4918 2751 4971 ὲν
2802 4915 2943 4987 αὑτῇ
2996 4917 3061 4985 τῇ
3107 4911 3202 4966 τοῦ
3268 4911 3511 4981 πολέμου
3568 4926 3716 4980 συμι

2117 5019 2287 5087 ϐολῇ,
2343 5015 2433 5069 διὰ
2487 5012 2548 5065 τὸ
2613 5011 2789 5082 μῆκος
2833 5011 2933 5078 τῆς
2991 5005 3351 5076 παρατάξεως
3395 5002 3718 5056 ἐπιϐλέπειν

2118 5110 2380 5171 πολλάκις
2416 5105 2562 5167 τίνες
2593 5102 2701 5158 τῶν
2730 5101 3031 5171 ταγμάτων
3084 5100 3223 5169 μετά
3253 5096 3347 5149 καὶ
3376 5094 3485 5148 τῶν
3509 5093 3719 5164 βάνδων

2118 5202 2342 5274 ἀφανῶς
2396 5195 2829 5253 λιποτακτοῢσι·
2880 5193 2975 5245 καὶ
3027 5191 3238 5261 γίνεται
3300 5189 3395 5242 καὶ
3442 5188 3575 5241 πᾶσι
3602 5188 3720 5249 τοῖς

2118 5290 2325 5353 λοιποῖς
2351 5286 2751 5357 ἀναχωρήσεως
2788 5285 3084 5353 πρόφασις.
3133 5280 3242 5333 Καὶ
3278 5280 3511 5350 πρᾶγμα
3544 5277 3720 5330 ἐλεει-

2118 5385 2210 5437 νδι
2237 5380 2588 5455 τρεπομένων
2634 5377 2836 5442 αὐτῶν,
2889 5375 3010 5430 οὐδὲ
3065 5374 3317 5446 ἀνακοπὴ
3354 5374 3464 5443 τῆς
3512 5375 3717 5443 φυγῆς,

2120 5472 2244 5529 οῦδὲ
2273 5469 2589 5541 ὑποστροφὴ
2609 5467 2836 5537 οὐδεμία
2862 5467 3095 5533 vivs-car
3134 5465 3311 5529 οὐδεὶς
3338 5466 3446 5537 γάρ
3482 5464 3719 5531 ἀναφαί-

2120 5584 2270 5624 νεται
2299 5567 2328 5620 ὁ
2363 5565 2574 5636 μέλλων
2605 5561 2993 5617 ἀνακαλεῖσθαι
3041 5562 3071 5630 ἢ
3108 5561 3460 5628 ἐπισυνάγειν
3516 5560 3719 5622 αὐτοὺς

2122 5663 2206 5725 είς
2236 5659 2467 5735 τροτνὴν,
2501 5657 2578 5722 ὡς
2602 5657 2840 5728 εἴρηται,
2874 5658 2965 5710 καὶ
3000 5655 3178 5726 φυγὴν
3198 5656 3571 5727 ὁρμήσαντας.

2195 5752 2281 5823 ιβ’.
2329 5749 2457 5806 Ἐὰν
2508 5750 2567 5805 δὲ
2626 5750 2765 5819 τάχα
2797 5751 2891 5803 καὶ
2919 5748 3232 5820 νομίσουσιν
3266 5749 3404 5818 μετὰ
3435 5746 3723 5820 ἐπιτυχίας
