4022 6512
285 558 384 625 809
1368 558 1707 620 TACTICA.
1739 582 1808 592 —
1846 556 2352 620 CONSTITUTIO
2391 559 2495 620 XI.
3434 549 3539 617 810

286 674 368 730 τὸν
388 670 622 742 πόλεμον
645 671 815 724 ποιεῖν
847 670 894 723 oi
911 670 989 735 είς
1022 668 1152 740 μίαν
1180 667 1484 739 παράταξιν
1508 666 1854 738 τασσόμενοι,

1956 669 2054 740 qui
2078 684 2241 724 unam
2262 669 2317 723 in
2348 671 2522 726 aciem
2545 684 2603 727 se
2624 671 2926 735 instruunt,
2954 678 3007 725 et
3037 678 3163 725 ante
3184 684 3243 724 se
3266 669 3318 721 in
3348 669 3542 736 ιιι-σειίο

288 764 373 818 καὶ
430 760 697 830 προωθεῖν
757 761 815 814 ἐν
864 762 931 831 τῇ
993 760 1142 831 μάχῃ
1190 760 1316 822 τοὺς
1376 756 1690 825 πολεμίους,
1732 758 1861 810 ὅταν

1960 760 2287 830 repulsuros
2336 761 2518 819 hostes
2566 761 2913 826 existimant,
2959 760 3050 815 ubi
3095 760 3346 815 universa
3394 761 3548 816 acies

286 853 505 924 διαλυθῇ
563 853 780 916 πάντως
827 853 862 922 ἢ
922 850 1226 923 παράταξις
1284 850 1342 903 ἐν
1394 851 1461 920 τῇ
1496 848 1739 921 συμϐολῇ
1762 849 1857 904 τοῦ

1966 849 2298 920 dissipatur,
2338 860 2394 907 et
2436 854 2588 909 omni
2629 853 2831 923 impetu
2872 850 3140 923 fugientes
3172 852 3357 908 hostes
3396 852 3542 907 inse-

287 947 519 1017 πολέμου
550 944 645 998 καὶ
672 942 887 997 ποιοῦσι
918 942 1016 1013 τὴν
1046 940 1227 1008 δίυξιν
1253 940 1505 1003 ἀτάκτως
1546 941 1596 992 oi
1635 938 1854 992 διώκον-

1967 943 2174 1011 quitur,
2212 942 2257 1000 si
2305 946 2584 1016 contingat
2616 960 2713 1002 eos
2743 946 2940 1003 iterum
2978 961 3036 1002 se
3064 946 3329 1000 adversus
3360 945 3546 1013 copias

284 1052 371 1099 τες
394 1050 407 1066 ·
452 1034 548 1089 ἐὰν
577 1031 758 1103 συμϐῇ
785 1029 1045 1094 πολλάκις
1084 1030 1209 1093 τοὺς
1235 1028 1533 1098 φεύγοντας
1564 1030 1857 1098 ἀντιστρα-

1968 1034 2107 1091 alias
2136 1036 2319 1093 subito
2349 1052 2412 1093 ex
2450 1039 2666 1096 insidiis
2704 1040 3058 1105 intervenire,
3088 1039 3239 1093 nulla
3257 1052 3428 1094 causa
3462 1046 3548 1092 est.

278 1127 447 1197 φῆναι
504 1123 646 1179 κατά
689 1123 796 1177 τῶν
842 1121 1147 1175 διωκόντων
1176 1120 1394 1182 αὐτοὺς,
1430 1119 1661 1189 δύναμιν
1692 1119 1862 1188 ἄλλην

1970 1124 2102 1195 quin
2132 1126 2225 1197 qui
2260 1127 2693 1199 insequebantur
2713 1130 2898 1186 statim
2927 1128 3235 1200 diﬂugiant,
3273 1145 3399 1184 cum
3424 1129 3546 1183 nul-

285 1215 559 1287 αξφνιδίως
603 1214 710 1269 ἀπὸ
759 1212 1150 1284 ἐγκρύμματος
1211 1211 1572 1281 ἀναφανῆναι,
1644 1210 1861 1281 ἀνάγκη

1972 1211 2056 1270 los
2090 1214 2146 1269 itt
2183 1225 2438 1287 promptu
2480 1219 2736 1286 habeant,
2767 1220 2860 1290 qui
2904 1221 3005 1277 hos
3035 1219 3102 1276 de
3141 1221 3437 1289 improviso
3468 1220 3548 1273 in-

285 1310 436 1364 πᾶσα
497 1307 564 1363 ἂν
615 1304 900 1369 διώκοντες
946 1304 1025 1367 είς
1083 1303 1263 1373 φυγὴν
1311 1302 1619 1373 ὁρμήσουσι
1652 1303 1867 1373 ,μηδένα

1690 1303 1867 1371 ιηδένα
1973 1306 2339 1363 tervenientes
2358 1310 2621 1379 repellere
2652 1318 2749 1365 aut
2777 1309 3016 1367 refutare
3048 1311 3278 1380 possint.

286 1402 519 1471 ἔχοντες,
549 1397 626 1462 ώς
657 1398 893 1469 εἴρηται,
924 1397 1015 1450 τὸν
1072 1394 1367 1465 δυνάμενον
1403 1393 1711 1465 ἀπαντῆσαι
1766 1394 1800 1466 ἢ
1864 1395 2204 1467 ἀποσοϐῆσαι
2265 1401 2392 1464 τοὺς
2444 1400 2534 1455 διὰ
2582 1400 2685 1472 τῆς
2727 1401 3075 1473 ὑποστροφῆς
3129 1400 3551 1471 ἀπροσδοκήτως

290 1488 708 1561 ἐπερχομένους.

355 1590 445 1653 ιγ’.
485 1584 584 1639 Ἐν
642 1584 703 1638 δέ
755 1583 916 1654 μόνον
968 1584 1175 1656 νομίζω
1227 1584 1550 1657 προτέρημα
1609 1581 1752 1653 ἔχειν
1804 1580 1868 1637 τὸ

2041 1581 2132 1636 15.
2166 1579 2347 1637 Unum
2375 1590 2580 1649 autem.
2609 1581 2775 1654 idque
2806 1582 2985 1639 solum
3018 1582 3320 1640 subsidium
3354 1582 3554 1637 habere

287 1676 492 1738 πάντας
537 1675 617 1739 είς
651 1674 780 1745 μίαν
822 1675 1120 1730 τάσσεσθαι
1172 1676 1508 1747 παράταξιν,
1554 1673 1698 1727 τοῦτ’
1740 1672 1858 1729 ἐστι

1966 1685 2063 1727 eos
2094 1672 2385 1741 existimo,
2416 1674 2511 1744 qui
2547 1674 2835 1732 universas
2865 1675 3049 1746 copias
3079 1690 3244 1732 unam
3280 1674 3333 1729 in
3373 1674 3543 1729 aciem

285 1767 345 1821 τδ
400 1766 683 1835 φαίνεσθαι
754 1768 867 1831 τοῖς
941 1765 1158 1838 ἐχθροῖς
1228 1766 1468 1839 μήκοθεν
1512 1765 1727 1820 τελείαν
1772 1764 1868 1819 καὶ

1969 1762 2296 1829 conferunt,
2335 1775 2397 1821 ut
2430 1765 2673 1823 inimicis
2706 1766 2990 1823 videantur
3049 1766 3266 1821 eminus
3295 1764 3555 1835 perfectae

284 1858 662 1929 ἐξογκωμένην
723 1857 824 1929 τὴν
875 1857 1048 1925 τάξιν.
1114 1859 1274 1913 Ἀλλά
1348 1860 1445 1914 καὶ
1503 1858 1638 1913 αὐτὸ
1701 1857 1866 1929 μέχρι

1971 1865 2135 1926 atque
2155 1857 2403 1927 ingentes
2423 1858 2593 1928 copiae
2615 1872 2756 1916 esse.
2773 1858 2847 1913 At
2866 1858 2984 1916 haec
3008 1873 3098 1914 res
3116 1858 3553 1928 speciem-solum

278 1948 515 2018 θεωρίας
548 1950 644 2002 καὶ
679 1948 845 2020 μόνης
867 1948 980 2019 ἔχει
1004 1950 1064 2003 τὸ
1091 1950 1305 2023 κέρδος.

1973 1947 2228 2004 utilitatis
2260 1947 2456 2012 habet'.
2490 1948 2782 2005 utilitatem
2830 1957 3015 2005 autem
3042 1949 3257 2003 nullam
3282 1949 3551 2004 continet.

362 2037 443 2099 ιδ’.
476 2040 626 2109 Ἔχει
657 2040 714 2094 δὲ
762 2039 902 2111 τάχα
954 2044 1049 2095 ml.
1078 2041 1266 2113 ἕτερον
1311 2040 1657 2113 προτέρημα,
1688 2040 1751 2095 τὸ
1776 2041 1868 2095 δύο
1900 2037 1941 2044 ’

2049 2038 2138 2094 Η.
2177 2038 2417 2094 Alterum
2450 2048 2635 2098 autem
2654 2039 2966 2097 subsidium
2997 2049 3104 2107 est,
3128 2041 3280 2111 quod
3308 2055 3421 2094 una
3446 2039 3555 2093 hac

284 2129 480 2183 νασθαι
506 2129 597 2183 διά
624 2130 721 2200 τῆς
747 2130 877 2199 μιᾶς
909 2130 1264 2203 παρατάξεως
1293 2131 1389 2185 καὶ
1412 2130 1657 2201 μεγάλης
1680 2132 1869 2185 ποιεῖν

1976 2128 2242 2185 instructa
2273 2130 2411 2194 acie,
2446 2130 2514 2185 ad
2544 2129 3070 2187 circumfttndendos
3094 2141 3261 2201 atque
3294 2128 3554 2186 interelu-

285 2220 561 2275 κύκλωσιν
610 2220 717 2274 ἀπὸ
775 2221 896 2284 ἐνὸς
966 2222 1187 2293 μέρους,
1227 2221 1321 2276 καὶ
1378 2221 1690 2277 ἀποκλείειν
1744 2221 1870 2285 τοὺς

1975 2219 2184 2277 dendos
2207 2220 2393 2277 hostes
2421 2222 2660 2292 aptiores
2694 2232 2876 2288 erunt,
2908 2222 2955 2279 si
2979 2223 3031 2279 id
3060 2223 3294 2280 artiﬁcio
3317 2221 3552 2292 quodam

287 2309 597 2381 πολεμίους,
634 2311 727 2365 καὶ
778 2313 886 2384 ἄρα
931 2314 1025 2368 καὶ
1061 2313 1235 2384 τούτῳ
1282 2312 1421 2385 μετά
1445 2312 1540 2367 τοῦ
1571 2311 1873 2383 πρέποντος

990 2314 1025 2366 ιι
1061 2313 1235 2384 τούτῳ
1282 2312 1421 2385 μετά
1445 2312 1540 2367 τοῦ
1571 2311 1873 2383 πρέποντος
1975 2320 2029 2367 et
2054 2326 2179 2368 cum
2219 2313 2422 2370 decoro
2459 2313 2578 2369 fiat.

288 2402 444 2470 λόγου
474 2403 568 2455 καὶ
594 2404 790 2474 τέχνης
822 2422 908 2467 τις
937 2406 1224 2477 χρήσεται.

364 2490 449 2546 ιε’.
475 2491 546 2544 Τὸ
601 2492 657 2545 δέ
707 2493 903 2557 διπλᾶς
957 2494 1130 2547 ποιεῖν
1184 2492 1284 2559 τὰς
1340 2490 1699 2565 παρατάξεις,
1722 2492 1869 2547 ὥστε

1970 2558 2004 2584 ⁸
2050 2489 2136 2546 l5.
2179 2489 2459 2562 Duplicem
2488 2489 2756 2547 instruere
2787 2490 2980 2557 aciem,
3013 2499 3071 2543 ut
3102 2503 3209 2544 una
3237 2486 3394 2544 alteri
3425 2485 3558 2540 suh-

288 2576 426 2636 εἶναι
448 2584 536 2647 είς
579 2584 941 2655 ὑποϐοήθειαν
968 2586 1070 2654 τῆς
1101 2585 1324 2657 πρώτης
1371 2584 1731 2658 παρατάξεως
1767 2586 1867 2655 τὴν

1967 2576 2125 2636 ἓίἁὶο
2143 2596 2264 2637 esse
2295 2582 2495 2652 possit,
2525 2589 2791 2652 quantum
2827 2581 3071 2637 humano
3097 2578 3308 2651 judicio
3346 2576 3555 2654 percipi

285 2675 565 2746 δευτέραν,
604 2676 747 2730 κατά
795 2677 887 2730 τὸν
917 2677 1258 2748 ἀνθρώπινον
1299 2678 1568 2748 λογισμὸν
1598 2677 1789 2731 πολλῖ
1804 2676 1873 2730 τά

1976 2680 2177 2741 potest,
2202 2672 2380 2727 multa
2407 2680 2459 2727 et
2489 2686 2689 2744 magna
2716 2681 2771 2728 et
2794 2672 3053 2743 praeclara
3084 2673 3222 2726 bona
3252 2670 3307 2724 in
3336 2684 3394 2725 se
3424 2683 3557 2724 oon-

287 2766 537 2836 ἐξαίρετα
585 2768 678 2822 καὶ
717 2770 992 2836 ἀναγκαῖα
1038 2769 1333 2840 νομίζομεν
1380 2770 1712 2840 συντρέχειν,
1762 2769 1874 2823 Καὶ

1979 2761 2134 2816 tinet.
2177 2761 2255 2816 Ac
2295 2762 2531 2832 primum
2574 2778 2707 2819 sane
2736 2773 2838 2831 est,
2874 2762 3018 2834 quod
3049 2762 3231 2833 prima
3263 2761 3409 2816 acies
3434 2774 3556 2814 cum

289 2854 506 2926 πρῶτον
534 2857 631 2926 μὲν
667 2858 748 2911 ὅτι
776 2860 825 2910 οἱ
872 2860 972 2927 τῆς
1017 2857 1241 2931 πρώτης
1304 2858 1662 2929 παρατάξεως
1725 2857 1875 2927 έχον-

1974 2847 2206 2907 ‘alteram
2230 2868 2263 2908 a
2303 2864 2455 2924 tergo
2500 2854 2885 2910 subsidiariam
2915 2855 3097 2919 habet,
3151 2852 3356 2909 fortius
3394 2861 3558 2920 atque

288 2961 377 3007 τες
430 2945 652 3001 ὄπισθεν
688 2949 828 3001 κατὰ
884 2948 978 3003 τοῦ
1025 2949 1196 3002 νώτου
1243 2949 1423 3004 αὐτῶν
1469 2950 1575 3019 τὴν
1615 2948 1874 3019 δευτέραν

1980 2944 2217 3001 alacrius
2240 2960 2363 3001 cum
2395 2945 2643 3002 hostibus
2664 2947 2909 3002 dimicat.
2934 2944 3138 3000 Deinde
3159 2953 3420 2999 extremae
3445 2954 3555 2995 ora:

289 3033 440 3099 τάξιν
483 3034 858 3102 φυλάττουσαν
905 3037 1123 3100 αὐτοὺς,
1196 3036 1623 3111 προθυμοτέρως
1671 3037 1876 3106 μάχον-

1982 3040 2098 3087 tum
2121 3034 2346 3099 dextrae,
2371 3044 2484 3091 tum
2504 3036 2764 3103 sinistrae,
2785 3036 3046 3092 lateranis
3064 3034 3319 3097 defensae.
3345 3032 3552 3101 majore

289 3141 377 3178 ται
412 3125 545 3196 πρὸς
575 3128 698 3189 τοὺς
747 3128 1063 3197 πολεμίους.
1123 3127 1355 3198 Ὀμοίως
1402 3128 1459 3181 δέ
1492 3110 1584 3181 καὶ
1608 3126 1679 3179 τά
1706 3126 1874 3196 άκρα,

1983 3135 2107 3179 cum
2149 3125 2336 3180 animo
2385 3141 2451 3183 ac
2486 3128 2786 3199 cupiditate
2822 3128 2959 3185 bella
3005 3137 3218 3199 gerunt.
3262 3126 3556 3182 Maximum

288 3216 458 3287 ἡγουν
508 3218 578 3271 τά
625 3218 772 3284 δεξιά
832 3224 928 3274 καὶ⁹
971 3221 1040 3273 τά
1088 3218 1350 3291 ἀριστερά
1376 3219 1475 3288 τῆς
1511 3218 1876 3289 παρατάξεως

1983 3225 2164 3270 autem
2208 3217 2516 3274 subsidium
2563 3228 2677 3286 est,
2714 3221 2858 3291 quod
2901 3220 3141 3276 secunda
3181 3220 3297 3275 acie
3335 3236 3363 3273 a
3408 3227 3559 3291 tergo

289 3307 379 3360 διά
409 3306 519 3362 τῶν
562 3309 1024 3378 πλαγιοφυλάκων
1059 3310 1437 3381 φυλαττόμενα
1479 3308 1697 3378 ἀφόϐως
1738 3309 1875 3379 πρὸς

1985 3308 2276 3377 instructa,
2311 3311 2405 3382 qui
2437 3312 2492 3367 in
2531 3315 2711 3384 prima
2741 3314 2859 3369 acie
2888 3313 3179 3370 stationem
3211 3328 3365 3369 suam
3397 3311 3554 3367 dese-

290 3399 417 3463 τοὺς
439 3399 754 3471 ἔμπροσθεν
794 3399 1109 3468 πολεμοῦσι.
1144 3402 1219 3456 Τὸ
1247 3402 1304 3455 δέ
1335 3402 1495 3455 πλέον
1521 3399 1871 3472 προτέρημα,

1982 3409 2142 3467 runt,
2198 3401 2253 3455 in
2301 3401 2483 3473 fugam
2533 3418 2643 3460 non
2691 3412 3006 3472 vertuntur,
3057 3404 3214 3459 veriti
3258 3403 3555 3459 secundam

293 3489 380 3543 δτι
408 3490 509 3562 τῆς
539 3491 801 3564 δευτέρας
833 3492 1196 3565 παρατάξεως
1218 3492 1442 3547 ὄπισθεν
1466 3491 1632 3563 οὔσης
1669 3493 1717 3545 oi
1747 3491 1877 3545 πολ-

1982 3491 2181 3557 aciem,
2210 3500 2266 3548 et
2306 3493 2674 3565 suspicionem
2704 3495 2930 3568 ignaviae
2960 3495 3247 3552 timentes:
3283 3495 3387 3551 hoc
3410 3494 3556 3551 enim

292 3579 449 3645 λάκις
502 3582 951 3649 λιποτακτοῦντες
998 3587 1055 3641 ἐν
1107 3587 1173 3657 τῇ
1225 3584 1417 3657 πρώτη
1466 3582 1767 3655 παρατάξει
1814 3584 1875 3638 οὔ

1466 3582 1767 3655 παρατάξει
1814 3584 1875 3638 οὗ
1984 3600 2237 3656 magnam
2264 3587 2552 3643 utilitatem
2586 3589 2643 3644 in
2674 3588 2816 3647 bello
2849 3588 3026 3646 atl‘ert.

292 3672 607 3740 τρέπονται,
636 3675 948 3747 ώςλέτυχεν,
981 3675 1087 3729 ὑπὸ
1112 3675 1221 3729 τῶν
1246 3674 1469 3729 ὄπισθεν
1496 3673 1675 3729 αὐτῶν
1692 3672 2119 3745 ὑποπτευόμενοι
2147 3692 2161 3705 ·
2223 3676 2388 3731 τοῦτο
2459 3677 2572 3749 γὰρ
2629 3679 2723 3734 καὶ
2789 3679 3034 3753 μεγάλην
3082 3678 3352 3749 ὠφέλειαν
3417 3679 3564 3733 ποιεί

440 3771 544 3824 ἀντι
554 3810 567 3824 .

440 3771 475 3824 ά
554 3810 567 3824 .

295 3770 608 3930 ήιζ.χέαὶ
635 3866 693 3921 ἐν
710 3866 886 3939 καιρῷ
928 3867 984 3921 δὲ
1033 3868 1266 3938 τροπῆς,
1310 3866 1391 3934 ὡς
1440 3867 1705 3931 πολλάκις
1730 3884 1871 3938 συμ-

2053 3864 2140 3919 i6.
2176 3863 2357 3919 Prima
2385 3865 2523 3930 acie,
2565 3863 3028 3935 quemadmodum
3065 3877 3211 3933 saepe
3246 3877 3351 3918 usu
3387 3860 3555 3924 venit,

296 3955 470 4012 ϐαίνει
494 3959 559 4027 τῇ
597 3956 788 4029 πρώτῃ
842 3959 1016 4024 τάξει,
1047 3960 1255 4028 γίνεται
1289 3962 1321 4030 ἡ
1364 3961 1593 4033 δευτέρα
1619 3963 1699 4026 είς
1725 3962 1875 4016 ἀντί-

1983 3956 2285 4027 prolligata,
2319 3957 2554 4011 secunda
2589 3957 2735 4012 acies
2765 3970 2907 4025 saepe
2938 3954 3190 4025 prmidio
3222 3954 3333 4009 illis
3366 3952 3549 4023 perfu-

296 4046 462 4118 ληψιν
500 4048 596 4101 καὶ
654 4049 1002 4122 καταφυγὴν,
1053 4050 1176 4105 ὅθεν
1224 4052 1389 4105 πάλιν
1418 4053 1647 4107 ,δυνατὸν
1671 4053 1875 4119 αὐτοὺς

1983 4051 2181 4121 gioque
2207 4059 2312 4116 est,
2334 4050 2478 4106 unde
2498 4065 2691 4106 rursus
2718 4048 2883 4119 adjuti
2913 4047 3262 4118 rcvocatique
3291 4046 3555 4101 adversus

298 4136 685 4191 ἀνακαλεῖσθαι
706 4138 1101 4210 βοηθουμένους
1126 4141 1232 4196 ὑπὸ
1259 4144 1357 4212 τῆς
1373 4141 1631 4213 δευτέρας
1646 4143 1874 4211 τάξεως,

1583 4160 1631 4209 ις
1646 4143 1874 4211 τάξεως,
1989 4135 2261 4191 irruentes
2293 4136 2476 4193 hostes
2502 4137 2698 4192 iterum
2735 4152 2795 4193 se
2825 4143 3171 4194 convertunt.

300 4226 396 4280 καὶ
418 4228 559 4283 κατά
578 4228 688 4282 τῶν
730 4230 1104 4285 ἐπιπεσόντων
1154 4231 1365 4303 ἐχθρῶν
1396 4232 1560 4287 πάλιν
1592 4234 1878 4307 ἀντιστρέ-

301 4318 518 4387 φεσθαι.

372 4405 457 4468 ιζ’.
501 4406 664 4460 Ἀλλά
697 4407 790 4461 καὶ
814 4408 943 4462 ὅταν
975 4409 1230 4465 διώκουσι
1280 4414 1406 4479 τοὺς
1444 4414 1679 4487 ἐχθροὺς
1708 4418 1756 4470 οἱ
1783 4421 1881 4490 τῆς

2062 4423 2145 4478 i7.
2192 4424 2369 4493 Atque
2404 4425 2566 4478 etiam
2601 4422 2820 4493 quando
2858 4424 2953 4493 qui
2996 4425 3049 4477 in
3078 4422 3252 4493 prima
3286 4422 3402 4477 acie
3432 4432 3561 4478 sunt

300 4494 526 4568 πρώτης
571 4497 929 4568 παρατάξεως
973 4501 1230 4570 ἀσφαλῶς
1273 4503 1366 4556 καὶ
1402 4504 1540 4573 μετά
1565 4504 1880 4577 προθυμίας

1988 4512 2174 4571 hostes
2211 4530 2343 4571 suos
2381 4528 2604 4572 strenue
2635 4525 2799 4586 atque
2836 4515 3093 4571 alacriter
3126 4522 3552 4584 persequuntur,

301 4588 582 4642 ποιοῦνται
616 4589 715 4661 τὴν
741 4590 921 4655 δίωξιν
943 4608 960 4623 ο
983 4592 1080 4646 ἐὰν
1128 4593 1238 4663 γὰρ
1293 4595 1754 4669 ἀντιστραφῶσιν,
1801 4598 1878 4662 ῶς

1987 4606 2058 4672 si,
2090 4607 2237 4677 quod
2277 4608 2397 4663 ﬁeri
2434 4609 2607 4676 solet,
2647 4616 2858 4665 vertant
2893 4623 2954 4663 se
2992 4607 3187 4661 iterum
3228 4605 3435 4670 hostes,
3465 4613 3555 4661 aut

299 4679 561 4748 πολλάκις
609 4682 840 4751 γίνεται,
891 4684 1184 4754 φεύγοντες
1237 4687 1290 4740 oi
1338 4689 1523 4759 ἐχθροὶ
1577 4690 1609 4761 ἢ
1660 4690 1879 4746 ἄλλοθέν

1982 4697 2205 4754 aliunde
2233 4699 2415 4755 subito
2457 4700 2582 4755 u0vi
2626 4700 2813 4756 hostes
2851 4698 3269 4763 intervenerint,
3315 4699 3554 4753 secunda

301 4770 464 4827 ποθεν
493 4772 775 4841 αἰφνιδίως
822 4774 1125 4830 ἐπέλθωσιν
1163 4777 1370 4849 ἐχθροὶ,
1402 4778 1614 4848 γίνεται
1651 4781 1879 4855 δευτέρα

1989 4789 2133 4845 acies
2177 4806 2498 4856 occurrens,
2538 4792 2768 4863 primam
2798 4792 2967 4847 aciem
3001 4798 3296 4860 congregat
3330 4798 3384 4845 et
3422 4804 3556 4845 cou-

296 4862 451 4927 τάξις
488 4864 783 4918 ἀπαντῶσα
820 4864 915 4919 καὶ
940 4867 1246 4937 συνάγουσα
1265 4870 1359 4923 καὶ
1393 4870 1735 4941 φυλάττουσα
1757 4877 1880 4940 τοὺς
1913 4913 1957 4969 D
1987 4889 2189 4935 servat.
2372 4868 2375 4871 λ

295 4954 398 5021 τῆς
454 4952 676 5024 πρώτης
707 4957 1085 5025 παρατάξεως.

370 5043 465 5114 ιη’.
511 5046 669 5100 Ἀ).λά
701 5048 814 5114 καὶ,
849 5048 878 5101 ὃ
908 5049 982 5121 μὴ
1027 5050 1269 5121 γένηται,
1306 5052 1401 5107 ἐάν
1432 5055 1614 5126 συμϐῇ
1668 5055 1878 5111 τελείαν

2056 5061 2142 5117 18.
2176 5061 2300 5130 Sed,
2327 5065 2475 5134 quod
2512 5063 2675 5131 absit,
2706 5062 2751 5118 si
2789 5062 2962 5133 prima
2992 5061 3143 5116 acies
3176 5062 3430 5132 protinus
3460 5080 3556 5119 rc-

292 5137 505 5204 τροπὴν
530 5137 782 5205 γενέσθαι
806 5139 905 5209 τῆς
930 5140 1150 5213 πρώτης
1176 5142 1404 5213 τάξεως,
1434 5146 1532 5199 καὶ
1564 5147 1628 5199 οὐ
1650 5145 1877 5201 δύναται

1984 5153 2238 5223 pellatnr,
2263 5170 2437 5225 neque
2460 5154 2708 5211 reuocari
2737 5154 2807 5209 ad
2837 5154 3187 5225 pugnandum
3223 5171 3346 5210 cum
3381 5156 3554 5211 hosti-

295 5228 734 5300 ἁντιστραφῆναι
788 5232 929 5286 κατά
978 5233 1086 5287 τῶν
1146 5234 1484 5291 ἐπελθόντων
1534 5237 1671 5309 αὐτῇ
1718 5238 1878 5292 πολε-

1985 5246 2089 5301 hus
2109 5248 2329 5317 poterit,
2352 5246 2585 5303 secunda
2607 5246 2753 5302 acies
2774 5245 3064 5302 confestim
3091 5247 3355 5303 instructa
3376 5246 3552 5313 adest,

301 5320 465 5387 μίων,
492 5321 807 5389 εὑρίσκεται
837 5324 871 5394 ή
900 5323 1128 5395 δευτέρα
1156 5325 1310 5391 τάξις
1355 5326 1569 5399 ἑτοίμη,
1608 5330 1700 5383 καὶ
1729 5330 1880 5384 εὐκό-

1982 5352 2105 5407 quae
2126 5337 2434 5394 secundum
2450 5337 2706 5409 prmliutu
2750 5337 2946 5393 iterum
2975 5337 3156 5402 ineat,
3174 5340 3318 5394 etde
3341 5353 3553 5393 summa

293 5409 407 5475 λως
448 5412 674 5483 πολεμεῖ
718 5414 813 5469 καὶ
860 5416 1286 5484 καταγωνίζεται
1321 5417 1421 5489 τὴν
1446 5419 1695 5474 ἐναντίαν
1721 5420 1880 5475 δύνα-

1869 5450 1880 5462 ·
1984 5443 2169 5484 rerum
2190 5430 2351 5485 etiam
2386 5430 2646 5495 decertet,
2671 5429 2851 5500 prima
2875 5430 2993 5486 acie
3031 5431 3284 5486 universa
3318 5429 3457 5483 fusa.

297 5518 417 5571 μιν,
452 5504 557 5558 κᾶν
600 5504 742 5576 τάχα
796 5506 1074 5571 παντελῶς
1135 5511 1316 5583 τραπῇ
1348 5511 1382 5581 ἡ
1413 5509 1605 5583 πρώτη
1633 5513 1877 5584 παράτα-

284 5592 400 5658 εις.

372 5683 459 5739 ιϐ’.
492 5686 601 5741 Καὶ
633 5687 737 5759 γὰρ
766 5689 977 5761 ἀνάγκη
1011 5692 1160 5746 πᾶσα
1189 5691 1284 5763 τὴν
1312 5692 1464 5760 τάξιν
1492 5694 1600 5748 τῶν
1624 5695 1876 5750 ἐναντίων

2059 5690 2145 5745 l9.
2181 5688 2414 5747 Necesse
2434 5702 2518 5748 est
2541 5694 2687 5749 enim
2718 5694 2888 5750 aciem
2920 5694 3177 5756 hostium,
3208 5702 3327 5763 post
3355 5691 3552 5748 bellum

290 5776 508 5847 ἐχθρῶν
559 5778 668 5831 ἀπὸ
696 5779 794 5848 τῆς
818 5783 1234 5850 συγκροτήσεως
1266 5783 1359 5837 τοῦ
1402 5785 1635 5856 πολέμου
1674 5787 1878 5842 ἀκατά-

1980 5784 2092 5856 jam
2127 5782 2482 5839 commissum
2528 5791 2582 5839 et
2630 5796 2913 5841 consertas
2973 5802 3197 5851 manus,
3235 5785 3552 5857 dissipatam

299 5884 496 5921 στατον
521 5870 771 5937 γενέσθαι
797 5873 889 5925 καὶ
913 5872 1322 5947 διαλελυμένην,
1347 5877 1439 5930 καὶ
1466 5878 1565 5947 τῆς
1599 5878 1874 5950 ἡμετέρας

1984 5886 2147 5947 atque
2168 5877 2567 5946 aliquantulum
2602 5877 2963 5933 inordinatam
2998 5894 3141 5945 esse,
3172 5879 3407 5935 secunda
3437 5879 3555 5934 acie

293 5960 558 6031 δευτέρας
625 5963 829 6029 τάξεως
898 5964 1177 6032 εὐτάκτως
1238 5969 1534 6040 ῐσταμένης
1594 5971 1686 6026 καὶ
1744 5972 1881 6038 μετά

1989 5976 2176 6025 nostra
2216 5969 2395 6025 adhuc
2449 5970 2658 6041 integra
2711 5977 2874 6039 atque
2921 5969 3203 6037 ordinata,
3240 5984 3361 6041 quae
3411 5976 3556 6028 certe
