  <div class='ocr_page' id='page_1' title='image "/cluster/home/n/w/nwhite01/storage/ocr_20150623/107/coo.31924054870112/451.png"; bbox 0 0 4090 6502; ppageno 0'>
   <div class='ocr_carea' id='block_1_1' title="bbox 497 538 3761 610">
    <p class='ocr_par' dir='ltr' id='par_1_1' title="bbox 497 538 3761 610">
     <span class='ocr_line' id='line_1_1' title="bbox 497 538 3761 610; baseline -0.001 -4"><span class='ocrx_word' id='word_1_1' title='bbox 497 541 601 606; x_wconf 83' lang='grc'>811</span> <span class='ocrx_word' id='word_1_2' title='bbox 1761 547 2040 610; x_wconf 77' lang='lat' dir='ltr'>LEONIS</span> <span class='ocrx_word' id='word_1_3' title='bbox 2076 547 2538 607; x_wconf 80' lang='lat' dir='ltr'>PHILOSOPHI</span> <span class='ocrx_word' id='word_1_4' title='bbox 3651 538 3761 605; x_wconf 79' lang='lat'>812</span> 
     </span>
    </p>
   </div>
   <div class='ocr_carea' id='block_1_2' title="bbox 498 652 2113 726">
    <p class='ocr_par' dir='ltr' id='par_1_2' title="bbox 498 654 2113 725">
     <span class='ocr_line' id='line_1_2' title="bbox 498 654 2113 725; baseline 0.003 -19"><span class='ocrx_word' id='word_1_5' title='bbox 498 654 562 708; x_wconf 82' lang='lat' dir='ltr'>ad</span> <span class='ocrx_word' id='word_1_6' title='bbox 618 654 900 708; x_wconf 81' lang='lat' dir='ltr'>victoriam</span> <span class='ocrx_word' id='word_1_7' title='bbox 951 669 1144 725; x_wconf 81' lang='lat' dir='ltr'><strong>magna</strong></span> <span class='ocrx_word' id='word_1_8' title='bbox 1215 656 1461 724; x_wconf 78' lang='lat' dir='ltr'><strong>praesidia</strong></span> <span class='ocrx_word' id='word_1_9' title='bbox 1521 656 1716 722; x_wconf 87' lang='lat' dir='ltr'><strong>habet,</strong></span> <span class='ocrx_word' id='word_1_10' title='bbox 1789 672 1912 712; x_wconf 90' lang='lat' dir='ltr'>cum</span> <span class='ocrx_word' id='word_1_11' title='bbox 1981 658 2113 720; x_wconf 77' lang='grc' dir='ltr'>ἰιι-⁴</span> 
     </span>
    </p>
   </div>
   <div class='ocr_carea' id='block_1_3' title="bbox 2153 652 3768 726">
    <p class='ocr_par' dir='ltr' id='par_1_3' title="bbox 2175 652 3768 726">
     <span class='ocr_line' id='line_1_3' title="bbox 2175 652 3768 726; baseline -0.002 -16"><span class='ocrx_word' id='word_1_12' title='bbox 2175 659 2582 720; x_wconf 70' lang='grc' dir='ltr'>καταστάσεως,</span> <span class='ocrx_word' id='word_1_13' title='bbox 2618 656 2717 725; x_wconf 78' lang='grc' dir='ltr'>τῆς</span> <span class='ocrx_word' id='word_1_14' title='bbox 2751 655 2808 708; x_wconf 79' lang='grc' dir='ltr'>δὲ</span> <span class='ocrx_word' id='word_1_15' title='bbox 2849 655 2955 709; x_wconf 86' lang='grc' dir='ltr'>τῶν</span> <span class='ocrx_word' id='word_1_16' title='bbox 2984 654 3195 725; x_wconf 77' lang='grc' dir='ltr'>ἐχθρῶν</span> <span class='ocrx_word' id='word_1_17' title='bbox 3247 652 3604 726; x_wconf 65' lang='grc' dir='ltr'>πεφυρμένης</span> <span class='ocrx_word' id='word_1_18' title='bbox 3632 669 3768 724; x_wconf 83' lang='grc' dir='ltr'>προ-</span> 
     </span>
    </p>
   </div>
   <div class='ocr_carea' id='block_1_4' title="bbox 495 745 2110 820">
    <p class='ocr_par' dir='ltr' id='par_1_4' title="bbox 495 747 2073 820">
     <span class='ocr_line' id='line_1_4' title="bbox 495 747 2073 820; baseline 0.003 -20"><span class='ocrx_word' id='word_1_19' title='bbox 495 755 703 800; x_wconf 86' lang='lat' dir='ltr'><strong>structa</strong></span> <span class='ocrx_word' id='word_1_20' title='bbox 753 757 806 801; x_wconf 91' lang='lat' dir='ltr'>et</span> <span class='ocrx_word' id='word_1_21' title='bbox 852 747 1089 816; x_wconf 89' lang='lat' dir='ltr'><strong>perfecta</strong></span> <span class='ocrx_word' id='word_1_22' title='bbox 1140 749 1402 804; x_wconf 78' lang='lat' dir='ltr'><strong>adversus</strong></span> <span class='ocrx_word' id='word_1_23' title='bbox 1445 749 1731 804; x_wconf 88' lang='lat' dir='ltr'><strong>confusam</strong></span> <span class='ocrx_word' id='word_1_24' title='bbox 1769 761 1820 805; x_wconf 89' lang='lat' dir='ltr'>et</span> <span class='ocrx_word' id='word_1_25' title='bbox 1858 760 2073 820; x_wconf 82' lang='lat' dir='ltr'><strong>pertur-</strong></span> 
     </span>
    </p>
   </div>
   <div class='ocr_carea' id='block_1_5' title="bbox 2153 745 3768 820">
    <p class='ocr_par' dir='ltr' id='par_1_5' title="bbox 2176 745 3768 819">
     <span class='ocr_line' id='line_1_5' title="bbox 2176 745 3768 819; baseline -0.001 -17"><span class='ocrx_word' id='word_1_26' title='bbox 2176 752 2354 819; x_wconf 83' lang='grc' dir='ltr'>τερεῖν</span> <span class='ocrx_word' id='word_1_27' title='bbox 2413 749 2612 819; x_wconf 74' lang='grc' dir='ltr'>μᾶλλον</span> <span class='ocrx_word' id='word_1_28' title='bbox 2674 747 2769 819; x_wconf 84' lang='grc' dir='ltr'>τὴν</span> <span class='ocrx_word' id='word_1_29' title='bbox 2813 747 3090 818; x_wconf 78' lang='grc' dir='ltr'>ἡμετέραν</span> <span class='ocrx_word' id='word_1_30' title='bbox 3141 747 3231 801; x_wconf 68' lang='grc' dir='ltr'>καὶ</span> <span class='ocrx_word' id='word_1_31' title='bbox 3281 745 3591 800; x_wconf 76' lang='grc' dir='ltr'>ἐπιδιώκειν</span> <span class='ocrx_word' id='word_1_32' title='bbox 3641 748 3768 811; x_wconf 80' lang='grc' dir='ltr'>τοὺς</span> 
     </span>
    </p>
   </div>
   <div class='ocr_carea' id='block_1_6' title="bbox 495 837 2110 908">
    <p class='ocr_par' dir='ltr' id='par_1_6' title="bbox 495 840 1695 897">
     <span class='ocr_line' id='line_1_6' title="bbox 495 840 1695 897; baseline 0.003 -4"><span class='ocrx_word' id='word_1_33' title='bbox 495 841 677 893; x_wconf 88' lang='lat' dir='ltr'><strong>batam</strong></span> <span class='ocrx_word' id='word_1_34' title='bbox 711 840 992 895; x_wconf 84' lang='lat' dir='ltr'>hominum</span> <span class='ocrx_word' id='word_1_35' title='bbox 1029 841 1430 896; x_wconf 89' lang='lat' dir='ltr'><strong>multitudinem</strong></span> <span class='ocrx_word' id='word_1_36' title='bbox 1455 842 1695 897; x_wconf 75' lang='lat' dir='ltr'><strong>dimicet.</strong></span> 
     </span>
    </p>
   </div>
   <div class='ocr_carea' id='block_1_7' title="bbox 1248 837 2863 908">
    <p class='ocr_par' dir='ltr' id='par_1_7' title="bbox 1248 837 2863 908">
     <span class='ocr_line' id='line_1_7' title="bbox 1248 837 2863 908; baseline -0.002 -12"><span class='ocrx_word' id='word_1_37' title='bbox 1248 841 1430 896; x_wconf 87' lang='lat' dir='ltr'><strong>dinem</strong></span> <span class='ocrx_word' id='word_1_38' title='bbox 1455 842 1695 897; x_wconf 75' lang='lat' dir='ltr'><strong>dimicet.</strong></span> <span class='ocrx_word' id='word_1_39' title='bbox 2179 839 2538 902; x_wconf 74' lang='grc' dir='ltr'>διαλύσαντας</span> <span class='ocrx_word' id='word_1_40' title='bbox 2563 838 2662 908; x_wconf 78' lang='grc' dir='ltr'>τὴν</span> <span class='ocrx_word' id='word_1_41' title='bbox 2688 837 2863 901; x_wconf 79' lang='grc' dir='ltr'>τάξιν.</span> 
     </span>
    </p>
   </div>
   <div class='ocr_carea' id='block_1_8' title="bbox 565 926 2180 1003">
    <p class='ocr_par' dir='ltr' id='par_1_8' title="bbox 565 929 2074 1003">
     <span class='ocr_line' id='line_1_8' title="bbox 565 929 2074 1003; baseline 0.001 -18"><span class='ocrx_word' id='word_1_42' title='bbox 565 929 658 985; x_wconf 75' lang='lat'><strong>20.</strong></span> <span class='ocrx_word' id='word_1_43' title='bbox 693 929 880 998; x_wconf 84' lang='lat' dir='ltr'><strong>Neque</strong></span> <span class='ocrx_word' id='word_1_44' title='bbox 919 946 1047 986; x_wconf 87' lang='lat' dir='ltr'><strong>vero</strong></span> <span class='ocrx_word' id='word_1_45' title='bbox 1087 932 1265 986; x_wconf 88' lang='lat' dir='ltr'><strong>solum</strong></span> <span class='ocrx_word' id='word_1_46' title='bbox 1313 933 1623 988; x_wconf 81' lang='lat' dir='ltr'><strong>necessaria</strong></span> <span class='ocrx_word' id='word_1_47' title='bbox 1671 944 1753 988; x_wconf 90' lang='lat' dir='ltr'>est</span> <span class='ocrx_word' id='word_1_48' title='bbox 1795 935 2074 1003; x_wconf 82' lang='lat' dir='ltr'><strong>copiarum</strong></span> 
     </span>
    </p>
   </div>
   <div class='ocr_carea' id='block_1_9' title="bbox 2148 926 3763 1003">
    <p class='ocr_par' dir='ltr' id='par_1_9' title="bbox 2255 926 3763 999">
     <span class='ocr_line' id='line_1_9' title="bbox 2255 926 3763 999; baseline -0.003 -15"><span class='ocrx_word' id='word_1_49' title='bbox 2255 939 2322 985; x_wconf 87' lang='grc' dir='ltr'>κ’.</span> <span class='ocrx_word' id='word_1_50' title='bbox 2371 929 2533 984; x_wconf 79' lang='grc' dir='ltr'>Ἀλλά</span> <span class='ocrx_word' id='word_1_51' title='bbox 2587 928 2763 983; x_wconf 79' lang='grc' dir='ltr'>καὶτὸ</span> <span class='ocrx_word' id='word_1_52' title='bbox 2790 927 3218 999; x_wconf 84' lang='grc' dir='ltr'>ἀναγκαιότερον</span> <span class='ocrx_word' id='word_1_53' title='bbox 3271 926 3421 997; x_wconf 75' lang='grc' dir='ltr'>παρὰ</span> <span class='ocrx_word' id='word_1_54' title='bbox 3453 926 3653 992; x_wconf 88' lang='grc' dir='ltr'>πάντα,</span> <span class='ocrx_word' id='word_1_55' title='bbox 3680 926 3763 979; x_wconf 81' lang='grc' dir='ltr'>ὅτι</span> 
     </span>
    </p>
   </div>
   <div class='ocr_carea' id='block_1_10' title="bbox 495 1018 2110 1096">
    <p class='ocr_par' dir='ltr' id='par_1_10' title="bbox 495 1019 2079 1096">
     <span class='ocr_line' id='line_1_10' title="bbox 495 1019 2079 1096; baseline 0.003 -20"><span class='ocrx_word' id='word_1_56' title='bbox 495 1033 810 1078; x_wconf 83' lang='lat' dir='ltr'><strong>nostrarum</strong></span> <span class='ocrx_word' id='word_1_57' title='bbox 863 1023 917 1077; x_wconf 92' lang='lat' dir='ltr'>in</span> <span class='ocrx_word' id='word_1_58' title='bbox 967 1021 1106 1079; x_wconf 88' lang='lat' dir='ltr'><strong>duas</strong></span> <span class='ocrx_word' id='word_1_59' title='bbox 1160 1024 1310 1080; x_wconf 85' lang='lat' dir='ltr'><strong>acies</strong></span> <span class='ocrx_word' id='word_1_60' title='bbox 1354 1019 1590 1091; x_wconf 75' lang='lat' dir='ltr'><strong>divisio,</strong></span> <span class='ocrx_word' id='word_1_61' title='bbox 1643 1025 1864 1094; x_wconf 85' lang='lat' dir='ltr'><strong>quando</strong></span> <span class='ocrx_word' id='word_1_62' title='bbox 1916 1040 2079 1096; x_wconf 86' lang='lat' dir='ltr'><strong>pares</strong></span> 
     </span>
    </p>
   </div>
   <div class='ocr_carea' id='block_1_11' title="bbox 2156 1018 3771 1096">
    <p class='ocr_par' dir='ltr' id='par_1_11' title="bbox 2180 1018 3771 1094">
     <span class='ocr_line' id='line_1_11' title="bbox 2180 1018 3771 1094; baseline -0.005 -16"><span class='ocrx_word' id='word_1_63' title='bbox 2180 1025 2240 1078; x_wconf 79' lang='grc' dir='ltr'>οὐ</span> <span class='ocrx_word' id='word_1_64' title='bbox 2281 1023 2441 1094; x_wconf 87' lang='grc' dir='ltr'>μόνον</span> <span class='ocrx_word' id='word_1_65' title='bbox 2507 1021 2645 1092; x_wconf 77' lang='grc' dir='ltr'>πρὸς</span> <span class='ocrx_word' id='word_1_66' title='bbox 2674 1021 2772 1084; x_wconf 79' lang='grc' dir='ltr'>τὰς</span> <span class='ocrx_word' id='word_1_67' title='bbox 2806 1021 3125 1093; x_wconf 86' lang='grc' dir='ltr'>ίσομέτρους</span> <span class='ocrx_word' id='word_1_68' title='bbox 3147 1020 3432 1089; x_wconf 84' lang='grc' dir='ltr'>δυνάμεις,</span> <span class='ocrx_word' id='word_1_69' title='bbox 3462 1021 3630 1088; x_wconf 63' lang='grc' dir='ltr'>ἦγοιν</span> <span class='ocrx_word' id='word_1_70' title='bbox 3658 1018 3771 1071; x_wconf 87' lang='grc' dir='ltr'>τῶν</span> 
     </span>
    </p>
   </div>
   <div class='ocr_carea' id='block_1_12' title="bbox 497 1111 2112 1189">
    <p class='ocr_par' dir='ltr' id='par_1_12' title="bbox 497 1114 2080 1186">
     <span class='ocr_line' id='line_1_12' title="bbox 497 1114 2080 1186; baseline 0.003 -20"><span class='ocrx_word' id='word_1_71' title='bbox 497 1123 662 1183; x_wconf 85' lang='lat' dir='ltr'><strong>atque</strong></span> <span class='ocrx_word' id='word_1_72' title='bbox 698 1114 938 1185; x_wconf 72' lang='lat' dir='ltr'><strong>aequales</strong></span> <span class='ocrx_word' id='word_1_73' title='bbox 977 1116 1197 1170; x_wconf 77' lang='lat' dir='ltr'><strong>nostrae</strong></span> <span class='ocrx_word' id='word_1_74' title='bbox 1229 1124 1394 1185; x_wconf 86' lang='lat' dir='ltr'><strong>atque</strong></span> <span class='ocrx_word' id='word_1_75' title='bbox 1433 1116 1674 1171; x_wconf 89' lang='lat' dir='ltr'><strong>hostium</strong></span> <span class='ocrx_word' id='word_1_76' title='bbox 1717 1115 1885 1186; x_wconf 66' lang='lat' dir='ltr'><strong>copiae</strong></span> <span class='ocrx_word' id='word_1_77' title='bbox 1936 1117 2080 1171; x_wconf 88' lang='lat' dir='ltr'><strong>inter</strong></span> 
     </span>
    </p>
   </div>
   <div class='ocr_carea' id='block_1_13' title="bbox 2159 1111 3774 1189">
    <p class='ocr_par' dir='ltr' id='par_1_13' title="bbox 2180 1111 3774 1189">
     <span class='ocr_line' id='line_1_13' title="bbox 2180 1111 3774 1189; baseline -0.008 -15"><span class='ocrx_word' id='word_1_78' title='bbox 2180 1137 2240 1174; x_wconf 84' lang='grc' dir='ltr'>τε</span> <span class='ocrx_word' id='word_1_79' title='bbox 2278 1117 2565 1189; x_wconf 79' lang='grc' dir='ltr'>ἡμετέρων</span> <span class='ocrx_word' id='word_1_80' title='bbox 2615 1115 2860 1170; x_wconf 76' lang='grc' dir='ltr'>καὶτῶν</span> <span class='ocrx_word' id='word_1_81' title='bbox 2920 1115 3178 1168; x_wconf 73' lang='grc' dir='ltr'>ἐναντίων</span> <span class='ocrx_word' id='word_1_82' title='bbox 3237 1113 3469 1184; x_wconf 81' lang='grc' dir='ltr'>ἁρμοδία</span> <span class='ocrx_word' id='word_1_83' title='bbox 3528 1111 3774 1164; x_wconf 58' lang='grc' dir='ltr'>ἐστικαὶ</span> 
     </span>
    </p>
   </div>
   <div class='ocr_carea' id='block_1_14' title="bbox 497 1203 2112 1281">
    <p class='ocr_par' dir='ltr' id='par_1_14' title="bbox 497 1205 2080 1280">
     <span class='ocr_line' id='line_1_14' title="bbox 497 1205 2080 1280; baseline 0.003 -21"><span class='ocrx_word' id='word_1_84' title='bbox 497 1221 558 1260; x_wconf 90' lang='lat' dir='ltr'>se</span> <span class='ocrx_word' id='word_1_85' title='bbox 588 1205 810 1272; x_wconf 86' lang='lat' dir='ltr'><strong>fuerint,</strong></span> <span class='ocrx_word' id='word_1_86' title='bbox 838 1208 930 1262; x_wconf 89' lang='lat' dir='ltr'>sed</span> <span class='ocrx_word' id='word_1_87' title='bbox 957 1217 1071 1262; x_wconf 92' lang='lat' dir='ltr'>tum</span> <span class='ocrx_word' id='word_1_88' title='bbox 1099 1207 1153 1261; x_wconf 91' lang='lat' dir='ltr'>in</span> <span class='ocrx_word' id='word_1_89' title='bbox 1186 1208 1379 1277; x_wconf 84' lang='lat' dir='ltr'><strong>primis</strong></span> <span class='ocrx_word' id='word_1_90' title='bbox 1402 1223 1524 1263; x_wconf 88' lang='lat' dir='ltr'>cum</span> <span class='ocrx_word' id='word_1_91' title='bbox 1555 1209 1790 1280; x_wconf 86' lang='lat' dir='ltr'><strong>majores</strong></span> <span class='ocrx_word' id='word_1_92' title='bbox 1811 1224 1872 1263; x_wconf 91' lang='lat' dir='ltr'>ac</span> <span class='ocrx_word' id='word_1_93' title='bbox 1895 1208 2080 1279; x_wconf 88' lang='lat' dir='ltr'><strong>plures</strong></span> 
     </span>
    </p>
   </div>
   <div class='ocr_carea' id='block_1_15' title="bbox 2159 1203 3774 1281">
    <p class='ocr_par' dir='ltr' id='par_1_15' title="bbox 2183 1203 3774 1281">
     <span class='ocr_line' id='line_1_15' title="bbox 2183 1203 3774 1281; baseline -0.008 -14"><span class='ocrx_word' id='word_1_94' title='bbox 2183 1211 2480 1281; x_wconf 83' lang='grc' dir='ltr'>ἀναγκαία,</span> <span class='ocrx_word' id='word_1_95' title='bbox 2509 1210 2585 1273; x_wconf 84' lang='grc' dir='ltr'>ὡς</span> <span class='ocrx_word' id='word_1_96' title='bbox 2613 1208 2847 1278; x_wconf 73' lang='grc' dir='ltr'>εἴρηται,</span> <span class='ocrx_word' id='word_1_97' title='bbox 2875 1209 2908 1277; x_wconf 85' lang='grc' dir='ltr'>ἡ</span> <span class='ocrx_word' id='word_1_98' title='bbox 2941 1209 3021 1271; x_wconf 86' lang='grc' dir='ltr'>είς</span> <span class='ocrx_word' id='word_1_99' title='bbox 3061 1206 3154 1260; x_wconf 80' lang='grc' dir='ltr'>δύο</span> <span class='ocrx_word' id='word_1_100' title='bbox 3178 1205 3515 1277; x_wconf 77' lang='grc' dir='ltr'>παρατάξεις</span> <span class='ocrx_word' id='word_1_101' title='bbox 3562 1203 3741 1272; x_wconf 86' lang='grc' dir='ltr'>διαίρε</span> <span class='ocrx_word' id='word_1_102' title='bbox 3763 1230 3774 1241; x_wconf 71' lang='grc' dir='ltr'>ε</span> 
     </span>
    </p>
   </div>
   <div class='ocr_carea' id='block_1_16' title="bbox 499 1293 2114 1371">
    <p class='ocr_par' dir='ltr' id='par_1_16' title="bbox 499 1299 1439 1369">
     <span class='ocr_line' id='line_1_16' title="bbox 499 1299 1439 1369; baseline 0.004 -19"><span class='ocrx_word' id='word_1_103' title='bbox 499 1299 702 1354; x_wconf 86' lang='lat' dir='ltr'><strong>nostris</strong></span> <span class='ocrx_word' id='word_1_104' title='bbox 731 1299 972 1369; x_wconf 88' lang='lat' dir='ltr'><strong>ipsorum</strong></span> <span class='ocrx_word' id='word_1_105' title='bbox 1009 1300 1178 1367; x_wconf 83' lang='lat' dir='ltr'><strong>cepiae</strong></span> <span class='ocrx_word' id='word_1_106' title='bbox 1217 1300 1439 1355; x_wconf 78' lang='lat' dir='ltr'><strong>fuerint.</strong></span> 
     </span>
    </p>
   </div>
   <div class='ocr_carea' id='block_1_17' title="bbox 2157 1293 3772 1371">
    <p class='ocr_par' dir='ltr' id='par_1_17' title="bbox 2187 1293 3772 1371">
     <span class='ocr_line' id='line_1_17' title="bbox 2187 1293 3772 1371; baseline -0.006 -14"><span class='ocrx_word' id='word_1_107' title='bbox 2187 1321 2268 1366; x_wconf 84' lang='grc' dir='ltr'>σις</span> <span class='ocrx_word' id='word_1_108' title='bbox 2321 1303 2416 1355; x_wconf 77' lang='grc' dir='ltr'>τοῦ</span> <span class='ocrx_word' id='word_1_109' title='bbox 2464 1300 2720 1371; x_wconf 74' lang='grc' dir='ltr'>στρατοῦ,</span> <span class='ocrx_word' id='word_1_110' title='bbox 2752 1298 2888 1352; x_wconf 77' lang='grc' dir='ltr'>ἀλλὰ</span> <span class='ocrx_word' id='word_1_111' title='bbox 2934 1300 3029 1351; x_wconf 77' lang='grc' dir='ltr'>καὶ</span> <span class='ocrx_word' id='word_1_112' title='bbox 3085 1299 3221 1369; x_wconf 70' lang='grc' dir='ltr'>προς</span> <span class='ocrx_word' id='word_1_113' title='bbox 3261 1299 3358 1362; x_wconf 77' lang='grc' dir='ltr'>τὰς</span> <span class='ocrx_word' id='word_1_114' title='bbox 3390 1293 3772 1366; x_wconf 75' lang='grc' dir='ltr'>ὑπερεχούσας</span> 
     </span>
    </p>
   </div>
   <div class='ocr_carea' id='block_1_18' title="bbox 2188 1392 3413 1466">
    <p class='ocr_par' dir='ltr' id='par_1_18' title="bbox 2188 1392 3413 1466">
     <span class='ocr_line' id='line_1_18' title="bbox 2188 1392 3413 1466; baseline -0.006 -14"><span class='ocrx_word' id='word_1_115' title='bbox 2188 1399 2282 1452; x_wconf 68' lang='grc' dir='ltr'>καὶ</span> <span class='ocrx_word' id='word_1_116' title='bbox 2312 1397 2472 1451; x_wconf 80' lang='grc' dir='ltr'>πλέον</span> <span class='ocrx_word' id='word_1_117' title='bbox 2503 1395 2612 1449; x_wconf 90' lang='grc' dir='ltr'>τῶν</span> <span class='ocrx_word' id='word_1_118' title='bbox 2633 1394 2919 1466; x_wconf 78' lang='grc' dir='ltr'>ἡμετέρων</span> <span class='ocrx_word' id='word_1_119' title='bbox 2944 1394 3110 1455; x_wconf 70' lang='grc' dir='ltr'>οὔσας</span> <span class='ocrx_word' id='word_1_120' title='bbox 3135 1392 3413 1461; x_wconf 78' lang='grc' dir='ltr'>δυνάμεις.</span> 
     </span>
    </p>
   </div>
   <div class='ocr_carea' id='block_1_19' title="bbox 574 1477 2189 1554">
    <p class='ocr_par' dir='ltr' id='par_1_19' title="bbox 574 1479 2082 1549">
     <span class='ocr_line' id='line_1_19' title="bbox 574 1479 2082 1549; baseline 0 -15"><span class='ocrx_word' id='word_1_121' title='bbox 574 1480 664 1535; x_wconf 74' lang='lat' dir='ltr'><strong>~2l.</strong></span> <span class='ocrx_word' id='word_1_122' title='bbox 699 1479 793 1533; x_wconf 85' lang='lat' dir='ltr'>Sin</span> <span class='ocrx_word' id='word_1_123' title='bbox 831 1479 955 1549; x_wconf 86' lang='lat' dir='ltr'><strong>quis</strong></span> <span class='ocrx_word' id='word_1_124' title='bbox 1002 1479 1186 1535; x_wconf 86' lang='lat' dir='ltr'><strong>dicat:</strong></span> <span class='ocrx_word' id='word_1_125' title='bbox 1223 1481 1480 1548; x_wconf 64' lang='lat' dir='ltr'><strong>Quaenam</strong></span> <span class='ocrx_word' id='word_1_126' title='bbox 1524 1480 1738 1533; x_wconf 84' lang='lat' dir='ltr'><strong>tandem</strong></span> <span class='ocrx_word' id='word_1_127' title='bbox 1787 1479 1950 1548; x_wconf 86' lang='lat' dir='ltr'><strong>hujus</strong></span> <span class='ocrx_word' id='word_1_128' title='bbox 1992 1495 2082 1534; x_wconf 87' lang='lat' dir='ltr'><strong>se-</strong></span> 
     </span>
    </p>
   </div>
   <div class='ocr_carea' id='block_1_20' title="bbox 2159 1477 3774 1554">
    <p class='ocr_par' dir='ltr' id='par_1_20' title="bbox 2258 1477 3774 1554">
     <span class='ocr_line' id='line_1_20' title="bbox 2258 1477 3774 1554; baseline -0.006 -11"><span class='ocrx_word' id='word_1_129' title='bbox 2258 1495 2360 1543; x_wconf 85' lang='grc' dir='ltr'>κα’.</span> <span class='ocrx_word' id='word_1_130' title='bbox 2410 1477 2535 1542; x_wconf 72' lang='grc' dir='ltr'>Ἐάν</span> <span class='ocrx_word' id='word_1_131' title='bbox 2572 1489 2628 1541; x_wconf 87' lang='grc' dir='ltr'>δέ</span> <span class='ocrx_word' id='word_1_132' title='bbox 2673 1505 2757 1552; x_wconf 89' lang='grc' dir='ltr'>τις</span> <span class='ocrx_word' id='word_1_133' title='bbox 2799 1487 2976 1554; x_wconf 88' lang='grc' dir='ltr'>λέγει,</span> <span class='ocrx_word' id='word_1_134' title='bbox 3014 1486 3095 1538; x_wconf 85' lang='grc' dir='ltr'>ὅτι</span> <span class='ocrx_word' id='word_1_135' title='bbox 3142 1484 3207 1537; x_wconf 83' lang='grc' dir='ltr'>Τί</span> <span class='ocrx_word' id='word_1_136' title='bbox 3255 1483 3482 1552; x_wconf 80' lang='grc' dir='ltr'>ὅφελος;</span> <span class='ocrx_word' id='word_1_137' title='bbox 3522 1484 3621 1552; x_wconf 78' lang='grc' dir='ltr'>τῆς</span> <span class='ocrx_word' id='word_1_138' title='bbox 3664 1481 3774 1553; x_wconf 81' lang='grc' dir='ltr'>γάρ</span> 
     </span>
    </p>
   </div>
   <div class='ocr_carea' id='block_1_21' title="bbox 504 1565 2119 1652">
    <p class='ocr_par' dir='ltr' id='par_1_21' title="bbox 504 1569 2085 1640">
     <span class='ocr_line' id='line_1_21' title="bbox 504 1569 2085 1640; baseline -0.002 -14"><span class='ocrx_word' id='word_1_139' title='bbox 504 1572 697 1626; x_wconf 70' lang='lat' dir='ltr'><strong>cundaa</strong></span> <span class='ocrx_word' id='word_1_140' title='bbox 735 1571 870 1624; x_wconf 88' lang='lat' dir='ltr'><strong>aciei</strong></span> <span class='ocrx_word' id='word_1_141' title='bbox 918 1570 1124 1624; x_wconf 85' lang='lat' dir='ltr'><strong>utilitas</strong></span> <span class='ocrx_word' id='word_1_142' title='bbox 1160 1585 1280 1626; x_wconf 90' lang='lat' dir='ltr'><strong>esse</strong></span> <span class='ocrx_word' id='word_1_143' title='bbox 1319 1570 1545 1640; x_wconf 83' lang='lat' dir='ltr'><strong>potest?</strong></span> <span class='ocrx_word' id='word_1_144' title='bbox 1583 1570 1755 1639; x_wconf 90' lang='lat' dir='ltr'><strong>prima</strong></span> <span class='ocrx_word' id='word_1_145' title='bbox 1786 1569 1929 1622; x_wconf 90' lang='lat' dir='ltr'><strong>enim</strong></span> <span class='ocrx_word' id='word_1_146' title='bbox 1968 1569 2085 1623; x_wconf 87' lang='lat' dir='ltr'><strong>acie</strong></span> 
     </span>
    </p>
   </div>
   <div class='ocr_carea' id='block_1_22' title="bbox 2156 1565 3771 1652">
    <p class='ocr_par' dir='ltr' id='par_1_22' title="bbox 2187 1565 3771 1652">
     <span class='ocr_line' id='line_1_22' title="bbox 2187 1565 3771 1652; baseline -0.006 -18"><span class='ocrx_word' id='word_1_147' title='bbox 2187 1565 2414 1652; x_wconf 69' lang='grc' dir='ltr'>πρώτης</span> <span class='ocrx_word' id='word_1_148' title='bbox 2480 1579 2688 1645; x_wconf 82' lang='grc' dir='ltr'>τάξεως</span> <span class='ocrx_word' id='word_1_149' title='bbox 2738 1578 3155 1649; x_wconf 71' lang='grc' dir='ltr'>ταρασσομένης</span> <span class='ocrx_word' id='word_1_150' title='bbox 3212 1575 3305 1628; x_wconf 66' lang='grc' dir='ltr'>καὶ</span> <span class='ocrx_word' id='word_1_151' title='bbox 3374 1575 3723 1646; x_wconf 82' lang='grc' dir='ltr'>τρεπομένης</span> <span class='ocrx_word' id='word_1_152' title='bbox 3756 1617 3771 1639; x_wconf 93' lang='grc'>,</span> 
     </span>
    </p>
   </div>
   <div class='ocr_carea' id='block_1_23' title="bbox 507 1661 2122 1743">
    <p class='ocr_par' dir='ltr' id='par_1_23' title="bbox 507 1661 2085 1732">
     <span class='ocr_line' id='line_1_23' title="bbox 507 1661 2085 1732; baseline -0.001 -17"><span class='ocrx_word' id='word_1_153' title='bbox 507 1663 628 1716; x_wconf 86' lang='lat' dir='ltr'><strong>fusa</strong></span> <span class='ocrx_word' id='word_1_154' title='bbox 666 1670 721 1716; x_wconf 91' lang='lat' dir='ltr'>et</span> <span class='ocrx_word' id='word_1_155' title='bbox 768 1662 1004 1732; x_wconf 89' lang='lat' dir='ltr'><strong>repulsa,</strong></span> <span class='ocrx_word' id='word_1_156' title='bbox 1049 1663 1286 1717; x_wconf 88' lang='lat' dir='ltr'><strong>secunda</strong></span> <span class='ocrx_word' id='word_1_157' title='bbox 1327 1662 1473 1716; x_wconf 89' lang='lat' dir='ltr'><strong>acies</strong></span> <span class='ocrx_word' id='word_1_158' title='bbox 1502 1661 1659 1716; x_wconf 81' lang='lat' dir='ltr'><strong>facile</strong></span> <span class='ocrx_word' id='word_1_159' title='bbox 1697 1662 2085 1731; x_wconf 77' lang='lat' dir='ltr'><strong>tergiversatur</strong></span> 
     </span>
    </p>
   </div>
   <div class='ocr_carea' id='block_1_24' title="bbox 2162 1661 3777 1743">
    <p class='ocr_par' dir='ltr' id='par_1_24' title="bbox 2189 1665 3777 1743">
     <span class='ocr_line' id='line_1_24' title="bbox 2189 1665 3777 1743; baseline -0.006 -17"><span class='ocrx_word' id='word_1_160' title='bbox 2189 1672 2430 1743; x_wconf 80' lang='grc' dir='ltr'>εὐχερῶς</span> <span class='ocrx_word' id='word_1_161' title='bbox 2496 1673 2592 1724; x_wconf 75' lang='grc' dir='ltr'>καὶ</span> <span class='ocrx_word' id='word_1_162' title='bbox 2620 1673 2652 1742; x_wconf 83' lang='grc' dir='ltr'>ἡ</span> <span class='ocrx_word' id='word_1_163' title='bbox 2686 1670 2915 1742; x_wconf 85' lang='grc' dir='ltr'>δευτέρα</span> <span class='ocrx_word' id='word_1_164' title='bbox 2937 1669 3310 1736; x_wconf 85' lang='grc' dir='ltr'>συναπάγεται</span> <span class='ocrx_word' id='word_1_165' title='bbox 3346 1665 3506 1736; x_wconf 75' lang='grc' dir='ltr'>αὑτὴ,</span> <span class='ocrx_word' id='word_1_166' title='bbox 3532 1665 3626 1718; x_wconf 61' lang='lat' dir='ltr'>me</span> <span class='ocrx_word' id='word_1_167' title='bbox 3652 1681 3777 1717; x_wconf 90' lang='grc' dir='ltr'>συν-</span> 
     </span>
    </p>
   </div>
   <div class='ocr_carea' id='block_1_25' title="bbox 504 1750 2119 1832">
    <p class='ocr_par' dir='ltr' id='par_1_25' title="bbox 504 1753 2080 1824">
     <span class='ocr_line' id='line_1_25' title="bbox 504 1753 2080 1824; baseline -0.002 -16"><span class='ocrx_word' id='word_1_168' title='bbox 504 1755 643 1809; x_wconf 88' lang='lat' dir='ltr'><strong>etin</strong></span> <span class='ocrx_word' id='word_1_169' title='bbox 677 1753 859 1824; x_wconf 82' lang='lat' dir='ltr'><strong>fugam</strong></span> <span class='ocrx_word' id='word_1_170' title='bbox 903 1769 962 1809; x_wconf 92' lang='lat' dir='ltr'>se</span> <span class='ocrx_word' id='word_1_171' title='bbox 995 1755 1132 1809; x_wconf 88' lang='lat' dir='ltr'><strong>dat:</strong></span> <span class='ocrx_word' id='word_1_172' title='bbox 1169 1755 1217 1808; x_wconf 89' lang='lat' dir='ltr'>is</span> <span class='ocrx_word' id='word_1_173' title='bbox 1263 1769 1448 1810; x_wconf 89' lang='lat' dir='ltr'><strong>secum</strong></span> <span class='ocrx_word' id='word_1_174' title='bbox 1491 1754 1596 1808; x_wconf 91' lang='lat' dir='ltr'>hoc</span> <span class='ocrx_word' id='word_1_175' title='bbox 1645 1757 1806 1809; x_wconf 89' lang='lat' dir='ltr'><strong>modo</strong></span> <span class='ocrx_word' id='word_1_176' title='bbox 1845 1753 2080 1824; x_wconf 78' lang='lat' dir='ltr'><strong>cogitet:</strong></span> 
     </span>
    </p>
   </div>
   <div class='ocr_carea' id='block_1_26' title="bbox 2164 1750 3779 1832">
    <p class='ocr_par' dir='ltr' id='par_1_26' title="bbox 2188 1750 3779 1832">
     <span class='ocr_line' id='line_1_26' title="bbox 2188 1750 3779 1832; baseline -0.007 -16"><span class='ocrx_word' id='word_1_177' title='bbox 2188 1763 2450 1832; x_wconf 87' lang='grc' dir='ltr'>τρέπεται</span> <span class='ocrx_word' id='word_1_178' title='bbox 2483 1779 2496 1793; x_wconf 87' lang='grc'><strong>·</strong></span> <span class='ocrx_word' id='word_1_179' title='bbox 2543 1760 2679 1815; x_wconf 77' lang='grc' dir='ltr'>ἀλλὰ</span> <span class='ocrx_word' id='word_1_180' title='bbox 2732 1750 3022 1813; x_wconf 79' lang='grc' dir='ltr'>ἀκουσάτω</span> <span class='ocrx_word' id='word_1_181' title='bbox 3055 1759 3082 1812; x_wconf 86' lang='grc' dir='ltr'>ὁ</span> <span class='ocrx_word' id='word_1_182' title='bbox 3123 1756 3386 1819; x_wconf 82' lang='grc' dir='ltr'>τοιοῦτος,</span> <span class='ocrx_word' id='word_1_183' title='bbox 3419 1757 3502 1808; x_wconf 85' lang='grc' dir='ltr'>ὅτι</span> <span class='ocrx_word' id='word_1_184' title='bbox 3556 1753 3652 1807; x_wconf 78' lang='grc' dir='ltr'>ἐὰν</span> <span class='ocrx_word' id='word_1_185' title='bbox 3684 1753 3779 1807; x_wconf 74' lang='grc' dir='ltr'>δύο</span> 
     </span>
    </p>
   </div>
   <div class='ocr_carea' id='block_1_27' title="bbox 507 1844 2122 1923">
    <p class='ocr_par' dir='ltr' id='par_1_27' title="bbox 507 1844 2084 1910">
     <span class='ocr_line' id='line_1_27' title="bbox 507 1844 2084 1910; baseline -0.003 -9"><span class='ocrx_word' id='word_1_186' title='bbox 507 1846 566 1901; x_wconf 88' lang='lat' dir='ltr'><strong>Si</strong></span> <span class='ocrx_word' id='word_1_187' title='bbox 619 1845 836 1900; x_wconf 87' lang='lat' dir='ltr'><strong>duabus</strong></span> <span class='ocrx_word' id='word_1_188' title='bbox 895 1844 1118 1900; x_wconf 82' lang='lat' dir='ltr'><strong>aciebus</strong></span> <span class='ocrx_word' id='word_1_189' title='bbox 1178 1844 1469 1901; x_wconf 79' lang='lat' dir='ltr'><strong>instructis</strong></span> <span class='ocrx_word' id='word_1_190' title='bbox 1526 1845 1727 1899; x_wconf 90' lang='lat' dir='ltr'><strong>bellum</strong></span> <span class='ocrx_word' id='word_1_191' title='bbox 1788 1844 2084 1910; x_wconf 87' lang='lat' dir='ltr'><strong>lubricum,</strong></span> 
     </span>
    </p>
   </div>
   <div class='ocr_carea' id='block_1_28' title="bbox 2162 1844 3777 1923">
    <p class='ocr_par' dir='ltr' id='par_1_28' title="bbox 2192 1845 3777 1923">
     <span class='ocr_line' id='line_1_28' title="bbox 2192 1845 3777 1923; baseline -0.005 -19"><span class='ocrx_word' id='word_1_192' title='bbox 2192 1851 2573 1923; x_wconf 71' lang='grc' dir='ltr'>παρατάξεων,</span> <span class='ocrx_word' id='word_1_193' title='bbox 2619 1849 2803 1913; x_wconf 82' lang='grc' dir='ltr'>καθὼς</span> <span class='ocrx_word' id='word_1_194' title='bbox 2825 1850 3149 1920; x_wconf 77' lang='grc' dir='ltr'>εἰρήκαμεν,</span> <span class='ocrx_word' id='word_1_195' title='bbox 3174 1845 3509 1918; x_wconf 83' lang='grc' dir='ltr'>γενομένων,</span> <span class='ocrx_word' id='word_1_196' title='bbox 3543 1847 3777 1912; x_wconf 76' lang='grc' dir='ltr'>ἐπισφα-</span> 
     </span>
    </p>
   </div>
   <div class='ocr_carea' id='block_1_29' title="bbox 505 1934 2120 2014">
    <p class='ocr_par' dir='ltr' id='par_1_29' title="bbox 505 1934 2089 2006">
     <span class='ocr_line' id='line_1_29' title="bbox 505 1934 2089 2006; baseline 0.001 -16"><span class='ocrx_word' id='word_1_197' title='bbox 505 1945 668 2006; x_wconf 85' lang='lat' dir='ltr'><strong>atque</strong></span> <span class='ocrx_word' id='word_1_198' title='bbox 692 1949 892 2006; x_wconf 87' lang='lat' dir='ltr'><strong>anceps</strong></span> <span class='ocrx_word' id='word_1_199' title='bbox 922 1934 1108 1999; x_wconf 85' lang='lat' dir='ltr'><strong>fuerit,</strong></span> <span class='ocrx_word' id='word_1_200' title='bbox 1141 1935 1401 2005; x_wconf 86' lang='lat' dir='ltr'><strong>quidnam</strong></span> <span class='ocrx_word' id='word_1_201' title='bbox 1437 1935 1560 2004; x_wconf 91' lang='lat' dir='ltr'><strong>quis</strong></span> <span class='ocrx_word' id='word_1_202' title='bbox 1587 1935 1904 1990; x_wconf 80' lang='lat' dir='ltr'><strong>existimare</strong></span> <span class='ocrx_word' id='word_1_203' title='bbox 1929 1935 2089 1991; x_wconf 86' lang='lat' dir='ltr'><strong>debet</strong></span> 
     </span>
    </p>
   </div>
   <div class='ocr_carea' id='block_1_30' title="bbox 2166 1934 3781 2014">
    <p class='ocr_par' dir='ltr' id='par_1_30' title="bbox 2192 1939 3781 2014">
     <span class='ocr_line' id='line_1_30' title="bbox 2192 1939 3781 2014; baseline -0.004 -18"><span class='ocrx_word' id='word_1_204' title='bbox 2192 1943 2281 2006; x_wconf 86' lang='grc' dir='ltr'>λὲς</span> <span class='ocrx_word' id='word_1_205' title='bbox 2311 1945 2372 1997; x_wconf 77' lang='grc' dir='ltr'>τὸ</span> <span class='ocrx_word' id='word_1_206' title='bbox 2399 1945 2635 2014; x_wconf 81' lang='grc' dir='ltr'>πρᾶγμα</span> <span class='ocrx_word' id='word_1_207' title='bbox 2684 1944 2916 2010; x_wconf 87' lang='grc' dir='ltr'>γίνεται,</span> <span class='ocrx_word' id='word_1_208' title='bbox 2951 1941 3004 1994; x_wconf 88' lang='grc' dir='ltr'>τί</span> <span class='ocrx_word' id='word_1_209' title='bbox 3039 1941 3104 1995; x_wconf 82' lang='grc' dir='ltr'>ἄν</span> <span class='ocrx_word' id='word_1_210' title='bbox 3133 1957 3219 2004; x_wconf 85' lang='grc' dir='ltr'>τις</span> <span class='ocrx_word' id='word_1_211' title='bbox 3263 1940 3477 1994; x_wconf 85' lang='grc' dir='ltr'>ὲλπίσει</span> <span class='ocrx_word' id='word_1_212' title='bbox 3525 1939 3654 1991; x_wconf 83' lang='grc' dir='ltr'>ὅταν</span> <span class='ocrx_word' id='word_1_213' title='bbox 3687 1939 3781 1990; x_wconf 82' lang='grc' dir='ltr'>καὶ</span> 
     </span>
    </p>
   </div>
   <div class='ocr_carea' id='block_1_31' title="bbox 508 2003 2123 2104">
    <p class='ocr_par' dir='ltr' id='par_1_31' title="bbox 508 2026 2123 2098">
     <span class='ocr_line' id='line_1_31' title="bbox 508 2026 2123 2098; baseline -0.001 -15"><span class='ocrx_word' id='word_1_214' title='bbox 508 2044 616 2083; x_wconf 90' lang='lat' dir='ltr'>una</span> <span class='ocrx_word' id='word_1_215' title='bbox 657 2028 830 2084; x_wconf 93' lang='lat' dir='ltr'><strong>solum</strong></span> <span class='ocrx_word' id='word_1_216' title='bbox 867 2027 983 2083; x_wconf 88' lang='lat' dir='ltr'><strong>acie</strong></span> <span class='ocrx_word' id='word_1_217' title='bbox 1014 2038 1272 2098; x_wconf 83' lang='lat' dir='ltr'><strong>apparata</strong></span> <span class='ocrx_word' id='word_1_218' title='bbox 1315 2026 1592 2090; x_wconf 87' lang='lat' dir='ltr'><strong>futurum,</strong></span> <span class='ocrx_word' id='word_1_219' title='bbox 1627 2042 1751 2081; x_wconf 90' lang='lat' dir='ltr'>cum</span> <span class='ocrx_word' id='word_1_220' title='bbox 1784 2028 2083 2097; x_wconf 68' lang='lat' dir='ltr'><strong>praesertim</strong></span> <span class='ocrx_word' id='word_1_221' title='bbox 2122 2051 2123 2057; x_wconf 53' lang='grc' dir='ltr'>η</span> 
     </span>
    </p>
   </div>
   <div class='ocr_carea' id='block_1_32' title="bbox 2159 2003 3774 2104">
    <p class='ocr_par' dir='ltr' id='par_1_32' title="bbox 2159 2014 3774 2104">
     <span class='ocr_line' id='line_1_32' title="bbox 2159 2014 3774 2104; baseline -0.004 -18"><span class='ocrx_word' id='word_1_222' title='bbox 2159 2014 2163 2052; x_wconf 63' lang='grc'><strong><em>⁵</em></strong></span> <span class='ocrx_word' id='word_1_223' title='bbox 2197 2033 2294 2104; x_wconf 85' lang='grc' dir='ltr'>μία</span> <span class='ocrx_word' id='word_1_224' title='bbox 2321 2034 2459 2104; x_wconf 90' lang='grc' dir='ltr'>μόνη</span> <span class='ocrx_word' id='word_1_225' title='bbox 2497 2032 2614 2086; x_wconf 75' lang='grc' dir='ltr'>ἐστὶ</span> <span class='ocrx_word' id='word_1_226' title='bbox 2655 2032 2984 2101; x_wconf 77' lang='grc' dir='ltr'>παράταξις,</span> <span class='ocrx_word' id='word_1_227' title='bbox 3021 2032 3114 2084; x_wconf 68' lang='grc' dir='ltr'>καλ⁸</span> <span class='ocrx_word' id='word_1_228' title='bbox 3168 2031 3308 2099; x_wconf 75' lang='grc' dir='ltr'>αὕτη</span> <span class='ocrx_word' id='word_1_229' title='bbox 3343 2031 3638 2100; x_wconf 85' lang='grc' dir='ltr'>τραπεῖσα,</span> <span class='ocrx_word' id='word_1_230' title='bbox 3670 2029 3774 2081; x_wconf 81' lang='grc' dir='ltr'>οὐκ</span> 
     </span>
    </p>
   </div>
   <div class='ocr_carea' id='block_1_33' title="bbox 509 2117 2124 2194">
    <p class='ocr_par' dir='ltr' id='par_1_33' title="bbox 509 2119 2086 2190">
     <span class='ocr_line' id='line_1_33' title="bbox 509 2119 2086 2190; baseline 0.002 -17"><span class='ocrx_word' id='word_1_231' title='bbox 509 2120 613 2175; x_wconf 87' lang='lat' dir='ltr'>hac</span> <span class='ocrx_word' id='word_1_232' title='bbox 659 2119 859 2190; x_wconf 86' lang='lat' dir='ltr'><strong>rejecta</strong></span> <span class='ocrx_word' id='word_1_233' title='bbox 897 2119 1030 2174; x_wconf 87' lang='lat' dir='ltr'><strong>nihil</strong></span> <span class='ocrx_word' id='word_1_234' title='bbox 1083 2121 1279 2176; x_wconf 81' lang='lat' dir='ltr'><strong>habeat</strong></span> <span class='ocrx_word' id='word_1_235' title='bbox 1324 2133 1436 2190; x_wconf 88' lang='lat' dir='ltr'>quo</span> <span class='ocrx_word' id='word_1_236' title='bbox 1473 2120 1665 2190; x_wconf 90' lang='lat' dir='ltr'><strong>juvare</strong></span> <span class='ocrx_word' id='word_1_237' title='bbox 1706 2134 1765 2174; x_wconf 91' lang='lat' dir='ltr'>se</span> <span class='ocrx_word' id='word_1_238' title='bbox 1806 2129 1970 2190; x_wconf 88' lang='lat' dir='ltr'><strong>atque</strong></span> <span class='ocrx_word' id='word_1_239' title='bbox 2000 2136 2086 2176; x_wconf 88' lang='lat' dir='ltr'><strong>re-</strong></span> 
     </span>
    </p>
   </div>
   <div class='ocr_carea' id='block_1_34' title="bbox 2172 2117 3787 2194">
    <p class='ocr_par' dir='ltr' id='par_1_34' title="bbox 2195 2117 3787 2194">
     <span class='ocr_line' id='line_1_34' title="bbox 2195 2117 3787 2194; baseline -0.004 -18"><span class='ocrx_word' id='word_1_240' title='bbox 2195 2123 2306 2192; x_wconf 80' lang='grc' dir='ltr'>έχει</span> <span class='ocrx_word' id='word_1_241' title='bbox 2345 2122 2537 2194; x_wconf 77' lang='grc' dir='ltr'>ἑτέραν</span> <span class='ocrx_word' id='word_1_242' title='bbox 2581 2122 2648 2175; x_wconf 90' lang='grc' dir='ltr'>δι’</span> <span class='ocrx_word' id='word_1_243' title='bbox 2674 2117 2742 2194; x_wconf 81' lang='grc' dir='ltr'>ἦς</span> <span class='ocrx_word' id='word_1_244' title='bbox 2782 2121 3112 2192; x_wconf 79' lang='grc' dir='ltr'>βοηθηθῆναι</span> <span class='ocrx_word' id='word_1_245' title='bbox 3141 2120 3362 2174; x_wconf 84' lang='grc' dir='ltr'>δύναται</span> <span class='ocrx_word' id='word_1_246' title='bbox 3400 2121 3493 2174; x_wconf 70' lang='grc' dir='ltr'>καὶ</span> <span class='ocrx_word' id='word_1_247' title='bbox 3545 2117 3787 2187; x_wconf 84' lang='grc' dir='ltr'>ἀνακλη-</span> 
     </span>
    </p>
   </div>
   <div class='ocr_carea' id='block_1_35' title="bbox 508 2211 2123 2287">
    <p class='ocr_par' dir='ltr' id='par_1_35' title="bbox 508 2211 934 2282">
     <span class='ocr_line' id='line_1_35' title="bbox 508 2211 934 2282; baseline -0.005 -15"><span class='ocrx_word' id='word_1_248' title='bbox 508 2227 698 2267; x_wconf 86' lang='lat' dir='ltr'><strong>creare</strong></span> <span class='ocrx_word' id='word_1_249' title='bbox 727 2211 934 2282; x_wconf 85' lang='lat' dir='ltr'><strong>possit?</strong></span> 
     </span>
    </p>
   </div>
   <div class='ocr_carea' id='block_1_36' title="bbox 780 2211 2395 2287">
    <p class='ocr_par' dir='ltr' id='par_1_36' title="bbox 780 2211 2395 2287">
     <span class='ocr_line' id='line_1_36' title="bbox 780 2211 2395 2287; baseline -0.013 -21"><span class='ocrx_word' id='word_1_250' title='bbox 780 2211 934 2268; x_wconf 83' lang='lat' dir='ltr'><strong>)SSil?</strong></span> <span class='ocrx_word' id='word_1_251' title='bbox 2197 2215 2358 2287; x_wconf 69' lang='grc' dir='ltr'><strong>θῆναι</strong></span> <span class='ocrx_word' id='word_1_252' title='bbox 2381 2233 2395 2282; x_wconf 72' lang='grc'><strong>;</strong></span> 
     </span>
    </p>
   </div>
   <div class='ocr_carea' id='block_1_37' title="bbox 581 2301 2196 2379">
    <p class='ocr_par' dir='ltr' id='par_1_37' title="bbox 581 2301 2089 2378">
     <span class='ocr_line' id='line_1_37' title="bbox 581 2301 2089 2378; baseline 0.005 -23"><span class='ocrx_word' id='word_1_253' title='bbox 581 2302 670 2358; x_wconf 73' lang='grc'>22.</span> <span class='ocrx_word' id='word_1_254' title='bbox 707 2301 800 2357; x_wconf 89' lang='lat' dir='ltr'>Sin</span> <span class='ocrx_word' id='word_1_255' title='bbox 833 2303 1027 2358; x_wconf 90' lang='lat' dir='ltr'><strong>iterum</strong></span> <span class='ocrx_word' id='word_1_256' title='bbox 1058 2305 1307 2375; x_wconf 86' lang='lat' dir='ltr'><strong>objicias,</strong></span> <span class='ocrx_word' id='word_1_257' title='bbox 1335 2307 1519 2378; x_wconf 87' lang='lat' dir='ltr'><strong>copias</strong></span> <span class='ocrx_word' id='word_1_258' title='bbox 1546 2309 1649 2362; x_wconf 84' lang='lat' dir='ltr'>has</span> <span class='ocrx_word' id='word_1_259' title='bbox 1685 2309 1736 2361; x_wconf 88' lang='lat' dir='ltr'>iu</span> <span class='ocrx_word' id='word_1_260' title='bbox 1774 2308 1910 2362; x_wconf 86' lang='lat' dir='ltr'><strong>duas</strong></span> <span class='ocrx_word' id='word_1_261' title='bbox 1945 2307 2089 2362; x_wconf 86' lang='lat' dir='ltr'><strong>acies</strong></span> 
     </span>
    </p>
   </div>
   <div class='ocr_carea' id='block_1_38' title="bbox 2175 2301 3790 2379">
    <p class='ocr_par' dir='ltr' id='par_1_38' title="bbox 2268 2303 3790 2379">
     <span class='ocr_line' id='line_1_38' title="bbox 2268 2303 3790 2379; baseline -0.004 -18"><span class='ocrx_word' id='word_1_262' title='bbox 2268 2307 2374 2379; x_wconf 83' lang='grc' dir='ltr'>κβ’.</span> <span class='ocrx_word' id='word_1_263' title='bbox 2415 2308 2541 2361; x_wconf 77' lang='grc' dir='ltr'>Ἐάν</span> <span class='ocrx_word' id='word_1_264' title='bbox 2567 2308 2621 2362; x_wconf 82' lang='grc' dir='ltr'>δὲ</span> <span class='ocrx_word' id='word_1_265' title='bbox 2646 2307 2807 2363; x_wconf 88' lang='grc' dir='ltr'>πάλιν</span> <span class='ocrx_word' id='word_1_266' title='bbox 2837 2308 3006 2378; x_wconf 83' lang='grc' dir='ltr'>λέγει,</span> <span class='ocrx_word' id='word_1_267' title='bbox 3045 2308 3127 2360; x_wconf 81' lang='grc' dir='ltr'>ὅτι</span> <span class='ocrx_word' id='word_1_268' title='bbox 3155 2307 3263 2376; x_wconf 78' lang='grc' dir='ltr'>Τῆς</span> <span class='ocrx_word' id='word_1_269' title='bbox 3293 2305 3574 2373; x_wconf 86' lang='grc' dir='ltr'>δυνάμεως</span> <span class='ocrx_word' id='word_1_270' title='bbox 3605 2303 3790 2370; x_wconf 74' lang='grc' dir='ltr'>πάσης</span> 
     </span>
    </p>
   </div>
   <div class='ocr_carea' id='block_1_39' title="bbox 512 2393 2127 2470">
    <p class='ocr_par' dir='ltr' id='par_1_39' title="bbox 512 2394 2092 2468">
     <span class='ocr_line' id='line_1_39' title="bbox 512 2394 2092 2468; baseline 0.002 -19"><span class='ocrx_word' id='word_1_271' title='bbox 512 2395 733 2460; x_wconf 87' lang='lat' dir='ltr'><strong>divisas,</strong></span> <span class='ocrx_word' id='word_1_272' title='bbox 767 2394 1040 2465; x_wconf 83' lang='lat' dir='ltr'><strong>longiores</strong></span> <span class='ocrx_word' id='word_1_273' title='bbox 1065 2407 1119 2453; x_wconf 91' lang='lat' dir='ltr'>et</span> <span class='ocrx_word' id='word_1_274' title='bbox 1146 2400 1419 2453; x_wconf 88' lang='lat' dir='ltr'><strong>tenuiores</strong></span> <span class='ocrx_word' id='word_1_275' title='bbox 1448 2398 1602 2468; x_wconf 87' lang='lat' dir='ltr'><strong>justo</strong></span> <span class='ocrx_word' id='word_1_276' title='bbox 1641 2414 1793 2462; x_wconf 79' lang='lat' dir='ltr'><strong>esse,</strong></span> <span class='ocrx_word' id='word_1_277' title='bbox 1829 2399 2092 2468; x_wconf 81' lang='lat' dir='ltr'><strong>intelligat</strong></span> 
     </span>
    </p>
   </div>
   <div class='ocr_carea' id='block_1_40' title="bbox 2174 2393 3789 2470">
    <p class='ocr_par' dir='ltr' id='par_1_40' title="bbox 2201 2393 3789 2470">
     <span class='ocr_line' id='line_1_40' title="bbox 2201 2393 3789 2470; baseline -0.005 -18"><span class='ocrx_word' id='word_1_278' title='bbox 2201 2399 2370 2469; x_wconf 70' lang='grc' dir='ltr'>ἤγουν</span> <span class='ocrx_word' id='word_1_279' title='bbox 2393 2398 2486 2452; x_wconf 81' lang='grc' dir='ltr'>τοῦ</span> <span class='ocrx_word' id='word_1_280' title='bbox 2513 2399 2746 2467; x_wconf 89' lang='grc' dir='ltr'>στρατοῦ</span> <span class='ocrx_word' id='word_1_281' title='bbox 2797 2398 3155 2470; x_wconf 77' lang='grc' dir='ltr'>μεριζομένου</span> <span class='ocrx_word' id='word_1_282' title='bbox 3203 2399 3282 2460; x_wconf 78' lang='grc' dir='ltr'>εἰς</span> <span class='ocrx_word' id='word_1_283' title='bbox 3313 2395 3540 2467; x_wconf 83' lang='grc' dir='ltr'>πρώτην</span> <span class='ocrx_word' id='word_1_284' title='bbox 3575 2394 3671 2447; x_wconf 74' lang='grc' dir='ltr'>καὶ</span> <span class='ocrx_word' id='word_1_285' title='bbox 3706 2393 3789 2456; x_wconf 86' lang='grc' dir='ltr'>είς</span> 
     </span>
    </p>
   </div>
   <div class='ocr_carea' id='block_1_41' title="bbox 513 2484 2128 2562">
    <p class='ocr_par' dir='ltr' id='par_1_41' title="bbox 513 2485 2095 2553">
     <span class='ocr_line' id='line_1_41' title="bbox 513 2485 2095 2553; baseline 0.001 -13"><span class='ocrx_word' id='word_1_286' title='bbox 513 2485 582 2540; x_wconf 88' lang='lat' dir='ltr'>iis</span> <span class='ocrx_word' id='word_1_287' title='bbox 613 2485 826 2541; x_wconf 88' lang='lat' dir='ltr'><strong>duabus</strong></span> <span class='ocrx_word' id='word_1_288' title='bbox 859 2487 963 2542; x_wconf 92' lang='lat' dir='ltr'>hoc</span> <span class='ocrx_word' id='word_1_289' title='bbox 1001 2488 1250 2543; x_wconf 71' lang='lat' dir='ltr'><strong>effectum</strong></span> <span class='ocrx_word' id='word_1_290' title='bbox 1284 2489 1370 2553; x_wconf 87' lang='lat' dir='ltr'><strong>iri,</strong></span> <span class='ocrx_word' id='word_1_291' title='bbox 1403 2498 1461 2543; x_wconf 93' lang='lat' dir='ltr'>ut</span> <span class='ocrx_word' id='word_1_292' title='bbox 1492 2505 1615 2543; x_wconf 88' lang='lat' dir='ltr'>cum</span> <span class='ocrx_word' id='word_1_293' title='bbox 1662 2490 1938 2544; x_wconf 87' lang='lat' dir='ltr'><strong>moderata</strong></span> <span class='ocrx_word' id='word_1_294' title='bbox 1979 2505 2095 2550; x_wconf 68' lang='lat' dir='ltr'><strong>ma-</strong></span> 
     </span>
    </p>
   </div>
   <div class='ocr_carea' id='block_1_42' title="bbox 2178 2484 3793 2562">
    <p class='ocr_par' dir='ltr' id='par_1_42' title="bbox 2202 2484 3793 2562">
     <span class='ocr_line' id='line_1_42' title="bbox 2202 2484 3793 2562; baseline -0.004 -19"><span class='ocrx_word' id='word_1_295' title='bbox 2202 2491 2461 2562; x_wconf 86' lang='grc' dir='ltr'>δευτέραν</span> <span class='ocrx_word' id='word_1_296' title='bbox 2496 2492 2800 2560; x_wconf 78' lang='grc' dir='ltr'>παράταξιν</span> <span class='ocrx_word' id='word_1_297' title='bbox 2846 2490 3215 2559; x_wconf 84' lang='grc' dir='ltr'>ἀσθενεστέρα</span> <span class='ocrx_word' id='word_1_298' title='bbox 3252 2489 3347 2543; x_wconf 72' lang='grc' dir='ltr'>καὶ</span> <span class='ocrx_word' id='word_1_299' title='bbox 3402 2484 3793 2556; x_wconf 86' lang='grc' dir='ltr'>ἁδυνατωτέρα</span> 
     </span>
    </p>
   </div>
   <div class='ocr_carea' id='block_1_43' title="bbox 515 2574 2130 2653">
    <p class='ocr_par' dir='ltr' id='par_1_43' title="bbox 515 2577 2092 2648">
     <span class='ocr_line' id='line_1_43' title="bbox 515 2577 2092 2648; baseline 0 -18"><span class='ocrx_word' id='word_1_300' title='bbox 515 2577 797 2646; x_wconf 83' lang='lat' dir='ltr'><strong>gnitudine</strong></span> <span class='ocrx_word' id='word_1_301' title='bbox 857 2578 1001 2644; x_wconf 88' lang='lat' dir='ltr'><strong>sint,</strong></span> <span class='ocrx_word' id='word_1_302' title='bbox 1042 2588 1096 2634; x_wconf 89' lang='lat' dir='ltr'>et</span> <span class='ocrx_word' id='word_1_303' title='bbox 1140 2593 1310 2648; x_wconf 88' lang='lat' dir='ltr'><strong>prope</strong></span> <span class='ocrx_word' id='word_1_304' title='bbox 1350 2593 1410 2634; x_wconf 88' lang='lat' dir='ltr'>se</span> <span class='ocrx_word' id='word_1_305' title='bbox 1454 2579 1851 2648; x_wconf 85' lang='lat' dir='ltr'><strong>adjungantur,</strong></span> <span class='ocrx_word' id='word_1_306' title='bbox 1906 2577 2034 2631; x_wconf 90' lang='lat' dir='ltr'><strong>nulli</strong></span> <span class='ocrx_word' id='word_1_307' title='bbox 2065 2593 2092 2630; x_wconf 88' lang='lat' dir='ltr'>a</span> 
     </span>
    </p>
   </div>
   <div class='ocr_carea' id='block_1_44' title="bbox 2176 2574 3791 2653">
    <p class='ocr_par' dir='ltr' id='par_1_44' title="bbox 2207 2574 3791 2653">
     <span class='ocr_line' id='line_1_44' title="bbox 2207 2574 3791 2653; baseline -0.004 -20"><span class='ocrx_word' id='word_1_308' title='bbox 2207 2581 2414 2651; x_wconf 82' lang='grc' dir='ltr'>ἡτάξις</span> <span class='ocrx_word' id='word_1_309' title='bbox 2452 2582 2789 2653; x_wconf 83' lang='grc' dir='ltr'>εὑρίσκεται,</span> <span class='ocrx_word' id='word_1_310' title='bbox 2839 2583 3167 2652; x_wconf 83' lang='grc' dir='ltr'>κατανοήσει</span> <span class='ocrx_word' id='word_1_311' title='bbox 3224 2581 3317 2633; x_wconf 73' lang='grc' dir='ltr'>καὶ</span> <span class='ocrx_word' id='word_1_312' title='bbox 3345 2578 3506 2632; x_wconf 81' lang='grc' dir='ltr'>τοῦτο</span> <span class='ocrx_word' id='word_1_313' title='bbox 3530 2617 3543 2642; x_wconf 91' lang='grc'>,</span> <span class='ocrx_word' id='word_1_314' title='bbox 3581 2578 3662 2630; x_wconf 83' lang='grc' dir='ltr'>ὅτι</span> <span class='ocrx_word' id='word_1_315' title='bbox 3691 2574 3791 2628; x_wconf 78' lang='grc' dir='ltr'>ἐὰν</span> 
     </span>
    </p>
   </div>
   <div class='ocr_carea' id='block_1_45' title="bbox 519 2668 2134 2745">
    <p class='ocr_par' dir='ltr' id='par_1_45' title="bbox 519 2669 2100 2741">
     <span class='ocr_line' id='line_1_45' title="bbox 519 2669 2100 2741; baseline 0 -17"><span class='ocrx_word' id='word_1_316' title='bbox 519 2669 712 2738; x_wconf 84' lang='lat' dir='ltr'><strong>proelio</strong></span> <span class='ocrx_word' id='word_1_317' title='bbox 747 2672 1004 2741; x_wconf 83' lang='lat' dir='ltr'><strong>separati,</strong></span> <span class='ocrx_word' id='word_1_318' title='bbox 1040 2674 1134 2727; x_wconf 87' lang='lat' dir='ltr'>sed</span> <span class='ocrx_word' id='word_1_319' title='bbox 1162 2671 1349 2726; x_wconf 77' lang='lat' dir='ltr'><strong>formae</strong></span> <span class='ocrx_word' id='word_1_320' title='bbox 1378 2672 1620 2727; x_wconf 88' lang='lat' dir='ltr'><strong>acierum</strong></span> <span class='ocrx_word' id='word_1_321' title='bbox 1649 2679 1866 2725; x_wconf 66' lang='lat' dir='ltr'><strong>mutata:</strong></span> <span class='ocrx_word' id='word_1_322' title='bbox 1891 2669 2021 2736; x_wconf 89' lang='lat' dir='ltr'><strong>sint,</strong></span> <span class='ocrx_word' id='word_1_323' title='bbox 2045 2678 2100 2724; x_wconf 88' lang='lat' dir='ltr'>et</span> 
     </span>
    </p>
   </div>
   <div class='ocr_carea' id='block_1_46' title="bbox 2177 2668 3792 2745">
    <p class='ocr_par' dir='ltr' id='par_1_46' title="bbox 2212 2668 3792 2745">
     <span class='ocr_line' id='line_1_46' title="bbox 2212 2668 3792 2745; baseline -0.004 -19"><span class='ocrx_word' id='word_1_324' title='bbox 2212 2673 2310 2741; x_wconf 83' lang='grc' dir='ltr'>μὲν</span> <span class='ocrx_word' id='word_1_325' title='bbox 2335 2675 2362 2744; x_wconf 80' lang='grc' dir='ltr'>ἡ</span> <span class='ocrx_word' id='word_1_326' title='bbox 2393 2673 2622 2744; x_wconf 83' lang='grc' dir='ltr'>δύναμις</span> <span class='ocrx_word' id='word_1_327' title='bbox 2643 2674 2930 2745; x_wconf 79' lang='grc' dir='ltr'>ἐμερίζετο</span> <span class='ocrx_word' id='word_1_328' title='bbox 2950 2675 3043 2728; x_wconf 77' lang='grc' dir='ltr'>καὶ</span> <span class='ocrx_word' id='word_1_329' title='bbox 3073 2673 3366 2744; x_wconf 78' lang='grc' dir='ltr'>ἐχωρίζετο</span> <span class='ocrx_word' id='word_1_330' title='bbox 3395 2668 3491 2723; x_wconf 83' lang='grc' dir='ltr'>τοῦ</span> <span class='ocrx_word' id='word_1_331' title='bbox 3526 2668 3792 2738; x_wconf 83' lang='grc' dir='ltr'>πολέμου,</span> 
     </span>
    </p>
   </div>
   <div class='ocr_carea' id='block_1_47' title="bbox 516 2760 2131 2838">
    <p class='ocr_par' dir='ltr' id='par_1_47' title="bbox 516 2761 2101 2835">
     <span class='ocr_line' id='line_1_47' title="bbox 516 2761 2101 2835; baseline 0 -20"><span class='ocrx_word' id='word_1_332' title='bbox 516 2761 741 2816; x_wconf 88' lang='lat' dir='ltr'><strong>alteram</strong></span> <span class='ocrx_word' id='word_1_333' title='bbox 785 2771 945 2828; x_wconf 87' lang='lat' dir='ltr'><strong>ante,</strong></span> <span class='ocrx_word' id='word_1_334' title='bbox 1007 2765 1230 2819; x_wconf 79' lang='lat' dir='ltr'><strong>alterum</strong></span> <span class='ocrx_word' id='word_1_335' title='bbox 1283 2772 1429 2818; x_wconf 88' lang='lat' dir='ltr'><strong>retro</strong></span> <span class='ocrx_word' id='word_1_336' title='bbox 1482 2764 1756 2828; x_wconf 80' lang='lat' dir='ltr'><strong>loc-antes,</strong></span> <span class='ocrx_word' id='word_1_337' title='bbox 1811 2771 2101 2835; x_wconf 90' lang='lat' dir='ltr'><strong>utramque</strong></span> 
     </span>
    </p>
   </div>
   <div class='ocr_carea' id='block_1_48' title="bbox 2183 2760 3798 2838">
    <p class='ocr_par' dir='ltr' id='par_1_48' title="bbox 2210 2760 3798 2838">
     <span class='ocr_line' id='line_1_48' title="bbox 2210 2760 3798 2838; baseline -0.004 -20"><span class='ocrx_word' id='word_1_338' title='bbox 2210 2766 2392 2830; x_wconf 86' lang='grc' dir='ltr'>καλῶς</span> <span class='ocrx_word' id='word_1_339' title='bbox 2419 2766 2485 2821; x_wconf 81' lang='grc' dir='ltr'>ἂν</span> <span class='ocrx_word' id='word_1_340' title='bbox 2517 2767 2677 2821; x_wconf 78' lang='grc' dir='ltr'>τοῦτο</span> <span class='ocrx_word' id='word_1_341' title='bbox 2718 2767 2941 2838; x_wconf 85' lang='grc' dir='ltr'>ἡπόρει.</span> <span class='ocrx_word' id='word_1_342' title='bbox 2981 2765 3122 2819; x_wconf 81' lang='grc' dir='ltr'>Ἀλλ’</span> <span class='ocrx_word' id='word_1_343' title='bbox 3151 2767 3312 2835; x_wconf 80' lang='grc' dir='ltr'>ἡμεῖς</span> <span class='ocrx_word' id='word_1_344' title='bbox 3341 2763 3402 2816; x_wconf 77' lang='grc' dir='ltr'>οὐ</span> <span class='ocrx_word' id='word_1_345' title='bbox 3431 2764 3529 2832; x_wconf 76' lang='grc' dir='ltr'>τὴν</span> <span class='ocrx_word' id='word_1_346' title='bbox 3559 2760 3798 2830; x_wconf 75' lang='grc' dir='ltr'>δύναμιν</span> 
     </span>
    </p>
   </div>
   <div class='ocr_carea' id='block_1_49' title="bbox 517 2850 2132 2930">
    <p class='ocr_par' dir='ltr' id='par_1_49' title="bbox 517 2851 1857 2925">
     <span class='ocr_line' id='line_1_49' title="bbox 517 2851 1857 2925; baseline 0 -19"><span class='ocrx_word' id='word_1_347' title='bbox 517 2851 690 2907; x_wconf 87' lang='lat' dir='ltr'><strong>aciem</strong></span> <span class='ocrx_word' id='word_1_348' title='bbox 729 2854 1078 2910; x_wconf 88' lang='lat' dir='ltr'><strong>munitiorem</strong></span> <span class='ocrx_word' id='word_1_349' title='bbox 1116 2854 1526 2925; x_wconf 81' lang='lat' dir='ltr'><strong>firmioremque</strong></span> <span class='ocrx_word' id='word_1_350' title='bbox 1557 2853 1857 2909; x_wconf 87' lang='lat' dir='ltr'><strong>reddimus.</strong></span> 
     </span>
    </p>
   </div>
   <div class='ocr_carea' id='block_1_50' title="bbox 2185 2850 3800 2930">
    <p class='ocr_par' dir='ltr' id='par_1_50' title="bbox 2213 2850 3800 2930">
     <span class='ocr_line' id='line_1_50' title="bbox 2213 2850 3800 2930; baseline -0.004 -21"><span class='ocrx_word' id='word_1_351' title='bbox 2213 2857 2510 2929; x_wconf 81' lang='grc' dir='ltr'>κελεύομεν</span> <span class='ocrx_word' id='word_1_352' title='bbox 2567 2858 2916 2930; x_wconf 81' lang='grc' dir='ltr'>μερισθῆναι,</span> <span class='ocrx_word' id='word_1_353' title='bbox 2962 2857 3099 2912; x_wconf 83' lang='grc' dir='ltr'>ἀλλὰ</span> <span class='ocrx_word' id='word_1_354' title='bbox 3131 2857 3291 2928; x_wconf 84' lang='grc' dir='ltr'>μόνον</span> <span class='ocrx_word' id='word_1_355' title='bbox 3319 2855 3381 2908; x_wconf 81' lang='grc' dir='ltr'>τὸ</span> <span class='ocrx_word' id='word_1_356' title='bbox 3412 2853 3601 2925; x_wconf 79' lang='grc' dir='ltr'>σχῆμα</span> <span class='ocrx_word' id='word_1_357' title='bbox 3626 2850 3800 2905; x_wconf 86' lang='grc' dir='ltr'>ἀλλα-</span> 
     </span>
    </p>
   </div>
   <div class='ocr_carea' id='block_1_51' title="bbox 512 2944 3805 3019">
    <p class='ocr_par' dir='ltr' id='par_1_51' title="bbox 512 2944 3805 3019">
     <span class='ocr_line' id='line_1_51' title="bbox 512 2944 3805 3019; baseline -0.001 -20"><span class='ocrx_word' id='word_1_358' title='bbox 512 2946 702 3016; x_wconf 82' lang='grc' dir='ltr'>γῆναι.</span> <span class='ocrx_word' id='word_1_359' title='bbox 759 2947 868 3001; x_wconf 78' lang='grc' dir='ltr'>Καὶ</span> <span class='ocrx_word' id='word_1_360' title='bbox 922 2946 1032 3019; x_wconf 79' lang='grc' dir='ltr'>γάρ</span> <span class='ocrx_word' id='word_1_361' title='bbox 1067 2947 1096 2999; x_wconf 84' lang='grc' dir='ltr'>ὃ</span> <span class='ocrx_word' id='word_1_362' title='bbox 1131 2947 1237 3019; x_wconf 74' lang='grc' dir='ltr'>πρὸ</span> <span class='ocrx_word' id='word_1_363' title='bbox 1297 2947 1391 3001; x_wconf 77' lang='grc' dir='ltr'>τοῦ</span> <span class='ocrx_word' id='word_1_364' title='bbox 1446 2947 1746 3018; x_wconf 83' lang='grc' dir='ltr'>ἀλλαγῆναι</span> <span class='ocrx_word' id='word_1_365' title='bbox 1789 2945 1850 2998; x_wconf 79' lang='grc' dir='ltr'>τὸ</span> <span class='ocrx_word' id='word_1_366' title='bbox 1904 2945 2092 3017; x_wconf 79' lang='grc' dir='ltr'>σχῆμα</span> <span class='ocrx_word' id='word_1_367' title='bbox 2135 2949 2417 3004; x_wconf 78' lang='grc' dir='ltr'>συνέϐαινε</span> <span class='ocrx_word' id='word_1_368' title='bbox 2443 2951 2720 3019; x_wconf 83' lang='grc' dir='ltr'>γενέσθαι,</span> <span class='ocrx_word' id='word_1_369' title='bbox 2756 2952 2817 3004; x_wconf 85' lang='grc' dir='ltr'>τὸ</span> <span class='ocrx_word' id='word_1_370' title='bbox 2867 2953 3047 3005; x_wconf 83' lang='grc' dir='ltr'>πᾶσαν</span> <span class='ocrx_word' id='word_1_371' title='bbox 3095 2950 3195 3016; x_wconf 84' lang='grc' dir='ltr'>τὴν</span> <span class='ocrx_word' id='word_1_372' title='bbox 3245 2948 3478 3018; x_wconf 80' lang='grc' dir='ltr'>δύναμιν</span> <span class='ocrx_word' id='word_1_373' title='bbox 3526 2947 3604 3010; x_wconf 83' lang='grc' dir='ltr'>είς</span> <span class='ocrx_word' id='word_1_374' title='bbox 3665 2944 3805 3016; x_wconf 85' lang='grc' dir='ltr'>μίαν</span> 
     </span>
    </p>
   </div>
   <div class='ocr_carea' id='block_1_52' title="bbox 518 3040 3803 3128">
    <p class='ocr_par' dir='ltr' id='par_1_52' title="bbox 518 3040 3803 3128">
     <span class='ocr_line' id='line_1_52' title="bbox 518 3040 3803 3128; baseline -0.002 -34"><span class='ocrx_word' id='word_1_375' title='bbox 518 3041 826 3114; x_wconf 73' lang='grc' dir='ltr'>παράταξιν</span> <span class='ocrx_word' id='word_1_376' title='bbox 853 3040 1199 3113; x_wconf 79' lang='grc' dir='ltr'>τασσομένην</span> <span class='ocrx_word' id='word_1_377' title='bbox 1243 3040 1464 3112; x_wconf 77' lang='grc' dir='ltr'>μακρὰν</span> <span class='ocrx_word' id='word_1_378' title='bbox 1489 3042 1582 3095; x_wconf 78' lang='grc' dir='ltr'>καὶ</span> <span class='ocrx_word' id='word_1_379' title='bbox 1630 3041 1839 3112; x_wconf 81' lang='grc' dir='ltr'>λεπτὴν</span> <span class='ocrx_word' id='word_1_380' title='bbox 1875 3042 2254 3128; x_wconf 84' lang='grc' dir='ltr'>εὑρίσκεσθαι,</span> <span class='ocrx_word' id='word_1_381' title='bbox 2306 3048 2465 3108; x_wconf 72' lang='grc' dir='ltr'>τοῦτο</span> <span class='ocrx_word' id='word_1_382' title='bbox 2509 3051 2564 3104; x_wconf 79' lang='grc' dir='ltr'>ὲν</span> <span class='ocrx_word' id='word_1_383' title='bbox 2629 3053 2695 3121; x_wconf 70' lang='grc' dir='ltr'>τῇ</span> <span class='ocrx_word' id='word_1_384' title='bbox 2766 3051 2924 3121; x_wconf 70' lang='grc' dir='ltr'>διπλῇ</span> <span class='ocrx_word' id='word_1_385' title='bbox 2986 3049 3137 3115; x_wconf 81' lang='grc' dir='ltr'>τάξει</span> <span class='ocrx_word' id='word_1_386' title='bbox 3207 3047 3594 3118; x_wconf 69' lang='grc' dir='ltr'>εὐπορήσαμεν</span> <span class='ocrx_word' id='word_1_387' title='bbox 3658 3061 3803 3112; x_wconf 83' lang='grc' dir='ltr'>συμ-</span> 
     </span>
    </p>
   </div>
   <div class='ocr_carea' id='block_1_53' title="bbox 524 3138 3804 3217">
    <p class='ocr_par' dir='ltr' id='par_1_53' title="bbox 524 3138 3804 3217">
     <span class='ocr_line' id='line_1_53' title="bbox 524 3138 3804 3217; baseline 0.001 -26"><span class='ocrx_word' id='word_1_388' title='bbox 524 3141 758 3210; x_wconf 84' lang='grc' dir='ltr'>μέτρους</span> <span class='ocrx_word' id='word_1_389' title='bbox 786 3140 886 3202; x_wconf 82' lang='grc' dir='ltr'>τάς</span> <span class='ocrx_word' id='word_1_390' title='bbox 919 3138 1012 3191; x_wconf 75' lang='grc' dir='ltr'>δύο</span> <span class='ocrx_word' id='word_1_391' title='bbox 1061 3138 1245 3203; x_wconf 78' lang='grc' dir='ltr'>τάξεις</span> <span class='ocrx_word' id='word_1_392' title='bbox 1294 3139 1642 3209; x_wconf 83' lang='grc' dir='ltr'>ποιήσαντες,</span> <span class='ocrx_word' id='word_1_393' title='bbox 1675 3139 1844 3192; x_wconf 75' lang='grc' dir='ltr'>διὰτὸ</span> <span class='ocrx_word' id='word_1_394' title='bbox 1875 3139 2102 3211; x_wconf 77' lang='grc' dir='ltr'>πλησίον</span> <span class='ocrx_word' id='word_1_395' title='bbox 2140 3142 2388 3214; x_wconf 84' lang='grc' dir='ltr'>ἀλλήλων</span> <span class='ocrx_word' id='word_1_396' title='bbox 2443 3141 2607 3210; x_wconf 67' lang='grc' dir='ltr'>εἶναι,</span> <span class='ocrx_word' id='word_1_397' title='bbox 2639 3147 2700 3199; x_wconf 78' lang='grc' dir='ltr'>οὐ</span> <span class='ocrx_word' id='word_1_398' title='bbox 2733 3145 2834 3216; x_wconf 79' lang='grc' dir='ltr'>τῆς</span> <span class='ocrx_word' id='word_1_399' title='bbox 2877 3145 3057 3215; x_wconf 79' lang='grc' dir='ltr'>μάχης</span> <span class='ocrx_word' id='word_1_400' title='bbox 3103 3143 3462 3217; x_wconf 75' lang='grc' dir='ltr'>χωρίσαντες,</span> <span class='ocrx_word' id='word_1_401' title='bbox 3529 3138 3666 3193; x_wconf 75' lang='grc' dir='ltr'>ἀλλὰ</span> <span class='ocrx_word' id='word_1_402' title='bbox 3733 3141 3804 3194; x_wconf 78' lang='grc' dir='ltr'>τὸ</span> 
     </span>
    </p>
   </div>
   <div class='ocr_carea' id='block_1_54' title="bbox 523 3227 3810 3306">
    <p class='ocr_par' dir='ltr' id='par_1_54' title="bbox 523 3227 3810 3306">
     <span class='ocr_line' id='line_1_54' title="bbox 523 3227 3810 3306; baseline -0.003 -13"><span class='ocrx_word' id='word_1_403' title='bbox 523 3231 712 3302; x_wconf 81' lang='grc' dir='ltr'>σχῆμα</span> <span class='ocrx_word' id='word_1_404' title='bbox 767 3229 1177 3294; x_wconf 76' lang='grc' dir='ltr'>ἐναλλάξαντες,</span> <span class='ocrx_word' id='word_1_405' title='bbox 1215 3231 1308 3281; x_wconf 70' lang='grc' dir='ltr'>καὶ</span> <span class='ocrx_word' id='word_1_406' title='bbox 1355 3229 1454 3298; x_wconf 85' lang='grc' dir='ltr'>τὴν</span> <span class='ocrx_word' id='word_1_407' title='bbox 1496 3227 1595 3298; x_wconf 80' lang='grc' dir='ltr'>μὲν</span> <span class='ocrx_word' id='word_1_408' title='bbox 1638 3227 1970 3299; x_wconf 77' lang='grc' dir='ltr'>ἔμπροσθεν,</span> <span class='ocrx_word' id='word_1_409' title='bbox 2033 3229 2132 3300; x_wconf 84' lang='grc' dir='ltr'>τὴν</span> <span class='ocrx_word' id='word_1_410' title='bbox 2170 3231 2227 3284; x_wconf 81' lang='grc' dir='ltr'>δὲ</span> <span class='ocrx_word' id='word_1_411' title='bbox 2303 3233 2528 3298; x_wconf 71' lang='grc' dir='ltr'>ὄπισθεν</span> <span class='ocrx_word' id='word_1_412' title='bbox 2577 3233 2983 3306; x_wconf 71' lang='grc' dir='ltr'>τάξαντες,καὶ</span> <span class='ocrx_word' id='word_1_413' title='bbox 3016 3232 3178 3288; x_wconf 88' lang='grc' dir='ltr'>πλέον</span> <span class='ocrx_word' id='word_1_414' title='bbox 3217 3232 3316 3296; x_wconf 82' lang='grc' dir='ltr'>τὰς</span> <span class='ocrx_word' id='word_1_415' title='bbox 3339 3231 3675 3302; x_wconf 67' lang='grc' dir='ltr'>παρατάξεις</span> <span class='ocrx_word' id='word_1_416' title='bbox 3710 3231 3810 3293; x_wconf 65' lang='grc' dir='ltr'>διὰ</span> 
     </span>
    </p>
   </div>
   <div class='ocr_carea' id='block_1_55' title="bbox 521 3323 1793 3395">
    <p class='ocr_par' dir='ltr' id='par_1_55' title="bbox 521 3323 1793 3395">
     <span class='ocr_line' id='line_1_55' title="bbox 521 3323 1793 3395; baseline -0.001 -18"><span class='ocrx_word' id='word_1_417' title='bbox 521 3326 611 3377; x_wconf 70' lang='grc' dir='ltr'>τον</span> <span class='ocrx_word' id='word_1_418' title='bbox 633 3324 1034 3395; x_wconf 82' lang='grc' dir='ltr'>προειρημένον</span> <span class='ocrx_word' id='word_1_419' title='bbox 1065 3323 1265 3394; x_wconf 83' lang='grc' dir='ltr'>τρόπον</span> <span class='ocrx_word' id='word_1_420' title='bbox 1286 3324 1793 3394; x_wconf 79' lang='grc' dir='ltr'>κατοχυρώσαντες.</span> 
     </span>
    </p>
   </div>
   <div class='ocr_carea' id='block_1_56' title="bbox 590 3401 2205 3488">
    <p class='ocr_par' dir='ltr' id='par_1_56' title="bbox 590 3403 2183 3486">
     <span class='ocr_line' id='line_1_56' title="bbox 590 3403 2183 3486; baseline -0.003 -15"><span class='ocrx_word' id='word_1_421' title='bbox 590 3418 682 3472; x_wconf 62' lang='grc' dir='ltr'>εὖ.</span> <span class='ocrx_word' id='word_1_422' title='bbox 718 3415 1008 3486; x_wconf 87' lang='lat' dir='ltr'><strong>Propterea</strong></span> <span class='ocrx_word' id='word_1_423' title='bbox 1059 3425 1239 3472; x_wconf 87' lang='lat' dir='ltr'><strong>autem</strong></span> <span class='ocrx_word' id='word_1_424' title='bbox 1286 3431 1383 3486; x_wconf 78' lang='lat' dir='ltr'>par</span> <span class='ocrx_word' id='word_1_425' title='bbox 1428 3403 1515 3471; x_wconf 85' lang='lat' dir='ltr'>est</span> <span class='ocrx_word' id='word_1_426' title='bbox 1561 3423 1846 3485; x_wconf 89' lang='lat' dir='ltr'><strong>equestres</strong></span> <span class='ocrx_word' id='word_1_427' title='bbox 1899 3416 2105 3486; x_wconf 80' lang='lat' dir='ltr'><strong>copias,</strong></span> <span class='ocrx_word' id='word_1_428' title='bbox 2136 3419 2183 3481; x_wconf 85' lang='lat' dir='ltr'>c</span> 
     </span>
    </p>
   </div>
   <div class='ocr_carea' id='block_1_57' title="bbox 2199 3401 3814 3488">
    <p class='ocr_par' dir='ltr' id='par_1_57' title="bbox 2289 3401 3814 3488">
     <span class='ocr_line' id='line_1_57' title="bbox 2289 3401 3814 3488; baseline -0.005 -18"><span class='ocrx_word' id='word_1_429' title='bbox 2289 3424 2392 3486; x_wconf 86' lang='grc' dir='ltr'>κγ’.</span> <span class='ocrx_word' id='word_1_430' title='bbox 2432 3417 2532 3470; x_wconf 73' lang='grc' dir='ltr'>Διὰ</span> <span class='ocrx_word' id='word_1_431' title='bbox 2590 3417 2746 3470; x_wconf 77' lang='grc' dir='ltr'>τοῦτο</span> <span class='ocrx_word' id='word_1_432' title='bbox 2796 3417 2905 3488; x_wconf 79' lang='grc' dir='ltr'>γάρ</span> <span class='ocrx_word' id='word_1_433' title='bbox 2952 3419 3031 3480; x_wconf 87' lang='grc' dir='ltr'>είς</span> <span class='ocrx_word' id='word_1_434' title='bbox 3083 3401 3224 3488; x_wconf 83' lang='grc' dir='ltr'>μέρη</span> <span class='ocrx_word' id='word_1_435' title='bbox 3256 3416 3488 3485; x_wconf 75' lang='grc' dir='ltr'>διάφορα</span> <span class='ocrx_word' id='word_1_436' title='bbox 3517 3411 3698 3476; x_wconf 88' lang='grc' dir='ltr'>καλῶς</span> <span class='ocrx_word' id='word_1_437' title='bbox 3731 3410 3814 3474; x_wconf 64' lang='grc' dir='ltr'>ἂν</span> 
     </span>
    </p>
   </div>
   <div class='ocr_carea' id='block_1_58' title="bbox 525 3503 2140 3582">
    <p class='ocr_par' dir='ltr' id='par_1_58' title="bbox 525 3509 2109 3579">
     <span class='ocr_line' id='line_1_58' title="bbox 525 3509 2109 3579; baseline 0 -14"><span class='ocrx_word' id='word_1_438' title='bbox 525 3509 640 3565; x_wconf 88' lang='lat' dir='ltr'><strong>sive</strong></span> <span class='ocrx_word' id='word_1_439' title='bbox 675 3509 911 3579; x_wconf 88' lang='lat' dir='ltr'><strong>majores</strong></span> <span class='ocrx_word' id='word_1_440' title='bbox 942 3509 1056 3565; x_wconf 87' lang='lat' dir='ltr'><strong>sive</strong></span> <span class='ocrx_word' id='word_1_441' title='bbox 1084 3509 1324 3564; x_wconf 83' lang='lat' dir='ltr'><strong>minores</strong></span> <span class='ocrx_word' id='word_1_442' title='bbox 1356 3509 1493 3569; x_wconf 89' lang='lat' dir='ltr'><strong>sint,</strong></span> <span class='ocrx_word' id='word_1_443' title='bbox 1529 3509 1581 3562; x_wconf 94' lang='lat' dir='ltr'>in</span> <span class='ocrx_word' id='word_1_444' title='bbox 1616 3509 1803 3578; x_wconf 89' lang='lat' dir='ltr'><strong>plures</strong></span> <span class='ocrx_word' id='word_1_445' title='bbox 1833 3509 2109 3565; x_wconf 83' lang='lat' dir='ltr'><strong>diversas-</strong></span> 
     </span>
    </p>
   </div>
   <div class='ocr_carea' id='block_1_59' title="bbox 2198 3503 3813 3582">
    <p class='ocr_par' dir='ltr' id='par_1_59' title="bbox 2220 3503 3813 3582">
     <span class='ocr_line' id='line_1_59' title="bbox 2220 3503 3813 3582; baseline -0.006 -18"><span class='ocrx_word' id='word_1_446' title='bbox 2220 3510 2313 3564; x_wconf 72' lang='grc' dir='ltr'>καὶ</span> <span class='ocrx_word' id='word_1_447' title='bbox 2362 3510 2571 3582; x_wconf 82' lang='grc' dir='ltr'>πρέπον</span> <span class='ocrx_word' id='word_1_448' title='bbox 2626 3510 2742 3563; x_wconf 71' lang='grc' dir='ltr'>ἐστὶ</span> <span class='ocrx_word' id='word_1_449' title='bbox 2769 3510 2830 3575; x_wconf 82' lang='grc' dir='ltr'>τὸ</span> <span class='ocrx_word' id='word_1_450' title='bbox 2860 3509 3036 3576; x_wconf 85' lang='grc' dir='ltr'>πάντα</span> <span class='ocrx_word' id='word_1_451' title='bbox 3095 3507 3501 3579; x_wconf 69' lang='grc' dir='ltr'>καθαλλαρικὸν</span> <span class='ocrx_word' id='word_1_452' title='bbox 3564 3503 3813 3576; x_wconf 80' lang='grc' dir='ltr'>στρατὸν</span> 
     </span>
    </p>
   </div>
   <div class='ocr_carea' id='block_1_60' title="bbox 527 3597 2142 3673">
    <p class='ocr_par' dir='ltr' id='par_1_60' title="bbox 527 3599 2112 3671">
     <span class='ocr_line' id='line_1_60' title="bbox 527 3599 2112 3671; baseline -0.001 -16"><span class='ocrx_word' id='word_1_453' title='bbox 527 3616 636 3670; x_wconf 89' lang='lat' dir='ltr'>que</span> <span class='ocrx_word' id='word_1_454' title='bbox 667 3611 851 3671; x_wconf 88' lang='lat' dir='ltr'><strong>partes</strong></span> <span class='ocrx_word' id='word_1_455' title='bbox 881 3600 1146 3668; x_wconf 79' lang='lat' dir='ltr'><strong>dividere,</strong></span> <span class='ocrx_word' id='word_1_456' title='bbox 1177 3599 1304 3670; x_wconf 88' lang='lat' dir='ltr'><strong>quia</strong></span> <span class='ocrx_word' id='word_1_457' title='bbox 1341 3614 1567 3655; x_wconf 77' lang='lat' dir='ltr'><strong>necesse</strong></span> <span class='ocrx_word' id='word_1_458' title='bbox 1600 3609 1683 3655; x_wconf 91' lang='lat' dir='ltr'>est</span> <span class='ocrx_word' id='word_1_459' title='bbox 1713 3609 1764 3655; x_wconf 84' lang='lat' dir='ltr'>te</span> <span class='ocrx_word' id='word_1_460' title='bbox 1797 3608 1945 3655; x_wconf 90' lang='lat' dir='ltr'><strong>certa</strong></span> <span class='ocrx_word' id='word_1_461' title='bbox 1977 3616 2112 3668; x_wconf 88' lang='lat' dir='ltr'><strong>qua-</strong></span> 
     </span>
    </p>
   </div>
   <div class='ocr_carea' id='block_1_61' title="bbox 2197 3597 3812 3673">
    <p class='ocr_par' dir='ltr' id='par_1_61' title="bbox 2219 3597 3812 3673">
     <span class='ocr_line' id='line_1_61' title="bbox 2219 3597 3812 3673; baseline -0.005 -18"><span class='ocrx_word' id='word_1_462' title='bbox 2219 3601 2652 3673; x_wconf 76' lang='grc' dir='ltr'>διαμερίζεσοαι,</span> <span class='ocrx_word' id='word_1_463' title='bbox 2685 3601 2786 3664; x_wconf 77' lang='grc' dir='ltr'>κᾶν</span> <span class='ocrx_word' id='word_1_464' title='bbox 2810 3618 2868 3654; x_wconf 88' lang='grc' dir='ltr'>τε</span> <span class='ocrx_word' id='word_1_465' title='bbox 2889 3599 3054 3664; x_wconf 82' lang='grc' dir='ltr'>πολύς</span> <span class='ocrx_word' id='word_1_466' title='bbox 3078 3604 3214 3664; x_wconf 80' lang='grc' dir='ltr'>ἐστι,</span> <span class='ocrx_word' id='word_1_467' title='bbox 3237 3599 3342 3657; x_wconf 76' lang='grc' dir='ltr'>κᾶν</span> <span class='ocrx_word' id='word_1_468' title='bbox 3367 3617 3426 3652; x_wconf 89' lang='grc' dir='ltr'>τε</span> <span class='ocrx_word' id='word_1_469' title='bbox 3461 3597 3812 3667; x_wconf 75' lang='grc' dir='ltr'>σύμμετρος·</span> 
     </span>
    </p>
   </div>
   <div class='ocr_carea' id='block_1_62' title="bbox 529 3683 2144 3764">
    <p class='ocr_par' dir='ltr' id='par_1_62' title="bbox 529 3690 2110 3764">
     <span class='ocr_line' id='line_1_62' title="bbox 529 3690 2110 3764; baseline -0.003 -17"><span class='ocrx_word' id='word_1_470' title='bbox 529 3699 654 3749; x_wconf 85' lang='lat' dir='ltr'>dam</span> <span class='ocrx_word' id='word_1_471' title='bbox 713 3693 1043 3764; x_wconf 83' lang='lat' dir='ltr'><strong>deﬁnitaque</strong></span> <span class='ocrx_word' id='word_1_472' title='bbox 1103 3691 1484 3747; x_wconf 88' lang='lat' dir='ltr'><strong>moderatione</strong></span> <span class='ocrx_word' id='word_1_473' title='bbox 1545 3690 1730 3746; x_wconf 89' lang='lat' dir='ltr'><strong>omnia</strong></span> <span class='ocrx_word' id='word_1_474' title='bbox 1799 3691 2110 3753; x_wconf 87' lang='lat' dir='ltr'><strong>instituere,</strong></span> 
     </span>
    </p>
   </div>
   <div class='ocr_carea' id='block_1_63' title="bbox 2202 3683 3817 3764">
    <p class='ocr_par' dir='ltr' id='par_1_63' title="bbox 2221 3683 3817 3764">
     <span class='ocr_line' id='line_1_63' title="bbox 2221 3683 3817 3764; baseline -0.005 -18"><span class='ocrx_word' id='word_1_475' title='bbox 2221 3693 2443 3764; x_wconf 77' lang='grc' dir='ltr'>εὔδηλον</span> <span class='ocrx_word' id='word_1_476' title='bbox 2481 3693 2589 3764; x_wconf 81' lang='grc' dir='ltr'>γάρ</span> <span class='ocrx_word' id='word_1_477' title='bbox 2618 3693 2711 3746; x_wconf 75' lang='grc' dir='ltr'>καὶ</span> <span class='ocrx_word' id='word_1_478' title='bbox 2743 3693 2950 3764; x_wconf 88' lang='grc' dir='ltr'>πρέπον</span> <span class='ocrx_word' id='word_1_479' title='bbox 2976 3693 3064 3746; x_wconf 82' lang='grc' dir='ltr'>ἵνα</span> <span class='ocrx_word' id='word_1_480' title='bbox 3089 3693 3392 3763; x_wconf 79' lang='grc' dir='ltr'>χρεωστῇς,</span> <span class='ocrx_word' id='word_1_481' title='bbox 3423 3683 3468 3743; x_wconf 82' lang='grc' dir='ltr'>ῶ</span> <span class='ocrx_word' id='word_1_482' title='bbox 3499 3687 3817 3759; x_wconf 82' lang='grc' dir='ltr'>στρατηγὲ,</span> 
     </span>
    </p>
   </div>
   <div class='ocr_carea' id='block_1_64' title="bbox 531 3777 2146 3852">
    <p class='ocr_par' dir='ltr' id='par_1_64' title="bbox 531 3781 2112 3852">
     <span class='ocr_line' id='line_1_64' title="bbox 531 3781 2112 3852; baseline -0.006 -11"><span class='ocrx_word' id='word_1_483' title='bbox 531 3803 655 3841; x_wconf 81' lang='lat' dir='ltr'>eum</span> <span class='ocrx_word' id='word_1_484' title='bbox 718 3785 981 3840; x_wconf 85' lang='lat' dir='ltr'><strong>adversus</strong></span> <span class='ocrx_word' id='word_1_485' title='bbox 1030 3784 1216 3839; x_wconf 90' lang='lat' dir='ltr'><strong>hostes</strong></span> <span class='ocrx_word' id='word_1_486' title='bbox 1268 3783 1653 3852; x_wconf 90' lang='lat' dir='ltr'><strong>dimicas,qui</strong></span> <span class='ocrx_word' id='word_1_487' title='bbox 1713 3782 1766 3835; x_wconf 92' lang='lat' dir='ltr'>in</span> <span class='ocrx_word' id='word_1_488' title='bbox 1812 3781 1955 3846; x_wconf 86' lang='lat' dir='ltr'><strong>bello</strong></span> <span class='ocrx_word' id='word_1_489' title='bbox 1999 3789 2112 3834; x_wconf 87' lang='lat' dir='ltr'>tum</span> 
     </span>
    </p>
   </div>
   <div class='ocr_carea' id='block_1_65' title="bbox 2208 3777 3823 3852">
    <p class='ocr_par' dir='ltr' id='par_1_65' title="bbox 2221 3777 3823 3851">
     <span class='ocr_line' id='line_1_65' title="bbox 2221 3777 3823 3851; baseline -0.004 -15"><span class='ocrx_word' id='word_1_490' title='bbox 2221 3783 2378 3851; x_wconf 84' lang='grc' dir='ltr'>λόγον</span> <span class='ocrx_word' id='word_1_491' title='bbox 2425 3783 2694 3836; x_wconf 83' lang='grc' dir='ltr'>ποιεῖσθαι</span> <span class='ocrx_word' id='word_1_492' title='bbox 2725 3782 2818 3835; x_wconf 75' lang='grc' dir='ltr'>καὶ</span> <span class='ocrx_word' id='word_1_493' title='bbox 2849 3781 3202 3848; x_wconf 87' lang='grc' dir='ltr'>κατάστασιν,</span> <span class='ocrx_word' id='word_1_494' title='bbox 3238 3781 3313 3844; x_wconf 84' lang='grc' dir='ltr'>ὡς</span> <span class='ocrx_word' id='word_1_495' title='bbox 3344 3780 3641 3850; x_wconf 80' lang='grc' dir='ltr'>ἐνδέχεται,</span> <span class='ocrx_word' id='word_1_496' title='bbox 3674 3777 3823 3830; x_wconf 79' lang='grc' dir='ltr'>ὅταν</span> 
     </span>
    </p>
   </div>
   <div class='ocr_carea' id='block_1_66' title="bbox 532 3870 2147 3946">
    <p class='ocr_par' dir='ltr' id='par_1_66' title="bbox 532 3873 2113 3942">
     <span class='ocr_line' id='line_1_66' title="bbox 532 3873 2113 3942; baseline -0.006 -8"><span class='ocrx_word' id='word_1_497' title='bbox 532 3888 704 3934; x_wconf 86' lang='lat' dir='ltr'><strong>artem</strong></span> <span class='ocrx_word' id='word_1_498' title='bbox 736 3877 1054 3942; x_wconf 88' lang='lat' dir='ltr'><strong>militarem,</strong></span> <span class='ocrx_word' id='word_1_499' title='bbox 1088 3886 1201 3932; x_wconf 91' lang='lat' dir='ltr'>tum</span> <span class='ocrx_word' id='word_1_500' title='bbox 1235 3875 1481 3932; x_wconf 89' lang='lat' dir='ltr'><strong>ordinem</strong></span> <span class='ocrx_word' id='word_1_501' title='bbox 1513 3873 1770 3942; x_wconf 88' lang='lat' dir='ltr'><strong>bellicum</strong></span> <span class='ocrx_word' id='word_1_502' title='bbox 1799 3874 2113 3929; x_wconf 82' lang='lat' dir='ltr'><strong>observant.</strong></span> 
     </span>
    </p>
   </div>
   <div class='ocr_carea' id='block_1_67' title="bbox 2210 3870 3825 3946">
    <p class='ocr_par' dir='ltr' id='par_1_67' title="bbox 2226 3870 3825 3946">
     <span class='ocr_line' id='line_1_67' title="bbox 2226 3870 3825 3946; baseline -0.004 -18"><span class='ocrx_word' id='word_1_503' title='bbox 2226 3876 2462 3946; x_wconf 84' lang='grc' dir='ltr'>μάλιστα</span> <span class='ocrx_word' id='word_1_504' title='bbox 2519 3875 2613 3928; x_wconf 75' lang='grc' dir='ltr'>καὶ</span> <span class='ocrx_word' id='word_1_505' title='bbox 2661 3874 2796 3946; x_wconf 81' lang='grc' dir='ltr'>πρὸς</span> <span class='ocrx_word' id='word_1_506' title='bbox 2854 3873 2981 3944; x_wconf 80' lang='grc' dir='ltr'>ἔθνη</span> <span class='ocrx_word' id='word_1_507' title='bbox 3012 3872 3255 3945; x_wconf 77' lang='grc' dir='ltr'>πολεμῇς</span> <span class='ocrx_word' id='word_1_508' title='bbox 3299 3870 3452 3937; x_wconf 83' lang='grc' dir='ltr'>τάξιν</span> <span class='ocrx_word' id='word_1_509' title='bbox 3485 3871 3676 3942; x_wconf 75' lang='grc' dir='ltr'>ἔχοντα</span> <span class='ocrx_word' id='word_1_510' title='bbox 3712 3870 3825 3934; x_wconf 73' lang='grc' dir='ltr'>καὶ</span> 
     </span>
    </p>
   </div>
   <div class='ocr_carea' id='block_1_68' title="bbox 2224 3945 3164 4038">
    <p class='ocr_par' dir='ltr' id='par_1_68' title="bbox 2224 3945 3164 4038">
     <span class='ocr_line' id='line_1_68' title="bbox 2224 3945 3164 4038; baseline -0.004 -16"><span class='ocrx_word' id='word_1_511' title='bbox 2224 3945 2420 4038; x_wconf 69' lang='grc' dir='ltr'>τέχνην</span> <span class='ocrx_word' id='word_1_512' title='bbox 2445 3945 2716 4037; x_wconf 66' lang='grc' dir='ltr'>πολέμου.</span> <span class='ocrx_word' id='word_1_513' title='bbox 3157 3945 3164 3954; x_wconf 38' lang='grc'>.</span> 
     </span>
    </p>
   </div>
   <div class='ocr_carea' id='block_1_69' title="bbox 605 4049 2220 4135">
    <p class='ocr_par' dir='ltr' id='par_1_69' title="bbox 605 4062 2116 4135">
     <span class='ocr_line' id='line_1_69' title="bbox 605 4062 2116 4135; baseline -0.007 -15"><span class='ocrx_word' id='word_1_514' title='bbox 605 4067 697 4120; x_wconf 67' lang='grc' dir='ltr'>ἳά.</span> <span class='ocrx_word' id='word_1_515' title='bbox 742 4065 797 4120; x_wconf 90' lang='lat' dir='ltr'>Si</span> <span class='ocrx_word' id='word_1_516' title='bbox 834 4064 1060 4135; x_wconf 89' lang='lat' dir='ltr'><strong>poteris,</strong></span> <span class='ocrx_word' id='word_1_517' title='bbox 1103 4063 1250 4118; x_wconf 88' lang='lat' dir='ltr'><strong>nulla</strong></span> <span class='ocrx_word' id='word_1_518' title='bbox 1294 4065 1504 4118; x_wconf 88' lang='lat' dir='ltr'><strong>ratione</strong></span> <span class='ocrx_word' id='word_1_519' title='bbox 1551 4062 1752 4117; x_wconf 85' lang='lat' dir='ltr'><strong>bellum</strong></span> <span class='ocrx_word' id='word_1_520' title='bbox 1784 4075 1967 4132; x_wconf 81' lang='lat' dir='ltr'><strong>geras,</strong></span> <span class='ocrx_word' id='word_1_521' title='bbox 1991 4073 2116 4114; x_wconf 87' lang='lat' dir='ltr'>cum</span> 
     </span>
    </p>
   </div>
   <div class='ocr_carea' id='block_1_70' title="bbox 2214 4049 3829 4135">
    <p class='ocr_par' dir='ltr' id='par_1_70' title="bbox 2297 4049 3829 4129">
     <span class='ocr_line' id='line_1_70' title="bbox 2297 4049 3829 4129; baseline -0.007 -15"><span class='ocrx_word' id='word_1_522' title='bbox 2297 4061 2396 4123; x_wconf 81' lang='grc' dir='ltr'>κδ’.</span> <span class='ocrx_word' id='word_1_523' title='bbox 2445 4060 2571 4114; x_wconf 80' lang='grc' dir='ltr'>Ἐάν</span> <span class='ocrx_word' id='word_1_524' title='bbox 2601 4060 2657 4113; x_wconf 78' lang='grc' dir='ltr'>δὲ</span> <span class='ocrx_word' id='word_1_525' title='bbox 2683 4059 2932 4125; x_wconf 79' lang='grc' dir='ltr'>δύνασαι,</span> <span class='ocrx_word' id='word_1_526' title='bbox 2969 4060 3044 4129; x_wconf 80' lang='grc' dir='ltr'>μὴ</span> <span class='ocrx_word' id='word_1_527' title='bbox 3070 4061 3226 4129; x_wconf 77' lang='grc' dir='ltr'>ποιῇς</span> <span class='ocrx_word' id='word_1_528' title='bbox 3260 4056 3509 4127; x_wconf 80' lang='grc' dir='ltr'>φανερῶς</span> <span class='ocrx_word' id='word_1_529' title='bbox 3526 4055 3615 4109; x_wconf 81' lang='grc' dir='ltr'>τὸν</span> <span class='ocrx_word' id='word_1_530' title='bbox 3644 4049 3829 4105; x_wconf 82' lang='grc' dir='ltr'>πόλε-</span> 
     </span>
    </p>
   </div>
   <div class='ocr_carea' id='block_1_71' title="bbox 540 4145 2155 4225">
    <p class='ocr_par' dir='ltr' id='par_1_71' title="bbox 540 4152 2119 4225">
     <span class='ocr_line' id='line_1_71' title="bbox 540 4152 2119 4225; baseline -0.004 -15"><span class='ocrx_word' id='word_1_531' title='bbox 540 4158 782 4212; x_wconf 89' lang='lat' dir='ltr'><strong>hostium</strong></span> <span class='ocrx_word' id='word_1_532' title='bbox 817 4157 1000 4225; x_wconf 87' lang='lat' dir='ltr'><strong>plures</strong></span> <span class='ocrx_word' id='word_1_533' title='bbox 1033 4156 1220 4224; x_wconf 79' lang='lat' dir='ltr'><strong>capias</strong></span> <span class='ocrx_word' id='word_1_534' title='bbox 1243 4169 1364 4210; x_wconf 89' lang='lat' dir='ltr'><strong>esse</strong></span> <span class='ocrx_word' id='word_1_535' title='bbox 1396 4153 1675 4223; x_wconf 83' lang='lat' dir='ltr'><strong>intelligis.</strong></span> <span class='ocrx_word' id='word_1_536' title='bbox 1704 4152 1889 4207; x_wconf 83' lang='lat' dir='ltr'><strong>Primo</strong></span> <span class='ocrx_word' id='word_1_537' title='bbox 1915 4164 2119 4220; x_wconf 84' lang='lat' dir='ltr'><strong>cegno-</strong></span> 
     </span>
    </p>
   </div>
   <div class='ocr_carea' id='block_1_72' title="bbox 2211 4145 3826 4225">
    <p class='ocr_par' dir='ltr' id='par_1_72' title="bbox 2231 4145 3826 4222">
     <span class='ocr_line' id='line_1_72' title="bbox 2231 4145 3826 4222; baseline -0.004 -18"><span class='ocrx_word' id='word_1_538' title='bbox 2231 4170 2351 4222; x_wconf 89' lang='grc' dir='ltr'>μον,</span> <span class='ocrx_word' id='word_1_539' title='bbox 2370 4153 2497 4206; x_wconf 81' lang='grc' dir='ltr'>ὅταν</span> <span class='ocrx_word' id='word_1_540' title='bbox 2523 4152 2814 4220; x_wconf 80' lang='grc' dir='ltr'>γινώσκεις</span> <span class='ocrx_word' id='word_1_541' title='bbox 2842 4152 2922 4204; x_wconf 84' lang='grc' dir='ltr'>ὅτι</span> <span class='ocrx_word' id='word_1_542' title='bbox 2957 4149 3173 4214; x_wconf 87' lang='grc' dir='ltr'>πλείους</span> <span class='ocrx_word' id='word_1_543' title='bbox 3207 4149 3299 4202; x_wconf 82' lang='grc' dir='ltr'>σού</span> <span class='ocrx_word' id='word_1_544' title='bbox 3315 4149 3452 4200; x_wconf 73' lang='grc' dir='ltr'>εἰσιν</span> <span class='ocrx_word' id='word_1_545' title='bbox 3468 4147 3516 4199; x_wconf 78' lang='grc' dir='ltr'>οἱ</span> <span class='ocrx_word' id='word_1_546' title='bbox 3535 4145 3826 4214; x_wconf 83' lang='grc' dir='ltr'>πολέμιοι.</span> 
     </span>
    </p>
   </div>
   <div class='ocr_carea' id='block_1_73' title="bbox 541 4230 2156 4317">
    <p class='ocr_par' dir='ltr' id='par_1_73' title="bbox 541 4243 2117 4317">
     <span class='ocr_line' id='line_1_73' title="bbox 541 4243 2117 4317; baseline -0.004 -15"><span class='ocrx_word' id='word_1_547' title='bbox 541 4249 756 4302; x_wconf 71' lang='lat' dir='ltr'><strong>scendae</strong></span> <span class='ocrx_word' id='word_1_548' title='bbox 793 4247 1080 4316; x_wconf 84' lang='lat' dir='ltr'><strong>diligenter</strong></span> <span class='ocrx_word' id='word_1_549' title='bbox 1114 4247 1352 4302; x_wconf 90' lang='lat' dir='ltr'><strong>hostium</strong></span> <span class='ocrx_word' id='word_1_550' title='bbox 1381 4247 1552 4317; x_wconf 72' lang='lat' dir='ltr'><strong>copize</strong></span> <span class='ocrx_word' id='word_1_551' title='bbox 1585 4253 1733 4309; x_wconf 87' lang='lat' dir='ltr'><strong>sunt,</strong></span> <span class='ocrx_word' id='word_1_552' title='bbox 1771 4255 1880 4298; x_wconf 90' lang='lat' dir='ltr'>tum</span> <span class='ocrx_word' id='word_1_553' title='bbox 1917 4243 2117 4298; x_wconf 87' lang='lat' dir='ltr'><strong>bellum</strong></span> 
     </span>
    </p>
   </div>
   <div class='ocr_carea' id='block_1_74' title="bbox 2216 4230 3831 4317">
    <p class='ocr_par' dir='ltr' id='par_1_74' title="bbox 2227 4230 3831 4315">
     <span class='ocr_line' id='line_1_74' title="bbox 2227 4230 3831 4315; baseline -0.005 -17"><span class='ocrx_word' id='word_1_554' title='bbox 2227 4230 2337 4298; x_wconf 75' lang='grc' dir='ltr'>Καὶ</span> <span class='ocrx_word' id='word_1_555' title='bbox 2393 4243 2502 4315; x_wconf 81' lang='grc' dir='ltr'>γὰρ</span> <span class='ocrx_word' id='word_1_556' title='bbox 2539 4243 2747 4314; x_wconf 85' lang='grc' dir='ltr'>πρέπον</span> <span class='ocrx_word' id='word_1_557' title='bbox 2785 4260 2864 4295; x_wconf 87' lang='grc' dir='ltr'>σοι</span> <span class='ocrx_word' id='word_1_558' title='bbox 2897 4242 3162 4312; x_wconf 73' lang='grc' dir='ltr'>πρότερον</span> <span class='ocrx_word' id='word_1_559' title='bbox 3185 4240 3284 4310; x_wconf 79' lang='grc' dir='ltr'>τὴν</span> <span class='ocrx_word' id='word_1_560' title='bbox 3310 4239 3538 4308; x_wconf 76' lang='grc' dir='ltr'>δύναμιν</span> <span class='ocrx_word' id='word_1_561' title='bbox 3566 4237 3674 4290; x_wconf 83' lang='grc' dir='ltr'>τῶν</span> <span class='ocrx_word' id='word_1_562' title='bbox 3713 4254 3831 4290; x_wconf 80' lang='grc' dir='ltr'>πο-</span> 
     </span>
    </p>
   </div>
   <div class='ocr_carea' id='block_1_75' title="bbox 544 4324 2159 4401">
    <p class='ocr_par' dir='ltr' id='par_1_75' title="bbox 544 4339 1245 4401">
     <span class='ocr_line' id='line_1_75' title="bbox 544 4339 1245 4401; baseline -0.003 -6"><span class='ocrx_word' id='word_1_563' title='bbox 544 4341 727 4396; x_wconf 88' lang='lat' dir='ltr'><strong>statim</strong></span> <span class='ocrx_word' id='word_1_564' title='bbox 761 4339 1102 4395; x_wconf 86' lang='lat' dir='ltr'><strong>inferendum</strong></span> <span class='ocrx_word' id='word_1_565' title='bbox 1137 4351 1245 4401; x_wconf 78' lang='lat' dir='ltr'><strong>est.</strong></span> 
     </span>
    </p>
   </div>
   <div class='ocr_carea' id='block_1_76' title="bbox 2217 4324 3832 4401">
    <p class='ocr_par' dir='ltr' id='par_1_76' title="bbox 2228 4324 3832 4400">
     <span class='ocr_line' id='line_1_76' title="bbox 2228 4324 3832 4400; baseline -0.001 -19"><span class='ocrx_word' id='word_1_566' title='bbox 2228 4329 2428 4400; x_wconf 86' lang='grc' dir='ltr'>λεμίων</span> <span class='ocrx_word' id='word_1_567' title='bbox 2484 4346 2576 4382; x_wconf 85' lang='grc' dir='ltr'>σου</span> <span class='ocrx_word' id='word_1_568' title='bbox 2640 4327 2961 4398; x_wconf 80' lang='grc' dir='ltr'>άναμαΟεῖν,</span> <span class='ocrx_word' id='word_1_569' title='bbox 3024 4326 3118 4380; x_wconf 70' lang='grc' dir='ltr'>καὶ</span> <span class='ocrx_word' id='word_1_570' title='bbox 3140 4324 3313 4389; x_wconf 73' lang='grc' dir='ltr'>οὕτως</span> <span class='ocrx_word' id='word_1_571' title='bbox 3350 4324 3681 4396; x_wconf 81' lang='grc' dir='ltr'>ποιήσασθαι</span> <span class='ocrx_word' id='word_1_572' title='bbox 3712 4325 3832 4396; x_wconf 75' lang='grc' dir='ltr'>τὴν</span> 
     </span>
    </p>
   </div>
   <div class='ocr_carea' id='block_1_77' title="bbox 2233 4421 2926 4495">
    <p class='ocr_par' dir='ltr' id='par_1_77' title="bbox 2233 4421 2926 4495">
     <span class='ocr_line' id='line_1_77' title="bbox 2233 4421 2926 4495; baseline -0.007 -17"><span class='ocrx_word' id='word_1_573' title='bbox 2233 4422 2506 4495; x_wconf 75' lang='grc' dir='ltr'>συμϐολὴν</span> <span class='ocrx_word' id='word_1_574' title='bbox 2535 4422 2628 4474; x_wconf 78' lang='grc' dir='ltr'>τοῦ</span> <span class='ocrx_word' id='word_1_575' title='bbox 2666 4421 2926 4491; x_wconf 85' lang='grc' dir='ltr'>πολέμου.</span> 
     </span>
    </p>
   </div>
   <div class='ocr_carea' id='block_1_78' title="bbox 614 4507 2229 4585">
    <p class='ocr_par' dir='ltr' id='par_1_78' title="bbox 614 4512 2122 4585">
     <span class='ocr_line' id='line_1_78' title="bbox 614 4512 2122 4585; baseline -0.001 -17"><span class='ocrx_word' id='word_1_576' title='bbox 614 4514 707 4569; x_wconf 70' lang='lat'>25.</span> <span class='ocrx_word' id='word_1_577' title='bbox 751 4512 806 4567; x_wconf 90' lang='lat' dir='ltr'>Si</span> <span class='ocrx_word' id='word_1_578' title='bbox 846 4513 1145 4582; x_wconf 85' lang='lat' dir='ltr'><strong>pedestrem</strong></span> <span class='ocrx_word' id='word_1_579' title='bbox 1185 4513 1386 4568; x_wconf 84' lang='lat' dir='ltr'><strong>habeas</strong></span> <span class='ocrx_word' id='word_1_580' title='bbox 1430 4513 1768 4578; x_wconf 80' lang='lat' dir='ltr'><strong>exercitum,</strong></span> <span class='ocrx_word' id='word_1_581' title='bbox 1811 4513 2122 4585; x_wconf 78' lang='lat' dir='ltr'><strong>huiusmodi</strong></span> 
     </span>
    </p>
   </div>
   <div class='ocr_carea' id='block_1_79' title="bbox 2214 4507 3829 4585">
    <p class='ocr_par' dir='ltr' id='par_1_79' title="bbox 2302 4507 3829 4584">
     <span class='ocr_line' id='line_1_79' title="bbox 2302 4507 3829 4584; baseline -0.004 -14"><span class='ocrx_word' id='word_1_582' title='bbox 2302 4514 2401 4571; x_wconf 80' lang='grc' dir='ltr'>κε’.</span> <span class='ocrx_word' id='word_1_583' title='bbox 2437 4517 2561 4568; x_wconf 83' lang='grc' dir='ltr'>Ἐάν</span> <span class='ocrx_word' id='word_1_584' title='bbox 2595 4514 2650 4567; x_wconf 80' lang='grc' dir='ltr'>δὲ</span> <span class='ocrx_word' id='word_1_585' title='bbox 2683 4513 2826 4584; x_wconf 80' lang='grc' dir='ltr'>ἔχεις</span> <span class='ocrx_word' id='word_1_586' title='bbox 2873 4512 3095 4576; x_wconf 75' lang='grc' dir='ltr'>πεζικὸν</span> <span class='ocrx_word' id='word_1_587' title='bbox 3155 4510 3408 4582; x_wconf 81' lang='grc' dir='ltr'>στρατὸν,</span> <span class='ocrx_word' id='word_1_588' title='bbox 3474 4507 3829 4579; x_wconf 77' lang='grc' dir='ltr'>ποιήσασθαι</span> 
     </span>
    </p>
   </div>
   <div class='ocr_carea' id='block_1_80' title="bbox 545 4597 2160 4677">
    <p class='ocr_par' dir='ltr' id='par_1_80' title="bbox 545 4605 2123 4676">
     <span class='ocr_line' id='line_1_80' title="bbox 545 4605 2123 4676; baseline 0 -14"><span class='ocrx_word' id='word_1_589' title='bbox 545 4609 718 4664; x_wconf 84' lang='lat' dir='ltr'><strong>aciem</strong></span> <span class='ocrx_word' id='word_1_590' title='bbox 751 4608 1011 4674; x_wconf 78' lang='lat' dir='ltr'><strong>instrues,</strong></span> <span class='ocrx_word' id='word_1_591' title='bbox 1032 4606 1249 4676; x_wconf 85' lang='lat' dir='ltr'><strong>qualem</strong></span> <span class='ocrx_word' id='word_1_592' title='bbox 1283 4606 1378 4660; x_wconf 90' lang='lat' dir='ltr'><strong>tibi</strong></span> <span class='ocrx_word' id='word_1_593' title='bbox 1410 4605 1594 4661; x_wconf 88' lang='lat' dir='ltr'><strong>statim</strong></span> <span class='ocrx_word' id='word_1_594' title='bbox 1618 4607 2032 4676; x_wconf 82' lang='lat' dir='ltr'><strong>explicabimus,</strong></span> <span class='ocrx_word' id='word_1_595' title='bbox 2068 4607 2123 4662; x_wconf 92' lang='lat' dir='ltr'>in</span> 
     </span>
    </p>
   </div>
   <div class='ocr_carea' id='block_1_81' title="bbox 2218 4597 3833 4677">
    <p class='ocr_par' dir='ltr' id='par_1_81' title="bbox 2231 4597 3833 4677">
     <span class='ocr_line' id='line_1_81' title="bbox 2231 4597 3833 4677; baseline -0.007 -15"><span class='ocrx_word' id='word_1_596' title='bbox 2231 4608 2418 4674; x_wconf 79' lang='grc' dir='ltr'>τούτου</span> <span class='ocrx_word' id='word_1_597' title='bbox 2464 4607 2562 4677; x_wconf 79' lang='grc' dir='ltr'>τὴν</span> <span class='ocrx_word' id='word_1_598' title='bbox 2602 4602 2927 4675; x_wconf 83' lang='grc' dir='ltr'>παράταξιν,</span> <span class='ocrx_word' id='word_1_599' title='bbox 2958 4602 3033 4666; x_wconf 80' lang='grc' dir='ltr'>ὡς</span> <span class='ocrx_word' id='word_1_600' title='bbox 3088 4600 3224 4672; x_wconf 80' lang='grc' dir='ltr'>μετὰ</span> <span class='ocrx_word' id='word_1_601' title='bbox 3262 4599 3434 4654; x_wconf 78' lang='grc' dir='ltr'>ταῦτα</span> <span class='ocrx_word' id='word_1_602' title='bbox 3470 4597 3833 4669; x_wconf 82' lang='grc' dir='ltr'>δηλώσομεν,</span> 
     </span>
    </p>
   </div>
   <div class='ocr_carea' id='block_1_82' title="bbox 545 4691 2160 4772">
    <p class='ocr_par' dir='ltr' id='par_1_82' title="bbox 545 4693 2126 4767">
     <span class='ocr_line' id='line_1_82' title="bbox 545 4693 2126 4767; baseline -0.002 -14"><span class='ocrx_word' id='word_1_603' title='bbox 545 4697 722 4767; x_wconf 86' lang='lat' dir='ltr'><strong>capite</strong></span> <span class='ocrx_word' id='word_1_604' title='bbox 759 4696 827 4750; x_wconf 89' lang='lat' dir='ltr'>de</span> <span class='ocrx_word' id='word_1_605' title='bbox 867 4695 983 4749; x_wconf 88' lang='lat' dir='ltr'><strong>acie</strong></span> <span class='ocrx_word' id='word_1_606' title='bbox 1026 4693 1294 4764; x_wconf 87' lang='lat' dir='ltr'><strong>pedestri,</strong></span> <span class='ocrx_word' id='word_1_607' title='bbox 1327 4703 1382 4749; x_wconf 89' lang='lat' dir='ltr'>et</span> <span class='ocrx_word' id='word_1_608' title='bbox 1421 4695 1537 4749; x_wconf 85' lang='lat' dir='ltr'><strong>acie</strong></span> <span class='ocrx_word' id='word_1_609' title='bbox 1581 4694 1740 4749; x_wconf 88' lang='lat' dir='ltr'><strong>mista</strong></span> <span class='ocrx_word' id='word_1_610' title='bbox 1780 4696 2024 4765; x_wconf 90' lang='lat' dir='ltr'><strong>equitum</strong></span> <span class='ocrx_word' id='word_1_611' title='bbox 2063 4710 2126 4750; x_wconf 89' lang='lat' dir='ltr'>ac</span> 
     </span>
    </p>
   </div>
   <div class='ocr_carea' id='block_1_83' title="bbox 2224 4691 3839 4772">
    <p class='ocr_par' dir='ltr' id='par_1_83' title="bbox 2233 4691 3839 4772">
     <span class='ocr_line' id='line_1_83' title="bbox 2233 4691 3839 4772; baseline -0.005 -18"><span class='ocrx_word' id='word_1_612' title='bbox 2233 4703 2292 4754; x_wconf 84' lang='grc' dir='ltr'>ὲν</span> <span class='ocrx_word' id='word_1_613' title='bbox 2315 4703 2379 4772; x_wconf 82' lang='grc' dir='ltr'>τῇ</span> <span class='ocrx_word' id='word_1_614' title='bbox 2414 4700 2542 4770; x_wconf 69' lang='grc' dir='ltr'>περὶ</span> <span class='ocrx_word' id='word_1_615' title='bbox 2593 4697 2777 4760; x_wconf 76' lang='grc' dir='ltr'>πεζῶν</span> <span class='ocrx_word' id='word_1_616' title='bbox 2815 4695 2910 4752; x_wconf 77' lang='grc' dir='ltr'>καὶ</span> <span class='ocrx_word' id='word_1_617' title='bbox 2943 4695 3050 4748; x_wconf 85' lang='grc' dir='ltr'>τῶν</span> <span class='ocrx_word' id='word_1_618' title='bbox 3081 4693 3406 4765; x_wconf 80' lang='grc' dir='ltr'>συμμίκτων</span> <span class='ocrx_word' id='word_1_619' title='bbox 3455 4692 3568 4755; x_wconf 87' lang='grc' dir='ltr'>τοῖς</span> <span class='ocrx_word' id='word_1_620' title='bbox 3609 4691 3839 4746; x_wconf 79' lang='grc' dir='ltr'>καϐαλ-</span> 
     </span>
    </p>
   </div>
   <div class='ocr_carea' id='block_1_84' title="bbox 545 4780 2160 4864">
    <p class='ocr_par' dir='ltr' id='par_1_84' title="bbox 545 4781 2160 4860">
     <span class='ocr_line' id='line_1_84' title="bbox 545 4781 2160 4860; baseline -0.006 -16"><span class='ocrx_word' id='word_1_621' title='bbox 545 4789 790 4860; x_wconf 87' lang='lat' dir='ltr'><strong>peditum</strong></span> <span class='ocrx_word' id='word_1_622' title='bbox 829 4787 1170 4843; x_wconf 85' lang='lat' dir='ltr'><strong>instruenda.</strong></span> <span class='ocrx_word' id='word_1_623' title='bbox 1385 4817 1390 4820; x_wconf 98' lang='lat'><strong><em>-</em></strong></span> <span class='ocrx_word' id='word_1_624' title='bbox 2157 4781 2160 4834; x_wconf 79' lang='grc' dir='ltr'>ἶ</span> 
     </span>
    </p>
   </div>
   <div class='ocr_carea' id='block_1_85' title="bbox 1109 4780 2724 4864">
    <p class='ocr_par' dir='ltr' id='par_1_85' title="bbox 1109 4780 2722 4864">
     <span class='ocr_line' id='line_1_85' title="bbox 1109 4780 2722 4864; baseline 0.004 -26"><span class='ocrx_word' id='word_1_625' title='bbox 1109 4789 1170 4841; x_wconf 70' lang='lat' dir='ltr'>ia.</span> <span class='ocrx_word' id='word_1_626' title='bbox 1385 4817 1390 4820; x_wconf 96' lang='lat'><strong><em>-</em></strong></span> <span class='ocrx_word' id='word_1_627' title='bbox 2157 4780 2203 4835; x_wconf 80' lang='lat' dir='ltr'><strong>D</strong></span> <span class='ocrx_word' id='word_1_628' title='bbox 2231 4792 2439 4864; x_wconf 87' lang='grc' dir='ltr'>λαρίοις</span> <span class='ocrx_word' id='word_1_629' title='bbox 2462 4791 2722 4854; x_wconf 76' lang='grc' dir='ltr'>διατάξει.</span> 
     </span>
    </p>
   </div>
   <div class='ocr_carea' id='block_1_86' title="bbox 617 4874 2232 4951">
    <p class='ocr_par' dir='ltr' id='par_1_86' title="bbox 617 4877 2127 4949">
     <span class='ocr_line' id='line_1_86' title="bbox 617 4877 2127 4949; baseline -0.001 -15"><span class='ocrx_word' id='word_1_630' title='bbox 617 4880 709 4936; x_wconf 69' lang='lat'>26.</span> <span class='ocrx_word' id='word_1_631' title='bbox 757 4879 850 4934; x_wconf 91' lang='lat' dir='ltr'>Sin</span> <span class='ocrx_word' id='word_1_632' title='bbox 888 4891 1070 4934; x_wconf 87' lang='lat' dir='ltr'><strong>autem</strong></span> <span class='ocrx_word' id='word_1_633' title='bbox 1110 4879 1212 4935; x_wconf 90' lang='lat' dir='ltr'><strong>soli</strong></span> <span class='ocrx_word' id='word_1_634' title='bbox 1245 4880 1458 4949; x_wconf 85' lang='lat' dir='ltr'><strong>equites</strong></span> <span class='ocrx_word' id='word_1_635' title='bbox 1499 4877 1738 4942; x_wconf 88' lang='lat' dir='ltr'><strong>fuerint,</strong></span> <span class='ocrx_word' id='word_1_636' title='bbox 1777 4887 1829 4933; x_wconf 89' lang='lat' dir='ltr'>et</span> <span class='ocrx_word' id='word_1_637' title='bbox 1863 4878 2127 4934; x_wconf 81' lang='lat' dir='ltr'><strong>adversus</strong></span> 
     </span>
    </p>
   </div>
   <div class='ocr_carea' id='block_1_87' title="bbox 2223 4874 3838 4951">
    <p class='ocr_par' dir='ltr' id='par_1_87' title="bbox 2307 4874 3838 4951">
     <span class='ocr_line' id='line_1_87' title="bbox 2307 4874 3838 4951; baseline -0.005 -14"><span class='ocrx_word' id='word_1_638' title='bbox 2307 4890 2420 4948; x_wconf 71' lang='lat' dir='ltr'><strong>xg&#39;.</strong></span> <span class='ocrx_word' id='word_1_639' title='bbox 2468 4883 2596 4936; x_wconf 85' lang='grc' dir='ltr'>Ἐάν</span> <span class='ocrx_word' id='word_1_640' title='bbox 2621 4882 2675 4934; x_wconf 83' lang='grc' dir='ltr'>δὲ</span> <span class='ocrx_word' id='word_1_641' title='bbox 2701 4880 2848 4951; x_wconf 85' lang='grc' dir='ltr'>μόνοι</span> <span class='ocrx_word' id='word_1_642' title='bbox 2881 4877 3236 4949; x_wconf 76' lang='grc' dir='ltr'>κασαλλάριοί</span> <span class='ocrx_word' id='word_1_643' title='bbox 3272 4879 3401 4942; x_wconf 86' lang='grc' dir='ltr'>είσι,</span> <span class='ocrx_word' id='word_1_644' title='bbox 3431 4877 3525 4930; x_wconf 70' lang='grc' dir='ltr'>καὶ</span> <span class='ocrx_word' id='word_1_645' title='bbox 3551 4874 3690 4946; x_wconf 73' lang='grc' dir='ltr'>πρὸς</span> <span class='ocrx_word' id='word_1_646' title='bbox 3717 4893 3838 4930; x_wconf 76' lang='grc' dir='ltr'>κα-</span> 
     </span>
    </p>
   </div>
   <div class='ocr_carea' id='block_1_88' title="bbox 549 4968 2164 5047">
    <p class='ocr_par' dir='ltr' id='par_1_88' title="bbox 549 4970 2127 5043">
     <span class='ocr_line' id='line_1_88' title="bbox 549 4970 2127 5043; baseline -0.001 -15"><span class='ocrx_word' id='word_1_647' title='bbox 549 4974 762 5043; x_wconf 87' lang='lat' dir='ltr'><strong>equites</strong></span> <span class='ocrx_word' id='word_1_648' title='bbox 792 4973 993 5028; x_wconf 86' lang='lat' dir='ltr'><strong>bellum</strong></span> <span class='ocrx_word' id='word_1_649' title='bbox 1029 4972 1439 5042; x_wconf 91' lang='lat' dir='ltr'><strong>suscipiendum</strong></span> <span class='ocrx_word' id='word_1_650' title='bbox 1476 4984 1581 5036; x_wconf 89' lang='lat' dir='ltr'><strong>est,</strong></span> <span class='ocrx_word' id='word_1_651' title='bbox 1613 4970 1665 5024; x_wconf 92' lang='lat' dir='ltr'>in</span> <span class='ocrx_word' id='word_1_652' title='bbox 1703 4980 1814 5026; x_wconf 85' lang='lat' dir='ltr'><strong>tres</strong></span> <span class='ocrx_word' id='word_1_653' title='bbox 1845 4979 2127 5040; x_wconf 83' lang='lat' dir='ltr'><strong>equestres</strong></span> 
     </span>
    </p>
   </div>
   <div class='ocr_carea' id='block_1_89' title="bbox 2228 4968 3843 5047">
    <p class='ocr_par' dir='ltr' id='par_1_89' title="bbox 2235 4968 3843 5047">
     <span class='ocr_line' id='line_1_89' title="bbox 2235 4968 3843 5047; baseline -0.007 -18"><span class='ocrx_word' id='word_1_654' title='bbox 2235 4974 2561 5047; x_wconf 78' lang='grc' dir='ltr'>ϐαλλαρίους</span> <span class='ocrx_word' id='word_1_655' title='bbox 2633 4972 2920 5026; x_wconf 83' lang='grc' dir='ltr'>ὑπόκειται</span> <span class='ocrx_word' id='word_1_656' title='bbox 2967 4975 2994 5024; x_wconf 87' lang='grc' dir='ltr'>ὁ</span> <span class='ocrx_word' id='word_1_657' title='bbox 3046 4971 3325 5040; x_wconf 85' lang='grc' dir='ltr'>πόλεμος,</span> <span class='ocrx_word' id='word_1_658' title='bbox 3395 4969 3489 5022; x_wconf 76' lang='grc' dir='ltr'>καὶ</span> <span class='ocrx_word' id='word_1_659' title='bbox 3539 4968 3622 5030; x_wconf 82' lang='grc' dir='ltr'>είς</span> <span class='ocrx_word' id='word_1_660' title='bbox 3668 4969 3843 5036; x_wconf 79' lang='grc' dir='ltr'>τρεῖς</span> 
     </span>
    </p>
   </div>
   <div class='ocr_carea' id='block_1_90' title="bbox 550 5055 2165 5134">
    <p class='ocr_par' dir='ltr' id='par_1_90' title="bbox 550 5060 2124 5126">
     <span class='ocr_line' id='line_1_90' title="bbox 550 5060 2124 5126; baseline -0.004 -6"><span class='ocrx_word' id='word_1_661' title='bbox 550 5067 696 5122; x_wconf 81' lang='lat' dir='ltr'><strong>acies</strong></span> <span class='ocrx_word' id='word_1_662' title='bbox 721 5065 1037 5120; x_wconf 87' lang='lat' dir='ltr'><strong>universum</strong></span> <span class='ocrx_word' id='word_1_663' title='bbox 1069 5064 1278 5120; x_wconf 78' lang='lat' dir='ltr'><strong>divides</strong></span> <span class='ocrx_word' id='word_1_664' title='bbox 1300 5063 1624 5118; x_wconf 80' lang='lat' dir='ltr'><strong>exercitum.</strong></span> <span class='ocrx_word' id='word_1_665' title='bbox 1660 5060 1897 5116; x_wconf 87' lang='lat' dir='ltr'><strong>Primam</strong></span> <span class='ocrx_word' id='word_1_666' title='bbox 1926 5062 2124 5126; x_wconf 90' lang='lat' dir='ltr'><strong>aciem,</strong></span> 
     </span>
    </p>
   </div>
   <div class='ocr_carea' id='block_1_91' title="bbox 2232 5055 3847 5134">
    <p class='ocr_par' dir='ltr' id='par_1_91' title="bbox 2235 5055 3847 5134">
     <span class='ocr_line' id='line_1_91' title="bbox 2235 5055 3847 5134; baseline -0.007 -16"><span class='ocrx_word' id='word_1_667' title='bbox 2235 5062 2644 5134; x_wconf 76' lang='grc' dir='ltr'>καῦαλλαρικὰς</span> <span class='ocrx_word' id='word_1_668' title='bbox 2691 5059 2874 5126; x_wconf 80' lang='grc' dir='ltr'>τάξεις</span> <span class='ocrx_word' id='word_1_669' title='bbox 2911 5059 3240 5131; x_wconf 83' lang='grc' dir='ltr'>διαμερίσῃς</span> <span class='ocrx_word' id='word_1_670' title='bbox 3287 5058 3380 5110; x_wconf 71' lang='grc' dir='ltr'>τὸν</span> <span class='ocrx_word' id='word_1_671' title='bbox 3417 5055 3668 5127; x_wconf 75' lang='grc' dir='ltr'>στρατόν.</span> <span class='ocrx_word' id='word_1_672' title='bbox 3708 5057 3847 5116; x_wconf 66' lang='grc' dir='ltr'>Καὶ</span> 
     </span>
    </p>
   </div>
   <div class='ocr_carea' id='block_1_92' title="bbox 551 5148 2166 5229">
    <p class='ocr_par' dir='ltr' id='par_1_92' title="bbox 551 5153 2128 5228">
     <span class='ocr_line' id='line_1_92' title="bbox 551 5153 2128 5228; baseline -0.003 -17"><span class='ocrx_word' id='word_1_673' title='bbox 551 5158 674 5228; x_wconf 68' lang='lat' dir='ltr'><strong>Qua:</strong></span> <span class='ocrx_word' id='word_1_674' title='bbox 703 5155 1009 5227; x_wconf 84' lang='grc' dir='ltr'>πρόμαχος,</span> <span class='ocrx_word' id='word_1_675' title='bbox 1044 5155 1096 5209; x_wconf 89' lang='lat' dir='ltr'>id</span> <span class='ocrx_word' id='word_1_676' title='bbox 1129 5163 1212 5210; x_wconf 86' lang='lat' dir='ltr'>est</span> <span class='ocrx_word' id='word_1_677' title='bbox 1249 5153 1655 5224; x_wconf 81' lang='lat' dir='ltr'><strong>propugnatrix,</strong></span> <span class='ocrx_word' id='word_1_678' title='bbox 1681 5153 1901 5216; x_wconf 89' lang='lat' dir='ltr'><strong>dicitur,</strong></span> <span class='ocrx_word' id='word_1_679' title='bbox 1933 5153 1985 5206; x_wconf 90' lang='lat' dir='ltr'>in</span> <span class='ocrx_word' id='word_1_680' title='bbox 2021 5163 2128 5206; x_wconf 91' lang='lat' dir='ltr'><strong>tres</strong></span> 
     </span>
    </p>
   </div>
   <div class='ocr_carea' id='block_1_93' title="bbox 2240 5148 3855 5229">
    <p class='ocr_par' dir='ltr' id='par_1_93' title="bbox 2240 5148 3855 5229">
     <span class='ocr_line' id='line_1_93' title="bbox 2240 5148 3855 5229; baseline -0.007 -19"><span class='ocrx_word' id='word_1_681' title='bbox 2240 5157 2333 5229; x_wconf 81' lang='grc' dir='ltr'>τὴν</span> <span class='ocrx_word' id='word_1_682' title='bbox 2392 5157 2491 5227; x_wconf 83' lang='grc' dir='ltr'>μὲν</span> <span class='ocrx_word' id='word_1_683' title='bbox 2532 5155 2754 5225; x_wconf 84' lang='grc' dir='ltr'>πρώτην</span> <span class='ocrx_word' id='word_1_684' title='bbox 2809 5152 3135 5224; x_wconf 75' lang='grc' dir='ltr'>παράταξιν,</span> <span class='ocrx_word' id='word_1_685' title='bbox 3171 5152 3291 5221; x_wconf 72' lang='grc' dir='ltr'>ἥτις</span> <span class='ocrx_word' id='word_1_686' title='bbox 3337 5151 3553 5218; x_wconf 77' lang='grc' dir='ltr'>λέγεται</span> <span class='ocrx_word' id='word_1_687' title='bbox 3604 5148 3855 5217; x_wconf 80' lang='grc' dir='ltr'>πρόμα-</span> 
     </span>
    </p>
   </div>
   <div class='ocr_carea' id='block_1_94' title="bbox 552 5238 2167 5320">
    <p class='ocr_par' dir='ltr' id='par_1_94' title="bbox 552 5242 2132 5320">
     <span class='ocr_line' id='line_1_94' title="bbox 552 5242 2132 5320; baseline -0.004 -15"><span class='ocrx_word' id='word_1_688' title='bbox 552 5259 739 5320; x_wconf 85' lang='lat' dir='ltr'><strong>partes</strong></span> <span class='ocrx_word' id='word_1_689' title='bbox 769 5248 1003 5314; x_wconf 78' lang='lat' dir='ltr'><strong>divides,</strong></span> <span class='ocrx_word' id='word_1_690' title='bbox 1042 5261 1373 5317; x_wconf 89' lang='lat' dir='ltr'><strong>unaquaque</strong></span> <span class='ocrx_word' id='word_1_691' title='bbox 1403 5257 1554 5316; x_wconf 87' lang='lat' dir='ltr'><strong>parte</strong></span> <span class='ocrx_word' id='word_1_692' title='bbox 1589 5245 1700 5300; x_wconf 89' lang='lat' dir='ltr'><strong>sive</strong></span> <span class='ocrx_word' id='word_1_693' title='bbox 1731 5255 1909 5298; x_wconf 89' lang='lat' dir='ltr'><strong>turma</strong></span> <span class='ocrx_word' id='word_1_694' title='bbox 1939 5242 1992 5296; x_wconf 87' lang='lat' dir='ltr'>in</span> <span class='ocrx_word' id='word_1_695' title='bbox 2021 5251 2132 5298; x_wconf 92' lang='lat' dir='ltr'><strong>tres</strong></span> 
     </span>
    </p>
   </div>
   <div class='ocr_carea' id='block_1_95' title="bbox 2242 5238 3857 5320">
    <p class='ocr_par' dir='ltr' id='par_1_95' title="bbox 2242 5238 3857 5318">
     <span class='ocr_line' id='line_1_95' title="bbox 2242 5238 3857 5318; baseline -0.006 -20"><span class='ocrx_word' id='word_1_696' title='bbox 2242 5262 2348 5316; x_wconf 87' lang='grc' dir='ltr'>χος,</span> <span class='ocrx_word' id='word_1_697' title='bbox 2397 5249 2475 5308; x_wconf 87' lang='grc' dir='ltr'>είς</span> <span class='ocrx_word' id='word_1_698' title='bbox 2508 5245 2634 5316; x_wconf 81' lang='grc' dir='ltr'>τρία</span> <span class='ocrx_word' id='word_1_699' title='bbox 2680 5243 2771 5296; x_wconf 74' lang='grc' dir='ltr'>ἴσα</span> <span class='ocrx_word' id='word_1_700' title='bbox 2805 5243 2946 5318; x_wconf 81' lang='grc' dir='ltr'>μέρη</span> <span class='ocrx_word' id='word_1_701' title='bbox 2991 5240 3222 5312; x_wconf 77' lang='grc' dir='ltr'>ὲκτάξῃς</span> <span class='ocrx_word' id='word_1_702' title='bbox 3256 5239 3363 5292; x_wconf 76' lang='grc' dir='ltr'>ἀπὸ</span> <span class='ocrx_word' id='word_1_703' title='bbox 3413 5238 3580 5309; x_wconf 82' lang='grc' dir='ltr'>τριῶν</span> <span class='ocrx_word' id='word_1_704' title='bbox 3617 5239 3857 5306; x_wconf 80' lang='grc' dir='ltr'>μοιρῶν</span> 
     </span>
    </p>
   </div>
   <div class='ocr_carea' id='block_1_96' title="bbox 557 5329 2172 5410">
    <p class='ocr_par' dir='ltr' id='par_1_96' title="bbox 557 5331 2131 5410">
     <span class='ocr_line' id='line_1_96' title="bbox 557 5331 2131 5410; baseline -0.005 -18"><span class='ocrx_word' id='word_1_705' title='bbox 557 5339 756 5410; x_wconf 85' lang='grc' dir='ltr'>μοίρας</span> <span class='ocrx_word' id='word_1_706' title='bbox 789 5339 903 5393; x_wconf 88' lang='lat' dir='ltr'><strong>sive</strong></span> <span class='ocrx_word' id='word_1_707' title='bbox 931 5339 1191 5408; x_wconf 84' lang='lat' dir='ltr'><strong>drungos,</strong></span> <span class='ocrx_word' id='word_1_708' title='bbox 1225 5336 1278 5391; x_wconf 83' lang='lat' dir='ltr'>id</span> <span class='ocrx_word' id='word_1_709' title='bbox 1309 5345 1410 5398; x_wconf 83' lang='lat' dir='ltr'><strong>est,</strong></span> <span class='ocrx_word' id='word_1_710' title='bbox 1440 5336 1692 5389; x_wconf 88' lang='lat' dir='ltr'><strong>cohortes</strong></span> <span class='ocrx_word' id='word_1_711' title='bbox 1733 5332 2017 5388; x_wconf 85' lang='lat' dir='ltr'><strong>milliarias</strong></span> <span class='ocrx_word' id='word_1_712' title='bbox 2047 5331 2131 5385; x_wconf 82' lang='lat' dir='ltr'><strong>di-</strong></span> 
     </span>
    </p>
   </div>
   <div class='ocr_carea' id='block_1_97' title="bbox 2244 5329 3859 5410">
    <p class='ocr_par' dir='ltr' id='par_1_97' title="bbox 2244 5329 3859 5408">
     <span class='ocr_line' id='line_1_97' title="bbox 2244 5329 3859 5408; baseline -0.004 -18"><span class='ocrx_word' id='word_1_713' title='bbox 2244 5337 2451 5408; x_wconf 76' lang='grc' dir='ltr'>έχοντος</span> <span class='ocrx_word' id='word_1_714' title='bbox 2482 5337 2713 5390; x_wconf 79' lang='grc' dir='ltr'>ἑκάστου</span> <span class='ocrx_word' id='word_1_715' title='bbox 2757 5336 2976 5407; x_wconf 84' lang='grc' dir='ltr'>μέρους,</span> <span class='ocrx_word' id='word_1_716' title='bbox 3011 5335 3180 5406; x_wconf 75' lang='grc' dir='ltr'>’ἡγουν</span> <span class='ocrx_word' id='word_1_717' title='bbox 3209 5332 3316 5386; x_wconf 78' lang='grc' dir='ltr'>ἀπὸ</span> <span class='ocrx_word' id='word_1_718' title='bbox 3341 5331 3514 5402; x_wconf 87' lang='grc' dir='ltr'>τριῶν</span> <span class='ocrx_word' id='word_1_719' title='bbox 3536 5329 3859 5403; x_wconf 79' lang='grc' dir='ltr'>δρούγγων</span> 
     </span>
    </p>
   </div>
   <div class='ocr_carea' id='block_1_98' title="bbox 553 5422 2168 5501">
    <p class='ocr_par' dir='ltr' id='par_1_98' title="bbox 553 5422 2133 5497">
     <span class='ocr_line' id='line_1_98' title="bbox 553 5422 2133 5497; baseline -0.004 -16"><span class='ocrx_word' id='word_1_720' title='bbox 553 5429 670 5484; x_wconf 73' lang='lat' dir='ltr'><strong>visa</strong></span> <span class='ocrx_word' id='word_1_721' title='bbox 691 5449 702 5483; x_wconf 88' lang='lat'>:</span> <span class='ocrx_word' id='word_1_722' title='bbox 725 5429 777 5482; x_wconf 92' lang='lat' dir='ltr'>in</span> <span class='ocrx_word' id='word_1_723' title='bbox 796 5429 970 5484; x_wconf 88' lang='lat' dir='ltr'><strong>media</strong></span> <span class='ocrx_word' id='word_1_724' title='bbox 997 5438 1176 5483; x_wconf 90' lang='lat' dir='ltr'><strong>autem</strong></span> <span class='ocrx_word' id='word_1_725' title='bbox 1193 5436 1347 5497; x_wconf 85' lang='lat' dir='ltr'><strong>parte</strong></span> <span class='ocrx_word' id='word_1_726' title='bbox 1363 5425 1479 5479; x_wconf 89' lang='lat' dir='ltr'><strong>sive</strong></span> <span class='ocrx_word' id='word_1_727' title='bbox 1504 5431 1680 5478; x_wconf 88' lang='lat' dir='ltr'><strong>turma</strong></span> <span class='ocrx_word' id='word_1_728' title='bbox 1698 5422 2133 5494; x_wconf 81' lang='grc' dir='ltr'>ὑποστράτηγον,</span> 
     </span>
    </p>
   </div>
   <div class='ocr_carea' id='block_1_99' title="bbox 2250 5422 3865 5501">
    <p class='ocr_par' dir='ltr' id='par_1_99' title="bbox 2250 5422 3865 5501">
     <span class='ocr_line' id='line_1_99' title="bbox 2250 5422 3865 5501; baseline -0.003 -18"><span class='ocrx_word' id='word_1_729' title='bbox 2250 5430 2480 5500; x_wconf 71' lang='grc' dir='ltr'>ἑκάστης</span> <span class='ocrx_word' id='word_1_730' title='bbox 2500 5429 2766 5501; x_wconf 75' lang='grc' dir='ltr'>τούρμας,</span> <span class='ocrx_word' id='word_1_731' title='bbox 2805 5429 2899 5482; x_wconf 73' lang='grc' dir='ltr'>καὶ</span> <span class='ocrx_word' id='word_1_732' title='bbox 2923 5429 2980 5480; x_wconf 78' lang='grc' dir='ltr'>ἐν</span> <span class='ocrx_word' id='word_1_733' title='bbox 3020 5427 3098 5498; x_wconf 81' lang='grc' dir='ltr'>τῷ</span> <span class='ocrx_word' id='word_1_734' title='bbox 3132 5425 3281 5496; x_wconf 83' lang='grc' dir='ltr'>μέσῳ</span> <span class='ocrx_word' id='word_1_735' title='bbox 3324 5425 3478 5495; x_wconf 86' lang='grc' dir='ltr'>μέρει</span> <span class='ocrx_word' id='word_1_736' title='bbox 3508 5422 3693 5487; x_wconf 80' lang='grc' dir='ltr'>τάξεις</span> <span class='ocrx_word' id='word_1_737' title='bbox 3736 5424 3865 5478; x_wconf 70' lang='grc' dir='ltr'>τὶν</span> 
     </span>
    </p>
   </div>
   <div class='ocr_carea' id='block_1_100' title="bbox 556 5515 2171 5594">
    <p class='ocr_par' dir='ltr' id='par_1_100' title="bbox 556 5517 2135 5594">
     <span class='ocr_line' id='line_1_100' title="bbox 556 5517 2135 5594; baseline -0.004 -17"><span class='ocrx_word' id='word_1_738' title='bbox 556 5523 608 5579; x_wconf 86' lang='lat' dir='ltr'>id</span> <span class='ocrx_word' id='word_1_739' title='bbox 634 5531 718 5578; x_wconf 89' lang='lat' dir='ltr'>est</span> <span class='ocrx_word' id='word_1_740' title='bbox 767 5522 1066 5594; x_wconf 83' lang='lat' dir='ltr'><strong>principem</strong></span> <span class='ocrx_word' id='word_1_741' title='bbox 1096 5521 1211 5576; x_wconf 88' lang='lat' dir='ltr'><strong>sive</strong></span> <span class='ocrx_word' id='word_1_742' title='bbox 1239 5527 1624 5589; x_wconf 80' lang='lat' dir='ltr'><strong>propraetorem</strong></span> <span class='ocrx_word' id='word_1_743' title='bbox 1653 5525 1806 5570; x_wconf 88' lang='lat' dir='ltr'><strong>tuum</strong></span> <span class='ocrx_word' id='word_1_744' title='bbox 1831 5535 1843 5571; x_wconf 90' lang='lat'><strong>:</strong></span> <span class='ocrx_word' id='word_1_745' title='bbox 1874 5517 1926 5571; x_wconf 93' lang='lat' dir='ltr'>in</span> <span class='ocrx_word' id='word_1_746' title='bbox 1949 5518 2135 5572; x_wconf 81' lang='lat' dir='ltr'><strong>dextra</strong></span> 
     </span>
    </p>
   </div>
   <div class='ocr_carea' id='block_1_101' title="bbox 2257 5515 3872 5594">
    <p class='ocr_par' dir='ltr' id='par_1_101' title="bbox 2257 5515 3872 5593">
     <span class='ocr_line' id='line_1_101' title="bbox 2257 5515 3872 5593; baseline -0.003 -18"><span class='ocrx_word' id='word_1_747' title='bbox 2257 5523 2658 5593; x_wconf 65' lang='grc' dir='ltr'>ὅποστράτηγόν</span> <span class='ocrx_word' id='word_1_748' title='bbox 2699 5534 2826 5592; x_wconf 62' lang='lat' dir='ltr'><strong>pou,</strong></span> <span class='ocrx_word' id='word_1_749' title='bbox 2875 5522 2933 5576; x_wconf 84' lang='grc' dir='ltr'>ὲν</span> <span class='ocrx_word' id='word_1_750' title='bbox 2959 5521 3016 5574; x_wconf 81' lang='grc' dir='ltr'>δὲ</span> <span class='ocrx_word' id='word_1_751' title='bbox 3045 5523 3156 5583; x_wconf 86' lang='grc' dir='ltr'>τοῖς</span> <span class='ocrx_word' id='word_1_752' title='bbox 3207 5519 3414 5589; x_wconf 78' lang='grc' dir='ltr'>ἑτέροις</span> <span class='ocrx_word' id='word_1_753' title='bbox 3450 5517 3624 5582; x_wconf 65' lang='grc' dir='ltr'>δυσὶν,</span> <span class='ocrx_word' id='word_1_754' title='bbox 3658 5515 3872 5586; x_wconf 68' lang='grc' dir='ltr'>ἡγομν</span> 
     </span>
    </p>
   </div>
   <div class='ocr_carea' id='block_1_102' title="bbox 559 5608 2174 5685">
    <p class='ocr_par' dir='ltr' id='par_1_102' title="bbox 559 5609 2133 5685">
     <span class='ocr_line' id='line_1_102' title="bbox 559 5609 2133 5685; baseline -0.003 -16"><span class='ocrx_word' id='word_1_755' title='bbox 559 5615 889 5685; x_wconf 81' lang='lat' dir='ltr'><strong>sinistraque.</strong></span> <span class='ocrx_word' id='word_1_756' title='bbox 913 5624 1083 5685; x_wconf 87' lang='lat' dir='ltr'><strong>parte,</strong></span> <span class='ocrx_word' id='word_1_757' title='bbox 1108 5613 1451 5668; x_wconf 86' lang='lat' dir='ltr'><strong>turmarchas</strong></span> <span class='ocrx_word' id='word_1_758' title='bbox 1482 5626 1633 5674; x_wconf 86' lang='lat' dir='ltr'><strong>suos,</strong></span> <span class='ocrx_word' id='word_1_759' title='bbox 1664 5609 1717 5663; x_wconf 92' lang='lat' dir='ltr'>in</span> <span class='ocrx_word' id='word_1_760' title='bbox 1753 5611 1932 5665; x_wconf 85' lang='lat' dir='ltr'><strong>medio</strong></span> <span class='ocrx_word' id='word_1_761' title='bbox 1959 5611 2133 5666; x_wconf 81' lang='lat' dir='ltr'><strong>drun-</strong></span> 
     </span>
    </p>
   </div>
   <div class='ocr_carea' id='block_1_103' title="bbox 2260 5608 3875 5685">
    <p class='ocr_par' dir='ltr' id='par_1_103' title="bbox 2260 5608 3875 5685">
     <span class='ocr_line' id='line_1_103' title="bbox 2260 5608 3875 5685; baseline -0.002 -18"><span class='ocrx_word' id='word_1_762' title='bbox 2260 5612 2321 5685; x_wconf 76' lang='grc' dir='ltr'>τῷ</span> <span class='ocrx_word' id='word_1_763' title='bbox 2341 5613 2498 5685; x_wconf 82' lang='grc' dir='ltr'>δεξιῷ</span> <span class='ocrx_word' id='word_1_764' title='bbox 2529 5613 2624 5668; x_wconf 71' lang='grc' dir='ltr'>καὶ</span> <span class='ocrx_word' id='word_1_765' title='bbox 2667 5611 2744 5684; x_wconf 82' lang='grc' dir='ltr'>τῷ</span> <span class='ocrx_word' id='word_1_766' title='bbox 2771 5611 3063 5684; x_wconf 81' lang='grc' dir='ltr'>ἀριστερῷ,</span> <span class='ocrx_word' id='word_1_767' title='bbox 3114 5611 3240 5675; x_wconf 78' lang='grc' dir='ltr'>τοὺς</span> <span class='ocrx_word' id='word_1_768' title='bbox 3281 5611 3390 5664; x_wconf 89' lang='grc' dir='ltr'>τῶν</span> <span class='ocrx_word' id='word_1_769' title='bbox 3420 5608 3606 5681; x_wconf 87' lang='grc' dir='ltr'>μερῶν</span> <span class='ocrx_word' id='word_1_770' title='bbox 3633 5609 3875 5678; x_wconf 71' lang='grc' dir='ltr'>ἄρχον-</span> 
     </span>
    </p>
   </div>
   <div class='ocr_carea' id='block_1_104' title="bbox 561 5700 2176 5787">
    <p class='ocr_par' dir='ltr' id='par_1_104' title="bbox 561 5702 2138 5787">
     <span class='ocr_line' id='line_1_104' title="bbox 561 5702 2138 5787; baseline 0.001 -31"><span class='ocrx_word' id='word_1_771' title='bbox 561 5709 830 5771; x_wconf 80' lang='lat' dir='ltr'><strong>gariorum</strong></span> <span class='ocrx_word' id='word_1_772' title='bbox 881 5716 973 5760; x_wconf 86' lang='lat' dir='ltr'>aut</span> <span class='ocrx_word' id='word_1_773' title='bbox 1023 5705 1367 5787; x_wconf 84' lang='grc' dir='ltr'>μοιραρχῶν,</span> <span class='ocrx_word' id='word_1_774' title='bbox 1424 5703 1478 5758; x_wconf 87' lang='lat' dir='ltr'>id</span> <span class='ocrx_word' id='word_1_775' title='bbox 1525 5711 1611 5757; x_wconf 89' lang='lat' dir='ltr'>est</span> <span class='ocrx_word' id='word_1_776' title='bbox 1653 5703 1994 5758; x_wconf 87' lang='lat' dir='ltr'><strong>tribunorum</strong></span> <span class='ocrx_word' id='word_1_777' title='bbox 2027 5702 2138 5758; x_wconf 89' lang='lat' dir='ltr'><strong>col-</strong></span> 
     </span>
    </p>
   </div>
   <div class='ocr_carea' id='block_1_105' title="bbox 2260 5700 3875 5787">
    <p class='ocr_par' dir='ltr' id='par_1_105' title="bbox 2260 5700 3875 5777">
     <span class='ocr_line' id='line_1_105' title="bbox 2260 5700 3875 5777; baseline -0.003 -17"><span class='ocrx_word' id='word_1_778' title='bbox 2260 5725 2344 5770; x_wconf 77' lang='grc' dir='ltr'>τας</span> <span class='ocrx_word' id='word_1_779' title='bbox 2382 5707 2579 5777; x_wconf 83' lang='grc' dir='ltr'>μέσους</span> <span class='ocrx_word' id='word_1_780' title='bbox 2625 5705 2731 5759; x_wconf 85' lang='grc' dir='ltr'>τῶν</span> <span class='ocrx_word' id='word_1_781' title='bbox 2775 5703 3234 5774; x_wconf 86' lang='grc' dir='ltr'>ὑποτεταγμένων</span> <span class='ocrx_word' id='word_1_782' title='bbox 3272 5703 3470 5766; x_wconf 66' lang='grc' dir='ltr'>αὐτοὺς</span> <span class='ocrx_word' id='word_1_783' title='bbox 3525 5700 3875 5772; x_wconf 59' lang='grc' dir='ltr'>ἀρχόντων,</span> 
     </span>
    </p>
   </div>
   <div class='ocr_carea' id='block_1_106' title="bbox 566 5792 2181 5870">
    <p class='ocr_par' dir='ltr' id='par_1_106' title="bbox 566 5792 791 5851">
     <span class='ocr_line' id='line_1_106' title="bbox 566 5792 791 5851; baseline 0.013 -3"><span class='ocrx_word' id='word_1_784' title='bbox 566 5792 791 5851; x_wconf 75' lang='lat' dir='ltr'><strong>locabis.</strong></span> 
     </span>
    </p>
   </div>
   <div class='ocr_carea' id='block_1_107' title="bbox 1446 5792 3061 5870">
    <p class='ocr_par' dir='ltr' id='par_1_107' title="bbox 2247 5797 3061 5870">
     <span class='ocr_line' id='line_1_107' title="bbox 2247 5797 3061 5870; baseline 0 -20"><span class='ocrx_word' id='word_1_785' title='bbox 2247 5797 2412 5866; x_wconf 69' lang='grc' dir='ltr'>ἤγουν</span> <span class='ocrx_word' id='word_1_786' title='bbox 2440 5797 2547 5852; x_wconf 88' lang='grc' dir='ltr'>τῶν</span> <span class='ocrx_word' id='word_1_787' title='bbox 2585 5797 2899 5870; x_wconf 83' lang='grc' dir='ltr'>μοιραρχῶν</span> <span class='ocrx_word' id='word_1_788' title='bbox 2935 5797 3061 5870; x_wconf 84' lang='lat'>(90).</span> 
     </span>
    </p>
   </div>
   <div class='ocr_carea' id='block_1_108' title="bbox 2086 5907 2312 5967">
    <p class='ocr_par' dir='ltr' id='par_1_108' title="bbox 2086 5907 2312 5967">
     <span class='ocr_line' id='line_1_108' title="bbox 2086 5907 2312 5967; baseline 0.009 -3"><span class='ocrx_word' id='word_1_789' title='bbox 2086 5907 2312 5967; x_wconf 68' lang='lat' dir='ltr'>NOTIE.</span> 
     </span>
    </p>
   </div>
   <div class='ocr_carea' id='block_1_109' title="bbox 651 5997 1777 6074">
    <p class='ocr_par' dir='ltr' id='par_1_109' title="bbox 651 5997 1777 6074">
     <span class='ocr_line' id='line_1_109' title="bbox 651 5997 1777 6074; baseline 0.029 -34"><span class='ocrx_word' id='word_1_790' title='bbox 651 5997 757 6066; x_wconf 59' lang='lat' dir='ltr'>(9t!)</span> <span class='ocrx_word' id='word_1_791' title='bbox 790 6002 1150 6067; x_wconf 60' lang='grc' dir='ltr'>Μοιραρχῶικ</span> <span class='ocrx_word' id='word_1_792' title='bbox 1186 6002 1394 6069; x_wconf 75' lang='lat' dir='ltr'><strong>Scribe,</strong></span> <span class='ocrx_word' id='word_1_793' title='bbox 1426 6005 1734 6074; x_wconf 73' lang='grc' dir='ltr'>μεραρχῶνο</span> <span class='ocrx_word' id='word_1_794' title='bbox 1764 6034 1777 6047; x_wconf 86' lang='lat'><strong><em>‘</em></strong></span> 
     </span>
    </p>
   </div>
  </div>
