4090 6502
308 567 410 633 813

1347 565 1681 626 TACTICA.
1723 589 1788 598 -
1827 564 2332 627 CONSTITUTIO
2374 567 2512 626 XII.

3460 563 3568 631 δη

375 674 477 742 κζ’.
518 674 700 729 Ταῦτα
739 675 794 728 δὲ
833 675 899 729 τὰ
925 675 1049 746 τρία
1079 676 1220 750 μέρη
1248 678 1533 746 συοτήσεις
1563 679 1674 732 ἀπὸ
1707 696 1872 750 κουρ-
1908 731 1909 734 η

2047 680 2138 734 27.
2183 679 2292 735 Has
2350 690 2462 734 tres
2511 686 2720 734 turmas
2771 679 3071 735 constitues
3118 697 3180 736 ex
3234 682 3320 746 its,
3372 685 3464 752 qui
3502 684 3572 738 ad

315 768 504 840 σόρων,
535 766 702 838 ἤγουν
730 765 837 820 τῶν
873 768 952 829 εἰς
983 765 1212 838 κοῠρσον
1237 768 1584 838 τεταγμένων
1616 786 1879 841 στρατευ-

320 862 520 932 μάτων,
567 856 662 921 οὓς
703 856 796 910 νῦν
841 858 1057 926 λέγουσι
1101 858 1468 930 προκλάστας,
1502 863 1597 914 καὶ
1634 862 1883 931 διφενσό-

318 972 442 1023 ρων,
471 951 639 1022 ἧγουν
677 949 788 1004 τῶν
837 951 1248 1021 ὑποδεχομένων
1279 953 1405 1016 τοὺς
1441 953 1518 1015 εἰς
1560 954 1621 1006 τὸ
1657 953 1889 1024 κοῦρσον

315 1043 655 1106 ἐλαύνοντας,
685 1041 782 1095 καὶ
813 1041 1172 1095 ὲκδικούντων
1208 1043 1429 1106 αὐτοὺς,
1479 1043 1621 1098 ὥστε
1652 1044 1887 1098 ἑκάστου

320 1138 512 1205 μέρους
547 1132 608 1186 τὸ
642 1131 824 1201 τρίτον
855 1133 1020 1186 ποσὸν
1053 1133 1428 1204 κουρσάτορας
1456 1129 1616 1189 εἷναι.
1651 1134 1890 1198 Τούτους

314 1225 369 1278 δὲ
407 1218 545 1277 εῖναι
570 1223 666 1277 καὶ
686 1223 930 1287 τοξότας.
983 1224 1056 1277 Τὸ
1083 1224 1138 1277 δὲ
1163 1224 1408 1296 δίμοιρον
1442 1227 1504 1279 τὸ
1536 1228 1594 1278 ὲν
1621 1227 1770 1298 μέσῳ
1795 1228 1891 1281 τοῦ

319 1312 548 1384 στρατοῦ
579 1312 902 1383 διφένσορας
933 1312 1101 1382 ἦγουν
1138 1313 1387 1377 ἐκδίκους
1408 1315 1534 1378 τοὺς
1560 1315 1894 1386 ὑποδεχομέ-

319 1421 438 1465 νους
461 1403 588 1466 τοὺς
621 1420 717 1456 κου
724 1403 1014 1474 ρσάτορας.

385 1501 496 1564 κη’.
528 1492 872 1564 Παρατάεεις
899 1493 955 1546 δὲ
981 1495 1038 1547 έν
1067 1496 1132 1564 τῇ
1170 1494 1360 1565 πρώτῃ
1388 1494 1539 1559 τάξει
1567 1495 1765 1558 οὕτως’
1800 1496 1896 1558 Εἰς

321 1587 419 1657 μὲν
448 1586 512 1639 τὸ
543 1584 828 1657 ἀριστερὸν
860 1585 1043 1656 μέρος,
1075 1587 1154 1649 εἰς
1185 1586 1214 1638 ὃ
1247 1586 1480 1656 μάλιστα
1510 1590 1566 1641 αἱ
1595 1587 1894 1651 κυκλώσεις

319 1675 424 1728 τῶν
450 1675 708 1728 ἐναντίων
737 1674 976 1738 εὐκόλως
1008 1676 1270 1743 γίνονται,
1307 1675 1399 1729 δύο
1449 1678 1481 1748 ἢ
1526 1678 1653 1748 τρία
1701 1678 1894 1748 βάνδα,

318 1767 402 1820 ἵνα
452 1766 560 1819 εἰσὶ
612 1765 1052 1835 πλαγιοφύλακες
1104 1767 1385 1835 ἱστάμενοι
1431 1769 1534 1821 ἴσοι
1579 1768 1672 1821 τοῦ
1731 1767 1895 1822 αὐτοῦ

319 1858 551 1928 μέρουςο
604 1856 700 1910 καὶ
751 1856 939 1927 βάνδον
971 1857 1027 1910 ἓν
1077 1858 1108 1927 ἢ
1167 1859 1260 1912 δὺο
1310 1858 1474 1928 sava;
1504 1858 1724 1923 τοξότας
1769 1860 1896 1922 τοὺς

315 1949 634 2018 λεγομένους
677 1949 1096 2020 ὑπερκεράστας
1122 1949 1234 2021 (9|)
1267 1951 1432 2020 ἤγουν
1459 1951 1705 2021 ἑτοίμους
1737 1953 1894 2017 ὄντας

315 2042 394 2105 είς
425 2041 696 2095 κύκλωσιν
734 2042 842 2096 τῶν
882 2042 1156 2111 πολεμίων
1179 2059 1191 2072 ·
1227 2043 1449 2104 τούτους
1491 2044 1711 2112 στήσεις
1746 2043 1777 2114 ἦ
1813 2045 1894 2107 είς
1931 2016 1971 2070 Β

314 2131 373 2185 τὸ
401 2132 564 2203 μέρος
593 2132 655 2187 τὸ
679 2132 869 2199 δεξιόν.
905 2134 1012 2187 Καὶ
1034 2134 1132 2203 τὴν
1162 2134 1260 2203 μὲν
1291 2131 1515 2202 πρώτην
1542 2132 1697 2198 τάξιν
1720 2130 1893 2194 οὕτως

296 2223 668 2296 ,παρατάξεις

384 2315 486 2370 κΘ’.
540 2317 651 2387 Τὴν
705 2317 761 2370 δὲ
808 2317 1066 2388 δευτέραν
1107 2317 1422 2388 ,παράταξιν
1461 2318 1560 2388 τὴν
1595 2317 1893 2388 λεγομένην

323 2408 511 2476 βοηθὸν
553 2409 764 2475 τάξεις,
798 2409 884 2463 ἵνα
920 2409 1022 2483 ἔχῃ
1067 2411 1129 2463 τὸ
1171 2411 1350 2482 τρίτον
1384 2411 1550 2465 ποσὸν
1577 2409 1671 2464 τοῦ
1696 2409 1895 2472 παντὸς

326 2495 570 2567 στρατοῦ,
635 2499 730 2551 καὶ
777 2497 984 2569 ταύτην
1016 2503 1266 2570 ποιήσεις
1311 2502 1392 2562 εἰς
1439 2500 1686 2571 τέσσαρα
1725 2500 1893 2569 μέρη,

324 2586 507 2649 ίνα,ὡς
534 2587 641 2640 ἀπὸ
668 2587 787 2650 ἑνὸς
817 2588 1198 2658 σαγιττοϐὀλου
1233 2589 1601 2660 διαστήματος
1632 2589 1770 2642 κατὰ
1799 2589 1898 2652 τὰς

321 2677 560 2749 πλευρὰς
611 2677 852 2748 ἀλλήλων
918 2680 1280 2749 περιπατοῦσι
1337 2680 1408 2733 τὰ
1451 2679 1678 2734 τοιαῦτα
1729 2678 1894 2750 μέρη.

319 2767 400 2822 Τὰ
447 2768 504 2826 δὲ
533 2769 756 2822 τοιαῦτα
784 2769 924 2840 μέρη
960 2769 1280 2840 ἀμφίστομα
1317 2771 1564 2840 ποιήσεις
1613 2771 1783 2840 ἤγουν
1817 2768 1898 2823 δί-

319 2877 518 2930 στομα,
551 2860 638 2914 ἵνα
667 2861 758 2914 καὶ
779 2861 830 2914 oi.
867 2859 1176 2932 ἔμπροσθεν
1210 2860 1344 2932 πρὸς
1364 2860 1425 2914 τὸ
1451 2861 1742 2931 λεγόμενον
1769 2860 1900 2930 μέτα

320 2951 468 3004 ωπόν
528 2953 666 3007 εἰσιν
697 2952 914 3006 δυνατοὶ
957 2953 1052 3005 καὶ
1093 2952 1535 3023 καθωπλισμένοι
1573 2952 1776 3022 ὁμοίως
1806 2952 1901 3004 καὶ

319 3043 370 3097 oi
410 3043 636 3098 ὄπισθεν
683 3044 820 3115 πρὸς
868 3043 968 3116 τὴν
995 3044 1296 3114 λεγομένην
1333 3043 1500 3114 οὐράν
1544 3042 1760 3096 δυνατοὶ
1806 3042 1902 3095 καὶ

323 3133 792 3204 καθωπλισμένον
836 3134 923 3189 ἵνα
950 3134 1046 3188 καὶ
1077 3135 1172 3188 ἑὰν
1219 3134 1360 3188 κατὰ
1399 3133 1493 3186 τοῦ
1533 3131 1706 3188 νώτου
1734 3133 1901 3203 ἤγουν

320 3226 498 3280 ὀπίσω
527 3225 707 3281 αὐτῶν
747 3227 1049 3298 ποιήσωσιν
1084 3224 1388 3296 προσϐολὴν
1421 3225 1471 3279 οἱ
1504 3223 1710 3295 ἐχθροὶ,
1757 3225 1902 3276 ἀντι-

326 3316 690 3387 στρέφωνται,
721 3316 817 3369 καὶ
860 3317 1222 3387 εὑρίσκωνται
1272 3315 1380 3368 ἀπὸ
1415 3314 1526 3367 τῶν
1577 3312 1672 3366 δύο
1720 3312 1900 3384 μερῶν

324 3407 531 3478 ἓτοιμοι
561 3407 1000 3466 ἀντιτάσσεσθαι.

399 3503 462 3550 λ’.
507 3496 666 3550 Ἀλλά
709 3498 803 3551 καὶ
826 3498 884 3550 ὲν
915 3500 1028 3560 τοῖς
1065 3498 1246 3562 ἄλλοις
1293 3498 1516 3569 μέρεσιν
1555 3497 1780 3552 ὄπισθεν
1811 3497 1908 3567 τῆς

329 3587 685 3659 παρατάξεως
735 3588 1094 3659 ἑκατέρωθεν,
1143 3589 1315 3660 ήγουν
1347 3588 1500 3642 ἐνθεν
1535 3589 1629 3642 καὶ⁵
1679 3589 1909 3654 ἐκεῖθεν,

329 3679 406 3742 ὡς
459 3679 564 3734 ἀπο
607 3679 727 3742 ἐνὸς
781 3679 1162 3746 σαγιττοὸόλου
1219 3679 1610 3749 διαστήματος,
1668 3680 1914 3743 ἐκτάξεις

329 3774 439 3828 ἀπὸ
464 3775 583 3837 ἐνὸς
622 3773 811 3844 βάνδου
842 3775 900 3828 ἐν
933 3775 1084 3838 τάξει
1115 3775 1522 3844 νωτοφυλάκωνν
1544 3769 1654 3829 οἷον
1688 3774 1766 3837 εἰς
1796 3772 1912 3843 τρί-

329 3884 432 3938 την
463 3865 639 3931 τάξιν.

404 3957 503 4012 λα’.
536 3960 653 4012 Ἵνα
680 3959 737 4012 δὲ
769 3960 861 4013 καὶ
887 3961 944 4012 ἐν
982 3958 1057 4029 τῷ
1091 3957 1242 4029 μέσῳ
1273 3957 1470 4029 χωρία,
1505 3957 1672 4027 ἤγουν
1701 3955 1768 4009 τὰ
1803 3955 1916 4008 δια-

333 4051 590 4123 στήματα
625 4051 725 4118 τῆς
775 4051 1035 4119 δευτέρας
1079 4050 1308 4116 τάξεως,
1341 4050 1596 4120 ἡνωμένα
1649 4046 1914 4116 εὑρεθῶσι

331 4141 423 4196 διὰ
449 4143 668 4206 παντὸς,
698 4141 792 4196 καὶ
823 4143 856 4213 ἡ
890 4143 1040 4196 πᾶσα
1072 4141 1224 4205 τάξις
1251 4141 1310 4194 ἒν
1344 4141 1503 4211 σῶμα
1531 4140 1804 4208 φαίνεται,
1825 4139 1918 4192 καὶ

337 4231 414 4302 μὴ
440 4231 825 4301 διαστρέφεται
873 4228 1270 4300 περιπατοῦσα,
1321 4228 1616 4298 ἀναγκαῖόν
1655 4227 1735 4280 σοί
1770 4229 1918 4279 ἐστιν

335 4324 416 4383 εἰς
440 4322 612 4375 ταῦτα
640 4322 709 4374 τὰ
735 4321 792 4374 ὲν
838 4321 987 4391 μέσῳ
1018 4321 1382 4390 διαλείμματα
1416 4321 1523 4373 ἀπὸ
1565 4319 1683 4382 ἑνὸς
1717 4317 1912 4388 βὰνδου

338 4417 675 4486 καταστῆσαι
701 4417 781 4480 εἰς
810 4415 929 4469 ὅλον
960 4417 1020 4468 τὸ
1052 4414 1307 4486 εὔκαιρον
1336 4415 1611 4484 διάστημα
1643 4414 1834 4484 ἔχοντα
1861 4415 1918 4466 τὸ

339 4505 504 4576 βάθος
535 4508 704 4578 ἧγουν
734 4508 792 4561 τὸ
821 4509 994 4578 πάχος
1028 4507 1058 4578 ἢ
1099 4507 1206 4560 ἀπὸ
1234 4506 1326 4560 δύο
1358 4507 1762 4577 καὸαλλαρίων,
1795 4507 1827 4575 ἢ
1860 4504 1920 4556 τὸ

340 4598 524 4662 καλῶς
573 4599 694 4668 ἕχον
735 4599 843 4653 ἀπὸ
887 4599 1189 4669 τεσσάρων,
1246 4599 1481 4670 μάλιστα
1533 4597 1730 4651 πολλοῦ
1767 4597 1919 4658 ὄντος

1989 778 2332 833 incursiones
2391 776 2608 839 valent,
2660 789 2798 844 quos
2848 790 3101 832 cursores
3149 786 3202 830 et
3270 779 3572 846 proclastas

1992 867 2278 922 nominant
2313 885 2326 921 :
2360 875 2413 922 et
2449 881 2516 921 ex
2543 865 2628 921 his
2654 866 2746 935 qui
2779 881 3032 921 cursores
3061 867 3339 934 excipiunt
3374 869 3572 923 iterum

1991 975 2020 1012 ο
2063 974 2228 1014 cursu
2269 957 2585 1022 redeuntes,
2624 965 2788 1026 atque
2819 972 2912 1012 cos
2945 956 3264 1022 defendunt,
3298 973 3438 1028 quos
3481 961 3576 1014 de-

1993 1050 2244 1106 fensores
2274 1049 2550 1119 appellant
2579 1066 2591 1103 :
2625 1059 2685 1103 ut
2716 1049 3154 1118 uniuscujusque
3187 1059 3382 1104 turmae
3412 1052 3571 1105 tertia

1993 1158 2120 1214 pars
2168 1157 2425 1198 cursores
2460 1141 2591 1205 sint,
2626 1156 2747 1210 quae
2792 1141 3015 1210 reliquae
3069 1150 3250 1210 partes
3293 1142 3346 1195 'm
3395 1143 3576 1197 medio

1995 1234 2274 1290 exercitus
2303 1233 2628 1288 defensores
2659 1231 2790 1297 sint,
2824 1232 2917 1304 qui
2951 1232 3083 1288 istos
3112 1248 3367 1288 curso:es
3398 1233 3577 1288 vindi-

1995 1332 2122 1380 cent
2146 1333 2200 1379 ct
2228 1323 2542 1379 defendant.

2067 1502 2158 1558 28.
2211 1501 2450 1556 Primam
2508 1500 2683 1554 aciem
2733 1500 2810 1555 sic
2860 1508 3136 1557 :nstrues:
3170 1497 3247 1552 Ad
3297 1498 3579 1553 sinistram

1997 1603 2231 1665 partem,
2267 1607 2430 1663 quam
2478 1593 2715 1648 maxime
2767 1601 2819 1645 et
2871 1590 3130 1644 facillime
3179 1589 3583 1644 circumvenire

2000 1691 2184 1745 hostes
2211 1689 2406 1751 solent,
2434 1686 2572 1740 duas
2597 1694 2692 1739 aut
2730 1693 2839 1739 tres
2872 1683 3132 1737 cohortes
3169 1682 3418 1751 ejusdem
3454 1697 3581 1751 par-

2001 1780 2091 1844 tis,
2138 1788 2198 1834 ut
2246 1777 2358 1833 sint
2404 1774 2867 1843 πλαγιοφύλακες,
2920 1773 2974 1826 id
3026 1781 3106 1827 cst
3144 1773 3416 1825 laterones
3463 1771 3582 1826 sive

2000 1873 2254 1936 lateraui,
2293 1869 2598 1941 assignabis
2633 1887 2647 1923 :
2681 1869 2961 1923 cohortem
2991 1875 3248 1936 praaterca
3285 1879 3468 1931 unam,
3489 1875 3586 1918 aut

2001 1965 2137 2020 duas
2165 1978 2228 2018 ex
2255 1961 2570 2032 sagittariis,
2598 1959 2689 2027 qui
2725 1957 3150 2029 ὑπερκεράσται,
3176 1955 3226 2009 id
3259 1964 3342 2009 est
3394 1954 3581 2008 corni-

2001 2053 2176 2119 stitcs,
2227 2052 2292 2106 ad
2350 2049 2774 2105 circumdandos
2820 2049 3030 2112 hostes,
3078 2044 3586 2101 circumvallandos

2001 2150 2414 2206 constituuntur
2445 2165 2457 2200 :
2491 2147 2594 2200 hos
2624 2146 2691 2199 ad
2725 2144 2977 2198 dextram
3008 2141 3125 2212 ejus
3157 2148 3363 2210 partem
3408 2139 3588 2194 collo—

2003 2240 2176 2296 cabis.
2215 2240 2290 2292 Ac
2317 2236 2549 2306 primam
2586 2235 2756 2290 aciem
2791 2235 2870 2290 sic
2898 2233 3159 2288 instrues.

2067 2330 2158 2386 29.
2200 2328 2506 2385 Secundam
2561 2327 2754 2390 aciem,
2807 2337 2930 2394 quae
2979 2321 3309 2378 subsidiaria
3361 2319 3585 2381 dicitur,

2005 2417 2087 2472 sic
2117 2417 2373 2480 instrues,
2403 2422 2463 2467 ut
2497 2413 2712 2468 tertiam
2747 2420 2952 2481 partem
2987 2411 3154 2465 totius
3193 2409 3476 2464 exercitus
3532 2407 3585 2458 in

2005 2523 2066 2562 se
2098 2507 2398 2561 contineat.
2427 2504 2558 2558 Eam
2586 2513 2767 2558 autem
2794 2503 2847 2556 in
2876 2509 3111 2571 quatuor
3142 2509 3324 2570 partes
3353 2498 3584 2560 divides,

2005 2605 2060 2652 et
2090 2597 2252 2651 unius
2281 2595 2495 2664 sagittae
2523 2593 2673 2663 jactu
2710 2593 2777 2647 ad
2811 2591 2984 2646 latera
3028 2589 3301 2659 ejusmodi
3345 2596 3527 2659 partes
3560 2603 3590 2639 a

2007 2702 2067 2742 se
2115 2696 2308 2741 mutuo
2359 2685 2582 2739 distent.
2665 2681 2774 2737 llas
2842 2691 3024 2751 partes
3083 2679 3350 2748 ancipites
3415 2686 3469 2732 et
3519 2678 3586 2732 all

2009 2791 2297 2847 utramque
2329 2785 2535 2846 partem
2574 2774 2819 2839 inflexas,
2865 2789 3002 2842 quas
3052 2772 3458 2844 ἀμφιστόμους,
3493 2786 3589 2824 seu

2007 2868 2296 2939 διστόμους
2324 2866 2516 2920 dicunt
2543 2863 2764 2928 efﬁcies,
2796 2871 2857 2916 ut
2889 2865 2981 2932 qui
3008 2862 3313 2916 anteriores
3342 2870 3490 2924 sunt,
3523 2861 3591 2910 ιυι

2008 2959 2242 3014 frontem
2262 2957 2356 3027 qui
2390 2955 2740 3026 posteriores,
2770 2954 2836 3008 ad
2867 2953 3098 3007 caudam
3127 2965 3250 3020 quae
3272 2949 3470 3004 dicitur
3496 2963 3595 3002 cuo-

2008 3049 2350 3106 stodiendam
2387 3046 2562 3118 parati
2597 3057 2764 3117 atque
2803 3046 2999 3101 armati
3043 3045 3174 3109 sint,
3207 3054 3265 3099 ut
3296 3043 3456 3098 etiam
3485 3040 3527 3094 si
3561 3057 3592 3092 ιι

2011 3152 2161 3214 tergo
2201 3141 2269 3196 de
2297 3140 2604 3211 improviso
2640 3139 2824 3194 hostes
2868 3138 3101 3204 irruant,
3153 3142 3473 3190 convertant
3513 3147 3593 3197 se,

2011 3243 2066 3289 et
2092 3232 2158 3288 ad
2187 3230 2554 3288 resistendum
2585 3227 2840 3285 hostibus
2868 3226 3077 3282 habiles
3103 3224 3468 3296 reperiantur.

2085 3501 2177 3556 50.
2221 3499 2284 3554 ln
2310 3497 2574 3556 extremis
2603 3496 2720 3552 oris
2750 3493 2907 3557 aciei,
2936 3493 3064 3548 hinc
3088 3501 3249 3560 atque
3276 3491 3449 3555 illinc,
3474 3495 3596 3557 post

2015 3596 2185 3650 aciem
2219 3594 2552 3646 instructam
2569 3591 2727 3658 quasi
2757 3591 2920 3645 unius
2952 3586 3167 3656 sagittae
3210 3584 3358 3654 jactu
3396 3580 3600 3636 educes

2016 3702 2080 3742 ex
2109 3701 2214 3739 una
2251 3689 2476 3740 cohorte
2501 3683 2567 3736 ad
2597 3683 2771 3737 aciem
2805 3680 3159 3751 tergistitum,
3188 3675 3345 3747 quasi
3378 3674 3443 3730 ad
3491 3682 3600 3727 ter-

2019 3781 2148 3834 tiam
2178 3779 2350 3834 aciem
2383 3775 2789 3832 instruendam.

2094 3963 2183 4015 5|.
2230 3960 2296 4015 Ut
2319 3957 2647 4014 autem'ioca
2684 3957 2800 4012 sive
2837 3955 3146 4016 intervalla,
3172 3969 3294 4022 qua:
3339 3953 3390 4005 in
3424 3949 3602 4003 medio

2023 4055 2272 4110 secunda:
2329 4053 2462 4107 aciei
2523 4059 2674 4116 sunt,
2726 4051 2962 4104 adunata
3011 4047 3237 4101 omnino
3301 4045 3604 4114 junctaque

2024 4148 2390 4206 inveniantur,
2425 4154 2479 4199 ct
2514 4143 2770 4198 universa
2805 4141 2951 4196 acies
2983 4139 3138 4210 quasi
3184 4154 3355 4192 unum
3405 4151 3604 4204 corpus

2024 4249 2302 4310 appareat,
2327 4253 2501 4306 neque
2527 4237 2578 4290 iu
2597 4236 2776 4290 eundo
2798 4234 3160 4297 distrahatur,
3186 4244 3407 4285 necesse
3429 4235 3513 4282 est
3539 4227 3605 4280 ad

2027 4330 2141 4383 haec
2174 4327 2455 4381 intervalla
2495 4325 2546 4378 in
2587 4325 2770 4379 medio
2799 4322 3126 4392 complenda
3175 4336 3204 4375 e
3234 4321 3462 4375 cohorte
3503 4319 3606 4371 ali-

2028 4433 2133 4488 qua
2163 4417 2426 4486 quosdam
2459 4415 2672 4484 equites
2714 4413 2938 4483 eligere,
2990 4412 3082 4482 qui
3130 4413 3196 4466 ad
3241 4410 3476 4465 duorum
3523 4407 3608 4460 vel

2029 4520 2259 4582 quatuor
2303 4509 2480 4579 potius
2513 4506 2799 4560 hominum
2855 4503 3222 4568 altitudinem,
3269 4501 3314 4556 si
3374 4516 3609 4570 magnus

2033 4601 2194 4656 fuerit
2224 4598 2518 4660 exercitus,
2554 4597 2923 4660 instruantur,
2991 4604 3048 4648 ut
3074 4594 3119 4648 si
3145 4593 3365 4662 quando
3391 4591 3609 4646 occasio

339 4685 436 4740 τοῦ
487 4687 745 4759 στρατοῦ,
791 4687 877 4740 ἵνα
929 4689 1056 4742 ὅταν
1103 4687 1293 4757 καιρὸς
1342 4687 1568 4758 γένηται
1602 4686 1670 4740 τά
1721 4686 1909 4757 τρεπὸ-

2034 4687 2195 4742 fuerit
2222 4686 2408 4756 prima:
2433 4684 2570 4739 aciei
2597 4693 2780 4754 partes
2810 4683 2877 4738 ad
2915 4683 3103 4753 fugam
3140 4682 3425 4736 inclinatas
3457 4680 3609 4735 exci-

343 4796 482 4849 μενα
519 4781 657 4851 μέρη
691 4781 790 4850 τῆς
826 4781 1046 4852 πρώτης
1077 4781 1454 4850 παρατάξεως.
1485 4779 1671 4833 Ταῦτα
1702 4780 1770 4832 τὰ
1796 4779 1922 4850 τρία

344 4870 512 4941 βάνδα.
545 4873 613 4926 τὰ
658 4873 788 4928 ὄντα
837 4874 897 4927 ἐν
925 4877 1036 4936 τοῖς
1078 4873 1354 4943 εὐκαίροις
1381 4873 1567 4936 τόποις
1597 4873 1923 4926 ὑποστελλό-

347 4982 486 5034 μενα
536 4967 629 5020 καὶ
663 4969 1070 5038 συσςιγγόμενα
1102 4965 1332 5039 εὔκαιρα
1381 4967 1593 5021 ποιοῦσι
1629 4967 1695 5021 τά
1749 4966 1924 5038 χωρία

347 5056 484 5129 πρὸς
511 5059 610 5130 τὴν
636 5061 858 5116 ἐκείνων
891 5063 1177 5132 ὑποδοχήν.
1202 5063 1312 5116 Καὶ
1349 5063 1466 5133 ἅμα
1501 5063 1599 5133 μὲν
1631 5063 1924 5133 ὑποδέχον-

343 5167 434 5203 ται
463 5152 588 5214 τοὺς
610 5153 975 5224 τρεπομένους
1009 5153 1242 5224 εὔκαιρα
1268 5153 1443 5224 χωρία
1477 5153 1780 5218 ποιοῦντες,
1807 5153 1925 5224 ἆμα.

345 5239 402 5301 δὲ
439 5246 528 5296 καὶ
561 5244 951 5320 ἀναστέλλουσι
977 5248 1103 5311 τοὺς
1148 5246 1400 5309 Θέλοντας
1450 5245 1845 5316 σκορπίζεσθαι
1893 5245 1926 5314 ἢ

349 5336 563 5401 φυγεῖν,
600 5335 717 5405 ἅμα
763 5336 819 5390 δὲ
869 5338 961 5390 καὶ
1004 5339 1084 5400 είς
1137 5337 1326 5408 τρίτην
1365 5334 1518 5399 τάξιν
1565 5334 1928 5402 συνιστάμενοι

349 5423 490 5496 μετά
538 5426 646 5479 τῶν
695 5428 1092 5496 νωτοφυλάκων
1139 5425 1468 5480 ἀποσοόοὖσι
1519 5424 1776 5486 πολλάκις
1806 5425 1930 5486 τοὺς

345 5515 491 5569 κατὰ
552 5517 721 5572 νῶτον
790 5520 957 5590 ἤγουν
1027 5519 1250 5572 ὄπισθεν
1320 5515 1771 5585 ἐπιφαινομένους
1835 5513 1929 5567 καὶ

343 5605 748 5678 ἐπερχομένους
771 5609 998 5680 ἐχθροὺς
1031 5609 1166 5679 πρὸς
1192 5609 1252 5661 τὸ
1290 5607 1518 5679 ταράξαι
1546 5606 1642 5676 τὴν
1671 5604 1928 5673 δευτέραν

2028 4777 2232 4849 piendi,
2257 4777 2339 4831 hae
2367 4784 2473 4831 tres
2507 4775 2760 4830 cohortes
2795 4774 3200 4830 retrocedentes
3229 4781 3282 4826 et
3331 4771 3385 4824 in
3435 4785 3611 4838 angn-

2029 4880 2171 4926 stum
2231 4884 2290 4925 se
2346 4869 2736 4924 contrahentes
2788 4873 3096 4934 opportuna
3157 4865 3276 4918 loca
3352 4861 3419 4916 ad
3487 4863 3610 4917 illos

2026 4959 2380 5030 excipiendos
2416 4966 2747 5028 praeparent,
2784 4954 3059 5024 simulque
3092 4953 3145 5006 in
3194 4952 3376 5020 fugam
3424 4969 3611 5008 versos

2027 5051 2079 5105 in
2107 5050 2251 5106 hanc
2276 5049 2524 5104 locorum
2555 5045 3018 5116 opportunitatem
3063 5043 3356 5114 accipiant,
3407 5061 3613 5114 eosque

2029 5143 2118 5213 qui
2157 5139 2506 5212 tergiversari
2551 5139 2764 5201 nolunt,
2795 5143 2848 5190 ct
2897 5135 2964 5189 ad
2995 5135 3313 5205 fugiendum
3358 5152 3417 5190 sc
3471 5151 3612 5204 prac-
3701 5169 3705 5174 -

2031 5245 2244 5306 parant,
2277 5241 2331 5288 et
2362 5231 2654 5287 admodum
2681 5229 2976 5296 retineant,
3004 5238 3056 5284 et
3083 5229 3150 5283 ad
3188 5229 3403 5284 tertiam
3439 5228 3612 5281 aciem

2028 5345 2152 5385 cum
2191 5326 2548 5398 tcrgistitihus
2579 5323 2776 5394 juncti,
2808 5338 2953 5392 saepe
2997 5324 3180 5378 hostes
3212 5322 3278 5375 ad
3311 5322 3608 5375 secundant.
3677 5390 3683 5396 _

2029 5421 2201 5476 aciem
2265 5416 2706 5490 perfringendam
2781 5416 3124 5470 incursantes
3195 5415 3498 5484 repellant,
3560 5423 3614 5465 et

2034 5515 2192 5582 quasi
2258 5511 2694 5568 indissolubilem
2748 5509 3046 5568 seetmdam
3113 5508 3285 5563 aciem
3356 5505 3614 5561 cﬂiciaut.

2038 5604 2212 5672 Atque
2248 5601 2363 5656 haec
2393 5601 2438 5655 si
2466 5615 2700 5672 magnus,
2739 5597 2904 5655 fuerit
2937 5599 3227 5662 exercitus,
3256 5598 3354 5652 ahs
3381 5605 3432 5650 te
3464 5594 3613 5647 ﬁant.

352 5699 679 5770 παράταξν,
710 5699 801 5752 καὶ
823 5700 1105 5754 ἀδιάλυτον
1134 5698 1786 5770 αὐτὴνδιαφυλάττουσιν.
1814 5696 1925 5750 Καὶ
1952 5695 2124 5750 ταῦτα
2153 5694 2248 5766 μὲν
2299 5692 2391 5748 ἐὰν
2449 5693 2612 5759 πολύς
2663 5698 2807 5746 ἐστιν
2839 5694 2865 5744 ὁ
2901 5691 3127 5763 στρατὸς
3155 5690 3298 5744 οὕτω
3345 5688 3614 5759 ποιήσεις,

1871 5849 2104 5907 ΝΟΤἉΕ.

423 5970 535 6036 (9f)
582 5967 1072 6038 Ὑπερκεράστας.
1108 5965 1648 6037 8οι·ἰ1›ῡὶ›ιιῑιιι·,ὐπὲρ
1683 5981 1739 6018 κε
1754 5965 1967 6035 pictai.
