4090 6446
507 495 620 562 815

1782 496 1978 560 LEON
1987 496 2060 559 IS
2090 498 2557 563 PHILOSOPHI

3698 504 3807 569 816

582 605 656 663 '52
720 604 816 662 Sin
850 604 1180 661 mediocrem
1210 606 1471 663 habueris
1502 605 1825 673 exercitum,
1857 608 1966 663 hoc
1991 617 2097 674 est,

2275 607 2380 679 λβ’.
2422 608 2551 664 Ἐάν
2583 609 2641 663 δὲ
2681 610 3001 682 σύμμετρον
3046 611 3175 683 ἔχῃς
3224 614 3476 685 στρατὸν,
3524 614 3811 668 τουτέστιν

512 715 544 753 a
574 713 819 769 qumque
863 697 1106 753 millibus
1156 698 1440 755 hominum
1482 699 1550 755 ad
1586 699 1781 756 decem
1828 709 1923 756 aut
1964 699 2106 755 duo-

514 792 692 847 decim
741 791 950 858 millia,
1009 791 1310 848 secundam
1365 792 1538 848 aciem
1592 807 1702 848 non
1752 807 1821 848 ex
1869 801 2109 863 quatuor

512 880 786 949 partibus,
815 881 911 937 sed
942 881 1161 937 duabus
1205 881 1342 938 solis
1374 881 1596 949 efficies,
1630 891 1690 938 ut
1721 899 1892 939 unum
1928 882 2107 938 solum

515 971 753 1041 spatium
806 982 902 1027 aut
933 972 1282 1029 intervallum
1322 974 1388 1030 ad
1408 974 1729 1047 proﬂigatos
1757 983 1813 1032 et
1856 975 2109 1047 repulsos

514 1062 719 1119 milites
749 1063 975 1121 habeas.

587 1155 680 1209 55.
722 1154 818 1210 Sin
854 1157 1145 1227 pauciores
1186 1174 1373 1230 copias
1417 1160 1665 1231 quinque
1722 1159 1966 1217 millibus
2008 1160 2112 1215 ho-

516 1248 729 1301 minum
776 1248 1058 1318 habueris,
1093 1253 1391 1308 secundam
1438 1252 1613 1308 aciem
1648 1269 1724 1310 ex
1770 1269 1881 1309 una
1928 1252 2109 1309 solum

517 1350 673 1408 parte
703 1340 927 1398 eﬂicies.

594 1430 684 1484 54.
725 1431 805 1486 Ad
839 1432 957 1488 haec
982 1434 1169 1489 omnia
1201 1434 1550 1506 praecipimus
1581 1436 1702 1504 tibi,
1754 1447 1815 1493 ut
1864 1439 1968 1493 tria
2016 1444 2111 1493 aut

519 1532 761 1592 quatuor
788 1525 969 1582 handa
993 1527 1109 1583 sive
1132 1529 1390 1586 cohortes
1418 1530 1489 1586 ad
1514 1531 1748 1587 insidias
1778 1533 1911 1588 hinc
1945 1541 2111 1603 atque

520 1615 672 1670 illinc
722 1618 1001 1675 exercitus
1049 1622 1128 1676 tui
1184 1621 1439 1688 colloces,
1484 1632 1543 1679 ut
1588 1624 1743 1679 alteri
1799 1624 1865 1681 ad
1917 1625 2108 1680 latvam

524 1707 805 1774 instructi,
854 1710 1085 1769 insidias
1120 1714 1189 1769 ab
1230 1715 1489 1772 hostibus
1534 1726 1817 1789 susceptas
1845 1718 2112 1789 reliquas-

521 1815 630 1870 que
688 1802 1003 1861 molitiones
1053 1808 1423 1877 prohibeant,
1502 1810 1659 1865 alteri
1738 1812 1808 1867 ad
1863 1812 2110 1868 dextram

522 1894 929 1964 constituti,ad
975 1897 1206 1957 insidias
1236 1901 1700 1974 incursionesque
1732 1905 1989 1961 hostibus
2024 1906 2111 1961 in-

2209 702 2321 756 ἀπὸ
2353 709 2396 756 ε’
2432 702 2694 774 χιλιάδων
2736 703 2849 767 ἕως
2898 704 3031 758 δέκα
3078 706 3110 775 ἢ
3146 705 3391 773 δώδεκα,
3448 707 3647 779 μηκέτι
3706 709 3809 780 τὴν

2207 790 2470 860 δευτέραν
2510 790 2820 863 παράταξιν
2866 791 2976 846 άπὸ
3024 790 3068 846 δ’
3110 794 3299 864 μερῶν
3340 796 3612 866 ποιήσεις,
3670 797 3811 852 ἀλλά

2209 881 2318 936 ἀπὸ
2344 882 2439 936 δύο
2464 881 2605 937 ὥστε
2638 882 2697 938 ἓν
2726 884 2823 938 καὶ
2850 884 3012 954 μόνον
3034 885 3234 957 χωρίον
3258 888 3428 957 ἡγουν
3456 888 3623 943 τόπον
3660 888 3812 960 ἔχειν

2211 973 2466 1047 εὐκαιρον
2507 977 2588 1041 εἰς
2615 975 2883 1048 ὑποδοχὴν
2908 975 3016 1031 τῶν
3051 979 3531 1049 καταφευγόντων.

2282 1153 2383 1222 λγ’.
2420 1153 2485 1209 Ei
2517 1155 2575 1210 δὲ
2601 1154 2923 1227 ὀλιγώτερον
2962 1155 3070 1211 τῶν
3107 1155 3148 1209 ε’
3177 1156 3430 1227 χιλιάδων
3460 1157 3605 1229 έχεις
3645 1176 3814 1232 στρα-

2208 1248 2325 1313 τὸν,
2364 1248 2491 1303 τότε
2533 1248 2630 1321 τὴν
2677 1249 2939 1322 δευτέραν
2985 1250 3138 1316 τάξιν
3186 1254 3247 1304 ἐν
3301 1250 3398 1305 καὶ
3442 1250 3605 1320 μόνον
3643 1250 3812 1322 μέρος

2213 1341 2489 1411 ποιήσεις.

2284 1432 2378 1488 λό’.
2427 1435 2551 1489 Ἐπὶ
2579 1434 2790 1499 τούτοις
2817 1435 2875 1489 δὲ
2906 1436 3075 1491 πᾶσιν
3108 1436 3405 1508 κελεύομεν
3432 1454 3516 1491 σοι
3549 1435 3691 1493 ὥστε
3717 1438 3813 1491 καὶ

2211 1522 2343 1593 τρία
2382 1523 2416 1595 ἢ
2468 1523 2715 1596 τέσσαρα
2761 1524 2950 1595 βάνδα,
3002 1526 3127 1589 τοὺς
3171 1525 3498 1598 λεγομένους
3540 1528 3810 1598 ἐνέδρους,

2215 1617 2384 1687 ἦγουν
2425 1616 2829 1690 ἐγκρύμματα,
2863 1619 3016 1673 ἐνθεν
3050 1620 3144 1674 καὶ
3171 1620 3382 1674 ὲκεῖιθεν
3426 1621 3528 1691 τῆς
3566 1622 3815 1691 παρατά-

2214 1707 2349 1773 ξεως
2363 1709 2649 1780 ἁφορίσεις
2686 1711 2783 1764 καὶ
2806 1710 3012 1776 τάξεις,
3037 1711 3125 1765 ἵνα
3143 1711 3284 1766 εἰσιν
3302 1713 3354 1765 οί
3382 1713 3481 1783 μὲν
3511 1712 3815 1776 κωλύοντες

2214 1799 2282 1854 τὰ
2310 1801 2419 1855 ἀπὸ
2448 1800 2560 1855 τῶν
2592 1802 2804 1873 ἐχθρῶν
2835 1802 3237 1873 ἐγχειρούμενα
3262 1802 3637 1874 ἐγκρύμματα
3666 1803 3811 1857 κατὰ

2215 1891 2322 1946 τῶν
2354 1892 2662 1966 ἀριστερῶν
2690 1893 2789 1964 τῆς
2820 1894 3184 1966 παρατάξεώς
3204 1912 3317 1948 σου.
3343 1895 3408 1948 Οἱ
3439 1894 3494 1947 δέ
3522 1895 3609 1947 ἴνα
3641 1896 3815 1947 ποιῶ-

523 1985 782 2045 ferendas
825 2001 1222 2061 praeparentur,
1264 1994 1312 2049 si
1364 1993 1609 2050 locorum
1638 1997 2021 2066 opportunitas
2061 1996 2115 2053 id

2232 2001 2310 2039 τιν
2361 1987 2733 2057 ἐγκρύμματα
2788 1988 2883 2040 καὶ
2933 1987 3233 2059 ἐπιδρομὴν
3279 1986 3373 2040 τοῦ
3403 1987 3581 2051 δεξιοῦ
3614 1988 3819 2059 μέρους

523 2079 640 2134 ﬁeri
672 2082 972 2149 permittat.

604 2173 692 2228 55.
754 2174 1058 2232 Adnotahis
1107 2176 1272 2232 etiam
1326 2192 1444 2242 eos,
1493 2178 1588 2249 qui
1642 2180 1709 2235 ad
1750 2181 1924 2237 latera
1979 2181 2121 2237 aciei

527 2265 775 2322 hostium
808 2267 1190 2338 ohliquantur,
1234 2279 1290 2326 et
1326 2286 1450 2342 qua:
1496 2286 1527 2327 a
1577 2282 1733 2343 tergo
1778 2275 2120 2332 incursiones

525 2365 690 2427 atque
715 2358 1110 2428 impressiones
1136 2360 1299 2425 ﬁunt,
1355 2362 1400 2417 si
1441 2366 1706 2419 adversus
1749 2364 1937 2421 hostes
1983 2366 2119 2421 bene

526 2456 583 2499 et
628 2449 929 2517 prudenter
975 2450 1381 2519 instituantur,
1414 2452 1752 2510 eﬂicaciores
1796 2465 1962 2526 atque
2014 2458 2123 2511 uti-

527 2537 697 2594 liores
718 2548 848 2595 sunt
877 2540 944 2596 iis
967 2540 1415 2599 dimicationibus
1445 2559 1568 2613 quae
1590 2544 1799 2602 directe
1824 2561 2124 2619 coramque

528 2640 817 2701 geruntur.
882 2630 1148 2698 Quamvis
1209 2635 1358 2690 ettim
1410 2637 1703 2706 pauciores
1766 2638 1805 2693 ii
1879 2638 2121 2708 fuerint,

530 2723 720 2779 hostes
777 2730 961 2779 tamen
1036 2726 1223 2782 subito
1310 2728 1592 2799 intercepti
1644 2740 1698 2785 et
1749 2732 2125 2803 circumclusi,

528 2814 803 2883 ejusmodi
850 2816 1267 2873 incursionibus
1318 2835 1548 2892 magnas
1604 2822 1939 2882 offensiones
1974 2827 2122 2883 acci-

528 2906 708 2976 piunt.
764 2904 900 2962 Nam
963 2924 1143 2979 neque
1191 2910 1404 2981 seipsos
1453 2928 1808 2982 conservare,
1870 2919 2124 2988 quamvis

529 3015 687 3064 pares
735 3016 966 3058 numero
999 3002 1225 3070 fuerint,
1268 3017 1550 3075 possunt:
1588 3026 1788 3081 neque,
1838 3012 1885 3067 si
1939 3013 2125 3083 plures

531 3092 757 3159 fuerint,
796 3110 827 3149 a
866 3096 1063 3153 timore
1102 3112 1307 3165 tamen,
1332 3110 1386 3156 et
1418 3100 1718 3162 formidine
1760 3106 1954 3163 abesse
1997 3123 2127 3179 pos-

533 3194 684 3249 sunt,
714 3201 839 3241 cum
871 3188 1057 3257 plures
1109 3190 1273 3261 longe
1306 3192 1646 3250 arbitrentur
1682 3212 1810 3253 esse
1859 3214 1978 3265 eos,
2029 3201 2125 3268 qui

534 3280 877 3336 incursiones
909 3280 1325 3356 faciunt,quam
1357 3302 1551 3343 revera
1584 3298 1734 3344 sunt.

605 3370 695 3426 56.
740 3372 1149 3429 Observandum
1183 3385 1369 3432 autem
1404 3388 1508 3444 est,
1536 3379 1679 3436 haud
1710 3397 1807 3451 par
1834 3397 1979 3449 esse,
2008 3384 2129 3441 sine

536 3479 735 3534 magna
788 3466 1139 3533 necessitate,
1212 3477 1272 3523 ut
1321 3485 1504 3539 pauca:
1542 3475 1713 3542 copiae
1763 3490 1887 3529 cum
1933 3491 2131 3547 magno

534 3566 591 3612 et
617 3558 887 3614 instructo
934 3562 1179 3616 exercitu
1212 3562 1495 3619 dimicent.
1524 3565 1620 3620 Sin
1662 3567 1779 3621 licri
1810 3582 1916 3623 non
1949 3577 2132 3639 potest

537 3650 672 3718 quin
704 3652 995 3721 prtelieris,
1022 3668 1091 3708 ne
1113 3662 1301 3724 aperte
1332 3665 1390 3711 et
1416 3672 1601 3713 coram
1652 3659 1900 3727 invadas,
1930 3676 2130 3732 quam-

537 3744 624 3799 vis
645 3746 994 3803 numerosior
1012 3745 1283 3803 sitnoster
1304 3750 1614 3819 exercitus,
1643 3755 1739 3809 sed
1774 3755 1857 3810 vel
1892 3770 1922 3809 a
1956 3764 2128 3828 tergo,

540 3839 626 3892 vel
653 3838 726 3893 ad
760 3838 929 3895 latera
960 3840 1333 3897 incursionem
1367 3843 1421 3897 in
1452 3843 1574 3901 illos
1604 3844 1797 3902 facias.

614 4112 704 4166 57.
747 4112 959 4169 Etenim
986 4114 1143 4171 valde
1170 4115 1446 4171 lubricum
1480 4117 1971 4188 periculosumque
2022 4128 2135 4185 est,

543 4216 732 4256 coram
765 4214 930 4273 atque
970 4221 1036 4260 ex
1075 4206 1311 4261 adverso
1334 4222 1456 4262 cum
1484 4209 1593 4263 ulla
1619 4211 1838 4266 natione
1866 4212 2138 4281 proeliari,

541 4293 846 4360 praesertim
875 4295 921 4350 si
958 4297 1251 4364 pauciores
1285 4296 1494 4354 fuerint
1529 4301 1701 4371 copim
1741 4318 1865 4373 quae
1910 4304 1977 4359 ad
2028 4320 2132 4375 pu-

545 4402 709 4457 gnam
733 4388 1102 4444 instruuntur.

613 4479 703 4535 58.
744 4478 823 4534 Ad
858 4495 1129 4536 summam
1154 4491 1336 4537 autem
1370 4484 1716 4549 mandamus,
1761 4494 1822 4540 ut
1865 4486 2143 4543 uni-versae

545 4570 719 4642 copiae
762 4580 1047 4642 equestres
1096 4572 1149 4627 in
1194 4575 1431 4644 primam
1485 4586 1539 4632 et
1605 4578 1907 4633 secundam
1959 4580 2142 4634 aciem

2222 2077 2334 2132 τῶν
2363 2078 2595 2149 ἐχθρῶν,
2632 2078 2727 2133 ἐὰν
2763 2080 2871 2151 ἄρα
2900 2081 2997 2133 καὶ
3034 2080 3085 2132 οἱ
3115 2080 3273 2133 τόποι
3314 2080 3451 2133 εἰσὶν
3482 2078 3756 2150 ἁρμόδια.

2294 2168 2389 2224 λε’.
2419 2170 2735 2241 Σημείωσαι
2778 2171 2889 2241 γὰρ
2934 2171 3029 2225 καὶ
3062 2171 3143 2225 ὅτι
3172 2171 3222 2224 οἱ
3254 2169 3397 2223 κατὰ
3435 2169 3544 2224 τῶν
3571 2170 3822 2239 πλαγίων

2221 2261 2321 2332 τῆς
2342 2262 2450 2316 τῶν
2483 2262 2694 2334 ἐχθρῶν
2730 2261 3109 2334 παρατάξεως,
3140 2263 3235 2315 καὶ
3263 2264 3322 2315 al.
3356 2264 3500 2316 κατὰ
3521 2261 3616 2316 τοῦ
3646 2263 3820 2316 νώτου

2223 2356 2393 2425 ἧγουν
2422 2354 2531 2408 ἀπὸ
2571 2338 2798 2409 ᾰπισθεν
2827 2355 3008 2410 αὐτῶν
3052 2354 3342 2425 γινόμεναι
3372 2354 3689 2425 ἐπιδρομαὶ,
3724 2355 3822 2409 ἐὰν

2224 2445 2405 2509 καλῶς
2447 2446 2713 2515 γένωνται
2747 2445 2841 2499 καὶ
2886 2446 3181 2518 εὐκαίρως,
3219 2444 3421 2515 μᾶλλον
3448 2444 3823 2514 δραστικώτε-

2227 2536 2317 2607 ραί
2352 2538 2456 2589 εισι
2482 2537 2579 2589 καὶ
2609 2538 2907 2606 ἀναγκαῖαι
2938 2538 3088 2608 παρὰ
3121 2538 3218 2599 τὰς
3237 2536 3530 2608 γινομένας
3552 2537 3620 2591 δι’
3644 2536 3825 2607 ὅψεως

2222 2627 2397 2699 ⁵μόνης
2426 2628 2702 2699 συμϐολὰς
2729 2629 2823 2683 καὶ
2867 2628 3125 2700 ὠθήσεις.
3173 2630 3292 2684 Κάν
3329 2646 3389 2683 τε
3418 2629 3529 2700 γὰρ
3558 2628 3826 2698 ὀλιγώτε-

2227 2721 2311 2793 ροί
2346 2722 2483 2775 εἰσιν
2535 2723 2580 2775 oi
2633 2722 2843 2793 ἐχθροὶ,
2891 2722 2968 2787 ὡς
3012 2722 3274 2793 ἐξαίφνης
3320 2722 3828 2794 ἐπιλαμϐανόμενοι

2224 2815 2319 2868 καὶ
2350 2814 2733 2885 κυκλούμενοι,
2760 2815 2848 2870 διὰ
2873 2814 2980 2870 τῶν
3007 2817 3269 2870 τοιούτω)
3298 2815 3615 2887 ἐπιδρομιῖΝ
3651 2816 3829 2887 μεγά-

2226 2905 2327 2976 λην
2353 2906 2453 2977 τὴν
2481 2907 2689 2979 βλάϐην
2729 2908 3086 2977 ὑπομένουσι,
3123 2908 3197 2979 μὴ
3226 2908 3544 2979 δυναμένων
3583 2908 3829 2972 εὐκόλως

2228 2996 2497 3062 σώζεσθαι
2527 3000 2635 3052 τῶν
2679 2999 2739 3064 ἐξ
2766 2998 2948 3052 αὐτῶν
2977 2996 3353 3069 τρεπομένων.
3396 2998 3519 3053 Κάν
3548 3016 3606 3051 τε
3640 3000 3830 3070 ἰσόμε-

2226 3092 2349 3162 τροί
2378 3094 2539 3158 slew,
2586 3091 2620 3164 ἢ
2653 3093 2748 3146 καὶ
2783 3091 3027 3156 πλείονες
3054 3092 3150 3146 τοῦ
3183 3091 3425 3164 στρατοῦ
3466 3091 3563 3146 τοῦ
3594 3091 3711 3154 σοῦ,
3744 3093 3828 3156 είς

2222 3183 2418 3252 ἀγῶνα
2473 3184 2644 3255 μέγαν
2714 3184 3053 3255 εἰσέρχονται
3103 3186 3198 3238 καὶ
3251 3183 3416 3253 φόϐον
3440 3227 3453 3250 ,
3511 3184 3831 3253 νομίζοντες

2230 3278 2436 3349 πλῆθος
2464 3276 2604 3333 εἶναι
2631 3280 2767 3333 πολύ
2793 3280 2921 3343 τοὺς
2948 3279 3050 3351 τὴν
3080 3279 3382 3351 ἐπιδρομὴν
3418 3279 3727 3343 ποιοῦντας.

2303 3366 2415 3432 λς’.
2466 3370 2709 3441 Πρόσεχε
2749 3368 2807 3422 δὲ
2840 3369 2921 3422 ὅτι
2955 3369 3016 3422 οὐ
3050 3368 3262 3439 πρέπον
3309 3369 3428 3421 ἐστὶ
3462 3370 3632 3439 χωρὶς
3660 3368 3835 3437 άνάγο

2232 3475 2338 3529 κης
2364 3458 2545 3528 ὀλίγον
2578 3459 2807 3529 στρατὸν
2842 3458 2978 3530 πρὸς
3006 3458 3212 3529 πλῆθος
3240 3460 3520 3529 πολεμίων
3546 3460 3837 3514 εὐτάκτων

2233 3552 2484 3626 φανερῶς
2513 3552 2650 3625 πρὸς
2690 3553 2873 3623 μάχην
2906 3551 3269 3623 συμπλέκειν.
3302 3552 3365 3605 El
3401 3551 3457 3604 δὲ
3489 3551 3582 3604 καὶ
3611 3552 3832 3623 ἀνάγκη

2233 3643 2426 3697 τούτου
2465 3642 2699 3712 γίνεται,
2762 3642 2838 3715 μὴ
2880 3643 3057 3696 πάντα
3088 3642 3341 3712 φανερῶς
3386 3640 3483 3695 καὶ
3518 3641 3605 3695 διὰ
3651 3642 3839 3707 ὅψεως

2234 3737 2524 3807 ἐγχειρεῖν,
2560 3735 2665 3790 κᾶν
2688 3735 2831 3804 τάχα
2858 3735 3101 3799 πλείονές
3129 3736 3267 3789 εἰσιν
3293 3734 3321 3787 ό
3352 3735 3635 3806 ἡμέτερος
3665 3752 3837 3805 στρα-

2233 3826 2345 3889 τὸς,
2375 3825 2510 3878 ἀλλὰ
2540 3824 2633 3878 καὶ
2660 3824 2747 3878 διὰ
2781 3822 2877 3878 τοῦ
2909 3824 3100 3888 νώτου,
3132 3824 3301 3895 ἧγουν
3326 3824 3435 3877 ἀπὸ
3467 3822 3692 3877 ὄπισθεν
3721 3825 3840 3880 τῶν

2235 3916 2467 3987 ἐχθρῶν,
2503 3916 2538 3987 ἢ
2577 3915 2665 3969 διὰ
2709 3914 2821 3967 τῶν
2869 3915 3139 3984 πλαγίων,
3191 3913 3561 3986 ἐμϐάλλεσθαι
3618 3914 3699 3977 εἰς
3730 3914 3841 3967 αὐ-

2237 4028 2388 4066 τους.

2300 4100 2397 4166 λζ’.
2436 4103 2545 4155 Καὶ
2570 4101 2685 4174 γὰρ
2716 4100 3016 4170 ἐπισφαλές
3043 4103 3164 4155 ἐστι
3196 4103 3292 4157 καὶ
3318 4101 3666 4157 ἐπικίνδυνον
3699 4105 3732 4174 ἡ
3763 4104 3838 4160 δι’

2236 4195 2409 4264 ὂψεως
2446 4195 2604 4265 μόνον
2637 4195 2787 4266 μάχη
2833 4194 2927 4248 καὶ
2956 4196 3093 4266 πρὸς
3124 4193 3235 4248 οἷον
3277 4196 3478 4267 δήποτε
3505 4195 3657 4260 ἔθνος
3690 4214 3841 4265 γινο-

2240 4289 2403 4359 μένη,
2434 4288 2541 4342 κᾶν
2573 4288 2715 4357 τάχα
2737 4286 2834 4342 καὶ
2865 4286 3196 4359 ὀλιγώτερον
3230 4286 3438 4358 πλῆθός
3460 4291 3576 4342 ἐστι
3602 4288 3662 4341 τὸ
3686 4290 3842 4344 ἀντι-

2238 4381 2665 4447 καθιστάμενον.

2309 4473 2411 4545 λη’.
2447 4473 2636 4538 Οὕτως
2684 4467 2779 4527 οὖν
2829 4475 2889 4527 ἐν
2941 4473 3222 4545 κεφαλαίῳ
3275 4473 3572 4545 κελεύομέν
3605 4490 3710 4539 σοι,
3748 4474 3842 4530 ἵνα

2240 4568 2458 4624 ἅπαντα
2494 4568 2564 4622 τὰ
2608 4567 2992 4637 καϐαλλαρικὰ
3042 4566 3304 4637 τάγματα
3351 4568 3433 4632 είς
3466 4565 3707 4639 ,πρώτην
3742 4569 3844 4622 καὶ

542 4662 672 4718 belli
704 4671 950 4733 tempore
991 4665 1421 4732 distribuantur,
1457 4677 1687 4738 tumque
1720 4669 1963 4724 maxime
2002 4686 2126 4725 cum

2238 4658 2497 4731 δευτέραν
2526 4656 2833 4729 παράταξιν
2871 4658 2928 4710 ἐν
2963 4655 3145 4727 καιρῷ
3180 4655 3426 4726 πολέμου
3458 4656 3840 4727 καταστήσῃς,

543 4770 804 4826 magnum
842 4757 1147 4812 exercitum
1197 4757 1459 4815 habueris
1501 4776 1515 4812 :
1565 4769 1620 4814 et
1669 4762 2134 4829 quemadmodum

554 4863 720 4917 supra
756 4849 960 4904 dictum
997 4858 1103 4914 est,
1140 4851 1193 4905 in
1243 4866 1499 4907 cursores
1544 4853 1659 4907 sive
1689 4853 2011 4922 proclaslas,
2043 4854 2141 4925 qui

546 4941 602 4993 in
639 4940 756 4995 acie
789 4942 1002 4997 caeteris
1028 4944 1322 5013 antepositi
1368 4945 1557 5000 hostes
1588 4946 1916 4999 adoriantur
1946 4963 1959 4999 :
1993 4956 2048 5001 et
2082 4948 2133 5000 in

547 5032 864 5091 defensores
896 5039 1008 5091 sive
1040 5037 1308 5103 vindices,
1348 5038 1443 5109 qui
1497 5038 1755 5093 instructi
1802 5039 2137 5105 consistunt,

546 5136 605 5180 et
632 5126 702 5181 ad
728 5127 1089 5198 excipiendos
1118 5144 1398 5198 cursores,
1430 5128 1477 5183 si
1514 5129 1698 5185 minus
1743 5132 2136 5200 processerint,

550 5220 647 5281 scd
698 5236 757 5276 re
798 5222 1020 5288 infecta,
1071 5233 1166 5277 aut
1213 5223 1514 5280 offensione
1568 5234 1792 5294 accepta
1853 5224 2136 5290 redierint,

551 5314 834 5387 constituti
873 5323 1050 5370 sunt:
1092 5325 1205 5370 tum
1261 5318 1312 5371 in
1366 5323 1642 5373 latcranos
1693 5326 1746 5373 ct
1794 5320 2136 5384 cornistites,

552 5408 604 5461 id
634 5418 719 5462 est
750 5408 844 5477 qui
894 5408 960 5463 ad
995 5409 1493 5465 circumvallandos
1542 5412 1731 5466 hostes
1764 5419 2058 5481 parantur,
2090 5419 2146 5465 ct

551 5501 609 5553 in
660 5500 914 5565 insidias,
951 5510 1002 5556 et
1035 5501 1087 5555 in
1121 5502 1503 5568 subsidiarios,
1533 5505 1624 5573 qui
1659 5520 1689 5557 a
1741 5512 1893 5574 tergo
1938 5504 2147 5558 consti-

553 5600 827 5656 tuuntur,
875 5610 1084 5664 eosque
1134 5596 1441 5666 impediunt
1487 5598 1579 5667 qui
1635 5599 1928 5654 stationem
1987 5614 2144 5653 suam

555 5684 873 5738 deserentes
917 5686 1098 5756 fugam
1150 5697 1439 5753 quaerunt,
1484 5699 1535 5743 ct
1584 5692 1635 5744 in
1688 5690 2007 5761 tergislitcs,
2054 5690 2148 5758 qui

560 5783 757 5826 t'etroa
795 5785 946 5845 tergo
984 5779 1230 5832 omnium
1270 5782 1333 5835 ad
1368 5782 1609 5837 universi
1651 5783 1925 5839 exercitus
1957 5791 2146 5838 custo-

564 5862 709 5914 diant
740 5865 1099 5921 collocantur.

2247 4754 2375 4807 ὅταν
2405 4752 2639 4823 μάλιστα
2673 4750 2770 4805 καὶ
2799 4750 2967 4803 πολὺν
2999 4750 3230 4818 στρατὸν
3255 4748 3421 4819 ἔχεις,
3446 4748 3542 4803 καί¹
3566 4747 3843 4813 διατάξεις

2249 4847 2392 4901 κατὰ
2420 4845 2513 4899 τὸν
2547 4844 2807 4915 λεχθέντα
2842 4861 2924 4897 σοι
2946 4844 3148 4915 τρόπον
3183 4843 3263 4907 εἰς
3307 4841 3637 4913 κούρσορας,
3670 4842 3844 4912 ἤγουν

2247 4938 2618 5011 προκλάστας,
2661 4937 2792 4999 τούς
2826 4934 3139 5008 ἔμπροσθεν
3184 4935 3284 5006 τῆς
3333 4933 3699 5003 παρατάξεως
3732 4933 3845 5001 πρὸ

2248 5033 2355 5089 τῶν
2381 5032 2558 5087 ἄλλων
2591 5030 2732 5084 κατὰ
2767 5028 2876 5082 τῶν
2928 5028 3139 5100 ἐχθρῶν
3174 5025 3608 5098 προτρέχοντας’
3643 5025 3737 5079 καὶ
3761 5025 3846 5087 εἰς

2247 5126 2591 5197 διφένσορας,
2632 5125 2803 5195 ῆγουν
2854 5123 2980 5185 τούς
3029 5121 3311 5183 εὐτάκτως
3359 5119 3703 5189 ἱσταμένους,
3746 5118 3849 5171 καὶ

2250 5218 2614 5290 ὑποδέχεσθαι
2645 5216 2942 5288 μέλλοντας
2969 5215 3097 5278 τούς
3119 5212 3536 5285 προδραμόντας
3563 5208 3706 5265 κατὰ
3734 5208 3853 5261 τῶν

2248 5316 2480 5388 ἐχθρῶν,
2511 5317 2604 5370 ἐάν
2633 5314 2709 5387 μὴ
2746 5314 2966 5377 τελείως
3014 5312 3278 5379 διώξωσιν
3315 5309 3544 5374 αὐτοὺς,
3569 5306 3685 5361 ἀλλ’
3710 5307 3850 5360 ἀνθ-

2245 5410 2664 5481 υποστρέψωσιν
2693 5424 2705 5436 ·
2741 5407 2822 5460 ἔτι
2868 5406 2925 5460 δὲ
2980 5404 3075 5458 καὶ
3121 5406 3201 5467 εἰς
3250 5400 3704 5470 πλαγιοφύλακας
3745 5398 3850 5452 καὶ

2247 5502 2692 5574 ὐπερκεράστας,
2727 5498 2901 5568 ἧγουν
2938 5495 3063 5556 τούς
3113 5493 3364 5562 ἑτοίμους
3398 5488 3724 5558 ἱσταμένους
3766 5487 3850 5549 εἰς

2247 5596 2521 5649 κύκλωσιν
2550 5591 2658 5645 τῶν
2693 5588 2903 5661 ἐχθρῶν
2926 5604 2941 5620 ⁶
2975 5586 3057 5640 ἔτι
3090 5586 3147 5639 δὲ
3184 5584 3277 5637 καὶ
3308 5584 3387 5647 είς
3418 5580 3641 5651 ἐνέδρας
3667 5578 3852 5650 ἤγουν

2249 5686 2618 5758 ἐγκρύμματα
2648 5701 2665 5724 °-
2699 5682 2835 5735 ἀλλὰ
2861 5681 2958 5735 καὶ
2986 5681 3064 5741 εἰς
3097 5678 3349 5748 βοηθοὺς,
3383 5675 3551 5745 ἤγουν
3580 5672 3703 5733 τοὺς
3728 5670 3855 5723 6m-

2258 5780 2385 5834 σθεν
2414 5776 2803 5849 τεταγμένους,
2836 5775 2929 5827 καὶ
2958 5770 3385 5832 ἀναστέλλοντας
3415 5767 3539 5829 τοὺς
3562 5766 3678 5818 ὅσοι
3714 5762 3851 5831 μέλ-

2255 5874 2406 5927 λουσι
2435 5870 2659 5941 φεύγειν
2690 5868 2788 5938 τὴν
2820 5866 2955 5922 ἰδίαν
2989 5862 3497 5934 καταλιμπάνοντες
3529 5858 3681 5926 τάξιν
3712 5872 3724 5885 ⁸
3764 5853 3851 5907 ἔτι

566 5952 623 6002 δὲ
651 5956 741 6008 καὶ
773 5960 849 6017 είς
888 5962 1296 6033 νωτοφύλακας,
1337 5968 1659 6045 ἧγουνῇτοῦς
1691 5971 1914 6029 ὄπισθεν
1940 5972 2019 6038 εἰς
2045 5972 2295 6044 φυλακὴν
2324 5969 2422 6023 τοῦ
2451 5968 2651 6031 παντὸς
2684 5963 2917 6039 στρατοῦ
2946 5961 3333 6033 τεταγμένους.
