4090 6524
496 504 605 572 817
1547 511 1881 574 TACTICA.
1916 539 1983 549 --
2022 514 2050 576 ε

2154 513 2524 575 [STITUTIO
2554 514 2693 575 ΧΠ.
3659 514 3765 576 £18

565 617 661 672 λθ⁹.
706 617 831 672 Ἐὰν
872 619 935 673 δὲ
987 620 1155 675 πολὺν
1197 620 1361 691 ἔχωσι
1413 628 1662 695 στρατὸν,
1698 630 1792 683 καὶ
1837 630 2050 684 δύνασαι

2245 628 2334 683 59.
2381 628 2438 682 Si
2486 630 2763 700 ingentem
2802 627 3063 682 habueris
3094 626 3428 693 exercitum,
3458 636 3514 682 et
3560 632 3765 699 poteris

490 712 748 775 τοιαύτας
796 712 991 778 διπλᾶς
1023 716 1359 786 παρατάξεις
1403 721 1610 784 ποιεῖν,
1642 721 1753 776 εἴτε
1796 723 1910 788 δύο,
1960 725 2050 779 είτ⁴

2179 736 2303 775 eum
2334 723 2387 775 in
2415 722 2572 788 duas,
2608 730 2703 777 aut
2734 730 2846 777 tres
2877 722 3045 785 acies.
3075 731 3169 775 aut
3202 722 3368 775 etiam
3408 723 3594 792 plures
3623 723 3762 777 divi-

490 805 659 873 τρεῖς,
711 802 743 873 ἢ
794 804 890 857 καὶ
924 804 1196 871 πλείονας,
1232 805 1373 861 ὥστε
1422 811 1788 882 μεριζομένην
1827 816 1927 885 τὴν
1961 817 2050 871 τῶ⁴

2178 813 2326 879 dere,
2364 825 2423 867 ut
2450 827 2779 883 comparatae
2807 814 2874 869 ad
2909 813 3036 869 illos
3084 812 3326 868 hostium
3381 813 3575 885 capize,
3628 828 3762 883 pau-

490 894 702 965 ὲχθρῶν
726 894 957 967 δύναμιν
980 897 1115 969 πρὸς
1140 899 1309 965 αὑτάς
1336 901 1679 974 ὀλιγωτέρων
1712 905 1881 962 ὄντων
1910 908 2072 963 ἀσθε-

490 988 601 1050 νεῖς
616 985 868 1052 γίνεσθαι
885 987 983 1053 τὰς
995 990 1221 1044 ἐκείνων
1242 991 1275 1062 ἢ
1302 993 1754 1064 προσϐαλλόντων
1776 997 1913 1068 ὀμοῦ
1937 1002 2075 1072 πρὸς

489 1076 620 1146 μίαν
650 1078 763 1133 τῶν
797 1079 907 1134 σῶν
935 1082 1294 1154 παρατάξεων
1326 1085 1432 1140 ὑπὸ
1478 1086 1588 1141 τῶν
1639 1088 1817 1144 ἄλλων
1835 1130 1851 1156 ,
1881 1093 1915 1163 ἢ
1945 1092 2072 1146 διώ-

487 1169 703 1236 κεσθαι,
735 1172 769 1242 ἢ
833 1174 1166 1230 κυκλοῦσθαι
1187 1195 1201 1209 υ
1232 1178 1389 1232 τοῦτό
1442 1182 1560 1234 ἐστι
1599 1182 1705 1235 τῶν
1734 1183 2073 1253 ἀναγκαίων.

540 1259 620 1330 μ’.
652 1262 726 1315 Τὸ
750 1262 808 1315 δὲ
841 1263 1006 1335 βάθος
1042 1268 1210 1337 ἡγουν
1247 1268 1307 1323 τὸ
1333 1270 1505 1341 πάχος
1546 1272 1657 1328 τῶν
1687 1275 2069 1346 παρατάξεων,

483 1350 668 1438 καθὼς
718 1354 1016 1427 οὶαρχαῖοι
1070 1358 1420 1428 διετάξαντο,
1486 1363 1648 1434 ἢρκει
1702 1367 1801 1436 μὲν
1854 1368 2076 1438 ἑκάστῳ

481 1437 725 1529 τάγματι
757 1442 835 1504 είς
859 1443 1132 1516 τέσσαρας
1160 1449 1257 1502 καὶ
1279 1450 1476 1520 μόνους
1499 1451 1898 1529 κᾳϐαλλαρίους
1924 1437 2072 1526 γίνεέ

483 1528 629 1595 σθαι,
672 1532 867 1606 ἐπειδὴ
909 1535 970 1589 τὸ
1001 1537 1167 1593 πλέον
1207 1540 1416 1597 τούτων
1464 1528 1635 1615 ἀργὸν
1663 1549 1759 1599 καὶ
1792 1548 2070 1617 ἀνωφελὲς

478 1620 755 1678 δείκνυται
784 1625 876 1679 ἐπὶ
918 1628 1029 1683 τῶν
1062 1632 1469 1706 καὸαλλαρίων.
1516 1636 1653 1691 Οὔτε
1688 1639 1797 1710 γὰρ
1822 1639 2065 1706 δύναται,

477 1710 553 1774 ὡς
593 1713 688 1769 ἐπὶ
717 1716 819 1789 τῆς
864 1719 1095 1793 πεζικῆς
1144 1724 1372 1792 τάξεως,
1409 1729 1518 1781 ἀπὸ
1567 1729 1794 1784 ὄπισθεν
1837 1732 1925 1786 διὰ
1972 1733 2067 1787 τοῦ

477 1808 684 1881 πάχους
720 1814 1070 1889 προωθισμὸν
1099 1822 1293 1875 ποιεῖν.
1329 1822 1463 1877 Τότε
1501 1823 1611 1895 γὰρ
1646 1826 1738 1878 καὶ
1770 1826 1846 1896 μὴ
1878 1826 2067 1896 βουλό-

478 1919 630 1972 μενοι
665 1905 714 1957 oi
777 1905 1092 1978 ἔμπροσθεν
1130 1914 1198 1967 ἐκ
1240 1913 1350 1967 τῶν
1392 1914 1618 1969 ὄπισθεν
1658 1916 2068 1987 προωθούμενοι

2179 905 2356 961 ciores
2394 915 2559 977 atque
2586 906 2979 962 imbecilliores
3024 903 3332 971 videantur,
3394 906 3439 959 si
3494 904 3659 959 simul
3707 914 3762 959 et

2176 997 2466 1052 conlertim
2500 999 2555 1053 in
2582 1014 2838 1054 unamex
2871 998 3094 1054 aciebus
3119 999 3228 1053 tuis
3262 998 3498 1064 irruant,
3550 1009 3761 1055 caetera:

2175 1089 2343 1156 acies,
2382 1090 2462 1145 vel
2509 1092 2575 1145 ad
2633 1091 3002 1162 iusequeudos
3037 1106 3155 1154 eos,
3202 1091 3285 1146 vel
3336 1091 3401 1145 ad
3448 1092 3757 1147 circumve—

2174 1182 2403 1239 mendos
2434 1183 2815 1240 instituantur.

2243 1274 2338 1329 40.
2373 1276 2618 1332 Altitudo
2650 1278 2785 1333 aciei
2814 1276 3107 1348 equestris.
3145 1277 3607 1347 quemadmodum
3662 1292 3757 1330 an-

2174 1364 2309 1435 tiqui
2361 1367 2793 1438 descripserunt,
2840 1370 2907 1424 ad
2965 1376 3204 1438 quatuor
3259 1367 3441 1423 solum
3498 1367 3745 1437 equitum

2172 1458 2513 1515 altitudinem
2544 1461 2808 1517 constitui
2834 1461 3027 1517 debet:
3057 1447 3245 1532 plures
3271 1463 3417 1516 enim
3444 1461 3490 1516 si
3520 1460 3754 1523 fuerint,

2172 1551 2376 1605 nullam
2406 1552 2691 1607 utilitatem
2720 1555 3108 1623 apportabunt.
3143 1552 3333 1625 Neque
3368 1554 3513 1609 enim
3551 1552 3749 1623 siquid

2171 1644 2405 1709 accidat,
2452 1655 2689 1716 possunt
2733 1648 3197 1717 quemadmodum
3249 1646 3481 1717 pedites,
3518 1645 3755 1717 aliquam

2171 1736 2588 1806 impressionem
2652 1738 2833 1795 facere
2892 1758 2907 1798 :
2967 1741 3025 1795 hi
3072 1741 3223 1795 enim
3284 1741 3451 1795 etiam
3513 1738 3670 1794 inviti
3726 1757 3754 1792 a

2169 1832 2526 1900 sequentibus
2569 1833 2779 1888 incitati
2823 1833 3085 1903 impetum
3143 1834 3196 1887 in
3252 1833 3442 1888 hostes
3485 1831 3696 1886 faciunt
3737 1851 3752 1885 :

2170 1923 2291 1993 equi
2318 1932 2500 1979 autem
2536 1940 2710 1994 equos
2738 1924 3076 1990 anteriores,
3104 1925 3245 1980 sicut
3276 1925 3487 1994 pedites
3519 1923 3751 1985 faciunt,

622 1997 799 2068 ὁρμὴν
839 1999 937 2055 ἐπὶ
982 2003 1051 2057 τὰ
1101 2005 1414 2075 ἔμπροσθεν
1443 2007 1681 2062 ποιοῦσι.
1733 2009 1904 2062 Τοῦτο
1950 2011 2050 2079 γὰρ

2162 1992 2444 2085 impellere
2479 1992 2601 2072 non-
2637 2028 2889 2088 possunt.
2936 2019 3126 2088 Neque
3174 1992 3491 2088 priosidium
3530 2018 3752 2087 aliquod

471 2085 706 2142 ἐπὶτῶν
757 2091 937 2157 πεζῶν
992 2094 1223 2162 γίνεται.
1276 2100 1339 2151 Oi
1370 2098 1428 2151 δὲ
1480 2100 1635 2153 ἵπποι
1686 2100 1746 2153 οὑ
1802 2099 2055 2154 δύνανται

471 2184 741 2255 προωθεῖν
772 2189 898 2252 τοὺς
927 2188 1242 2261 ἔμπροσθεν
1271 2193 1475 2258 αὑτῶν,
1513 2196 1587 2259 ὡς
1618 2196 1669 2248 οἱ
1710 2195 1889 2260 πεζοί.
1920 2194 2055 2248 Οὐδὲ

2164 2107 2342 2177 majus
2372 2109 2475 2163 erit
2502 2110 2858 2178 prazstitibus,
2896 2109 2946 2164 id
2980 2120 3065 2165 est
3095 2111 3161 2165 iis
3192 2111 3287 2179 qui
3326 2111 3378 2162 in
3433 2108 3611 2163 fronte
3642 2107 3755 2164 col-

2166 2196 2438 2264 locantur,
2473 2200 2589 2255 sive
2618 2200 2675 2254 hi
2705 2202 2999 2273 sagittarii,
3031 2204 3146 2257 sive
3182 2202 3386 2257 hastati
3422 2200 3659 2255 fuerint.

471 2280 695 2353 βοήθειά
737 2302 821 2348 τις
872 2287 1091 2354 γίνεται
1121 2291 1185 2343 ἐκ
1224 2290 1335 2344 τῶν
1379 2294 1788 2363 περισσοτέρων
1818 2294 1897 2356 εἰς
1926 2293 2054 2356 τοὺς
2091 2295 2427 2362 προστάτας,
2463 2296 2611 2351 τοῦτ’
2643 2298 2792 2352 ἐστιν
2852 2300 2979 2364 τοὺς
3015 2300 3095 2362 είς
3162 2298 3223 2352 τὸ
3265 2298 3517 2370 μέτωπον
3552 2314 3750 2353 τασσο-

476 2376 686 2446 μένους,
723 2378 824 2433 κάν
860 2394 920 2431 τε
951 2379 1168 2444 τοξόται
1197 2382 1325 2448 εἰσὶ,
1357 2381 1462 2435 κᾶν
1493 2384 1838 2454 κονταράτοι.

541 2472 652 2541 μα’.
672 2474 741 2526 Ol
766 2474 865 2545 μὲν
892 2473 1002 2545 γὰρ
1030 2478 1355 2547 κονταράτοι
1380 2480 1430 2531 oi
1461 2478 1640 2533 ὀπίσω
1662 2478 1757 2533 τοῦ
1787 2478 2053 2547 τετάρτου

464 2560 525 2613 οὑ
564 2561 823 2617 δύνανται
857 2563 1085 2633 φθάζειν
1118 2568 1200 2627 είς
1248 2568 1318 2621 τὸ
1348 2567 1686 2639 ἔμπροσθεν’
1723 2570 1772 2622 oi
1814 2568 1870 2621 δὲ
1902 2568 2053 2634 τοξό-

464 2668 555 2704 ται
584 2654 666 2717 είς
689 2653 749 2707 τὸ
775 2656 889 2710 ἄνω
909 2657 1309 2726 ἀναγκάζονται
1324 2660 1564 2727 τοξεύειν
1590 2660 1679 2714 διὰ
1706 2662 1832 2725 τοὺς
1847 2660 2055 2732 ἔμπρο-

466 2741 594 2795 σθεν
614 2744 818 2809 αὑτῶν,
842 2746 938 2800 καὶ
962 2747 1052 2801 διὰ
1079 2748 1241 2803 τοῦτο
1262 2750 1536 2821 ἄπρακτοι
1558 2750 1701 2804 κατὰ
1716 2750 1824 2803 τῶν
1841 2750 2053 2820 ἐχθρῶν

462 2839 521 2891 ἐν
554 2842 673 2904 ταῖς
700 2843 997 2912 συμϐολαῖς
1026 2845 1127 2915 τῆς
1154 2846 1335 2916 μάχης
1361 2848 1622 2916 γίνονται,
1654 2847 1732 2910 ὠς
1760 2848 1817 2899 αἱ
1845 2849 2047 2915 σαγῖτ-

459 2948 550 2986 ται
577 2934 789 3001 αὐτῶν,
815 2936 891 3000 ὡς
923 2938 960 3007 ,ἠ
994 2940 1163 3009 πεῖρα
1200 2940 1444 2994 διδάσκει
1487 2940 1584 2995 καὶ
1615 2940 1739 3004 τοὺς
1769 2939 2048 3010 ἀμφιβάλ-

459 3024 669 3093 λοντας,
704 3027 800 3082 ἐὰν
827 3028 1149 3099 βοωιωνται.

532 3118 643 3189 μβθο
682 3121 881 3193 Ἤρκει
926 3118 1045 3189 οὖν,
1078 3122 1264 3186 καθὼς
1318 3122 1575 3192 εἴπομεν,
1615 3122 1678 3175 τὸ
1729 3123 1902 3193 πάχος
1934 3122 2050 3176 τῶν

460 3212 743 3283 τεσσάρων
780 3215 1188 3289 καϐαλλαρίων.
1220 3216 1366 3271 Ἀλλ’
1388 3216 1575 3288 ἐπεεδὴ
1602 3215 1888 3286 συμϐαίνει
1916 3215 2043 3278 τοὺς

2226 2477 2322 2533 41.
2399 2474 2609 2531 Hastati
2661 2477 2809 2530 enim
2859 2477 2951 2547 qui
3017 2486 3144 2545 post
3190 2486 3455 2546 quartum
3506 2476 3748 2545 equitem

2162 2570 2497 2635 consistunt,
2528 2569 2687 2623 hasta
2718 2570 2797 2623 uti
2828 2569 2883 2622 in
2901 2570 3230 2625 anteriorem
3255 2578 3464 2639 partem
3485 2584 3592 2621 nou
3612 2584 3742 2635 pos-

2161 2669 2309 2717 sunt.
2363 2660 2641 2731 Sagittarii
2694 2670 2885 2727 autem
2935 2677 3157 2717 sursum
3206 2670 3481 2731 coguntur
3525 2660 3751 2729 sagittas

2160 2756 2365 2825 iacere,
2398 2765 2621 2823 propter
2657 2768 2754 2810 eos
2778 2753 2873 2824 qui
2908 2761 3035 2807 ante
3064 2768 3123 2811 se
3152 2752 3510 2808 consistunt:
3539 2760 3593 2805 et
3626 2751 3750 2805 ideo

2160 2846 2207 2902 si
2252 2846 2537 2901 densiores
2589 2856 2793 2912 essent,
2843 2844 3155 2901 inutiliores
3199 2845 3255 2899 in
3298 2859 3476 2915 pugna
3526 2843 3749 2898 militari

2156 2938 2369 3007 sagittae
2401 2952 2590 2992 eorum
2625 2946 2834 3003 essent,
2872 2937 3345 3006 quemadmodum
3391 2936 3748 3007 quotidianus

2155 3044 2293 3084 usus
2320 3028 2769 3099 experientiaque
2800 3028 3171 3084 demonstrat.

2223 3119 2314 3175 42.
2354 3122 2433 3177 Ac
2482 3121 2618 3176 satis
2669 3130 2815 3177 certe
2859 3131 3005 3177 esset
3052 3122 3118 3176 ad
3163 3121 3312 3176 hunc
3351 3121 3572 3175 modum
3641 3121 3740 3177 de-

2155 3218 2359 3287 scripta
2404 3217 2569 3274 nobis
2596 3228 2839 3287 quatuor
2871 3218 3119 3288 equitum
3172 3217 3428 3283 altitudo,
3461 3214 3557 3272 sed
3606 3232 3746 3287 quo-

463 3306 738 3377 ἀνδρείους
763 3310 1105 3379 στρατιώτας
1125 3309 1487 3380 ὀλιγωτέρους
1524 3308 1666 3362 κατὰ
1689 3308 1881 3379 τάγμα
1901 3308 2049 3379 εὑρίο

2155 3307 2303 3363 niam
2352 3323 2495 3378 saepe
2528 3308 2819 3379 pauciores
2857 3306 3027 3364 fortes
3070 3309 3289 3375 equites
3336 3306 3390 3361 in
3427 3306 3747 3362 cohortibus

460 3398 709 3463 σκεσθαι,
740 3397 884 3452 τοῦτ’
910 3400 1028 3454 ἐστι
1054 3402 1180 3464 τοὺς
1219 3400 1533 3471 ἔμπροσθεν
1566 3398 1889 3469 ἱσταμένους
1919 3400 2046 3461 τοὺς

460 3490 689 3554 καὶτὰς
719 3493 906 3564 χεῖρας
950 3491 1201 3561 μιγνύειν
1247 3492 1383 3563 πρὸς
1423 3492 1661 3562 πόλεμον
1709 3491 2044 3562 ὀφείλοντας.

456 3582 545 3637 διὰ
567 3583 728 3637 τοῦτο
765 3585 976 3655 πρέπον
1008 3584 1126 3637 ἐστὶ
1150 3585 1287 3656 πρὸς
1314 3585 1411 3656 τὴν
1437 3584 1669 3654 δύναμιν
1693 3583 1801 3637 τῶν
1830 3583 2048 3653 ταγμά-

458 3692 567 3729 των
593 3675 767 3740 οὑτως
802 3675 1012 3748 ὁρίζειν
1030 3677 1124 3732 καὶ
1151 3677 1213 3730 τὺ
1241 3677 1412 3749 πάχος
1440 3676 1540 3747 τῆς
1563 3676 1923 3747 παρατάξεως
1953 3676 2048 3729 αὑ-

457 3767 590 3835 τῶν,
616 3763 732 3823 οἷον
749 3785 769 3803 ο

526 3858 644 3930 μγ’.
683 3861 776 3924 Εἰς
798 3860 873 3915 τὰ
899 3860 1254 3933 ἀνδρειότεροι
1281 3859 1351 3914 τὰ
1394 3859 1492 3915 καὶ
1535 3861 1700 3929 μέσον
1729 3858 2047 3928 τασσόμενα

456 3956 712 4025 τάγματα
738 3956 824 4019 εἰς
862 3955 963 4027 τὴν
991 3956 1145 4022 τάξιν
1174 3957 1282 4027 τὴν
1312 3955 1597 4027 πρόμαχον
1626 3954 1735 4008 ἀπὸ
1768 3954 1906 4007 ἑπτὰ
1943 3971 2045 4007 κα·-

455 4046 762 4116 6αλλαρίων
804 4049 984 4103 ποιεῖν
1020 4047 1115 4101 καὶ
1148 4047 1267 4111 ἐνὸς
1311 4047 1501 4111 παιδὸς
1533 4047 1808 4118 ὑπηρέτου
1839 4045 2041 4111 αὐτῶν,

454 4139 513 4191 ὲν
541 4139 599 4194 δὲ
620 4141 684 4210 τῇ
724 4141 991 4212 ἀριστερᾷ
1016 4139 1189 4206 τάξει,
1218 4141 1277 4194 ὲν
1309 4134 1458 4214 ᾖκαὶ
1495 4141 1613 4194 ἐκεῖ
1629 4140 1878 4210 δεύτεροι
1898 4139 2043 4194 κατὰ

453 4230 552 4303 τὴν
599 4231 849 4303 ἀνδρείαν
877 4235 978 4305 τῆς
1018 4233 1315 4305 προμάχου
1345 4233 1554 4299 τάξεως
1595 4232 1873 4301 ὀφείλουσι
1905 4232 2042 4285 tria-

454 4320 644 4377 σεσθαι
665 4322 781 4376 ,ἀπὸ
817 4323 957 4377 ἑπτὰ
986 4323 1195 4394 ἀνδρῶν
1221 4324 1457 4395 ἑκάστην
1483 4322 1802 4394 δεκαρχίαν.

520 4504 628 4577 μδ’.
658 4506 828 4561 Πάλιν
854 4507 912 4560 ἓν
952 4505 1106 4578 δεξιᾷ
1130 4507 1194 4560 -ὲν
1312 4504 1408 4560 καὶ
1456 4504 1573 4557 ἐκεῖ
1605 4502 1915 4571 ίσοδὺναμοι
1950 4501 2043 4556 ἄν-

449 4599 575 4669 δρες
601 4602 700 4671 τῆς
729 4600 1026 4671 ἀριστερᾶς
1062 4598 1373 4669 ὀφείλουσιν
1406 4597 1515 4651 ἀπὸ
1561 4595 1772 4664 ἀνδρῶν
1794 4593 1860 4657 ε’,
1889 4594 1956 4647 τὰ
1983 4593 2039 4646 δὲ

449 4689 617 4744 λοιπὰ
669 4691 763 4745 καὶ
814 4690 1178 4760 ὑποδεέστερα
1230 4689 1533 4759 τάγματα,
1590 4687 1699 4741 ἀπὸ
1745 4685 1853 4757 έῆ
1906 4684 2039 4739 δέκα

449 4782 661 4854 ἀνδρῶν
691 4783 939 4853 γίνεσθαι
968 4782 1104 4856 πρὸς
1130 4782 1231 4846 τὰς
1265 4780 1563 4854 δεκαρχίας
1588 4781 1933 4850 τασσόμενα.

523 4963 623 5036 με’.
664 4965 790 5019 Ἐὰν
825 4966 1007 5035 μέντοι
1038 4964 1224 5036 συμϐῇ
1259 4965 1345 5018 ἵνα
1382 4964 1449 5017 ὲκ
1486 4962 1599 5016 τῶν
1632 4960 2038 5029 ὑποδεεστέρων

448 5056 655 5110 τούτων
693 5055 988 5125 ταγμάτων
1033 5056 1109 5117 είς
1140 5054 1239 5123 τὴν
1271 5052 1495 5125 πρώτην
1540 5049 1846 5123 παράταξιν
1866 5051 2037 5105 νέκτά-

447 5147 581 5214 ξεις,
613 5148 645 5218 ἢ
678 5146 788 5201 ἀπὸ
805 5145 875 5216 η’,
902 5146 934 5216 ἢ
965 5146 1072 5201 ἀπὸ
1091 5142 1140 5211 ι’,
1162 5146 1408 5216 ποιήσεις
1442 5144 1675 5214 ἀνδρῶν,
1706 5144 1781 5207 ὡς
1809 5141 2035 5195 ἀσθενε-

450 5240 677 5312 στέρων.
708 5240 788 5294 Τὰ
816 5240 873 5294 δὲ
918 5240 1173 5308 τάγματα
1215 5239 1282 5292 τὰ
1312 5240 1369 5292 ὲν
1398 5238 1627 5309 δευτέρᾳ
1654 5236 1805 5302 τάξει
1839 5235 2036 5289 τασσό-

452 5350 611 5403 μενα,
644 5333 739 5390 καὶ
770 5332 1031 5387 ὲπίλεκτα
1067 5332 1197 5385 ὄντα
1228 5330 1336 5385 ἀπὸ
1369 5330 1529 5383 πέντε
1549 5329 1653 5400 μὲν
1680 5328 2036 5401 στρατιωτῶν

449 5425 545 5480 καὶ
570 5424 772 5497 ἑτέρων
796 5424 1093 5495 ὑπηρετῶν
1120 5425 1201 5487 είς
1228 5423 1296 5477 τὰ
1328 5422 1553 5495 ἅρματα
1583 5423 1851 5492 ποιήσεις,
1891 5421 2035 5475 ὥστε

444 5518 579 5572 δέκα
604 5518 803 5589 ἄνδρας
842 5517 1080 5588 ἑκάστην
1112 5516 1405 5587 δεκαρχίαν
1454 5515 1623 5586 ἔχειν.
1658 5506 1819 5568 Οὗτοι
1863 5514 1919 5568 δὲ
1960 5514 2033 5580 oi,

444 5611 521 5673 ὡς
544 5613 783 5683 εἴρηται,
808 5610 1132 5682 τεταγμένοι
1158 5610 1245 5665 ἵνα
1272 5608 1685 5663 κατασταθῶσιν
1710 5608 2031 5679 ἐπιτηδείως

444 5705 522 5768 εἷς
550 5720 611 5757 τε
642 5703 947 5775 κοὺρσορας
970 5704 1069 5757 καὶ
1097 5703 1490 5774 ὲγκρύμματα.

517 5793 635 5864 μςῖ
664 5797 779 5850 Οὑκ
806 5794 951 5850 ἔστιν
993 5792 1089 5851 οὖν
1126 5796 1340 5868 πρέπον
1367 5796 1476 5850 τῶν
1502 5801 1575 5864 η’,
1608 5795 1640 5867 ἢ
1666 5798 1726 5850 τὸ
1758 5795 1892 5851 πολὺ
1916 5796 2029 5851 τῶν

442 5887 597 5954 δέκα,
647 5889 861 5960 ἀνδρῶν
899 5889 1067 5943 πλείω
1102 5890 1163 5943 τὸ
1212 5891 1382 5960 πάχος
1425 5890 1599 5943 ποιεῖν
1642 5888 1743 5959 τῆς
1775 5889 2025 5960 παρατά-

446 5978 602 6044 ξεως,
638 5981 739 6036 κᾶν
773 5979 916 6036 πάνυ
950 5982 1089 6038 εἰσὶν
1121 5980 1322 6054 ἀσθενῆ
1356 5981 1423 6036 τὰ
1451 5981 1733 6052 τάγματα,
1771 5982 1890 6038 οὐδὲ
1918 5980 2026 6037 τῶν

2152 3398 2531 3466 inveniuntur,
2565 3401 2658 3471 qui
2703 3402 2757 3456 in
2794 3401 2972 3471 prima
3004 3400 3189 3456 fronte
3219 3399 3286 3455 ad
3336 3398 3740 3467 conﬂigendum

2149 3507 2275 3548 cum
2327 3493 2579 3549 hostibus
2619 3504 2673 3548 et
2718 3509 2915 3549 manus
2967 3492 3337 3548 conserendas
3386 3491 3745 3546 committun-

2149 3591 2261 3649 tur,
2294 3591 2585 3653 propterea
2633 3599 2731 3653 par
2784 3594 2888 3647 est,
2940 3592 2998 3637 ut
3042 3598 3143 3653 pro
3177 3582 3487 3637 cohortium
3537 3582 3746 3636 viribus

2149 3677 2493 3732 altitudinem
2525 3677 2664 3732 aciei
2698 3686 2805 3733 tua:
2836 3677 3122 3735 describas
3149 3677 3215 3731 ad
3248 3676 3399 3731 hunc
3424 3675 3651 3730 modum
3680 3692 3694 3725 :

2217 3862 2308 3917 45.
2350 3862 2408 3918 In
2457 3862 2780 3921 fortioribus
2824 3866 2982 3928 locis,
3031 3874 3084 3920 et
3120 3865 3179 3920 in
3224 3864 3411 3920 medio
3458 3863 3744 3919 collocatis

2147 3953 2469 4011 cohortibus
2512 3954 2581 4009 ad
2623 3954 2798 4010 aciem
2856 3957 3164 4025 πρόμαχον,
3198 3954 3249 4009 id
3297 3963 3379 4008 est
3434 3968 3744 4024 prapugna-

2152 4044 2373 4111 tricem,
2405 4045 2473 4101 ad
2494 4061 2593 4100 sex
2630 4048 2875 4116 equitum
2906 4045 3250 4100 altitudinem
3280 4060 3377 4099 eos
3402 4044 3698 4100 collocabis
3725 4062 3739 4100 :

2145 4138 2212 4193 ad
2259 4139 2448 4193 larvam
2501 4148 2710 4209 partem
2764 4138 3211 4209 propugnatricis
3267 4137 3426 4201 aciei,
3478 4137 3739 4208 quoniam

2145 4229 2217 4285 ibi
2245 4230 2453 4287 milites
2486 4230 2809 4286 fortitudine
2847 4238 3174 4301 prmstantes
3202 4230 3439 4300 proximi
3465 4230 3739 4294 locantur,

2144 4333 2355 4393 septem
2386 4324 2634 4379 virorum
2669 4323 3019 4379 altitudinem
3068 4338 3519 4395 unamquamque
3569 4322 3740 4378 decu-

2144 4418 2281 4471 riam
2313 4416 2580 4472 iustrues.

2213 4510 2304 4566 44.
2337 4510 2418 4564 Ad
2448 4510 2697 4566 dextram
2734 4523 2981 4576 rursum,
3005 4507 3095 4563 ubi
3124 4508 3241 4578 pari
3281 4506 3607 4563 fortitudine
3633 4506 3738 4563 viri

2143 4603 2507 4667 collocantur,
2545 4618 2609 4657 ac
2646 4602 2703 4657 in
2745 4602 2937 4656 laevam
2977 4609 3188 4671 partem
3225 4611 3386 4656 antea
3429 4600 3737 4656 constitue-

2144 4698 2344 4753 bantur
2372 4708 2496 4752 oclo
2528 4697 2743 4766 equites
2775 4695 3161 4751 collocantur:
3203 4695 3451 4764 reliquae,
3483 4701 3537 4747 et
3578 4691 3737 4746 debie

2143 4792 2307 4846 liores
2336 4791 2595 4846 cohortes
2641 4806 2709 4845 ex
2742 4798 2888 4854 octo,
2923 4799 3016 4843 aut
3045 4788 3233 4844 decem
3268 4787 3401 4842 .viris
3430 4802 3526 4856 per
3563 4786 3737 4841 decu-

2141 4882 2253 4938 rias
2284 4885 2649 4940 instruantur.

2212 4976 2304 5031 45.
2347 4974 2442 5030 Sin
2472 4975 2756 5044 contingat
2782 4989 2852 5027 ex
2888 4970 3262 5031 deterioribus
3304 4970 3633 5026 colmrtibus
3677 4972 3732 5024 in

2144 5068 2315 5137 prima
2339 5067 2459 5121 acie
2489 5065 2772 5127 collocari,
2807 5064 2872 5118 ad
2907 5071 3033 5118 octo
3068 5062 3151 5116 vel
3179 5062 3367 5117 decem
3401 5062 3622 5117 illorum
3656 5064 3735 5117 vi-

2142 5177 2328 5215 rorum
2351 5159 2695 5214 altitudinem
2721 5156 3093 5211 instruantur.
3113 5155 3381 5209 tiohortes
3403 5164 3584 5209 autem
3609 5171 3735 5222 qua:

2140 5254 2194 5308 in
2231 5252 2473 5309 secunda
2499 5251 2618 5307 acie
2646 5249 3011 5314 collocantur,
3042 5263 3105 5301 ex
3137 5247 3331 5303 electis
3357 5247 3603 5316 quinque
3624 5246 3731 5300 Hii-

2139 5344 2351 5411 litibus,
2374 5350 2429 5397 et
2458 5342 2582 5396 aliis
2604 5340 2849 5411 quinque
2879 5337 3246 5401 administris,
3272 5338 3337 5392 ad
3367 5352 3568 5393 currus
3594 5352 3735 5392 eon-

2139 5435 2460 5499 servandos,
2484 5434 2686 5489 cllicies
2717 5441 2777 5487 ut
2801 5433 2989 5488 decem
3023 5431 3174 5485 viros
3198 5446 3544 5501 unaquaeque
3565 5430 3728 5486 deco-

2138 5527 2219 5581 ria
2262 5528 2559 5582 conti-neat.
2609 5526 2675 5581 Hi
2722 5534 2905 5579 autem
2946 5526 3026 5580 sic
3075 5524 3363 5590 instructi,
3416 5522 3628 5579 idoneis
3674 5523 3729 5577 in

2141 5617 2279 5673 locis
2307 5615 2739 5672 constituantur.

2207 5798 2295 5853 46.
2332 5798 2411 5853 Ad
2456 5813 2714 5853 cursores
2758 5804 2811 5851 et
2862 5794 3092 5851 insidias
3143 5793 3289 5848 nulla
3347 5791 3559 5846 ratione
3598 5792 3725 5862 plus

2137 5888 2323 5945 decem
2354 5888 2598 5942 virorum
2632 5887 2923 5941 altitudine
2952 5886 3101 5939 acies
3131 5887 3496 5948 instruantur,
3523 5896 3723 5950 quam-

2140 5980 2218 6036 \'is
2255 5978 2554 6037 admodum
2600 5979 2905 6037 imbecilles
2952 5978 3210 6034 cohortes
3264 5972 3509 6030 fuerim:
3543 5987 3722 6041 neque
