4090 6506
331 500 440 564 819

1593 505 1786 565 LEON
1796 505 1865 564 IS
1904 501 2364 564 PHILOSOPHI

3505 497 3609 562 820

336 637 400 672 ex
427 619 616 676 electis
639 619 955 675 cohortibus
981 619 1266 690 pauciores
1285 621 1526 689 quinque
1554 620 1702 674 viris.
1726 621 1917 688 Itaque

2026 618 2184 674 πέντε
2236 622 2619 692 ὀλιγωτέρους,
2667 618 2793 672 ὅσον
2840 619 2904 673 ἄν
2954 619 3092 670 εἰσιν
3123 615 3404 669 ὲπίλεκτα.
3443 615 3607 667 Ὥστε

335 710 403 764 ad
439 711 583 766 hunc
620 711 838 766 modum
871 712 1064 766 idonee
1100 711 1424 768 dividendus
1457 712 1553 766 tibi
1593 723 1676 767 est
1707 711 1917 765 exerci-

343 813 449 866 tus,
476 811 531 856 ct
554 802 868 858 altitudines
892 803 1134 858 acicrum
1161 803 1550 870 describendae,
1575 804 1820 874 nihilque
1850 804 1918 859 de

339 890 717 960 longitudine,
762 900 816 946 et
848 906 1074 947 numero
1117 895 1418 963 praestitum
1440 933 1455 961 ,
1490 904 1584 950 aut
1622 909 1913 966 perparum

335 982 736 1038 detrahendum
767 995 873 1041 est.

404 1163 493 1216 47.
521 1162 576 1217 Si
601 1165 746 1218 enim
775 1167 842 1220 ad
866 1165 1055 1223 decem
1084 1169 1326 1223 virorum
1349 1169 1687 1223 altitudinem
1718 1170 1916 1226 cohor-

335 1266 416 1310 tes
464 1257 750 1314 universas
806 1263 921 1330 pari
975 1262 1140 1316 modo
1169 1263 1516 1326 instruxeris,
1561 1263 1629 1318 ab
1676 1263 1913 1318 hostium

336 1349 778 1416 speculatoribus
813 1351 1335 1413 facilehumerabile
1364 1355 1659 1409 exercitum
1693 1354 1910 1422 ellicies,

272 1433 276 1436 ’
336 1437 669 1505 praestitibus
702 1442 1028 1506 numeratis,
1065 1443 1379 1499 universum
1413 1446 1688 1500 exercitus
1719 1462 1913 1502 nume-

339 1543 459 1581 rum
488 1530 794 1601 colligendo
824 1549 838 1586 :
870 1534 1015 1602 quod
1045 1533 1272 1589 minime
1302 1535 1556 1592 hostibus
1579 1536 1914 1608 patefacien-

337 1622 466 1673 (Eum
501 1629 602 1676 Cal.

407 1714 497 1767 48.
532 1713 643 1769 llac
674 1718 1026 1786 proportione
1067 1728 1122 1773 et
1165 1719 1536 1775 moderatione
1569 1731 1910 1787 conservata,

337 1806 482 1874 quod
540 1806 809 1876 reliquum
868 1818 1118 1878 superest
1173 1811 1449 1866 exercitus
1501 1814 1553 1866 in
1613 1815 1910 1869 secundam

337 1896 508 1950 aciem
542 1895 933 1952 conferendum
958 1911 1059 1955 est.

410 1987 501 2043 49.
538 1987 860 2046 Mandamus
888 2002 1067 2046 autem
1096 2000 1156 2047 ut
1188 1995 1546 2050 contubernia
1582 1997 1814 2052 militum
1846 2014 1914 2053 ex

339 2080 643 2150 majoribus
688 2084 1102 2155 minoribusque
1158 2094 1290 2141 natu
1349 2097 1497 2143 certa
1569 2092 1919 2159 proportione

341 2175 496 2240 tiant,
529 2189 598 2229 ne
633 2189 794 2231 senes
828 2191 924 2245 per
952 2192 1011 2232 se
1037 2178 1321 2243 collocati,
1365 2180 1566 2235 intirmi
1606 2182 1920 2252 debilesque

341 2264 502 2330 liant,
543 2279 720 2334 neque
759 2261 1220 2344 adoLeSCentiores
1271 2273 1572 2340 perturbati
1627 2283 1792 2343 atque
1836 2275 1921 2328 itt-

339 2356 671 2425 tracta_biles,
704 2374 897 2430 nempe
925 2361 1185 2431 imperiti,
1215 2363 1582 2420 inveniantur.
1828 2423 1835 2429 ,

415 2446 504 2502 50.
541 2449 726 2504 Aciem
760 2458 908 2505 tuam
940 2451 1170 2507 adhunc
1198 2455 1419 2508 modum
1457 2457 1696 2511 armabis
1724 2476 1737 2512 :
1773 2457 1920 2511 Prae-

340 2540 522 2593 stitem
550 2540 740 2608 primae
773 2541 931 2606 aciei,
952 2552 1005 2597 et
1035 2545 1129 2614 qui
1158 2545 1233 2598 illi
1263 2548 1512 2614 proxime
1539 2548 1717 2604 adstat
1746 2549 1920 2604 adsti-

344 2637 451 2682 Iem
489 2631 605 2685 sive
645 2632 950 2688 secundum
971 2674 985 2700 ,
1013 2643 1066 2689 et
1094 2639 1324 2691 extremi
1359 2639 1702 2694 contubernii
1735 2651 1922 2696 custo-

341 2719 487 2782 dem,
512 2736 678 2792 quem
727 2723 982 2797 οὐραγὸν,
1019 2727 1073 2780 id
1105 2736 1191 2782 est
1219 2729 1545 2785 ultimanum
1577 2731 1690 2785 sive
1718 2733 1921 2788 cauda-

343 2827 476 2866 uum
509 2816 812 2882 nominant,
839 2818 1084 2874 hastatos
1112 2818 1280 2876 facies
1311 2837 1433 2877 cum
1461 2823 1668 2893 reliqua
1703 2824 1920 2879 illorum

341 2916 622 2962 armatura
649 2925 664 2962 :
697 2909 938 2979 reliquos
965 2925 1155 2967 omnes
1186 2914 1238 2966 in
1269 2914 1448 2969 medio
1470 2914 1687 2970 illorum
1714 2917 1922 2972 consti-

343 3006 508 3064 tutos,
539 3000 630 3067 qui
682 3001 911 3071 sagittas
933 3003 1117 3074 jacere
1156 3004 1354 3071 sciant,
1393 3007 1511 3061 sine
1550 3007 1722 3063 hastis
1749 3009 1924 3066 collo-

345 3091 519 3146 callis.
549 3091 737 3164 Neque
773 3095 918 3149 enim
954 3099 1244 3153 commode
1277 3113 1466 3154 arcum
1513 3099 1713 3156 ducere
1745 3110 1924 3170 potest

341 3200 406 3238 ex
466 3201 640 3256 equo,
684 3187 815 3242 laeva
861 3198 1072 3243 scutum
1115 3198 1307 3246 tenens
1357 3198 1412 3246 et
1447 3207 1658 3247 arcum.
1707 3194 1800 3249 Sin
1844 3196 1924 3251 sic

1941 1960 1988 2020 B

2020 712 2231 783 πρέπον
2286 715 2402 766 ἐστὶ
2450 712 2592 767 κατὰ
2644 711 2736 766 τὸν
2784 709 3077 782 εἰρημένον
3129 707 3332 778 τρόπον
3385 707 3479 759 καὶ
3507 705 3608 775 τὴν

2017 802 2274 872 τοιαύτην
2304 803 2570 873 διαίρεσιν
2599 801 2910 874 ἀρκούντως
2941 799 3036 852 καὶ
3065 798 3134 852 τὰ
3161 797 3301 869 βάθη
3332 797 3500 869 ἤγουν
3535 796 3608 848 τά

2018 895 2167 965 πάχη
2193 894 2301 948 τῶν
2327 895 2689 965 παρατάξεων
2713 893 2980 960 γίνεσθαι,
3023 891 3117 945 καὶ
3159 889 3294 962 μηδὲ
3330 889 3392 942 τὸ
3427 890 3605 959 μῆκος

2016 985 2182 1054 ήγουν
2237 985 2328 1038 τὸν
2381 985 2613 1055 ἀριθμὸν
2650 982 2757 1038 τῶν
2807 980 3336 1054 πρωτοστατούντων
3379 978 3600 1047 ὀλιγοῦ-

2018 1076 2141 1130 σθαι
2174 1077 2332 1134 πολύ.

2033 1193 2037 1198 ·
2090 1168 2197 1238 μζ.
2253 1169 2376 1222 Ἐάν
2421 1169 2530 1241 γὰρ
2580 1168 2688 1224 ἀπὸ
2729 1167 2862 1221 δέκα
2909 1166 3120 1236 ἀνδρῶν
3162 1164 3224 1218 τὸ
3274 1165 3447 1234 πάχος
3497 1163 3610 1216 τῶν

2015 1263 2312 1332 ταγμάτων
2353 1261 2490 1314 ὅλων
2539 1264 2595 1314 ὲν
2633 1260 2732 1330 ίσῳ
2784 1261 2968 1330 μέτρῳ
2998 1257 3203 1325 τάξεις.
3239 1255 3484 1327 εὐχερῶς
3511 1256 3610 1308 καὶ

2019 1353 2300 1423 συντόμως
2357 1353 2462 1407 ὑπὸ
2511 1352 2618 1405 τῶν
2677 1351 3041 1405 κατασκόπων
3098 1349 3193 1402 καὶ
3243 1347 3351 1401 τῶν
3395 1345 3610 1418 ἐχθρῶν

2015 1442 2370 1514 ἀριθμεῖσθαι
2403 1444 2651 1514 ποιήσεις
2677 1442 2764 1495 διὰ
2795 1442 2904 1495 τῶν
2929 1440 3326 1513 πρωτοστατῶν
3358 1440 3481 1492 ελον
3511 1456 3608 1491 σου

2015 1535 2106 1588 τὸν
2146 1535 2395 1606 στρατὸν,
2430 1534 2563 1604 ὅπερ
2596 1535 2656 1586 οὐ
2692 1532 2808 1586 δέον
2837 1533 3130 1602 μανθάνειν
3157 1531 3285 1594 τοὺς
3311 1527 3568 1599 ἐχθρούς.

2087 1719 2198 1790 μη’.
2230 1721 2340 1790 Τῆς
2359 1719 2416 1772 δὲ
2457 1718 2757 1789 εἰρημένης
2799 1717 2930 1787 ἡμῖν
2957 1713 3274 1783 ἀναλογίας,
3310 1713 3478 1783 ἢγουν
3512 1711 3609 1766 τοῦ

2018 1812 2238 1882 μέτρου,
2276 1810 2686 1880 φυλαττομένης
2716 1811 2779 1861 ὲκ
2799 1808 2892 1861 τοῦ
2927 1806 3348 1876 περισσεύοντος
3371 1805 3606 1876 στρατοῦ

2013 1903 2114 1972 τήν
2141 1903 2401 1970 δευτέραν
2438 1901 2801 1970 καταστήσεις
2833 1899 3007 1964 τάξιν.

2094 1993 2202 2064 μθ’.
2261 1994 2570 2064 Κελεύομεν
2613 1991 2669 2044 δέ
2699 2008 2781 2044 σοι
2821 1995 2916 2044 καὶ
2963 1991 3033 2045 τὰ
3083 1989 3471 2061 κοντουόέρνια
3499 1988 3612 2041 τῶν

2023 2086 2370 2160 στρατιωτῶν
2411 2084 2517 2137 ἀπὸ
2548 2082 2791 2136 παλαιῶν
2831 2081 2924 2135 καὶ
2968 2081 3103 2136 νέων
3135 2081 3384 2150 γίνεσθαι
3411 2081 3609 2135 ἀναλό-

2021 2200 2155 2252 γως,
2185 2181 2271 2233 ἵνα
2325 2179 2398 2249 μὴ
2426 2179 2474 2230 oi
2521 2176 2741 2230 παλαιοὶ
2775 2175 2928 2245 μόνοι
2957 2173 3282 2245 τασσόμενοι
3314 2174 3435 2228 καθ’
3469 2175 3601 2227 ἐαυ-

2019 2275 2146 2336 rei);
2176 2271 2420 2332 ἀσθενεῖς
2456 2271 2614 2332 εἰσιν,
2651 2268 2786 2338 μηδὲ
2827 2269 2876 2320 οἱ
2908 2265 3160 2335 νεώτεροι
3195 2266 3420 2321 ἄτακτοι
3450 2267 3610 2336 εὑρε-

2022 2365 2187 2419 θῶσιν
2209 2364 2282 2425 ώς
2311 2363 2551 2430 ἄπειροι.
3135 2363 3138 2369 “

2089 2455 2150 2510 ν’.
2216 2454 2491 2516 Ὀπλίσεις
2541 2454 2596 2507 δὲ
2625 2453 2724 2523 τὴν
2763 2453 3069 2522 παράταξιν
3120 2453 3326 2515 οὕτως·
3376 2453 3467 2506 τὸν
3509 2452 3610 2523 μὲν

2023 2548 2416 2619 πρωτοστάτην
2469 2545 2570 2609 τῆς
2623 2543 2850 2616 πρώτης
2911 2545 3142 2612 τάξεως,
3198 2547 3291 2599 καὶ
3340 2545 3434 2598 τὸν
3472 2547 3610 2614 μετὰ

2023 2643 2231 2695 ἐκεῖνον
2280 2639 2587 2709 ἱστάμενον,
2623 2637 2766 2691 τοῦτ’
2816 2637 2932 2691 ἐστι
2981 2637 3074 2691 τὸν
3109 2639 3386 2709 δεύτερον,
3421 2638 3499 2692 ἔτι
3553 2638 3610 2691 δὲ

2023 2730 2120 2784 καὶ
2150 2729 2243 2783 τὸν
2277 2729 2486 2782 ἑστῶτα
2515 2728 2690 2781 ὀπίσω
2730 2728 2970 2793 πάντων,
2999 2729 3169 2799 ήγουν
3220 2728 3313 2782 τὸν
3349 2728 3608 2797 οὐραγὸν,

2023 2823 2392 2892 κονταράτους
2419 2823 2666 2893 ποιήσεις
2692 2819 2830 2890 μετὰ
2848 2821 2949 2890 τῆς
2976 2822 3172 2889 λοιπῆς
3205 2821 3384 2876 αὐτῶν
3400 2821 3612 2888 ἐξοπλί-

2025 2933 2160 2979 σεως
2181 2932 2196 2946 ·
2225 2917 2352 2978 τοὺς
2385 2915 2441 2968 δὲ
2465 2915 2686 2977 λοιποὺς
2718 2915 2930 2978 πάντας
2959 2915 3087 2979 τοὺς
3114 2916 3172 2970 ὲν
3205 2916 3354 2985 μέσῳ
3386 2914 3612 2969 ἐκείνων

2023 3007 2410 3079 τασσομένους,
2441 3007 2557 3060 ὅσοι
2591 3006 2832 3072 τοξεύειν
2861 3007 3061 3073 οἴδασι,
3097 3007 3268 3076 χωρὶς
3309 3007 3612 3078 κονταρίων

2024 3099 2162 3154 εἶναι
2196 3101 2462 3172 ποιήσεις.
2501 3099 2636 3153 Οὐδὲ
2667 3099 2776 3170 γάρ
2808 3099 3034 3153 δυνατόν
3083 3102 3199 3153 ἐστι
3239 3099 3470 3164 δεόντως
3511 3116 3612 3152 πε-

2026 3193 2235 3265 ριάγειν
2265 3191 2388 3245 τινὰ
2415 3190 2569 3256 τόξον
2600 3191 2785 3245 ἐπάνω
2813 3191 3006 3256 ἵππου,
3033 3191 3130 3245 ἐὰν
3160 3193 3218 3244 ὲν
3243 3194 3308 3264 τῇ
3349 3194 3616 3264 ἀριστερᾷ

342 3286 664 3332 exerceatur
699 3281 887 3343 miles,
915 3288 974 3335 ιιι
995 3281 1214 3351 quando
1254 3284 1480 3354 sagittas
1520 3285 1682 3354 jacit,
1707 3302 1735 3339 a
1770 3296 1921 3358 tergo

2026 3285 2186 3339 αὐτοῦ
2216 3285 2310 3338 καὶ
2344 3284 2404 3337 τὸ
2439 3282 2730 3353 σκουτάριν
2787 3285 2992 3353 κατέχῃ
3024 3282 3120 3337 καὶ
3161 3283 3223 3336 τὸ
3262 3282 3434 3351 τόξον.
3471 3286 3534 3338 Εί
3555 3285 3614 3338 δὲ

343 3377 466 3438 apte
495 3369 752 3440 conjiciat
794 3380 1041 3441 scutum,
1077 3389 1422 3446 nequaquam
1471 3377 1574 3432 hoc
1613 3378 1802 3435 inutile
1835 3380 1920 3435 vi-

343 3460 585 3517 deretur.

415 3645 505 3700 51.
539 3645 618 3701 Ad
652 3647 768 3703 haec
798 3650 1165 3707 constituendi
1195 3652 1292 3708 abs
1321 3660 1374 3708 te
1396 3652 1665 3724 despotati
1697 3658 1920 3725 quidam

346 3744 476 3789 sunt
501 3737 566 3791 ad
597 3738 831 3806 primam
865 3741 1036 3796 aciem
1068 3742 1356 3812 diligenter
1380 3745 1797 3812 observandam,
1828 3748 1921 3816 qui

345 3828 713 3884 saueiatorum
756 3831 808 3883 in
850 3833 1049 3902 prmlio
1084 3849 1274 3889 curam
1321 3836 1576 3892 habeant.
1611 3838 1692 3890 Ad
1725 3855 1922 3892 unam-

345 3935 620 3990 quamque
641 3923 925 3979 cohortem
948 3935 1094 3990 octo,
1120 3937 1214 3982 aut
1236 3929 1418 3984 decem
1445 3930 1591 3986 viros
1619 3933 1922 3988 constitues

345 4014 514 4083 agiles
544 4025 708 4086 atque
746 4019 1050 4088 expeditos,
1084 4021 1200 4076 sine
1228 4025 1422 4088 armis,
1459 4025 1551 4093 qui
1581 4034 1800 4080 centum
1832 4042 1924 4097 pe-

344 4105 475 4158 dum
517 4106 808 4164 intervallo
846 4127 975 4168 suas
1021 4113 1266 4183 ipsorum
1309 4115 1569 4173 cohortes
1598 4127 1921 4189 sequantur,

347 4207 406 4252 ut
430 4214 524 4254 eos
548 4200 642 4269 qui
675 4203 816 4256 inter
844 4204 1217 4260 dimicandum
1256 4210 1492 4276 graviter
1521 4224 1584 4264 ac
1620 4212 1926 4279 periculose

346 4292 684 4356 sanciantur,
713 4308 919 4364 eosque
953 4297 1045 4366 qui
1069 4313 1136 4352 ex
1163 4299 1324 4369 equis
1353 4301 1613 4356 cadentes
1649 4315 1921 4373 pugnant,

345 4393 398 4437 ct
428 4383 638 4453 seipsos
672 4386 864 4441 iterum
892 4389 1146 4458 colligere
1176 4401 1470 4459 nequeant,
1519 4403 1839 4461 recnperent
1874 4405 1928 4450 et

347 4483 696 4537 conservent,
735 4484 788 4528 ut
821 4491 888 4529 ne
907 4477 1114 4530 strenui
1148 4479 1346 4533 milites
1372 4495 1401 4534 a
1425 4482 1662 4536 secunda
1689 4486 1806 4538 acie
1829 4485 1926 4541 ad-

351 4569 565 4617 ventate
601 4564 1012 4631 conculrentur,
1057 4575 1110 4621 et
1157 4569 1481 4638 negligentia
1524 4573 1758 4639 quadam
1809 4574 1924 4645 jam

2026 3375 2315 3446 γυμνασθῇ
2368 3376 2396 3428 ὁ
2423 3372 2772 3445 στρατιώτης
2799 3372 2939 3427 ὥστε
2971 3373 3134 3444 ήνίκα
3160 3374 3368 3438 τοξεύει
3397 3375 3615 3444 εὐφυῶς

2025 3468 2234 3538 πέμπει
2286 3465 2346 3519 τὸ
2401 3465 2747 3536 σκουτάριον,
2799 3465 2919 3518 οὐδὲ
2964 3466 3125 3520 τοῦτο
3175 3464 3449 3537 ἄχρηστον
3480 3468 3618 3536 ἡμῖν

2025 3559 2447 3628 καταφαίνεται.

2095 3649 2192 3704 να’.
2237 3650 2381 3721 Πρὸς
2405 3649 2616 3713 τούτοις
2651 3649 2949 3721 κελεύομέν
2983 3667 3084 3714 σοι,
3114 3644 3159 3703 ὧ
3194 3652 3491 3722 στρατηγὲ,
3525 3650 3614 3704 ῖνα

2024 3743 2293 3815 ἀφορίσῃς
2322 3743 2414 3796 καὶ
2457 3742 2692 3813 μάλιστα
2738 3743 2817 3805 εἰς
2849 3741 2948 3810 τὴν
2993 3742 3277 3812 πρόμαχον
3309 3743 3614 3816 παράταξιν

2024 3835 2152 3898 τοὺς
2185 3833 2510 3906 λεγομένους
2556 3833 2942 3898 δεσποτάτους,
2988 3834 3134 3886 τοῦτ’
3180 3833 3295 3887 ἔστι
3327 3835 3451 3898 τοὺς
3499 3836 3616 3886 em-

2030 3927 2270 3999 μελητὰς
2319 3927 2429 3980 τῶν
2484 3927 3010 3997 τραυματιζομένων
3065 3927 3435 3996 στρατιωτῶν.
3503 3928 3616 3980 Καὶ

2026 4021 2388 4088 καταστήσεις
2410 4019 2554 4072 ὀκτὼ
2583 4019 2616 4089 ἢ
2653 4019 2786 4072 δέκα
2835 4013 3036 4087 ἄνδρας
3071 4019 3193 4072 καθ’
3224 4019 3456 4071 ἕκαστον
3485 4017 3622 4087 βάν..

2026 4111 2115 4165 δον
2146 4112 2214 4164 ἐκ
2259 4109 2353 4164 τοῦ
2401 4110 2566 4164 αὐτοῦ
2617 4111 2897 4180 τάγματος
2932 4109 3207 4180 ἐλαφροὺς
3257 4111 3350 4163 καὶ
3384 4112 3618 4180 γοργοὺς

2027 4203 2155 4258 ἄνευ
2186 4205 2374 4269 ὅπλου,
2417 4205 2544 4266 τοὺς
2567 4203 2881 4272 ὀφείλοντας
2911 4201 3134 4255 ὄπισθεν
3170 4201 3245 4265 ὡς
3275 4201 3384 4254 ἀπὸ
3422 4201 3618 4255 ἑκατὸν

2029 4296 2206 4350 ποδῶν
2233 4298 2346 4359 τοῖς
2391 4295 2544 4358 ἰδίοις
2581 4295 2861 4364 τάγμασιν
2892 4294 3232 4360 ἀκολουθεῖν,
3269 4295 3358 4348 ἵνα
3399 4296 3525 4358 τοὺς
3557 4296 3624 4348 έν¹

2027 4392 2147 4454 ταῖς
2174 4389 2515 4460 συμπλοκαῖς
2545 4387 2639 4442 τοῦ
2676 4388 2938 4459 πολέμου,
2983 4390 3058 4453 ὡς
3086 4388 3350 4450 πολλάκις
3379 4388 3613 4456 γίνεται.

2028 4481 2568 4554 τραυματιζομένους
2604 4480 2981 4545 ἐπικινδύνως,
3018 4481 3052 4550 ἢ
3102 4480 3478 4543 ἐκπίπτοντας
3510 4479 3618 4532 άπὸ

2030 4575 2138 4629 τῶν
2171 4575 2371 4635 ἵππων,
2401 4573 2498 4627 καὶ
2530 4573 2605 4642 μὴ
2639 4572 2977 4641 δυναμένους
3011 4572 3620 4643 μάχεσθαι,ἀναλέγων-

350 4653 615 4711 vulnerati
647 4655 1053 4712 iuterimantur.
1091 4658 1238 4729 lique
1263 4661 1529 4731 despotati
1566 4639 1923 4736 quotcunque

2029 4683 2121 4719 ται
2143 4664 2238 4719 καὶ
2268 4663 2682 4736 περιποιῶνται,
2711 4663 2796 4718 ἵνα
2842 4664 2918 4735 μὴ
2945 4663 3371 4717 καταπατῶνται
3392 4663 3498 4715 ὑπὸ
3516 4662 3620 4731 τῆς

350 4749 816 4816 conservaverint,
846 4765 874 4804 a
905 4759 1178 4820 qumstore
1213 4752 1423 4822 imperii
1461 4755 1635 4810 nostri
1675 4772 1775 4826 pro
1809 4761 1926 4814 sin-

352 4839 494 4910 gulis
525 4842 788 4898 militibus
817 4845 1155 4900 conservatis
1185 4845 1708 4902 habeant-mimum.

2031 4759 2294 4829 δευτέρας
2326 4755 2684 4828 παρατάξεως
2727 4757 2778 4809 oi
2829 4755 3045 4824 ἀληθῶς
3076 4757 3313 4822 γενναῖοι
3348 4755 3620 4824 στρατιῶη

2028 4871 2137 4921 ται,
2169 4851 2263 4905 καὶ
2289 4851 2354 4903 ὲκ
2391 4850 2491 4920 τῆς
2521 4846 2818 4917 ὀλιγωρίας
2850 4847 2960 4900 τῶν
3010 4846 3342 4918 τραυμάτων
3376 4845 3622 4915 διαφθείο

352 4950 588 5004 ρωνται,
618 4937 712 4990 καὶ
746 4937 832 4991 ἵνα
875 4941 922 4992 οἱ
951 4938 1306 5004 διασώζοντες
1333 4941 1529 5003 αὐτοὺς
1573 4941 1924 5012 λαμϐάνωσιν
1963 4948 2102 5019 ὑπὲρ
2139 4943 2332 5017 μισθοῦ
2369 4941 2477 4998 ἀπὸ
2508 4940 2602 4994 τοῦ
2653 4940 2903 5011 ταμιείου
2946 4943 3044 5012 τῆς
3119 4939 3396 5011 βασιλείας
3463 4939 3619 5010 ήμῶν

352 5029 495 5081 κατὰ
546 5028 643 5082 ἕνα
699 5029 928 5085 ἕκαστον
970 5033 1311 5104 στρατιώτην
1348 5017 1746 5105 διασώζόμενον
1789 5041 1920 5108 παρ’
1959 5041 2136 5094 αὐτῶν
2165 5040 2406 5108 νόμισμα
2439 5034 2518 5088 ἓν.

424 5123 513 5177 52.
536 5120 698 5178 Tales
718 5123 932 5189 deinde,
956 5134 1244 5196 postquam
1275 5129 1416 5183 versi
1447 5128 1497 5181 in
1524 5125 1706 5198 fugam
1741 5131 1928 5187 hostes

354 5215 576 5281 fuerint,
617 5225 671 5272 et
702 5217 944 5273 secunda
977 5220 1120 5274 acies
1151 5221 1449 5286 transierit,
1487 5221 1684 5290 spolia,
1719 5237 1842 5291 quae
1874 5223 1929 5278 in

352 5309 546 5379 primae
574 5308 998 5366 conﬂictationis
1027 5313 1146 5367 loco
1176 5313 1391 5368 inventa
1424 5311 1662 5375 fuerint,
1704 5329 1931 5385 congre-

354 5409 512 5470 gent,
547 5410 602 5455 et
640 5402 1002 5471 praestitibus,
1046 5403 1161 5458 sive
1199 5405 1541 5459 contubernii
1579 5405 1662 5459 sui
1711 5405 1932 5461 decanis

354 5503 478 5566 post
512 5495 822 5552 conlectum
852 5497 1098 5567 praelium
1136 5499 1355 5552 tradant
1385 5515 1397 5551 :
1434 5499 1591 5567 cujus
1626 5497 1834 5553 laboris
1881 5507 1937 5552 et

358 5590 458 5659 ipsi
485 5607 703 5660 quoque
723 5591 961 5660 aliquam
991 5591 1296 5646 mercedem
1323 5591 1579 5644 habeant.
1605 5589 1759 5644 Hanc
1787 5590 1931 5644 enim

360 5695 538 5733 rerum
567 5680 910 5736 fortuitarum
934 5682 1266 5751 praestitibus
1285 5682 1338 5735 in
1362 5681 1504 5737 bello
1525 5679 1936 5750 prmrogativam

358 5769 561 5836 justam
608 5786 772 5841 atque
824 5775 1074 5828 idoneam
1124 5792 1244 5830 csse
1292 5775 1657 5839 arbitramur,
1705 5775 1834 5845 quia
1881 5774 1933 5828 in

364 5861 536 5928 prima
577 5864 698 5916 belli
737 5865 1138 5919 conﬂictatione
1185 5868 1421 5920 maxima
1459 5867 1698 5934 pericula
1741 5873 1794 5920 el
1821 5867 1934 5919 dis-

369 5950 598 6005 crimina
636 5953 886 6007 subruat.
934 5955 1040 6009 llac
1081 5973 1143 6010 ex
1178 5973 1232 6011 re
1275 5957 1386 6011 ha'c
1423 5967 1681 6025 ιπιυιιςιριι
1731 5957 1936 6013 utilitas

2104 5130 2201 5202 νβ’.
2242 5127 2374 5183 Εἶτα
2403 5128 2460 5180 δὲ
2512 5129 2560 5180 οἱ
2600 5124 2833 5179 τοιοῦτοι
2867 5124 3005 5195 μετὰ
3056 5123 3114 5176 τὺ
3163 5123 3444 5193 τραπῆναι
3493 5122 3622 5182 τοὺς

2032 5227 2280 5298 ἐχθροὺς,
2340 5223 2433 5276 καὶ
2485 5219 2776 5291 παρελθεῖν
2823 5219 2922 5288 τὴν
2970 5217 3231 5287 δευτέραν
3285 5215 3617 5285 παράταξιν,

2034 5321 2150 5373 τότε
2181 5318 2248 5371 τὰ
2275 5314 2447 5369 σκῦλα
2477 5316 2545 5368 τὰ
2576 5313 2942 5383 εὑρισκόμενα
2973 5311 3030 5363 ἐν
3051 5309 3128 5380 τῷ
3153 5310 3305 5379 τόπῳ
3343 5309 3442 5378 τῆς
3471 5308 3620 5378 πρώ-

2035 5427 2134 5479 της
2163 5406 2438 5478 συμβολῆς
2477 5406 2631 5458 αὐτοὶ
2675 5402 2992 5470 συνάγουσι,
3029 5403 3124 5454 καὶ⁹
3174 5403 3285 5462 τοῖς
3332 5399 3619 5469 δεκάρχοις

2037 5502 2203 5573 ήγουν
2227 5502 2339 5560 τοῖς
2389 5495 2798 5568 πρωτοστάταις
2844 5493 2938 5545 τοῦ
2985 5493 3115 5545 ἰδίου
3161 5491 3441 5562 τάγματος
3481 5492 3620 5560 μετὰ

2039 5593 2098 5646 τὸ
2157 5591 2383 5660 λυθῆναι
2420 5587 2518 5656 τὴν
2575 5587 2756 5658 μάχην
2805 5584 3137 5656 παρέχουσιν
3173 5583 3330 5638 αὐτά.
3394 5581 3628 5651 Λαμϐάο-

2041 5695 2190 5731 νουσι
2215 5677 2272 5730 δὲ
2305 5677 2396 5730 καὶ
2431 5675 2585 5728 αὐτοὶ
2613 5674 2753 5742 ὑπὲρ
2787 5672 2976 5726 τούτου
3015 5673 3164 5742 παρὰ
3202 5671 3313 5725 τῶν
3335 5671 3620 5742 δεκάρχων

2044 5771 2121 5832 εἰς
2153 5765 2503 5836 παραμυθίαν
2549 5763 2728 5818 αὐτῶν
2761 5763 2956 5834 μοῖράν
2995 5779 3136 5817 τινα.
3167 5762 3338 5816 Τοῦτο
3369 5763 3478 5830 γάρ
3507 5764 3620 5824 τοῖς

2046 5859 2452 5931 πρωτοστάταις
2483 5859 2540 5910 ἐν
2571 5858 2688 5918 ταῖς
2716 5856 2922 5925 μάχαις
2962 5856 3257 5924 προνόμιον
3289 5855 3497 5910 δίκαιον
3525 5853 3620 5906 καὶ

2049 5953 2302 6024 ἁρμόδιον
2341 5953 2396 6004 ἐν
2429 5951 2543 6012 ταῖς
2581 5948 2884 6018 ἐπιτυχίαις
2931 5950 3073 6018 ἔχειν
3127 5947 3440 6019 κελεύομεν,
3501 5943 3619 6000 καὼ
