4090 6508
456 512 559 580 821

1501 510 1832 572 TACTICA.
1870 534 1936 543 -
1974 509 2478 569 CONSTITUTiO
2514 509 2648 568 XII.

3618 511 3724 575 822

455 635 539 687 ὅτι
571 627 733 684 πλέον
761 627 869 682 τῶν
894 626 1096 682 λοιπῶν
1128 625 1224 696 τῆς
1250 625 1495 696 ἀνάγκης
1530 627 1846 696 μετέχουσιν
1875 625 1933 675 ὲν
1967 625 2022 692 τῇ

2139 624 2366 690 accedit,
2397 623 2543 694 quod
2577 625 2647 676 ob
2684 623 2866 677 hostes
2892 623 3152 679 cadentes
3180 623 3568 694 despoliandos
3599 626 3731 682 ιιυιιι

457 723 650 794 πρώτῃ
684 718 928 790 συμϐολῇ
978 717 1073 772 τοῦ
1098 718 1358 788 πολέμου·
1393 717 1599 786 ἀγαθὸν
1644 715 1819 768 δὲκαὶ
1847 714 2033 780 ἕτερον

2139 729 2206 767 ex
2248 715 2406 784 equis
2445 715 2814 782 descendunt,
2847 723 2902 769 et
2935 715 3222 770 stationem
3257 731 3414 770 suam
3453 717 3734 773 deserunt.

454 817 688 885 γίνεται,
717 814 804 867 ἵνα
852 811 927 884 μὴ
969 812 1057 866 διὰ
1105 812 1166 865 :6
1204 811 1497 866 σκυλεῦσαι
1539 811 1667 876 τοὺς
1713 795 2013 871 πίπτοντας
2052 807 2297 878 ἐχθροὺς,
2344 811 2487 875 τινὲς
2525 813 2594 864 ὲκ
2652 810 2760 864 τῶν
2805 811 2990 864 ἵππων
3039 811 3432 882 κατέρχωνται,
3479 813 3575 866 καὶ
3635 816 3735 884 τὴν

471 905 775 978 παράταξιν
803 905 1116 960 διαλύωσιν.

521 995 624 1067 νγ’.
655 998 773 1051 Ἵνα
805 997 863 1050 δὲ
893 997 1132 1061 εὐκόλως
1171 999 1264 1051 ἐπὶ
1293 997 1403 1052 τῶν
1443 998 1626 1052 ἵππων
1647 997 2036 1053 ’ἀναϐαίνωσιν

450 1091 508 1144 οἵ
547 1108 605 1144 τε
639 1089 923 1160 λεγόμενοι
974 1089 1290 1143 δεσποτάτοι
1325 1091 1419 1145 καὶ
1460 1091 1509 1143 οἱ
1544 1090 2036 1161 τραυματιζόμενοι

453 1179 787 1251 στρατιῶται
821 1181 870 1232 οἱ
921 1179 1028 1234 61:6
1079 1179 1188 1232 τῶν
1237 1179 1419 1234 ἵππων
1462 1179 1784 1244 πίπτοντες,
1822 1179 2034 1251 πρέπον

448 1273 620 1338 ἐστὶν,
654 1272 744 1325 ἵνα
771 1273 798 1326 6
826 1270 1116 1334 δεποτάτος
1141 1271 1239 1334 τὰς
1270 1270 1362 1324 δύο
1397 1271 1601 1334 σκάλας
1629 1273 1706 1335 εἰς
1735 1271 1797 1324 :6
1818 1271 2035 1342 ἀριστε·

451 1364 544 1434 ρδν
578 1363 744 1435 μέρος
772 1363 870 1433 τῆς
912 1362 1106 1426 σέλλας
1147 1361 1266 1434 ἔχῃ·
1293 1361 1437 1416 τοῦτ’
1461 1362 1577 1416 ἔστι
1605 1364 1703 1434 τὴν
1736 1363 1862 1432 μίαν
1897 1362 2033 1432 πρὸς

448 1454 525 1526 τῷ
557 1453 1105 1524 ὲμπροσθοκουρϐίῳ,
1142 1455 1236 1506 καὶ
1278 1453 1375 1524 τὴν
1401 1452 1596 1525 ἑτέραν
1632 1453 1763 1524 πρὸς
1794 1453 1873 1524 τῷ
1904 1453 2028 1505 61::-

450 1546 808 1616 σθοκουρϐίῳ,
847 1545 932 1598 ἵνα
973 1545 1100 1597 ὅταν
1153 1544 1438 1614 μέλλουσιν
1473 1545 1521 1598 οἱ
1561 1543 1656 1598 δύο
1698 1543 2031 1597 6111:0631:-

448 1656 551 1692 που
609 1635 953 1707 ἀνέρχεσθαι,
993 1638 1020 1689 ὁ
1054 1636 1150 1706 μὲν
1183 1635 1271 1688 διὰ
1303 1637 1404 1706 τῆς
1434 1636 1637 1699 σκάλας
1670 1636 1768 1705 τῆς
1816 1635 2027 1707 ἐμπρο-

449 1728 596 1795 σθεν,
629 1730 656 1783 6
687 1729 744 1781 δὲ
769 1727 856 1782 6:6
896 1729 995 1798 τῆς
1026 1728 1218 1795 ἐτέρας
1251 1727 1454 1792 σκάλας
1484 1728 1792 1798 ἀνέρχεται.
1829 1729 2026 1796 Ἀναγ-

446 1823 602 1874 καῖον
646 1820 701 1873 δέ
729 1822 844 1872 ἐστι
880 1820 1003 1882 τοὺς
1055 1819 1380 1888 λεγομένους
1410 1819 1774 1882 δεσποτάτους
1822 1819 1914 1871 καὶ
1945 1819 2026 1881 είς

445 1913 713 1985 φλασκεῖα
743 1912 886 1984 ὕδωρ
911 1911 1198 1984 βαστάζειν
1218 1911 1305 1964 διὰ
1336 1911 1460 1975 τοὺς
1502 1911 1760 1974 πολλάκις
1805 1908 2022 1963 λιποθυ-
2057 1895 2104 1956 Β

444 2005 681 2076 μοῦντας
710 2002 1074 2076 τραυματίας.

511 2097 604 2151 νδ’.
658 2098 747 2150 Ἐν
777 2096 834 2149 δὲ
871 2096 947 2167 τῷ
999 2095 1176 2168 καιρῷ
1233 2098 1333 2169 τῆς
1382 2095 1563 2168 μάχης
1624 2094 1910 2167 φλάμουλα
1955 2096 2024 2151 τά

441 2189 706 2259 κοντάρια
741 2187 816 2258 μὴ
841 2188 1141 2258 ἐχέτωσαν.
1169 2189 1332 2242 Ὅσον
1368 2189 1476 2259 γάρ
1519 2190 1658 2240 εἰσιν
1692 2189 1770 2252 εἰς
1815 2187 2023 2240 ἐπίδει-

443 2280 522 2346 ξιν
550 2279 646 2333 καὶ
678 2281 888 2350 κόμπον
943 2282 1218 2348 ἀναγκαῖα
1279 2279 1348 2333 τὰ
1397 2281 1707 2350 φλάμουλα,
1768 2279 2023 2334 τοσοῦτόν

448 2373 582 2424 εἰσιν
609 2372 667 2424 ἐν
698 2372 816 2434 ταῖς
855 2372 1059 2442 μάχαις
1109 2372 1378 2444 ἄχρηστα.
1445 2371 1569 2426 Ἐἀν
1613 2373 1721 2443 γάρ
1773 2388 1856 2436 τις
1896 2371 2022 2442 βού-

444 2462 600 2533 ληται
640 2462 911 2533 εὐκαίρως
960 2461 1137 2532 ῥίψαι,
1168 2463 1201 2532 ἦ
1235 2461 1538 2527 ἀκοντίσαι,
1567 2463 1600 2532 ἢ
1651 2462 1926 2530 τοξεῦσαι,
1960 2463 2020 2517 ού

442 2553 720 2624 συγχωρεῖ
749 2553 809 2606 :6
833 2551 1142 2622 φλάμουλον
1205 2552 1477 2622 εὐστόχως
1505 2552 1585 2614 εἰς
1620 2551 1800 2622 ὀρθὸν,
1857 2551 1890 2622 ἢ
1943 2553 2023 2618 είς

443 2646 618 2716 μῆκος
645 2644 938 2716 βάλλεσθαι
963 2645 1026 2697 :6
1047 2644 1400 2715 ῥιπτόμενον.
1447 2642 1572 2697 Ἐὰν
1605 2643 1662 2696 δὲ
1695 2644 1787 2697 καὶ
1811 2643 2023 2708 τοξείας

439 2735 630 2806 καιρὸς
658 2735 912 2804 γένηται,
945 2731 1346 2804 παρεμποδίξει
1372 2735 1484 2797 τοῖς
1519 2733 1741 2786 ὄπισθεν
1765 2731 2018 2797 τοξεύου-

441 2843 545 2892 σιν,
572 2825 710 2881 ἀλλά
737 2828 830 2879 καὶ
853 2826 934 2890 εἰς
959 2825 1058 2888 τὰς
1083 2824 1372 2892 ὲξελασίας
1409 2826 1504 2878 καὶ
1538 2825 1618 2888 εἰς
1638 2823 1736 2888 τὰς
1758 2827 2020 2895 ἐπιστρο-

437 2919 546 2987 φὰς
567 2918 658 2970 καὶ
685 2917 760 2982 είς
789 2917 885 2980 τὰς
917 2916 1285 2987 ἀντιστροφὰς
1315 2917 1416 2969 οὐκ
1457 2915 1639 2983 ὀλίγον
1683 2915 2022 2985 ὲμποδισμὸν

434 3010 700 3063 ποιοῦσιν.
723 3009 832 3062 Καὶ
860 3010 948 3063 διὰ
967 3009 1124 3064 τοῦτο
1151 3013 1207 3062 ἐν
1235 3009 1355 3071 ταῖς
1380 3007 1580 3079 μάχαις
1598 3005 1768 3060 ταῦτα
1800 3023 2020 3078 χρημα-

432 3101 602 3165 τίζειν
624 3100 683 3154 οὐ
722 3102 938 3172 πρέπει.

507 3266 598 3334 νε’.
643 3278 803 3333 Ἀλλὰ
833 3278 920 3332 διὰ
953 3277 1051 3349 μὲν
1076 3277 1165 3330 τὸν
1196 3277 1408 3347 κόμπον
1462 3278 1562 3348 τῆς
1621 3271 2004 3346 παρατάξεωῖ,

434 3371 575 3426 ὥστε
605 3371 892 3443 φαίνεσθαι
932 3370 1172 3442 μήκοθεν
1202 3371 1344 3440 ἔχειν
1370 3367 1470 3440 μὲν
1501 3367 1568 3421 τὰ
1599 3366 1887 3436 φλάμουλα
1931 3367 2015 3428 είς

435 3466 503 3517 τὶι
534 3464 818 3536 κοντάρια,
859 3463 964 3526 ἕως
1000 3463 1065 3516 ἂν
1098 3465 1146 3516 οί
1177 3461 1360 3534 ἐχθροὶ
1392 3460 1671 3530 φθάσωσιν
1694 3457 1799 3511 61:6
1841 3456 2015 3528 μιλίου

437 3559 556 3621 ἑνός
589 3573 602 3587 ·
637 3557 746 3610 61:6
787 3557 907 3610 τότε
953 3556 1011 3610 δὲ
1072 3556 1162 3609 ἵνα
1213 3553 1577 3607 συστέλλωσιν
1626 3552 1766 3605 αὺτά
1813 3551 1907 3603 καὶ
1960 3551 2018 3602 ὲν

435 3652 546 3714 τοῖς
576 3649 860 3719 θηκαρίοις
881 3647 1062 3701 αὐτῶν
1094 3645 1446 3700 ἀποτιθῶσιν.

506 3739 613 3806 νς’.
650 3741 794 3811 Πρὸς
850 3741 1064 3802 τούτοις
1111 3737 1406 3807 κελεύομέν
1458 3753 1561 3800 σοι,
1616 3735 1703 3787 ἵνα
1753 3733 1860 3788 ἀπὸ
1911 3732 2019 3785 τῶν

440 3834 676 3904 ἰσχυρῶν
707 3833 800 3884 καὶ
821 3831 1065 3884 δυνατῶν
1096 3829 1392 3898 ταγμάτων
1410 3825 1777 3886 καθ’ἓκαστον
1807 3826 2016 3894 τάγμα,

436 3924 543 3979 61:6
571 3923 627 3977 δὲ
650 3922 759 3978 τῶν
788 3921 965 3975 ἄλλων
993 3918 1399 3989 ὑποδεεστέρων
1435 3916 1559 3970 καθ’
1589 3917 1830 3985 ἑκάστην
1862 3916 2020 3986 τούρ-

438 4034 548 4086 μαν
587 4013 994 4084 σκουλκάτορας
1077 4012 1246 4081 ἤγουν
1304 4008 1652 4078 βιγλεύοντας
1714 4006 2017 4076 ἀφορίσεις,

435 4102 530 4157 δύο
561 4102 659 4173 μὲν
687 4101 825 4155 κατὰ
855 4103 1043 4171 τάγμα
1071 4141 1085 4165 ,
1124 4098 1268 4153 όκτὼ
1289 4099 1345 4151 δὲ
1377 4101 1409 4169 ῆ
1438 4097 1646 4151 δώδεκα
1680 4097 1820 4150 κατὰ
1847 4096 2010 4166 τούρ-

442 4213 548 4264 μαν
583 4195 900 4266 ἀγρύπνους
959 4194 1053 4246 καὶ
1103 4191 1562 4261 διεγηγερμένους
1615 4189 1709 4242 καὶ
1763 4189 2016 4259 γοργοὺς,

436 4287 629 4348 οἵτινες
649 4285 742 4337 καὶ
768 4283 874 4354 πρὸ
900 4283 993 4336 τοῦ
1021 4281 1260 4350 πολέμου
1283 4281 1376 4334 καὶ
1400 4283 1457 4332 ὲν
1485 4277 1633 4348 αὐτῷ
1665 4277 1742 4348 τῷ
1791 4279 2018 4348 πολέμῳ

436 4380 494 4430 ὲν
525 4380 637 4439 τοῖς
668 4376 814 4440 ἰδίοις
865 4375 1044 4429 αὐτῶν
1079 4374 1308 4444 μέρεσιν
1361 4373 1442 4435 εἰς
1470 4370 1566 4434 οὓς
1605 4371 1699 4424 καὶ
1728 4372 2018 4424 τάσσονται

435 4468 636 4530 τόπους
693 4467 802 4520 61:6
848 4466 1235 4535 διαστημάτων
1301 4461 1654 4517 σκουλκεύειν
1715 4461 2020 4530 ὀφείλουσιν

2213 995 2298 1050 53.
2327 995 2395 1051 Ut
2424 1010 2554 1050 vero
2587 994 2742 1048 facile
2773 993 3140 1048 conscendere
3168 1009 3341 1064 equos
3375 994 3585 1063 possint
3617 1001 3732 1048 tum

2141 1086 2432 1156 despotati,
2466 1095 2578 1140 tum
2609 1087 2809 1140 milites
2839 1085 3129 1152 vulnerati,
3164 1086 3255 1156 qui
3289 1101 3353 1140 ex
3386 1086 3544 1156 equis
3582 1087 3732 1140 ceci-

2141 1180 2362 1246 derunt,
2407 1195 2505 1249 par
2530 1191 2634 1242 est,
2666 1189 2725 1233 ut
2746 1178 3015 1249 despotati
3048 1179 3186 1235 duas
3225 1180 3403 1235 scalas
3441 1178 3508 1232 ad
3540 1179 3730 1234 laevam

2138 1281 2347 1342 partem
2373 1273 2518 1328 sellas
2549 1273 2807 1337 habeant,
2839 1288 3002 1325 unam
3032 1271 3098 1326 ad
3127 1273 3728 1340 emproSthocurbium,

2139 1364 2190 1417 id
2229 1377 2307 1419 est
2350 1367 2642 1420 antilenam
2669 1407 2684 1430 ,
2727 1367 2954 1420 alteram
2997 1365 3065 1418 ad
3114 1363 3619 1434 episthocurbium,
3676 1363 3728 1417 id

2136 1463 2218 1510 est
2268 1457 2591 1526 postilcuam
2618 1496 2632 1519 ,
2671 1468 2729 1511 ut
2755 1457 2982 1526 quando
3013 1457 3065 1509 hi
3096 1457 3204 1511 duo
3231 1472 3432 1525 equum
3460 1473 3727 1512 conscen-

2131 1546 2244 1602 suri
2285 1558 2443 1612 sunt,
2477 1548 2615 1602 alter
2647 1549 2712 1603 ad
2747 1549 2948 1603 scalam
2983 1549 3240 1613 anticam,
3277 1549 3414 1602 alter
3453 1549 3516 1600 ad
3554 1547 3729 1616 posti-

2127 1653 2245 1693 cam
2280 1641 2630 1717 eonscendat.
2679 1638 2880 1694 Ferant
2925 1649 3105 1694 autem
3150 1640 3418 1710 dcspotati
3449 1655 3633 1695 secum
3671 1639 3725 1692 in

2131 1732 2394 1802 phlasciis
2424 1749 2645 1804 aquam,
2683 1734 2808 1804 quia
2842 1747 2984 1802 saepe
3009 1733 3239 1788 sauciati
3275 1733 3459 1790 animo
3490 1733 3724 1788 deﬁcere

2130 1824 2328 1880 solent.

2139 2085 2144 2087 ’
2198 2097 2288 2153 54.
2319 2097 2451 2152 Belli
2495 2097 2667 2166 ipsius
2723 2107 2987 2166 tempore,
3035 2098 3203 2150 hastae
3240 2112 3304 2149 ne
3344 2095 3580 2149 habeant
3617 2093 3715 2149 lla-

2127 2194 2306 2260 mula;
2355 2193 2408 2247 in
2436 2208 2545 2262 quo
2590 2192 2733 2246 enim
2782 2192 2848 2245 ad
2897 2192 3320 2245 ostentationem
3361 2201 3413 2245 et
3466 2206 3719 2259 pompam

2125 2286 2441 2342 necessaria
2471 2295 2620 2352 sunt,
2671 2285 2725 2338 in
2754 2300 2820 2340 co
2859 2284 2924 2338 ad
2977 2284 3176 2339 bellum
3231 2283 3529 2352 gerendum
3595 2283 3719 2335 inu-

2127 2381 2238 2436 tilia
2321 2387 2472 2435 sunt.
2538 2377 2594 2432 Si
2660 2378 2806 2432 enim
2875 2377 3001 2448 quis
3075 2385 3380 2447 Opportune
3444 2375 3720 2446 conjicere

2125 2475 2379 2536 voluerit,
2441 2472 2554 2528 sive
2617 2471 2888 2540 jacnlum,
2938 2471 3052 2524 sive
3122 2471 3402 2540 sagittam,
3437 2469 3718 2523 llatnulum

2125 2579 2326 2636 magno
2357 2564 2748 2632 impedimento
2779 2563 2845 2615 ad
2885 2563 2934 2616 id
2980 2561 3102 2625 erit,
3161 2571 3221 2615 ut
3273 2563 3358 2615 vel
3419 2577 3588 2631 prope
3649 2561 3717 2614 ad

2124 2671 2376 2726 seopum,
2427 2655 2509 2708 vel
2545 2654 2610 2708 ad
2629 2654 2866 2722 spatium
2910 2652 3131 2722 aliquod
3182 2654 3402 2722 longum
3457 2651 3718 2722 projieia-

2127 2758 2235 2802 tur.
2269 2748 2366 2801 Sin
2418 2747 2743 2816 sagittarum
2802 2744 3180 2813 jaricndarum
3247 2754 3462 2815 tempus
3527 2745 3718 2810 fuerit,

2123 2839 2346 2894 llarnula
2379 2837 2674 2892 admodum
2711 2835 3069 2890 retardabunt
3132 2837 3447 2905 sagittarios
3499 2852 3528 2891 a
3566 2847 3720 2907 tergo

2123 2931 2352 3000 sagittas
2385 2929 2722 2982 emittentes.
2754 2927 2835 2981 Ad
2874 2927 3231 2981 excursiones
3261 2936 3442 2982 autem
3499 2943 3716 2992 omnes,

2121 3022 2536 3086 conversiones,
2589 3019 2956 3084 reversiones,
3038 3018 3182 3072 haud
3251 3036 3419 3089 parvo
3481 3019 3714 3088 impedi-

2123 3124 2308 3171 mento
2361 3122 2521 3168 sunt'
2565 3112 2748 3181 itaque
2797 3111 2850 3165 in
2885 3112 3026 3166 bello
3093 3112 3321 3168 minime
3380 3111 3487 3166 illis
3555 3119 3717 3166 uten-

2123 3213 2252 3267 dum
2287 3216 2393 3262 est.

2185 3301 2275 3358 55.
2304 3299 2386 3355 Ad
2412 3298 2760 3369 splendorem
2809 3297 2944 3351 aciei
3013 3295 3438 3363 honesmndmn,
3477 3305 3534 3350 ut
3573 3297 3714 3350 emi-

2118 3409 2223 3449 nus
2255 3392 2324 3446 ab
2351 3389 2606 3444 hostibus
2638 3387 2856 3441 llamula
2890 3387 2942 3438 in
3004 3387 3175 3441 hastis
3213 3399 3535 3456 cernantur,
3582 3388 3712 3442 dum

2118 3485 2312 3538 hostes
2339 3481 2482 3535 intra
2534 3495 2701 3533 unum
2731 3477 2964 3530 milliare
2991 3485 3140 3539 sunt,
3175 3477 3356 3530 valent
3391 3495 3404 3543 ;
3442 3488 3555 3532 tum
3585 3493 3714 3532 vero

2115 3575 2398 3631 retrahant
2421 3588 2507 3638 ea,
2545 3581 2597 3624 et
2627 3571 2679 3624 in
2711 3569 2884 3624 thecis
2915 3567 3032 3622 suis
3063 3581 3352 3637 reponant.

2187 3759 2276 3815 56.
2313 3758 2392 3812 Ad
2427 3757 2543 3810 haec
2593 3753 2965 3825 praecipimus,
3002 3762 3059 3807 ut
3091 3752 3135 3806 si
3169 3751 3338 3806 foztcs
3373 3767 3436 3806 ae
3473 3763 3712 3804 strenua:

2121 3850 2326 3910 fuerint
2364 3849 2642 3912 cohortes,
2681 3847 2913 3917 singulis
2943 3845 3266 3900 cohortibus
3317 3845 3450 3908 duo,
3491 3846 3574 3899 sin
3605 3845 3708 3897 mi-

2119 3957 2245 4007 nus,
2278 3955 2344 3994 ex
2384 3937 2616 4006 singulis
2639 3937 2835 3990 turmis
2867 3945 3013 4003 octo,
3050 3945 3146 3988 aut
3175 3935 3463 3989 duodecim
3495 3937 3711 3989 sculca-

2123 4041 2306 4094 tores,
2338 4038 2393 4084 et
2423 4029 2759 4098 biglevontes
2783 4067 2797 4088 ,
2841 4042 2982 4096 quos
3038 4027 3411 4097 speculatores
3447 4036 3501 4080 et
3545 4043 3712 4080 exeu-

2121 4124 2240 4179 bias
2271 4121 2628 4192 appellamus,
2689 4119 2997 4188 vigilantes,
3032 4117 3312 4184 industrii,
3371 4129 3550 4173 truces
3613 4119 3712 4171 eli-

2121 4224 2340 4286 gantur,
2360 4214 2452 4284 qui
2494 4220 2621 4266 ante
2649 4211 2872 4275 bellum,
2908 4219 2960 4266 et
2991 4211 3109 4280 ipso
3150 4211 3201 4264 in
3263 4210 3404 4264 bello
3431 4227 3603 4281 usque
3642 4213 3708 4265 ad

2123 4308 2291 4363 totius
2326 4306 2451 4360 belli
2477 4305 2706 4368 exitmn,
2740 4304 2808 4359 iis
2843 4304 2895 4358 in
2930 4305 3088 4383 locis,
3125 4305 3176 4357 in
3229 4304 3432 4381 quibus
3492 4305 3710 4359 eminus

2121 4398 2496 4462 collocantur,
2531 4395 2819 4466 diligenter
2861 4395 2978 4450 suis
3005 4378 3232 4449 iturmis
3286 4405 3338 4449 et
3365 4378 3710 4450 cohortibus

2124 4490 2482 4564 prospiciam,
2520 4497 2572 4542 et
2598 4488 2973 4557 speculentur,
3016 4504 3082 4541 ne
3116 4504 3224 4558 qua
3258 4503 3325 4542 ex
3362 4487 3579 4544 insidiis
3621 4487 3705 4543 in-

435 4558 540 4620 ἓως
571 4558 665 4626 τῆς
684 4556 897 4620 τελείας
922 4555 1017 4609 τοῦ
1050 4555 1288 4626 πολέμου
1313 4553 1617 4617 ἐκϐάσεως,
1643 4550 1730 4605 ἵνα
1785 4553 1860 4622 μὴ
1907 4550 2015 4604 ἀπὸ

2126 4550 2306 4635 cursio
2331 4587 2424 4634 aut
2448 4578 2604 4634 dolus
2625 4578 2862 4632 hostium
2906 4578 3249 4634 obversetur.

437 4647 831 4718 ὲγκρύμματος
891 4645 1163 4717 ὲπιδρομὴ
1218 4633 1262 4716 ﬂ.
1313 4644 1464 4708 δόλος
1511 4645 1693 4708 αὐτοῖς
1747 4643 1850 4696 61:6
1907 4643 2014 4697 τῶν

436 4739 652 4810 ἐχθρῶν
679 4740 992 4809 γενήσεται.

507 4832 608 4896 νζ’.
651 4834 762 4886 Καὶ
806 4833 934 4895 τοὺς
979 4832 1410 4903 μινσουράτορας
1441 4831 1497 4885 δὲ
1528 4830 1813 4894 τοσούτους
1874 4824 2012 4885 εἶναι

435 4927 558 4988 τοὺς
583 4923 899 4995 ὀφείλοντας
923 4922 1349 4994 προλαμϐάνειν,
1385 4923 1478 4976 καὶ
1526 4922 1593 4977 τὰ
1628 4921 1866 4976 άπλικτα
1915 4939 2012 4994 με-

436 5014 608 5081 τρεῖν,
640 5013 732 5066 καὶ
771 5012 869 5077 τὰς
936 5013 1092 5076 ὁδοὺς
1150 5011 1568 5084 προγινώσκειν,
1624 5013 1716 5066 καὶ
1763 5011 1900 5084 πρὸς
1944 5012 2014 5065 τὰ

435 5104 674 5158 ἀττλικτα
711 5104 803 5158 τὸν
832 5104 1064 5174 στρατὸν
1108 5104 1343 5174 ὁδηγεῖν.
1379 5104 1488 5156 Καὶ
1515 5103 1641 5174 περὶ
1680 5103 1777 5174 μὲν
1810 5102 2013 5158 τούτων

435 5196 676 5251 τοσαῦτα
703 5196 963 5267 εἰρήσθω.

506 5296 609 5360 νη’.
640 5290 760 5360 Χρὴ
781 5289 838 5342 δὲ
861 5290 960 5360 τὴν
994 5288 1094 5360 σὴν
1123 5287 1442 5358 ἐνδοξὸτητα
1467 5289 1537 5341 τὰ
1570 5289 1669 5358 μὲν
1722 5288 1822 5358 τῆς
1865 5288 2012 5360 πρώ-

435 5400 535 5454 της
576 5383 935 5453 παρατάξεως
981 5385 1121 5455 μέρη
1169 5383 1629 5454 παρασκευάζειν,
1680 5381 1819 5434 ὥσῑε
1884 5385 2013 5453 πλη-

437 5476 552 5528 σίον
575 5475 819 5544 ἀλλήλων
839 5478 1164 5544 περιπατεῖν
1190 5475 1264 5545 μὴ
1296 5476 1403 5528 ἀπὸ
1428 5474 1623 5528 πολλοῦ
1647 5475 2011 5545 διαστήματος

438 5569 557 5638 ἦτοι
578 5567 976 5638 διαλείμματος
1001 5568 1062 5620 :6
1100 5568 1303 5637 μεταξὺ
1339 5567 1518 5620 αὐτῶν
1557 5567 1664 5620 ἀπὸ
1706 5566 1904 5638 μέρους
1933 5567 2012 5630 εἰς

440 5661 628 5729 μέρος,
671 5660 785 5714 ἀλλ’
823 5661 946 5714 ὅσον
974 5661 1050 5731 μὴ
1114 5659 1499 5730 συντρίϐεσθαι
1536 5660 1592 5714 ἐν
1641 5659 1720 5728 τῷ
1779 5676 2012 5730 περιπα-

436 5756 570 5817 τεῖν,
593 5754 727 5824 μηδὲ
747 5754 1141 5826 διακεκριμένα
1191 5753 1285 5808 ἀπ’
1315 5752 1560 5821 ἀλλήλων
1595 5752 1904 5820 φαίνεσθαι.

511 5844 610 5902 νϐ’.
644 5848 781 5911 Τοὺς
839 5847 894 5900 δὲ
943 5845 1391 5916 πλαγιοφύλακας
1441 5846 1603 5916 μέχρι
1637 5845 1736 5912 μὲν
1791 5845 1882 5898 τοῦ
1916 5847 2012 5912 ἐγ-

443 5938 616 6016 γίζειν
637 5939 762 6004 τοὺς
793 5939 1022 6012 ἐχθροὺς
1060 5940 1229 6009 ἐγγὺς
1259 5933 1418 6008 εἶναι,
1455 5938 1579 5993 ὅταν
1613 5937 1668 5991 δὲ
1724 5935 2011 6006 ἐγγίζωσιν

2194 4851 2715 4910 57.Μοη5ιιῐοιοι·εε
2777 4861 2958 4908 autem
3002 4850 3228 4905 totidem
3284 4865 3406 4905 esse
3468 4859 3702 4920 oportet,

2136 4943 2225 5014 qui
2273 4943 2492 5014 aplicta,
2549 4944 2714 4998 idest
2760 4951 2938 4997 castra
2995 4941 3293 5010 anticipare
3353 4949 3408 4994 et
3464 4941 3704 4995 dimetiri

2123 5034 2343 5100 debent,
2379 5035 2605 5104 viasque
2638 5033 2947 5106 providere,
2980 5041 3141 5100 atque
3187 5032 3252 5086 ad
3285 5041 3464 5086 (astra
3495 5023 3707 5089 exoriri?

2123 5129 2485 5186 tumducere.
2543 5129 2620 5180 Ae
2683 5127 2748 5180 de
2782 5125 2848 5179 iis
2883 5124 2996 5178 hrec
3044 5138 3074 5178 a
3109 5123 3265 5178 nobis
3324 5124 3468 5178 dicta
3513 5133 3700 5179 sunto.

2195 5308 2282 5363 58.
2307 5305 2546 5360 Primam
2577 5304 2750 5358 aciem
2785 5304 2864 5359 sic
2904 5303 3146 5374 dignitas
3199 5312 3286 5360 tua
3346 5303 3604 5368 instruet,
3643 5312 3700 5358 nt

2122 5411 2290 5467 prope
2320 5411 2380 5452 se
2410 5404 2600 5449 mutuo
2630 5393 2932 5458 ambulent,
2975 5407 3154 5462 neque
3187 5392 3404 5462 longius
3441 5390 3702 5445 interval-

2121 5489 2235 5542 lum
2269 5497 2364 5543 aut
2392 5488 2629 5558 spatiqu
2675 5485 3024 5555 interjectum
3061 5485 3152 5550 sit,
3205 5500 3368 5556 quam
3413 5491 3472 5537 ut
3520 5496 3589 5536 ne
3642 5499 3701 5538 se

2121 5591 2312 5636 mutuo
2341 5581 2394 5635 in
2432 5580 2627 5634 itinere
2660 5578 2922 5650 allligant,
2958 5593 3024 5634 ne
3049 5576 3213 5633 nimis
3247 5591 3275 5630 a
3301 5591 3360 5632 sc
3407 5583 3592 5646 partes
3617 5574 3702 5630 di-

2120 5681 2265 5727 stare
2301 5671 2607 5726 videantur.

2191 5850 2276 5903 59.
2320 5847 2573 5903 Laterani
2618 5848 2922 5918 usquedum
2971 5845 3154 5900 hostes
3201 5858 3368 5914 prope
3420 5840 3696 5902 all‘uerint,

2126 5944 2263 5998 aciei
2299 5940 2524 6011 reliquae
2586 5941 2826 6012 adjut.cti
2883 5940 3029 5996 sint:
3084 5947 3198 5994 tum
3252 5945 3433 5994 autem
3491 5933 3700 6001 sagittae
