4090 6504
380 469 489 532 823

1649 467 1927 527 LEOle
1956 469 2425 535 PHILOSOPHI

3541 472 3649 537 824

371 573 729 643 uniusjactu,
773 587 953 643 neque
987 571 1108 641 plus
1154 585 1244 635 eo,
1309 570 1376 626 ad
1427 570 1614 625 laevam
1680 572 1962 641 recedant,

2077 576 2142 639 ὡς
2166 577 2273 631 ἀπὸ
2314 579 2695 649 σαγιττοϐόλου
2735 578 2830 636 τοῦ
2882 578 3176 653 ἀριστεροῦ
3211 580 3406 652 μέρους
3441 600 3650 656 παρεκ-

378 667 541 736 idque
602 664 945 733 potissimum
1014 663 1235 731 quando
1293 661 1640 732 longitudine
1716 663 1959 717 hostium

375 757 519 811 acies
551 765 791 809 nostram
833 753 1005 808 aciem
1030 761 1272 823 superat,
1296 752 1389 823 qui
1418 752 1484 807 ad
1526 752 1964 809 circnmcludem

373 846 473 899 dos
501 845 683 898 hostes
725 842 977 897 collocati
1022 850 1171 909 sunt,
1219 842 1285 897 ad
1335 842 1583 897 dextram
1622 854 1831 914 partem
1882 846 1963 899 ia-

382 936 552 992 ciant.

452 1025 540 1078 60.
564 1024 777 1087 Partes,
801 1023 916 1078 sive
945 1033 1152 1078 turmas
1180 1024 1435 1079 secundae
1458 1023 1590 1079 aciei
1641 1025 1706 1079 ad
1762 1025 1961 1091 latera,

375 1118 427 1173 id
462 1129 565 1183 est,
601 1119 825 1187 oblique
852 1116 1016 1173 unius
1047 1116 1258 1187 sagitta:
1284 1118 1444 1187 jactre
1474 1118 1760 1174 intervallo
1792 1119 1967 1173 collo-

372 1210 525 1266 cabis
556 1227 570 1275 ;
598 1226 626 1264 a
653 1219 808 1281 tergo
841 1193 1055 1274 autem,
1093 1211 1207 1265 sive
1243 1220 1366 1281 post
1395 1213 1628 1282 primam
1647 1214 1818 1267 aciem
1846 1229 1966 1267 am-

372 1303 579 1359 bulent.
608 1301 797 1373 itaque
829 1303 1073 1373 quandiu
1113 1302 1301 1358 hostes
1329 1304 1491 1375 longe
1527 1319 1557 1358 a
1614 1303 1737 1359 loco
1788 1304 1965 1374 praelii

373 1397 440 1451 ad
474 1411 646 1449 unum
690 1394 946 1461 milliare,
979 1403 1076 1449 aut
1114 1410 1180 1449 eo
1210 1395 1335 1466 plus
1363 1397 1589 1460 absunt,
1645 1406 1755 1451 tam
1802 1395 1967 1467 longe

372 1496 699 1559 sequantur,
729 1496 789 1543 ut
853 1488 922 1542 ab
986 1488 1241 1545 hostibus
1288 1490 1440 1544 cerni
1500 1491 1821 1561 advet'tique
1864 1505 1967 1545 ne-

373 1594 600 1654 queant,
634 1598 701 1637 ne
723 1583 768 1638 si
796 1582 1174 1649 advertantur,
1234 1584 1449 1654 aliquas
1514 1584 1742 1638 insidias
1810 1583 1968 1639 moii-

373 1678 661 1743 tionesque
693 1675 957 1731 adversus
986 1690 1081 1730 eas
1139 1676 1325 1731 hostes
1375 1678 1675 1732 instruant.
1720 1676 1824 1732 Ubi
1858 1692 1963 1732 au-

373 1780 484 1825 tem
522 1769 705 1822 hostes
732 1767 847 1837 jam
879 1782 1047 1838 prope
1077 1766 1304 1834 fuerint,
1346 1774 1400 1823 et
1444 1777 1757 1838 emergente
1803 1776 1969 1839 atque

373 1861 427 1915 in
457 1868 812 1931 conspectum
841 1860 1080 1915 secunda
1127 1861 1241 1930 jam
1290 1859 1408 1915 acie
1453 1860 1806 1925 adventante,
1864 1861 1970 1914 mi-

2073 668 2305 736 ϐαίνειν,
2342 672 2435 725 καὶ
2495 674 2571 744 μὴ
2606 674 2791 741 πλέον,
2827 674 2923 729 ἐὰν
2975 673 3211 745 μάλιστα
3253 673 3511 745 ὑπερέχει
3569 678 3652 741 είς

2071 762 2247 832 μῆκος
2283 764 2443 834 ἡτῶν
2483 767 2744 821 ἐναντίων
2788 767 3116 836 παράταξις.
3163 767 3394 836 Ὁμοίως
3437 767 3494 822 δέ
3554 769 3653 824 καὶ

2068 853 2196 916 τοὺς
2224 854 2668 926 ὑπερκεράστας,
2702 859 2869 927 ἤγουν
2921 858 3047 923 τοὺς
3100 858 3331 912 κυκλοῦν
3378 861 3503 931 τοὺς
3548 876 3652 914 πο-

2065 943 2289 1015 λεμίους
2324 947 2663 1016 ὀφείλοντας,
2703 950 2887 1015 τάξεις
2912 950 2968 1004 δὲ
3018 951 3099 1013 είς
3136 950 3197 1002 τὸ
3235 949 3406 1014 δεξιὸν
3454 950 3648 1022 μέρος.

2135 1034 2200 1102 ξ’.
2233 1038 2315 1092 Τά
2354 1038 2410 1092 δὲ
2464 1041 2606 1112 μέρη
2643 1041 2743 1109 τῆς
2784 1041 3044 1112 δευτέρας
3106 1040 3470 1113 παρατάξεως
3510 1044 3656 1096 κατά

2071 1127 2171 1197 μὲν
2204 1127 2445 1200 πλευράν
2469 1130 2716 1201 ἀλλήλων
2750 1132 2872 1203 ἦτοι
2918 1133 2999 1195 εἰς
3057 1129 3126 1184 τά
3153 1130 3360 1199 πλάγια
3394 1130 3502 1184 ἀπὸ
3533 1130 3655 1195 ἐνὸς

2070 1220 2461 1287 σαγιττοϐόλου
2501 1221 2684 1286 τάξεις
2708 1239 2723 1253 ·
2780 1222 2924 1276 κατά
2974 1220 3143 1292 οὐρὰν
3172 1221 3252 1285 δὲ,
3284 1222 3453 1293 ἤγουν
3508 1221 3657 1274 κατά

2069 1311 2320 1382 ὄπισθεν,
2354 1313 2455 1384 τῆς
2486 1314 2712 1384 πρώτης
2737 1313 3097 1384 παρατάξεως
3127 1314 3477 1383 περιπατεῖν
3509 1310 3655 1365 ὥστε

2072 1403 2236 1475 μέχρι
2294 1404 2403 1475 μὲν
2453 1407 2501 1458 οἱ
2545 1404 2795 1475 πολέμιοι
2855 1404 3073 1475 μακρὰν
3117 1404 3491 1475 ἀφεστήκασιν
3545 1403 3660 1458 ἀπὸ

2074 1496 2195 1561 ἐνὸς
2227 1495 2259 1567 ἢ
2289 1497 2386 1551 καὶ
2419 1498 2579 1553 πλέον
2615 1497 2790 1567 μιλίου
2823 1496 2959 1567 πρὸς
2985 1495 3084 1568 τὴν
3129 1494 3223 1549 τοῦ
3281 1496 3449 1549 τόπου
3484 1494 3663 1558 θέσιν,

2070 1589 2195 1642 ὅσον
2241 1588 2466 1643 δυνατόν
2516 1588 2665 1642 ἐστιν
2699 1588 2921 1658 ἀφανῶς
2969 1587 3355 1642 ἐπακολουθεῖν
3381 1588 3459 1651 εἰς
3488 1587 3550 1641 τὸ
3580 1586 3659 1658 μὴ

2070 1678 2411 1751 καθορᾶσθαι
2434 1679 2675 1752 μήκοθεν
2691 1680 2899 1753 ταύτην
2923 1682 3036 1744 τοῖς
3064 1679 3346 1749 πολεμίοις
3374 1680 3470 1733 καὶ
3516 1680 3649 1751 μεθ-

2071 1770 2358 1825 οδεύεσθαι
2431 1772 2464 1844 ἦ
2510 1770 2963 1826 ἐπιϐουλεύεσθαι
3014 1769 3347 1825 ὑπ”αὑτῶν.
3394 1769 3564 1824 Ὅταν
3601 1769 3661 1824 δὲ

2072 1864 2122 1917 οἱ
2154 1864 2342 1936 ἐχθροὶ
2394 1862 2729 1933 ἐγγίζουσιν,
2778 1868 2873 1917 καί
2918 1862 3108 1915 λοιπὸν
3168 1859 3504 1931 φαινομένης
3559 1861 3660 1931 τῆς

372 1953 520 2007 nime
542 1966 812 2022 apparare
842 1951 1054 2021 aliquas
1098 1953 1287 2021 copias
1321 1950 1617 2007 adversum
1653 1965 1749 2005 eas
1779 1951 1967 2006 hostes

2077 1955 2331 2025 ῐδευτέρας
2366 1956 2427 2008 οὐ
2460 1954 2761 2024 φθάζουσιν
2796 1952 3167 2025 ἁρμόσασθαι,
3202 1951 3325 2004 τότε
3368 1950 3657 2019 ἐπιφαίνε-

382 2044 686 2115 potuerint,
726 2042 792 2097 ad
821 2043 1033 2113 sagitta:
1064 2054 1262 2112 quater
1284 2042 1446 2112 jactte
1501 2041 1851 2096 intervallum
1877 2056 1967 2096 se-

374 2140 553 2195 cunda
585 2138 732 2192 acies
784 2136 1032 2201 accedat,
1065 2145 1118 2190 et
1163 2136 1399 2205 primam
1452 2134 1628 2189 aciem
1672 2133 1966 2204 diligenter

376 2232 656 2286 observet.
682 2226 871 2300 Neque
901 2230 1047 2284 enim
1072 2228 1266 2283 abesse
1289 2228 1448 2295 longe
1471 2227 1647 2296 ipsius
1683 2226 1969 2281 conﬂicta-

375 2324 543 2379 tionis
578 2332 823 2393 tempore
868 2322 1016 2377 acies
1049 2320 1235 2386 debet,
1271 2328 1325 2373 ut
1385 2335 1453 2375 ne
1508 2319 1659 2374 omni
1710 2317 1968 2389 praesidio

374 2417 694 2471 destitutam
747 2430 867 2469 eam
942 2413 1242 2483 relinquat,
1318 2426 1496 2481 neque
1550 2425 1747 2466 rursus
1803 2409 1969 2464 nimis

377 2521 547 2575 prope
570 2504 814 2568 accedat,
848 2520 917 2559 ne
932 2504 1162 2575 pulvere
1191 2503 1431 2557 maximo
1455 2502 1720 2568 excitato,
1743 2515 1805 2555 ea
1843 2516 1968 2555 cum

374 2599 552 2669 prima
582 2599 701 2653 acie
733 2596 995 2666 permista
1041 2595 1135 2661 sit,
1168 2604 1222 2649 et
1247 2602 1546 2664 antequam
1608 2593 1970 2650 discesserint

376 2688 565 2742 hostes
597 2685 808 2756 insequi
833 2687 1062 2755 primam
1092 2685 1266 2741 aciem
1306 2694 1549 2755 putetur.

444 2865 539 2920 (il.
575 2864 864 2932 Cohortes,
906 2881 1029 2936 qua:
1062 2874 1187 2935 post
1224 2881 1351 2920 oras
1400 2866 1652 2920 secundae
1684 2866 1819 2921 aciei
1846 2865 1974 2921 hinc

378 2971 542 3028 atque
575 2958 729 3013 illine
759 2960 1037 3028 utrimque
1085 2957 1360 3024 locantur,
1394 2959 1556 3013 unius
1586 2959 1797 3028 sagitta:
1821 2959 1973 3029 jactu

378 3068 408 3104 a
438 3051 650 3107 caeteris
672 3051 1097 3115 constituantur,
1122 3059 1286 3121 atque
1310 3051 1382 3104 ita
1401 3059 1725 3121 sequantur.

2075 2049 2202 2099 σθαι
2234 2047 2425 2113 αὐτὴν,
2453 2046 2547 2099 καὶ
2582 2046 2687 2109 ἕως
2725 2045 3012 2113 τεσσάρων
3068 2042 3469 2113 σαγιττοϐόλων
3502 2041 3660 2111 ἐγγί-

2075 2136 2189 2203 ζειν
2218 2141 2283 2211 τῇ
2327 2139 2540 2210 πρώτῃ,
2595 2138 2692 2191 καὶ
2737 2136 3043 2201 κανονίζειν
3098 2136 3266 2207 ἤγουν
3332 2134 3659 2187 ἐπισκοπεῖν

2075 2230 2266 2300 αὐτήν.
2311 2229 2443 2282 Οὐδὲ
2474 2228 2586 2300 γὰρ
2620 2228 2862 2300 μήκοθεν
2893 2228 3027 2282 πολὺ
3067 2226 3274 2295 ὀφείλει
3305 2220 3446 2279 εἶναι
3477 2226 3511 2297 ἡ
3539 2224 3660 2278 δευ-

2074 2322 2210 2393 τέρα
2237 2323 2335 2391 τῆς
2369 2320 2594 2393 πρώτης
2623 2323 2680 2375 ἐν
2708 2318 2887 2390 καιρῷ
2934 2320 3033 2390 τῆς
3082 2318 3382 2390 συμϐολῆς,
3441 2318 3530 2371 ἵνα
3580 2316 3663 2389 μὴ

2076 2415 2383 2486 ἀϐοήθητον
2411 2413 2582 2484 αὐτὴν
2631 2410 2962 2483 καταλείπῃ.
2995 2410 3131 2465 Οὐδὲ
3193 2410 3354 2464 πάλιν
3397 2409 3530 2463 πολὺ
3565 2411 3659 2477 ἐγε-

2076 2504 2201 2575 γὺς,
2225 2506 2311 2559 ἵνα
2345 2503 2419 2576 μὴ
2451 2502 2805 2574 συμφύρηται
2844 2505 2915 2574 τῇ
2938 2501 3131 2574 πρώτῃ
3176 2503 3241 2555 ἐν
3280 2503 3399 2565 ταῖς
3448 2499 3653 2569 συμϐο-

2078 2597 2219 2663 λαῖς,
2253 2595 2536 2668 κονιορτοῦ
2567 2596 2806 2667 μάλιστα
2869 2594 3217 2663 κινουμένου,
3267 2592 3363 2646 καὶ
3414 2592 3521 2664 πρὸ
3566 2590 3665 2645 τοῦ

2079 2685 2395 2755 διαλυθῆναι
2420 2685 2547 2749 τοὺς
2582 2683 2874 2756 πολεμίους
2904 2683 3318 2739 καταδιώκουσι
3363 2683 3460 2755 τὴν
3513 2680 3664 2754 πρώ-

2080 2798 2177 2851 την
2205 2777 2432 2849 εὑρεθῇ.
2662 2823 2679 2846 ,

2146 2877 2432 2944 ξα’.Τάδὲ
2462 2877 2724 2948 τάγματα
2762 2875 2835 2931 τά
2888 2876 3112 2931 ὄπισθεν
3155 2875 3264 2930 τῶν
3325 2876 3512 2947 ἄκρων
3562 2876 3663 2947 τῆς

2078 2971 2335 3042 δευτέρας
2395 2970 2739 3041 ἑκατέρωθεν
2783 2970 3121 3042 τασσόμενα,
3180 2972 3350 3043 ἤγουν
3408 2971 3663 3026 ἐντεῦθεν

2082 3064 2179 3118 καὶ
2206 3062 2437 3129 ἐκεῖθεν,
2462 3063 2543 3117 δεῖ
2563 3062 2638 3126 ώς
2702 3062 2812 3117 ἀπὸ
2864 3063 2985 3127 ἐνὸς
3048 3063 3432 3131 σαγιττοϐόλου
3482 3064 3665 3118 αὐτῶν

2080 3154 2161 3216 είς
2231 3150 2403 3205 νώτου
2488 3151 2739 3221 φυλακὴν
2816 3150 3071 3221 ταγῆναι,
3142 3150 3237 3205 καὶ
3292 3150 3468 3215 οὕτως
3531 3152 3665 3205 ἀκο-

2079 3239 2311 3294 λουθεῖν.
3317 3251 3327 3285 ί

452 3332 543 3385 62.
576 3330 838 3403 insignia,
868 3346 992 3404 qua:
1031 3337 1084 3388 in
1126 3336 1372 3391 exercitu
1429 3345 1579 3395 sunt.
1650 3336 1965 3391 cohortium

2147 3331 2247 3402 ξβν.
2270 3331 2349 3386 Τά
2376 3331 2431 3385 δέ
2465 3330 2650 3402 βάνδα,
2666 3332 2834 3404 ἧγουν
2857 3332 2924 3386 τά
2956 3333 3156 3403 σημεῖα
3185 3331 3391 3401 αὐτῶν,
3411 3332 3518 3405 χρὴ
3540 3332 3668 3387 καθ’

387 3422 605 3477 minora
636 3432 690 3477 et
723 3423 925 3479 leviora
952 3425 1063 3480 sint
1091 3443 1104 3481 :
1156 3427 1591 3490 tnerarcharum,
1622 3429 1703 3481 vel
1730 3426 1971 3497 drunga-

380 3514 613 3576 riorum,
643 3530 739 3570 seu
792 3516 1137 3571 tribunorum
1195 3518 1403 3589 majora
1475 3528 1531 3573 et
1590 3518 1971 3573 distinctiora:

384 3607 823 3662 turmarcharum
848 3618 1031 3664 autem
1064 3611 1302 3679 insignia
1359 3610 1655 3665 admodum
1688 3611 1901 3665 diversa
1944 3627 1973 3663 a

382 3698 731 3754 tribunorum
769 3715 996 3755 suorum
1033 3701 1365 3771 insignibus.
1416 3701 1687 3771 Principis
1714 3703 1817 3767 tui,
1859 3702 1975 3756 sive

383 3792 761 3861 propraetoris,
794 3793 1025 3847 multum
1064 3793 1321 3849 distincta
1368 3795 1478 3850 sint
1500 3796 1759 3863 insignia.
1791 3793 1967 3849 Tuum

385 3892 570 3936 autem
605 3883 824 3955 insigne
854 3900 885 3939 a
927 3886 1141 3940 caeteris
1161 3887 1422 3943 omnibus
1445 3887 1753 3956 insignibus
1788 3887 1970 3939 diver-

384 3990 507 4030 sum
538 3991 662 4031 esse
686 3977 890 4032 debere
927 3993 1090 4033 nemo
1118 3977 1356 4050 ignorat,
1386 3991 1442 4034 ut
1474 3981 1525 4033 in
1560 3979 1724 4033 rebus
1753 3987 1975 4050 pertur-

386 4067 772 4125 batioribusin
806 4071 1023 4141 insigne
1052 4072 1350 4139 intuentes,
1397 4087 1655 4127 revocare
1717 4085 1813 4125 eos
1875 4070 1977 4123 do-

385 4174 561 4223 mum,
590 4168 644 4215 et
677 4162 743 4215 ad
777 4178 876 4217 sua
905 4163 1025 4217 loca
1078 4167 1381 4219 transferre
1415 4163 1656 4235 praefecti
1689 4162 1922 4233 possint.

2078 3426 2320 3496 ἑκάστην
2340 3424 2610 3496 τούρμαν,
2647 3425 2715 3478 τὰ
2742 3423 2839 3495 μὲν
2891 3424 2999 3478 τῶν
3030 3426 3324 3496 ταγμάτων
3364 3425 3669 3498 μικρότερα

2082 3516 2223 3572 εἶναι
2258 3518 2352 3572 καὶ
2391 3516 2606 3587 ἐλαφρά
2626 3534 2639 3547 ·
2666 3517 2735 3570 τά
2764 3516 2822 3571 δέ
2883 3516 2993 3571 τῶν
3036 3518 3373 3589 μοιραρχῶν,
3406 3518 3524 3591 ἦτοι
3556 3518 3673 3573 τῶν

2083 3609 2491 3681 δρουγγαρίων,
2512 3607 2871 3680 μεγαλώτερα
2901 3610 2995 3663 καὶ
3025 3608 3405 3679 ἐξηλλαγμένα
3428 3624 3441 3637 '
3461 3607 3670 3679 ὁμοίως

2075 3704 2130 3757 δὲ
2161 3702 2253 3757 καὶ
2277 3702 2346 3756 τὰ
2360 3701 2469 3756 τῶν
2495 3700 2860 3771 τουρμαρχῶν
2890 3699 3271 3771 ἐξηλλαγμένα
3294 3699 3431 3771 πρὸς
3459 3699 3526 3753 τά
3550 3698 3667 3752 τῶν

2074 3798 2164 3850 ὑπ’
2179 3796 2374 3858 αὐτοὺς
2391 3795 2737 3865 ταττομένων
2757 3793 3151 3864 δρουγγαρίων.
3170 3792 3245 3846 Τὸ
3269 3792 3326 3846 δὲ
3353 3791 3663 3862 ὑποστρατ-

2078 3888 2211 3957 ήγου
2265 3884 2456 3955 βάνδον
2496 3884 2762 3953 διαφορὰν
2785 3882 2929 3952 ἔχειν
2968 3884 3119 3952 παρὰ
3139 3882 3205 3936 τὰ
3232 3881 3341 3936 τῶν
3380 3899 3666 3954 τουρμαρ-

2081 3977 2193 4047 χῶν
2226 3977 2413 4047 βάνδα,
2460 3976 2651 4047 ὥσπερ
2680 3970 2773 4029 οὖν
2802 3975 2897 4027 καὶ
2921 3974 2982 4027 τὸ
3011 3977 3110 4045 τῆς
3162 3976 3259 4046 σῆς
3318 3973 3663 4044 ἐνδοξότητος

2082 4064 2485 4135 ὲνηλλαγμένον
2536 4061 2914 4133 όφείλειεῖναι
2962 4064 3053 4116 καὶ
3104 4063 3361 4133 διαφανὲς
3414 4063 3561 4133 παρά
3594 4062 3667 4115 τὰ

2085 4158 2221 4212 ἄλλα
2246 4158 2445 4222 πάντα,
2465 4157 2559 4210 καὶ
2584 4157 2749 4209 πᾶσιν
2773 4154 3104 4224 εὔγνωστον,
3132 4155 3217 4224 ἐφ’
3253 4148 3297 4224 ᾧ
3328 4157 3387 4208 ὲν
3431 4154 3662 4224 δευτέρα

384 4251 526 4324 τύχῃ
557 4252 694 4323 πρδς
758 4254 891 4307 αὐτδ
927 4254 1223 4325 βλέποντας
1283 4257 1547 4321 εὐκόλως,
1613 4257 1688 4319 ὡς
1730 4253 1971 4324 εἴρηται,
2012 4248 2490 4318 συνάγεσθαι,καὶ
2520 4249 2749 4311 ἑαυτοὺς
2818 4246 3214 4301 ἀνακαλεῖσθαι
3270 4245 3397 4310 τούς
3450 4263 3510 4299 τε
3559 4247 3660 4319 ἄρα

384 4363 579 4414 χοντας
608 4347 850 4406 καὶτοὺς
882 4347 1241 4419 στρατιώτας.

461 4433 556 4488 65.
606 4432 877 4489 Onmibus
908 4436 1229 4491 cohortibus
1290 4438 1633 4507 mquabiliter
1681 4439 1736 4492 in
1796 4436 1977 4491 fronte

389 4525 699 4591 collocatis,
734 4533 995 4581 strenuos
1029 4543 1093 4580 ex
1129 4528 1237 4582 illis
1274 4529 1474 4583 milites
1506 4527 1845 4598 undeviginti
1882 4533 1977 4579 aut

2142 4426 2213 4494 ξγ
2235 4465 2247 4479 .
2281 4425 2508 4479 Πάντων
2530 4421 2586 4475 δὲ
2618 4421 2727 4474 τῶν
2764 4421 2974 4491 βάνδων
3014 4419 3374 4490 ἱσομετώπων
3405 4424 3463 4474 ἐν
3506 4422 3655 4486 τάξει

2086 4518 2418 4589 ίσταμένων,
2437 4515 2557 4569 δέον
2593 4515 2657 4566 ἐκ
2686 4513 2794 4566 τῶν
2811 4512 2939 4583 περὶ
2963 4512 3101 4565 αὐτὰ
3122 4512 3470 4581 τασσομένων
3494 4530 3661 4584 στραο

389 4614 585 4685 viginti
620 4616 813 4686 eliges,
849 4617 943 4686 qui
974 4619 1041 4673 ad
1088 4619 1394 4674 custodiam
1444 4620 1879 4691 uniuscujusque
1912 4617 1969 4673 il—

2080 4612 2294 4668 τιωτῶν
2320 4611 2446 4672 τοὺς
2474 4606 2885 4679 γενναιοτέρους
2945 4609 3038 4660 καὶ
3072 4607 3520 4677 πεντεκαίδεκαῆ
3570 4608 3667 4660 καὶ

390 4708 567 4761 lorum
602 4718 653 4764 et
685 4708 1213 4766 administrationem
1255 4712 1682 4768 constituentur.

450 4891 543 4946 δι.
569 4890 857 4948 Praefectos
892 4893 1125 4963 majores
1162 4899 1281 4948 tuto
1310 4902 1365 4948 et
1401 4879 1557 4947 firmo
1582 4891 1703 4948 loco
1731 4893 1784 4948 in
1820 4909 1979 4948 exer-

387 4984 499 5038 citu
526 4983 841 5049 collocabis,
863 5000 930 5038 ne
950 4985 1151 5054 impetu
1170 4982 1408 5054 quodam
1433 4984 1644 5037 incitati
1668 4985 1977 5054 praecipites

390 5078 443 5129 in
475 5075 776 5145 perieulum
812 5086 994 5141 ruant,
1028 5086 1192 5146 atque
1226 5077 1351 5132 inde
1402 5092 1597 5146 magna
1635 5078 1978 5146 perturbatio

391 5168 658 5223 militibus
680 5169 906 5223 oriatur.
947 5169 1022 5223 Ex
1066 5169 1373 5223 minoribus
1432 5169 1576 5223 enim
1630 5169 1904 5239 praefectis
1933 5169 1977 5222 si

390 5261 516 5331 quis
577 5260 900 5326 trucidetur,
972 5261 1175 5315 nemini
1216 5260 1376 5317 facile
1420 5263 1641 5333 patelit,
1708 5262 1821 5318 nisi
1865 5278 1980 5316 sua:

392 5352 566 5423 ipsius
587 5353 774 5408 solum
808 5353 1055 5408 cohorti:
1085 5352 1169 5408 sin
1199 5354 1325 5423 quis
1357 5370 1421 5408 cx
1458 5355 1733 5410 nobilibus
1762 5355 1974 5410 cecide-

393 5446 484 5512 rit,
506 5461 601 5515 per
627 5446 923 5499 multorum
955 5445 1239 5499 hominum
1268 5461 1371 5499 ora
1396 5457 1726 5517 pervagatus
1766 5461 1974 5514 rumor,

390 5538 650 5593 universo
685 5536 956 5593 exercitui
995 5538 1465 5606 perturbationem
1501 5538 1711 5593 aﬂ‘eret.

455 5711 542 5765 65.
580 5711 860 5782 Princeps,
920 5711 1035 5767 sive
1097 5724 1398 5784 propraator
1455 5724 1604 5780 tuus,
1668 5716 1977 5787 reliquique

392 5802 720 5853 turmarcbae
757 5804 809 5857 in
840 5804 1019 5859 fronte
1049 5807 1361 5861 cohortium
1397 5824 1625 5862 suarum
1665 5811 1975 5865 consistcn-

399 5895 503 5948 tcs,
549 5887 991 5959 circumspiciant
1026 5904 1078 5950 ct
1116 5905 1378 5966 apparent
1440 5899 1610 5953 aciem
1669 5901 1976 5970 usquedum

2083 4707 2259 4760 εἴκοσι
2296 4703 2496 4774 ἄνδρας
2529 4700 2788 4772 ἀφορίσαι
2822 4699 2919 4753 ἐπὶ
2944 4703 3015 4771 τῇ
3044 4701 3282 4754 ἑκάστου
3342 4701 3523 4753 αὐτῶν
3559 4720 3663 4770 φυ-

2081 4800 2220 4872 λακῇ
2252 4799 2349 4853 καὶ
2375 4797 2724 4867 διεκδικήσει.

2154 4894 2253 4958 ξδ’.
2311 4891 2453 4953 Τοὺς
2503 4889 2559 4942 δέ
2615 4888 2882 4959 ἄρχοντας
2921 4887 3050 4951 τοὺς
3105 4888 3359 4959 μείζονας
3404 4888 3665 4958 ἀσφαλῶς

2084 4986 2167 5039 δεῖ
2186 4982 2487 5038 τάσσεσθαι
2542 4982 2621 5044 εἰς
2666 4981 2726 5034 τὸ
2759 4980 2834 5049 μὴ
2883 4980 3393 5051 προπετευομένους
3442 4982 3500 5033 ἐν
3544 4983 3665 5043 ταῖς

2088 5077 2292 5149 μάχαις
2345 5073 2679 5135 διαπίπτειν,
2729 5073 2826 5127 καὶ
2881 5073 3132 5128 ἐντεῦθεν
3200 5072 3491 5143 ὀλιγωρίαν
3553 5074 3669 5136 τοῖς

2086 5164 2446 5240 στρατιώταις
2487 5164 2860 5234 ἐγγίγνεσθαιο
2890 5168 2953 5220 ἐκ
2986 5166 3085 5235 μὲν
3107 5166 3218 5237 γάρ
3248 5167 3357 5219 τῶν
3410 5165 3667 5235 μικροτέ-

2085 5276 2192 5331 ρων
2217 5258 2515 5329 ἀρχόντων,
2546 5258 2594 5310 εί
2620 5257 2803 5328 συμϐῇ
2826 5259 3169 5326 παραπεσεῖν
3192 5275 3341 5326 τινα,
3368 5258 3543 5312 οὐδενὶ
3573 5258 3664 5310 εὐο

2083 5351 2261 5413 κόλως
2288 5349 2642 5418 γινώσκεται,
2700 5348 2870 5421 ἀλλ’ἢ
2901 5352 3013 5413 τοῖς
3060 5349 3154 5402 τοῦ
3212 5349 3341 5403 ἰδίου
3386 5350 3665 5420 τάγματος

2087 5444 2269 5513 μόνοις
2299 5458 2312 5471 ·
2338 5442 2387 5494 εἰ
2414 5442 2471 5493 δέ
2495 5459 2579 5504 τις
2594 5441 2702 5494 τῶν
2723 5442 2982 5510 ἐμφανῶν
3003 5442 3311 5514 διαπέσῃ,ῆ
3334 5446 3445 5506 τοῖς
3475 5444 3668 5510 πᾶσιν,

2084 5535 2117 5606 ἢ
2151 5536 2261 5595 τοῖς
2288 5534 2503 5598 πολλοῖς
2525 5532 2858 5604 δηλούμενος
2903 5535 2930 5588 ό
2970 5534 3198 5599 θάνατος
3249 5534 3416 5588 αὐτοῦ
3470 5536 3664 5604 ὀλιγω-

2086 5627 2209 5696 ρίαν
2235 5624 2311 5695 τῷ
2359 5626 2465 5697 ὅλῳ
2501 5627 2718 5699 στρατῷ
2739 5627 2969 5695 εἰσάγει.

2159 5715 2250 5781 ξε’.
2277 5717 2373 5769 Διὸ
2404 5716 2613 5786 πρέπον
2635 5711 2871 5783 latim-di
2901 5718 3197 5789 στρατηγέ,
3230 5718 3321 5771 τὸν
3355 5720 3664 5789 ὑποστράτ-

2084 5828 2220 5880 ηγον
2256 5809 2352 5863 καὶ
2410 5812 2541 5875 τοὺς
2601 5812 2956 5883 τουρμάρχας
2998 5812 3172 5882 μέχρι
3204 5813 3304 5882 μὲν
3332 5813 3441 5866 ἀπὸ
3482 5813 3598 5876 ἐνὸς
3629 5811 3662 5880 ἢ

2083 5903 2338 5976 δευτέρου
2380 5904 2763 5973 σαγιττοϐόλου
2805 5906 2900 5977 17p;
2930 5906 3037 5960 τῶν
3066 5904 3278 5977 ἐχθρῶν
3306 5904 3663 5978 παρατάξεως
