4090 6470
336 364 449 429 825

1371 367 1707 429 TACTICA.
1732 392 1801 403 -
1838 364 2351 429 CONSTITUTIO
2376 368 2515 429 XII.

3512 365 3617 432 826

338 469 715 546 ῖσομετὼπους
736 472 1039 531 τάσσεσθαι
1069 472 1211 547 μετὰ
1245 474 1356 529 τῶν
1384 476 1619 547 βάνδων,
1653 476 1753 531 καὶ
1795 476 1920 529 ἑπι-

2030 477 2173 532 intra
2230 478 2396 533 unius
2463 484 2560 531 aut
2617 475 2844 530 alterius
2902 474 3115 547 sagitta:
3168 475 3376 546 iactum
3430 475 3623 532 hostes

334 565 563 620 ϐλέπειν
585 567 679 621 καὶ
697 566 961 638 ἁρμόζειν
987 567 1088 638 τὴν
1105 565 1262 634 τάξιν
1281 584 1294 598 ·
1313 568 1443 624 ὅταν
1468 568 1525 623 δὲ
1582 569 1752 641 μέλλῃ
1789 586 1930 640 συμ-

337 658 472 727 ϐολὴ
511 657 781 726 γίνεσθαι,
814 659 881 713 ὲκ
908 658 1020 714 τῶν
1047 659 1234 715 ίδικῶν
1253 660 1435 715 αὐτῶν
1457 660 1766 734 ἀνθρώπων
1799 661 1929 725 τοὺς

337 752 748 822 γενναιοτέρους
824 752 906 815 είς
973 752 1039 806 τὸ
1100 751 1333 822 πλάγιον
1398 753 1582 807 αὐτῶν
1644 752 1931 824 παρατάσ-

344 840 561 907 σεσθαι,
575 842 673 894 καὶ
700 840 1070 913 προέρχεσθαι
1098 844 1179 907 είς
1194 843 1317 915 ὄψιν
1338 843 1540 911 αὐτῶν,
1557 846 1651 899 καὶ
1680 844 1926 909 σκέπειν,

344 933 438 986 καὶ
469 932 715 996 ἐκείνους
738 933 939 1004 μᾶλλον
964 935 1155 1004 χεῖρας
1184 931 1457 1005 μιγνύειν.

405 1024 515 1091 ξς’.
545 1025 656 1096 Τὴν
700 1025 757 1079 δὲ
812 1028 911 1098 σὴν
964 1026 1287 1098 ὲνδοξότητα
1362 1025 1692 1097 κελεύομεν,
1766 1028 1935 1099 μέχρι

342 1115 443 1187 μὲν
470 1120 497 1171 ό
523 1118 719 1190 καιρὸς
764 1119 871 1189 τῆς
904 1119 1190 1191 συμϐολῆς
1237 1120 1492 1193 γένηται,
1539 1120 1786 1188 τάσσειν,
1836 1123 1932 1176 καὶ

338 1212 683 1280 ἐπιϐλέπειν,
709 1214 805 1270 καὶ
834 1215 1175 1287 ἁρμόζεσθαι
1197 1219 1264 1288 τῇ
1304 1216 1413 1271 τῶν
1440 1216 1659 1289 ἐχθρῶν
1690 1219 1928 1289 κινήσει.

336 1305 473 1359 Τότε
505 1306 562 1359 δὲ
595 1306 655 1360 ἐν
678 1306 757 1378 τῷ
792 1307 949 1379 ίδικῷ
974 1326 1070 1363 σου
1112 1310 1371 1382 ἔρχεσθαι
1400 1312 1673 1383 τάγματι,
1699 1314 1838 1386 ὅπερ
1866 1314 1939 1369 οὗ-

339 1396 475 1466 πρδς
510 1397 712 1469 μάχην,
743 1398 880 1454 ἀλλὰ
901 1400 1038 1471 πρὸς
1067 1403 1271 1456 σκοπόν
1300 1420 1425 1458 τινα
1459 1406 1554 1458 καὶ
1593 1404 1794 1459 κανόνα
1829 1408 1932 1477 τῆς

335 1488 561 1561 πρώτης
592 1492 688 1545 καὶ
708 1491 969 1566 δευτέρας
1007 1492 1219 1561 τάξεως
1242 1497 1509 1554 τέτακται
1544 1516 1559 1532 ·
1601 1499 1748 1554 τοῦτ’
1785 1499 1931 1554 ἐστιν

337 1583 396 1635 ἐν
421 1581 496 1652 τῷ
522 1583 674 1655 μέσῳ
704 1585 890 1658 χωρίῳ
919 1586 1020 1658 τῆς
1037 1587 1301 1662 δευτέρας
1327 1591 1558 1657 τάξεως.

410 1674 509 1740 ξςν.
537 1676 715 1733 Πολλὰ
746 1678 799 1732 δὲ
838 1679 1063 1749 βοὺκινα
1102 1680 1284 1737 λαλεῖν
1331 1683 1365 1755 ἢ
1423 1688 1599 1741 κινεῖν
1647 1689 1704 1741 ἐν
1749 1687 1930 1763 καιρῷ

338 1768 540 1839 μάχης,
567 1767 643 1833 ὡς
672 1770 963 1837 ἑπιϐλαϐὲς
995 1773 1056 1827 δν
1102 1774 1171 1829 οὐ
1219 1776 1686 1848 συμϐουλεύομεν,
1732 1779 1822 1835 ἵνα
1852 1780 1928 1852 μὴ

2030 568 2238 624 fuerim
2269 588 2281 625 :
2314 569 2406 625 ubi
2437 576 2621 623 autem
2650 567 3060 622 committendae
3086 568 3232 623 acies
3260 576 3411 631 sunt,
3472 577 3609 624 stre-

2030 660 2335 715 nuissimos
2365 674 2616 730 quosque
2638 673 2702 713 ex
2736 658 2853 714 suis
2883 658 3015 714 viris
3049 658 3119 713 ad
3151 658 3298 714 latus
3331 674 3494 714 suum
3528 660 3617 713 in-

2030 759 2270 817 struant,
2301 761 2356 806 et
2379 751 2433 805 in
2471 751 2688 805 illorum
2722 759 3081 821 conspectum
3118 750 3364 819 veniant,
3383 751 3621 824 illosque

2030 844 2098 899 ad
2124 859 2322 900 manus
2346 844 2718 901 conserendas
2746 844 3053 916 impellant.

2102 1021 2193 1079 66.
2220 1022 2482 1096 Dignitacti
2512 1032 2627 1081 tua:
2649 1026 3024 1097 praecipimus,
3054 1035 3114 1081 ut
3145 1041 3321 1097 usque
3359 1028 3429 1082 ari
3482 1043 3619 1084 con-

2031 1114 2350 1171 ﬂictationis
2380 1126 2621 1191 tempus.
2647 1117 2913 1184 instruas,
2942 1117 3273 1188 perlustres,
3324 1126 3489 1189 atque
3522 1119 3621 1173 ad-

2031 1222 2193 1279 pares
2222 1208 2527 1265 exercitum
2564 1209 2838 1266 adversus
2867 1210 3112 1265 hostium
3146 1211 3409 1281 impetum
3453 1226 3622 1266 :con-

2031 1298 2193 1355 sertis
2221 1299 2335 1369 jam
2370 1300 2629 1357 manibus
2670 1301 2737 1357 ad
2777 1310 2928 1357 tuam
2982 1301 3159 1373 ipsius
3207 1304 3490 1358 cohortem
3531 1318 3624 1358 ve-

2032 1392 2173 1459 nias,
2212 1407 2320 1447 non
2383 1401 2444 1447 ut
2489 1392 2565 1447 ibi
2621 1394 2914 1465 prtelieris,
2949 1394 3044 1449 sed
3096 1401 3159 1448 ut
3214 1393 3534 1464 speculcris,
3569 1404 3625 1450 et

2032 1486 2334 1557 perlustres
2380 1496 2496 1541 tum
2525 1488 2779 1557 primam,
2817 1495 2931 1542 tum
2962 1487 3261 1543 secundam
3291 1488 3484 1554 aciem,
3519 1487 3626 1543 hoc

2032 1587 2119 1634 est
2166 1579 2231 1633 ad
2278 1579 2518 1634 medium
2564 1580 2745 1634 locum
2803 1580 3058 1636 secunda!
3088 1580 3246 1636 aciei.

2104 1669 2196 1725 67.
2225 1668 2428 1726 Multas
2450 1672 2713 1727 buccinas
2745 1673 3028 1728 concitare
3065 1681 3230 1743 atque
3261 1673 3472 1739 inﬂare,
3496 1674 3623 1729 belli

2034 1774 2280 1835 tempore
2320 1765 2578 1820 inscitum
2616 1775 2784 1835 atque
2826 1765 3203 1822 inconsultum
3228 1781 3351 1823 esse
3381 1767 3621 1831 videtur,

335 1861 401 1914 ὲκ
422 1860 614 1915 τούτου
657 1862 888 1932 θόρυϐός
923 1883 1007 1928 τις
1070 1868 1168 1921 καὶ
1230 1868 1496 1940 σύγχυσις
1541 1870 1790 1942 γένηται*
1832 1850 1927 1926 καί

2033 1859 2161 1929 quia
2214 1873 2279 1912 ex
2314 1874 2379 1913 eo
2413 1859 2753 1927 perturbatio
2795 1868 2851 1913 et
2904 1858 3158 1914 confusio
3186 1860 3418 1925 orietur,
3446 1875 3625 1931 neque

332 1954 444 2023 γὰρ
460 1954 550 2007 διὰ
582 1956 743 2010 τοῦτο
792 1958 915 2011 οὐδὲ
959 1959 1028 2013 τὰ
1062 1962 1560 2034 παραγγελλόμενα
1619 1963 1798 2029 καλῶς
1843 1965 1931 2030 ἒξ-

333 2040 635 2094 ακούεσθαι
660 2043 903 2099 δύναται.
945 2046 1086 2100 Ἀλλ’
1122 2050 1171 2102 εί
1204 2050 1303 2121 μὲν
1340 2051 1370 2103 ό
1409 2052 1573 2118 τόπος
1615 2054 1816 2125 ὁμαλὸς
1836 2055 1926 2108 εὖ·

340 2130 499 2203 ρεθῇ,
534 2134 697 2205 ἀρκεῖ
724 2135 785 2189 τὸ
819 2137 1069 2207 βούκινον
1099 2140 1193 2195 τοῦ
1225 2142 1393 2213 μέσου
1452 2145 1653 2218 μέρους
1688 2146 1929 2219 ἑκατέρᾳ

333 2226 662 2295 παρατάξει.
692 2229 755 2283 Et
781 2230 1145 2304 δὲάνώμαλός
1194 2236 1367 2304 ἐστιν,
1397 2237 1673 2310 ἢᾶνεμος,
1700 2241 1777 2305 ὡς
1806 2241 1931 2295 πολ-

335 2315 517 2382 λάκις,
540 2322 865 2396 ταραχώδης
915 2328 1170 2394 κινεῖται,
1203 2327 1236 2400 ἢ
1270 2323 1407 2401 ἦχος
1465 2330 1659 2398 ὕδατος
1713 2350 1930 2406 παρεμ-

340 2411 544 2478 ποὸίζιι
583 2417 648 2487 τῇ
709 2421 860 2489 φωνῇ
923 2421 1020 2473 τοῦ
1074 2420 1336 2494 καθαρῶς
1405 2424 1777 2491 διακούεσθαι,
1830 2429 1930 2483 οὐκ

338 2503 537 2559 ἄτοπον
561 2508 685 2562 τότε
718 2511 813 2564 καὶ
845 2513 905 2565 ὲν
934 2514 1049 2579 τοῖς
1076 2513 1289 2578 λοιποῖς
1330 2517 1560 2588 μέρεσιν
1583 2520 1643 2573 ἒν
1676 2520 1931 2591 βούκινον

334 2598 394 2649 ὲν
424 2600 645 2671 ἑκάστῳ
674 2604 833 2675 μέρει
856 2605 1059 2672 λαλεῖν,
1095 2606 1236 2662 ὥστε
1289 2610 1416 2682 τρία
1466 2610 1648 2667 λαλεῖν
1707 2611 1931 2684 βούκινα

335 2691 395 2744 ἐν
428 2693 526 2764 ὅλῃ
552 2697 622 2767 τῇ
647 2696 977 2768 παρατάξει.
1021 2699 1188 2754 Ὅσον
1210 2702 1322 2774 γὰρ
1345 2704 1378 2774 ὴ
1401 2705 1606 2775 ἡσυχία
1657 2706 1924 2776 φυλάττει

333 2798 447 2847 ται,
471 2782 841 2840 τοσοῦτονκαὶ
856 2788 904 2841 oi
932 2788 1189 2862 νεώτεροι
1214 2791 1505 2864 ἀτάραχοι,
1533 2795 1630 2849 καὶ
1662 2796 1730 2850 τὰ
1756 2795 1928 2866 ἄλογα

338 2876 594 2949 ἄπτυρτα
621 2878 856 2947 γίνεται,
898 2883 993 2935 καὶ
1023 2885 1056 2953 ἡ
1100 2883 1253 2950 τάξις
1279 2886 1637 2959 φοϐερωτέρα
1688 2891 1800 2954 τοῖς
1834 2891 1928 2962 ὲχ-

334 2964 482 3036 θροῖς
507 2968 783 3035 φαίνεται,
799 2972 983 3027 καὶτὰ
1005 2975 1251 3042 μανδέιτα
1272 2976 1511 3042 εὐκόλως
1539 2979 1926 3048 γινώσκονται.

407 3054 509 3127 ξτγ.
544 3057 637 3112 Διὸ
671 3059 793 3113 οὐδὲ
822 3062 921 3133 τὴν
987 3062 1118 3118 οἵαν
1170 3062 1264 3117 οὖν
1323 3066 1509 3137 φωνὴν
1547 3068 1795 3141 ἀκαίρως
1847 3070 1934 3125 δεῖ

2034 1950 2179 2006 enim
2210 1950 2348 2005 bene
2384 1950 2649 2020 imperata
2669 1951 2917 2006 exaudiri
2945 1960 3203 2021 possunt.
3232 1951 3289 2006 Si
3343 1952 3489 2006 enim
3541 1952 3625 2005 lo-

2032 2058 2133 2099 cus
2166 2042 2453 2113 aequabilis
2494 2040 2679 2103 fuerit.
2712 2044 2905 2099 media:
2960 2050 3157 2099 turmae
3209 2042 3445 2098 buccina
3482 2042 3624 2097 utri-

2033 2152 2140 2209 que
2165 2137 2301 2194 aciei
2355 2138 2491 2193 satis
2550 2136 2739 2193 fuerit.
2792 2135 2888 2191 Sin
2945 2135 3234 2207 inmqualis
3286 2135 3471 2201 fuerit,
3528 2144 3624 2190 aut

2034 2238 2251 2294 ventus,
2285 2230 2432 2299 quod
2462 2244 2605 2299 saepe
2640 2230 2720 2295 lit,
2752 2228 3105 2283 turbulentus
3136 2227 3248 2295 ﬂet,
3311 2229 3393 2283 vel
3451 2245 3621 2298 aqua-

2036 2338 2154 2378 rmn
2194 2338 2460 2379 susurrus
2491 2328 2680 2378 vocem
2699 2322 2849 2378 clare
2877 2322 3130 2378 exaudiri
3162 2321 3449 2393 impediat,
3473 2321 3624 2377 haud

2033 2415 2130 2469 abs
2160 2430 2215 2469 re
2245 2413 2412 2470 fuerit
2453 2414 2508 2468 in
2546 2414 2775 2485 reliquis
2810 2413 3007 2469 turmis
3042 2430 3209 2469 unam
3246 2414 3534 2469 buccinam
3569 2412 3625 2467 in

2036 2523 2369 2580 unaquaque
2400 2518 2582 2565 turma
2612 2522 2934 2580 personare,
2989 2516 3052 2563 ut
3099 2507 3153 2562 in
3207 2508 3323 2563 acie
3369 2508 3625 2562 universa

2036 2614 2148 2659 tres
2198 2603 2379 2658 solum
2436 2603 2687 2659 buccinae
2743 2612 2962 2658 sonent.
3006 2600 3224 2668 Quanto
3266 2602 3411 2656 enim
3450 2602 3629 2673 magis

2035 2697 2316 2754 silentium
2376 2706 2653 2764 servatur,
2712 2705 2869 2751 tanto
2922 2697 3100 2767 magis
3164 2696 3628 2751 adolescentiorcs

2034 2788 2270 2844 lirmiori
2340 2790 2527 2843 animo
2591 2796 2742 2854 sunt,
2814 2796 2869 2843 et
2946 2786 3201 2856 iumenta
3283 2788 3458 2858 magis
3536 2786 3624 2841 in—

2034 2881 2271 2951 trepida,
2324 2880 2583 2952 aciesque
2608 2881 2728 2951 ipsa
2816 2880 3072 2935 hostibus
3134 2880 3453 2948 Lterribilior
3503 2892 3624 2935 esse

2035 2971 2274 3038 videtur,
2314 2972 2698 3042 imperataque
2726 2970 2965 3026 celerius
2997 2981 3123 3026 nota
3161 2971 3319 3026 liunt.

2106 3062 2194 3119 68.
2264 3062 2450 3135 Itaque
2506 3064 2601 3119 ubi
2651 3062 2926 3119 exercitus
2966 3063 3041 3118 ad
3095 3064 3296 3118 bellum
3355 3063 3624 3134 procedit,

332 3147 630 3204 ἀκούεσθαι
662 3152 800 3223 μετὰ
837 3153 899 3207 τὸ
929 3155 1197 3210 κινεῖσθαι
1230 3157 1331 3229 τὴν
1362 3159 1671 3231 παράταξιν
1694 3162 1786 3215 ἐπὶ
1822 3164 1922 3217 πό-

2035 3157 2241 3213 nullam
2266 3165 2483 3229 oportet
2513 3173 2706 3213 vocem
2736 3171 2831 3211 aut
2852 3174 3048 3214 sonum
3075 3170 3106 3212 a
3144 3173 3425 3228 quoquam
3454 3166 3627 3212 teme-

332 3243 392 3297 λε
400 3263 522 3316 μον,
539 3245 810 3321 άλλὰξᾶμα
835 3249 930 3304 τοῦ
953 3251 1194 3317 ἐξελθεῖν
1216 3253 1325 3307 ἀπὸ
1346 3254 1440 3308 τοῦ
1469 3257 1743 3327 φοσσάτου
1759 3260 1927 3331 ἦγουν

2032 3263 2093 3304 re
2124 3250 2322 3315 emitti,
2378 3249 2474 3305 sed
2509 3250 2676 3305 simul
2704 3256 2763 3304 ut
2793 3264 2823 3304 e
2853 3250 3053 3305 castris
3078 3247 3147 3304 ad
3196 3249 3453 3319 praelium
3482 3248 3631 3304 vadit

329 3334 431 3388 τοῦ
466 3336 733 3391 ἀπλίκτου
755 3338 846 3392 τὸν
879 3341 1114 3413 στρατὸν
1145 3344 1239 3397 ἐπὶ
1266 3343 1366 3417 τὴν
1420 3346 1604 3419 μάχην
1664 3350 1929 3406 παντοίαν

329 3429 570 3498 ἡσυχίαν
592 3430 749 3501 ἄγειν
768 3434 863 3487 καὶ
894 3434 1064 3506 μηδὲν
1094 3437 1343 3509 ἀκαίρως
1370 3439 1732 3510 φθέγγεσθαι.
1756 3444 1931 3499 Τοῦτο

331 3521 447 3592 γὰρ
475 3524 535 3575 οὐ
569 3525 732 3595 μόνον
754 3526 845 3579 τὸν
875 3529 1109 3598 στρατὸν
1151 3530 1428 3603 ἀτάραχον
1491 3535 1929 3603 φυλάττει,άλλὰ

336 3613 525 3668 καὶτὰ
552 3615 664 3668 τῶν
687 3617 972 3689 ἀρχόντων
1012 3618 1182 3691 βάνδα
1202 3623 1345 3693 μετὰ
1372 3626 1648 3699 προσοχῆς
1690 3628 1929 3683 ἀποσκο-

252 3718 263 3731 ν
330 3706 556 3762 πεῖσθαι
570 3711 734 3765 ποιεῖ.

407 3796 503 3863 ξθ’.
534 3799 608 3853 Τὸ
634 3800 695 3854 δὲ
731 3802 932 3875 μέτρον
958 3807 1053 3858 καὶ
1079 3805 1178 3877 τὴν
1208 3807 1474 3880 ποιότητα
1495 3810 1594 3881 τῆς
1650 3828 1713 3865 συ
1722 3812 1927 3885 μϐολῆς

328 3891 469 3944 αὐτὸ
488 3892 548 3944 τὸ
570 3895 800 3966 πρᾶγμα
814 3896 1124 3969 δοκιμάζει,
1148 3899 1296 3972 καὶὴ
1319 3902 1588 3975 σφίγξιςή
1614 3905 1925 3975 πρέπουσα,

329 3986 428 4038 καὶ
464 3986 497 4057 ἡ
527 3987 640 4042 τῶν
662 3988 875 4060 ἐχθρῶν
900 3991 1201 4063 παρουσία.
1220 3994 1330 4048 Καὶ
1370 3994 1626 4050 κινοῦντα
1665 3998 1765 4067 μὲν
1789 3999 1928 4070 πρὸς

327 4078 436 4139 τὴν
467 4080 794 4152 συμπλοκὴν
819 4083 919 4153 τὴν
953 4084 1162 4156 συνήθη
1192 4087 1520 4158 νικητήριον
1557 4088 1652 4142 τοῦ
1683 4090 1924 4162 σταυροῦ

325 4168 520 4241 φωνὴν
543 4171 877 4243 ἀνακράζειν
894 4174 995 4230 δεῖ.

403 4269 471 4317 ο’.
508 4264 681 4318 Ὅταν
714 4267 771 4320 δὲ
796 4269 877 4332 εἰς
904 4268 1096 4341 χεῖρας
1123 4268 1254 4346 ἔλθῃ
1279 4273 1308 4326 ό
1359 4273 1614 4346 στρατὸς,
1633 4272 1757 4328 τότε
1788 4272 1923 4328 ἀλα-

322 4353 595 4428 λάζειν,ῆ
623 4356 921 4430 ὠρύεσθαι,
956 4362 1053 4415 καὶ
1096 4362 1333 4432 μάλιστα
1358 4365 1485 4430 τοὺς
1518 4363 1743 4421 ὄπισθεν
1789 4382 1924 4420 τασ-

328 4449 597 4517 σομένους
627 4450 737 4504 τῶν
757 4452 903 4506 ίόίων
938 4454 1039 4507 οὐκ
1072 4454 1276 4510 ἄτοπόν
1299 4456 1467 4512 ἐστιν.

403 4745 502 4793 οαν,
554 4740 847 4811 Ἀρμόδιον
890 4743 947 4797 δὲ
1001 4746 1134 4816 ἡμῖν
1168 4749 1566 4819 καταφαίνεται
1600 4751 1662 4805 ὲν
1709 4751 1788 4823 τῷ
1824 4753 1926 4823 τῆς

322 4830 663 4902 συμπλοκῆς
695 4832 876 4905 καιρῷ
908 4835 1003 4890 καὶ
1032 4835 1094 4890 τὸ
1121 4838 1231 4893 τῶν
1279 4839 1595 4911 λεγομένων
1655 4845 1926 4898 καντατό-

320 4924 650 4997 ρωνέργον.
687 4921 851 4982 Οὗτοι
881 4927 939 4982 δέ
973 4931 1113 4985 εἰσιν
1144 4933 1195 4985 oi
1228 4932 1323 4987 τὸν
1360 4934 1593 5005 στρατὸν
1632 4935 1723 4991 διὰ
1750 4937 1926 5007 λόγων

319 5018 796 5090 παροτρύνοντες,
868 5022 963 5077 καὶ
999 5022 1486 5095 συμϐουλεύοντες,
1548 5027 1646 5082 καὶ
1707 5045 1919 5084 κατεπ-

314 5109 579 5182 ᾴδοντες,
615 5113 712 5167 καὶ
778 5114 1231 5187 παρακαλοῦντες
1294 5118 1435 5191 πρὸς
1500 5118 1629 5184 τοὺς
1681 5121 1925 5191 ἀγῶνας,

315 5203 428 5256 καὶ
462 5204 571 5267 ἵνα,
599 5206 647 5259 εἱ
673 5205 921 5273 δυνατὸν,
965 5208 1026 5275 ἐξ
1054 5207 1235 5264 αὐτῶν
1265 5209 1490 5264 ἐκείνων
1514 5210 1624 5265 τῶν
1656 5224 1925 5285 στρατιω-

313 5292 494 5365 τῶνῆ
520 5296 630 5349 τῶν
650 5298 927 5369 ἀρχόντων
953 5300 1016 5354 τὸ
1035 5300 1451 5373 τοιοῦτονέργον
1478 5304 1737 5360 ποιεῖται.
1770 5302 1924 5356 Ἐπι-

314 5386 581 5455 λέγονται
612 5388 669 5443 δὲ
720 5391 1005 5458 τοιούτους
1062 5392 1279 5463 λογίους
1330 5395 1533 5468 ἄνδρας
1566 5397 1616 5450 οί
1658 5397 1923 5469 ἄρχοντες

310 5479 427 5533 καὶ
447 5480 711 5548 δυνατοὺς
741 5481 835 5539 διὰ
857 5486 1033 5556 λόγων
1057 5487 1268 5558 ὁμιλεῖν
1321 5487 1401 5560 τῷ
1438 5488 1676 5562 στρατῷ.
1723 5489 1790 5543 Ἡ
1810 5490 1922 5561 γὰρ

310 5570 591 5625 κοινωνία
635 5572 730 5626 τοῦ
785 5576 1034 5647 καμάτου
1091 5578 1186 5630 καὶ
1262 5577 1373 5632 τῶν
1424 5578 1604 5633 πόνων
1672 5578 1921 5633 εὐπειθε-

2032 3342 2200 3411 acies,
2243 3341 2407 3397 tacita
2434 3341 2539 3396 iter
2574 3342 2759 3408 faciat,
2796 3342 3047 3413 nihilque
3078 3351 3287 3395 temere
3313 3340 3576 3410 loquatur
3612 3361 3625 3397 :

2034 3434 2138 3490 hoc
2188 3436 2336 3488 enim
2369 3448 2480 3489 non
2512 3436 2676 3488 modo
2702 3434 3003 3489 exercitum
3039 3431 3428 3487 animosiorem
3472 3429 3625 3499 facit,

2032 3526 2125 3581 sed
2157 3535 2211 3583 et
2241 3526 2622 3598 praefectorum
2654 3526 2912 3584 cohortes
2947 3524 3213 3581 attentius
3263 3524 3627 3580 animadverti

2033 3616 2184 3672 facit.

2103 3821 2192 3877 69.
2244 3819 2464 3876 Modum
2518 3830 2572 3877 et
2600 3821 2833 3877 formam
2887 3823 3217 3896 conﬂigendi
3248 3842 3337 3882 res
3395 3829 3532 3899 ipsa,
3574 3839 3630 3885 et

2035 3914 2329 3971 commoda
2386 3913 2659 3981 densatio,
2702 3924 2755 3968 et
2779 3913 3130 3969 inimicorum
3160 3917 3475 3985 prmsentia,
3507 3918 3624 3974 elli-

2031 4008 2197 4064 cient.
2251 4006 2387 4060 Cum
2446 4021 2574 4060 vero
2622 4005 2736 4074 jam
2797 4007 2865 4060 ad
2914 4005 3379 4062 conﬂictationem
3441 4025 3624 4064 movet

2030 4100 2327 4165 exercitus,
2367 4108 2625 4152 consueta
2660 4095 2991 4153 Christianis
3022 4114 3127 4153 vox
3170 4099 3488 4169 usurpanda
3520 4113 3625 4167 cst,

2030 4192 2348 4263 νικητήριον
2388 4190 2480 4244 τοῦ
2521 4191 2779 4261 σταυροῦ,
2815 4191 3002 4247 crucis
3034 4192 3290 4248 victoria.

2104 4282 2191 4338 70.
2227 4282 2477 4339 Manibus
2498 4283 2611 4353 jam
2647 4284 2917 4341 consertis
2949 4285 3222 4341 clamores
3250 4300 3417 4356 quam
3446 4288 3627 4343 maxi-

2031 4393 2155 4434 mos
2191 4377 2606 4442 altissimosque
2656 4376 2820 4433 cdere
2852 4392 2963 4432 non
2995 4378 3194 4434 inutile
3238 4377 3425 4445 fuerit,
3458 4388 3626 4450 atque

2037 4486 2132 4527 eos
2162 4471 2215 4526 in
2244 4471 2463 4541 primis,
2532 4486 2625 4539 qm
2651 4486 2680 4524 a
2708 4480 2863 4540 tergo
2891 4470 3029 4526 aciei
3102 4472 3480 4536 instruuntur,
3509 4478 3624 4527 tum

1951 4562 2099 4623 Dad
2151 4562 2336 4617 hostes
2386 4561 2937 4630 perterrefacicndos,
2986 4572 3103 4618 tum
3138 4563 3206 4619 ad
3237 4578 3369 4620 suos
3428 4566 3630 4619 contir-

2031 4652 2285 4709 mandos.

2099 4749 2189 4804 7|.
2224 4749 2584 4804 Cantatorum
2637 4764 2857 4821 quoque
2907 4764 3109 4804 munus
3136 4748 3190 4803 in
3231 4746 3426 4819 proelio
3457 4746 3629 4818 negli-

2031 4842 2269 4913 gendum
2328 4858 2437 4897 non
2496 4852 2579 4898 est
2625 4863 2637 4897 :
2678 4842 2716 4898 ii
2746 4852 2896 4908 sunt,
2931 4840 3027 4913 qui
3070 4839 3374 4895 exercitum
3413 4840 3629 4895 univer-

2031 4949 2154 4990 sum
2186 4936 2434 4992 oratione
2483 4952 2580 4993 sua
2607 4936 2673 4992 ad
2705 4936 2955 5007 proelium
2996 4933 3257 4999 incitant,
3310 4934 3626 5006 impellunt,

2031 5029 2355 5095 consulunt,
2418 5029 2806 5087 adhortantur.
2867 5028 2926 5083 Si
2988 5027 3106 5085 ﬂeri
3181 5028 3410 5099 poterit,
3459 5028 3625 5084 iidem

2031 5121 2236 5177 milites
2296 5120 2668 5193 prazfectique,
2730 5121 2824 5192 qui
2866 5121 2935 5176 ad
2980 5120 3393 5177 dimicationem
3425 5135 3625 5190 proce-

2029 5213 2188 5280 dunt,
2221 5214 2287 5269 ad
2319 5214 2427 5269 hoc
2449 5229 2651 5269 munus
2677 5212 2992 5269 faciendum
3017 5212 3311 5284 eligantur.
3339 5211 3625 5282 Eligantur

2030 5314 2213 5361 autem
2246 5305 2572 5376 eloquentes
2615 5304 2751 5373 viri,
2775 5305 2983 5377 quique
3007 5304 3257 5361 oratione
3284 5318 3385 5360 sua
3413 5313 3625 5359 vertere

2029 5398 2085 5454 in
2117 5414 2309 5454 omnes
2348 5409 2531 5470 partes
2582 5398 2819 5454 militum
2852 5400 3069 5455 animos
3112 5397 3347 5469 possint.
3376 5396 3624 5453 Societas

2029 5491 2176 5547 enim
2219 5508 2400 5564 operae
2450 5491 2832 5564 laborumque,
2865 5492 3039 5562 magis
3086 5490 3411 5549 obulientca
3455 5498 3626 5561 atque

2030 5586 2242 5641 alacres
2284 5586 2350 5642 ad
2396 5587 2809 5643 exhortationes
2858 5584 3242 5658 approbandas
3286 5599 3624 5657 persequen—

316 5661 563 5732 στέρους
616 5669 767 5720 ποιεῖ
794 5669 921 5732 τοὺς
942 5669 1249 5735 ἀκούοντας
1292 5673 1407 5734 τοῖς
1445 5672 1921 5743 παρακολουθοῦσι

2030 5678 2237 5749 dasque
2262 5678 2411 5735 facit.

314 5756 797 5825 συστρατιώταις.

387 5846 691 5920 οβ’.Λέγειν
706 5852 759 5906 δὲ
782 5855 906 5919 τοὺς
926 5855 1263 5929 καντάτορας
1286 5856 1421 5927 πρὸς
1438 5857 1528 5912 τὸν
1548 5859 1778 5931 στρατὸν
1796 5877 1924 5931 προ·

2112 5859 2197 5914 72.
2248 5859 2575 5918 Cantatorcs
2626 5870 2811 5917 autem
2864 5859 3114 5917 suasoria
3166 5856 3413 5929 quadam
3466 5865 3630 5926 atque
