4090 6438
424 363 530 430 8Ξῖ,

1689 343 1963 408 LEONIS
1998 338 2460 407 PHILOSOPHI

3581 328 3687 400 898

419 474 829 534 exhortationes
862 470 993 524 tales
1035 463 1350 522 adhibeant.
1384 460 1628 516 Primum
1660 473 1998 514 eommemo—
2027 513 2033 521 ,

2138 455 2372 527 ρεπτικά
2387 471 2508 508 τινα
2539 452 2673 525 πρὸς
2689 469 2781 506 τον
2797 452 3031 523 πόλεμον
3057 452 3282 506 τοιαῦτα
3302 467 3315 482 ο
3352 449 3568 522 πρῶτον
3591 452 3688 520 μὲν

422 578 545 623 rent
588 565 890 621 mercedem
913 559 1031 614 ﬁdei
1055 559 1108 612 in
1142 555 1311 611 Deum
1343 552 1572 608 :deinde
1604 552 1807 622 regiam
1835 551 2000 604 bene-

423 652 1026 714 ﬁcentian‘tzbcneﬁcia
1079 659 1205 704 ante
1239 647 1434 702 collata
1497 662 1510 698 :
1557 658 1780 699 causam
1829 655 2005 696 susce-

422 760 570 820 ptam
605 763 702 818 pro
756 747 886 810 Dea,
913 753 967 799 et
1003 743 1120 812 ejus
1155 741 1468 803 dilectione,
1516 753 1580 792 ac
1617 751 1714 806 pro
1745 735 2002 790 universa

425 841 664 902 natione,
685 847 845 906 atque
873 838 1008 890 adeo
1034 851 1131 904 pro
1156 831 1419 887 fratribus
1446 829 1704 884 omnibus
1731 827 2004 889 ﬁdelibus,

424 938 478 981 et
511 928 556 982 si
597 942 730 982 usus
789 924 948 988 ferat,
985 939 1083 994 pro
1115 938 1302 987 uxore,
1341 920 1546 985 liberis,
1598 920 1772 989 patria
1809 937 1822 972 :
1857 932 2006 972 sem-

427 1020 692 1088 piternam
750 1032 871 1072 csse
900 1015 1218 1070 memoriam
1249 1027 1438 1068 eorum
1483 1011 1575 1082 qui
1614 1021 1836 1066 strenue
1864 1024 1923 1063 se
1953 1008 2006 1060 in

432 1109 574 1161 bello
625 1122 722 1176 pro
768 1105 997 1160 fratrum
1031 1105 1282 1160 libertate
1314 1111 1549 1172 gerunt:
1583 1110 1772 1156 contra
1799 1097 2008 1154 Christi

442 1197 630 1252 hostes
658 1196 762 1249 hoc
825 1195 1023 1250 bellum
1051 1202 1362 1262 susceptum
1390 1206 1514 1248 esse
1541 1207 1554 1243 :
1589 1204 1690 1244 nos
1717 1189 1885 1242 Deum
1911 1187 2008 1240 ha-

430 1290 556 1342 bere
582 1288 900 1357 propitium,
935 1287 988 1340 in
1021 1285 1178 1352 cujus
1210 1299 1374 1338 manu
1409 1297 1571 1338 omne
1601 1281 1726 1336 belli
1759 1294 2010 1335 momen-

434 1395 548 1436 tum
584 1383 840 1451 ponitur:
865 1379 988 1433 illos
1017 1385 1237 1447 propter
1263 1375 1704 1430 incredulitatem
1737 1373 2013 1427 contrario

434 1476 489 1528 in
523 1485 665 1528 statu
697 1487 838 1538 esse,
872 1482 926 1525 et
957 1471 1004 1525 si
1037 1469 1167 1540 quid
1200 1469 1305 1524 tale
1343 1467 1709 1538 excogitatum
1750 1465 1841 1530 sit,
1870 1464 2015 1534 quod

437 1568 656 1622 illorum
688 1573 896 1618 mentes
919 1562 986 1618 ad
1023 1563 1222 1618 bellum
1249 1559 1590 1615 inﬂammare
1624 1559 1820 1628 possit.
1849 1556 2008 1626 Ejus-

437 1658 584 1712 modi
633 1656 778 1710 enim
820 1656 996 1710 oratio
1027 1653 1313 1708 commode
1340 1652 1546 1716 habita,
1583 1651 1793 1704 animos
1822 1649 2006 1704 homi-

436 1764 568 1804 num
597 1751 767 1819 magis
791 1747 1037 1817 impellit,
1071 1760 1236 1817 quam
1262 1759 1492 1814 magnus
1528 1742 1773 1812 pecuniae
1807 1755 2003 1795 nume-

439 1856 556 1894 I'US.

515 2017 605 2071 75.
633 2015 749 2071 lloc
782 2024 964 2071 autem
999 2014 1436 2086 prattereundum
1474 2027 1582 2068 non
1615 2019 1734 2066 est:
1761 2007 2018 2080 quoniam

441 2112 630 2165 hostes
691 2107 872 2174 facile,
923 2124 1024 2178 pro
1079 2122 1308 2161 numero
1377 2104 1704 2175 insignium,
1754 2103 2019 2171 integram

438 2198 841 2254 multitudinem
883 2197 1156 2252 exercitus
1187 2208 1520 2266 cognoscere
1543 2201 1797 2263 possunt,
1824 2205 2019 2246 neces-

440 2293 648 2347 sarium
686 2305 808 2346 esse
855 2291 1193 2344 arbitramur
1217 2289 1326 2343 duo
1358 2289 1560 2343 similia
1597 2287 1652 2340 in
1683 2297 2024 2354 unaquaque

440 2382 668 2437 cohorte
727 2395 851 2437 esse
885 2381 1146 2450 insignia,
1199 2395 1368 2434 unum
1423 2378 1641 2448 quidem
1678 2376 1894 2432 comitis
1928 2387 2026 2428 no-

442 2475 609 2540 mine,
657 2475 886 2528 alterttm
947 2473 1343 2528 centurionis:
1400 2480 1453 2527 ct
1503 2482 1732 2540 utraque
1794 2466 2027 2535 insignia

444 2579 619 2633 usque
652 2565 718 2618 ad
749 2564 894 2618 diem
926 2563 1051 2618 belli
1089 2572 1391 2633 gestemur.
1419 2559 1515 2614 Die
1545 2571 1724 2614 autem
1761 2559 1880 2627 ipso
1917 2557 2032 2610 bel-

445 2656 509 2722 li,
545 2656 856 2711 authentica
916 2657 1092 2710 banda
1154 2655 1268 2710 sola
1329 2654 1613 2709 eleventur
1640 2661 1697 2706 ut
1733 2667 1799 2705 ne
1845 2649 2031 2704 multis

450 2749 765 2819 insignibus
789 2749 1020 2803 elevatis
1080 2747 1264 2802 omnia
1321 2745 1680 2808 misceantur,
1742 2743 2033 2811 minusque

446 2842 665 2911 cognita
716 2843 825 2897 sint
884 2841 1001 2898 suis
1060 2840 1302 2911 ipsorum
1359 2838 1627 2892 militibus
1674 2836 1821 2891 :ltac
1885 2835 2032 2890 enim

448 2936 663 2990 ratione
720 2935 829 3002 ﬁet,
865 2944 921 2990 ut
948 2949 1278 3006 permagnus
1332 2940 1606 2988 exercitus
1664 2945 1764 3001 pro
1805 2943 2034 2983 numero

448 3026 746 3097 insignium
799 3029 1069 3094 videatur,
1110 3037 1164 3082 et
1213 3028 1334 3096 ipso
1389 3025 1477 3080 die
1535 3023 1663 3080 belli
1719 3020 2036 3078 authentica

450 3125 616 3188 atque
641 3119 898 3174 omnibus
924 3121 1142 3190 cognita
1165 3116 1539 3188 proferantur.

2105 547 2617 614 ἀναμιμνήσκοντας
2642 543 2750 595 τῶν
2784 542 2990 614 μισθῶν
3022 544 3120 613 τῆς
3147 545 3226 606 είς
3275 541 3407 594 Θεὸν
3429 543 3686 605 πίστεως,

2106 637 2326 698 καὶτὰς
2357 639 2420 688 ἐκ
2452 635 2718 706 βασιλέως
2757 633 3096 705 εὐεργεσίας,
3150 634 3243 688 καί
3302 651 3464 686 τινων
3505 635 3692 686 ἐπιτυ-

2105 729 2238 800 χιῶν
2279 730 2786 799 προγεγενημένων.
2824 729 2932 782 Καὶ
2959 729 3042 782 ὅτι
3081 729 3108 780 ὁ
3153 728 3306 796 ἀγὼν
3364 727 3505 796 ὑπὲρ
3549 725 3688 779 Θεοὸ

2107 825 2243 883 ἐστι,
2271 823 2365 874 καὶ
2389 821 2488 890 τῆς
2519 823 2599 884 είς
2615 821 2776 874 αὐτὸν
2822 821 3067 890 ἀγάπης,
3107 820 3202 873 καὶ
3250 819 3391 888 ὑπὲρ
3421 818 3544 871 ὅλου
3593 815 3691 870 τοῦ

2108 914 2312 977 ἔθνους.
2348 914 2518 966 Πλέον
2543 914 2599 966 δὲ
2637 913 2777 986 ὑπὲρ
2837 912 3082 981 ἀδελφῶν
3125 909 3236 964 τῶν
3279 911 3610 982 ὀμοπίστων,
3642 911 3694 962 εί

2108 1005 2282 1076 τύχοι,
2309 1006 2402 1058 καὶ
2443 1005 2584 1074 ὑπὲρ
2603 1004 2900 1072 γυναικῶν,
2936 1006 3032 1057 καὶ
3075 1003 3303 1070 τέκνων,
3341 1004 3436 1056 καὶ
3493 1003 3692 1073 πατρί-

2109 1097 2198 1159 δος
2227 1113 2239 1127 ο
2277 1097 2371 1149 καὶ
2389 1097 2471 1148 ὅτι
2497 1095 2692 1149 αἱωνία
2730 1097 2881 1165 μένει
2919 1095 3108 1167 μνήμη
3151 1094 3261 1148 τῶν
3293 1095 3697 1161 ἀριστευόντων

2114 1189 2258 1242 κατά
2294 1189 2564 1259 πολέμους
2602 1189 2742 1260 ὑπὲρ
2770 1190 2868 1258 τῆς
2916 1189 3023 1242 τῶν
3055 1188 3302 1257 ἀδελφῶν
3339 1188 3692 1260 ἐλευθερίας’

2115 1284 2208 1335 καὶ
2241 1283 2323 1335 ὃτι
2347 1281 2491 1334 κατά
2520 1280 2630 1335 τῶν
2655 1281 2749 1334 τοῦ
2777 1280 2913 1334 Θεοῦ
2943 1280 3156 1352 ἐχθρῶν
3175 1281 3204 1332 ό
3235 1279 3491 1343 τοσοῦτος
3524 1279 3696 1348 ἀγῶν’

2114 1374 2208 1427 καὶ
2233 1374 2313 1426 ὃτι
2339 1375 2497 1443 ἡμεῖς
2531 1373 2629 1442 μὲν
2666 1372 2756 1426 τὸν
2795 1373 2928 1426 Θεὸν
2973 1372 3171 1443 ἔχομεν
3190 1371 3342 1440 φίλον
3365 1373 3457 1424 τὸν
3505 1371 3700 1442 ἔχοντα

2113 1467 2360 1534 ἐξουσίαν
2383 1467 2482 1536 τῆς
2505 1466 2677 1536 ῥοπῆς
2699 1465 2792 1519 τοῦ
2818 1464 3079 1534 πολέμου,
3108 1466 3311 1518 ἐκεῖνοι
3353 1463 3411 1516 δέ
3443 1465 3692 1516 ἐναντίον

2115 1559 2481 1628 αὐτὸνέχουσι
2515 1558 2604 1611 διὰ
2649 1559 2749 1628 τῆς
2780 1559 2861 1621 είς
2908 1558 3069 1611 αὐτὸν
3113 1557 3392 1621 ἀπιστίας,
3439 1557 3533 1610 καὶ
3567 1557 3703 1610 εἴτι

2115 1650 2306 1721 ἕτερον
2355 1650 2568 1712 τούτοις
2616 1650 2804 1719 ὅμοιον
2858 1647 3208 1711 ἐπινοοῦντας
3266 1647 3540 1700 ποιεῖσθαι
3603 1647 3706 1718 τὴν

2119 1738 2532 1810 προτρεπτικὴν
2555 1739 2860 1794 νουθεσίαν.
2894 1739 3072 1793 Πολλά
3111 1738 3220 1809 γὰρ
3250 1738 3425 1808 ἰσχύει
3462 1737 3705 1802 τοιοῦτος

2049 1837 2094 1896 Β
2120 1831 2277 1902 λόγος
2300 1833 2572 1902 εὐκαίρως
2600 1833 2885 1902 γινόμενος
2932 1833 3200 1902 διεγεῖραι
3255 1831 3434 1900 ψυχάς
3497 1830 3703 1900 μᾶλλον

2120 1923 2154 1993 ἢ
2192 1940 2298 1994 χρη
2309 1923 2495 1992 μάτων
2529 1921 2757 1992 πλῆθος.

2183 2021 2284 2083 ογθ.
2319 2015 2442 2068 Ἔτι
2467 2015 2524 2067 δέ
2553 2032 2636 2068 σοι
2663 2015 2758 2068 καὶ
2785 2015 2947 2068 τοῦτο
2997 2014 3058 2068 οὐ
3119 2012 3442 2085 παραλείψω
3465 2027 3480 2043 ⁸
3513 2012 3708 2084 ἐπειδὴ

2121 2107 2231 2179 γὰρ
2255 2107 2482 2160 δυνατόν
2527 2108 2644 2159 ἐστι
2699 2107 3216 2177 καταστοχάσασθαι
3263 2109 3392 2171 τοὺς
3424 2107 3709 2171 ἐναντίους

2123 2199 2220 2267 τῆς
2246 2197 2542 2280 ποῖᾶτητος
2593 2197 2685 2250 τοῦ
2718 2199 2994 2267 ἡμετέρου
3038 2199 3271 2268 στρατοῦ
3306 2198 3382 2262 ὡς
3433 2197 3528 2251 ἐπὶ
3573 2197 3712 2250 πολὺ

2124 2286 2211 2340 διὰ
2238 2285 2331 2339 τοῦ
2365 2285 2606 2356 ἀριθμοῦ
2648 2286 2756 2338 τῶν
2798 2286 3027 2355 βάνδων,
3063 2288 3361 2354 ἀναγκαῖον
3393 2280 3533 2338 εἶναι
3557 2285 3714 2354 λογι-
3779 2291 3783 2295 ’

2127 2375 2333 2447 ζόμεθα
2353 2377 2446 2430 δύο
2497 2379 2659 2446 ὃμοια
2699 2377 2861 2447 βάνδα
2922 2377 3045 2431 καθ’
3101 2379 3336 2431 ἕκαστον
3397 2378 3608 2448 τάγμα,
3649 2377 3712 2430 ἓν

2132 2475 2230 2541 μὲν
2253 2475 2312 2528 τὸ
2332 2453 2652 2528 αὐθεντικδν
2675 2477 2735 2528 τὸ
2787 2475 3002 2544 ὀφεῖλον
3045 2476 3132 2528 ἐπ’
3156 2469 3567 2545 ὀνόματιιεῖναι
3603 2473 3702 2527 τοῦ
3745 2504 3749 2507 -

2128 2565 2387 2635 κόμητος,
2413 2566 2600 2636 ἕτερον
2627 2566 2683 2618 δέ
2709 2565 2768 2619 τὸ
2814 2565 2907 2618 τοῦ
2943 2567 3266 2638 κεντάρχου,
3303 2567 3395 2619 καὶ
3423 2566 3714 2636 ἀμφότερα

2129 2658 2196 2710 τὰ
2237 2658 2402 2727 βάνδα
2447 2657 2812 2727 βαστάζεσθαι
2873 2659 3035 2730 μέχρι
3068 2661 3164 2729 τῆς
3216 2660 3432 2730 ἡμέρας
3490 2657 3585 2711 τοῦ
3617 2676 3718 2712 πο-

2129 2748 2320 2818 λέμου.
2347 2750 2502 2803 Κατὰ
2532 2750 2702 2819 αὐτὴν
2727 2750 2784 2802 δὲ
2814 2749 2911 2821 τὴν
2945 2752 3166 2822 ἡμέραν
3203 2751 3301 2821 τῆς
3350 2749 3625 2821 συμϐολῆς
3648 2748 3721 2802 τὰ

2133 2840 2428 2894 αὐθεντικά
2451 2841 2543 2894 καὶ
2593 2842 2728 2911 μόνα
2765 2841 2932 2911 βάνδα
2972 2840 3267 2911 ὐψοῦσθαι,
3299 2841 3442 2895 ὥστε
3480 2840 3556 2912 μὴ
3587 2839 3724 2892 πολ-ι

2139 2931 2244 2983 λῶν
2282 2931 2491 3002 βάνδων
2544 2932 2868 3002 ὐψουμένων
2911 2931 3106 3000 φύρειν
3152 2930 3456 3000 ἀπαντα,ἢ
3505 2931 3602 2984 καὶ
3631 2931 3727 2984 ἀνι-ι

2134 3021 2444 3089 επῖγνωστα
2485 3022 2738 3091 γενέσθαι
2778 3024 2892 3084 τοῖς
2932 3021 3086 3084 ἰδίοις
3117 3021 3298 3075 αὐτῶν
3323 3019 3685 3092 στρατιώταις
3707 3037 3722 3051 ο

2137 3114 2384 3168 ἐντεῦθεν
2410 3116 2519 3188 γὰρ
2573 3116 2796 3169 δυνατόν
2846 3117 2963 3169 ἐστι
3008 3116 3105 3169 καὶ
3155 3116 3431 3170 πολὺντὸν
3491 3116 3726 3186 στρατὲν

453 3210 740 3281 φαίνεσθαι
782 3213 845 3264 ἐκ
875 3208 967 3264 τοῦ
1023 3207 1259 3280 ἀριθμοῦ
1325 3208 1526 3273 αὐτῶν,
1577 3207 1668 3260 καὶ
1710 3208 1776 3276 τῇ
1833 3205 2017 3278 ἡμέρᾳ
2054 3205 2147 3261 τοῦ
2214 3209 2451 3279 πολέμου
2493 3211 2562 3262 τά
2621 3207 2917 3273 αὐθεντικά
2975 3209 3050 3273 ὡς
3131 3210 3508 3278 εὐεπίγνωστα
3600 3215 3731 3280 φαζ*

453 3302 638 3356 νεσοαι
653 3341 666 3357 .

524 3397 616 3452 74.
667 3396 805 3450 Ante
864 3395 988 3450 belli
1039 3395 1208 3459 diem,
1261 3403 1316 3450 et
1350 3394 1560 3465 aliquot
1625 3403 1886 3463 praeterea
1923 3404 2118 3462 antec

456 3489 670 3551 diebus,
705 3487 1119 3542 exhortationes
1165 3487 1415 3556 quaedam
1443 3489 1574 3539 ﬁant
1596 3486 1661 3539 ad
1690 3485 2040 3540 exercitatio-

459 3595 556 3637 nes
592 3580 943 3649 reliquosque
1014 3593 1195 3634 tn0tus
1253 3579 1480 3634 bellicos
1541 3579 1794 3632 alacriter
1863 3578 2040 3632 susci-

463 3666 728 3737 piendos:
767 3667 1146 3738 unusquisque
1195 3669 1340 3722 enim
1375 3669 1689 3723 turmarclta
1715 3685 1846 3723 suos
1885 3668 2024 3721 advo

465 3760 638 3825 cabit,
669 3767 723 3813 et
756 3759 898 3830 apud
931 3774 1028 3814 eos
1058 3760 1220 3813 verba
1256 3761 1320 3814 ad
1381 3761 1525 3814 hunc
1553 3769 1648 3814 aut
1702 3761 2042 3817 consimilem

465 3852 688 3907 modum
723 3853 881 3906 faciet
911 3870 922 3905 :
951 3851 1071 3906 Non
1102 3860 1304 3907 temere
1335 3853 1449 3906 lucc
1476 3854 1923 3907 exercitationum
1956 3869 2046 3922 ge-

467 3957 596 3997 nera
629 3957 658 3996 a
690 3941 985 4011 majoribus
1016 3942 1241 4005 nostris,
1268 3950 1430 4012 atque
1452 3943 1616 3996 etiam
1649 3943 1717 3996 ab
1753 3944 2048 4012 imperato-

469 4031 621 4086 ribus
684 4042 796 4086 tum
831 4033 1251 4097 recentioribus,
1286 4040 1400 4086 tum
1441 4033 1846 4102 antiquioribus
1887 4034 2046 4088 insti-

470 4131 583 4176 tnta
609 4133 756 4178 sunt.
781 4121 968 4193 Neque
997 4125 1116 4178 sine
1139 4139 1304 4178 causa
1331 4127 1412 4179 lue
1442 4125 1754 4181 artiﬁciosa:
1805 4126 2047 4180 acierum

471 4215 886 4279 instructiones,
940 4224 1054 4271 tum
1105 4217 1448 4280 orbiculata},
1499 4218 1801 4288 reliquique
1865 4230 2050 4273 motus

471 4305 653 4360 bellici
724 4306 1000 4360 adinventi
1062 4317 1208 4360 sunt.
1245 4306 1301 4361 Si
1325 4311 1470 4362 enim
1522 4320 1762 4378 agrestes
1811 4309 1956 4374 ferte,
1994 4319 2053 4364 ttt

471 4396 708 4466 lepores,
745 4397 937 4460 damae,
971 4413 1034 4451 ac
1066 4398 1288 4467 reliquae
1338 4406 1664 4468 centemptre
1693 4401 1901 4468 bestiae,
1929 4417 2050 4456 cum

473 4505 566 4545 eas
607 4489 854 4543 venando
885 4492 1296 4559 consequimur,
1340 4507 1446 4545 non
1471 4495 1695 4548 omnino
1744 4494 1961 4562 longius
1996 4495 2052 4548 in

473 4583 739 4637 directum
779 4582 1089 4652 aufugiunt,
1138 4584 1231 4638 sed
1273 4585 1325 4637 in
1362 4586 1768 4641 contentionem
1797 4597 1849 4642 et
1881 4587 2052 4657 impe—

475 4685 590 4730 tum
620 4686 946 4731 venatorum
985 4677 1282 4742 intucntcs,
1316 4678 1396 4732 sic
1426 4693 1484 4732 se
1520 4679 1959 4744 accommodant,
1997 4691 2054 4732 ut

2212 3387 2305 3442 οδ’.
2348 3388 2458 3456 Πρὸ
2487 3382 2543 3441 δέ
2577 3404 2736 3440 τινων
2767 3387 2991 3458 ἡμερῶν
3021 3388 3115 3442 τοῦ
3149 3389 3342 3460 καιροῦ
3395 3389 3493 3460 τῆς
3526 3391 3733 3460 συμϐο·

2144 3481 2240 3552 λῆς
2283 3481 2370 3534 ὅτε
2423 3479 2658 3549 μάλιστα
2717 3478 2810 3531 καὶ
2868 3481 3288 3550 προγυμνασίαν
3342 3481 3421 3534 δεῖ
3472 3483 3732 3549 γενέσθαι

2143 3573 2252 3626 τῶν
2279 3589 2336 3625 τε
2372 3571 2852 3642 παραγγελμάτων
2881 3573 2973 3623 καὶ
3025 3572 3135 3624 τῶν
3168 3573 3408 3641 μερικῶν
3439 3574 3730 3643 κινήσεων,

2145 3665 2225 3719 δεῖ
2249 3665 2373 3728 τοὺς
2404 3665 2642 3733 ἑκάστης
2680 3663 2926 3732 τούρμας
2951 3664 3218 3734 ἄρχοντας
3251 3665 3734 3736 μετακαλέσασθαι

2147 3757 2241 3810 καὶ
2270 3754 2589 3823 διαλαλῆσαι
2627 3753 2761 3822 πρὸς
2786 3755 2913 3816 τοὺς
2946 3755 3039 3806 τοῦ
3100 3756 3228 3809 ἰδίου
3265 3757 3466 3826 μέρους
3510 3759 3578 3810 τὰ
3631 3758 3736 3827 ἀρ-

2152 3843 2508 3919 μόδια,·οἷονο
2550 3849 2629 3901 ὄτι
2658 3850 2728 3901 Οὐ
2768 3851 2944 3919 μάτην
2991 3851 3045 3902 αι
3083 3853 3383 3921 γυμνασίλι
3425 3851 3533 3904 τῶν
3567 3868 3738 3922 στραι

2150 3941 2360 3994 τιωτῶν
2397 3941 2544 4008 παρά
2577 3959 2632 3992 τε
2661 3942 2769 3993 τῶν
2802 3942 3048 3995 παλαιῶν
3085 3945 3178 3994 καὶ
3208 3944 3314 3996 τῶν
3365 3945 3499 3998 νέων
3532 3961 3736 4014 στρατ-

2158 4032 2311 4100 ηγῶν
2348 4031 2695 4102 ἐξετέοτισαν,
2731 4034 2823 4085 καὶ
2857 4035 2914 4084 αἱ
2957 4033 3096 4086 κατὰ
3146 4036 3342 4104 τέχνην
3398 4036 3739 4106 παρατάξεις

2153 4126 2246 4176 καὶ
2272 4125 2325 4176 αἱ
2352 4123 2438 4178 ἐπ’
2463 4125 2680 4186 εὐθείας
2702 4126 2795 4178 καὶ
2827 4126 2968 4178 κατὰ
3020 4124 3251 4189 κύκλους
3307 4128 3402 4180 καὶ
3439 4128 3575 4183 ἄλλα
3597 4131 3738 4198 σχή-

2157 4235 2304 4286 ματα
2343 4219 2607 4288 κινήσεις.
2662 4217 2722 4270 Ei
2751 4219 2859 4288 γὰρ
2892 4219 3060 4290 ἄγρια
3113 4218 3226 4282 ζῶα
3260 4219 3583 4289 διωκόμενα,
3625 4216 3739 4274 οἷον

2154 4311 2341 4380 ἔλαφοι
2368 4313 2462 4364 καὶ
2489 4311 2764 4381 λαγωοὶ,ἣ
2801 4311 2928 4364 ἄλλο
2966 4329 3017 4364 τι
3049 4314 3157 4365 τῶν
3214 4313 3447 4366 εὐτελῶν
3471 4313 3624 4378 ζώων
3678 4316 3741 4367 ἐν
3784 4354 3786 4356 τ

2154 4407 2268 4466 τοῖς
2305 4405 2586 4474 κυνηγίοις
2612 4404 2672 4456 οὐ
2710 4403 2927 4468 πάντως
2985 4405 3188 4470 ἔξωθεν
3247 4405 3352 4469 ἔξω
3383 4409 3476 4458 καὶ
3524 4407 3608 4459 ἐπ’
3643 4407 3739 4458 εὐ-
3772 4447 3778 4452 .

2158 4497 2308 4560 θείας
2333 4496 2431 4566 τὴν
2463 4497 2646 4566 φυγὴν
2701 4495 3003 4558 ποιοῦνται,
3037 4497 3150 4549 ἀλλ’
3185 4498 3562 4552 ἀποϐλέποντα
3603 4501 3742 4570 πρδς

2157 4589 2247 4642 τὸν
2277 4589 2429 4641 τόνον
2459 4589 2553 4640 καὶ
2595 4587 2694 4657 τὴν
2727 4587 2904 4658 ὁρμὴν
2934 4586 3043 4640 τῶν
3107 4589 3497 4660 ἐπιτιθεμένων
3531 4591 3740 4656 αὐτοῖς,

2159 4680 2331 4743 οὓτως
2376 4680 2474 4733 καὶ
2531 4679 2628 4742 τὰς
2690 4679 3068 4749 ὑποχωρήσεις
3125 4681 3438 4735 ποιοῦνταιο
3475 4683 3626 4752 πόσῳ
3661 4684 3746 4736 δεῖ

472 4767 702 4822 evadere
727 4769 936 4837 possint
971 4786 984 4822 :
1019 4777 1226 4839 quanto
1269 4769 1446 4840 magis
1469 4770 1715 4826 homines
1746 4771 2033 4842 intelligetr

2165 4773 2364 4844 μᾶλλον
2394 4774 2519 4836 τοὺς
2553 4769 2874 4842 ἀνθρώπους
2917 4773 2975 4825 ἐν
3019 4773 3233 4826 συνέσει
3267 4773 3447 4840 ὄντας,
3482 4776 3574 4828 καὶ
3601 4777 3745 4847 ὑπὲρ

474 4861 546 4914 tia
587 4860 874 4929 praeditos,
931 4870 986 4915 et
1041 4862 1109 4916 de
1167 4863 1380 4931 magnis
1428 4863 1590 4917 rebus
1637 4864 2049 4931 contendentes,

472 4959 678 5005 attente
711 4962 766 5006 et
807 4951 1080 5007 industrie
1148 4963 1260 5008 tum
1315 4954 1712 5024 persequendis
1775 4955 2046 5021 hostibus,

475 5052 589 5096 tum
628 5041 989 5108 declinandis,
1021 5043 1074 5096 in
1106 5041 1298 5113 proelio
1327 5059 1548 5113 operam
1581 5059 1784 5100 navare
1816 5057 2048 5114 oportet,

473 5146 652 5201 neque
681 5132 838 5202 quasi
872 5147 1012 5201 aqua
1052 5134 1104 5186 in
1140 5134 1279 5189 hanc
1312 5143 1407 5188 aut
1446 5135 1590 5188 illam
1617 5143 1825 5204 partem
1852 5136 2049 5206 jactari

473 5235 638 5294 atque
666 5224 891 5289 effundi,
935 5225 978 5280 si
1016 5226 1100 5282 vel
1131 5242 1326 5298 magna
1351 5228 1532 5297 aliqua
1565 5229 1806 5285 incursio
1837 5232 1905 5285 ab
1946 5232 2052 5286 illis

473 5319 588 5384 ﬁat,
642 5318 726 5372 vel
779 5317 1223 5388 aliquisanobis
1246 5320 1300 5372 in
1355 5320 1479 5376 illos
1531 5323 1766 5391 impetus
1802 5326 2050 5387 exsistat,

473 5407 764 5465 immodice
819 5410 1137 5464 alterutram
1177 5413 1229 5464 itt
1262 5426 1468 5480 partem
1537 5413 1687 5482 ferri,
1724 5417 1818 5470 sed
1867 5419 2052 5472 omnia

473 5502 768 5567 sustinere,
797 5511 857 5556 ut
886 5503 1170 5558 victoriam
1205 5506 1420 5559 tandem
1455 5506 1852 5576 adipiscantur.

556 5594 642 5648 75.
672 5595 862 5665 Neque
881 5598 1026 5651 enim
1059 5600 1124 5652 ad
1149 5612 1374 5667 parvum
1425 5603 1659 5670 spatium
1699 5603 1911 5672 insequi
1953 5607 2054 5658 ho-

474 5693 607 5747 stes,
635 5695 687 5738 et
712 5695 825 5740 tum
851 5688 1150 5754 dimittere,
1191 5693 1420 5747 victoria
1456 5695 1693 5762 putanda
1725 5706 1808 5751 est
1837 5716 1848 5753 :
1875 5711 2053 5767 neque

477 5789 670 5830 rursus
693 5779 972 5844 paululum
995 5786 1357 5853 retrocedere,
1381 5802 1684 5858 rursusque
1713 5791 1764 5844 in
1790 5806 1884 5846 eos
1916 5807 2051 5847 con-

2165 4865 2416 4936 μεγάλων
2472 4863 2816 4935 πραγμάτων
2877 4865 3313 4935 ἀγωνιζομένους
3366 4869 3745 4936 προτεχόντως

2162 4957 2385 5019 καὶτὰς
2444 4955 2657 5022 διώξεις
2709 4957 2803 5008 xal
2857 4955 2952 5020 τὰς
3002 4957 3385 5028 ὑποχωρήσεις
3464 4959 3746 5013 ποιεῖσθαι

2162 5053 2220 5103 ἐν
2289 5051 2410 5112 τοῖς
2441 5050 2689 5120 μάχαιςε
2733 5050 2842 5103 Kal
2901 5051 2976 5121 μὴ
3029 5049 3220 5122 ῶσπερ
3275 5053 3370 5122 ἐπὶ
3429 5051 3619 5117 ὓδατος
3649 5054 3749 5108 ἐπὶ

2160 5144 2228 5195 τὰ
2285 5141 2770 5212 ἕμπροσθενῆἐπὶ
2815 5142 2882 5195 τά
2940 5142 3113 5196 ὀπίσω
3168 5144 3477 5213 ἐκχέεσθαι,
3513 5147 3744 5216 μικρᾶς.

2161 5235 2232 5295 ὡς
2266 5234 2435 5298 εἰκὸς,
2463 5233 2607 5296 τινὸς
2639 5233 2896 5304 ὡθήσεως
2925 5234 2957 5304 ἢ
2989 5237 3098 5297 τοῖς
3121 5235 3332 5305 ἐχθροῖς
3361 5237 3680 5308 γενομένης,
3707 5239 3743 5308 ἢ
3799 5270 3806 5275 -

2163 5327 2291 5399 ’χείρ’
2319 5328 2497 5382 αὐτῶν
2522 5328 2870 5398 ἐπειγομένης
2910 5329 3002 5380 καὶ
3037 5329 3291 5400 ἀμέτρως
3321 5329 3493 5393 οὕτως
3523 5330 3748 5384 ἐλαυνο-

2167 5421 2360 5489 μένους
2386 5419 2743 5477 κινδυνεύειν.
2776 5419 2911 5472 ἀλλὰ
2938 5420 3114 5472 πάντα
3143 5421 3459 5492 ὑπομένειν,
3494 5421 3633 5474 ὥστε
3687 5424 3749 5487 ἐξ
3804 5482 3808 5486 _

2163 5510 2481 5582 οἱουδήποτε
2517 5511 2718 5580 τρόπου
2757 5510 3084 5574 σπουδάζειν
3118 5513 3274 5579 νικᾷν
3302 5511 3394 5563 τὸν
3419 5511 3635 5582 ἐχθρόν.

2235 5604 2367 5656 Οὐδέ
2395 5603 2502 5672 γὰρ
2539 5604 2600 5655 τὸ
2627 5603 2764 5672 πρὸς
2788 5602 2973 5671 ὀλίγον
3003 5601 3190 5666 διῶξαι
3221 5602 3311 5656 τὸν
3362 5605 3604 5657 ἐναντίον
3651 5605 3750 5656 καὶ

2161 5696 2381 5764 ἀφιέναι
2423 5695 2604 5749 τελεία
2639 5697 2763 5767 νίκη
2825 5697 3010 5748 ἐστίν’
3076 5696 3196 5747 οὐδὲ
3248 5697 3308 5748 τὸ
3353 5696 3488 5768 πρὸς
3547 5697 3748 5768 μικρὸν

2162 5791 2534 5861 ὑποχωρῆσαι,
2557 5792 2649 5844 καὶ
2671 5788 3300 5860 πάλινξάντιστραφῆναι,
3321 5789 3375 5842 αἱ
3403 5784 3585 5860 ἧτται,
3612 5789 3753 5843 ἀλλά
