4090 6498
206 333 385 438 ἐιη

1289 357 1626 420 TACTICA.
1664 373 1733 425 τ’
1789 346 2300 412 CONSTITUTIO
2339 346 2475 406 ΧΠ.

3429 340 3539 407 83θ

300 488 385 541 ἀπο
408 481 496 538 τοῦ
522 480 758 552 πέρατος
785 476 877 532 τοῦ
907 473 1146 546 πολέμου
1169 473 1403 544 ἑκάτερα
1431 472 1730 536 δείκνυται,
1757 466 1852 521 καὶ

1970 465 2114 530 i'erti,
2154 462 2384 518 offensio
2446 457 2570 513 belli
2637 454 2922 512 indicanda
2977 462 3082 519 est,
3131 453 3226 509 sed
3291 467 3357 508 ex
3412 452 3538 507 belli

301 579 405 652 πρὸς
425 575 553 632 αὐτὸ
580 576 659 629 δεῖ
687 570 1072 642 ἀγωνίζεσθαι.
1112 567 1298 622 Ταῦτα
1329 567 1424 620 καὶ
1451 565 1662 628 τούτοις
1690 565 1855 633 ὃμοια

299 671 360 743 τῷ
385 665 588 741 στρατῷ
615 665 888 720 διαλαλεῖν
926 661 1296 733 χρεωστοῢσιν
1310 660 1359 713 οἰ
1390 658 1624 712 ἑκάστου
1654 656 1856 728 μέρους

298 763 605 836 τουρμάρχαι
636 759 732 814 καὶ
765 758 910 820 ἰδίως
936 758 1047 819 τοῖς
1077 755 1226 818 ἰδίοις
1260 751 1647 825 στρατιώταις.

352 948 441 1007 ος·’.
469 941 539 993 Σὺ
569 939 625 992 δὲ
661 939 802 1008 μετὰ
832 937 929 1008 τὴν
971 936 1280 1000 ἰδιάζουσαν
1336 931 1446 988 τῶν
1484 929 1852 1004 τουρμαρχῶν

299 1037 374 1087 καὶ
405 1030 708 1101 γυμνασίαν
740 1029 834 1082 καὶ
873 1026 1172 1090 διαλαλιὰν,
1199 1019 1244 1078 ὦ
1299 1022 1598 1094 στρατηγέ,
1667 1018 1851 1085 τάξεις

299 1127 362 1188 εἰς
385 1124 433 1178 τὸ
466 1123 612 1187 ἅπαξ
638 1122 669 1193 ἢ
697 1122 792 1176 καὶ
818 1121 878 1173 τὺ
909 1119 1042 1173 πολὺ
1078 1117 1338 1190 δεύτερον
1369 1116 1468 1187 τὴν
1502 1116 1633 1186 ὅλην
1668 1113 1848 1185 παρά·

297 1217 442 1284 τάξιν,
475 1217 569 1269 καὶ
601 1214 802 1286 ὁμοίιος
822 1214 1188 1282 καταστήσεις
1219 1211 1422 1272 αὐτοὺς
1450 1209 1544 1262 καὶ
1563 1208 1653 1262 διὰ
1677 1207 1856 1275 λόγων

298 1308 374 1360 καὶ
398 1306 460 1360 δι’
494 1306 670 1378 ἔργων
709 1303 959 1374 ἑτοίμους
994 1297 1133 1356 εἶναι
1163 1301 1258 1355 καὶ
1289 1298 1590 1371 ἐμπείρους
1619 1299 1854 1351 πάντοτε

297 1399 408 1472 πρὸς
437 1399 564 1461 τοὺς
593 1396 924 1466 πολεμικοὺς
970 1392 1212 1464 ἀγῶνας.

349 1579 430 1643 αἶ’.
465 1577 850 1649 Παραγγείλῃς
880 1576 936 1630 δὲ
966 1578 1078 1640 τοῖς
1127 1575 1230 1647 τῆς
1285 1573 1513 1646 πρώτης
1569 1573 1690 1645 ἦτοι
1754 1572 1858 1642 τῆς

298 1670 557 1743 προμάχου
596 1669 804 1733 τάξεως
856 1667 1139 1740 ἄρχουσιν,
1166 1668 1305 1722 ὥστε
1353 1665 1432 1735 τῷ
1482 1665 1633 1735 μέσῳ
1670 1663 1857 1717 πείθε-

299 1761 404 1816 σθαι
449 1761 626 1832 μέρει,
670 1760 801 1815 ἔνθα
850 1761 940 1814 τὸν
986 1759 1402 1830 ὑποστράτηγόν
1440 1775 1534 1810 σου
1566 1755 1858 1826 συμϐαίνει

1957 557 2109 613 exitu
2149 555 2336 611 omnia
2367 550 2709 615 mstimanda,
2750 557 2915 619 alque
2941 548 3006 602 ad
3042 562 3168 602 eum
3210 544 3541 601 conferenda

1958 659 2108 706 sunt.
2142 651 2270 704 Haec
2299 656 2463 716 atque
2513 645 2578 699 iis
2609 642 2809 698 similia
2833 640 3032 696 turmis
3065 639 3180 694 suis
3214 637 3544 693 turmarchte

1959 749 2207 806 narrent,
2277 736 2588 808 singulique
2613 741 2874 805 praeterea
2911 731 3176 786 militibus
3204 729 3322 786 suis
3350 730 3543 800 praeci-

1959 833 2129 904 piant.

2033 923 2119 977 76.
2157 922 2236 976 'l‘u
2266 931 2473 987 autem,
2507 920 2828 989 imperator,
2899 927 3023 989 post
3052 917 3395 989 singulorum
3425 928 3542 971 tur-

1960 1016 2308 1071 mareharum
2357 1015 2808 1085 reliquorumque
2851 1010 3236 1083 praefectorum
3299 1011 3544 1081 privatas

1961 1108 2196 1162 militum
2238 1121 2466 1162 suorum
2490 1107 2913 1162 exercitationes
2964 1115 3130 1175 atque
3201 1103 3543 1158 adhortatio-

1962 1217 2080 1266 nes,
2136 1200 2302 1257 semel
2355 1209 2516 1271 atque
2551 1199 2620 1255 ad
2653 1214 2930 1256 summum
2984 1198 3181 1253 iterum
3230 1197 3542 1252 universam

1963 1293 2136 1348 aciem
2192 1294 2454 1360 instrues,
2501 1293 2867 1362 similiterque
2921 1292 3080 1347 factis
3136 1307 3201 1347 ac
3237 1291 3402 1346 dictis
3444 1305 3546 1361 pa-

1963 1389 2112 1438 ratos
2158 1381 2372 1441 reddes.
2405 1393 2570 1454 atque
2618 1383 2686 1437 ad
2712 1397 2930 1437 omnem
2975 1381 3231 1436 bellicum
3263 1395 3423 1435 usum
3449 1380 3545 1434 ha-

1961 1475 2122 1531 biles.

2042 1567 2128 1622 77.
2159 1567 2452 1637 Prmcipies
2481 1567 2644 1622 etiam
2695 1567 2884 1637 prima:
2911 1608 2924 1633 ,
2955 1566 3069 1621 sive
3107 1564 3551 1636 propugnatricis

1963 1659 2103 1714 aciei
2143 1658 2436 1730 prtefeetis,
2471 1670 2530 1714 ut
2559 1661 2752 1714 mediae
2775 1674 2892 1714 suae
2916 1667 3111 1714 lurmze
3146 1659 3548 1728 obtemperent,

1965 1753 2055 1808 ubi
2086 1754 2360 1824 princeps,
2393 1754 2509 1808 sive
2543 1763 2866 1823 propraetor,
2899 1752 2992 1822 qui
3044 1766 3189 1806 nime
3219 1766 3334 1806 sua:
3382 1750 3547 1806 ditio-

295 1855 587 1918 τάσσεσθαι,
612 1855 729 1925 ἤτοι
792 1854 882 1906 τὸν
927 1853 1223 1921 λεγόμενον
1289 1851 1386 1905 νῦν
1445 1849 1540 1903 τοῦ
1615 1850 1852 1920 θέματος

1970 1847 2043 1902 riis
2071 1847 2377 1918 μεράρχης,
2439 1847 2553 1900 sive
2593 1846 2907 1901 turmarcha
2937 1844 3157 1908 dicitur,
3219 1844 3552 1898 constitutus

297 1948 580 2018 μεράρχην,
605 1947 700 1998 καὶ
726 1945 972 2000 ἰσοῦσθαι
1003 1946 1171 2016 αὐτῷ,
1211 1944 1305 1998 καὶ
1327 1943 1444 2014 ἅμα
1491 1945 1592 2013 τὴν
1651 1943 1857 2013 συμϐο-

294 2037 378 2108 λὴν
404 2037 685 2092 ποιεῖσθαι.

349 2137 442 2202 οη⁹.
505 2133 615 2185 Καὶ
680 2131 884 2202 ταύτης
945 2131 1247 2203 γενομένης
1325 2132 1420 2185 ἐὰν
1469 2129 1755 2200 τρκπῶσιν
1810 2131 1860 2183 οἰ

293 2220 482 2292 ἐχθροὶ,
512 2221 638 2286 τοὺς
669 2223 766 2292 μὲν
795 2222 1101 2294 κούρσορας
1125 2224 1221 2276 σὺν
1254 2222 1446 2293 ὲλασίᾳ
1501 2225 1676 2294 ὀρμᾷν
1718 2222 1861 2275 κατὰ

293 2311 458 2366 αὐτῶν
482 2315 559 2378 είς
586 2313 862 2380 ὲπιδίωξιν
885 2316 990 2378 ἕως
1021 2314 1184 2367 αὑτοῦ
1209 2313 1302 2382 τοῦ
1327 2314 1600 2383 φοσσάτου
1655 2313 1856 2367 αὐτῶν·

296 2404 408 2467 τοὺς
436 2403 490 2456 δὲ
535 2404 864 2473 διφένσορας
898 2403 1287 2458 ἐπακολουθεῖν
1318 2407 1376 2458 ὲν
1430 2404 1605 2468 τάξει,
1653 2408 1747 2457 καὶ
1788 2403 1863 2474 μὴ

299 2494 616 2562 ἀπομένειν’
653 2494 741 2548 ἵνα
788 2494 897 2548 τῶν
945 2492 1178 2564 ἐχθρῶν,
1225 2493 1300 2554 ὡς
1350 2492 1520 2558 εἰκὸς,
1565 2493 1853 2560 ἀντιστρε-

296 2589 554 2656 φομένων,
596 2587 693 2640 ἐὰν
727 2587 802 2659 μὴ
822 2586 1126 2657 δυνηθῶσιν
1149 2586 1418 2657 βαστάσαι
1445 2586 1494 2639 οἰ
1538 2584 1861 2655 κούρσορες,

291 2680 350 2731 ἑκ
377 2677 466 2730 τοῦ
499 2678 726 2748 πλησίον
751 2682 830 2742 εἰς
868 2680 996 2742 τοὺς
1047 2678 1371 2750 διφένσορας
1424 2678 1864 2748 καταφεύγοντες

291 2770 442 2824 πάλιν
469 2771 696 2834 ἑαυτοὺς
723 2770 1179 2826 άνακαλέσονται.

349 2862 442 2916 οϐ’.
489 2863 617 2916 Ἐὰν
646 2863 828 2934 μέντοι
859 2865 918 2918 ὲν
967 2865 1107 2936 αὐτῇ
1139 2867 1204 2935 τῇ
1239 2863 1485 2936 συμϐολῇ
1516 2865 1702 2936 συμϐῇ
1740 2865 1772 2936 ἦ
1808 2864 1868 2919 ἓν

294 2955 448 3026 μέρος
502 2954 534 3026 ἣ
572 2957 638 3008 τά
685 2957 781 3010 ὅλα
827 2957 1120 3027 τραπῆναι,
1179 2957 1483 3028 ὑποχωρεῖν
1532 2957 1659 3020 τοὺς
1704 2955 1869 3028 κούρ-

290 3063 452 3118 σορας
477 3048 550 3112 ὡς
600 3049 692 3101 ἐπὶ
725 3049 824 3121 τὴν
858 3047 1122 3120 δευτέραν
1151 3048 1307 3114 τάξιν
1339 3050 1432 3102 ὲπί
1457 3047 1514 3102 ἓν
1545 3049 1577 3120 ἢ
1607 3046 1869 3121 δεύτερον

291 3140 688 3207 σαγιττόδολον,
729 3141 826 3195 καὶ
859 3142 1019 3197 πάλιν
1050 3141 1510 3213 ἀντιστρέφεσθαι
1565 3143 1707 3196 κατὰ
1753 3141 1866 3196 τῶν

289 3203 496 3300 ἐχθρῶν
513 3229 656 3302 (92),
675 3203 798 3286 τῶν
817 3232 1064 3304 συνήθων
1097 3233 1193 3286 καὶ
1223 3203 1501 3304 άρμοδίων
1533 3232 1727 3303 φωνῶν
1752 3233 1871 3304 ἦτοι
1903 3203 1946 3264 C

289 3323 768 3395 παραγγελμάτων
805 3324 1134 3395 λεγομένων.

359 3423 432 3470 π’.
459 3416 566 3470 Καὶ
594 3418 642 3469 εἰ
677 3415 777 3486 μὲν
802 3415 1104 3486 δυνηθῶσιν
1159 3417 1238 3480 εἰς
1290 3416 1469 3488 φυγὴν
1507 3416 1705 3490 τρέψαι
1745 3418 1874 3482 τοὺς

289 3505 536 3577 ἐχθροὺς,
561 3505 780 3560 διώκειν
805 3510 945 3562 κατὰ
966 3507 1164 3563 αὐτῶν·
1187 3510 1234 3562 εἰ
1256 3509 1312 3562 δὲ
1345 3512 1418 3581 μή
1438 3527 1522 3580 γε,
1544 3511 1871 3582 ὑποχωρεῖν,

289 3603 384 3650 καὶ
417 3599 576 3653 πάλιν
606 3601 1084 3672 ἀντιστρέφεσθαι.
1136 3603 1194 3656 Εἰ
1225 3603 1281 3656 δὲ
1327 3603 1476 3668 ἅπαξ
1523 3604 1555 3674 ἢ
1620 3603 1877 3676 δεύτερον

288 3692 671 3762 ἐγχειροῦντες
704 3695 779 3766 μὴ
809 3696 1103 3766 ἰσχύσωσιν
1129 3697 1442 3767 ἁντωθῆσαι
1465 3698 1592 3761 τοὺς
1623 3699 1874 3769 ἐχθροὺς,

284 3786 411 3837 τοτε
452 3787 550 3856 τῆς
595 3788 856 3861 δευτέρας
898 3788 1108 3857 τάξεως
1147 3789 1554 3860 ἐπιφθανούσης
1596 3791 1876 3859 καταφεύ-

282 3895 408 3946 γειν
435 3878 568 3950 πρὸς
592 3879 782 3950 αὐτὴν,
817 3881 910 3934 καὶ
938 3881 1027 3935 διὰ
1050 3882 1157 3936 τῶν
1175 3880 1446 3955 εὐκαίρων
1470 3882 1640 3953 αὐτῆς
1663 3883 1879 3954 χωρίων

285 3968 691 4038 παρέρχεσθαι,
749 3973 844 4024 καὶ
893 3973 952 4024 ὲν
997 3971 1076 4042 τῷ
1113 3975 1315 4042 μεταξὺ
1371 3975 1702 4045 διαστήματι
1738 3974 1882 4027 κατὰ

280 4058 462 4128 οὐρὰν
487 4059 586 4130 τῆς
615 4061 875 4132 δευτέρας
921 4064 1017 4118 καὶ
1069 4066 1260 4137 τρίτης
1299 4065 1720 4137 ἐξελισσομένης
1765 4069 1881 4137 ἃμα

281 4151 350 4218 τῇ
388 4149 620 4224 δευτέρᾳ
650 4153 802 4220 τάξει
832 4154 1150 4226 δρουγγιιτὶ
1171 4159 1338 4229 ἤγουν
1364 4157 1501 4229 ὁμοῦ
1534 4159 1884 4228 ἐσφιγμένως

280 4245 403 4306 τοῖς
438 4244 653 4315 ἐχθροῖς
686 4247 1039 4318 ἐπέρχεσθαι,
1086 4253 1176 4305 καὶ
1206 4254 1299 4305 ἐὰν
1334 4253 1640 4323 τραπῶσιν,
1671 4254 1880 4307 ἐπακο-

280 4334 510 4390 λουθεῖν
543 4341 729 4400 αὐτοῖς
759 4342 947 4406 ὀξέως.

363 4430 484 4485 πα’.
513 4434 895 4510 Παραγγείλῃς
932 4439 988 4492 δὲ
1008 4438 1102 4490 καὶ
1127 4441 1237 4502 τοῖς
1269 4439 1718 4511 πλαγιοφύλαξιν,
1742 4442 1883 4497 ὥστε

1965 1949 2317 2009 est,etzequa
2389 1937 2567 1993 fronte
2619 1954 2744 1993 cum
2801 1938 2894 1992 illo
2934 1936 3210 2003 incedam,
3243 1935 3552 2006 eodemque

1968 2039 2212 2098 tempore
2233 2031 2488 2099 puellum
2515 2031 2886 2083 committant.

2048 2121 2135 2176 78.
2171 2121 2283 2176 lIac
2337 2121 2454 2177 acie
2525 2121 2818 2186 instructa,
2858 2122 2902 2174 si
2940 2129 3224 2175 vertantur
3281 2120 3464 2175 hostes
3497 2119 3553 2173 in

1967 2212 2172 2283 fugam,
2211 2227 2467 2268 cursores
2498 2213 2680 2266 statim
2708 2212 2774 2266 ad
2807 2212 3175 2279 insequendos
3201 2225 3318 2275 eos,
3348 2225 3555 2280 usque-

1966 2306 2095 2359 dum
2125 2304 2192 2359 ad
2220 2302 2488 2359 fossatum
2516 2304 2732 2358 illorum
2789 2304 3158 2372 pervenerint,
3187 2304 3446 2357 omnibus
3471 2302 3554 2356 vi-

1969 2399 2122 2453 ribus
2145 2399 2508 2464 contendant;
2533 2397 2854 2454 defensores
2873 2409 3054 2454 autem
3081 2400 3134 2453 in
3165 2399 3283 2454 acie
3301 2399 3556 2453 instructi

1968 2500 2292 2562 sequantur,
2321 2501 2374 2547 et
2405 2507 2514 2546 non
2549 2491 2882 2556 consistant,
2914 2505 3004 2557 ne,
3031 2490 3074 2546 si
3101 2490 3288 2546 hostes
3325 2504 3559 2546 conver-

1971 2595 2155 2640 tantur
2185 2585 2409 2650 iterum,
2452 2595 2506 2641 et
2555 2585 2774 2639 illorum
2819 2585 3082 2653 impetum
3107 2599 3369 2640 cursores
3400 2583 3562 2638 susti-

1971 2693 2102 2734 nere
2151 2687 2444 2749 nequeant,
2488 2693 2658 2750 prope
2702 2678 2768 2734 ad
2820 2677 3140 2736 defensores
3191 2675 3566 2748 confugiendo

1969 2789 2191 2829 rursum
2223 2774 2439 2843 seipsos
2460 2772 2743 2843 colligant.

2047 2864 2134 2919 79.
2192 2864 2291 2920 Sin
2340 2865 2484 2919 inter
2543 2863 2947 2936 confligendum
2985 2879 3093 2919 una
3133 2864 3317 2935 aliqua
3357 2875 3560 2928 turma,

1971 2965 2066 3012 aut
2091 2972 2285 3013 omnes
2304 2958 2468 3012 etiam
2506 2957 2561 3011 in
2597 2955 2782 3028 fugam
2811 2966 3116 3022 vertantur,
3147 2957 3214 3012 ad
3251 2957 3557 3014 secundam

1972 3049 2145 3105 aciem
2198 3051 2266 3105 ad
2297 3051 2462 3106 unius
2520 3060 2688 3121 atque
2724 3051 2952 3106 alterius
3013 3051 3226 3122 sagitta:
3260 3051 3470 3121 jactum
3503 3067 3563 3106 se

1977 3144 2268 3215 recipiant,
2333 3161 2667 3216 rursumque
2725 3161 2788 3204 se
2847 3145 2915 3200 ad
2974 3144 3315 3201 invadendos
3377 3145 3564 3200 hostes

1979 3237 2327 3300 confirment,
2379 3239 2659 3295 consuetis
2685 3249 2740 3294 et
2786 3238 2998 3294 idoneis
3055 3240 3110 3294 in
3164 3239 3440 3310 principio
3470 3254 3566 3310 pu-

1977 3345 2097 3400 gnte
2127 3331 2355 3386 vocibus
2380 3341 2433 3385 et
2459 3331 2806 3387 caeremoniis
2831 3332 3118 3387 adhibitis.

2049 3423 2140 3478 80.
2185 3422 2244 3478 Si
2271 3425 2456 3479 hostes
2485 3432 2742 3493 poterunt
2767 3423 2820 3476 in
2848 3423 3030 3494 fugam
3061 3425 3219 3487 verti,
3243 3423 3564 3494 insequendi

1978 3516 2158 3585 primo
2199 3525 2347 3581 sunt,
2378 3515 2575 3571 deinde
2612 3516 2976 3572 recedendum
3024 3516 3220 3570 iterum
3264 3517 3334 3572 ab
3371 3518 3472 3584 eis,
3511 3525 3566 3572 et

1979 3607 2046 3662 ad
2114 3622 2210 3662 eos
2254 3609 2438 3661 statim
2488 3608 2807 3663 vertendum
2868 3618 2970 3664 est.
3027 3608 3122 3662 Siti
3179 3611 3347 3665 semel
3403 3619 3568 3681 atque

1983 3701 2176 3755 iterum
2224 3700 2329 3754 huc
2360 3702 2623 3755 tentando
2665 3717 2774 3755 non
2813 3702 3121 3772 proficitur,
3165 3703 3405 3758 secunda
3452 3704 3569 3758 acie

1984 3791 2239 3846 cominus
2272 3792 2386 3861 jam
2419 3793 2748 3848 adventante
2777 3795 3101 3864 confugiant
3129 3793 3194 3848 ad
3227 3809 3370 3860 eam,
3414 3804 3468 3848 et
3502 3796 3569 3850 ad

1984 3894 2290 3954 oppertuna
2315 3887 2567 3956 quaedam
2607 3887 2725 3941 loca
2760 3887 2907 3942 intus
2936 3904 2994 3941 se
3021 3886 3311 3956 recipiant,
3355 3887 3571 3957 hocque

1983 3975 2275 4032 intervallo
2325 3979 2486 4047 spatii
2539 3977 2604 4031 ad
2655 3987 2958 4031 extremam
3015 3979 3188 4032 aciem
3249 3979 3448 4032 iterum
3511 3994 3591 4033 se-

1985 4069 2288 4136 evolvente,
2351 4070 2518 4124 simul
2570 4085 2694 4124 eum
2744 4070 2984 4124 secunda
3035 4070 3327 4138 drungisti,
3385 4071 3437 4125 id
3491 4082 3574 4126 est

1987 4161 2275 4216 confertim
2310 4178 2373 4217 ac
2403 4163 2592 4227 dense,
2634 4162 2915 4227 invadant,
2950 4172 3005 4215 et
3040 4163 3086 4217 si
3131 4162 3183 4216 in
3215 4161 3398 4234 fugam
3431 4166 3574 4219 versi

1989 4254 2213 4322 fuerint,
2246 4255 2394 4310 omni
2421 4256 2701 4310 alacritate
2736 4272 2831 4311 eos
2865 4258 3248 4327 insequantur.

2059 4436 2147 4490 8|.
2188 4435 2475 4492 Lateranis
2504 4437 2668 4492 etiam
2704 4439 3014 4509 prmeipies,
3047 4450 3108 4495 ut
3142 4441 3188 4496 si
3231 4441 3449 4513 longius
3489 4442 3578 4497 in-

280 4525 387 4578 ἑὰν
427 4525 526 4596 μὲν
558 4529 898 4601 μακρότερον
932 4532 1129 4604 εὑρεθῇ
1169 4534 1230 4586 τὸ
1264 4534 1415 4599 άντις
1445 4535 1613 4607 κέρας
1644 4537 1874 4592 σπουδά‹

1990 4533 2246 4586 veniatur
2287 4546 2455 4585 cornu
2502 4534 2738 4586 hostium
2786 4549 2927 4599 esse,
2965 4543 3235 4590 conentur
3277 4538 3344 4591 ad
3380 4553 3575 4602 cornu,

279 4615 406 4678 ζειν
447 4617 540 4670 ἐπὶ
569 4619 760 4690 κέρας,
785 4621 928 4676 τοῦτ’
969 4621 1115 4677 ἔστιν
1155 4626 1246 4678 ἐπὶ
1275 4629 1566 4700 σκουτάριν
1611 4628 1874 4692 κλίνονται

1991 4626 2042 4679 id
2073 4635 2176 4689 est,
2207 4624 2274 4680 ad
2305 4635 2544 4692 scutum,
2574 4625 2689 4681 sive
2717 4627 2905 4681 iiBYﬂlll
2939 4628 3294 4692 inclinantes,
3331 4629 3396 4682 ad
3429 4643 3578 4683 eam-

279 4712 739 4767 συνεκτείνεσθαι
775 4715 947 4787 αὐτῷ,
975 4717 1063 4770 ἵνα
1102 4719 1176 4789 μὴ
1209 4720 1300 4774 ὑπ’
1331 4722 1496 4775 αὐτοῦ
1533 4724 1864 4778 κατακύκλω

1991 4716 2114 4770 dem
2141 4731 2362 4786 quoque
2394 4717 2788 4786 longitudinem
2824 4717 3076 4787 produci,
3113 4727 3173 4771 ut
3203 4733 3270 4771 ne
3305 4717 3374 4772 ab
3404 4718 3580 4771 hosti-

278 4825 378 4872 σιξ
405 4808 490 4880 τῷ
519 4811 676 4882 μέρει
711 4811 958 4885 γένηται.
1006 4815 1070 4869 Εἰ
1101 4815 1158 4868 δὲ
1205 4817 1523 4885 κοντὸῑερον
1574 4815 1774 4886 εὑρεθῇ
1832 4815 1874 4867 τὲ

1995 4809 2098 4865 lius
2128 4818 2322 4864 turmte
2360 4821 2560 4864 uestrae
2593 4809 2962 4865 includantur.
3005 4810 3098 4866 Sin
3135 4809 3412 4866 coueisius
3449 4809 3580 4865 fue-

276 4904 450 4968 ἄντις
486 4907 676 4976 κέρας,
714 4906 1036 4971 επουδάζειν
1063 4907 1359 4979 μηνοειδῶς
1397 4909 1565 4978 ἤγουν
1593 4909 1735 4963 κατὰ
1765 4910 1866 4980 ἡμι

1995 4903 2067 4955 rit
2110 4903 2402 4957 adversum
2437 4917 2633 4966 cornu,
2668 4902 2858 4956 lunare
2906 4917 3002 4956 eos
3037 4910 3272 4971 oportet,
3303 4910 3358 4955 et
3382 4901 3450 4955 ad
3489 4917 3606 4957 se--

274 4995 525 5051 κύκλιον
593 4999 970 5054 ἐπικλίνεσθαι
1028 4999 1124 5053 καί
1191 4999 1700 5072 ὲμπεριλαμόάνειν
1757 5000 1874 5055 αὐτί

1999 4992 2272 5046 niicirculi
2319 4991 2551 5047 formam
2601 4993 2894 5056 adducere,
2944 5001 2996 5047 et
3048 4993 3191 5046 intra
3231 4993 3582 5063 complexum

272 5087 507 5141 ἔσωθεν
525 5091 654 5160 πρὶν
683 5090 716 5160 ἢ
742 5091 803 5143 τδ
832 5091 997 5162 μέρος
1029 5091 1213 5165 φθάσῃ
1237 5093 1556 5163 συμϐαλεῖν,
1581 5091 1724 5145 τοῦτ’
1743 5091 1874 5145 ἓστιπ

2000 5101 2162 5141 suum
2195 5085 2382 5140 hostes
2412 5101 2686 5150 coercere,
2712 5086 3035 5154 priusquam
3070 5095 3251 5140 turma
3286 5086 3583 5157 confligere

271 5181 426 5237 ὅταν
478 5182 647 5255 μέλλῃ
693 5185 726 5255 ἡ
787 5184 941 5256 φωνὴ
996 5185 1100 5256 τῆς
1155 5186 1432 5257 συμὸολῆς
1492 5185 1733 5254 γίνεσθαι
1793 5185 1874 5253 τῆς

2002 5193 2126 5232 ium
2165 5179 2321 5235 hoste
2365 5179 2613 5248 incipiat,
2656 5179 2761 5233 hoc
2802 5189 2908 5244 est,
2947 5180 3272 5250 priusquam
3305 5187 3586 5235 consueta:

274 5275 512 5348 μάχης.
545 5277 606 5330 Εἰ
628 5278 684 5331 δὲ
718 5276 832 5332 ἴσον
864 5279 1011 5332 ἐστὶν
1043 5279 1104 5332 τὺ
1158 5279 1330 5344 ἄντις,
1361 5281 1545 5351 μένειν
1595 5280 1654 5334 ὲν
1685 5281 1748 5350 τῇ
1784 5278 1874 5350 ἰδίῃ

1999 5284 2168 5325 voces
2227 5277 2353 5325 aute
2407 5285 2604 5325 manus
2655 5273 3027 5330 conserendas
3075 5287 3431 5347 usurpentur.
3489 5277 3588 5334 Sin

269 5365 455 5432 τάξει
522 5358 603 5429 ὡς
647 5367 1001 5441 διφένσορας,
1057 5370 1152 5422 καὶ
1211 5368 1546 5440 συμϐάλλειν
1585 5369 1742 5440 μετά
1796 5367 1874 5420 τοῐ

2004 5363 2214 5436 aequale
2250 5363 2416 5419 fuerit
2450 5364 2691 5420 hostium
2733 5381 2924 5432 cornu,
2965 5367 3017 5422 in
3059 5383 3158 5424 sua
3190 5373 3430 5442 ipsorum
3473 5373 3591 5427 acie

269 5458 530 5529 μέρους.
2006 5459 2165 5530 quasi
2197 5458 2515 5515 defensores
2539 5467 2704 5528 stent,
2744 5470 2799 5514 et
2837 5470 3073 5518 turmam
3108 5479 3263 5519 suam
3307 5465 3588 5535 adiuvent.

366 5577 497 5648 στβ’.
532 5577 921 5650 Παραγγείλῃς
961 5579 1020 5634 δὲ
1067 5580 1162 5634 καὶ
1195 5583 1307 5645 τοῖς
1341 5581 1784 5652 ὑπερκεράσταις
1816 5580 1900 5634 ὅτι

1825 5699 2054 5758 ΝΟΤᾸΞ.

362 5817 499 5889 (9'2)
526 5817 688 5874 Κατὰ
716 5815 832 5872 τῶν
861 5817 1113 5888 ἐχθρῶν.
1143 5815 1520 5884 Scribebatur,
1549 5815 1643 5871 καί
1667 5817 1776 5872 τῶν
1806 5815 2038 5888 ἐχθρῶν.

2084 5577 2180 5632 82.
2222 5576 2513 5648 Prmcipies
2551 5579 2714 5634 etiam
2747 5580 3142 5649 cornistitibus,
3179 5583 3396 5654 quando
3425 5599 3595 5656 prope
