4090 6488
484 338 585 403 831

1756 328 2034 392 LEONIS
2083 328 2548 393 PHILOSOPHI

3669 314 3777 384 832

488 463 544 507 te
592 450 795 507 fuerint
846 450 1053 512 hostes,
1116 455 1175 501 ut
1224 444 1461 512 duobus,
1497 453 1591 499 aut
1649 444 1823 500 tribus
1867 444 2073 515 sagittze

2185 446 2379 519 μέχρις
2410 442 2470 501 οὗ
2488 445 2755 515 γένωνται
2791 445 2838 499 oi
2870 441 3056 516 ἐχθροὶ
3090 441 3165 506 ὡς
3190 440 3299 496 ἀπὸ
3330 439 3425 494 δύο
3456 434 3774 508 τιτιγιττοσδ⁴

482 546 741 619 iactibus,
793 542 933 596 clam
969 541 1223 594 dextrum
1269 552 1440 592 cornu
1490 544 1925 607 consequantur,
1971 551 2077 590 una

485 640 719 695 cohorte
760 636 815 690 in
852 634 1128 688 anteriore
1178 640 1332 702 parte
1367 630 1436 685 ad
1487 629 1723 685 frontem
1778 630 2077 685 constituta

486 748 608 787 eum
644 730 868 784 decanis
932 725 1283 797 quintanisve
1309 724 1447 790 suis,
1485 724 1579 795 qui
1617 724 1685 779 ad
1715 723 1962 794 quinque
1998 723 2077 777 vi-

484 839 675 880 rorum
702 823 883 878 solum
913 819 1261 876 altitudinem
1297 825 1480 883 erunt,
1524 817 1569 873 si
1606 819 1814 872 strenui
1847 816 2077 883 fuerint,

485 918 698 987 reliqua
733 915 962 969 cohorte
1011 913 1268 968 universa
1300 910 1599 981 drungisti,
1657 910 1712 965 id
1757 918 1844 965 est
1911 911 2078 965 dense

483 1021 537 1067 et
559 1008 877 1074 confertim,
906 1006 1037 1062 illud
1069 1013 1353 1077 sequente.

556 1192 646 1246 8'5.
691 1190 902 1252 Banda,
947 1187 1001 1242 id
1036 1195 1142 1252 est,
1172 1185 1351 1257 capita
1396 1184 1619 1240 illorum
1652 1183 1768 1239 sive
1812 1181 2075 1252 insignia,

484 1298 554 1338 ne
582 1298 805 1337 sursum
836 1288 1019 1335 erecta
1056 1286 1297 1344 teneant,
1332 1278 1428 1332 sed
1470 1277 1752 1343 inclinata,
1778 1276 1909 1330 dum
1940 1289 2078 1329 usus

484 1383 680 1446 poscat
706 1390 773 1428 ea
814 1376 866 1427 in
915 1373 1095 1427 lucem
1128 1371 1313 1434 educi,
1352 1386 1419 1425 ne
1460 1371 1505 1425 si
1537 1380 1719 1425 erecta
1757 1370 1809 1422 in
1846 1383 2079 1437 conspe-

486 1479 579 1523 ctu
614 1467 853 1521 hostium
885 1474 1092 1528 essent,
1126 1465 1216 1534 qui
1256 1479 1315 1519 ea
1346 1471 1561 1535 gestant
1590 1463 1764 1533 magis
1799 1462 1869 1516 ab
1903 1461 2079 1515 hosti-

488 1564 592 1616 bus
635 1560 852 1615 insidiis
888 1568 1238 1629 appetantur.

558 1653 647 1707 8i.
709 1653 765 1707 Si
829 1653 1051 1723 longius
1118 1651 1410 1706 adversum
1479 1666 1652 1705 corn-tt
1723 1646 2074 1710 inveniatur,

486 1747 665 1816 primo
710 1743 776 1798 ad
813 1758 1009 1806 cornu,
1058 1742 1108 1797 id
1157 1742 1261 1809 est,
1305 1745 1517 1797 hastam
1562 1743 1677 1797 sive
1725 1741 1942 1804 laevam,
1982 1739 2078 1794 dc-

2185 538 2296 593 λων
2327 541 2360 610 ἢ
2388 539 2556 612 τριῶν
2586 539 2686 609 τῆς
2718 536 3113 609 παρατάξεως,
3146 532 3458 604 λεληθότως
3495 531 3600 603 χρὴ
3631 547 3776 603 παρ-

2182 635 2497 689 ακολουθεῖν
2530 634 2609 704 τῷ
2641 634 2800 705 δεξιῷ
2831 634 3019 704 κέρατι
3044 648 3059 665 ο
3094 632 3188 686 τοῦ
3221 638 3320 702 μὲν
3348 629 3469 693 ἐνὸς
3495 629 3778 698 τάγματος

2183 727 2538 799 ἐπιμέτωπον
2563 727 2730 797 ἦγουν
2762 725 3078 798 ἔμπροσθεν
3100 723 3316 795 ἔχοντος
3346 721 3474 786 τοὺς
3500 719 3779 791 δεκάρχας

2183 820 2216 892 ἢ
2247 820 2581 890 πεντάρχας¹
2609 816 2842 888 ἀρκοῦσι
2867 817 2977 888 γάρ
3005 815 3119 870 ἀπὸ
3140 814 3303 868 πέντε
3334 812 3493 884 μόνον
3509 811 3570 865 τὸ
3590 809 3776 881 βάθος,

2180 910 2278 963 ἐάν
2307 912 2415 963 είσι
2447 911 2747 982 χρήσιμοιο
2800 907 2893 963 τοῦ
2945 907 3002 962 δέ
3031 906 3220 979 ἐτέρου
3259 906 3542 977 τάγματος
3581 903 3779 975 δρουγ-

2185 1001 2333 1069 γιστὶ
2360 1002 2531 1072 ἤγουν
2567 1001 2808 1066 πυκνοὺς
2840 1001 2935 1056 καὶ
2976 999 3112 1073 ὁμοῦ
3170 999 3398 1054 ὄπισθεν
3431 995 3598 1053 αὑτοῦ
3642 998 3778 1051 άκο-

2183 1092 2527 1157 λουθοῦντας.

2254 1193 2368 1256 πγ⁷.
2402 1187 2485 1241 Τά
2540 1187 2598 1241 δέ
2666 1187 2855 1259 βάνδα,
2910 1188 3082 1259 ἤγουν
3116 1185 3216 1250 τὰς
3268 1183 3516 1256 κεφαλάς
3571 1182 3777 1247 αὐτῶν,

2185 1279 2260 1350 μὴ
2301 1278 2440 1349 ὀρθά
2498 1281 2745 1352 κρατεῖν,
2786 1280 2922 1335 ἀλλὰ
2966 1278 3382 1350 ἐπικεκλιμένα,
3433 1276 3540 1344 ἓως
3585 1276 3778 1347 καιρὸς

2179 1371 2407 1443 γένηται
2440 1372 2630 1443 χρείας
2660 1370 2758 1424 τοῦ
2791 1370 3080 1442 φαίνεσθαι
3110 1369 3271 1433 αὐτὰ,
3299 1369 3381 1431 είς
3414 1366 3475 1420 τὸ
3521 1366 3597 1437 μὴ
3640 1381 3779 1437 προ-

2181 1462 2486 1531 φαινόμενα
2514 1465 2627 1525 τοῖς
2658 1462 2875 1533 ἐχθροῖς
2910 1460 3405 1530 ἐπιγινώσκεσθαι,
3448 1459 3545 1512 καὶ
3572 1455 3778 1528 μᾶλλον

2179 1554 2629 1609 ἐπιϐουλεύεσθαι
2654 1557 2745 1609 ὑπ’
2780 1554 2961 1608 αὐτῶν
2986 1554 3115 1618 τοὺς
3151 1553 3489 1626 κρατοῦντας
3540 1550 3703 1605 αὐτά.

2252 1646 2355 1700 πδ’.
2398 1648 2510 1701 Καὶ
2559 1648 2626 1701 ἂν
2667 1647 3012 1719 μακρότερον
3043 1646 3101 1699 τὸ
3136 1647 3287 1708 ἄντις
3325 1648 3495 1716 κέρας
3546 1643 3773 1717 εὑρεθῇ,

2184 1740 2451 1812 πρότερον
2484 1741 2576 1794 ἐπὶ
2612 1741 2779 1811 κέρας
2814 1740 3116 1805 κλίνεσθσι,
3158 1738 3304 1794 τοῦτ’
3329 1739 3478 1793 ἔστιν
3518 1740 3610 1793 ἐπὶ
3649 1756 3780 1791 κον-

484 1837 800 1892 eliuandum
853 1844 969 1899 est,
1024 1834 1419 1904 paululumque
1471 1834 1723 1888 dextrum
1797 1846 1970 1888 cornu
2023 1831 2073 1884 in

2185 1830 2364 1904 τάριν,
2397 1832 2492 1885 καὶ
2526 1832 2709 1900 ὀλίγον
2737 1831 2835 1884 τοῦ
2862 1831 3039 1897 δεξιοῦ
3078 1832 3278 1902 μέρους
3318 1831 3376 1884 ἐν
3411 1830 3490 1901 τῷ
3541 1848 3781 1900 περιπαυ·

484 1927 836 1998 procedendo
888 1925 1131 1981 retardet
1188 1941 1269 1991 se,
1317 1938 1373 1980 et
1423 1925 1489 1980 ad
1526 1925 1815 1980 dimidium
1868 1924 2080 1995 sagittae

478 2022 687 2091 jactum
744 2019 1014 2088 producat
1053 2033 1130 2083 se,
1184 2026 1242 2071 ut
1288 2018 1580 2073 adversum
1625 2033 1795 2071 cornu
1844 2016 2080 2086 longitu-

482 2112 611 2167 dine
650 2120 932 2181 supcrent,
969 2119 1136 2180 atque
1182 2109 1257 2164 ita
1286 2109 1644 2176 declinantes,
1695 2110 1929 2178 illosque
1971 2108 2075 2161 cir.

482 2205 900 2260 cumvenientes
939 2201 1173 2268 dicant,
1214 2201 1463 2267 Ἔξελθε,
1511 2202 1637 2267 exi,
1688 2202 1983 2270 statimque
2046 2216 2076 2255 a

482 2302 637 2363 tergo
675 2292 893 2347 illorum
921 2291 1120 2347 cohors
1155 2291 1435 2355 milliaria,
1471 2306 1635 2361 quam
1668 2292 1941 2362 drungum
1981 2306 2078 2345 vo-

481 2396 639 2452 cant,
694 2387 760 2439 de
809 2383 1109 2458 improviso
1150 2392 1206 2437 et
1250 2383 1364 2437 acri
1431 2398 1558 2437 cum
1610 2383 1928 2437 incursione
1989 2383 2076 2436 iu-

482 2481 666 2532 vadat.

553 2570 642 2625 85.
684 2567 994 2640 Proﬂigatis
1025 2568 1307 2633 hostibus,
1344 2582 1453 2621 non
1487 2568 1673 2623 statim
1704 2568 1827 2622 illos
1856 2566 2074 2636 fugien-

484 2673 565 2719 tes
590 2672 1014 2734 persequantur,
1043 2662 1138 2717 sed
1178 2661 1490 2725 conlestim,
1522 2661 1618 2731 qui
1651 2677 1679 2715 a
1718 2670 1869 2731 tergo
1905 2670 2081 2713 stete-

482 2752 618 2817 rint,
655 2768 782 2807 cum
822 2751 1054 2821 reliquis
1097 2751 1417 2806 cohortibus
1466 2750 1788 2820 procedant.
1827 2748 1986 2816 Quod
2028 2748 2076 2803 si

480 2842 885 2897 contractiores
923 2841 1114 2898 hostes
1149 2840 1380 2909 fuerint,
1433 2841 1619 2897 statim
1656 2852 1871 2905 exeant,
1900 2849 1955 2895 et
1992 2839 2077 2894 lu-

481 2946 611 2991 nata
653 2936 811 3007 quasi
842 2934 1017 2990 forma
1066 2934 1505 2991 circumcludant
1549 2949 1678 3001 eos;
1715 2935 1798 2990 sin
1837 2933 2076 3004 aequales

482 3031 712 3096 fuerint,
742 3031 1028 3100 paululum
1070 3030 1382 3100 producant
1414 3045 1497 3096 se,
1528 3038 1583 3085 et
1615 3028 1859 3084 hostium
1890 3027 2076 3097 longi-

482 3123 726 3179 tudinem
782 3130 1076 3191 superent;
1137 3120 1353 3190 hocque
1408 3120 1571 3176 modo
1622 3120 1857 3190 irruptio
1901 3118 1955 3174 in
2005 3118 2074 3173 il-

478 3215 515 3271 Γ
537 3230 562 3268 s
594 3214 705 3268 fiat.

553 3304 643 3361 86.
682 3303 840 3371 Quod
871 3304 915 3359 si
948 3318 1073 3359 cum
1104 3302 1416 3358 cornistites
1438 3317 1572 3357 suos
1598 3302 1932 3373 producunt,
1969 3302 2074 3357 hoc

480 3399 622 3453 idem
656 3398 835 3452 facere
874 3405 1165 3459 conantur,
1222 3394 1513 3450 invadendi
1564 3394 1749 3449 statim
1801 3393 1879 3447 illi
1921 3403 2070 3459 sunt,

479 3494 608 3547 dum
653 3491 707 3545 in
760 3490 861 3545 hac
901 3488 1224 3544 mutationis
1269 3488 1687 3558 perturbatione
1736 3483 1897 3554 sunt,
1942 3501 2070 3540 nam

479 3586 611 3637 dum
658 3582 737 3636 illi
778 3580 846 3634 ad
898 3596 1093 3645 cornu,
1150 3579 1204 3634 id
1236 3588 1347 3644 est,
1383 3579 1597 3644 laevam,
1648 3587 2069 3646 convertuntur,

482 3674 708 3727 dextras
756 3671 977 3724 illorum
1021 3672 1200 3725 nudas
1245 3683 1389 3733 esse,
1430 3678 1483 3723 et
1515 3669 1895 3723 densationem
1944 3667 2071 3723 illo-

482 3779 603 3817 rum
632 3762 956 3817 dissolutam
989 3778 1131 3828 esse,
1158 3776 1385 3818 necesse
1411 3770 1515 3816 est.

546 3856 635 3911 87.
678 3854 734 3908 lu
766 3856 1018 3911 hostibus
1050 3853 1462 3911 circumdandis
1500 3869 1606 3909 non
1660 3854 1841 3909 solum
1886 3853 2071 3909 corni-

478 3950 656 4014 stites,
689 3947 742 4001 id
778 3957 884 4016 est,
908 3948 1003 4016 qui
1036 3946 1216 4002 dextri
1243 3962 1419 4001 cornu
1456 3959 1893 4018 propugnatores
1920 3953 2067 4013 sunt,

477 4042 785 4105 elaborare,
825 4056 893 4095 ne
929 4040 1013 4094 vel
1053 4040 1216 4095 nimis
1248 4041 1615 4106 retardentur,
1657 4041 1738 4097 vel
1768 4039 1933 4096 nimis
1959 4040 2071 4096 cito

481 4136 772 4206 incipiant,
803 4136 896 4190 sed
927 4145 982 4191 et
1017 4136 1190 4207 partis
1220 4135 1390 4203 illius,
1415 4134 1466 4189 id
1497 4145 1603 4203 est,
1630 4146 1845 4201 turmae,
1877 4134 2071 4207 pra-fe-

479 4241 654 4292 ctum,
680 4231 798 4284 sive
825 4229 872 4283 is
901 4229 1240 4295 turmarcha,
1267 4229 1384 4284 sive
1417 4229 1560 4284 alius
1582 4229 1855 4300 quispiam
1882 4227 2068 4284 fuerit.

478 4324 669 4393 Itaque
710 4322 1098 4379 invadentibus
1145 4338 1241 4378 eos
1274 4324 1680 4391 cornistitibus,
1722 4333 1775 4379 et
1815 4324 2069 4379 hostibus

474 4418 588 4487 jam
631 4415 957 4472 tumultuari
994 4416 1406 4486 incipientibus,
1456 4417 1751 4473 adversum
1800 4433 1898 4474 eos
1941 4417 2067 4473 uni-

476 4526 634 4566 versa
668 4519 848 4564 turma
880 4508 1119 4564 incedat.

550 4605 642 4658 88.
686 4603 843 4657 Curat
891 4600 1147 4671 praefecto
1181 4616 1303 4656 esse
1344 4601 1508 4657 debet
1541 4611 1618 4667 ut,
1651 4602 1696 4658 si
1724 4602 1837 4658 ﬁeri
1870 4605 2066 4676 possit,

478 4696 738 4751 adversas
800 4693 989 4763 copias
1040 4691 1380 4764 longitudine
1424 4704 1674 4764 superet;
1729 4698 1813 4751 sin
1861 4699 2067 4762 minus,

478 4785 673 4839 saltem
727 4790 978 4853 exaequet
1011 4800 1025 4837 :
1057 4783 1102 4837 si
1157 4783 1304 4837 enim
1360 4783 1575 4853 longior
1636 4796 1851 4851 nostra,
1902 4803 2067 4858 quam

477 4876 921 4931 adversariorum
992 4876 1142 4931 acies
1208 4874 1414 4940 fuerit,
1480 4878 1798 4934 cornistites
1869 4896 2070 4939 munus

479 4984 640 5024 suum
672 4968 865 5024 sedulo
901 4983 965 5023 ac
988 4967 1270 5025 fructuose
1303 4967 1526 5025 facient.

550 5156 642 5206 89.
695 5150 1026 5207 Cornistites
1076 5152 1201 5207 ideo
1258 5153 1558 5209 necessarii
1607 5162 1768 5223 sunt,
1821 5158 1953 5229 quia
2016 5160 2068 5215 in

477 5244 641 5300 nudis
668 5242 805 5301 locis
841 5245 1186 5302 incursiones
1212 5244 1392 5303 facere
1415 5250 1781 5318 opportunius
1813 5264 2066 5322 possunt.

545 5429 635 5485 90.
678 5425 946 5482 Secundae
994 5425 1251 5481 similiter
1303 5427 1440 5484 aciei
1487 5432 1791 5503 praecipies,
1843 5443 1903 5489 ut
1950 5452 2067 5492 me-

469 5523 624 5579 dium
666 5521 871 5585 locum,
918 5520 973 5574 in
1005 5536 1116 5591 quo
1152 5522 1393 5592 dignitas
1444 5534 1534 5582 tua
1589 5529 1884 5584 constituta
1939 5536 2065 5597 erit,

471 5615 761 5684 diligenter
808 5612 1085 5679 observet,
1124 5625 1180 5670 et
1232 5617 1424 5673 sedulo
1464 5620 1731 5687 advertat,
1778 5632 1837 5676 ut
1870 5624 2067 5680 confli-

471 5704 730 5758 ctationis
767 5714 1011 5773 tempore
1053 5705 1193 5760 duos
1246 5717 1340 5763 aut
1386 5719 1496 5767 tres
1547 5715 1759 5781 sagi'ttte
1812 5716 1995 5785 jactus
2035 5736 2063 5774 a

474 5793 652 5862 prima
686 5796 801 5849 acie
859 5795 1063 5862 absint,
1117 5808 1195 5864 ut,
1254 5802 1298 5854 si
1352 5802 1405 5857 in
1455 5805 1636 5876 fugam
1693 5810 2065 5879 conjiciantur

2182 1925 2296 1978 τεῖν
2337 1923 2776 1996 ἐμϐραδύνοντος
2824 1925 3185 1995 παρεκτεῖνάι
3233 1923 3396 1996 μέχρι
3436 1926 3534 1978 καὶ
3574 1923 3777 1994 ήμίπου

2184 2017 2572 2087 σαγιττοϐόλου
2609 2017 2698 2070 διά
2741 2018 2801 2071 τὸ
2860 2017 3222 2089 ὑπερϐάλλειν
3272 2017 3333 2070 τὸ
3386 2018 3537 2081 άντις
3581 2018 3776 2089 κέρας.

2183 2106 2300 2164 Εἶθ’
2330 2109 2506 2173 οὓτως
2534 2109 2861 2173 ἐκνεύοντας
2888 2110 3028 2163 κατὰ
3059 2110 3259 2174 αὐτοὺς
3290 2110 3386 2163 καί⁸
3434 2110 3778 2174 κυκλοῦντας

2182 2202 2587 2274 παραγγέλλειν
2601 2202 2683 2268 τὸ,
2707 2202 2949 2267 Ἔξελθε”
2966 2203 3060 2255 καὶ
3083 2202 3286 2266 εὐθέως
3301 2202 3611 2274 ἐπιπέμψαι
3636 2202 3780 2257 κατὰ

2180 2296 2276 2350 τοῦ
2324 2294 2497 2351 νώτου
2551 2296 2732 2351 αὐτῶν
2782 2296 2873 2351 τὸν
2920 2294 3257 2350 λανθάνοντα
3304 2294 3574 2366 δροῦγγον
3615 2296 3776 2366 ἄφνω

2182 2388 2327 2442 κατὰ
2383 2386 2611 2451 ἐλασίας
2652 2386 2854 2452 ὀξείας.

2261 2574 2365 2622 πε⁹.
2397 2565 2767 2638 Τρεπομένων
2802 2566 2856 2620 δέ
2909 2566 3018 2619 τῶν
3066 2564 3281 2638 ἐχθρῶν
3337 2565 3412 2635 μὴ
3457 2561 3774 2617 ἐπιδιώκειν

2180 2662 2307 2725 τοὺς
2345 2662 2670 2731 φεύγοντας,
2713 2660 2848 2715 am
2877 2660 3080 2724 εὐθέως
3112 2659 3258 2713 κατά
3287 2658 3382 2712 τοῦ
3417 2657 3589 2712 νώτου
3616 2659 3771 2711 ίστα-
3868 2702 3873 2707 ,

2185 2757 2383 2825 μένους
2430 2754 2709 2825 ἔρχεσθαι,
2760 2756 2878 2825 ἅμα
2926 2753 3002 2825 τῷ
3057 2753 3231 2824 ἐτέρῳ
3282 2753 3549 2824 τάγματι.
3607 2751 3666 2804 Ei
3715 2751 3774 2803 δὲ

2180 2847 2495 2918 κοντότερόν
2522 2846 2695 2913 ἐστιν,
2728 2847 2933 2910 εὐθέως
2973 2846 3315 2917 ἐξέρχεσθαι,
3348 2847 3444 2900 καὶ
3476 2844 3777 2917 μηνοειδῶς

2179 2940 2650 3011 ἐπιλαμϐάνεσθαι
2684 2939 2877 2993 αὑτοῦ·
2900 2941 2949 2993 εί
2975 2940 3032 2993 δέ
3066 2940 3180 2993 ἴσον
3213 2938 3385 3007 ἐστὶν,
3410 2938 3591 3006 ὀλίγον
3627 2955 3775 3008 παρ-

2179 3034 2443 3089 εκτείνειν
2496 3035 2590 3088 καὶ
2638 3034 3001 3106 ὑπερϐάλλειν
3045 3034 3107 3088 τὺ
3164 3034 3340 3097 ἅντις.
3398 3028 3533 3087 Εἶτα
3574 3032 3769 3096 οὕτως,

2177 3129 2252 3195 ὡς
2277 3130 2515 3201 εἴρηται,
2544 3127 2725 3201 ὀρμᾷν
2745 3128 2887 3183 κατὰ
2918 3126 3114 3185 αὐτοῦ.

2249 3316 2370 3375 πς’.
2418 3310 2545 3365 Ἐάν
2572 3310 2669 3380 μὲν
2703 3309 2819 3377 οὖν,
2851 3311 2981 3364 ὅταν
3013 3310 3472 3381 παρεκτείνονται
3514 3311 3563 3363 οἱ
3597 3309 3775 3379 ὑπερ-

2178 3401 2447 3473 κεράσται
2483 3400 2821 3471 βουληθῶσιν
2850 3402 2944 3455 καὶ
2970 3402 3018 3455 οἱ
3040 3400 3190 3464 ἄντις
3228 3400 3432 3471 ὁμοίιος
3473 3401 3778 3471 παρεκτεί-

2174 3492 2385 3559 νεσθαι,
2419 3493 2501 3547 δεῖ
2525 3494 2727 3563 ὁμοίως
2755 3495 2848 3547 καὶ
2883 3493 3085 3557 εὐθέως
3113 3493 3255 3548 κατὰ
3290 3491 3470 3547 αὐτῶν
3509 3493 3687 3564 ὁρμᾷν
3715 3494 3778 3544 ἐν

2176 3586 2287 3656 ὅσῳ
2318 3584 2687 3638 άκατάστατοι
2718 3584 3086 3655 εὑρίσκονταιο
3129 3583 3344 3655 ἀνάγκη
3391 3583 3501 3661 γὰρ
3537 3601 3775 3655 στρεφο-

2177 3676 2357 3748 μένων
2387 3675 2567 3729 αὐτῶν
2597 3676 2690 3728 ἐπὶ
2730 3676 2900 3747 κέρας
2931 3677 3026 3729 καὶ
3060 3676 3127 3729 τά
3156 3674 3310 3743 δεξιά
3356 3676 3537 3730 αὐτῶν
3584 3680 3777 3748 γυμνὰ

2174 3770 2340 3842 ἔχειν,
2375 3770 2467 3823 καὶ
2496 3769 2594 3839 τὴν
2626 3769 2849 3838 σφιγξιν
2877 3769 3304 3841 διαλελυμένην.

2249 3865 2356 3929 πζν.
2393 3863 2612 3926 Ταύτας
2643 3863 2700 3916 δέ
2730 3863 2830 3926 τὰς
2865 3863 3171 3927 κυκλώσεις
3200 3863 3275 3936 μὴ
3314 3864 3474 3933 μόνον
3499 3864 3619 3918 δέον
3642 3864 3776 3929 τοὺς

2174 3940 2593 4028 ὑπερκεράστας
2649 3953 2973 4019 κανονίξειν,
3025 3954 3193 4026 ἤγουν
3238 3955 3368 4018 τοὺς
3416 3954 3511 4008 τοῦ
3581 3955 3761 4022 δεξιοῦ

2177 4051 2380 4122 μέρους
2405 4047 2725 4120 προμάχους
2741 4050 2823 4111 είς
2851 4048 2912 4102 τὺ
2942 4048 3018 4120 μὴ
3051 4048 3185 4102 πολὺ
3209 4045 3594 4121 ἐμϐραδύνειν,
3632 4049 3773 4119 μηδέ

2172 4142 2339 4196 πάλιν
2373 4140 2479 4211 πρὸ
2515 4138 2714 4217 πολλοῦ
2746 4142 2942 4205 ποιεῖν,
2972 4139 3110 4195 ἀλλὰ
3167 4144 3262 4193 καὶ
3296 4140 3384 4193 τὸν
3436 4139 3530 4193 τοῦ
3564 4139 3775 4210 μέρους

2173 4233 2439 4304 ἄρχοντα,
2496 4232 2609 4284 εἴτε
2659 4232 3017 4305 τουρμάρχης
3051 4231 3223 4298 ἐστὶν,
3275 4232 3385 4285 εττε
3429 4232 3618 4303 ἕτερός
3661 4249 3769 4296 τις.

2174 4324 2317 4379 ὥστε
2343 4325 2740 4396 ἐγχειρούντων
2762 4325 2872 4377 τῶν
2909 4325 3340 4397 ὑπερκεραστῶν
3396 4326 3491 4379 καὶ
3524 4326 3772 4397 ἀρχομέ-

2173 4436 2282 4475 νων
2316 4420 2426 4472 τῶν
2460 4419 2611 4483 ἄντις
2639 4416 2992 4489 θορυϐεῖσθαι
3015 4456 3030 4483 ,
3066 4418 3188 4471 τότε
3213 4418 3309 4472 καὶ
3332 4419 3516 4483 αὐτοῖς
3540 4419 3600 4473 τὸ
3646 4419 3775 4473 ὅλον

2100 4528 2144 4584 ι)
2178 4510 2344 4583 μέρος
2375 4511 2623 4578 ἐπάγειν.

2256 4609 2370 4675 σπη’.
2424 4604 2600 4673 Λόγος
2653 4600 2712 4656 δέ
2744 4600 2821 4672 τῷ
2855 4600 3077 4673 ἄρχοντι
3136 4602 3388 4671 γίνεσθαι
3424 4600 3651 4670 ὀφείλει,
3680 4600 3771 4653 ἴνα

2170 4699 2220 4753 εί
2259 4700 2359 4769 μέν
2419 4699 2538 4751 ἐστι
2593 4697 2819 4752 δυνατὸν
2879 4695 3029 4767 αὐτῷ
3082 4695 3448 4767 ὑπερϐάλλειν
3507 4694 3568 4749 τὸ
3615 4692 3771 4757 am;

2174 4792 2376 4864 μέροςο
2404 4790 2537 4844 εἰδὲ
2594 4791 2667 4860 μή
2700 4807 2797 4859 γε,
2832 4788 2937 4843 κᾶν
2998 4787 3242 4842 ἰσοῦσθαι
3303 4787 3473 4859 αὐτῷ,
3536 4786 3631 4841 ἐὰν
3670 4789 3771 4841 καὶ

2174 4884 2494 4958 μακροτέρα
2525 4884 2724 4955 εὑρεθῇ
2756 4882 2866 4936 τῶν
2892 4882 3156 4936 ἐναντίων
3184 4884 3217 4953 ἡ
3246 4881 3555 4951 παράταξις
3576 4897 3589 4910 ·
3622 4879 3769 4934 ὥστε

2173 4977 2428 5032 ἐντεῦθεν
2463 4977 2741 5049 ἁρμοδίως
2774 4976 3034 5030 δύνασθαι
3079 4975 3206 5039 τοὺς
3243 4973 3674 5047 ὑπερκεράστας
3704 4974 3765 5027 τὸ

2172 5067 2335 5140 ἔργον
2362 5067 2542 5122 αὐτῶν
2583 5071 2777 5122 ποιεῖν.

2240 5163 2351 5217 πον.
2399 5163 2642 5216 Γίνωσκε
2698 5162 2755 5215 δὲ
2798 5163 2880 5216 ὅτι
2931 5164 2979 5216 οἱ
3027 5161 3443 5233 ὑπερκεράσται
3482 5157 3571 5213 διὰ
3604 5157 3769 5213 τοῦτό

2171 5258 2308 5310 εἰσιν
2333 5255 2645 5324 ἀναγκαῖοι,
2681 5255 2803 5310 καθ’
2837 5255 2866 5309 ὃ
2914 5256 3011 5310 καὶ
3059 5256 3118 5308 ἐν
3145 5256 3376 5325 γυμνοῖς
3422 5255 3612 5317 τόποις
3666 5253 3769 5317 τὰς

2170 5349 2473 5421 ἐπιδρομὰς
2498 5350 2678 5403 ποιεῖν
2707 5349 3133 5421 άσφαλεστέρως
3159 5349 3439 5403 δύνανται.

2242 5447 2312 5510 μ’.
2360 5442 2594 5511 Ὁμοίως
2625 5443 2681 5497 δὲ
2728 5443 2823 5497 καὶ
2867 5447 2932 5515 τῇ
2960 5443 3191 5516 δευτέρᾳ
3245 5442 3397 5509 τάξει
3450 5440 3768 5515 παραγγεί-

2164 5537 2263 5610 λῃς
2292 5537 2435 5592 ὥστε
2465 5538 2557 5591 τὸν
2595 5537 2760 5609 μέσον
2802 5538 2991 5602 τόπον,
3029 5539 3086 5591 ἐν
3123 5530 3169 5606 ᾧ
3221 5537 3514 5608 συμϐαίνει
3560 5535 3764 5605 τάσσε-

2166 5630 2291 5684 σθαι
2306 5629 2404 5701 τὴν
2426 5630 2523 5701 σὴν
2540 5629 2884 5699 ἑνδοξότητα,
2911 5628 3196 5683 πείθεσθαί
3218 5645 3302 5682 σοι
3318 5627 3411 5681 καὶ⁵
3426 5625 3759 5691 κανονίζειν,

2164 5724 2333 5794 ἤγουν
2379 5722 2762 5793 στοχάζεσθαι,
2821 5724 2961 5776 ὥστε
3017 5725 3074 5775 ἐν
3126 5723 3204 5793 τῷ
3252 5720 3428 5794 καιρῷ
3469 5722 3568 5790 τῆς
3613 5735 3758 5789 συμο

2164 5815 2327 5887 ϐολῆς
2387 5816 2495 5870 άπδ
2555 5815 2723 5886 τριῶν
2781 5818 2812 5890 ἢ
2866 5817 3152 5889 τεσσάρων
3215 5814 3619 5887 σαγιττοὸὀλων
3657 5812 3760 5885 τῆς
