4090 6436
376 328 490 394 833

1408 315 1747 380 TACTlCA.
1789 334 1860 349 ⁸-
1888 309 2398 376 CONSTITUTIO
2450 307 2593 375 XII.

3553 296 3664 367 834

382 437 609 511 πρώτης
664 432 1020 504 παρατάξεως
1097 428 1392 502 εὑρεθῆναι
1445 430 1656 499 αὖτήν’
1732 425 1821 480 ἴνα
1872 423 2013 483 ea“

2117 438 2278 491 ostcs,
2316 426 2476 496 quasi
2542 421 2935 494 propugnatrix
2978 429 3142 492 atque
3183 414 3512 477 subsidiaria
3561 420 3671 471 non

387 528 675 603 τραπῶσιν
718 528 769 581 ei
823 524 1033 597 ἐχθροὶ,
1075 523 1151 587 ώς
1183 522 1457 593 διφένσωρ
1501 520 1642 591 αὑτὴ
1684 519 1856 589 ήγουν
1887 519 1979 570 ἐκ·

386 624 615 695 δικητὴς
664 622 759 678 καὶ
810 618 1008 692 βοηθὸς
1063 619 1123 671 ἐν
1153 616 1306 683 τάξει
1354 615 1700 687 ἐπακολουθῇ
1756 614 1853 670 καὶ
1901 614 1980 685 μή

388 713 697 786 ἀπομείνῃ.
730 708 731 711 “

464 805 575 875 ka'.
610 806 673 858 El
699 803 757 858 δὲ
782 804 969 877 τραπῇ
999 818 1053 854 τι
1081 799 1192 854 τῶν
1217 800 1318 871 τῆς
1340 798 1566 870 πρώτης
1609 797 1816 863 τάξεως
1842 812 1981 866 ταγ..

394 901 606 972 μάτων,
631 894 994 966 ὑποδέχεσθαι
1043 894 1106 948 τὸ
1147 891 1488 963 βαρούμενον
1547 890 1641 943 καὶ
1685 889 1984 961 ἐρχόμενον

395 992 566 1063 μέρος
614 991 697 1054 εἰς
760 987 1110 1057 καταφυγὴν,
1150 986 1249 1038 καὶ
1301 984 1419 1054 ἅμα
1463 985 1577 1046 τοῖς
1607 982 1709 1053 τῆς
1761 980 1986 1053 πρώτης

392 1086 603 1152 τάξεως
643 1082 975 1155 ἐπέρχεσθαι
1025 1078 1497 1149 συντεταγμένως.
1528 1076 1624 1130 xal
1671 1073 1747 1147 μὴ
1780 1074 1989 1128 διαλύε-

397 1179 526 1232 σθαι
567 1176 736 1247 μέχρι
782 1174 997 1237 τελείας
1030 1172 1312 1236 ἐκϐάσεως
1341 1168 1437 1223 τοῦ
1470 1168 1736 1239 πολέμου,
1767 1168 1863 1221 καὶ
1887 1167 1988 1237 τῆς

396 1272 490 1325 ἐπὶ
511 1269 576 1323 τὸ
626 1267 899 1338 φοσσάτον
961 1265 1334 1335 ὑποστροφῆς,
1390 1261 1525 1315 ἀλλὰ
1551 1261 1768 1329 ἀφιέναι
1814 1256 1989 1321 οὕτως

400 1363 849 1434 συντεταγμένως
874 1357 1265 1429 φυλάττεσθαι,
1295 1355 1391 1410 καὶ
1410 1354 1487 1427 μή
1514 1351 1831 1407 ἐπιδιώκειν
1857 1350 1992 1406 ἀτά-

399 1471 546 1517 κτως
574 1452 700 1515 τοὺς
729 1448 981 1521 ἐχθρούς.

478 1543 585 1616 ιβ’.
629 1545 756 1599 Ἐὰν
794 1544 851 1596 δὲ
876 1541 1179 1612 ἀμφίϐολος
1220 1541 1256 1612 ή
1315 1539 1462 1611 μάχη
1491 1537 1593 1607 τῆς
1620 1534 1847 1605 πρώτης
1893 1533 1992 1588 τά-

403 1639 541 1705 ξεως
577 1636 858 1707 φαίνηται,
904 1634 999 1687 καὶ
1032 1632 1246 1699 διώξεις
1299 1631 1394 1685 καὶ
1437 1627 1774 1694 ἀντιδιώξεις
1798 1624 1996 1695 γίνων-

419 1749 537 1796 ται,
566 1729 672 1801 χρὴ
694 1726 991 1799 ἀναμένειν
1050 1725 1147 1779 καὶ
1182 1723 1408 1795 θεωρεῖν
1441 1720 1542 1793 τήν
1595 1719 1690 1774 τοῦ
1743 1718 1998 1789 πράγμα-

2085 519 2374 587 consistat,
2411 516 2509 574 sed
2537 517 2712 573 aciem
2752 522 3042 586 sequatur.

2158 788 2250 843 9|.
2287 784 2443 854 Quod
2474 786 2521 840 si
2544 799 2668 855 qua:
2704 783 2963 839 cohortes
2998 779 3188 849 prima:
3213 774 3354 834 aciei
3382 776 3683 847 profligatae

2092 876 2326 941 fuerint,
2366 875 2507 930 hanc
2562 873 2816 929 afflictam
2859 881 3068 943 partem
3101 880 3155 926 et
3189 868 3498 941 perfugium
3532 881 3684 937 quae-

2091 977 2302 1026 tentem
2344 968 2606 1038 excipiat,
2644 982 2711 1021 ac
2757 966 2922 1020 etiam
2972 979 3098 1020 cum
3144 964 3319 1032 prima
3364 960 3484 1016 acie
3530 959 3684 1014 ordi-

2092 1075 2221 1118 nate
2267 1077 2332 1118 ac
2398 1061 2667 1130 disposite
2719 1060 2971 1123 incedat,
3027 1073 3207 1128 neque
3254 1056 3430 1112 aciem
3478 1055 3688 1110 instru-

2095 1164 2240 1208 ctam
2278 1160 2405 1206 ante
2432 1150 2559 1206 belli
2608 1150 2842 1212 exitum,
2884 1156 2939 1202 et
2974 1146 3297 1217 priusquam
3333 1158 3393 1200 se
3428 1143 3482 1196 in
3504 1151 3688 1196 castra

2096 1260 2195 1302 sua
2243 1244 2576 1314 receperint,
2608 1241 2893 1306 dissolvat,
2928 1240 3023 1295 sed
3077 1238 3158 1294 sic
3204 1237 3273 1291 ad
3310 1232 3689 1290 conservatios

2097 1354 2222 1393 nem
2264 1338 2456 1408 prima:
2482 1336 2621 1391 aciei
2650 1334 2904 1390 ordinate
2948 1339 3234 1401 sequatur,
3269 1344 3381 1383 non
3410 1335 3591 1381 autem
3622 1324 3691 1380 ad

2098 1431 2509 1504 persequendos
2539 1432 2727 1485 hostes
2760 1426 2993 1482 confuse
3025 1432 3171 1479 ruat.

2171 1523 2262 1580 92.
2306 1522 2365 1578 Si
2410 1536 2618 1593 anceps
2661 1520 2921 1592 proslium
2973 1517 3170 1588 prima:
3221 1514 3361 1571 aciei
3396 1512 3584 1579 fuerit,
3640 1521 3696 1568 ct

2100 1617 2517 1689 persecutiones
2548 1615 2797 1686 fugaeque
2844 1613 3076 1677 fuerint,
3118 1610 3552 1684 permanendum
3584 1618 3693 1672 est,

2101 1722 2155 1768 et
2182 1712 2361 1767 exitus
2386 1711 2463 1766 rei
2492 1708 2971 1781 contemplandus,
3005 1720 3280 1776 vocesque
3330 1720 3396 1760 ac
3424 1704 3696 1760 clamores

413 1792 531 1887 τος-
560 1792 822 1881 ἑκϐασιν,
891 1817 990 1871 καὶ
1059 1792 1347 1870 ἐκϐάλλειν
1400 1792 1654 1882 δεύτερον
1814 1806 1999 1877 τρίτον

2117 1818 2299 1876 graves
2343 1804 2544 1859 iterum
2601 1818 2666 1858 ac
2707 1802 2868 1858 tertio
2897 1797 3269 1871 profundendi
3300 1804 3451 1859 sunt,
3478 1804 3600 1856 tum
3629 1792 3698 1849 ad

404 1909 591 1982 φωνάς
618 1905 962 1979 βρυγμώδεις
1008 1904 1147 1976 πρός
1174 1921 1234 1956 τε
1283 1902 1637 1957 διανάστασιν
1678 1898 1790 1952 τῶν
1826 1912 1998 1967 μαχο-

410 2001 592 2072 μένων
624 2000 722 2053 καὶ
748 1994 1093 2066 κατάπληξιν
1142 1993 1252 2048 τῶν
1283 1992 1524 2063 ἐχθρῶν,
1552 1990 1627 2060 μὴ
1678 1984 2001 2053 σπουδάζειν

404 2094 464 2146 δέ
512 2091 819 2163 προχείρως
881 2086 1293 2159 συμμίγνυσθαι
1361 2085 1395 2156 ἢ
1451 2081 1696 2152 ἐγγίζειν
1746 2079 1883 2133 πολὺ
1933 2080 2001 2150 τῇ

409 2184 610 2259 πρώτῃ
646 2181 982 2254 παρατάξει,
1008 2180 1096 2233 ἵνα
1135 2181 1299 2250 μήτις
1330 2177 1530 2249 φύρσις
1578 2176 1672 2229 καὶ
1716 2172 2004 2235 ἀλλόκοτος

404 2279 584 2354 τροπὴ
641 2280 700 2333 ἐν
732 2280 800 2348 τῇ
857 2274 1104 2345 συμϐολῇ
1148 2272 1249 2343 τῆς
1301 2272 1483 2342 μάχης
1513 2266 2002 2338 παρακολουθήσῃ.

486 2369 599 2440 ἥγ’.
628 2370 694 2425 El
724 2368 805 2435 δὲ,
835 2368 914 2431 ώς
947 2365 1213 2428 πολλάκις
1250 2362 1565 2434 συμϐαίνει,
1589 2361 1683 2413 καὶ
1703 2360 1738 2430 ή
1778 2356 2009 2428 δευτέρα

411 2462 718 2534 παράταξις
737 2459 923 2531 τραπῇ
943 2456 1111 2528 μέχρι¹
1136 2454 1246 2508 τῶν
1272 2450 1695 2519 νωτοφυλάκων,
1718 2449 1888 2520 ⁴ήγουν
1908 2448 2010 2518 τῆς

408 2557 596 2627 τρίτης
642 2553 884 2620 τάξεως,
922 2548 1229 2621 ἐρχομένην
1256 2544 1581 2609 σπουδάζειν
1627 2540 2009 2612 ἀναλαμϐάνε·

417 2642 545 2702 σθαι
566 2645 757 2715 αὑτήν.

483 2718 589 2808 κδ’.
633 2737 760 2791 Ἐάν
784 2735 843 2789 δὲ
891 2733 1001 2789 aut:
1057 2731 1284 2804 ἐνέδρας
1329 2729 1481 2793 τινδς
1519 2727 1609 2783 διὰ
1638 2726 1811 2781 νώτου
1843 2726 2014 2798 ήγουν

410 2833 523 2885 ἀπὸ
564 2829 790 2884 όπισθεν
823 2827 1010 2896 ἔφοδος
1048 2826 1266 2897 μηνυθῇ
1326 2823 1422 2877 καὶ
1444 2820 1732 2883 ἐπέλευσις
1764 2819 1976 2891 ἐχθρῶν
1997 2834 2012 2849 ·

412 2926 510 2976 ἐὰν
545 2923 642 2994 μὲν
672 2921 845 2991 ὀλίγοι
874 2919 1019 2973 εἰσὶν
1055 2918 1106 2971 οἱ
1143 2916 1498 2989 μηνυόμενοι,
1529 2913 1625 2967 καὶ
1656 2911 1923 2984 ἀρκοῦσιν
1965 2911 2017 2963 οἱ

413 3018 514 3088 τῆς
538 3018 730 3089 τρίτης
745 3016 974 3081 τάξεως,
999 3014 1124 3067 τότε
1157 3010 1327 3082 αὐτὴν
1364 3010 1508 3064 κατὰ
1542 3007 1767 3062 ἐκείνων
1807 3005 2018 3076 ἐκπέμ-

416 3121 562 3163 πειν.
602 3109 665 3161 Εἰ
698 3107 755 3160 δὲ
794 3106 871 3179 μὴ
894 3104 1185 3177 ἀρκοῦσιν,
1238 3103 1363 3157 τότε
1406 3099 1592 3165 καθώς
1620 3102 1769 3153 ἐστιν
1798 3101 1834 3169 ή
1864 3097 2018 3162 τάξις

2104 1906 2325 1955 nostros
2365 1895 2816 1959 exsuscitandos,
2869 1904 2984 1950 tum
3022 1892 3092 1948 ad
3139 1893 3329 1947 hostes
3374 1888 3700 1944 exaniman-

2103 1996 2228 2049 dos.
2252 1991 2441 2062 Neque
2465 1989 2652 2047 statim
2688 1988 2908 2045 coneris
2926 2000 3121 2044 manus
3147 1997 3458 2047 conserere,
3496 1987 3591 2034 aut
3628 1978 3699 2033 ad

2105 2088 2341 2160 primam
2384 2085 2560 2142 aciem
2618 2084 2910 2147 accedere,
2955 2095 3026 2137 ne
3098 2080 3284 2149 aliqua
3334 2073 3589 2132 confusio
3634 2086 3701 2128 ac

2106 2185 2235 2253 fuga
2290 2178 2544 2251 quaedam
2607 2177 2831 2249 indigna
2885 2174 3033 2230 hanc
3094 2170 3560 2230 conﬂictationem
3608 2181 3701 2223 sea-

2107 2282 2329 2346 quatur.

2180 2361 2271 2418 93.
2314 2361 2433 2429 Sin,
2461 2360 2609 2432 quod
2637 2375 2782 2431 serpe
2804 2356 3057 2414 accidere
3092 2357 3249 2419 solet,
3283 2351 3527 2409 secunda
3558 2347 3704 2404 acies

2112 2471 2289 2526 usque
2326 2456 2392 2510 ad
2446 2452 2771 2525 tergistites,
2813 2467 2910 2508 seu
2962 2449 3181 2505 tertiam
3211 2446 3385 2501 aciem
3419 2444 3475 2498 in
3520 2443 3702 2512 fugam

2111 2555 2413 2611 vertatur,“
2433 2544 2551 2600 haec
2611 2543 2768 2599 tertia
2819 2541 3125 2597 adventans
3192 2546 3423 2594 conetur
3474 2546 3707 2602 recupe-

2114 2652 2241 2693 rare
2268 2652 2413 2693 eam.
2701 2623 2703 2625 ’

2187 2729 2279 2787 94.
2322 2728 2420 2785 Sin
2462 2727 2679 2784 insidiis
2710 2726 2837 2783 ullis
2863 2725 3024 2782 factis
3054 2740 3085 2781 a
3117 2734 3274 2795 tergo
3300 2723 3481 2793 aliqua
3516 2722 3708 2776 incur-

2118 2822 2204 2878 sio
2253 2830 2421 2892 atqne
2461 2820 2704 2891 impetus
2753 2818 2999 2875 hostium
3046 2817 3165 2883 ﬁat,
3212 2818 3257 2873 si
3299 2816 3459 2885 pauci
3501 2813 3557 2867 hi
3592 2812 3712 2867 fue-

2120 2916 2254 2981 rint,
2284 2914 2379 2985 qui
2409 2913 2741 2968 adoriuntur
2767 2926 2888 2979 eos,
2935 2911 3210 2982 tertiaque
3240 2909 3386 2964 acies
3416 2907 3709 2962 adversum

2119 3022 2214 3065 eos
2258 3006 2392 3063 satis
2441 3014 2545 3072 est,
2602 3005 2720 3060 haec
2771 3005 2930 3059 tertia
2980 3013 3096 3057 tum
3151 3002 3470 3065 emittatur;
3516 2998 3599 3052 sin
3646 3010 3714 3050 ea

2123 3099 2257 3155 satis
2286 3112 2399 3154 non
2436 3096 2622 3164 fuerit,
2654 3096 2940 3153 conversis
2968 3104 3084 3150 tum
3125 3094 3191 3148 ad
3233 3092 3486 3155 caudam,
3518 3090 3569 3145 id
3604 3098 3712 3153 est,

418 3198 937 3272 ἀναστρεφομένων
959 3197 1070 3251 τῶν
1096 3188 1412 3268 προσώπων
1442 3193 1644 3264 ὁμοίως
1685 3192 1743 3247 δὲ
1776 3191 1871 3245 καὶ
1917 3187 2013 3243 τοῦ

2119 3188 2371 3245 ultimam
2402 3186 2601 3252 aciem,
2630 3186 2891 3241 cohortes
2921 3198 3047 3239 cum
3078 3181 3353 3254 praefectis
3384 3180 3456 3234 ita
3484 3192 3544 3234 se
3572 3190 3714 3247 prae-

422 3289 614 3361 ράνδου
649 3288 789 3361 μετὰ
830 3286 926 3341 τοῦ
960 3287 1221 3358 ἄρχοντος
1269 3285 1350 3347 είς
1395 3278 1562 3354 οὐράν
1614 3280 1783 3351 ήγουν
1826 3276 2007 3330 ὀπίσω

420 3382 738 3455 ἐρχομένων
795 3377 871 3445 ώς
919 3376 1273 3451 άμφιστόμου
1328 3374 1546 3447 ήτάξις
1574 3371 1672 3444 τὴν
1728 3368 2008 3441 συμϐολὴν

421 3468 700 3546 ἁρμοδίως
718 3470 977 3537 ποιεῖται,
1006 3470 1099 3524 καὶ
1126 3466 1482 3540 τρεπομένων
1510 3463 1620 3517 τῶν
1638 3460 1851 3533 ἐχθρῶν
1872 3459 1998 3513 τότε

424 3564 551 3626 τοὺς
569 3558 984 3631 νωτοφύλακας,
1011 3558 1122 3613 εἴτε
1159 3557 1218 3614 ἒν
1240 3558 1354 3611 εἴτε
1377 3555 1471 3610 δύο
1494 3552 1664 3626 βάνδα
1689 3549 2015 3624 εὑρεθῶσιν,

424 3652 500 3718 ώς
539 3651 852 3725 κούρσορας
905 3647 1024 3706 κατ’
1054 3647 1238 3704 αὑτῶν
1265 3646 1589 3717 ἐπαφιέναι.

496 3745 599 3810 ιιε’.
637 3742 764 3796 Ἐὰν
787 3740 845 3796 δὲ
876 3739 1061 3795 πολλοί
1088 3740 1228 3794 είσιν
1253 3738 1302 3792 οί
1329 3735 1661 3808 μηνυόμενοι
1692 3733 1796 3807 τὴν
1832 3731 2023 3803 ἔφοδον

427 3838 625 3901 ποιεῖν,
678 3836 800 3889 τότε
835 3832 1213 3905 παραγγείλῃς
1241 3831 1323 3896 τὸ,
1358 3827 1732 3893 Μετάλλαξον.
1776 3828 1889 3882 Καὶ
1937 3824 2023 3895 ἐρ·

427 3944 616 4002 χονται
663 3929 714 3981 οί
764 3926 1032 3998 δεκάρχαι
1060 3924 1155 3977 ἐπὶ
1207 3920 1399 3993 οὐράν,
1464 3921 1636 3991 ἤγουν
1693 3920 2024 3988 στρέφονται

429 4020 657 4077 ὄπισθεν
677 4019 823 4073 κατὰ
842 4019 1054 4089 τάγμα,
1079 4014 1226 4070 ὥστε
1242 4015 1421 4069 ἐκεῖνο
1447 4011 1509 4067 τὸ
1533 4012 1700 4085 μέρος
1727 4011 1827 4082 τῆς
1853 4009 1914 4063 οὐ
1925 4009 2026 4080 ρᾶς

436 4113 693 4185 μέτωπον
720 4109 994 4181 γίνεσθαι.

504 4289 622 4359 ιιςθ.
680 4290 791 4344 Kal
824 4288 1032 4352 ταύτας
1066 4286 1167 4358 μὲν
1199 4301 1299 4349 τας
1348 4280 1727 4356 παραγγελίας
1772 4280 2026 4352 ποιήσεις

435 4383 545 4453 πρὸ
573 4382 759 4451 ὀλίγου
788 4377 985 4451 καιροῦ
1014 4378 1116 4447 τῆς
1158 4375 1341 4448 μάχης
1369 4374 1468 4428 καὶ
1498 4374 1605 4427 τῶν
1633 4373 1886 4441 ἀγώνων,
1939 4368 2030 4422 ἴνα

434 4473 781 4545 γινώσκωσιν
836 4474 886 4526 oi
946 4469 1280 4541 στρατιῶται
1319 4468 1389 4522 τὰ
1441 4462 1772 4537 ἁρμόζοντα.
1813 4463 1871 4516 '0
1920 4461 2030 4530 γὰρ

2116 3289 2312 3354 parent
2346 3280 2504 3352 quasi
2543 3277 2915 3349 ἀμφίστομος,
2944 3276 2999 3332 id
3038 3284 3142 3341 est,
3199 3288 3402 3343 anceps
3452 3271 3599 3326 acies
3622 3282 3714 3324 es-

2117 3382 2230 3443 set;
2278 3373 2360 3430 sic
2420 3371 2570 3428 acies
2625 3386 2753 3426 cum
2803 3369 2914 3426 illis
2966 3367 3249 3439 confligat,
3294 3358 3716 3436 proﬂigatisque

2121 3464 2371 3520 hostibus
2399 3460 2719 3533 tergistites,
2749 3460 2864 3516 sive
2891 3475 3019 3524 uua,
3063 3460 3179 3514 sive
3225 3456 3413 3527 plures
3454 3456 3715 3509 cohortes

2120 3554 2351 3622 fuerint,
2368 3554 2529 3627 quasi
2554 3567 2816 3611 cursores
2848 3552 2905 3607 in
2929 3551 3055 3607 illos
3084 3550 3482 3606 immittantur.

2194 3728 2287 3786 95.
2332 3728 2390 3784 Si
2435 3742 2669 3800 magnus
2720 3740 2987 3783 numerus
3040 3732 3231 3781 eorum
3289 3731 3414 3780 esse
3466 3717 3722 3778 videatur

2125 3821 2220 3893 qui
2249 3819 2622 3876 incursionem
2655 3818 2907 3885 fecerint,
2953 3827 3068 3872 tum
3105 3816 3388 3888 praecipies
3420 3815 3489 3871 iis
3516 3814 3720 3875 verbis,

2126 3912 2480 3981 Μετάλλαξον
2522 3912 2575 3967 id
2616 3920 2723 3977 est,
2762 3920 3081 3977 commata;
3117 3924 3227 3978 qua
3272 3922 3404 3963 voce
3433 3907 3623 3961 dccani
3653 3906 3723 3960 ad

2128 4007 2359 4064 caudam
2389 4007 2630 4071 venient,
2665 4004 2719 4060 id
2749 4013 2855 4070 est,
2893 4003 2962 4058 ad
2997 4004 3266 4072 posticam
3300 4011 3509 4071 partem
3541 4008 3726 4053 trans-

2130 4098 2306 4154 ferent
2358 4114 2419 4154 se
2483 4097 2794 4163 cohortes,
2853 4103 2914 4151 ut
2980 4092 3181 4158 cauda,
3240 4103 3364 4162 quae
3412 4088 3556 4157 fuit,
3609 4091 3727 4160 iam

2130 4188 2287 4245 frons
2314 4188 2429 4243 ﬁat.

2201 4282 2293 4338 96.
2328 4282 2455 4337 Haec
2484 4297 2653 4353 parvo
2678 4290 2924 4353 tempore
2964 4289 3096 4336 ante
3125 4278 3333 4335 bellum
3387 4289 3442 4334 et
3493 4276 3729 4332 dimica-

2133 4374 2341 4429 tionem
2363 4374 2540 4443 ipsam
2573 4373 2829 4443 praecipe,
2864 4385 2925 4427 ut
2967 4372 3105 4442 quid
3150 4371 3297 4427 facto
3326 4380 3466 4441 opus
3499 4370 3572 4425 sit
3624 4369 3731 4423 mi-

2133 4469 2256 4523 lites
2291 4476 2651 4538 cognoscant.
2688 4465 2812 4537 Ipso
2840 4466 2988 4521 enim
3025 4473 3275 4535 tempore
3302 4462 3487 4533 prmlii
3522 4461 3731 4518 milites

436 4567 548 4622 τῶν
583 4566 810 4637 ἀγώνων
834 4563 1026 4635 καιρὸς
1052 4563 1122 4615 τὰ
1141 4559 1370 4615 τοιαῦτα
1400 4558 1673 4625 διδάσκειν
1697 4556 1825 4618 τοὺς
1862 4555 2013 4624 μήπο

2136 4562 2333 4616 harum
2358 4575 2542 4615 rerum
2578 4560 2742 4613 rttdes
2777 4569 2945 4629 atque
2974 4558 3196 4630 ignaros
3241 4555 3346 4610 tale
3379 4554 3584 4624 aliquid
3630 4552 3734 4608 do-

438 4661 649 4715 τούτων
682 4661 877 4730 πεῖραν
909 4655 1175 4718 λαϐόντας
1221 4653 1323 4707 οὐκ
1359 4650 1670 4722 ἐπιτρέπει,
1701 4648 1750 4701 εί
1812 4646 1888 4719 μὴ
1925 4646 2035 4717 ἄρα

445 4750 561 4825 μετ’
586 4751 844 4821 ὀξύτητος
878 4750 947 4803 τά
969 4748 1213 4818 σύντομα
1234 4743 1675 4816 παραγγέλματα
1717 4740 1875 4812 μόνα.

515 4842 621 4912 ῐιζό
653 4844 826 4897 Πάλιν
852 4841 909 4895 δὲ
940 4840 1035 4894 ἐὰν
1076 4838 1182 4909 πρὸ
1211 4835 1411 4892 πολλοῦ
1470 4835 1666 4907 χρόνου
1719 4828 2036 4903 παραγγεί-

442 4938 565 5011 λῃς,
591 4939 672 5001 είς
694 4935 865 5007 λήθην
894 4934 1108 5003 γίνεται
1158 4931 1226 4984 τά
1257 4929 1549 5000 ίλεχθέντα.
1582 4927 1694 4981 Καὶ
1748 4924 1838 4978 διὰ
1881 4923 2038 4977 τοῦτο

446 5033 553 5102 Χρὴ
588 5046 647 5083 σε
697 5028 806 5099 πρὸ
874 5024 1071 5099 μικροῦ
1109 5024 1223 5095 (93)
1262 5019 1458 5092 καιροῦ
1510 5014 1606 5072 τοῦ
1649 5017 1888 5088 πολέμου
1937 5016 2039 5079 τὰς

446 5122 783 5193 ἀναμνήσεις
850 5117 1144 5173 ποιεῖσθαι.
1197 5111 1584 5185 Παραγγείλῃς
1637 5110 1697 5164 δὲ
1751 5110 1846 5163 καὶ
1898 5107 2037 5162 καθ·

446 5217 570 5271 όλου
595 5216 783 5277 πᾶσιν,
801 5214 943 5268 ὥστε
966 5209 1169 5282 μηδένα
1188 5207 1464 5280 θαρρῆσαι
1482 5205 1582 5275 τὴν
1598 5203 1860 5272 δευτέραν
1883 5200 2039 5266 τάξιν

450 5307 765 5377 παρελθεῖν,
793 5305 918 5373 κᾶν,
945 5302 1020 5368 th;
1046 5305 1213 5365 εἰκὸς,
1253 5296 1429 5369 τροπή
1456 5314 1540 5360 τις
1569 5297 1636 5366 τῇ
1665 5293 1859 5366 πρώτῃ
1886 5288 2041 5358 τάξει

449 5397 698 5469 γένηται,
714 5396 801 5450 ἵνα
829 5401 903 5469 μὴ
930 5399 1067 5469 πρὸς
1092 5394 1191 5466 τὴν
1222 5394 1367 5462 ζωὴν
1389 5384 1732 5459 κινδυνεύσῃ,
1748 5387 1858 5439 εἴτε
1883 5384 2034 5455 παρὰ

448 5488 559 5544 τῶν
585 5489 816 5561 ἐχθρῶν,
862 5488 973 5540 εἴτε
1005 5487 1099 5541 καῒ
1132 5485 1284 5557 παρὰ
1329 5482 1440 5536 τῶν
1467 5482 1614 5534 ίδὶων
1651 5479 1727 5542 ώς
1785 5477 1957 5541 ἄξιος,
1987 5477 2035 5529 εί

2136 4665 2263 4706 cere
2298 4650 2442 4703 haud
2475 4664 2573 4718 par
2593 4658 2697 4712 est,
2750 4648 2859 4703 nisi
2886 4662 2950 4703 ea
2979 4650 3161 4703 solum
3210 4660 3334 4715 quae
3380 4644 3519 4699 levia
3564 4652 3730 4709 sunt,

2137 4751 2193 4798 et
2212 4743 2452 4797 breviter
2482 4740 2809 4796 adiciuntur.

2210 4836 2301 4891 97.
2337 4833 2472 4889 Nam
2506 4836 2552 4889 si
2590 4836 2753 4907 longo
2787 4844 3034 4903 tempore
3062 4838 3191 4886 ante
3244 4829 3501 4900 prwlium
3534 4828 3731 4900 praeci-

2140 4925 2278 4995 pies,
2334 4927 2453 4980 haac
2496 4925 2761 4981 oblivioni
2819 4923 3252 4987 mandabantur,
3296 4936 3361 4976 ac
3438 4929 3732 4993 propterea

2141 5016 2423 5087 paululum
2454 5025 2581 5070 ante
2610 5014 2813 5070 bellum
2868 5014 2985 5068 haec
3040 5012 3527 5068 commemoranda
3575 5020 3727 5067 sunt.

2144 5107 2444 5193 Praecipies
2470 5117 2653 5162 autem
2699 5098 2981 5172 omnibus,
3013 5116 3074 5161 ut
3107 5120 3271 5160 nemo
3300 5105 3501 5161 audeat
3530 5118 3731 5159 secun-

2140 5203 2267 5257 dam
2300 5202 2475 5257 aciem
2496 5199 3102 5271 transgredi,quamvis
3134 5201 3311 5270 prima
3334 5198 3482 5252 acies
3512 5195 3743 5264 penitus

2141 5287 2431 5363 proﬂigata
2468 5283 2655 5357 fuerit,
2684 5301 2742 5347 ut
2772 5307 2840 5346 nc
2879 5290 3005 5363 (nisi
3039 5291 3234 5362 ingens
3289 5296 3456 5359 atque
3495 5287 3731 5343 inevita-

2145 5384 2273 5438 bilis
2319 5385 2887 5455 aliqua.necessitas)
2932 5384 3018 5441 vel
3054 5399 3152 5455 per
3191 5383 3472 5450 inimicos,
3501 5380 3586 5437 vel
3637 5386 3736 5451 per

2148 5491 2280 5531 suos
2310 5476 2689 5551 quasidignus
2705 5478 2773 5536 de
2804 5480 2913 5534 vita
2944 5476 3304 5550 periclitetur.

454 5582 529 5654 μὴ
559 5582 690 5654 ἄρα,
714 5582 787 5647 ώς
828 5582 1066 5652 εἴρηται,
1105 5578 1341 5648 τοσαύτη
1382 5563 1757 5647 ἀπαραίτητος
1812 5572 2030 5642 ἀνάγκη
2066 5571 2547 5647 παρακολουθήσῃ.

1978 5660 2214 5719 ΝΟΤᾹΞ.

521 5770 634 5842 (93)
666 5767 865 5837 Χρήσε
889 5765 1003 5834 πρὸ
1029 5762 1270 5835 μικροῦ.
1306 5760 1681 5826 Scribebatur,
1717 5754 1917 5829 χρῆσαι
1942 5773 2001 5809 π.
2038 5773 2097 5826 μ.

766 5862 1044 5929 Panos.
1077 5858 1195 5918 (in.
1235 5854 1417 5918 CVII.

3298 5844 3379 5905 9‘1
