4090 6438
486 362 595 429 8‘37

1544 368 1880 433 TACTICA.
1904 395 1991 423 .-·
2022 371 2166 435 CON
2180 375 2534 439 STITUTIO
2561 379 2701 440 XII.

3678 378 3783 440 833

489 472 673 528 αὐτῶν
706 471 937 540 τάξεως,
968 471 1136 527 τοῦτ’
1186 472 1304 528 ἔστι
1345 474 1509 545 μέσον
1557 477 1666 532 τῶν
1717 479 2069 549 διφενσόρων,

2191 488 2499 556 :ollocetur,
2563 488 2871 561 drungarii,
2926 488 3095 545 idest
3140 487 3367 557 tribuni,
3419 488 3475 543 in
3555 490 3783 560 reliquis

500 569 631 630 τοὺς
652 567 709 620 δέ
736 567 1133 639 δρουγγαρίους
1161 568 1242 630 εἰς
1273 567 1343 621 τὰ
1370 568 1714 642 ἑκατέρωθεν
1737 570 1877 641 μέρη
1910 571 2075 642 μέσον

489 656 601 711 τῶν
632 656 839 725 βάνδων
869 656 977 709 τῶν
1017 656 1366 728 κουρσώρων.

565 751 669 817 pq’.
712 744 800 798 ’Ev
827 745 884 799 δέ
908 745 987 816 τῷ
1016 743 1195 818 καιρῷ
1223 750 1321 819 τῆς
1356 748 1717 820 παρατάξεως
1742 752 2078 823 προερευνᾷν

488 838 610 892 δέον
656 838 743 893 διὰ
800 838 1151 910 μανδατόρων
1190 841 1317 904 τοὺς
1359 841 1460 911 τῆς
1514 842 1791 913 συμϐολῆς
1833 844 2032 907 τόπους
2059 885 2073 908 ,

489 931 637 1008 τοῆτ’
669 931 786 986 ἔστι
838 932 967 997 τοὺς
1022 933 1189 1004 μέσον
1239 934 1340 1004 τῆς
1388 936 1525 1000 ἰδίας
1578 938 1938 1009 παρατάξεως
1982 937 2079 991 καὶ

490 1028 592 1098 τῆς
622 1024 729 1079 τῶν
756 1026 989 1097 ἐχθρῶν,
1038 1027 1250 1099 μήποτε
1283 1028 1477 1082 λάκκοι
1512 1031 1670 1096 εἰσιν,
1705 1031 2075 1103 ἤόρύγματα,

492 1123 526 1191 ἢ
562 1119 806 1189 τέλματα
837 1119 979 1190 ειπερ
1008 1120 1228 1189 λέγεται
1250 1120 1509 1191 πάλματα
1529 1160 1544 1187 ,
1570 1122 1605 1192 ἣ
1631 1122 1772 1177 δόλοι
1797 1123 1963 1187 τινὲς,
2004 1123 2081 1186 ὡς

492 1213 662 1278 εἰκὸς,
713 1213 867 1284 παρὰ
894 1213 1002 1267 τῶν
1028 1213 1241 1284 ἐχθρῶν
1302 1212 1709 1286 μελετώμενον
1738 1216 1831 1269 καὶ
1885 1215 1982 1271 ἐάν
2028 1232 2081 1269 τι

490 1305 739 1360 τοιοῦτον
766 1305 990 1376 εὑρεθῇ,
1039 1305 1332 1375 ἀναμένειν
1364 1305 1462 1376 τὴν
1497 1305 1771 1377 ἡμετέραν
1812 1305 1962 1373 τάξιν
1998 1306 2083 1359 ἵνα

488 1395 541 1446 οἱ
570 1393 753 1464 ἐχθροὶ
784 1394 983 1457 αὐτοὺς
1034 1393 1382 1466 παρέλθωσιν
1413 1412 1429 1427 ο
1462 1396 1559 1449 καὶ
1610 1396 1732 1449 τότε
1764 1398 1797 1467 ὴ
1831 1396 2082 1467 ἡμετέρα

493 1482 806 1555 παράταξις
840 1485 899 1536 ἐν
933 1483 1012 1553 τῷ
1042 1483 1269 1555 καθαρῷ
1301 1484 1506 1555 κάμπῳ
1530 1486 1818 1557 ἀπαντήσῃ

568 1574 670 1647 ρθ’.
708 1577 782 1630 Τὸ
807 1576 863 1630 δὲ
899 1575 1090 1647 βάνδον
1131 1575 1225 1630 τοῦ
1269 1577 1617 1648 τουρμάρχου
1643 1617 1658 1643 ,
1714 1576 1791 1640 ὼς
1843 1578 2079 1650 εἴρηται,

493 1668 657 1740 μόνον
686 1668 1089 1739 ἐξηλλαγμένον
1114 1668 1175 1722 τὸ
1203 1664 1342 1733 εἶδος
1400 1669 1553 1742 παρὰ
1585 1670 1654 1724 τὰ
1681 1670 1818 1725 ἄλλα
1861 1672 1930 1725 τά
1990 1673 2083 1724 ὑπ’
2126 1696 2153 1722 ο

491 1762 657 1815 αὐτὸν
687 1761 856 1832 βάνδα
883 1761 1133 1832 ποιῆσαι,
1179 1761 1267 1816 ἵνα
1319 1760 1468 1817 ἐστὶν
1501 1762 1898 1832 εὐεπίγνωστον
1948 1764 2084 1817 πᾶσι

492 1853 605 1916 τοῖς
638 1850 731 1905 ὑπ’
760 1851 926 1904 αὑτὸν
961 1849 1333 1920 βανδοερόροις.

566 1941 655 2013 ρι’.
703 1941 866 1995 Ἀλλά
893 1942 990 1995 καὶ
1016 1941 1107 1995 διὰ
1141 1939 1410 2012 κινήσεώς
1440 1959 1586 2007 τινος
1640 1941 1799 2013 ξένης
1838 1944 1932 1997 καὶ
1962 1944 2079 1998 δια.

492 2034 664 2106 φόρου
691 2033 1026 2105 χωρίζεσθαι
1055 2033 1221 2100 αὐτὸ,
1251 2034 1285 2105 ἢ
1330 2035 1388 2087 ἐν
1435 2036 1513 2105 τῷ
1562 2035 1812 2089 ἵστασθαι
1842 2037 1875 2105 ἦ
1904 2036 2016 2090 ἂνω
2045 2034 2077 2106 ἢ

493 2128 668 2193 κάτω,
700 2126 734 2198 ἢ
764 2126 916 2194 δεξιὰ
946 2128 978 2198 ἢ
1004 2127 1300 2198 ἀριστερὰ,
1331 2127 1365 2198 ἢ
1397 2127 1639 2197 συνεχῶς
1681 2128 2077 2193 ἐπικλίνεσθαι,

410 2202 419 2208 ’
490 2220 525 2291 ἢ
546 2220 815 2289 ἐγκλίνειν
836 2219 935 2290 τὴν
954 2218 1196 2290 κεφαλὴν
1220 2217 1315 2270 τοῦ
1348 2218 1564 2289 βάνδου,
1588 2218 1622 2289 ἢ
1644 2221 1864 2283 πυκνῶς
1893 2220 2080 2274 τινάσ-

494 2331 610 2366 σειν
643 2312 826 2383 ὀρθὸν,
865 2311 1008 2365 ὥστε
1050 2312 1143 2364 καὶ
1173 2311 1254 2373 εἰς
1279 2312 1378 2379 τὴν
1412 2311 1673 2383 σύγχυσιν
1704 2312 1939 2376 εὐκόλως
1977 2311 2084 2366 ὑπὸ

489 2408 600 2463 τῶν
629 2406 833 2461 λοιπῶν
870 2404 1075 2476 βάνδων
1100 2403 1488 2476 γνωρίζεσθαι.

564 2586 693 2662 pta}.
724 2588 799 2642 υύ
822 2589 904 2642 δεῖ
930 2587 987 2641 δὲ
1014 2588 1152 2641 ὅλων
1183 2586 1292 2639 τῶν
1321 2585 1688 2656 τουρμαρχῶν
1715 2584 1782 2638 τά
1813 2583 1983 2656 βάνδα
2025 2584 2084 2637 ἓν

495 2684 721 2754 σημεῖον
751 2682 919 2752 ἔχειν,
947 2680 1086 2733 ἀλλὰ
1127 2678 1509 2749 ἐνηλλαγμένα
1540 2677 1788 2748 σύμϐολα
1846 2678 2087 2749 ἑκάστην

490 2776 760 2847 τούρμαν,
818 2774 978 2829 ἅτινα
1020 2774 1115 2827 καὶ
1178 2771 1485 2842 ὀφείλουσιν
1514 2770 1717 2836 ἐθίζειν
1766 2770 1895 2834 τοὺς
1919 2786 2083 2841 στρα-

493 2867 698 2933 τιώτας
728 2868 816 2922 διὰ
846 2867 1264 2939 προγυμνασίας
1302 2864 1613 2934 γνωρίζειν.
1656 2863 1732 2916 Οὐ
1770 2864 1929 2933 μόνον
1976 2859 2089 2931 γὰρ

498 2963 567 3016 ἐκ
588 2962 781 3016 τούτου
833 2959 902 3014 τὰ
956 2959 1062 3013 ὑπὸ
1104 2958 1197 3012 τὸν
1243 2957 1598 3028 τουρμάρχην
1644 2955 1877 3010 ἕκαστον
1917 2954 2085 3026 βάνδα

487 3051 837 3123 ὠφελοῦνται
886 3050 949 3105 τὸ
987 3050 1152 3121 μέρος
1185 3034 1369 3103 αὐτῶν
1426 3048 1709 3119 συντόμως
1738 3044 2075 3119 στερίζοντα,

2185 582 2444 652 utrinque
2486 586 2709 650 turmis,
2735 582 2791 638 in
2820 582 3003 638 medio
3041 572 3355 659 cohortium
3384 597 3706 640 cursorum.

2259 762 2383 817 108.
2408 761 2560 819 Aciei
2608 765 2899 821 instructae
2948 776 3199 834 tempore
3254 764 3591 835 exploranda
3642 773 3772 821 sunt

2184 855 2304 910 loca
2336 871 2431 926 per
2457 858 2827 923 mandatores,
2863 858 2954 913 ubi
2978 858 3315 916 conﬂictatio
3344 858 3531 914 futura
3571 868 3680 925 est,
3717 859 3773 915 id

2185 956 2287 1013 est,
2318 948 2559 1005 medium
2590 950 2830 1019 spatium
2855 952 2997 1007 inter
3021 961 3265 1007 nostram
3315 950 3428 1021 jam
3462 954 3641 1007 aciem
3683 952 3767 1005 in-

2185 1048 2471 1109 structam,
2504 1051 2670 1112 atque
2698 1043 2966 1109 hostium,
2998 1059 3098 1099 nec
3126 1043 3216 1098 ubi
3262 1043 3444 1111 fossae,
3471 1051 3567 1100 aut
3597 1047 3769 1114 putei,

2185 1142 2281 1188 aut
2305 1132 2463 1191 dolus
2492 1136 2690 1207 aliquis
2729 1138 2797 1192 ab
2842 1137 3096 1192 hostibus
3146 1137 3374 1192 molitus
3402 1135 3474 1191 sit
3504 1155 3521 1203 ;
3552 1137 3698 1205 quod
3729 1138 3775 1193 si

2186 1226 2294 1281 tale
2369 1228 2574 1297 aliquid
2620 1229 2899 1285 inventum
2958 1228 3145 1295 fuerit,
3221 1230 3573 1298 praestoletur
3629 1228 3778 1284 acies

2186 1330 2375 1377 nostra
2404 1322 2533 1377 dum
2562 1324 2748 1378 hostes
2770 1337 2897 1378 eum
2942 1323 3125 1377 locum
3186 1322 3529 1387 transierint.
3566 1330 3623 1379 et
3649 1337 3776 1378 eum

2187 1414 2438 1472 hostibus
2470 1417 2683 1486 integro
2705 1417 2761 1471 in
2792 1416 2915 1473 loco
2937 1432 3003 1472 ac
3031 1432 3235 1473 securo
3266 1423 3533 1486 pugnent.

2255 1592 2380 1649 l09.
2416 1592 2691 1660 Bandum,
2716 1593 2770 1650 id
2816 1603 2902 1653 est
2938 1595 3181 1665 insigne,
3227 1594 3565 1650 turmarchae
3615 1591 3776 1664 longe

2186 1685 2466 1740 diversum
2524 1686 2957 1756 distinctumque
3015 1686 3187 1741 forma
3240 1687 3315 1740 sit
3370 1701 3400 1739 a
3445 1694 3773 1740 cmterorum

2186 1778 2569 1848 praefectorum
2614 1794 2842 1836 suorum
2877 1778 3094 1845 haedis,
3142 1788 3201 1835 ut
3232 1778 3397 1834 facile
3419 1778 3490 1833 ab
3514 1777 3776 1833 omnibus

2185 1871 2462 1941 signiferis
2484 1880 2837 1943 agnoscatur.

2241 1965 2363 2020 HO.
2396 1966 2548 2019 Motu
2574 1973 2755 2020 autem
2786 1965 2970 2035 aliquo
3005 1964 3292 2035 peregrino
3318 1980 3383 2021 ac
3433 1964 3586 2019 vario
3607 1963 3773 2018 etiam

2183 2055 2423 2111 bandum
2487 2058 2591 2112 hoc
2639 2057 3033 2127 distinguatur,
3090 2058 3174 2112 vel
3234 2057 3385 2128 quod
3416 2071 3634 2113 sursum
3680 2064 3775 2109 aut

2183 2148 2461 2212 deorsum,
2490 2157 2585 2202 aut
2613 2150 2982 2214 dextrorsum,
3010 2159 3098 2203 aut
3120 2149 3507 2204 sinistrorsum
3535 2148 3768 2208 locetur,

2184 2245 2279 2292 aut
2316 2239 2575 2293 continue
2635 2240 2951 2307 inclinetur,
3004 2240 3056 2294 id
3085 2249 3168 2294 est
3215 2241 3560 2305 demittatur,
3608 2250 3776 2310 caput

2185 2329 2354 2400 hujus
2408 2330 2665 2400 insignis,
2725 2340 2822 2387 aut
2881 2333 3077 2388 crebro
3117 2332 3326 2388 directe
3378 2342 3685 2397 moveatur,
3715 2343 3776 2386 ut

2183 2425 2338 2479 omni
2388 2425 2445 2479 in
2506 2425 2841 2482 confusiOne
2882 2438 2948 2483 ac
3001 2428 3419 2497 perturbatione
3458 2444 3490 2483 a
3539 2422 3805 2498 reliquis'

2182 2518 2499 2597 insignibus
2531 2520 2691 2574 facile
2707 2530 3098 2591 cognoscatur.

2254 2611 2379 2665 111.
2416 2609 2675 2667 Omnium
2699 2614 3140 2669 turmarcharum
3161 2613 3341 2669 banda
3356 2628 3525 2668 unum
3550 2614 3773 2683 signum

2191 2718 2257 2758 ne
2288 2702 2547 2768 habeant,
2592 2705 2687 2760 sed
2721 2705 2967 2761 diversas
2992 2716 3149 2763 notas
3182 2706 3411 2776 singula».
3452 2716 3646 2761 turmae
3681 2706 3777 2759 hn-

2189 2795 2375 2858 hcant,
2413 2795 2480 2850 ad
2528 2811 2650 2865 qua:
2690 2796 3073 2868 cognoscenda
3109 2797 3312 2852 milites
3351 2806 3478 2852 ante
3522 2794 3777 2852 assuefa-

2189 2888 2367 2943 cieadi
2395 2897 2545 2944 sunt.
2584 2888 2703 2944 Non
2721 2890 2883 2945 modo
2910 2891 3059 2944 enim
3084 2891 3298 2961 singula
3330 2905 3399 2945 ex
3430 2905 3498 2944 eo
3525 2899 3773 2944 turmar-

2190 2977 2422 3032 charum
2455 2978 2633 3034 ban'da
2675 2978 3027 3048 adjuvantur,
3071 2989 3128 3034 et
3181 2990 3392 3050 partem
3424 2994 3581 3036 suam
3617 2978 3777 3035 facile

2191 3068 2541 3134 conﬁrmant,
2571 3069 2665 3124 sed
2706 3071 2870 3124 etiam
2926 3070 2974 3124 si
3000 3070 3223 3138 quando
3273 3070 3681 3135 aberraverint,
3706 3070 3774 3123 ad

490 3146 634 3201 ἀλλὰ
674 3146 853 3199 κα.ὶοὶ
918 3144 977 3197 ἐν
1022 3143 1211 3206 αὐτοῖς
1284 3140 1604 3211 τεταγμένοι
1657 3140 1721 3192 τὸ
1790 3138 1884 3193 τοῦ
1929 3156 2088 3209 τουρ-

555 3239 568 3251 ι
758 3236 815 3251 ΠΙ
863 3235 886 3251 ιι
1000 3236 1013 3251 ι
1203 3234 1214 3250 Ι
1380 3250 1451 3251 ,,,
1523 3232 1585 3251 δ]
1636 3232 1727 3251 η)-
1762 3230 1789 3242 υ
1856 3231 2086 3251 -3--1ΧΑ,-

2194 3172 2325 3215 suas
2351 3160 2611 3216 cohortes
2642 3157 2805 3215 facile
2829 3160 3083 3217 redeunt.

498 3239 717 3310 μάρχου
757 3235 947 3307 βάνδον
994 3234 1457 3304 ἐπιγινώσκοντες
1518 3232 1585 3286 δι’
1626 3230 1791 3285 αὐτοῦ
1852 3231 2087 3295 εὐκόλως

494 3328 589 3381 καὶ
615 3327 686 3379 τὰ
716 3327 846 3391 ῐδια,
887 3326 964 3389 ὡς
994 3323 1166 3388 εἰκὸς,
1198 3322 1543 3392 πλανώμενοι
1572 3322 1942 3391 εὑρίσκουσιν.

568 3414 692 3489 ριβ¹.
708 3418 799 3470 Δεῖ
826 3416 937 3487 γάρ
954 3415 1039 3470 ἀεὶ
1056 3414 1116 3468 ἐν
1144 3414 1349 3484 ἑκάστῃ
1372 3412 1545 3484 μάχῃ,
1568 3411 1663 3466 ἐὰν
1696 3411 1788 3465 καί
1810 3427 1864 3464 τι
1880 3408 2088 3481 συμϐῇ,

494 3511 591 3566 τὸν
617 3506 994 3580 στρατιώτην,
1034 3506 1175 3560 ὥστε
1220 3503 1675 3577 ἀποχωρισθῆναι
1720 3502 1938 3574 μακρὰν
1992 3501 2089 3555 τοῦ

494 3603 697 3674 βάνδου
724 3599 819 3656 τοῦ
848 3599 982 3654 ἰδίου
1014 3599 1324 3670 τάγματος,
1360 3597 1523 3651 παντὶ
1544 3596 1734 3667 τρόπῳ
1766 3594 2089 3658 σπουδάζειν

496 3693 755 3749 ἐνοῦσθαι
778 3692 949 3764 αὐτῷ’
975 3692 1064 3746 ἵνα
1104 3692 1138 3763 ἡ
1170 3690 1322 3756 τάξις
1354 3689 1594 3761 ἄφυρτος
1635 3687 1965 3759 διαμένουσα
1992 3686 2090 3757 τὴν

500 3786 779 3857 σωτηρίαν
808 3783 1054 3856 σημαίνῃ
1073 3780 1169 3835 τοῦ
1206 3779 1467 3851 στρατοῦ.

550 3857 701 3951 ωριγκ
740 3877 867 3931 Ἐὰν
893 3876 951 3930 δὲ
978 3873 1160 3946 συμῦῇ
1194 3870 1335 3927 εῖναι
1354 3874 1410 3926 ἐν
1434 3870 1514 3942 τῷ
1538 3870 1755 3942 στρατῷ
1784 3887 1936 3935 τινας
1956 3871 2089 3941 ὁμο-

499 3970 703 4042 φύλους
716 3969 827 4023 τῶν
849 3964 1149 4031 πολεμίων,
1177 3966 1297 4019 δέον
1329 3964 1435 4035 πρὸ
1457 3963 1559 4033 τῆς
1578 3962 1791 4033 ἡμέρας
1813 3961 1905 4015 τοῦ
1934 3959 2092 4014 πολέ-

496 4080 606 4135 μου
640 4060 898 4134 χωρίζειν
931 4060 1163 4126 αὐτοὺς,
1222 4058 1319 4112 καὶ
1374 4059 1432 4111 ἐν
1468 4056 1678 4128 ἑτέροις
1730 4056 1919 4119 τόποις
1950 4054 2091 4125 μετὰ

494 4155 724 4224 εὐλόγου
754 4153 1084 4225 προφάσεως
1110 4149 1487 4222 προπέμπειν.

573 4267 696 4342 ριδ¹.
731 4269 844 4324 Καὶ
890 4268 1003 4331 τοῖς
1042 4266 1149 4337 μὲν
1171 4265 1552 4336 τουρμάρχαις
1602 4262 1776 4316 ταῦτα
1828 4262 2093 4335 πράττειν

502 4363 853 4437 προστάξεις.
891 4360 1054 4413 Ἀλλὰ
1083 4359 1179 4413 καὶ
1219 4358 1437 4429 ἑκάστῳ
1471 4355 1818 4427 δρουγγαρίῳ
1854 4357 1952 4411 κοιλ⁹
1995 4355 2092 4409 κό-

499 4473 637 4528 μητι
677 4456 795 4523 ἅμα
818 4452 1002 4515 αὐτοῖς
1030 4449 1433 4521 παρακελεύου,
1459 4449 1554 4502 καὶ
1585 4448 1921 4520 πρόστασσε,
1949 4447 2093 4501 ὥστε

2262 3425 2387 3480 ιη.
2420 3426 2573 3483 Miles
2596 3429 2644 3484 si
2676 3444 2785 3499 qua
2826 3429 3041 3485 ratione
3063 3430 3349 3501 contingat
3381 3445 3418 3485 a
3449 3430 3632 3486 bando
3660 3446 3777 3486 suae

2192 3519 2433 3576 cohortis
2463 3523 2676 3587 abesse,
2704 3523 2962 3577 omnibus
2990 3522 3169 3579 modis
3209 3538 3277 3578 eo
3308 3523 3652 3579 revocandus
3670 3534 3774 3588 est,

2194 3615 2255 3659 ut
2285 3606 2436 3662 acies
2481 3607 2708 3662 minime
2737 3609 2970 3665 confusa
3000 3619 3095 3665 aut
3146 3613 3467 3681 perturbata
3501 3613 3779 3670 exercitus

2193 3699 2426 3756 salutem
2456 3717 2523 3756 ac
2539 3703 2855 3772 praesidium
2891 3720 3005 3776 pra:
3037 3718 3098 3760 se
3118 3704 3285 3761 ferat.

2264 3881 2385 3936 11⁸5.
2421 3880 2477 3936 Si
2509 3882 2565 3937 in
2598 3883 2844 3939 exercitu
2875 3884 3045 3953 aliqui
3071 3886 3361 3955 populares
3385 3884 3631 3941 hostium
3658 3883 3779 3940 fue-

2195 3969 2324 4035 rint,
2361 3980 2487 4027 ante
2513 3973 2656 4027 diem
2691 3973 2816 4028 belli
2849 3975 3137 4044 separandi
3173 3984 3327 4037 sunt,
3350 3974 3612 4029 etadalia
3634 3988 3781 4044 quae-

2197 4063 2319 4118 dam
2341 4063 2460 4119 loca
2487 4065 2715 4121 honesta
2740 4080 2864 4121 cum
2896 4081 3064 4121 causa
3088 4066 3441 4122 amandandi.

2268 4266 2393 4320 114.
2434 4265 2514 4320 Ac
2569 4266 2904 4321 turmarchis
2946 4266 3049 4320 ista
3111 4266 3415 4336 praecipies.
3470 4264 3782 4334 Unicuique

2199 4369 2379 4413 autem
2413 4359 2734 4427 druugario,
2763 4368 2817 4413 et
2846 4360 3033 4414 comiti
3058 4360 3223 4413 etiam
3256 4357 3564 4425 mandahis,
3589 4356 3785 4413 utdiii-

2202 4461 2390 4520 genter
2427 4452 2719 4521 exquirant
2752 4468 2840 4517 ea,
2870 4465 2992 4522 quin
3018 4451 3185 4506 alicui
3211 4453 3335 4507 usui
3379 4451 3554 4523 copiis
3577 4450 3782 4507 nostris

501 4546 787 4616 ἐπιζητεῖν
809 4544 1007 4606 αὐτοὺς
1032 4544 1098 4597 ἐκ
1127 4539 1330 4603 παντὸς
1372 4538 1442 4593 τὰ
1468 4538 1657 4593 δέοντα
1687 4536 1959 4593 ἐπιτελεῖν
1996 4537 2088 4591 τὸν

2192 4556 2321 4599 esse
2339 4543 2573 4613 possint.

503 4640 768 4713 στρατόν.

576 4760 692 4824 ριέ.
732 4750 927 4822 Χρεὼν
949 4750 1082 4819 γὰρ,
1115 4744 1227 4801 sit:
1250 4748 1313 4801 ἐν
1350 4746 1607 4816 φοσσάτῳ
1648 4744 1828 4813 διάγει
1852 4743 2088 4798 ἕκαστον

502 4845 695 4915 τάγμα
716 4843 839 4914 ἦτοι
853 4842 916 4895 τὸ
931 4840 1146 4912 βάνδον,
1180 4836 1292 4892 the
1313 4837 1408 4891 καὶ
1430 4835 1553 4891 καθ’
1572 4835 1737 4889 ἑαυτὸ
1756 4833 2097 4905 ὁπουδήποτε

500 4936 815 5001 ἀπλικεύει,
846 4936 1060 5007 πρωϊας
1093 4935 1172 4996 είς
1216 4931 1380 4987 αὐτὸν
1409 4930 1501 4983 τὸν
1524 4929 1723 5001 ὄρθρον
1754 4927 1864 5000 πρὸ
1895 4926 2098 4989 παντὸς

506 5033 860 5103 πράγματος,
897 5030 993 5083 καὶ
1019 5029 1097 5091 εἰς
1125 5027 1370 5096 ἑσπέραν
1398 5024 1602 5095 ὁμοίως
1637 5023 1777 5094 μετὰ
1795 5023 1857 5075 τὸ
1884 5022 2099 5075 δεῖπνον

508 5123 606 5178 καὶ
638 5124 741 5187 τὰς
768 5123 967 5193 μίσοας
993 5120 1054 5173 τὸ
1086 5119 1370 5191 τρισάίγιον
1391 5115 1713 5187 causam,
1742 5113 1840 5167 καὶ
1872 5112 1942 5166 τὰ
1984 5113 2096 5167 λοιμ-

507 5215 590 5269 πά
617 5214 759 5269 κατὰ
776 5215 883 5285 τὴν·
907 5211 1221 5284 συνήθειαν.

586 5326 717 5396 ρις⁹.
754 5326 837 5380 Τὰ
863 5325 920 5379 δὲ
950 5323 1359 5394 κοντουὸέρνια,
1384 5322 1504 5394 ἦτοι
1532 5318 1604 5374 τὰ
1630 5311 1741 5372 οἷον
1771 5314 1945 5388 μικρὰ
1972 5314 2100 5387 βάν-

508 5418 709 5474 δατῶν
740 5420 934 5487 ἁκιῶν,
968 5417 1155 5481 καθὼς
1183 5416 1280 5470 καὶ
1317 5415 1403 5469 σοὶ
1450 5412 1600 5484 αὑτῷ
1656 5408 1849 5481 πρώην
1897 5408 2103 5478 ὡρίσα-

510 5528 639 5583 μεν,
673 5510 975 5584 προστάξαι
1004 5510 1112 5566 ἀπὸ
1138 5508 1381 5565 παλαιῶν
1399 5507 1493 5562 καὶ
1514 5505 1651 5562 νέων
1677 5502 1876 5565 αὐτοὺς
1906 5501 2101 5556 ποιεῖν.

586 5719 715 5791 ριζ-ν.
752 5718 857 5774 Τδν
886 5719 946 5774 δὲ
987 5718 1206 5790 πρῶτον
1244 5715 1341 5773 καὶ
1372 5714 1631 5786 δεύτερον
1662 5710 1763 5783 τῆς
1792 5707 1979 5775 ἀκίας,
2009 5707 2105 5760 καὶ

516 5809 611 5864 τὸν
643 5810 900 5882 οὐραγὸν,
936 5811 1106 5881 ἤγουν
1135 5810 1228 5865 τὸν
1261 5806 1508 5875 δπισθεν,
1546 5803 1643 5859 καὶ
1675 5803 1763 5856 τὸν
1799 5796 1906 5868 πρὸ
1936 5794 2100 5850 αὐτοῦ

2265 4746 2392 4802 115.
2415 4746 2518 4801 Par
2543 4740 2626 4802 est
2646 4754 2851 4812 autem,
2870 4745 2985 4801 sive
3003 4744 3059 4797 in
3078 4738 3559 4799 fossatoversetur
3579 4756 3784 4797 anum-

2197 4839 2454 4912 quodque
2499 4839 2739 4895 handum
2770 4839 2886 4894 sive
2925 4837 3144 4903 cohors,
3186 4836 3302 4891 sive
3352 4834 3556 4891 alicubi
3601 4842 3787 4890 castra

2197 4943 2391 5003 ponat,
2424 4945 2585 4986 mane
2618 4946 2741 4984 cum
2780 4926 2958 4999 prima
2986 4928 3130 4992 luce,
3160 4928 3301 4981 ante
3326 4925 3437 4981 alia
3483 4928 3696 4990 omnia,
3726 4934 3789 4979 ut

2200 5024 2413 5093 vesperi
2445 5030 2799 5093 postcmnam
2834 5034 2900 5073 ac
2931 5018 3154 5083 missas,
3191 5018 3480 5089 τρισάγιον
3504 5018 3699 5089 ὕμνον,
3729 5018 3786 5071 id

2202 5124 2283 5172 est
2338 5124 2420 5170 ter
2473 5124 2722 5169 sanctum
2774 5113 3061 5182 hymnum,
3122 5125 3227 5181 pro
3278 5122 3432 5165 more
3476 5122 3791 5179 caeteraque

2202 5224 2423 5264 canere.

2276 5321 2399 5378 116.
2431 5320 2825 5385 Contubernia,
2865 5321 2980 5376 sive
3008 5316 3297 5389 manipuli,
3332 5332 3455 5388 quae
3474 5312 3639 5387 quasi
3669 5329 3789 5385 par-

2204 5430 2285 5472 vae
2318 5416 2566 5485 quaedam
2629 5416 2887 5471 cohortes
2932 5424 3081 5481 sunt,
3118 5422 3179 5468 ut
3210 5420 3338 5467 ante
3365 5409 3787 5480 descripsimus,

2203 5522 2267 5561 ex
2301 5506 2601 5576 majoribus
2626 5515 2681 5560 ct
2712 5505 3020 5561 minoribus
3066 5512 3197 5557 natu
3231 5500 3395 5556 simul
3420 5497 3629 5569 junctis
3656 5510 3788 5552 con-

2207 5598 2477 5653 liciantur.

2281 5713 2403 5768 117.
2448 5713 2740 5768 Primanus
2795 5722 2849 5768 et
2908 5710 3259 5775 secundanus
3313 5705 3682 5770 contubernii,
3726 5718 3792 5758 ac

2208 5815 2471 5878 praetcrea
2540 5805 2706 5863 etiam
2758 5805 3080 5871 ultimanus,
3113 5803 3313 5859 hastati
3343 5804 3489 5867 sint;
3522 5800 3715 5857 tertius
3737 5805 3792 5851 et
