4090 6444
318 379 424 445 839

1586 365 1864 429 LEONIS
1897 362 2360 424 PHILOSOPHI

3503 344 3610 414 840

319 501 555 563 quartus
607 487 911 561 sagittarii,
981 486 1188 557 quique
1214 486 1268 540 in
1300 483 1481 539 medio
1530 491 1681 549 sunt,
1708 495 1904 551 quem-

2011 478 2385 546 κοπαράτους
2414 471 2576 537 εἶναι,
2608 470 2700 525 τὸν
2726 470 2783 525 δὲ
2814 468 2997 541 τρίτον
3029 466 3125 522 καὶ
3166 467 3426 537 τέταρτον
3457 463 3610 530 10.56-

321 584 620 639 admodum
682 582 981 638 necessitas
1034 578 1268 650 requirit
1323 578 1563 633 maxime
1621 576 1906 630 instruan-

325 688 434 730 Illl'.

396 767 521 823 118.
574 764 819 821 Flamula
876 766 1183 828 hastarum,
1236 761 1701 834 quemadmodum
1744 775 1909 830 supra

320 859 734 924 admonuimus,
800 867 1045 928 tempore
1090 857 1213 913 belli
1245 858 1472 912 minime
1504 856 1559 911 in
1586 855 1761 911 hastis
1788 868 1913 909 esse

320 953 825 1021 permittantur,ne
857 953 1028 1007 hastae
1079 960 1195 1006 tum
1248 952 1315 1006 iis
1347 950 1442 1021 qui
1510 955 1749 1020 gestant,
1795 955 1910 1000 tum

322 1046 389 1101 iis
407 1049 501 1117 qui
532 1061 562 1101 a
589 1056 740 1117 tergo
763 1056 916 1113 sunt,
944 1056 1064 1102 tum
1093 1048 1259 1103 etiam
1289 1046 1504 1118 sagittis
1536 1046 1591 1099 in
1625 1043 1747 1098 acie
1779 1056 1914 1096 con-

314 1137 479 1205 jectis
507 1139 897 1207 impedimento
923 1138 1056 1194 sint.

389 1228 512 1283 H9.
550 1228 895 1300 Despotatos,
931 1244 1073 1298 quos
1118 1229 1187 1283 ad
1233 1226 1647 1284 conservandos
1672 1235 1727 1281 et
1752 1240 1915 1281 recu-

319 1320 594 1387 perandos
654 1336 771 1387 eos,
831 1322 1003 1392 quiin
1034 1321 1176 1376 bello
1209 1320 1444 1376 sauciati
1494 1328 1675 1384 erant,
1712 1320 1916 1376 milites

318 1419 479 1466 antea
508 1412 1004 1476 coustituebamus,
1033 1428 1100 1466 ex
1140 1425 1469 1481 unaquaque
1532 1409 1761 1465 cohorte
1795 1424 1913 1473 sex,

317 1512 413 1559 aut
456 1515 586 1560 octo
622 1520 690 1559 ex
740 1505 1095 1560 debilissimis
1136 1505 1383 1573 separari
1434 1503 1676 1573 jubebis,
1729 1512 1788 1556 ut
1826 1497 1916 1557 ubi

316 1603 539 1665 tempus
592 1596 846 1667 requirit,
894 1597 989 1667 qui
1015 1596 1069 1651 in
1098 1596 1244 1652 bello
1269 1596 1514 1668 gravitei-
1537 1594 1912 1660 vulnerantur,

316 1686 388 1741 ab
411 1685 521 1743 illis
552 1696 865 1743 serventur.

396 1779 520 1835 120.
565 1779 685 1834 Duo
755 1779 1156 1850 speculatores,
1219 1779 1335 1835 sive
1393 1778 1769 1850 exploratores
1795 1779 1914 1834 dili-

2014 586 2133 634 τας,
2161 571 2256 623 καὶ
2285 569 2412 632 τοὺς
2438 567 2496 621 έν
2525 566 2694 636 μέσῳ,
2720 563 2795 628 ώς
2828 565 2863 634 ἡ
2902 561 3058 633 χρεία
3084 561 3325 614 ἀπαιτεῖ.

2088 758 2213 824 ριη⁹.
2239 752 2322 807 Τά
2349 752 2406 806 δὲ
2437 749 2725 821 φλάμουλα
2757 747 2865 802 τῶν
2901 744 3205 815 κονταρίων
3234 742 3294 795 ὲν
3326 741 3404 811 τῷ
3432 737 3613 809 καιρῷ

2014 843 2109 898 τοῦ
2141 844 2379 914 πολέμου
2414 842 2490 914 μὴ
2519 842 2727 912 ἀφίειν,
2747 841 2822 905 ώς
2856 840 3096 911 εῐρηται,
3124 838 3204 900 είς
3225 835 3294 889 τά
3326 833 3610 904 κοντάρια,

2016 937 2106 991 ἵνα
2148 938 2223 1007 μὴ
2250 940 2365 1001 τοῖς
2396 935 2621 989 δπισθεν
2669 935 2765 988 καὶ
2792 933 2979 995 αὐτοῖς
3005 930 3191 1001 ἔχουσι
3218 926 3613 997 κοντάρια,ὲμ-

2016 1029 2337 1094 ποδίζωσιν·
2373 1029 2436 1083 οὐ
2492 1028 2650 1100 μόνον
2697 1027 2776 1095 δὲ,
2825 1025 2964 1081 ἀλλά
3007 1025 3105 1078 καὶ
3147 1024 3271 1086 ταῖς
3334 1019 3609 1091 βαλλομέ-

2016 1139 2136 1186 ναις
2153 1122 2308 1193 παρὰ
2335 1121 2445 1175 τῶν
2465 1121 2697 1185 τοξοτῶν
2726 1119 2955 1188 σαγίττα
2965 1135 3035 1182 ις.

2090 1216 2216 1287 ριθί.
2256 1215 2396 1277 Τοὺς
2424 1214 2482 1267 δὲ
2512 1212 2845 1284 λεγομένους
2874 1209 3266 1273 δεσποτάτους,
3307 1206 3493 1270 καθώς
3518 1222 3602 1259 σοι

2019 1310 2115 1362 καὶ
2161 1306 2475 1377 ἔμπροσθεν
2509 1304 2896 1375 διεταξάμεθα,
2928 1301 3023 1366 οὓς
3052 1304 3135 1364 είς
3169 1299 3473 1372 θεραπείαν
3504 1299 3601 1351 καὶ

2019 1400 2158 1471 πρὸς
2173 1400 2234 1453 τὸ
2267 1399 2568 1463 ἀνασώζειν
2591 1399 2717 1461 τοὺς
2750 1396 3063 1468 πληγάτους
3098 1392 3441 1467 στρατιώτας
3472 1391 3608 1461 ὼρῖ-

2021 1510 2217 1563 σαμεν,
2250 1491 2578 1563 προστάξεις
2609 1491 2696 1545 ἵνα
2744 1490 2866 1543 καθ’
2903 1489 3135 1542 ἕκαστον
3182 1486 3374 1555 τάγμα
3429 1484 3611 1537 αὐτῶν

2020 1583 2079 1650 ἒξ
2108 1584 2141 1654 ἢ
2181 1583 2325 1637 ὀκτὼ
2357 1585 2422 1637 ἐκ
2448 1583 2557 1636 τῶν
2586 1581 2995 1653 ὑποδεεστέρων
3030 1578 3389 1651 ἀφορίσωσιν,
3419 1576 3508 1630 ἵνα
3550 1578 3610 1629 ὲν

1925 1684 1951 1705 ⁸
2022 1675 2199 1748 καιρῷ
2222 1674 2636 1748 περιποιοῦνται
2660 1677 2787 1738 τοὺς
2824 1671 3393 1745 τραυματιζομένους.

2095 1774 2199 1840 ρκ’.
2234 1769 2338 1822 Δύο
2389 1770 2444 1822 δὲ
2495 1768 2902 1838 σκουλκάτορας
2939 1767 3111 1837 ἤγουν
3156 1762 3545 1824 κατασκόπους
3572 1760 3608 1830 ἢ

316 1881 527 1943 gentes,
578 1849 890 1943 vigilantes,
933 1887 999 1928 ac
1046 1873 1254 1931 strenui
1318 1849 1552 1943 eligendi
1600 1881 1763 1940 sunt;
1795 1873 1904 1928 duo

2015 1857 2343 1929 βιγλάτορας
2375 1858 2683 1929 χρησίμους
2710 1858 2805 1911 καὶ
2840 1856 3161 1927 ἀγρύπνους
3192 1854 3287 1908 καὶ
3327 1852 3610 1943 ἀνδρείους

318 1973 579 2034 praeterea
635 1967 1009 2029 mandatores,
1043 1974 1097 2020 et
1152 1964 1535 2020 contuberniis
1581 1964 1748 2019 etiam
1798 1965 1909 2020 duo

314 2058 422 2112 viri
476 2057 769 2128 eligantur,
794 2057 889 2129 qui
929 2058 1057 2113 belli
1088 2066 1332 2129 tempore
1351 2056 1593 2114 bandum
1616 2056 1909 2128 diiigenter

314 2145 652 2203 custodiant.

385 2327 512 2384 121.
548 2327 813 2385 Cantator
864 2327 1097 2385 idoneus
1126 2338 1292 2400 atque
1333 2328 1601 2400 eloquens
1631 2342 1778 2382 unus
1808 2326 1907 2381 ali-

315 2422 443 2495 quis
490 2421 776 2490 eligendus
824 2430 948 2487 est,
998 2424 1093 2492 qui
1130 2422 1249 2492 ipso
1315 2421 1370 2476 in
1424 2420 1626 2490 proelio
1678 2427 1908 2474 exacuat

317 2520 484 2580 atque
510 2510 700 2566 incitet
732 2512 967 2567 militum
992 2513 1233 2575 animos.
1265 2520 1320 2567 et
1356 2512 1605 2567 suasoria
1655 2511 1907 2565 oratione

315 2604 386 2658 ad
441 2603 780 2659 alacritatem
821 2614 877 2660 et
925 2606 1281 2675 cupiditatem
1325 2604 1587 2669 bellandi,
1643 2603 1906 2674 quemad-

317 2697 543 2752 modum
582 2711 749 2769 supra
773 2698 1094 2766 memoravi,
1126 2711 1322 2755 omnes
1349 2697 1669 2753 inﬂammet.

320 2916 325 2917 κ
380 2876 510 2932 122.
541 2878 758 2949 Magnis
782 2880 837 2933 in
869 2879 1193 2935 cohortibus
1242 2878 1354 2935 duo
1396 2879 1576 2935 banda
1615 2889 1745 2937 ante
1778 2879 1907 2937 belli

318 2970 464 3024 diem
489 2971 644 3036 tiant,
669 2971 901 3026 alterum
923 2971 1163 3041 pnel‘ecti
1183 2972 1454 3039 cohortis,
1474 2972 1531 3028 id
1549 2982 1638 3029 est
1661 2972 1903 3038 comitis,

316 3060 546 3114 alterum
575 3060 1126 3130 primi'centurionis.
1157 3063 1282 3131 ipso
1308 3070 1494 3119 autem
1528 3062 1657 3118 belli
1682 3063 1771 3119 die
1794 3078 1903 3120 non

314 3151 426 3205 duo
478 3161 761 3220 gestemur
839 3162 935 3209 aut
996 3154 1323 3224 erigantur,
1387 3153 1485 3210 sed
1542 3154 1757 3211 comitis
1813 3169 1905 3212 so-

314 3242 452 3296 lum.

375 3422 499 3477 HS.
535 3421 660 3493 Ipso
710 3422 837 3478 belli
868 3422 959 3479 die
1004 3425 1380 3495 unusquisque
1411 3424 1572 3481 miles
1618 3432 1795 3497 gestet
1834 3423 1902 3479 ad

311 3516 500 3570 sellam
540 3530 699 3571 suam
770 3530 964 3571 secum
1018 3531 1221 3587 aquam
1254 3520 1310 3572 in
1343 3518 1628 3587 pblasciis,
1653 3526 1709 3573 et
1740 3533 1902 3589 paxa-

311 3609 578 3675 madium,
610 3608 661 3663 id
686 3616 771 3663 est
797 3608 1121 3673 biscoctum,
1148 3610 1203 3664 in
1230 3611 1590 3682 sellopuugio,
1633 3619 1687 3667 et
1716 3612 1903 3667 larium

312 3714 477 3755 unam
506 3709 672 3770 atque
698 3701 926 3756 alteram
959 3701 1179 3766 libram,
1216 3709 1277 3756 ut
1312 3703 1626 3759 necessario
1658 3712 1905 3773 tempore

313 3792 428 3846 haec
476 3792 712 3848 habeant
774 3792 845 3847 ad
901 3793 1360 3849 refocillationem
1414 3804 1470 3850 et
1503 3796 1901 3852 recreationem

304 3886 399 3941 sui
430 3894 598 3957 atque
627 3886 885 3951 aliorum,
916 3887 1011 3957 qui
1047 3886 1103 3942 iu
1157 3887 1396 3958 aliquam
1424 3888 1592 3943 animi
1638 3887 1903 3944 defectio-

308 3993 459 4042 nem,
503 3987 597 4034 aut
625 3980 956 4036 valetudinis
983 3980 1355 4037 inﬁrmitatem
1393 3980 1664 4037 incidunt.

379 4071 505 4129 194.
536 4072 806 4144 Tempore
835 4074 1039 4145 praelii,
1070 4084 1130 4130 ut
1159 4084 1500 4146 cognoscant
1534 4076 1739 4133 milites
1775 4088 1901 4133 ante

308 4162 437 4220 belli
470 4165 677 4221 exitum
711 4169 986 4224 nemiuem
1023 4168 1367 4238 spoliandum
1403 4183 1546 4238 esse,
1570 4170 1769 4241 saepius
1802 4171 1903 4225 hoc

308 4256 578 4313 militibus
608 4257 933 4315 inculcetur.

381 4434 507 4490 525.
530 4432 795 4520 lni‘tinere
813 4434 1082 4503 faciendo,
1103 4437 1337 4506 tuldum,
1354 4438 1467 4494 sive
1485 4438 1896 4511 impedimenta,

2011 1947 2385 2018 ἐπιλέγεσθαι,
2442 1949 2537 2002 καὶ
2591 1948 2687 2001 δύο
2751 1945 3117 2018 μανδάτορας.
3157 1943 3493 2013 ’Δφορῐσωσι
3551 1941 3611 1995 δὲ

2011 2040 2107 2093 καὶ
2135 2040 2201 2092 ὲκ
2252 2038 2363 2094 τῶν
2413 2038 2496 2102 είς
2536 2039 2638 2102 τὰς
2692 2038 2859 2098 ἀκίας
2886 2034 3246 2106 τασσομένων
3277 2033 3372 2087 δύο
3399 2033 3605 2103 ἄνδρας

2009 2131 2319 2205 χρησίμους
2356 2132 2436 2196 εἰς
2480 2130 2730 2202 φυλακὴν
2777 2128 2874 2185 τοῦ
2907 2128 3096 2200 βάνδου
3128 2128 3188 2180 ὲν
3219 2126 3398 2198 καιρῷ
3448 2125 3608 2179 πολέ-

2013 2242 2140 2296 μου.

2084 2314 2228 2388 ρκα⁹.
2262 2315 2489 2380 Πάντως
2541 2315 2599 2369 δὲ
2648 2314 2742 2370 καί
2800 2314 2893 2367 τὸν
2952 2312 3246 2383 λεγόμενον
3299 2312 3608 2380 καντάτορα

2009 2409 2360 2477 ἐπιλέγεσθαι
2407 2409 2714 2479 ἐπιτήδειον
2747 2409 2841 2461 καὶ
2871 2408 3054 2475 λόγιον
3084 2407 3184 2459 ἕνα
3237 2405 3605 2476 στρατιώτην,

2009 2500 2105 2554 καὶ
2136 2497 2397 2570 ἀφορίσαι
2452 2498 2594 2551 ὥστε
2648 2499 2706 2550 έν
2753 2498 2942 2559 αὐτοῖς
2973 2498 3084 2559 τοῖς
3118 2495 3293 2564 ἀγῶσι
3349 2493 3609 2564 περιτρέ-

2008 2609 2174 2664 χοντα
2218 2592 2552 2663 κατεπᾲδειν
2578 2589 2655 2661 τῷ
2694 2589 2914 2660 στρατῷ
2938 2588 3035 2643 τοῦ
3063 2590 3364 2659 τάγματος,
3411 2588 3507 2641 καὶ
3532 2586 3611 2638 δι-

1952 2680 1955 2681 ν
2008 2685 2246 2756 εγείρειν
2298 2685 2378 2748 είς
2442 2682 2758 2755 προθυμίαν
2785 2682 2874 2736 διὰ
2936 2681 3355 2753 προτρεπτικῶν
3403 2679 3606 2748 λόγων,

2009 2778 2151 2834 κατά
2183 2777 2275 2832 τὸν
2312 2780 2484 2831 τύπον
2521 2777 2691 2848 ὅνπερ
2721 2791 2803 2829 σοι
2833 2773 3342 2847 προδιωρισάμεθα.

2081 2871 2222 2944 ρκβ’.
2258 2871 2595 2925 ηοιείτωσαν
2628 2869 2688 2922 δὲ
2731 2872 2789 2922 ὲν
2854 2870 2968 2932 τοῖς
3020 2866 3280 2937 μεγάλοις
3327 2864 3605 2935 τάγμασιν

2008 2964 2105 3018 καὶ
2128 2963 2299 3018 διπλᾶ
2330 2962 2498 3034 βάνδα
2532 2961 2630 3015 καὶ
2660 2960 2768 3032 πρὸ
2786 2959 2882 3012 τοῦ
2912 2959 3153 3029 πολέμου
3176 2996 3191 3021 ,
3220 2957 3281 3011 τὸ
3315 2956 3414 3024 μὲν
3434 2955 3493 3008 ἓν
3513 2954 3605 3007 τὸν

2009 3058 2250 3130 ἄρχοντα
2275 3056 2421 3128 ἔχειν
2452 3054 2546 3109 τοῦ
2597 3055 2902 3125 τάγματος,
2931 3052 2990 3107 τὸ
3018 3051 3075 3105 δὲ
3102 3050 3229 3105 ἄλλο
3255 3051 3347 3103 τὸν
3387 3049 3608 3120 πρῶτον

2011 3151 2440 3221 ἑκατοντάρχην.
2488 3149 2579 3202 Ἐν
2612 3149 2669 3203 δὲ
2697 3149 2765 3219 τῇ
2800 3146 2989 3219 ἡμέρᾳ
3032 3144 3126 3199 τοῦ
3160 3143 3400 3214 πολέμου
3434 3143 3507 3213 μὴ
3537 3141 3608 3194 τὰ

2006 3242 2101 3299 δύο
2144 3241 2509 3315 βαστάζεσθαι
2553 3242 2673 3313 ἦτοι
2723 3238 3043 3313 ὀρθοῦσθαι,
3078 3236 3216 3291 ἀλλά
3251 3235 3319 3289 τδ
3357 3233 3454 3288 τοῦ
3500 3233 3604 3304 ἀρ-

2009 3351 2196 3407 χοντος
2228 3335 2410 3405 μόνον.

2086 3434 2227 3499 ρκγ’.
2263 3426 2387 3499 Χρὴ
2415 3419 2509 3481 οὖν
2533 3425 2629 3480 καὶ
2666 3425 2726 3478 ὲν
2758 3425 2826 3495 τῇ
2858 3423 3045 3495 ἡμέρᾳ
3067 3422 3164 3476 τοῦ
3191 3420 3432 3490 πολέμου
3472 3418 3605 3472 ’ἑκα-

2007 3538 2133 3576 στον
2159 3518 2503 3592 στρατιώτην
2538 3519 2598 3572 ὲν
2627 3519 2749 3581 ταῖς
2786 3516 3004 3579 σέλλαις
3031 3514 3214 3570 αὐτῶν
3243 3511 3605 3583 ἐπιφέρεσθαι

2008 3613 2153 3685 ὕδωρ
2207 3614 2288 3676 εἰς
2332 3611 2402 3665 τά
2446 3610 2721 3681 λεγόμενα
2760 3609 3026 3680 φλασκία,
3056 3608 3149 3663 καὶ
3200 3606 3521 3677 παξαμάτιν
3545 3606 3608 3658 ἐν

2004 3705 2085 3778 τῷ
2108 3703 2542 3773 σελλοπουγγίῳ,
2575 3702 2673 3757 καὶ
2690 3701 2922 3772 ἄλευρον
2950 3701 3080 3771 μίαν
3104 3699 3137 3770 ἦ
3162 3699 3257 3753 καί⁵
3278 3698 3373 3751 δύο
3387 3698 3605 3770 λίτρας,

2006 3796 2148 3853 ὥστε
2214 3797 2362 3868 ἔχειν
2411 3796 2473 3850 ὲν
2523 3795 2772 3866 ἀνάγκης
2806 3792 2987 3865 καιρῷ
3016 3792 3111 3846 καὶ
3148 3792 3364 3855 ἑαυτοῖς
3394 3792 3472 3853 εἰς
3507 3790 3602 3842 εῦ-

2004 3890 2207 3961 ψυχίαν
2256 3876 2353 3944 καὶ
2392 3885 2781 3958 παραμυθίαν,
2817 3886 2916 3941 καὶ
2944 3883 3181 3956 ἑτέροις,
3216 3883 3293 3945 ὡς
3322 3882 3492 3950 εἰκὸς,
3521 3881 3603 3945 εἰς

2005 3984 2104 4053 τὴν
2132 3981 2241 4036 ἀπὸ
2271 3979 2566 4051 ὀλιγωρίας
2594 3979 2918 4051 ἀνάκτησιν.

2081 4072 2214 4145 ρκδ’.
2263 4074 2353 4127 Ἐν
2384 4073 2441 4127 δὲ
2477 4070 2653 4144 καιρῷ
2687 4072 2869 4142 μάχης
2920 4069 3007 4122 ἵνα
3041 4066 3386 4137 γινώσκωσιν
3411 4065 3491 4119 ὅτι
3538 4065 3602 4118 οὐ

2003 4167 2088 4222 δεῖ
2139 4164 2481 4237 στρατιώτην
2531 4164 2637 4235 πρὸ
2701 4163 2803 4234 τῆς
2861 4161 3146 4224 ἐκϐάσεως
3203 4159 3301 4214 τοῦ
3362 4159 3600 4228 πολέμου

2004 4259 2289 4313 σκυλεύειν
2334 4258 2551 4331 ἐχθρὸν,
2595 4255 2877 4311 καὶτοῦτο
2928 4253 3191 4317 πολλάκις
3251 4254 3437 4315 αὐτοῖς
3467 4268 3603 4322 προ-

2006 4352 2400 4424 παραγγελεῖς.

2078 4454 2212 4520 ρκε’.
2246 4448 2342 4511 Εἰς
2376 4446 2434 4500 δὲ
2467 4446 2563 4511 τὰς
2606 4443 2925 4516 ὁδοιπορίας
2981 4443 3058 4515 μὴ
3096 4438 3603 4513 συγκαταμιγνύειν

306 4542 433 4582 cum
498 4526 769 4584 militibus
825 4528 1269 4599 permiscendum
1339 4542 1583 4594 nonest,
1649 4531 1902 4597 hostibus

2012 4538 2151 4610 μετά
2210 4537 2305 4593 τοῦ
2356 4537 2580 4591 τούλδου
2626 4537 2755 4599 τοὺς
2821 4533 3185 4607 στρατιώτας,
3219 4535 3317 4587 καὶ
3364 4532 3603 4603 μάλιστα

306 4620 612 4691 praesertim
675 4620 1110 4687 imminentibus,
1146 4621 1242 4677 sed
1275 4623 1594 4692 separatim,
1632 4633 1685 4678 ct
1711 4625 1902 4679 cohor-

305 4721 414 4767 tem
461 4711 701 4782 aliquam
750 4718 875 4781 post
919 4711 1129 4766 tuldum
1191 4721 1527 4782 separatam,
1584 4720 1679 4767 aut
1733 4712 1896 4766 aliter

304 4804 495 4868 etiam,
529 4805 576 4860 si
607 4804 831 4875 quando
854 4803 906 4859 id
933 4818 1070 4861 usus
1098 4803 1302 4875 exigat,
1348 4803 1813 4874 quemadmodum
1843 4803 1898 4858 in

307 4895 488 4965 capite
548 4894 617 4951 de
643 4895 796 4951 tuldo
854 4906 1017 4952 antea
1077 4895 1414 4951 mentionem
1484 4894 1743 4953 fecimus.
1772 4894 1899 4952 llaec

304 5001 430 5057 quae
447 5001 551 5043 nos
577 4986 675 5041 tibi
696 4988 1067 5058 praecipimus,
1092 4997 1147 5044 tu
1180 4988 1377 5044 iterum
1412 4988 1645 5058 singulis
1675 4988 1898 5043 comiti-

308 5081 433 5148 bus,
462 5087 520 5136 et
549 5079 887 5150 drungariis,
949 5089 1005 5136 et
1061 5082 1394 5138 turmarchae
1450 5080 1750 5152 unicuique
1801 5096 1898 5136 co-

310 5175 625 5244 gnoscenda
677 5182 733 5231 et
763 5175 1103 5232 conﬁcienda
1126 5175 1306 5241 dabis,
1349 5184 1518 5247 atque
1551 5176 1715 5231 etiam
1780 5175 1898 5247 ipse

306 5272 574 5337 quantum
595 5276 751 5337 potes
773 5265 843 5323 ad
876 5266 1066 5324 eadem
1103 5282 1201 5325 eos
1268 5267 1649 5325 exhortaberis
1673 5276 1728 5325 et
1756 5283 1898 5340 pra:-

304 5356 549 5428 parabis.

374 5449 502 5507 126.
528 5449 833 5510 Occasione
859 5462 1024 5525 atque
1057 5453 1469 5525 opportunitate
1519 5453 1573 5509 in
1610 5453 1753 5510 bello
1779 5453 1895 5510 ido-

306 5559 411 5600 nee
472 5546 669 5603 utaris.
729 5545 975 5602 Primum
1043 5558 1226 5604 autem
1266 5548 1538 5617 ejusmodi
1572 5548 1894 5606 occasiones

305 5632 526 5701 vitabis,
556 5650 622 5690 ex
648 5636 849 5705 quibus
910 5636 1244 5695 oﬂensiones
1290 5638 1417 5695 belli
1461 5655 1584 5696 esse
1637 5650 1890 5710 possunt.

305 5722 506 5778 Iisdem
556 5727 748 5783 deinde
795 5739 852 5783 tu
904 5731 1295 5787 occasionibus
1345 5732 1614 5791 adversus
1702 5734 1893 5789 hostes

307 5813 506 5866 utaris.

2007 4630 2220 4702 ἐχθρῶν
2270 4628 2780 4702 προσδοκωμένων,
2822 4627 2961 4682 ἀλλά
2999 4627 3060 4680 τὸ
3096 4626 3196 4697 μὲν
3245 4624 3436 4696 βάνδον
3499 4623 3601 4694 ἔμε-

2004 4724 2242 4796 προσθεν
2282 4723 2449 4788 ἰδίως,
2482 4723 2547 4776 τὸ
2570 4722 2628 4775 δὲ
2658 4721 2879 4776 τοῦλδον
2917 4720 3144 4775 ὄπισθεν
3189 4720 3223 4792 ἢ
3276 4718 3371 4773 καὶ
3426 4717 3504 4780 ὡς
3558 4717 3591 4786 ἡ

2000 4815 2162 4889 χρεία
2194 4814 2438 4879 καλέσοι,
2473 4811 2658 4877 καθὼς
2702 4813 2797 4867 καὶ
2844 4812 2906 4866 ἐν
2938 4812 3017 4884 τῷ
3064 4811 3193 4883 περὶ
3228 4810 3325 4865 τοῦ
3374 4808 3598 4863 τούλδου

2001 4909 2135 4979 ἡμῖν
2164 4905 2450 4976 κεφαλαίῳ
2483 4905 2724 4976 εἴρηται.
2776 4905 2966 4959 Ταῦτα
3021 4906 3166 4975 ἅπερ
3223 4921 3308 4957 σοι
3350 4900 3600 4966 διεταξά-

2005 4998 2168 5071 μεθα,
2223 4998 2321 5053 καὶ
2372 4998 2537 5063 αὐτὸς
2587 4998 2804 5068 ἑκάστῳ
2829 4997 3033 5069 κόμητι
3068 4998 3166 5051 καὶ
3220 4994 3587 5065 δρουγγαρίῳ,

2004 5092 2146 5148 ἀλλά
2199 5091 2296 5146 καὶ
2325 5091 2653 5163 τουρμὰρχῃ
2709 5091 2854 5155 ἰδίως
2903 5090 2999 5145 καὶ
3048 5086 3452 5161 προγινώσκειν
3500 5086 3598 5142 καὶ

2001 5180 2271 5237 ἐπιτελεῖν
2298 5180 2396 5235 καὶ
2429 5178 2803 5253 παραγγελεῖς
2835 5180 2932 5235 καὶ
2958 5176 3427 5251 παρασκευάσεις.

2071 5462 2223 5527 ρκς’.
2281 5455 2374 5508 Σοὶ
2426 5453 2483 5507 δε
2522 5443 2910 5523 κελεύομεν,ὧ
2964 5446 3260 5519 στρατηγὲ,
3313 5442 3455 5494 ὥστε
3491 5439 3592 5510 ἁρ-

2001 5548 2201 5620 μοδίως
2251 5545 2553 5619 κεχρῆσθαι
2603 5547 2718 5609 τοῖς
2748 5543 2962 5615 καιροῖς
2994 5540 3053 5593 ἒν
3081 5539 3203 5600 ταῖς
3237 5535 3463 5605 μάχαις,
3495 5532 3589 5620 καὶ

2000 5615 2265 5713 πρότερον
2450 5636 2816 5708 φυλάττεσθαί
2870 5652 2929 5688 σε
2973 5632 3073 5695 τάς
3126 5626 3383 5699 ἀφορμὰς
3412 5625 3479 5679 δι’
3512 5615 3588 5678 ὧν

1999 5732 2056 5786 αἱ
2093 5730 2290 5802 βλάϐαι
2322 5730 2472 5800 παρὰ
2519 5729 2628 5784 τῶν
2659 5727 2870 5799 ἐχθρῶν
2920 5722 3279 5793 συμϐαίνουσι
3316 5716 3587 5787 γίνεσθαι.

2014 5822 2109 5875 καὶ
2141 5820 2264 5873 τότε
2298 5819 2387 5872 διά
2429 5818 2539 5873 τῶν
2576 5818 2835 5872 τοιούτων
2867 5812 3137 5886 ἀφορμῶν
3181 5810 3320 5865 κατὰ
3358 5807 3467 5863 τῶν
3496 5808 3588 5876 έχ-

2004 5914 2149 5986 θρῶν
2174 5915 2460 5984 ἐγχειρεῖν.
