4090 6446
474 404 578 471 8S1

1511 404 1854 466 TACTICA.
1894 427 1962 439 -
1990 400 2505 463 CONSTITUTIO
2542 399 2684 461 XII.

3659 398 3765 464 δᾶ

550 512 690 586 ρκέ.
743 512 857 566 Καὶ
905 509 1017 584 πρὸ
1054 510 1275 567 πάντων
1321 510 1439 566 δέον
1497 527 1558 565 σε
1620 511 1722 575 τὰς
1769 511 1924 581 παρά
1951 508 2063 564 τῶν

2241 506 2365 563 127.
2420 508 2562 565 Ante
2615 508 2802 565 omnia
2834 506 2907 563 ab
2937 505 3193 563 hostibus
3242 506 3464 563 molita:
3517 496 3770 565 ποίην

476 610 741 665 ἀναντίων
772 604 1164 678 μελετωμένας
1206 604 1431 677 ἐνέδρας
1466 604 1699 675 ἐρευνᾷν
1728 603 1821 658 διὰ
1866 601 2071 673 βιγλῶν

477 699 706 754 πυκνῶν
736 698 884 752 κατά
911 696 1025 752 τῶν
1069 697 1361 769 τεσσάρων
1398 697 1584 768 μερῶν
1609 695 1707 753 τοῦ
1734 695 1904 749 τόπου
1940 694 2074 748 ἔνθα

477 793 511 860 ή
544 788 852 863 παράταξις
895 790 1128 859 γίνεται,
1160 790 1257 845 καὶ
1310 788 1618 861 ἀπέχεσθαι
1673 788 1785 843 τῶν
1816 787 2071 842 ἀτάκτων

475 883 571 937 καὶ
595 882 1043 954 ἐσκορπισμένων
1071 881 1329 948 διώξεων.

550 984 692 1048 ρκη’.
753 977 1054 1047 Προπετεῖς
1096 976 1446 1048 έγχειρήσεις
1488 974 1581 1029 διά
1624 973 1855 1031 σεαυτοῦ
1894 973 2072 1028 ποιεῖν

472 1071 578 1125 οὐκ
631 1069 1004 1141 ἐπιτρέπομεν
1038 1088 1143 1137 σοι,
1196 1070 1335 1126 ἀλλά
1377 1068 1469 1124 διά
1514 1068 1623 1124 τῶν
1672 1068 1949 1141 ἀρμοδίων
1978 1067 2075 1137 ἀρ-

474 1164 683 1235 χόντων
705 1164 881 1218 ταῦτα
899 1162 1169 1232 γίνεσθαι.
1211 1162 1339 1218 Ἐὰν
1376 1163 1479 1233 μὲν
1506 1161 1618 1232 γὰρ
1651 1162 1717 1214 ἐκ
1746 1160 1859 1216 τῶν
1894 1160 2071 1216 ἀλλων

475 1254 762 1325 ἀρχόντων
823 1252 1186 1325 παράπτωμα
1235 1252 1269 1323 ἦ
1322 1251 1555 1323 ἀστοχία
1604 1251 1856 1321 γένηται,
1920 1249 2071 1302 ἔστιν

474 1345 636 1409 tm;
683 1346 951 1415 σύντομος
1001 1343 1463 1417 ἐπανορθώσεως·
1497 1344 1548 1397 εί
1574 1344 1632 1397 δὲ
1658 1345 1687 1398 ό
1715 1343 1936 1415 πρῶτος
1972 1340 2070 1396 τοῦ

476 1437 715 1509 στρατοῦ
755 1438 990 1510 πταίσῃ,
1046 1438 1319 1509 ἀναρχίας
1350 1438 1626 1510 πρόφασις
1650 1437 1686 1509 ή
1723 1434 1917 1491 τούτου
1946 1435 2069 1491 διά-

476 1544 687 1591 πτωσις
708 1527 943 1595 γίνεται.

548 1620 688 1691 ρκθ’.
743 1620 913 1690 Σοφδς
943 1620 1003 1674 δὲ
1045 1618 1352 1691 στρατηγὸς
1400 1618 1496 1673 καὶ
1525 1618 1747 1689 ἀριστος
1779 1619 1809 1673 ό
1834 1617 1941 1691 πρὸ
1970 1615 2069 1671 τοῦ

467 1731 534 1765 πο
549 1712 720 1782 λέμου
757 1712 828 1766 τὰ
870 1713 981 1766 τῶν
1011 1713 1224 1784 ἐχθρῶν
1260 1710 1734 1782 πολυπραγμονῶν
1786 1711 1881 1763 καὶ
1931 1709 2069 1780 πρὸς

469 1804 572 1872 μὲν
600 1805 678 1859 τά
716 1804 1174 1878 πλεονεκτήματα
1230 1804 1411 1861 αὐτῶν
1467 1803 1895 1874 φυλαττόμενος,
1931 1803 2068 1874 πρὸς

2176 612 2293 657 etas
2319 601 2550 658 insidias
2583 602 2837 672 explores
2865 614 2963 671 per
2996 599 3267 655 excubias
3287 608 3525 669 quatuor
3553 600 3610 655 in
3635 615 3768 670 par-

2176 693 2325 751 tibus
2380 694 2521 750 aciei
2551 694 2873 751 collocatas.
2913 694 2998 749 Ah
3024 691 3177 748 omni
3204 702 3389 749 autem
3423 692 3655 750 confusa
3711 701 3770 748 et

2174 786 2447 859 dissipata
2474 787 2838 845 insectatione
2870 786 3113 843 hostium
3149 784 3540 845 abstinendum
3569 786 3626 843 in
3649 786 3769 858 pri-

2175 879 2283 936 mis
2318 889 2422 937 est.

2249 974 2374 1031 128.
2413 972 2749 1032 Temeraria;
2809 983 2978 1046 atque
3021 974 3261 1032 audaces
3295 989 3481 1031 rerum
3532 989 3761 1046 aggres-

2175 1068 2362 1124 siones
2393 1069 2491 1126 abs
2516 1080 2568 1125 te
2596 1070 2823 1125 minime
2848 1069 3212 1139 suscipienda:
3241 1077 3392 1135 sunt,
3416 1067 3606 1124 sed'ab
3635 1067 3761 1123 aliis

2174 1161 2507 1231 quibusdam
2542 1162 2753 1219 idoneis
2777 1161 3072 1234 praefectis.
3106 1159 3165 1217 Si
3191 1161 3343 1217 enim
3376 1160 3563 1231 aliqua
3587 1158 3763 1214 offen-

2174 1254 2260 1310 sio
2327 1264 2425 1311 aut
2471 1256 2659 1328 gravis
2708 1271 2875 1313 casus
2914 1255 3023 1311 illis
3064 1254 3371 1326 contingat,
3426 1252 3613 1323 aliqua
3639 1267 3768 1322 spes

2173 1349 2397 1420 cstejus
2441 1349 2759 1416 reﬁciendi;
2796 1349 2881 1404 sin
2912 1348 3248 1419 praecipuus,
3278 1356 3335 1402 et
3376 1345 3768 1403 nobilissimus

2174 1439 2230 1495 in
2264 1441 2510 1497 exercitu
2546 1441 2753 1511 aliquid
2808 1440 3126 1510 huiusmodi
3150 1448 3457 1510 pateretur,
3489 1437 3767 1510 ejusmodi

2173 1531 2407 1589 otiensio
2442 1549 2669 1604 magnas
2690 1534 3140 1605 perturbationes
3170 1532 3478 1589 inveheret.

2245 1624 2368 1680 129.
2423 1624 2672 1682 Prudens
2694 1638 2749 1682 et
2798 1626 3240 1696 circumspectus
3290 1625 3593 1695 imperator
3644 1635 3772 1680 ante

2172 1716 2377 1772 bellum
2397 1718 2452 1773 in
2487 1714 2576 1774 res
2608 1718 2853 1773 hostium
2882 1718 3174 1789 diligenter
3204 1717 3524 1785 intuebitur,
3549 1725 3600 1773 et
3632 1732 3773 1788 pra:-

2172 1807 2312 1864 sidia
2348 1810 2552 1880 quibus
2589 1810 2838 1866 abundat
2885 1810 3080 1867 sedulo
3109 1810 3325 1874 vitabit,
3384 1808 3638 1865 defectus
3671 1825 3771 1864 au-

466 1895 525 1945 ὃὲ.
571 1896 643 1950 τὰ
674 1896 1039 1968 ὑστερήματα
1071 1896 1522 1967 ἐπιϐαλλόμενος,
1554 1889 1667 1949 οἷον
1694 1895 1772 1959 ὡς
1805 1897 1864 1949 έν
1896 1911 2071 1965 κεφα-

2179 1909 2285 1955 tem
2327 1916 2459 1956 suos
2508 1909 2777 1972 quantum
2802 1908 2987 1972 potest
3019 1901 3243 1958 vexabit
3272 1919 3287 1957 :
3321 1910 3380 1957 ut
3411 1900 3567 1956 verbi
3598 1917 3771 1957 causa

474 1987 613 2059 λαίῳ
646 1990 847 2053 εἰπεῖν,
889 1988 1032 2061 ὑπὲρ
1065 1988 1126 2042 σὲ
1175 1988 1581 2060 καόαλλαρίους
1632 1988 1747 2059 ἔχει
1800 1990 1830 2042 ὁ
1881 1986 2074 2058 ἐχθρὸς

476 2079 754 2145 πλείονας,
790 2080 910 2134 δέον
942 2098 1003 2135 σε
1031 2080 1131 2145 τὰς
1163 2081 1367 2151 βοσκὰς
1389 2080 1676 2151 ἀφανίζειν
1733 2079 1826 2134 sta
1856 2079 1917 2132 τδ
1945 2081 2075 2142 τοὺς

475 2171 678 2237 ἵππους
715 2173 967 2243 δαπάνης
993 2173 1265 2243 ὑστερεῖν·
1300 2174 1397 2228 έάν
1429 2174 1488 2228 δὲ
1514 2176 1595 2237 είς
1620 2172 1827 2243 πλῆθος
1860 2171 2075 2243 ἀνδρῶν

475 2265 799 2337 πλεονεκτῇ,
826 2265 927 2330 τὰς
980 2266 1174 2321 τούτου
1201 2266 1451 2331 δαπάνας
1484 2266 1835 2337 περίστελλε,
1866 2265 1901 2337 ἢ
1925 2263 2072 2335 ἀφά-

474 2358 622 2423 νιζε.

546 2451 649 2521 ρλθ.
702 2451 831 2505 Ἐἀν
858 2450 919 2505 δὲ
949 2450 1061 2505 ἀπὸ
1086 2450 1367 2523 διαφόρων
1386 2450 1560 2505 έθνῶν
1585 2451 1941 2523 συνέστηκεν,
1971 2453 2074 2508 δὼ-

478 2559 596 2616 ροις
620 2541 720 2600 καὶ
743 2543 1081 2617 χαρίσμασιν
1112 2545 1211 2601 καὶ
1233 2543 1592 2615 ἐπαγγελίαις
1624 2545 1923 2604 ύπονόθευε
1942 2550 2073 2617 τοὺς

476 2636 577 2691 σὺν
594 2635 763 2708 αὐτῷ.

550 2726 694 2799 pla’.
740 2727 869 2783 Ἐἀν
925 2729 986 2783 δὲ
1045 2729 1225 2804 μάθῃς
1274 2731 1355 2785 ὃτι
1404 2720 1658 2796 ἐναντίας
1703 2732 1805 2800 τάς
1844 2736 2073 2806 γνώμας

476 2820 617 2891 πρὸς
646 2821 884 2894 ἀλλήλας
905 2822 1123 2895 ἔχουσιν
1153 2824 1429 2897 οίὲχθροὶ,
1459 2827 1587 2890 τοὺς
1610 2827 1863 2898 πρώτους
1888 2831 2071 2885 αὐτῶν

477 2915 893 2986 μεταχειρίζου.

550 3008 687 3078 ρλβ’.
720 3009 1049 3081 Κονταρίοις
1094 3011 1327 3081 μάχεται
1377 3011 1442 3066 τὸ
1490 3011 1679 3082 έθνοςς
1726 3015 1806 3079 είς
1856 3015 2069 3088 δυσχωο

477 3099 605 3171 ρίας
626 3102 760 3156 αὐτὸ
792 3103 1114 3174 προσκαλοῦ
1150 3104 1245 3158 ἐπὶ
1276 3106 1481 3176 μάχην.

554 3189 694 3261 ρλγ’.
741 3193 871 3247 Ἐἀν
902 3194 962 3248 δὲ
1011 3194 1227 3261 τοξόται
1260 3196 1420 3261 εἰσὶν,
1455 3197 1537 3261 εἰς
1570 3197 1830 3268 κάμπους
1861 3199 2064 3254 τάσσε-

476 3279 607 3334 σθαι
629 3282 851 3349 αὐτοὺς,
885 3283 979 3338 καὶ⁸
1009 3284 1110 3356 τὴν
1139 3286 1205 3339 έκ
1234 3285 1416 3356 χειρὸς
1449 3288 1633 3359 μάχην
1662 3291 1961 3346 ποιεῖσθαι.

550 3465 684 3535 ρλδ’.
727 3464 856 3519 Ἐἀν
908 3464 967 3519 δὲ
1017 3465 1347 3534 ἀφυλάκτως
1393 3465 1861 3540 ὀδοιποροῦσιν,ἢ
1907 3469 2073 3524 ἀπλι-

476 3558 733 3611 νεύουσιν
761 3559 820 3612 ὲν
854 3559 1012 3614 νυκτὶ
1036 3560 1069 3631 ἢ
1101 3559 1159 3612 έν
1187 3559 1396 3633 ἡμέρᾳ,
1433 3560 1644 3626 τούτοις
1673 3562 1954 3635 ἀδοκήτως
1983 3564 2073 3618 ὲν-

474 3651 687 3722 έδρευε.

550 3744 682 3814 ρλε’.
732 3744 860 3799 Ἐὰν
897 3745 959 3799 δὲ
999 3746 1248 3817 θρασέως
1295 3745 1392 3800 καὶ
1434 3745 1689 3812 ἀτάκτως
1735 3747 1838 3812 τάς
1889 3748 2077 3822 μάχας

474 3838 779 3905 ποιοῦνται,
815 3840 913 3894 καὶ
949 3839 1046 3894 τοῦ
1088 3839 1426 3895 κακοπαθεῖν
1474 3839 1696 3911 ἄπειροί
1749 3842 1911 3908 εἰσιν,
1941 3859 2074 3914 σχη-

477 3932 708 4001 ματίζου
756 3932 854 4002 μὲν
893 3932 1093 3999 αὐτοὺς
1135 3935 1212 3998 ὡς
1245 3934 1384 4005 πρὸς
1433 3933 1733 4007 συμϐολὴν,
1769 3936 2072 3992 ἀναδάλλου

473 4024 533 4079 δὲ
558 4028 654 4081 καὶ
688 4028 979 4099 παράσυρε
1022 4028 1216 4099 μέχρις
1266 4020 1328 4083 οὗ
1381 4029 1444 4083 τὸ
1475 4029 1598 4094 ζέον
1625 4030 1720 4084 τοῦ
1757 4030 1934 4101 θυμοῦ
1985 4032 2076 4087 έν-

472 4117 657 4186 δώσει,
693 4122 789 4174 καὶ
845 4121 977 4174 ὅταν
1040 4121 1445 4193 ἀποκινήσωσι,
1480 4122 1604 4177 τότε
1636 4123 1738 4197 τὴν
1793 4123 2076 4197 συμϐολὴν

475 4215 596 4269 κατ’
619 4213 803 4268 αὐτῶν
833 4216 1082 4286 ποίησον.

550 4305 698 4375 ρλς’.
740 4305 868 4359 Ἐὰν
906 4305 966 4359 δὲ
998 4307 1074 4359 έν
1124 4306 1323 4377 πλήθει
1380 4305 1565 4373 πεζῶν
1616 4309 1949 4383 προτερεύῃ,
1986 4311 2073 4377 είς

473 4398 716 4469 ὁμαλοὺς
746 4397 946 4461 τόπους
977 4398 1201 4462 τούτους
1233 4400 1548 4470 προτρέπου
1567 4419 1585 4435 ο
1619 4402 1715 4455 καὶ
1766 4402 1843 4474 μὴ
1876 4402 2075 4473 σύνεγ-

474 4509 601 4560 γυς,
633 4491 773 4545 ἀλλά
821 4490 1063 4563 μήκοθεν
1118 4490 1190 4545 δι’
1216 4491 1486 4547 ἀκοντίων
1518 4491 1618 4560 τάς
1664 4493 1846 4565 μάχας
1900 4498 2076 4551 ποιεῖ-

473 4584 621 4640 σθαι.

548 4676 679 4746 ρλζ’.
719 4676 801 4729 Τά
830 4674 940 4746 γὰρ
965 4673 1075 4729 τῶν
1105 4673 1380 4745 πολεμίων
1407 4674 1691 4745 κυνηγίοις
1711 4676 1853 4730 sic)»
1884 4678 2070 4748 ὅμοια·

473 4769 667 4841 ὥσπερ
696 4769 806 4839 γὰρ
833 4770 952 4823 ἐκεῖ
989 4767 1080 4821 διὰ
1112 4766 1481 4823 κατασκόπων
1531 4770 1628 4821 καὶ
1661 4770 2075 4841 ἐγκρυμμάτων

476 4862 573 4915 καὶ
602 4861 1103 4926 κατακυκλώσεων,
1132 4862 1228 4914 καὶ
1258 4859 1517 4914 τοιούτων
1548 4862 1902 4930 σοφισμάτων
1932 4864 2075 4933 μᾶλ-

475 4954 568 5009 λον
596 4954 630 5025 ἢ
667 4953 900 5021 δυνάμει
925 4953 958 5023 ἡ
983 4952 1192 5006 τούτων
1228 4952 1373 5023 θήρα
1397 4951 1633 5020 γίνεται,
1676 4952 1851 5018 οὕτως
1871 4954 1953 5007 δεῖ
1978 4956 2076 5009 καὶ

477 5046 572 5099 ἐπὶ
612 5046 723 5099 τῶν
762 5046 1041 5116 πολεμίων
1084 5044 1448 5116 ἁρμόζεσθαι,
1480 5044 1593 5098 εἴτε
1624 5045 1764 5116 πρὸς
1795 5046 2072 5115 πλείονας,

475 5138 587 5192 εἴτε
615 5137 752 5207 πρὸς
781 5137 998 5204 ὀλίγους
1028 5136 1298 5205 γίνονται.
1478 5186 1481 5191 .
1978 5196 1987 5207 _

550 5228 691 5298 ρλη’.
727 5228 799 5283 Τὸ
842 5229 953 5297 γὰρ
1004 5225 1256 5296 φανερῶς
1290 5225 1385 5281 καὶ
1428 5224 1574 5295 χειρὶ
1599 5223 1668 5278 δι’
1698 5224 1877 5294 ὄψεως
1907 5226 2073 5297 μόνον

478 5320 764 5392 βιάζεσθαι
793 5321 923 5384 τοὺς
949 5320 1254 5386 ἐναντίους,
1283 5319 1371 5371 ὅτε
1416 5317 1512 5371 καὶ
1533 5316 1677 5385 δόξει
1718 5334 1803 5382 τις
1849 5319 2076 5384 τούτους

476 5416 639 5486 νικᾷν
672 5414 811 5485 μετά
839 5413 1088 5468 κινδύνου
1117 5411 1218 5467 καὶ
1242 5411 1470 5481 ζημίας,
1489 5410 1551 5464 οὕ
1606 5410 1707 5482 τῆς
1733 5411 2008 5483 τυχούσης
2044 5415 2077 5485 ἡ

476 5509 574 5565 τοῦ
609 5508 937 5581 πράγματος
963 5506 1238 5569 ἀπόόασις
1267 5502 1419 5575 αύτῷ
1450 5502 1762 5574 συμϐαίνει,
1796 5503 1937 5576 ὅπερ
1966 5504 2078 5559 τῶν

477 5604 785 5674 ἀλογίστων
818 5602 991 5665 ἐστὶν,
1021 5600 1272 5669 ἀνάγκης
1298 5595 1565 5669 μεγίστης
1594 5597 1765 5670 χωρὶς
1809 5598 1951 5669 μετὰ
1978 5601 2076 5672 ζη-

477 5695 611 5768 μίας
639 5694 799 5768 νίκην
846 5691 1081 5749 κτάσθαι
1111 5690 1309 5761 καινὴν
1344 5688 1461 5762 (95),
1492 5689 1590 5745 καὶ
1634 5689 1878 5761 ματαίαν
1934 5690 2070 5747 ὑπό-

2177 1992 2223 2046 si
2252 1992 2439 2062 plures
2467 2006 2631 2065 quam
2665 2002 2718 2047 tu
2754 1991 2968 2062 equites
3002 1992 3177 2048 hostis
3236 1993 3458 2057 habeat,
3487 1991 3771 2063 pastiones

2177 2098 2371 2139 omnes
2417 2086 2703 2140 vastandas
2729 2093 2878 2150 sunt,
2918 2096 2979 2141 ut
3010 2086 3140 2157 equi
3174 2085 3502 2140 dcticiantur
3532 2085 3769 2155 pabulo;

2177 2178 2261 2233 sin
2287 2178 2533 2233 virorum
2584 2178 2879 2233 multitudo
2921 2179 3107 2245 fuerit,
3175 2178 3393 2232 illorum
3425 2186 3772 2233 commeatus

2175 2269 2355 2325 omnis
2385 2278 2551 2341 atque
2586 2269 2848 2327 alimenta
2885 2270 3373 2328 circumvenienda
3400 2269 3503 2326 tibi
3539 2278 3597 2327 et
3633 2284 3773 2341 prae-

2175 2361 2422 2432 ripiendo
2458 2362 2528 2417 ab
2562 2362 2670 2418 illis
2703 2371 2853 2420 sunt.

2250 2453 2377 2511 150.
2413 2453 2473 2509 Si
2518 2454 2755 2512 diversis
2784 2469 2852 2511 ex
2912 2454 3234 2514 nationibus
3288 2454 3537 2513 hostium
3597 2455 3773 2528 copia:

2173 2544 2469 2615 exsistant,
2498 2547 2690 2615 donis,
2715 2550 3062 2617 muneribus,
3096 2548 3596 2621 pollicitationibus
3641 2564 3770 2608 cor-

2177 2640 2474 2711 rumpendi
2511 2641 2608 2697 tibi
2642 2631 2794 2697 sunt.

2266 2733 2393 2790 151.
2441 2734 2538 2790 Sin
2586 2735 2946 2793 diversarum‘
2972 2735 3213 2806 partium
3256 2737 3773 2807 sententiarumque

2175 2825 2399 2892 fuerint,
2430 2826 2739 2896 pracipuos
2789 2843 3044 2899 quosque
3082 2844 3146 2883 cx
3175 2829 3284 2884 illis
3330 2828 3397 2883 ad
3431 2839 3484 2884 te
3536 2837 3771 2900 tuasque

2175 2929 2359 2988 partes
2382 2917 2726 2974 sollicitabis.

2247 3008 2371 3064 152.
2408 3009 2594 3065 llastis
2639 3010 2685 3065 si
2724 3018 2968 3077 utantur,
2995 3028 3049 3067 in
3100 3012 3339 3083 aiiquam
3392 3013 3763 3071 difﬁcultatem

2174 3105 2636 3175 asperitatemque
2654 3104 2902 3160 locorum
2935 3106 3056 3159 illos
3080 3105 3147 3159 ad
3178 3106 3433 3175 prmlium
3460 3122 3650 3164 evoca.

2246 3197 2373 3252 155.
2412 3196 2472 3251 Si
2513 3198 2782 3269 sagittarii
2834 3198 3059 3261 fuerint,
3104 3198 3159 3253 in
3208 3198 3493 3269 planitiem
3540 3209 3595 3256 et
3650 3201 3768 3256 loca

2136 3291 2502 3360 'campestria
2554 3291 2845 3347 trahantur
2877 3334 2892 3355 ,
2940 3302 3001 3347 ut
3056 3291 3131 3346 ibi
3182 3293 3436 3351 cominus
3495 3296 3771 3354 consertis

2174 3383 2431 3439 manibus
2452 3384 2739 3439 dimicent.

2253 3476 2377 3531 151.
2429 3476 2487 3530 Si
2547 3477 2881 3548 negligenter
2935 3487 3032 3535 aut
3101 3479 3282 3536 solute
3332 3480 3422 3537 die
3468 3483 3555 3537 vel
3608 3494 3770 3539 nocte

2175 3567 2461 3623 ambulent
2517 3566 2725 3635 hostes,
2780 3567 2996 3627 insidiis
3022 3570 3089 3627 de
3122 3569 3425 3643 improviso
3477 3573 3768 3629 adoricndi

2175 3666 2329 3713 sunt.

2248 3749 2373 3806 155.
2406 3749 2501 3806 Sin
2554 3751 2805 3810 animose
2849 3764 2903 3810 et
2929 3754 3193 3812 audacter
3224 3757 3301 3813 ad.
3337 3756 3539 3812 bellum
3602 3770 3771 3811 vene-

2176 3840 2307 3910 rint,
2330 3850 2386 3897 et
2415 3842 2485 3898 ab
2511 3842 2664 3899 omni
2699 3843 3001 3901 oll‘ensione
3028 3848 3304 3905 immunes
3342 3864 3465 3904 esse
3499 3847 3772 3903 videbun-

2178 3939 2289 4007 tur,
2326 3947 2440 4003 prze
2489 3941 2544 3989 te
2609 3932 2753 3990 feras
2786 3937 2953 4006 quasi.
2990 3938 3197 3993 bellum
3248 3954 3374 3994 cum
3429 3940 3539 3993 illis
3582 3939 3769 3994 statim

2177 4035 2433 4097 gesturus
2483 4026 2582 4093 sis,
2618 4027 2787 4098 rejice
2849 4038 3028 4085 tamen
3068 4032 3269 4086 bellum
3308 4047 3373 4087 ac
3420 4031 3638 4087 (ἥσει-ιο
3665 4032 3769 4087 do-

2178 4130 2281 4173 nec
2305 4118 2486 4173 iervor
2509 4119 2692 4173 multis
2724 4119 3036 4175 animorum
3069 4122 3446 4192 elanguescat,
3478 4133 3533 4179 et
3563 4123 3657 4178 ubi
3678 4123 3770 4179 hic

2177 4207 2419 4279 impetus
2448 4210 2781 4276 consederit,
2808 4221 2921 4267 tum
2957 4213 3158 4268 bellum
3192 4216 3302 4271 illis
3330 4214 3603 4272 eonl‘erto.

2251 4300 2376 4357 156.
2398 4300 2458 4356 Si
2508 4302 2755 4373 peditum
2810 4320 3044 4361 numero
3108 4306 3366 4365 hostibus
3424 4308 3771 4380 praestiteris,

2178 4396 2248 4452 ad
2292 4396 2463 4467 plana
2510 4407 2567 4453 et
2603 4401 2933 4469 campestria
2989 4402 3111 4458 loca
3153 4404 3278 4460 illos
3322 4404 3604 4472 deducito,
3660 4423 3771 4463 non

2180 4498 2245 4545 ut
2283 4490 2568 4558 cominus,
2594 4492 2690 4548 sed
2726 4505 2784 4548 ut
2831 4494 3049 4551 eminus
3068 4495 3271 4567 jaculis
3292 4513 3419 4553 cum
3447 4498 3554 4555 illis
3583 4498 3776 4556 conﬂi-

2105 4603 2152 4659 ι)
2182 4599 2308 4655 gas.

2250 4676 2374 4731 157.
2423 4675 2642 4735 Bellicze
2697 4678 2846 4735 enim
2918 4679 3321 4736 dccerlationcs
3386 4683 3775 4740 venationibus

2178 4766 2389 4825 similes
2419 4778 2584 4835 sunt;
2617 4770 3084 4841 quemadmodum
3108 4774 3256 4827 enim
3284 4772 3360 4827 ibi
3388 4774 3662 4840 excubiis,
3699 4775 3776 4830 in-

2180 4860 2362 4927 sidiis,
2420 4861 2847 4919 circuitionibus
2879 4903 2895 4927 ,
2943 4872 3117 4934 atque
3173 4864 3496 4935 huiusmodi
3556 4868 3777 4924 asttr‘iis

2178 4954 2366 5025 potius
2395 4971 2565 5027 quam
2623 4956 2838 5012 viribus
2872 4955 2987 5010 fera
3022 4956 3263 5025 capitur,
3297 4958 3376 5015 sic
3409 4959 3612 5015 bellum
3647 4977 3779 5018 cum

2181 5047 2462 5116 hostibus,
2496 5047 2612 5103 sive
2630 5048 2840 5119 plures,
2868 5049 2983 5104 sive
3006 5049 3301 5119 pauciores
3334 5051 3560 5115 fuerint,
3582 5070 3777 5125 geren-

2178 5139 2313 5194 dum
2344 5147 2448 5194 est.

2249 5232 2373 5288 158.
2434 5232 2632 5286 Coram
2675 5231 2822 5287 cnim
2864 5248 2930 5287 ac
2971 5234 3229 5292 manibus
3278 5250 3460 5292 somn
3504 5237 3780 5294 consertis

2181 5324 2323 5381 velle
2360 5339 2488 5380 cum
2519 5325 2775 5381 hostibus
2840 5336 3028 5397 aperte
3060 5327 3374 5400 conﬂigere,
3410 5331 3632 5401 quando
3665 5332 3773 5386 ali-

2179 5431 2290 5487 qua
2341 5416 2590 5472 victoriae
2620 5433 2746 5486 spes
2777 5417 2888 5473 illis
2930 5417 3191 5484 adfuerit,
3236 5421 3356 5477 sine
3416 5422 3662 5489 periculo
3708 5438 3773 5478 ac

2179 5509 2332 5577 gravi
2382 5508 2686 5566 oll'ensione
2722 5509 2852 5565 belli
2887 5521 3117 5565 eventus
3140 5526 3264 5568 esse
3296 5528 3402 5567 non
3428 5521 3629 5583 potest.
3670 5511 3777 5570 Te-

2176 5602 2477 5658 merarium
2508 5614 2691 5660 autem
2733 5620 2799 5660 ac
2845 5605 3108 5660 inscitum
3136 5614 3243 5673 est,
3276 5607 3425 5661 nulla
3446 5608 3783 5683 necessitate

2174 5692 2497 5766 impellente
2545 5697 2833 5756 victoriam
2896 5699 3060 5757 talem
3094 5713 3221 5757 cum
3265 5700 3471 5759 damno
3508 5716 3780 5775 quaerere,

2034 5816 2265 5879 NOTAE.

550 5888 665 5973 (95)
691 5892 942 5960 Καινήν.
980 5888 1195 5962 Scribe,
1232 5890 1418 5962 κενήν.
