4090 6506
326 385 441 449 δέ,

1599 412 1793 475 LEON
1804 415 1875 474 IS
1914 418 2013 479 PH
2026 421 2042 479 l
2056 422 2380 483 LOSOPIII

3510 432 3619 503 81H

322 518 448 613 qua:
478 503 583 561 hoc
616 510 778 565 modo
803 525 975 582 parta,
1030 534 1230 576 nomen
1267 531 1476 579 tantum
1538 529 1700 584 inane
1747 540 1893 602 atqm

2017 537 2177 607 ληψιν
2224 541 2395 611 μόνην
2445 540 2739 610 φέρουσαν.
2786 543 2910 595 Ἐπὶ
2963 542 3174 605 τούτοις
3243 544 3613 613 παρακελευό-

324 596 617 664 umbratile
646 605 821 673 magis
857 606 1098 673 habebit,
1120 628 1285 683 quam
1312 632 1398 681 ea,
1429 634 1553 689 ane
1597 596 1913 681 certissimo

320 700 391 742 ave
425 695 949 788 constantissimoin
992 703 1200 763 bellicis
1225 708 1383 766 rebus
1408 710 1619 781 judicio
1657 727 1912 788 suscepta

321 790 425 837 est.
485 784 751 858 Deinceps
808 793 945 864 jam,
1002 812 1128 869 ποτε
1156 813 1281 859 ante
1311 804 1439 860 belli
1466 807 1616 863 diem
1662 784 1911 867 facienda

321 886 468 941 sunt,
527 884 748 951 quando
785 891 1085 948 necessitas
1144 906 1195 951 te
1223 899 1289 952 ad
1324 899 1522 955 bellum
1570 905 1735 973 c0gi-t,
1786 922 1919 960 cum'

322 969 570 1029 hostlbus
596 980 925 1048 gerendum,
967 985 1208 1045 dilucide
1240 1006 1304 1046 ac
1345 994 1585 1050 breviter
1616 969 1908 1067 cauponam.

779 1092 1245 1159 CONSTITUTIO
1302 1104 1340 1158 Χ
1353 1104 1439 1160 lll.

816 1182 891 1240 De
920 1187 1005 1242 die
1035 1200 1155 1245 ante
1195 1192 1411 1249 bellum.

387 1268 439 1324 1.
464 1267 845 1345 Τιιτηιιπςὴαι,
869 1288 929 1333 ιιι
947 1279 1127 1337 banda
1151 1287 1336 1340 omnia
1357 1287 1566 1359 integra
1588 1290 1716 1356 sint,
1743 1303 1909 1361 atque

313 1360 381 1415 ad
432 1378 593 1420 usum
648 1370 940 1427 militarem
996 1385 1145 1445 apta,
1188 1386 1316 1435 ante
1361 1380 1505 1437 diem
1554 1384 1679 1439 belli
1737 1360 1904 1441 unum

312 1462 475 1521 atque
509 1458 742 1514 alterum
780 1466 1188 1535 prmparabunt,
1221 1478 1385 1542 atque
1414 1474 1549 1530 adeo
1584 1476 1905 1549 bandopho-

312 1546 413 1607 ris,
444 1547 496 1601 id
541 1558 627 1605 est
677 1552 981 1624 signiferis,
1022 1560 1334 1617 cohortium
1378 1564 1600 1620 dentur.
1650 1546 1906 1626 Cohortis

312 1638 754 1715 uniuscujusque
805 1663 992 1705 comes
1028 1666 1125 1706 sua
1166 1657 1471 1711 constituat
1515 1662 1901 1730 contubernia,

310 1736 364 1781 et
398 1729 443 1785 si
476 1748 585 1801 qua
615 1736 725 1791 sint
751 1737 989 1806 delecta,
1023 1742 1262 1813 expleat.

379 1819 435 1876 2.
467 1820 929 1894 Exploratoribus
980 1840 1034 1887 ct
1081 1835 1533 1905 speculatoribus
1581 1839 1773 1896 sedulo
1805 1843 1904 1897 ho-

2024 633 2165 702 μεθοὶ
2196 650 2296 699 σοι,
2335 627 2381 687 ὦ
2425 636 2720 705 στρατηγὶ,
2755 637 2848 690 καὶ
2893 638 2993 690 ὅσα
3027 638 3132 706 χρὴ
3182 653 3246 689 σε
3291 639 3467 691 ποιεῖν
3507 641 3616 711 πρὸ

2021 729 2123 796 τῆς
2150 725 2246 779 τοῦ
2281 726 2522 796 πολέμου
2557 728 2792 798 ἡμέρας.
2846 729 2936 783 ὅτε
2989 729 3085 782 καὶ
3137 729 3353 799 ἀνάγκη
3394 745 3454 782 σε
3484 748 3615 784 κατ-

2019 818 2219 890 επείγῃ
2252 819 2389 890 προς
2408 819 2596 890 μάχην
2618 819 2855 884 ἐξελθεῖν
2878 820 3020 874 κατὰ
3048 821 3282 892 ἐχθρῶν.
3360 838 3363 841 ‘

2590 1088 2903 1141 ΔΙΛΤΑΞΙΣ
2942 1089 3041 1143 ll".

2175 1185 2184 1194 '
2234 1183 2367 1250 Περὶ
2398 1182 2503 1250 τῆς
2543 1183 2789 1250 προτοῦ
2835 1183 3109 1253 πολέμου
3145 1169 3393 1255 ἠμέρας.

2090 1273 2157 1329 α’.
2178 1276 2339 1328 Ὥστε
2360 1275 2801 1345 παρασκευάζειν
2819 1277 2942 1339 τοὺς
2972 1279 3334 1349 τουρμάρχας
3352 1279 3459 1350 πρὸ
3484 1280 3615 1350 μιᾶς

2017 1369 2339 1441 ῆδευτέρας
2368 1370 2583 1440 ἡμέρας
2626 1368 2723 1423 τοῦ
2772 1370 3097 1440 πολέμουτὰ
3146 1371 3333 1441 βάνδα,
3362 1373 3612 1440 άγιάζειν

2015 1463 2105 1517 διὰ
2129 1463 2240 1516 τῶν
2273 1463 2487 1532 ἱερέων,
2522 1464 2619 1517 καὶ
2635 1461 2808 1525 οὕτως
2846 1462 3139 1518 ἐπιδιδόναι
3190 1466 3303 1526 τοῖς
3351 1464 3613 1534 βανδοφό-

2018 1572 2133 1623 ροις
2160 1554 2269 1607 τῶν
2304 1554 2626 1624 ταγμάτων.
2664 1554 2769 1607 Τὸν
2806 1555 2861 1608 δὲ
2908 1556 3140 1609 ἑκάστου
3174 1556 3459 1624 τάγματος
3514 1556 3609 1609 κό-

2018 1664 2165 1717 μητα
2197 1646 2575 1717 προκαθιστᾷν
2589 1648 2656 1701 τὰ
2682 1648 3093 1720 κοντουσέρνια,
3122 1650 3217 1704 καὶ
3252 1649 3607 1721 ἀναπληροῦν

2014 1739 2083 1793 τὰ
2116 1739 2343 1792 λιπόντα
2379 1740 2635 1809 σώματα,

2127 1837 2161 1885 '.
2200 1830 2523 1902 Σπουδάσης
2553 1831 2612 1885 δὲ
2645 1831 2713 1885 τὰ
2758 1833 2900 1885 κατὰ
2926 1831 3036 1885 τῶν
3067 1831 3282 1903 ἐχθρῶν
3330 1832 3611 1903 πολυπρα-

310 1913 477 1968 Slinm
512 1924 721 1972 statum
759 1922 1042 1992 exquires,
1077 1926 1168 1996 qui
1211 1937 1396 1984 motus
1427 1929 1669 1997 illorum,
1702 1942 1893 2001 quant:

2015 1925 2288 1995 γμονῆσαι
2315 1923 2402 1977 διὰ
2432 1923 2634 1993 βιγλῶν
2672 1924 2914 1994 ἀκριϐῶς
2941 1924 3038 1978 καὶ
3084 1925 3172 1977 διὰ
3211 1924 3603 1989 κατασκόπων,

309 2008 625 2074 multitudo,
671 2015 853 2082 qualis
902 2016 1091 2086 acies;
1138 2019 1326 2091 itaque
1372 2030 1427 2077 te
1481 2023 1772 2081 adversum
1810 2041 1906 2081 eos

307 2101 664 2170 prazparabis,
702 2113 763 2159 ut
799 2121 867 2161 ne
893 2110 1075 2175 subito
1107 2125 1173 2166 ac
1216 2111 1284 2167 de
1316 2112 1622 2185 improviso
1644 2118 1906 2174 invadare

307 2191 376 2247 ah
410 2193 539 2250 lllis.

376 2292 432 2350 5.
484 2293 589 2352 Ubi
642 2301 923 2357 vacaverit
984 2314 1191 2372 autem,
1243 2309 1544 2365 exercitum
1598 2318 1751 2365 tuum
1808 2327 1905 2381 per

306 2386 587 2460 drnngos,
643 2392 696 2447 id
745 2401 831 2455 est
879 2395 1141 2457 cohortes
1198 2400 1523 2465 milliarias,
1574 2410 1628 2456 et
1690 2406 1903 2459 turmas

306 2480 709 2551 congregabis;
761 2500 941 2556 neque
994 2489 1141 2542 enim
1185 2506 1380 2547 omnes
1430 2494 1593 2548 simul
1627 2511 1797 2550 unum
1847 2496 1901 2550 in

306 2572 489 2627 locum
519 2588 706 2645 coges,
738 2578 1104 2650 narrabisque
1138 2582 1246 2638 illis
1290 2600 1412 2655 qua}
1451 2586 1600 2641 dictu
1641 2604 1904 2644 necessa-

306 2665 386 2719 ria
414 2676 564 2733 sunt,
591 2669 673 2723 vel
703 2678 759 2723 tu
782 2670 921 2741 ipse,
964 2674 1047 2728 vel
1081 2674 1325 2743 przelecli
1369 2679 1469 2746 tui,
1501 2682 1757 2750 antiquas
1791 2683 1901 2738 illis

304 2759 796 2814 commemorando
847 2756 1111 2821 victorias
1178 2769 1510 2838 prioresque
1560 2771 1898 2844 felicitates;

304 2849 616 2922 talibusque
677 2853 843 2910 dictis
898 2857 1171 2913 animahis
1223 2854 1366 2915 illos.
1420 2859 1584 2933 Regis
1634 2875 1897 2934 praeterea

299 2943 637 3016 largitatem,
674 2950 1034 3022 studiumque
1066 2954 1367 3009 referendae
1400 2957 1610 3027 gratim,
1643 2958 1899 3028 przemia-

299 3055 411 3109 que
462 3039 817 3101 benemeritis
870 3046 1162 3115 proposita
1243 3057 1483 3118 repetes.
1534 3047 1894 3107 Recensenda

300 3149 522 3204 quoque
575 3140 834 3195 mandata
884 3148 1015 3194 sunt
1062 3140 1401 3212 reliqumque
1466 3147 1892 3215 praccptiones,

299 3241 422 3296 qua:
454 3226 539 3283 vel
588 3228 686 3285 abs
727 3236 803 3293 te,
850 3230 939 3284 vel
985 3246 1015 3289 a
1061 3231 1294 3303 singulis
1340 3233 1617 3303 prteleelis
1667 3238 1895 3310 singulae

301 3324 503 3371 lurmm
529 3326 656 3373 ante
688 3331 1045 3391 acceperunt.

368 3412 423 3463 4.
464 3408 520 3464 Si
554 3411 825 3481 quosdam
856 3427 924 3468 ex
963 3413 1218 3471 hostibus
1271 3418 1557 3489 contingat
1605 3420 1674 3475 ab
1727 3438 1894 3477 exeu-

298 3500 406 3558 biis
442 3502 589 3573 capi,
624 3504 708 3559 vel
744 3504 810 3558 ad
838 3521 940 3561 nos
976 3505 1234 3571 deﬁcere,
1274 3509 1318 3563 si
1363 3524 1631 3580 generoso
1661 3528 1894 3581 corpore

299 3596 611 3666 armatique
676 3596 909 3663 fuerint,
965 3603 1232 3657 exercitui
1290 3618 1634 3674 nequaquam
1701 3614 1891 3660 osten-

297 3687 459 3742 dendi
489 3697 637 3755 sunt,
673 3690 768 3755 sed
810 3690 877 3744 ad
902 3692 1070 3746 alium
1112 3695 1423 3763 quempiam
1449 3695 1630 3749 locum
1664 3696 1890 3750 clancu-

298 3781 410 3833 lum
436 3780 794 3841 amandandi.
840 3782 936 3837 Sin
982 3783 1221 3841 humiles
1274 3802 1339 3841 ac
1371 3788 1506 3844 viles
1538 3788 1762 3855 fuerint,
1795 3789 1889 3859 qui

295 3871 642 3941 defecerunt,
675 3874 940 3931 universo
977 3878 1244 3933 exercitui
1296 3879 1653 3935 monstrabis.
1699 3878 1888 3949 Capti-

296 3979 395 4019 vos
427 3976 611 4021 autem
650 3967 832 4021 nudos
869 3968 1278 4034 circumduces,
1311 3970 1714 4040 mandabisque
1740 3980 1799 4025 ut
1822 3972 1889 4027 ab

293 4058 553 4115 omnibus
579 4061 842 4117 militibus
877 4077 1014 4118 voce
1052 4063 1394 4119 contendant
1438 4080 1506 4119 ne
1555 4066 1624 4119 ab
1670 4066 1779 4121 illis
1808 4066 1891 4120 in-

293 4152 661 4221 terﬁciantur,
702 4170 813 4224 quo
880 4155 1150 4212 militibus
1200 4157 1407 4212 nostris
1460 4172 1652 4215 omnes
1696 4157 1887 4214 hostes

293 4242 643 4301 miserabiles
677 4260 802 4301 esse
827 4244 1141 4302 videantur.

362 4331 419 4389 5.
453 4330 723 4391 Hostibus
759 4342 943 4391 autem
987 4337 1100 4407 jam
1152 4337 1595 4404 imminentibus,
1640 4356 1889 4396 commu-

290 4421 460 4492 nique
515 4420 659 4477 bello
701 4422 818 4491 jam
866 4431 1209 4493 exspectato,
1255 4427 1528 4494 praefectis
1572 4429 1885 4484 cohortium

289 4512 600 4585 praecipies,
635 4522 694 4567 ut
729 4529 800 4569 ne
834 4515 1195 4571 excursiones
1219 4527 1416 4573 contra
1442 4519 1762 4577 inordinate
1797 4537 1887 4576 va-

2010 2017 2113 2086 τήν
2147 2032 2209 2069 τε
2241 2016 2458 2087 κίνησιν
2490 2015 2670 2069 αὐτῶν
2719 2019 2814 2070 καὶ
2870 2017 2930 2070 τὸ
2978 2018 3148 2070 ποσὸν
3197 2018 3292 2070 τοῦ
3354 2017 3603 2086 πλήθους

2010 2109 2214 2175 αὐτῶν,
2248 2109 2344 2162 καὶ
2370 2111 2471 2179 τὴν
2498 2106 2775 2174 σύνταξιν,
2808 2110 2903 2163 καὶ
2923 2109 3099 2173 οὕτως
3150 2110 3489 2181 ἁρμόζεσθαι
3522 2111 3607 2175 είς

2006 2202 2068 2256 τὸ
2096 2202 2173 2272 μὴ
2200 2201 2648 2271 αίφνιδιασθῆναι
2680 2202 2813 2273 παρ’
2845 2204 3048 2256 αὐτῶν.

2081 2294 2149 2364 γ’.
2202 2293 2463 2359 Συνάξεις
2504 2295 2563 2349 δὲ
2610 2297 2704 2348 ἐπὶ
2773 2295 2973 2365 σχολῆς
3036 2295 3127 2350 τὸν
3168 2296 3402 2367 στρατὸν
3456 2296 3603 2350 κατὰ

2005 2386 2306 2459 δρούγγους
2348 2388 2444 2441 καὶ
2488 2388 2634 2440 κατὰ
2678 2386 2946 2458 τούρμας,
2994 2388 3089 2441 καὶ
3134 2389 3314 2443 πάντα
3346 2387 3485 2456 όμοῢ
3522 2390 3606 2453 εἰς

2006 2482 2065 2536 ἐν
2086 2482 2253 2536 ἐνένι
2275 2482 2446 2551 τόπῳ,
2480 2482 2577 2533 καὶ
2604 2482 2959 2552 διαλαλήσεις
2982 2482 3171 2545 αὐτοῖς
3198 2484 3268 2534 τὰ
3294 2482 3597 2553 πρέποντα,

2005 2574 2038 2644 ἦ
2094 2575 2165 2627 δι’
2203 2574 2423 2639 ἑαυτοῦ,
2466 2574 2499 2645 ἢ
2523 2573 2614 2626 διὰ
2642 2574 2752 2626 τῶν
2776 2573 2923 2627 ἰδίων
2946 2574 3253 2645 ἀρχόντων,
3275 2574 3518 2638 παλαιᾶς
3534 2591 3596 2627 τε
3624 2570 3627 2573 ¹

2004 2670 2443 2738 ἀναμιμνήσκων
2477 2667 2637 2737 νίκης
2669 2668 2764 2720 καὶ
2799 2667 3084 2739 προτέρων
3134 2668 3452 2738 ὲπιτυχιῶν,
3502 2670 3600 2721 καὶ

2002 2760 2092 2814 διὰ
2129 2760 2388 2814 τοιούτων
2437 2758 3113 2830 προθυμοποιεῖναύτοὺς,
3154 2758 3597 2827 ἐπαγγείλασθαί

2001 2872 2059 2908 τε
2097 2854 2195 2925 τὴν
2225 2855 2289 2906 ὲκ
2312 2854 2410 2921 τῆς
2434 2853 2715 2924 βασιλείας
2746 2852 2907 2925 ἡμῶν
2943 2852 3179 2924 ἀμοιϐὴν
3237 2854 3335 2907 καὶ
3364 2853 3595 2922 εὐεργε-

2003 2946 2127 3000 σίαν
2186 2946 2404 3000 καὶτὸν
2457 2946 2599 3018 ὑπὲρ
2644 2946 2745 3015 τῆς
2796 2945 3010 3009 εὐνοίας
3053 2949 3153 3015 τῆς
3184 2946 3461 3009 πολιτείας
3505 2962 3597 3013 μι-

2001 3039 2162 3092 σθόν
2220 3038 2301 3091 ἔτι
2352 3040 2409 3091 δὲ
2460 3039 3051 3110 προσυπομιμνήσκειν
3100 3038 3197 3093 καὶ
3240 3038 3307 3090 τὰ
3339 3037 3596 3106 διδόμενα

2002 3133 2248 3203 μανδάτα
2275 3133 2367 3186 καὶ
2416 3131 2513 3204 τὴν
2551 3132 2719 3202 ἄλλην
2774 3131 3173 3201 παραγγελίαν,
3220 3132 3288 3200 ἢν
3322 3130 3475 3200 παρά
3532 3146 3596 3182 τι

2003 3226 2097 3280 σοῦ
2123 3225 2290 3280 αὐτοῦ
2341 3226 2438 3279 καὶ
2493 3226 2646 3297 παρὰ
2693 3226 2802 3279 τῶν
2831 3224 3021 3279 ίδικῶν
3081 3222 3262 3278 αὐτῶν
3311 3223 3594 3296 ἀρχόντων

1924 3282 1967 3341 C
2000 3318 2195 3371 ἔλαϐον
2220 3318 2341 3372 καθ’
2366 3282 2600 3371 ἕκαστον
2626 3318 2837 3387 τάγμα.

2069 3408 2128 3464 5'.
2167 3411 2295 3463 Ἐάν
2326 3410 2383 3463 δέ
2420 3427 2574 3474 τινας
2619 3410 2728 3462 τῶν
2785 3408 2999 3479 ἐχθρῶν
3044 3408 3228 3480 συμδῇ
3270 3409 3350 3469 είς
3400 3405 3592 3476 βίγλας

1996 3502 2339 3573 κρατηθῆναι
2368 3503 2400 3573 ἢ
2435 3501 2783 3573 προσρυῆναι
2805 3520 2818 3533 ·
2852 3503 2901 3554 εἰ
2935 3502 3036 3571 μὲν
3061 3498 3304 3566 γενναῖοί
3336 3501 3443 3551 εἱσι
3474 3500 3591 3561 τοῖς

1998 3597 2217 3667 σώμασι
2276 3598 2372 3650 καὶ
2423 3594 2663 3658 ἔνοπλοι,
2708 3595 2934 3658 τούτους
2998 3595 3074 3665 μὴ
3127 3593 3479 3663 δημοσιεύειν
3509 3590 3590 3661 τῷ

1996 3689 2236 3761 στρατῷ,
2279 3689 2394 3742 ἀλλ’
2446 3692 2504 3742 ὲν
2560 3689 2735 3759 ἑτέρῳ
2786 3688 2942 3757 τόπῳ
2994 3687 3219 3755 ἀφανῶς
3278 3685 3593 3755 ἐκπέμπειν

1993 3781 2208 3845 αὐτούς.
2246 3781 2309 3833 El
2341 3780 2394 3833 δὲ
2424 3779 2665 3843 εὐτελεῖς
2696 3781 2825 3841 είσι,
2856 3780 2984 3843 τοὺς
3009 3781 3108 3849 μὲν
3139 3780 3585 3850 προσρεομένους

1993 3873 2336 3944 ὲπιτηδεύεις
2366 3870 2777 3925 ἐπιδείκνυσθαι
2804 3870 2883 3942 τῷ
2915 3870 3136 3943 στρατῷ
3167 3871 3352 3933 παντὶ,
3383 3870 3509 3931 τοὺς
3528 3867 3587 3921 δὲ

1991 3966 2400 4037 κρατουμένους
2444 3966 2690 4036 γυμνοὺς
2766 3964 3061 4035 περιάγῃς,
3133 3964 3229 4016 καὶ
3288 3963 3590 4031 ὑποθήσεις

1988 4057 2189 4120 αὐτοὺς
2214 4057 2557 4127 παρακαλεῖν
2586 4057 2714 4118 τοὺς
2745 4056 3087 4125 στρατιώτας
3119 4055 3194 4126 μὴ
3223 4053 3583 4124 φονευθῆναι,

1988 4150 2071 4211 είς
2091 4149 2154 4201 τὸ
2175 4149 2384 4212 πάντας
2398 4149 2524 4211 τοὺς
2543 4150 2773 4220 ἐχθροὺς
2801 4150 3069 4212 ἐλεεινοὺς
3091 4144 3233 4201 εἶναι
3262 4144 3587 4217 νομίζεσθαι

1992 4244 2144 4311 παρὰ
2170 4242 2278 4296 τῶν
2307 4242 2678 4313 στρατιωτῶν.

2062 4341 2124 4388 ε’.
2168 4334 2411 4406 Ἑχθρῶν
2443 4335 2500 4388 δὲ
2553 4334 2905 4404 ἐγγιζόντων,
2970 4335 3067 4389 καὶ
3098 4333 3367 4406 δημοσίου
3401 4348 3580 4401 προσ⁴

1989 4427 2303 4497 δοκωμένου
2335 4428 2595 4499 πολέμου,
2626 4429 3011 4500 παραγγείλῃς
3041 4431 3157 4490 τοῖς
3218 4428 3448 4497 ἄρχουσι
3475 4425 3587 4478 τῶν

1989 4520 2312 4589 ταγμάτων,
2348 4520 2489 4575 ὥστε
2526 4522 2610 4593 μὴν
2634 4525 2806 4575 ποιεῖν
2839 4525 2897 4575 ἐν
2937 4522 3176 4586 ἐκείναις
3202 4523 3323 4584 ταῖς
3343 4521 3585 4591 ἡμέραις

288 4616 485 4679 gantes
521 4608 726 4663 milites
764 4607 990 4672 faciant,
1026 4608 1121 4664 sed
1162 4609 1458 4682 diligenter
1487 4612 1783 4669 observent
1816 4632 1884 4670 ne

1998 4614 2399 4680 συνεξελεύσεις
2430 4617 2573 4669 κατὰ
2617 4615 2727 4668 τῶν
2774 4616 3158 4670 ἀτακτούντων
3208 4613 3584 4685 στρατιωτῶν,

290 4701 520 4754 militem
553 4699 727 4754 ullum
769 4714 835 4753 ex
869 4702 985 4755 suis
1015 4699 1279 4756 lassatum
1310 4700 1567 4767 reddant,
1599 4712 1694 4757 aut
1724 4705 1887 4760 etiam

289 4801 531 4859 Vexent;
579 4790 673 4845 sed
704 4807 800 4847 eos
849 4790 941 4863 qui
995 4790 1050 4845 in
1109 4791 1291 4861 aliqua
1350 4793 1549 4847 mentis
1593 4796 1884 4863 perturba-

287 4883 441 4938 tione
493 4890 587 4937 aut
638 4883 1021 4939 sollicitudine
1065 4884 1483 4949 excruciantur,
1518 4897 1613 4939 aut
1665 4889 1886 4957 opinio-

272 4976 413 5030 ”nem
465 4974 703 5045 alicuius
756 4976 1056 5031 anxietatis
1095 4975 1355 5040 afferunt,
1409 4979 1658 5033 relevent
1716 4988 1884 5049 atque

286 5067 356 5122 ad
404 5068 646 5138 aliquam
698 5061 1039 5125 hilaritatem
1082 5078 1137 5124 et
1178 5071 1522 5125 alacritatem
1565 5072 1879 5127 traducunt.

285 5159 385 5216 Sin
418 5177 489 5216 ne
522 5162 605 5216 sic
635 5161 856 5231 quidem
890 5178 919 5215 a
962 5164 1223 5217 maestitia
1260 5174 1315 5219 et
1366 5180 1607 5220 moerere
1656 5167 1877 5222 avocari

282 5263 541 5325 possunt,
573 5254 645 5309 ad
700 5255 984 5325 paululum
1041 5258 1312 5326 temporis
1370 5273 1627 5313 secernes
1675 5274 1794 5323 eos,
1825 5268 1879 5313 et

281 5346 351 5402 ad
387 5348 551 5401 alium
577 5348 785 5413 locum,
813 5348 963 5417 jnsta
992 5348 1174 5419 aliqua
1202 5365 1369 5405 causa
1402 5352 1671 5413 adhibita,
1699 5367 1878 5421 usque

280 5436 351 5492 ad
371 5437 497 5493 belli
531 5439 739 5495 exitum’
767 5439 1069 5512 ablegabis,
1100 5449 1162 5494 ut
1197 5456 1264 5495 ne
1282 5442 1350 5497 ad
1385 5442 1645 5497 inimicos
1678 5451 1873 5499 trans-

281 5526 556 5600 fugientes
609 5531 822 5601 aliquid
871 5532 1147 5597 indicent,
1191 5534 1334 5601 quod
1389 5534 1617 5589 minime
1660 5534 1878 5603 patula-

1989 4708 2356 4775 φυλάττεσθαι
2378 4709 2434 4763 δὲ
2462 4710 2734 4773 παντοίως
2770 4708 2844 4780 μὴ
2880 4711 3133 4763 κακῶσαι
3174 4710 3266 4763 τὸν
3312 4706 3584 4778 στρατιώ-

1986 4817 2107 4869 την.
2152 4800 2313 4852 ’Δλλὰ
2345 4802 2441 4853 καὶ
2485 4802 2614 4863 τοὺς
2660 4802 2719 4854 ἐν
2777 4803 2987 4873 ὑποψία
3013 4802 3177 4865 ὄντας
3232 4801 3412 4870 λύπης
3436 4799 3583 4862 τινὸς

1985 4892 2150 4943 ἕνεκα
2195 4891 2674 4961 μεταχειρίζεσθαι
2708 4894 2791 4956 είς
2821 4894 3093 4959 εὐθυμίαν
3117 4912 3132 4927 ·
3186 4895 3234 4946 εί
3275 4893 3331 4946 δὲ
3369 4894 3583 4962 ἀμεταο

1984 4986 2248 5056 χείριστοι
2279 4987 2327 5038 οἱ
2356 4985 2587 5039 τοιοῦτοι
2626 4986 2871 5055 μένουσι,
2905 4987 3164 5057 χωρίσεις
3209 4984 3411 5047 αὐτοὺς
3443 4982 3583 5053 πρὸς

1987 5079 2206 5149 μικρὸν,
2236 5078 2333 5131 καὶ
2363 5077 2538 5149 ἑτέρῳ
2570 5079 2963 5149 παραπέμψας
2989 5079 3142 5149 τόπῳ
3179 5078 3319 5147 μετᾶ
3370 5076 3585 5147 προφά-

1987 5186 2125 5232 σεως
2158 5169 2380 5237 εὐλόγου
2409 5171 2573 5241 μέχρι
2597 5172 2697 5241 τῆς
2729 5172 2824 5224 τοῦ
2864 5172 3105 5242 πολέμου
3143 5170 3448 5232 ἐκϐάσεως,
3492 5169 3583 5221 ἵνα

1989 5264 2063 5333 μὴ
2094 5267 2207 5327 τοῖς
2239 5265 2450 5335 ἐχθροῖς
2492 5265 2902 5334 προσφυγόντες
2934 5265 3162 5317 εἴπωσιν
3186 5281 3238 5316 τι
3278 5257 3359 5315 ὧν
3384 5263 3444 5315 οὐ
3472 5261 3581 5331 χρὴ

1984 5354 2277 5422 γινώσκειν
2314 5354 2533 5415 αὐτούς.
2562 5356 2706 5418 Τοὺς
2761 5355 2819 5407 δὲ
2866 5356 3152 5424 ὁμογενεῖς
3186 5352 3297 5405 τῶν
3344 5351 3578 5421 ἐχθρῶν,

1984 5447 2057 5509 ὡς
2085 5445 2186 5517 ἤδη
2247 5447 2612 5516 προείπομεν,
2670 5447 2780 5518 πρὸ
2814 5446 3011 5500 πολλοῦ
3046 5446 3329 5517 χωρίζειν,
3389 5444 3484 5497 καὶ
3518 5445 3580 5497 ἐν

1983 5539 2207 5610 πολέμῳ
2241 5540 2465 5603 τούτους
2505 5541 2577 5610 μὴ
2612 5540 2800 5610 φέρειν
2830 5539 2970 5592 κατὰ
2996 5538 3107 5592 τῶν
3145 5539 3315 5592 ἰδίων.

284 5620 544 5675 ciendum
595 5620 724 5676 fuit.
780 5620 1081 5693 Pepnlares
1134 5635 1316 5679 autem
1368 5632 1535 5694 atque
1582 5625 1856 5696 indigenae
1905 5627 2174 5697 hostium,
2213 5632 2684 5700 quemadmodum
2749 5648 2917 5701 supra
2977 5632 3346 5696 ostendimus,
3414 5630 3580 5698 longe

282 5724 412 5764 ante
438 5720 691 5782 tempore
734 5717 1058 5787 segregandi
1092 5729 1243 5783 sunt,
1277 5733 1455 5788 neque
1502 5721 1558 5774 in
1596 5722 1737 5775 bello
1770 5722 2066 5779 adversum
2099 5740 2229 5779 suos
2258 5741 2504 5795 pugnare
2546 5728 2955 5796 permittantnr.

353 5798 408 5851 ϐ.
440 5801 673 5863 Quando
720 5803 785 5855 ad
846 5821 1083 5874 pugnam
1124 5808 1649 5880 dimicationemque
1695 5814 1870 5881 ipsam

293 5894 556 5949 sentum.
586 5904 668 5955 cs,
698 5892 959 5952 adversos
991 5912 1154 5954 casus
1187 5899 1316 5954 belli
1346 5911 1529 5957 mente
1570 5915 1865 5971 pertracta,

2060 5813 2134 5878 ς’.
2169 5817 2337 5869 Ὅταν
2366 5818 2422 5870 δὲ
2444 5818 2643 5891 μέλλῃς
2673 5820 2970 5890 συμϐαλεῖν
2998 5821 3076 5883 είς
3096 5819 3299 5892 μάχην,
3318 5814 3362 5874 ὦ
3384 5838 3574 5892 στροτε

1986 5908 2109 5979 me,
2162 5911 2264 5980 χρή
2302 5927 2360 5963 σε
2386 5911 2480 5964 καὶ
2520 5911 2586 5963 τὰ
2609 5913 2687 5977 εἰς
2718 5912 2981 5985 δευτέραν
3014 5911 3186 5983 τύχην
3215 5914 3573 5976 ἀποσκοπεῖν,
