4090 6450
407 390 619 469 845‘

1474 411 1806 477 TAC’I‘ICA.
1849 443 1919 453 -·-
1952 418 2459 483 (ἷΟΝδΉΊἸΠἸΟ
2498 425 2669 489 ΧΙΙΙ.

3598 432 3704 500 846

406 519 506 575 καὶ
530 517 631 583 τὰς
665 517 879 573 ἐκεῖθεν
929 517 1273 585 ἐναντιώσεις
1313 524 1848 594 προασφαλίζεσσαι.
1883 528 1994 581 Καὶ

2100 537 2152 584 et
2182 532 2303 588 illas
2337 536 2682 594 calamitates
2711 550 2983 609 quantum
3017 536 3133 594 ﬁeri
3175 548 3361 611 potest
3393 551 3697 600 antevertit.

409 612 671 681 μάλιστα,
704 611 785 676 ὡς
834 611 1103 676 πολλάκις
1132 615 1268 683 ἡμῖν
1310 615 1555 687 εἴρηται,
1608 619 1707 681 τὰς
1755 621 1994 690 ἀποτροο

407 703 517 772 φὰς
542 703 769 774 ἡμερῶν
800 702 1001 771 ὀλίγων
1026 703 1135 758 τῶν
1159 718 1221 757 τε
1242 708 1600 772 στρατιωτῶν
1629 711 1724 763 καὶ
1762 709 1874 764 τῶν
1904 711 1997 765 ἴπ-

407 811 530 849 ικων
559 796 844 864 συνάγειν,
865 797 959 850 καὶ
987 797 1239 866 φοσσάτα
1263 798 1592 873 ὀχυρώτερα
1641 805 1840 870 ποιεῖν,
1901 804 1997 857 καὶ

405 889 466 944 ἐν
501 889 829 960 ἐπιτηδείοις
852 890 1062 955 τόποις,
1088 892 1219 947 ἔνθα
1251 893 1478 950 δυνατὸν
1508 895 1570 949 τὸ
1595 895 1742 968 ὕδωρ
1778 899 1997 962 πάντως

407 982 746 1037 ἐκδικεῖσθαι
777 984 833 1035 ἐν
863 985 1043 1055 καιρῷ
1070 986 1342 1056 ἀνάγκης.

479 1074 549 1138 ζ’.
584 1075 677 1145 Μὴ
702 1076 985 1150 ἀμελήσῃς
1027 1078 1084 1132 δὲ
1121 1079 1221 1150 τῆς
1268 1083 1650 1152 ἀριστοποιίας
1689 1085 1784 1139 τοῦ
1828 1094 1997 1156 στραυ

404 1169 522 1224 τοῦ.
554 1170 616 1222 Εἰ
655 1170 755 1240 μὲν
781 1171 893 1242 γὰρ
919 1173 1008 1226 ὅτε
1044 1174 1422 1246 συμϐουλευθῇ
1466 1178 1502 1245 ἡ
1546 1177 1794 1252 συμϐολὴ
1848 1181 1996 1247 γίνε-

403 1280 519 1326 ται,
548 1264 768 1328 πάντως
802 1267 861 1318 ἐν
898 1258 943 1334 ᾧ
987 1265 1053 1321 ἂν
1104 1266 1413 1342 δοκιμάσῃς
1446 1270 1630 1341 καιρῷ
1683 1273 1743 1325 τὸ
1773 1273 1997 1345 ἄριστον

405 1357 505 1409 τοῦ
530 1359 765 1428 στρατοῦ
791 1359 1048 1426 γινέσθω.
1083 1360 1220 1414 Είδὲ
1250 1362 1411 1415 τοῦτο
1434 1363 1515 1433 μὴ
1552 1364 1719 1428 ἐστιν,
1774 1365 1998 1435 μέλλον-

407 1462 499 1512 τος
520 1448 614 1501 τοῦ
636 1448 876 1519 πολέμου
906 1451 1123 1516 πάντως
1143 1453 1206 1506 τὸ
1229 1454 1375 1525 πρωῒ
1400 1456 1649 1522 γίνεσθαι
1668 1456 1730 1510 τὸ
1751 1459 1996 1529 ἄριστον,

407 1534 516 1601 ἴνα,
554 1536 604 1588 εί
631 1536 807 1607 τύχοι,
840 1539 935 1592 καὶ
979 1538 1249 1610 εὔρωστοξ
1280 1545 1407 1608 εἰσι,
1437 1547 1532 1598 καὶ
1571 1547 1639 1600 δι’
1681 1546 1809 1617 ὅλης
1864 1549 1996 1601 πολι·

368 1623 376 1633 ’
402 1628 562 1693 λάκις
591 1631 690 1701 τῆς
720 1630 936 1702 ἡμέρας
975 1631 1069 1686 τοῦ
1103 1635 1344 1706 πολέμου
1370 1639 1707 1709 κρατοῦντος
1734 1639 1809 1711 μὴ
1834 1640 1998 1695 ἐκλυ-

315 1769 320 1772 .
402 1722 593 1778 θῶσιν.

478 1822 548 1886 η’.
579 1816 701 1886 Χρὴ
724 1816 785 1872 δέ
822 1835 880 1870 σε
908 1819 1155 1883 πάντως.
1187 1814 1239 1875 ὧ
1272 1825 1570 1894 στρατηγὲ,
1617 1826 1693 1896 μὴ
1731 1827 1894 1897 μόνον
1935 1829 1994 1882 ἐν

399 1912 514 1972 τοῖς
537 1910 720 1974 ἄλλοις
745 1914 979 1983 καιροῖς,
1017 1914 1155 1968 ἀλλὰ
1197 1917 1296 1969 καὶ
1340 1886 1399 1970 ἐν
1559 1886 1795 1992 retudi-te
1822 1924 1994 1989 ἐγγὺς
2030 1886 2070 1944 Β

396 2000 496 2054 τοῦ
521 2001 762 2072 πολέμου
799 2004 979 2075 καιρῷ
1012 2005 1089 2075 μὴ
1119 2007 1347 2077 ἀμελεῖν
1374 2008 1467 2062 τοῦ
1498 2010 1992 2082 συμϐουλεύεσθαι,

399 2090 540 2144 ἀλλὰ
601 2094 696 2146 καὶ
744 2094 865 2148 τότε
925 2097 1165 2164 μάλιστα
1206 2100 1567 2169 συγκαλέσεις
1614 2105 1744 2167 τοὺς
1784 2106 1891 2159 ὑπὸ
1936 2108 1995 2160 ce

397 2184 779 2255 τουρμάρχας,
818 2187 911 2240 καὶ
930 2187 982 2239 εἴ
1008 2204 1132 2243 τινα
1164 2190 1353 2262 ἕτερον
1387 2194 1709 2265 δοκιμάσεις
1736 2199 1996 2269 ἀγχίνουν

398 2278 495 2330 καὶ
525 2277 819 2348 φρόνιμον,
845 2282 924 2343 εἰς
952 2280 1053 2351 τὴν
1093 2284 1236 2337 κατά
1277 2285 1370 2338 τὸν
1420 2288 1614 2355 καιρὸν
1635 2288 1996 2360 ὀφειλομένην

397 2368 648 2437 γίνεσθαι
688 2371 1003 2443 συμϐουλήν
1026 2391 1037 2403 ·
1068 2376 1165 2429 καὶ
1189 2375 1364 2442 οὔτως
1383 2378 1777 2449 βουλεύσασθαί
1798 2397 1856 2435 σε
1880 2381 1999 2435 δέον

399 2463 471 2516 τὰ
499 2463 637 2533 περὶ
654 2461 749 2516 τοῦ
773 2464 1045 2533 πολέμου.

468 2556 538 2610 θ’.
570 2557 875 2611 Κατανοεῑν
907 2560 971 2615 δέ
1006 2560 1254 2632 ἀκριϐῶς
1292 2564 1384 2616 καὶ
1411 2562 1505 2617 τὸν
1553 2564 1718 2619 τόπον
1776 2565 1906 2620 ἔνθα
1956 2568 1993 2636 ἠ

332 2692 333 2695 η
400 2647 653 2719 conﬁcit-l1
673 2649 771 2702 τοῦ
805 2651 1049 2723 πολέμου
1081 2654 1265 2723 μέλλει
1292 2655 1564 2724 γίνεσθαι.

470 2754 525 2801 ι’.
570 2746 1079 2818 Προπαραγγείλῃς
1126 2748 1184 2801 δέ
1242 2751 1358 2811 τοῖς
1403 2749 1668 2820 ἄρχουσιν
1720 2752 1810 2805 ἵνα
1853 2755 1997 2808 κατὰ

404 2837 516 2908 τὴν
547 2836 776 2909 πρώτην
817 2838 1005 2907 φωνὴν
1029 2836 1124 2890 τοῦ
1153 2836 1405 2908 βουκίνου
1438 2838 1497 2891 ἐν
1515 2840 1581 2909 τῇ
1600 2840 1759 2892 νυκτὶ
1780 2840 1881 2908 τῆς
1900 2842 1995 2895 τοῦ

399 2929 645 3007 πολέμου
669 2929 887 3000 ἡμέρας
911 2930 1037 2992 τοὺς
1070 2929 1268 2992 ἵππους
1308 2930 1403 2983 ἐπὶ
1444 2930 1541 2983 τὸν
1598 2932 1763 2987 ποτὸν
1810 2950 1994 3003 παρα-

398 3023 748 3077 σκευάσουσιν
779 3022 1072 3091 ἐξαγαγεῖν
1122 3022 1211 3075 ἴνα
1238 3023 1337 3093 μὴ,
1362 3024 1441 3086 ὡς
1470 3024 1996 3094 εἰκὸς,ἀμελοῦντες

398 3113 594 3168 τούτου
619 3116 677 3168 ἐν
700 3114 783 3185 τῷ
810 3114 986 3185 καιρῷ
1017 3115 1119 3184 τῆς
1160 3116 1525 3185 παρατάξεως
1567 3117 1994 3185 ἀπολείπωνται.
2060 3168 2069 3173 .

2097 626 2381 695 Imprimis
2403 636 2618 699 autem,
2668 632 3141 701 quemadmodum
3194 646 3340 702 saepe
3376 649 3407 688 ο
3435 648 3703 692 mecum-

2098 726 2464 773 memorattun
2523 728 2632 785 est,
2682 720 2905 775 dierum
2947 721 3162 791 aliquot
3218 734 3565 780 commeatus
3602 742 3702 797 pro

2096 804 2367 864 militibus
2406 810 2686 881 equisque
2740 810 3103 881 provehatur.
3151 812 3349 868 Castra
3398 816 3714 872 munitiora-

2100 900 2255 969 ﬁant,
2310 903 2639 976 idoneisque
2691 906 2747 959 in
2799 906 2957 972 locis,
3002 906 3095 961 ubi
3135 920 3279 979 aqua
3331 911 3567 966 omnino
3605 912 3719 967 dor

2099 995 2247 1055 lendi
2284 1006 2492 1065 potest,
2529 1007 2828 1069 ponantur.

2171 1091 2225 1145 7.
2251 1090 2413 1146 Cum
2456 1092 2553 1147 tibi
2589 1108 2809 1163 quoque
2855 1094 3156 1163 prandium
3216 1095 3453 1150 militum
3507 1096 3603 1153 sit.
3638 1095 3699 1152 Si

2097 1186 2246 1240 enim
2281 1187 2503 1255 quando
2531 1186 2812 1241 communi
2850 1188 3091 1243 consilio
3132 1187 3415 1243 decretum
3450 1197 3540 1245 est
3579 1188 3698 1245 bel-

2100 1282 2211 1334 lum
2268 1280 2531 1351 incipiet,
2589 1288 2702 1335 tum
2757 1296 2869 1350 quo
2920 1290 3167 1351 tempore
3213 1282 3487 1350 optimum
3546 1284 3700 1352 inlli-

2098 1375 2257 1431 cabis
2286 1375 2557 1445 prandeat
2581 1376 2880 1430 exercitus.
2919 1373 3017 1429 Sin
3053 1374 3160 1429 boc
3188 1375 3418 1429 minime
3449 1372 3695 1429 l‘bturum

2100 1470 2194 1534 sit,
2214 1468 2326 1537 jam
2352 1467 2708 1537 impendi-nte
2736 1468 2905 1533 bello,
2934 1469 3141 1524 milites
3172 1483 3335 1523 mane
3367 1470 3697 1539 prandeant,

2101 1570 2162 1618 ut
2193 1563 2369 1631 magis
2411 1561 2552 1616 ﬁrmi
2578 1562 2740 1626 ﬁant,
2771 1570 2828 1617 et
2867 1576 2963 1632 per
2993 1562 3265 1631 integrum
3289 1560 3460 1628 diem,
3496 1563 3541 1618 si
3573 1572 3700 1618 tan-

2100 1657 2191 1711 diu
2226 1656 2433 1712 bellum
2465 1656 2774 1722 duraverit,
2801 1656 2987 1712 minds
3014 1656 3231 1713 viribus
3255 1656 3609 1714 deﬁciamur.

2173 1843 2227 1898 8.
2256 1841 2378 1897 Non
2413 1841 2577 1895 modo
2600 1840 2727 1895 aliis
2763 1839 3123 1911 temporibus,
3171 1852 3363 1893 verum
3403 1837 3566 1893 etiam
3600 1852 3697 1908 ap-

2102 1944 2323 2007 petente
2353 1934 2468 2004 jam
2498 1934 2622 1989 belli
2651 1942 2924 2003 tempore,
2947 1932 3244 1989 consilium
3264 1930 3365 1986 abs
3390 1938 3445 1986 te
3471 1931 3697 1985 minime

2101 2026 2485 2098 negligendum
2515 2036 2621 2087 est,
2647 2026 2744 2080 sed
2774 2023 3130 2077 turmarcbas
3161 2030 3310 2084 tuos,
3347 2028 3401 2075 et
3446 2020 3492 2074 si
3528 2032 3692 2087 quem

2101 2128 2365 2191 prmterea
2390 2119 2648 2173 solertem
2692 2117 3134 2186 prudentemque
3158 2115 3338 2168 virum
3363 2110 3692 2183 iudicas,“

2100 2212 2391 2266 consilium
2435 2224 2501 2262 cx
2543 2218 2791 2278 tempore
2820 2208 3149 2277 capiendqu
3187 2204 3508 2270 advocabis,
3538 2211 3595 2259 et
3624 2202 3695 2258 de

2100 2307 2265 2362 rebus
2299 2304 2525 2374 agendis
2559 2302 2908 2357 deliberabis.

2170 2572 2224 2626 9.
2274 2567 2662 2625 Ad‘vcrtendus
2712 2566 3006 2636 diligenter
3053 2564 3218 2618 etiam
3275 2563 3429 2618 locus
3475 2561 3529 2616 in
3583 2574 3698 2632 quo

2100 2658 2438 2715 conﬂictatio
2473 2656 2602 2713 belli
2637 2656 2818 2711 futura
2849 2662 2956 2710 est.

2173 2754 2264 2809 lO.
2312 2752 2608 2822 Praeeipies
2644 2751 2812 2805 etiam
2854 2747 3153 2819 praefectis,
3219 2754 3283 2802 ut
3328 2747 3399 2800 ad
3449 2742 3692 2814 primum

2102 2862 2298 2905 sonum
2334 2847 2585 2902 buccina:
2614 2845 2737 2913 ejus
2768 2845 2972 2911 noctis,
3000 2856 3136 2910 quae
3177 2840 3322 2895 diem
3359 2837 3493 2893 belli
3535 2842 3695 2890 antc-

2099 2943 2266 3003 cedit,
2305 2955 2479 3010 equos
2509 2947 2774 3008 aquatum
2807 2935 3074 2997 educant,
3108 2949 3177 2987 ne
3226 2933 3273 2987 si
3326 2931 3433 2985 hoc
3458 2936 3696 2999 prmtcr-

2101 3038 2373 3101 ntittatur,
2401 3048 2668 3103 equorum
2694 3030 2840 3086 vires
2865 3030 2919 3084 in
2948 3028 3093 3083 bello
3122 3024 3439 3082 deﬁciant.-

470 3214 566 3262 ια’.
593 3208 987 3280 Παραγγείλῃς
1019 3208 1096 3272 δὲ,
1137 3208 1321 3272 καθὼς
1360 3210 1620 3281 ἀνωτέρω
1660 3212 1794 3281 ἡμῖν
1839 3212 1991 3281 εἴρη-

2173 3218 2260 3272 ll.
2318 3214 2610 3285 Praecipies
2664 3213 2852 3274 etiam,
2915 3207 3386 3280 quemadmodum
3451 3218 3620 3275 supra
3664 3220 3695 3258 a

398 3315 518 3364 ται,
562 3300 652 3355 ἵνα
682 3301 777 3355 καὶ
801 3299 884 3365 εἷς
931 3301 1166 3365 ἕκαστος
1209 3301 1553 3374 στρατιώτης
1599 3304 1657 3356 ἐν
1701 3304 1782 3374 τῷ
1826 3308 1995 3359 κινεῖν

398 3396 539 3466 πρὸς
565 3395 877 3465 παράταξιν
910 3394 1101 3467 ἔκη’ἐν
1136 3394 1214 3465 τῷ
1249 3395 1660 3467 σελλοπουγγίῳ
1699 3398 1995 3471 αὐτοῦ<9ϋ)

400 3489 536 3557 μίαν
564 3489 597 3559 ἢ
622 3489 720 3543 καὶ
748 3489 845 3542 δύο
867 3488 1063 3558 λίτρας
1114 3491 1314 3557 ἄρτου,
1357 3489 1397 3560 ἢ
1430 3489 1689 3560 ἀλεύρου,
1723 3491 1756 3561 ἦ
1800 3492 1995 3545 πίστου

397 3578 628 3650 ἐψητοῦ,
658 3578 693 3650 ἦ
725 3579 1076 3650 παξαμάδας,
1122 3579 1156 3649 ἢ
1192 3581 1381 3649 κρέας.
1411 3581 1598 3651 Ἔχειν
1625 3580 1683 3634 δέ
1717 3581 1812 3634 καὶ
1856 3582 1996 3650 φλα-

404 3672 533 3726 σκὶν
570 3670 768 3743 μικρὸν
795 3671 853 3724 ἐν
899 3674 968 3741 τῇ
1004 3670 1246 3743 ἀργαὸίᾳ
1294 3670 1484 3735 ὕδατος
1525 3671 1717 3743 γέμον,
1780 3674 1878 3728 καὶ
1920 3675 1996 3746 μὴ

396 3766 572 3830 οἴνου,
599 3765 693 3819 διὰ
726 3781 789 3817 τε
818 3763 921 3827 τὰς
948 3764 1195 3835 τυχηρὲις
1231 3765 1611 3834 περιστάσεις,
1643 3765 1740 3819 καὶ
1775 3767 1895 3831 τὰς,
1920 3768 1997 3831 ὡς

399 3856 572 3920 εἰκὸς,
598 3854 929 3919 ἀπαντώσας
954 3855 1166 3926 χρείας.
1194 3855 1465 3919 Πολλάκις
1493 3854 1603 3927 γὰρ
1640 3859 1995 3928 τρεπομένων

399 3950 635 4022 ἐχθρῶν,
652 3952 748 4004 καὶ
764 3948 1088 4020 ὀχυρώματι
1109 3948 1586 4019 προστρεχόντων,
1612 3949 1775 4019 χρεία
1803 3968 1978 4021 παρα-

404 4044 629 4099 καὍίσαι
681 4044 871 4106 αὐτοῖς
910 4042 998 4096 διὰ
1063 4041 1260 4105 νυκτὸς
1298 4040 1396 4095 καὶ
1452 4041 1692 4112 ἡμέρας,
1734 4042 1768 4111 ἢ
1830 4042 1995 4097 πάλιν

398 4133 796 4205 τὴνσυμσολὴν
852 4133 1016 4203 μέχρι
1068 4132 1167 4203 τῆς
1228 4132 1470 4203 ἑσπέρας⁵
1520 4131 1991 4202 παρατείνεσθαιθ

398 4228 497 4281 καὶ
548 4225 848 4294 ἀναγκαῖόν
904 4227 1053 4278 ἐστιν
1125 4223 1489 4294 ἐπιφέρεσθαι
1550 4222 1843 4295 δαπάνην,
1904 4225 1993 4279 ἵνα

402 4320 483 4391 μὴ
522 4322 589 4391 τῇ
620 4317 856 4388 ἐλλείψει
909 4317 1008 4389 τῆς
1045 4316 1296 4387 δαπάνης
1341 4315 1403 4370 τὸ
1441 4316 1721 4385 πρακτέον
1760 4317 1991 4388 ἐμποδί-

398 4412 585 4483 ζηται.

470 4504 561 4575 ιβ’,
592 4504 722 4559 Ἐὰν
750 4504 811 4558 δὲ
836 4503 972 4574 πρὸς
1020 4503 1248 4559 δυνατὸν
1278 4502 1437 4567 ἔθνος
1479 4504 1628 4557 ἐστὶν
1660 4506 1689 4558 ὁ
1722 4504 1988 4576 πόλεμος.

2100 3312 2261 3368 nobis
2285 3309 2599 3364 mandatum
2625 3316 2730 3370 est,
2762 3312 2821 3359 ut
2847 3301 3227 3371 unusquisque
3258 3298 3440 3361 miles,
3473 3296 3698 3366 quando

2098 3405 2166 3461 ad
2188 3401 2599 3461 dimicationem
2624 3398 2746 3455 belli
2769 3395 3040 3468 procedit,
3061 3395 3261 3447 habeat
3277 3394 3330 3445 in
3354 3389 3697 3460 sel10pun‘gio

2100 3511 2205 3551 suo
2236 3509 2401 3549 unam
2441 3500 2535 3545 aut
2575 3491 2715 3545 duas
2758 3488 2927 3542 libras
2970 3487 3152 3555 panis,
3203 3490 3298 3536 aut
3330 3480 3545 3542 farinae,
3602 3484 3698 3529 aut

2098 3586 2357 3654 biscocti,
2386 3593 2482 3641 aut
2527 3580 2865 3655 paxamadii,
2900 3587 2995 3634 aut
3020 3577 3207 3634 carnis
3243 3594 3258 3632 :
3296 3576 3498 3629 habeat
3528 3571 3695 3626 etlam

2100 3679 2407 3753 pblaseium
2440 3676 2496 3730 in
2527 3674 2751 3746 argabia
2782 3672 3004 3745 plenum
3060 3682 3225 3739 aqua,
3273 3680 3382 3721 non
3414 3665 3567 3729 vino,
3606 3662 3700 3715 ad-

2100 3788 2300 3831 versus
2331 3786 2525 3827 omnes
2557 3768 2814 3823 fortuitas
2846 3781 2934 3822 res
2970 3765 3400 3820 circumstantes
3448 3765 3501 3813 et
3534 3769 3701 3810 casus

2100 3882 2203 3923 nec
2228 3866 2506 3937 Opinatos.
2542 3861 2698 3932 Saepe
2726 3860 2899 3925 enim,
2933 3855 3241 3928 proﬂigatis
3270 3851 3524 3907 hostibus
3545 3854 3600 3903 et
3630 3845 3697 3899 ad

2101 3958 2469 4014 munitionem
2520 3954 2762 4023 aliquam
2830 3948 3275 4010 accurrentibus,
3326 3939 3620 3999 obsidendi
3668 3954 3699 3991 a

2098 4051 2262 4107 nobis
2295 4050 2440 4105 diem
2475 4060 2643 4102 unam
2680 4058 2745 4099 ac
2772 4050 2991 4098 noctem
3026 4047 3194 4096 sunt:
3224 4044 3321 4093 aut
3348 4035 3395 4089 si
3426 4046 3601 4101 usque
3630 4030 3697 4083 ad

2097 4148 2243 4203 diem
2271 4141 2615 4199 conﬂictatio
2650 4134 3008 4210 producenda
3045 4134 3140 4197 sit,
3171 4144 3401 4187 necesse
3430 4136 3514 4183 est
3548 4138 3698 4179 com-

2098 4248 2341 4295 meatum
2393 4234 2615 4298 ali‘erri,
2679 4239 2742 4286 ut
2797 4245 2869 4286 ne
2916 4236 3259 4285 commeatus
3312 4219 3546 4294 penuria
3609 4232 3700 4272 res

2098 4331 2327 4404 agendae
2358 4327 2751 4399 impediantur.
3707 4380 3720 4415 ἱ

2169 4503 2258 4558 12.
2282 4500 2340 4557 Si
2369 4499 2640 4555 adversus
2670 4503 2954 4569 potentem
2990 4495 3273 4550 nationem
3307 4492 3512 4549 bellum
3549 4490 3703 4546 iutu—

396 4600 495 4653 καὶ
524 4600 590 4652 ἐκ
621 4596 950 4669 προλήψεως
976 4613 1121 4659 τινος
1168 4599 1229 4649 ἐν
1270 4596 1449 4667 δειλία
1475 4598 1627 4652 ἐστὶν
1673 4599 1702 4651 ὀ
1729 4598 1987 4669 στρατὸς,

2100 4609 2222 4649 rum
2245 4601 2351 4657 est,
2386 4598 2446 4646 et
2476 4590 2531 4645 in
2567 4590 2765 4644 timore
2804 4587 2992 4657 aliquo
3023 4601 3089 4641 ac
3132 4583 3460 4639 demissiore
3515 4581 3702 4635 animo

401 4689 477 4761 μὴ
508 4689 820 4760 σπουδάσῃς
843 4687 1255 4759 συμπλέκεσθαι
1280 4688 1559 4759 δημοσίως
1604 4688 1793 4756 εὐθὺς,
1853 4691 1992 4745 ἀλλὰ

398 4782 664 4852 πρότερον
690 4779 950 4849 ἀσφαλῶς
995 4780 1283 4850 ἐπιτήδευε
1336 4780 1445 4851 πρὸ
1498 4779 1595 4850 τῆς
1640 4781 1859 4853 ἡμέρας
1889 4782 1986 4834 τοῦ

398 4872 639 4942 πολέμου
699 4870 844 4941 μετὰ
883 4870 1228 4936 ἐξαπλίκτων
1261 4871 1358 4925 καὶ
1426 4872 1725 4942 χρησίμων
1775 4873 1990 4943 ἀνδρῶν

396 4961 710 5033 λεληθότως
752 4963 848 5017 καὶ
884 4962 962 5033 μὴ
1008 4964 1260 5034 φανερῶς
1296 4962 1630 5034 ἐπέρχεσθαι
1672 4981 1781 5018 τινι
1828 4966 1986 5037 μέρει

395 5054 600 5111 αὐτῶν.
660 5055 791 5110 Ἐὰν
822 5055 935 5127 γὰρ
994 5055 1298 5124 φονευθιῗηί
1349 5072 1491 5118 τινες
1542 5056 1656 5110 τῶν
1703 5058 1987 5127 ἐναντίων,

396 5147 432 5218 ἢ
457 5146 662 5211 ζῶντες
687 5147 1097 5220 ωλληφθῶσιν,
1121 5148 1323 5222 νομίσῃ
1354 5148 1414 5202 τὸ
1447 5148 1653 5219 πλῆθος
1674 5148 1782 5204 τῶν
1820 5167 1989 5222 στρα-

398 5240 615 5295 τιωτῶν
671 5242 755 5295 ὅτι
801 5241 1030 5312 δυνάμει
1068 5241 1287 5309 ἐγένετο
1320 5241 1381 5293 τὸ
1420 5242 1675 5311 συμϐὰν,
1724 5243 1821 5296 καὶ
1853 5260 1990 5314 προ-

399 5329 696 5401 θυμότεροι
751 5330 998 5400 γίνονται
1080 5330 1180 5401 τὴν
1243 5330 1452 5385 δειλίαν
1508 5330 1948 5400 ἀποϐαλλόμενοι
1971 5373 1986 5396 ,

400 5423 497 5474 καὶ
523 5417 699 5486 οὕτως
736 5423 878 5492 μετὰ
907 5422 1108 5493 μικρὸν
1130 5422 1399 5487 ἐθίζονται
1436 5422 1668 5494 τολμᾷν,
1712 5425 1807 5477 καὶ
1846 5426 1989 5480 κατὰ

400 5514 584 5568 αὐτῶν
606 5516 901 5586 ἐγχειρεῖν.

477 5614 567 5675 ιγ’.
585 5608 712 5662 Ἐὰν
737 5608 795 5662 δέ
818 5609 1202 5679 αἰφνιδιασμδς
1221 5610 1448 5679 γένηται
1471 5610 1579 5665 ὑπὸ
1603 5612 1714 5665 τῶν
1755 5612 1990 5683 ἐχθρῶν,

402 5702 498 5753 καὶ
547 5700 624 5770 μὴ
658 5701 933 5771 συμϐαίνῃ
962 5704 1028 5771 τῇ
1083 5701 1177 5754 τοῦ
1229 5702 1466 5773 πολέμου
1517 5705 1678 5775 χρείᾳ
1736 5704 1768 5774 ἢ
1828 5706 1856 5757 ὁ
1904 5707 1993 5758 τό-

2093 4684 2370 4742 exercitus
2396 4689 2589 4737 noster
2617 4678 2803 4745 fuerit,
2837 4692 2906 4732 ne
2942 4678 3127 4731 statim
3160 4682 3352 4745 aperte
3386 4686 3449 4726 ac
3483 4672 3703 4742 publice

2093 4794 2221 4833 cum
2254 4776 2366 4833 illis
2399 4773 2688 4845 conﬂigas,
2739 4772 2836 4828 sed
2874 4780 3003 4826 ante
3042 4770 3190 4825 diem
3224 4766 3351 4821 belli
3399 4780 3523 4819 cum
3554 4764 3701 4818 delc-

2093 4873 2197 4928 ctis
2222 4868 2557 4941 quibusdam
2582 4864 2938 4933 strenuisque
2965 4860 3260 4922 militibus,
3303 4857 3469 4919 clam,
3503 4864 3557 4910 et
3589 4871 3698 4909 non

2094 4974 2309 5039 aperte,
2339 4965 2560 5020 illorum
2595 4971 2806 5031 partem
2846 4958 3089 5028 aliquam
3119 4954 3415 5009 adoriaris.
3449 4952 3506 5008 Si
3549 4953 3697 5007 enim

2099 5061 2322 5130 quidam
2348 5073 2415 5113 ex
2458 5054 2715 5112 hostibus
2759 5052 2842 5105 vel
2877 5050 3107 5103 omnino
3152 5047 3582 5111 interliciantur,
3613 5044 3699 5099 vel

2098 5154 2207 5210 vivi
2240 5153 2551 5223 capiantur,
2574 5149 2854 5204 exercitus
2889 5146 3024 5202 illud
3057 5144 3381 5199 fortitudine
3408 5158 3472 5199 ac
3499 5143 3699 5197 robore

2098 5248 2352 5304 clientum
2379 5243 2677 5317 iudicabit,
2708 5252 2757 5296 et
2779 5241 2924 5295 vires
2944 5238 3186 5308 colliget,
3214 5237 3579 5303 timoremque
3602 5232 3699 5287 de-

2101 5344 2291 5406 ponet,
2323 5344 2490 5405 atque
2530 5333 2667 5388 adeo
2702 5330 2973 5402 paulatim
3027 5326 3327 5384 assncﬁcnt
3370 5323 3697 5393 audaciores

2100 5446 2245 5492 esse,
2272 5435 2327 5483 et
2364 5428 2550 5483 hostes
2586 5427 2828 5481 alacrius
2858 5422 3139 5478 invadere.

2181 5610 2265 5663 13.
2300 5606 2355 5660 Si
2388 5607 2577 5663 hostes
2614 5614 2666 5662 te
2715 5620 2816 5663 nec
2856 5606 3085 5677 opinato
3131 5602 3467 5674 opprimant,
3517 5615 3696 5669 neque

2108 5703 2159 5758 id
2198 5703 2266 5756 ad
2292 5718 2452 5756 usum
2482 5710 2635 5756 tuum
2678 5702 2917 5773 pertinet
2956 5709 3011 5755 ut
3048 5713 3173 5755 cum
3206 5698 3312 5753 illis
3341 5680 3591 5759 dimices,
3613 5696 3694 5749 vel

1933 5796 2167 5853 ΝΟΤᾸΞ.

478 5886 594 5962 (96)
632 5891 688 5947 In
723 5891 916 5948 codice
974 5891 1350 5950 Laurentiano
1388 5894 1591 5952 desunt
1641 5894 1969 5966 paragrapbi
2011 5893 2103 5965 qui
2140 5899 2472 5965 sequuntur.
