4090 6486
349 422 455 489 851

1622 422 1647 480 Ι
1653 420 1899 481 .EONIS
1938 418 2395 481 PHILOSOPIII

3526 407 3638 473 852

351 538 457 593 dos
500 551 610 593 non
662 534 894 598 l‘uerint,
946 533 1051 588 hoc
1084 529 1249 595 idem
1288 528 1475 592 facies.
1509 544 1576 583 ne
1611 528 1794 583 caeteri
1827 529 1945 583 dis-

2060 530 2162 591 τοῖς
2197 531 2339 583 κατά
2374 527 2544 583 νώτου
2600 528 2698 596 τῆς
2738 524 3001 595 δευτέρας
3052 522 3261 589 τάξεως
3297 520 3638 591 ἐρχομένοις.

352 630 514 684 tracti
544 629 610 683 ad
644 626 897 697 prmsidia
954 623 1142 693 prima:
1191 620 1326 676 aciei
1380 621 1562 676 minus
1601 620 1838 674 valeant.

2055 619 2150 672 ἐὰν
2193 621 2268 690 μὴ
2298 620 2543 691 ἀρκῶσιν
2574 620 2625 673 οἱ
2656 618 3035 686 νωτοφύλακες
3071 615 3269 677 αὐτοὺς
3307 613 3376 666 δι’
3430 612 3643 665 ἑαυτῶν

352 717 712 790 ἁρμόζεσθαι,
748 716 821 770 τὰ
878 712 1019 767 αύτά
1050 712 1301 783 ποιήσεις
1328 727 1343 741 ·
1374 710 1464 765 ἵνα
1496 710 1545 764 oi
1583 708 1761 762 λοιποὶ
1796 705 2203 778 ἀπερίσπαστοι
2252 710 2456 781 μένωσι
2518 708 2652 779 πρὸς
2702 707 2963 778 βοήθειαν
3041 705 3139 775 τῆς
3179 701 3407 774 πρώτης
3452 719 3634 773 παρα-

350 808 587 876 τάξεως.

423 906 477 962 9.
520 906 577 959 Si
618 904 812 973 ingens
859 900 1102 956 hostium
1154 898 1321 954 fuerit
1362 896 1663 958 exercitus,
1701 903 1756 948 et
1800 892 1948 947 mul-

350 995 589 1052 titudine
668 993 956 1049 hominum
1003 1006 1068 1047 ac
1120 991 1499 1062 jumentorum
1555 987 1826 1047 amictus,
1882 1000 1949 1039 ac

353 1103 491 1157 pene
541 1101 842 1156 oppressus
900 1083 1099 1148 fuerit,
1164 1098 1232 1136 ne
1286 1080 1508 1136 coneris
1558 1077 1775 1134 eminus
1833 1074 1947 1145 jam

354 1178 616 1234 hostibus
670 1176 1047 1239 venientibus,
1096 1172 1289 1243 copias
1331 1183 1452 1226 luas
1490 1171 1554 1224 ad
1599 1169 1812 1224 celsum
1846 1166 1949 1219 ali-

352 1284 519 1340 quem
570 1269 752 1322 locum
803 1265 1097 1330 deducere,
1149 1281 1219 1319 ne
1258 1262 1608 1318 multitudine
1650 1267 1949 1331 conspecta

353 1360 597 1413 animum
647 1360 760 1428 jam
815 1358 892 1412 tui
939 1355 1285 1426 despondere
1336 1354 1629 1425 incipiant,
1690 1353 1787 1411 sed
1849 1354 1953 1405 hu-

356 1449 472 1503 mili
511 1456 565 1503 et
589 1463 725 1503 cavo
759 1448 811 1501 in
852 1447 973 1501 loco
1007 1462 1106 1502 eos
1148 1447 1380 1512 instrue,
1418 1445 1513 1500 ubi
1550 1458 1728 1515 neque
1762 1443 1952 1497 hostes

353 1542 526 1598 visuri
584 1548 734 1605 sunt,
790 1555 971 1611 neque
1027 1540 1096 1594 ab
1148 1540 1403 1596 hostibus
1458 1538 1610 1593 cerni
1658 1545 1952 1608 poterunt;

354 1641 412 1688 et
447 1631 672 1698 quando
732 1645 845 1683 uno
905 1637 1000 1683 aut
1034 1627 1266 1682 dimidio
1295 1627 1460 1696 signo
1511 1625 1699 1679 hostes
1746 1622 1950 1676 abfue-

357 1726 491 1787 rint,
526 1724 592 1778 ad
624 1722 985 1779 excelsiorem
1016 1722 1197 1775 locum
1235 1721 1528 1783 ducantur,
1565 1725 1624 1773 ut
1656 1715 1951 1785 conﬂigere

360 1817 575 1889 possint
611 1816 933 1887 priusquam
961 1815 1150 1869 animo
1181 1814 1438 1880 deﬁcere,
1473 1819 1567 1867 aut
1595 1812 1953 1882 languescere

361 1909 653 1980 incipiant.

434 2001 524 2056 10.
579 2000 675 2055 Sin
716 2001 840 2056 talis
878 1999 1036 2055 locus
1089 2014 1194 2054 non
1228 1998 1565 2063 inveniatur,
1608 1994 1705 2051 sed
1736 1994 1952 2050 eminus
2028 1984 2033 1987 ’

361 2097 553 2152 hostes
602 2097 872 2152 exercitui
930 2108 1024 2151 tuo
1078 2104 1406 2165 appareant,
1451 2092 1627 2163 copiis
1684 2092 1793 2144 tuis
1840 2090 1954 2157 ipsa

360 2188 420 2242 in
474 2186 593 2241 acie
638 2188 927 2242 instructis
983 2186 1159 2249 (lices,
1208 2200 1317 2239 non
1375 2184 1683 2247 hominum,
1729 2179 1821 2236 sed
1867 2178 1957 2249 ju-

358 2288 671 2333 mentorum
701 2286 870 2348 atque
924 2277 1452 2348 impedimentorum
1486 2275 1558 2330 ibi
1594 2285 1956 2346 permagnum

357 2385 483 2427 esse
530 2385 826 2426 numerum
840 2410 853 2422 .

431 2462 520 2516 Η.
562 2462 619 2516 Si
671 2462 923 2517 hostibus
968 2460 1149 2515 adhuc
1208 2460 1390 2514 minus
1431 2456 1721 2513 instructis
1751 2454 1957 2510 adoriri

361 2569 459 2609 eos
506 2562 673 2625 atque
727 2552 991 2608 invadere
1046 2559 1227 2622 potes,
1285 2551 1468 2621 majus
1515 2548 1780 2604 damnum
1847 2548 1959 2602 illis

367 2645 557 2701 facies.

439 2736 528 2791 12.
573 2736 813 2791 Omnino
846 2744 1029 2790 autem
1068 2734 1236 2791 semel
1269 2743 1435 2804 atque
1469 2734 1667 2788 iterum
1695 2732 1959 2798 consiste,

366 2825 590 2897 quando
616 2827 681 2879 ad
723 2826 960 2897 spatium
1001 2828 1187 2882 unius.
1222 2833 1316 2879 aut
1360 2825 1597 2878 duorum
1639 2823 1959 2877 milliarium

365 2920 436 2975 ab
472 2919 720 2974 hostium
772 2920 893 2974 acie
941 2927 1070 2975 ante
1112 2919 1316 2973 bellum
1352 2918 1550 2978 distas,
1588 2924 1648 2970 ut
1683 2915 1961 2970 exercitus

368 3019 501 3065 tuus
561 3012 713 3065 varie
768 3011 1097 3074 instruatur,
1156 3018 1215 3065 ut
1266 3025 1337 3064 ne
1379 3024 1607 3064 securos
1660 3024 1721 3063 se
1770 3015 1963 3077 putent

367 3104 587 3168 hostes,
628 3104 758 3173 quia
795 3120 894 3174 per
928 3105 1308 3174 exploratores
1349 3111 1571 3158 nostras
1612 3101 1803 3171 copias
1833 3111 1962 3156 ante

264 3208 267 3211 '
368 3203 772 3262 cognoverunt,
803 3207 859 3251 et
901 3205 1095 3251 contra
1142 3208 1238 3249 eas
1270 3193 1475 3264 aliquid
1507 3192 1810 3247 molitionis
1845 3206 1961 3246 rna-

369 3286 580 3341 chinati
621 3294 770 3341 sunt.

454 3375 540 3435 15.
582 3376 638 3432 Si
682 3377 955 3448 pedestris
996 3378 1277 3435 exercitus
1327 3393 1439 3433 non
1484 3376 1671 3444 fuerit,
1714 3378 1960 3433 militum

370 3481 596 3535 pueros,
627 3468 679 3521 id
729 3476 836 3535 est,
884 3467 1245 3523 administros
1297 3467 1354 3521 in
1406 3468 1608 3523 castris
1661 3469 1963 3537 relinques,

370 3566 426 3611 et
466 3572 561 3626 per
595 3558 919 3612 universum
968 3566 1280 3613 castrorum
1329 3558 1593 3612 ambitum
1639 3556 1707 3623 ad
1762 3557 1964 3613 fossam

368 3648 795 3704 custodiendam
828 3649 1171 3712 dividantur,
1198 3649 1480 3718 armisque
1502 3649 1820 3707 interiorem
1848 3650 1966 3718 ejus

372 3750 587 3810 partem
640 3742 913 3806 muniant,
967 3742 1083 3796 sive
1121 3742 1364 3811 sagittis,
1415 3742 1533 3797 sive
1566 3742 1790 3812 jaculis,
1853 3743 1970 3797 sive

369 3831 546 3887 funda
596 3834 848 3899 valeant;
896 3850 1003 3887 una
1038 3850 1260 3905 quoque
1308 3834 1510 3890 cohors
1546 3849 1671 3889 cum
1710 3833 1822 3889 illis
1867 3850 1969 3889 ex-

371 3925 569 3979 cubias
606 3932 752 3993 aget,
795 3932 1097 3994 portasque
1128 3934 1446 3980 castrorum
1511 3932 1679 3994 atque
1725 3922 1971 3978 universi

374 4016 618 4071 ambitus
681 4016 965 4084 defendet,
1007 4033 1153 4074 unus
1194 4017 1319 4074 istis
1364 4016 1659 4088 pra:l'ectus
1706 4016 1972 4071 honestus

373 4118 540 4178 atque
579 4109 815 4179 integer.

455 4197 538 4251 t4.
583 4199 769 4269 Neque
818 4199 1033 4254 tuldum
1088 4186 1271 4256 tecum
1317 4201 1373 4256 in
1418 4200 1535 4255 acie
1586 4198 1970 4264 circumferas,

376 4289 424 4345 si
480 4290 641 4346 aliter
684 4291 799 4346 fieri
843 4294 1085 4362 poterit;
1147 4305 1398 4363 prompta
1440 4293 1588 4348 enim
1662 4303 1826 4363 atque
1873 4306 1972 4345 ex-

1992 3255 2040 3317 C

2120 892 2186 948 θ.
2232 894 2357 947 Ἐὰν
2383 894 2457 961 ίδέ
2492 893 2660 957 πολύς
2705 894 2854 946 ἐστιν
2902 894 2930 945 ὁ
2979 892 3089 945 τῶν
3124 890 3337 962 ἐχθρῶν
3386 889 3645 963 στρατὸς,

2049 988 2144 1041 καὶ
2196 987 2287 1043 διά
2338 987 2545 1059 πλῆθος
2594 987 2806 1055 ἀλόγων
2866 986 2898 1055 ἧ
2950 984 3162 1055 ἀνδρῶν
3213 984 3427 1055 κόμπος
3472 984 3646 1054 ἧγουν

2049 1080 2446 1149 ὲξωγκωμένος
2500 1080 2780 1148 φαίνεται,
2854 1078 2928 1148 μὴ
2988 1078 3283 1147 ἑπιτήδευε
3340 1075 3506 1139 εὐθὺς
3560 1076 3647 1137 εις

2051 1173 2255 1244 ὑψηλὸν
2298 1174 2464 1230 τόπον
2508 1173 2601 1227 τὸν
2665 1173 2899 1243 στρατὸν
2955 1170 3177 1225 τάσσειν
3245 1168 3485 1240 μηκόθεν
3534 1167 3649 1221 τῶν

2050 1269 2261 1340 ἐχθρῶν
2288 1268 2483 1334 ὄντων,
2518 1269 2608 1323 ἵνα
2646 1267 2722 1340 μὴ
2746 1269 2812 1338 τῇ
2849 1267 2949 1338 θέᾳ
2978 1265 3072 1320 τοῦ
3103 1265 3343 1335 πλήθους
3368 1279 3649 1334 προκαται

2048 1363 2493 1434 λαμϐανομένους
2528 1362 2775 1432 δειλιάσῃ
2824 1359 3159 1430 προχείρως,
3206 1358 3325 1411 ἀλλ’
3374 1359 3431 1410 ὲν
3466 1357 3651 1411 κοιλο-

2048 1457 2191 1528 τέρῳ
2227 1458 2382 1526 τόπῳ
2423 1455 2595 1510 τάσσε
2657 1454 2877 1516 αὐτοὺς,
2919 1452 3119 1507 ὁπόθεν
3148 1452 3272 1505 οὐδὲ
3330 1450 3649 1519 κατοπτεύῃ

2048 1550 2175 1612 τοὺς
2232 1548 2486 1619 ἐχθροὺς,
2546 1546 2670 1600 οὐδὲ
2719 1544 3026 1615 καθορᾶται
3085 1543 3191 1597 ὑπὸ
3250 1541 3363 1595 τῶν
3411 1540 3647 1612 ἐχθρῶν.

2057 1644 2169 1696 Καὶ
2223 1642 2355 1695 ὅταν
2411 1641 2445 1711 ἢ
2502 1640 2609 1693 ἀπὸ
2648 1638 2768 1701 ἑνὸς
2838 1636 2872 1707 ἢ
2938 1638 3049 1690 ἀπὸ
3104 1636 3353 1705 ἡμίσεως
3411 1632 3651 1703 σημείου

2059 1735 2326 1803 γένωνται
2372 1735 2422 1787 οἱ
2474 1731 2683 1804 ἐχθροὶ,
2717 1730 2842 1783 τότε
2892 1732 2949 1782 ὲν
2999 1728 3081 1799 τῷ
3129 1727 3254 1798 ὕψει
3306 1726 3496 1797 φέρειν
3554 1724 3652 1776 τὸν

2063 1826 2314 1898 στρατὸν,
2388 1827 2477 1880 ἵνα
2525 1825 2657 1896 πρὶν
2710 1823 2957 1893 ammon
3005 1823 3038 1893 ἡ
3100 1818 3350 1891 συμϐολὴ
3402 1818 3646 1889 γένηται.

2130 2010 2182 2064 ι’.
2210 2010 2271 2063 Εἰ
2296 2010 2353 2064 δὲ
2389 2010 2463 2079 μὴ
2488 2008 2806 2079 εὑρίσκεται
2831 2006 2996 2068 τόπος
3026 2003 3294 2066 τοιοῦτος.
3320 2002 3456 2055 ἀλλά
3480 2001 3655 2072 μήκο-

2056 2103 2151 2155 θεν
2183 2103 2235 2155 οἱ
2279 2103 2467 2173 ἐχθροὶ
2493 2101 2569 2171 τῷ
2642 2098 2859 2169 στρατῷ
2913 2095 3220 2165 φαίνονται,
3283 2094 3517 2164 πρόλεγε
3570 2092 3655 2161 τῷ

2058 2192 2276 2263 στρατῷ
2302 2196 2359 2246 ὲν
2390 2194 2528 2265 αὐτῇ
2562 2195 2629 2263 τῇ
2658 2191 2984 2261 παρατάξει,
3012 2190 3094 2241 ὅτι
3125 2187 3340 2254 ἀλόγων
3368 2185 3401 2255 ἢ
3428 2185 3656 2239 τούλδου

2058 2288 2262 2360 πλῆθός
2287 2289 2401 2341 ἐστι
2417 2288 2479 2341 τὺ
2517 2287 2865 2357 φαινόμενον,
2884 2284 2979 2338 καὶ
2999 2284 3099 2337 οὐκ
3118 2279 3425 2353 ἀνθρώπων
3450 2281 3651 2351 μόνων.

2133 2473 2223 2531 ια’.
2268 2476 2396 2529 Ὲάν
2421 2474 2481 2527 δέ
2508 2489 2591 2526 σοι
2612 2471 2853 2527 δυνατόν
2892 2472 3042 2524 ἐστιν
3074 2469 3170 2523 καὶ
3203 2468 3311 2539 προ
3342 2467 3438 2521 τοῦ
3467 2484 3657 2537 παρα.-

2058 2567 2327 2634 τάξασθαι
2357 2567 2485 2630 τοὺς
2528 2566 2829 2637 πολεμίους
2864 2563 3166 2634 συμϐαλεῖν
3198 2562 3383 2625 αὐτοῖς
3413 2560 3496 2614 ἔτι
3522 2561 3663 2615 ἀσυ-

2063 2661 2280 2721 στάτοις
2308 2654 2481 2723 οὖσιν,
2519 2659 2724 2728 μᾶλλον
2763 2657 2963 2719 αὐτοὺς
2996 2654 3199 2725 βλάψαι
3242 2653 3485 2723 ἰσχύσεις

2136 2751 2222 2822 ιβ’.
2259 2750 2486 2815 Πάντως
2510 2752 2569 2804 δὲ
2597 2750 2656 2805 ἓν
2694 2750 2727 2819 ἢ
2759 2750 2854 2804 καὶ
2881 2748 3139 2818 δεύτερον
3159 2746 3251 2817 ἔχε
3288 2745 3365 2809 ὡς
3398 2745 3508 2798 ἀπὸ
3534 2744 3663 2809 ἑνὸς

2063 2845 2095 2915 ἦ
2131 2843 2387 2913 δευτέρου
2434 2842 2613 2913 μιλίου
2644 2844 2745 2913 τῆς
2778 2838 3147 2911 παρατάξεως
3201 2836 3309 2907 πρὸ
3364 2834 3461 2890 τοῦ
3492 2835 3660 2888 πολέ-

2068 2954 2170 3006 μου
2219 2936 2277 2987 ὲν
2336 2938 2447 3006 ὅσῳ
2481 2937 2744 2989 τάσσεται
2795 2936 2825 2988 ὁ
2880 2931 3139 3004 στρατὸς.
3219 2929 3306 2982 ἵνα
3355 2928 3430 3000 μὴ
3474 2929 3665 2983 ἄδειαν

2065 3028 2265 3098 ἔχωσιν
2299 3030 2349 3080 οί
2380 3028 2634 3097 πολέμιοι
2666 3027 2772 3097 πρὸ
2804 3026 2905 3096 τῆς
2938 3025 3121 3095 μάχης
3152 3024 3525 3078 κατασκοπεῖν
3558 3021 3663 3092 τὴν

2064 3121 2242 3187 τάξιν,
2274 3121 2369 3174 καὶ
2395 3119 2716 3189 σοφίζεσθαι
2744 3117 2869 3172 κατ’
2888 3117 3081 3185 αὐτῆς.

2140 3383 2230 3451 ιγ’.
2265 3382 2377 3435 Καὶ
2409 3383 2502 3436 ἐὰν
2529 3382 2751 3448 πεζικὸς
2774 3383 2874 3436 οὐκ
2898 3381 3013 3436 ἔστι
3037 3382 3289 3451 στρατὸς,
3313 3380 3443 3445 τοὺς
3465 3379 3667 3443 παῖδας

2065 3476 2176 3529 τῶν
2196 3477 2567 3544 στρατιωτῶν,
2590 3476 2711 3546 ἦτοι
2744 3476 2870 3538 τοὺς
2888 3473 3246 3537 δουλεύοντας
3269 3474 3476 3538 αὐτοῖς,
3505 3491 3665 3526 κατοι-

2066 3565 2306 3636 λίμπανε
2324 3566 2466 3619 ὥστε
2488 3564 2907 3637 διαμερίζεσθαι
2956 3565 3023 3618 δι’
3051 3564 3175 3618 ὅλου
3202 3564 3299 3617 τοῦ
3336 3564 3394 3617 ὲν
3416 3563 3493 3633 τῷ
3529 3579 3666 3631 φοσ-

2070 3658 2218 3729 σάτῳ
2253 3657 2519 3712 ἀπλίκτον
2578 3658 2811 3719 ἕκαστον
2860 3656 2988 3729 περὶ
3022 3655 3121 3728 τὴν
3150 3656 3260 3711 ἔσω
3288 3656 3501 3728 τάφρον
3525 3654 3668 3727 μετὰ

2069 3750 2274 3815 ὅπλων,
2297 3749 2411 3803 εἴτε
2454 3749 2697 3814 τοξεύειν
2724 3749 3002 3817 δύνανται,
3053 3749 3165 3803 εἴτε
3194 3750 3521 3814 ἀκοντίζειν,
3553 3748 3669 3800 εἴτε

2071 3844 2368 3914 σφενδονᾷν
2397 3861 2410 3875 ·
2464 3842 2604 3897 ἀλλά
2654 3843 2749 3896 καὶ
2809 3842 2869 3895 ἓν
2920 3842 3116 3913 βάνδον
3180 3842 3321 3912 μετὰ
3376 3842 3558 3897 αὐτῶν
3606 3840 3673 3895 τὸ

2070 3935 2290 4006 ὀφεῖλον
2346 3925 2648 4006 βιγλεύειν,
2700 3934 2929 3999 καὶτὰς
2985 3935 3196 4003 πόρτας
3242 3934 3338 3987 τοῦ
3393 3934 3671 4003 φοσσάτου

2074 4029 2395 4098 φυλάττειν,
2425 4029 2595 4099 ἤγουν
2621 4027 2718 4081 τοῦ
2760 4025 3216 4099 περιφραγμένου
3250 4025 3539 4091 ἁπλίκτου,
3567 4025 3665 4079 καὶ

2070 4122 2321 4193 ἄρχοντα
2350 4122 2407 4175 δὲ
2438 4122 2714 4193 χρήσιμον
2744 4120 2838 4174 τοῦ
2868 4119 2995 4174 ὅλου
3018 4119 3267 4173 τοιούτου
3298 4119 3598 4189 φοσσάτου.

2153 4214 2236 4269 ιδ’.
2277 4214 2568 4284 Μηδέποτε
2597 4213 2821 4268 τοῡλδον
2852 4194 2946 4265 ἐπὶ
2978 4211 3345 4283 παρατάξεως
3370 4211 3665 4281 περίφερε,

2078 4309 2127 4362 εί
2189 4305 2415 4360 δυνατόν
2458 4306 2633 4357 ,ἐστι’
2705 4302 2802 4357 καὶ
2870 4303 2980 4374 γὰρ
3029 4303 3248 4372 ἕτοιμον
3302 4302 3415 4366 τοῖς
3458 4301 3673 4373 ἐχθροῖς

374 4380 555 4451 posita
604 4381 860 4439 hostibus
892 4385 1075 4453 praeda
1118 4392 1224 4453 est,
1266 4386 1312 4440 si
1346 4386 1400 4440 in
1436 4384 1581 4440 bello
1612 4398 1736 4440 esse
1776 4382 1973 4436 adver-

378 4483 550 4571 tatur.
587 4568 639 4571 μ
815 4568 828 4571 Δ
876 4568 887 4571 Δ
1156 4570 1162 4571 7
1214 4569 1223 4571 ᾗ
1303 4569 1313 4571 ξ
1428 4570 1437 4571 7
1646 4568 1658 4571 Δ
1860 4568 1909 4571 Η
2010 4512 2054 4571 1)

453 4569 543 4623 15.
583 4568 643 4623 Si
694 4568 1068 4639 proficiscenti
1129 4569 1227 4625 tibi
1283 4569 1355 4625 de
1426 4568 1729 4640 improviso
1788 4568 1964 4626 subita

2154 4579 2239 4630 ιε’.
2276 4571 2403 4627 Ἐὰν
2434 4572 2643 4642 μέντοι,
2671 4571 2747 4635 ὡς
2778 4571 2946 4636 εἰκὸς,
2984 4570 3393 4640 ὁδοιποροῦντός
3426 4586 3521 4622 σου
3555 4568 3677 4623 a66-

379 4660 624 4716 hosu'um
683 4660 929 4716 incursio
965 4660 1156 4726 fuerit,
1188 4676 1369 4731 neque
1411 4662 1616 4716 castris
1658 4660 1796 4715 satis
1823 4675 1964 4716 com-

2079 4680 2248 4737 κητος
2280 4664 2569 4728 ὲπέλευσις
2611 4661 2763 4732 παρὰ
2799 4662 2907 4715 τῶν
2969 4660 3180 4731 ἐχθρῶν
3207 4661 3455 4731 γένηται,
3487 4661 3579 4715 καὶ
3611 4661 3675 4714 οὐ

381 4753 543 4809 mode
593 4760 649 4810 et
695 4763 813 4810 tuto
848 4755 902 4809 in
935 4756 1057 4810 loco
1099 4756 1315 4810 tuldum
1349 4769 1555 4826 ponere
1588 4755 1821 4824 poteris,
1857 4766 1964 4810 tum

2079 4757 2294 4829 φθάσῃς
2328 4754 2663 4810 ἀπλικεῦσαι
2709 4755 2805 4808 καὶ
2844 4754 3255 4824 ἀσφαλίσασθαι
3313 4753 3373 4806 τὸ
3430 4754 3675 4818 τοῦλδον,

379 4845 633 4901 dextrum
681 4845 749 4900 ad
807 4847 952 4903 latus
989 4845 1243 4903 secunda:
1292 4847 1431 4902 aciei
1485 4847 1819 4917 obliquabis,
1862 4849 1964 4904 ibi-

2074 4850 2207 4903 τότε
2250 4848 2386 4918 φέρε
2433 4846 2568 4901 αὐτὸ
2617 4847 2764 4901 κατὰ
2820 4845 2917 4899 τοῦ
2956 4845 3137 4913 δεξιοῦ
3174 4845 3376 4917 μέρους
3411 4847 3476 4899 ὲκ
3534 4847 3679 4899 πλα-

379 4954 490 5008 que
539 4955 704 4994 unam
750 4947 806 4995 et
860 4941 1091 4998 alteram
1135 4942 1447 5008 cohortem,
1486 4956 1609 5012 quae
1666 4957 1737 4998 ex
1778 4957 1964 5012 super-

2079 4942 2200 5011 γὲου
2228 4942 2329 5011 τῆς
2359 4941 2622 5012 δευτέρας
2652 4939 3040 5011 παρατάξεως,
3072 4939 3167 4992 καὶ
3205 4941 3322 4993 ἐκεῖ
3355 4939 3547 5003 τάσσε,
3581 4939 3681 4993 καὶ

381 5029 509 5086 ﬂuis
567 5029 884 5086 hominibus
951 5040 1057 5097 est,
1110 5030 1181 5086 ad
1237 5030 1359 5101 ejus
1412 5030 1726 5088 custodiam
1786 5046 1964 5102 aegret

2074 5033 2189 5105 ἒνῆ
2216 5031 2470 5103 δεύτερον
2501 5030 2691 5103 βάνδον
2746 5033 2810 5084 ἐκ
2841 5030 2953 5083 τῶν
2985 5028 3264 5100 περισσῶν
3290 5030 3371 5093 εἰς
3415 5045 3679 5099 παραφυ-

384 5118 568 5187 gabis.

2076 5126 2254 5197 λακὴν
2294 5124 2461 5179 αὐτοῦ
2495 5124 2751 5195 ἀφόριξε.

454 5213 546 5267 16.
588 5215 647 5272 Si
699 5216 914 5271 nullum
966 5215 1237 5288 jumentis
1291 5216 1602 5287 repositum
1663 5216 1721 5272 in
1778 5216 1964 5272 castris

2150 5217 2251 5285 ις’.
2294 5218 2424 5273 Ἐὰν
2461 5218 2520 5271 δὲ
2547 5218 2622 5290 μὴ
2654 5218 2869 5289 ἔτυχον,
2907 5217 2984 5281 ὡς
3015 5217 3263 5289 εἴρηται,
3294 5216 3681 5289 προαποθέμε-

382 5306 647 5373 pabulum
689 5310 954 5374 habeant,
1003 5309 1126 5380 ipso
1171 5309 1303 5365 belli
1340 5309 1435 5366 die
1484 5310 1703 5366 caeteris
1752 5308 1829 5363 ad
1863 5309 1964 5364 hel-

2079 5328 2161 5368 vo:
2190 5311 2386 5383 χόρτον
2421 5311 2518 5364 καὶ
2548 5312 2607 5363 ὲν
2660 5311 2801 5382 αὐτῇ
2830 5312 2899 5380 τῇ
2932 5309 3029 5364 τοῦ
3058 5309 3303 5380 πολέμου
3326 5308 3535 5381 ἡμέρᾳ,
3569 5310 3681 5362 τῶν

383 5398 513 5454 lum,
552 5400 984 5472 procedentibus
1020 5440 1038 5465 ,
1092 5401 1383 5471 palicaria,
1421 5400 1474 5457 id
1526 5411 1613 5459 est
1668 5399 1962 5456 administr

2083 5404 2262 5459 ἄλλων
2306 5401 2542 5457 ὁπλιτῶν
2595 5404 2692 5456 ἐπὶ
2731 5405 2832 5471 τὴν
2867 5402 3177 5473 παράταξιν
3232 5401 3556 5468 κινούντων,
3603 5404 3679 5456 τὰ

384 5496 625 5559 militum
662 5505 718 5552 et
760 5497 1147 5567 prefectorum
1188 5499 1506 5568 pabulatum
1567 5505 1698 5553 eant
1749 5498 1816 5553 ad
1855 5512 1964 5569 par-

2084 5496 2425 5567 παλλικάρια
2455 5494 2565 5549 τῶν
2597 5494 2950 5567 στρατιωτῶν
2978 5495 3073 5548 καὶ
3122 5494 3231 5547 τῶν
3276 5495 3557 5566 ἀρχόντων
3589 5495 3678 5549 ἵνα

384 5597 494 5643 tem
527 5604 557 5643 a
595 5596 749 5659 tergo
786 5588 923 5643 aciei
959 5590 1228 5656 relictam,
1258 5600 1314 5646 et
1355 5590 1482 5645 dum
1526 5590 1726 5645 bellum
1776 5590 1964 5659 geriun

2085 5589 2418 5659 ὲξὲρχωνται
2449 5588 2529 5651 εἰς
2579 5587 2642 5640 τὸ
2677 5588 2841 5658 μέρος
2864 5587 2924 5640 τὸ
2978 5588 3152 5639 ὀπίσω
3179 5586 3280 5656 τῆς
3310 5585 3678 5657 παρατάξεως

388 5688 662 5747 quantum
696 5690 927 5750 possunt
956 5682 1142 5751 pabuli
1180 5690 1521 5753 comparent.
1554 5681 1964 5738 Pabulatoribu:

2088 5683 2184 5737 τοῦ
2216 5684 2337 5736 ὅλου
2394 5680 2627 5753 στρατοῦ
2662 5681 2802 5752 μετά
2855 5680 3053 5749 ὀλίγων
3088 5680 3426 5752 βιγλατόρων
3477 5681 3542 5733 ὲκ
3577 5678 3674 5731 τοῦ

389 5781 574 5824 autem
637 5773 761 5827 istis
813 5774 1011 5828 dentur
1057 5774 1238 5829 banda
1286 5752 1342 5830 et
1393 5776 1548 5849 signa
1607 5774 1856 5846 quaedam
1895 5772 1964 5829 di-

2092 5775 2192 5846 τῆς
2244 5773 2601 5846 παρατάξεως
2664 5771 2865 5843 μέρους
2934 5770 3530 5841 καταλιμπανομὲνων,
3584 5752 3683 5820 καῗ

392 5860 568 5913 versis
622 5869 677 5915 et
732 5864 1063 5921 editioribus
1118 5867 1172 5920 in
1210 5868 1367 5935 locis,
1423 5879 1481 5923 ut
1528 5871 1760 5925 adverso
1794 5869 1964 5939 aliquc

2092 5866 2387 5935 συνάγουσι
2417 5866 2508 5919 τὸν
2552 5863 2829 5935 ἀρκοῦντα
2866 5863 3082 5933 χόρτον,
3116 5864 3171 5917 ἐν
3220 5864 3332 5932 ὅσῳ
3363 5864 3391 5916 ὁ
3439 5860 3678 5931 πόλεμος

2083 4398 2283 4470 βρῶμα
2314 4397 2549 4466 γίνεται,
2578 4394 2676 4450 ἐὰν
2703 4397 2761 4449 ὲν
2792 4394 2942 4465 μάχῃ
2968 4393 3195 4464 εὑρεθῇ.
