4090 6462
298 430 405 495 853

1339 417 1673 481 TACTICA.
1714 441 1781 453 --
1823 414 2331 477 CONSTITUI'IO
2366 415 2523 473 XIV.

3488 410 3595 477 854

293 544 507 610 γίνεται
532 551 549 569 ο
576 538 690 600 τοῖς
718 536 775 589 δὲ
802 531 1226 607 χορτολογοῦσιν
1254 532 1464 604 ὁρίσεις
1487 531 1713 599 δοθῆναι
1760 528 1889 599 eam.

2000 541 2126 581 casu
2162 525 2483 595 incidente,
2533 524 2785 581 revocari
2824 523 2935 579 illis
2969 525 3207 595 possint,
3232 535 3285 579 et
3308 513 3382 579 ad
3408 538 3592 580 castra

294 633 360 686 δα
380 630 480 684 καὶ
511 624 847 700 σημειώσεις
872 628 936 677 ἐν
976 623 1333 694 ὑψηλοτέροις
1355 623 1548 685 τόποις
1572 622 1669 677 καὶ
1700 620 1889 688 διαφόο

296 740 438 797 ροις,
472 720 616 774 ὥστε
676 717 924 775 ἐναντίου
962 717 1109 778 τινὸς
1128 714 1522 785 συμϐαίνοντος
1556 715 1617 766 τὸ
1651 711 1891 782 ἀνακλη-

296 817 453 870 τιτῶν
482 812 623 884 πρδς
649 812 964 882 συνήθειαν,
1010 810 1133 863 τότε
1182 810 1494 880 ἀναχωρεῖν
1538 809 1740 872 αὐτοὺς
1768 807 1891 877 δρο-

298 907 500 979 μαίως,
534 906 633 963 καὶ
668 906 764 958 ἐπὶ
791 905 854 957 τὸ
886 903 1157 972 φοσσάτον
1200 902 1494 967 σώζεσθαι,
1543 901 1632 954 ’ίνα
1679 901 1755 973 μὴ
1785 901 1891 965 ἔξω

302 997 768 1053 ἀποκλεισθῶσιν.
802 996 975 1050 Τοῦτο
1018 997 1078 1050 δὲ
1112 996 1410 1065 ἀναγκαῖόν
1440 997 1558 1049 ιστι
1606 994 1889 1061 γενέσθαι,

295 1090 388 1144 διὰ
446 1089 509 1142 τὸ
560 1087 762 1157 ἄδηλον
794 1088 896 1157 τῆς
930 1087 1247 1151 ἐκϐάσεως.
1291 1087 1423 1141 Ἐάν
1461 1086 1574 1155 γὰρ
1626 1085 1890 1148 ἐναντίως

296 1179 491 1250 ἐξέλθῃ
532 1180 595 1232 τὸ
660 1180 918 1250 πρᾶγμα,
973 1179 1222 1249 δαπάνην
1284 1178 1501 1249 ἔχοντες
1535 1177 1631 1231 καὶ
1672 1175 1890 1230 ἑαυτῶν

297 1273 394 1328 καὶ
429 1272 543 1326 τῶν
576 1271 790 1339 ἀλόγων
819 1273 868 1325 οἱ
902 1271 1235 1342 στρατιῶται
1268 1271 1480 1341 ταχέως
1525 1270 1725 1332 αὐτοὺς
1750 1268 1891 1340 πρὸς

292 1364 360 1419 τὸ
385 1364 773 1435 ἀναμάχεσθαι
824 1364 1244 1431 ἀνακαλοῦνται,
1274 1365 1447 1435 ἦγουν
1476 1365 1573 1418 καὶ
1601 1364 1763 1418 πάλιν
1788 1381 1890 1417 πο·-

294 1459 542 1531 λεμῆσαι
600 1460 695 1512 καὶ
725 1458 974 1528 νικῆσαι.
1006 1460 1077 1512 ’Ἡ
1111 1460 1161 1512 εί
1196 1460 1271 1530 μὴ
1308 1459 1490 1525 τοῦτο,
1521 1457 1723 1520 εὐθέως
1753 1458 1886 1510 ἀνα-

296 1554 645 1625 χωρήσουσιν
671 1551 811 1621 μετὰ
851 1551 1082 1617 τάξεως,
1118 1552 1200 1604 ἐτι
1224 1552 1281 1604 ἐν
1303 1550 1533 1623 δυνάμει
1563 1550 1673 1603 τῶν
1706 1550 1892 1603 ἵππων

294 1644 483 1699 αὐτῶν
534 1642 965 1715 εὑρισκομένων,
1023 1643 1154 1713 πρὶν
1185 1642 1217 1713 ἢ
1258 1642 1327 1697 τά
1355 1659 1415 1695 τε
1446 1641 1557 1696 τῶν
1585 1638 1892 1710 ἀνθρώπων

295 1735 634 1805 φρονήματα
666 1734 762 1787 ἐπὶ
787 1733 953 1789 πλέον
982 1735 1362 1799 καταπέσωσι,
1417 1733 1513 1787 καὶ¹
1546 1731 1743 1788 αἰτῶν
1796 1731 1892 1785 επ-

1992 631 2156 675 carsu
2204 618 2565 682 contendam,
2625 624 2684 671 ut
2738 633 2806 672 ne
2856 618 3320 683 intercludantur,
3371 619 3465 673 sed
3524 620 3595 672 ab

1994 707 2240 763 hostium
2316 710 2519 779 impetu
2589 718 2901 767 serventur.
2956 709 3073 765 Hoc
3120 719 3345 782 propter
3395 714 3595 767 incerti

1994 803 2124 859 belli
2147 814 2404 860 eventum
2445 805 2563 861 ﬁeri
2589 806 2773 861 debet.
2803 806 2861 860 Si
2897 807 3043 862 enim
3071 807 3362 861 adversum
3387 806 3593 876 aliquid

1994 897 2291 964 ceciderit,
2330 906 2700 953 commeatum
2737 910 2789 954 et
2822 900 3085 969 pabulum
3120 900 3172 953 iu
3204 909 3457 970 prooiptu
3494 900 3596 953 mi-

1995 986 2123 1043 lites
2167 989 2215 1043 si
2266 990 2527 1054 habeant,
2575 991 2643 1043 ad
2694 1006 2935 1061 pugnam
3002 991 3162 1045 facile
3222 993 3408 1045 statim
3463 1006 3592 1060 pro-

1994 1082 2189 1144 deunt,
2216 1090 2271 1136 et
2293 1079 2651 1137 oﬂensionem
2686 1092 2966 1151 acceptam
2990 1083 3230 1136 bellandi
3260 1084 3593 1137 strenuitate

1994 1173 2352 1228 resarciunt:
2391 1174 2475 1227 vel
2533 1173 2580 1227 si
2628 1172 2683 1227 id
2735 1174 2920 1229 minus
2964 1174 3177 1229 efficere
3220 1176 3454 1245 possint,
3507 1176 3594 1229 iu-

1997 1294 2170 1361 tegris
2200 1292 2379 1362 cepiis
2404 1298 2571 1361 atque
2613 1290 2886 1347 instructa
2914 1293 3052 1357 acie,
3080 1292 3208 1346 dum
3251 1293 3432 1347 adhuc
3466 1294 3594 1363 equi

2001 1386 2145 1441 ﬁrmi
2176 1396 2326 1452 sunt,
2370 1386 2652 1452 recedant,
2684 1387 3005 1458 priusquam
3031 1387 3113 1441 vel
3139 1388 3307 1440 animi
3343 1387 3593 1457 equitum

1999 1480 2176 1550 magis
2236 1479 2643 1534 labefactentur
2696 1479 2889 1549 :quod
2951 1478 3113 1533 facile
3171 1494 3272 1533 usu
3325 1479 3493 1543 venit,
3550 1478 3595 1532 si

1998 1576 2343 1623 commeatus
2372 1569 2423 1621 in
2453 1578 2708 1638 promptu
2737 1584 2846 1621 non
2884 1567 3073 1621 fuerit.
3102 1565 3236 1620 Nam
3275 1576 3398 1637 post
3421 1566 3596 1621 offen-

1999 1662 2210 1716 sionem
2246 1660 2373 1715 belli
2421 1676 2584 1715 nemo
2610 1661 2933 1730 pabulatum
2971 1660 3191 1731 prodire
3228 1659 3412 1723 audet,
3438 1662 3598 1728 equi-

1998 1766 2106 1823 que
2138 1751 2615 1809 famelaborantes
2662 1767 2917 1823 magnam
2951 1753 3283 1806 anxietatem
3327 1752 3599 1807 militibus

293 1843 418 1880 πων
476 1825 767 1897 δυνάμεις.
811 1827 992 1897 Ὅπερ
1046 1826 1306 1895 γενέσθαι
1357 1825 1605 1888 δύναται,
1667 1824 1765 1878 ἐὰν
1809 1824 1887 1893 μή

2001 1842 2256 1912 injiciunt
2291 1860 2304 1896 :
2338 1844 2473 1898 utile
2508 1854 2690 1899 autem
2723 1859 2787 1897 ac
2840 1844 3085 1899 salutare
3132 1843 3428 1897 consilium
3474 1846 3596 1912 capi

293 1921 453 1972 ἐστιν
485 1919 545 1970 ἐν
572 1919 776 1989 ἑτοίμῳ
807 1919 841 1989 ἡ
869 1917 1107 1989 δαπάνη.
1149 1920 1309 1974 Μετὰ
1345 1919 1455 1987 γὰρ
1501 1913 1673 1989 ἧτταν
1711 1917 1889 1983 οὐδεὶς

293 2010 497 2083 θαρρεῖ
531 2010 856 2082 ἐξέρχεσθαι
886 2014 967 2075 εἰς
1011 2013 1279 2084 συλλογὴν
1328 2013 1547 2083 χόρτου,
1585 2013 1679 2065 καὶ
1708 2013 1758 2067 oi
1799 2012 1890 2066 ἴπ-

2000 1950 2107 1990 non
2156 1942 2356 2005 potest,
2412 1928 2595 2005 inopia
2631 1934 2794 1990 simul
2843 1949 2907 1989 ac
2958 1933 3254 1989 formidine
3296 1938 3599 2005 prementi-

1998 2026 2122 2081 bus.
2152 2023 2390 2081 Omnino
2419 2033 2600 2080 autem
2631 2024 2891 2095 pabulum
2913 2025 3292 2095 jumentorum
3323 2025 3387 2079 ad
3420 2040 3592 2079 unum

292 2122 391 2159 ¹ποι
432 2105 795 2175 λιμώττοντες
856 2107 1095 2176 ἀθυμίαν
1156 2110 1273 2170 τοῖς
1313 2108 1681 2177 στρατιώταις
1740 2125 1889 2177 παρ-

2002 2126 2167 2187 atque
2196 2117 2325 2171 item
2356 2118 2590 2170 alterum
2616 2117 2758 2170 diem
2795 2117 3095 2188 repositum
3130 2118 3390 2181 habeant,
3423 2132 3600 2189 eoque

291 2199 505 2267 άχουσι,
542 2200 640 2253 καὶ
667 2199 864 2270 βουλὴν
882 2201 1020 2270 πρὸς
1043 2202 1325 2271 συμφέρον
1346 2201 1448 2255 οὐκ
1465 2200 1583 2254 ἐστι
1612 2200 1888 2270 γενέσθαι,

2001 2210 2168 2263 etiam
2224 2210 2484 2279 amplius,
2518 2208 2563 2262 si
2599 2208 2882 2278 pastiones
2923 2224 3093 2279 prope
3133 2209 3363 2263 fuerint.

292 2288 395 2357 τῆς
425 2289 633 2353 ἐνδείας
666 2292 761 2343 καὶ
791 2292 886 2344 τοῦ
915 2292 1082 2361 φόϐου
1114 2293 1453 2364 βιαζομένων
1480 2295 1679 2364 αὑτήν.
1719 2296 1883 2350 Ἀλλά
1913 2299 2020 2370 χρὴ
2054 2300 2274 2364 πάντως
2330 2300 2426 2353 καὶ
2457 2301 2558 2371 τὴν
2598 2298 2709 2354 τῶν
2751 2299 2964 2368 ἀλόγων
3026 2300 3343 2372 ἁποτροφὴν
3415 2316 3602 2372 παρα-

296 2378 546 2433 τίθεσθαι
572 2381 766 2452 μιᾶςῆ
804 2383 897 2436 καὶ
950 2384 1209 2457 δευτέρας
1260 2386 1498 2457 ἡμέρας,
1533 2388 1584 2440 εί
1633 2388 1880 2454 δυνατὸν,
1916 2392 2012 2444 καὶ
2043 2392 2229 2459 πλέον,
2289 2393 2526 2464 μάλιστα
2579 2392 2676 2446 ἐὰν
2742 2392 2838 2445 καὶ
2896 2392 3126 2463 πλησίον
3172 2392 3267 2446 τοῦ
3327 2395 3599 2464 φοσσάτου

296 2474 439 2528 statvi
462 2474 519 2529 αἱ
546 2473 742 2545 βοσκαί
2482 2488 2483 2491 “

373 2565 460 2629 ις’.
516 2565 661 2623 Είδὲ
690 2566 834 2620 κατὰ
860 2567 962 2638 τὴν
995 2568 1221 2640 πρώτην
1268 2572 1485 2642 ἡμέραν
1537 2574 1639 2644 τῆς
1685 2576 1895 2647 συμϐο-

294 2658 400 2727 λῆς
424 2657 519 2710 τοῦ
572 2657 813 2728 πολέμου
848 2661 1069 2714 ἐναντία
1112 2662 1341 2729 ἔκϐασις
1395 2669 1895 2741 παρακολουθήσει,

295 2749 331 2804 ὃ
366 2751 442 2821 μὴ
480 2751 715 2820 γένοιτο,
759 2754 894 2823 ἡμῖν
943 2754 1043 2823 μὲν
1085 2757 1359 2822 παντοίως
1403 2762 1755 2835 άπρόσφορον
1801 2766 1898 2819 καὶ

297 2844 622 2913 ἀσύμφορον
660 2843 915 2913 φαίνεται
978 2847 1042 2898 τὸ
1114 2849 1259 2902 κατά
1310 2852 1410 2914 τὰς
1437 2854 1607 2918 αὑτὰς
1656 2858 1896 2927 ἡμέρας,

300 2938 470 3006 ἤγουν
501 2938 645 2993 κατὰ
682 2939 774 2992 τὸν
803 2941 969 2993 αὐτὸν
1010 2943 1226 3013 καιρὸν,
1274 2943 1438 2997 πάλιν
1465 2945 1603 3015 πρὸς
1633 2947 1896 3019 δημόσιον

300 3028 541 3099 πόλεμον
568 3032 893 3103 ἐγχειρῆσαι
941 3034 1069 3095 τοὺς
1118 3036 1184 3087 ἐκ
1209 3035 1310 3104 τῆς
1336 3036 1699 3107 παρατάξεως
1726 3040 1894 3110 ἡττη-

300 3120 517 3187 θέντας.
551 3123 645 3175 Διὸ
681 3123 803 3177 οὐδὲ
850 3125 1300 3196 συμϐουλεύομέν
1344 3143 1449 3192 σοι,
1488 3122 1533 3181 ὦ
1592 3131 1890 3201 στρατηγὲ,

301 3214 440 3285 πρὸς
464 3216 626 3268 τοῦτο
666 3217 1031 3285 ἐπιτηδεύειν.
1080 3219 1224 3273 Πᾶσι
1265 3220 1378 3292 γὰρ
1424 3224 1660 3276 πάντοτε
1689 3223 1887 3293 δυσχει-

2077 2573 2165 2628 l7.
2210 2571 2267 2627 Si
2310 2570 2490 2642 primo
2541 2566 2974 2624 conﬂictationis
3020 2568 3110 2623 die
3163 2569 3430 2625 adversus
3476 2565 3601 2623 belli

2001 2666 2184 2721 exitus
2256 2663 2458 2728 cadat,
2525 2654 2907 2732 quod"absit,
2972 2659 3162 2714 inutile
3232 2661 3388 2716 nobis
3442 2671 3605 2731 atque

2001 2758 2328 2812 inidoneum
2380 2768 2505 2809 esse
2562 2753 2804 2819 videtur,
2863 2753 3055 2808 eodem
3114 2753 3300 2807 statim
3362 2762 3606 2821 tempore

2003 2849 2195 2905 conari
2241 2849 2347 2902 hoc
2373 2847 2520 2916 quod
2552 2848 2820 2901 amissum
2854 2854 2939 2901 est
2976 2861 3326 2915 recuperare,
3358 2856 3410 2901 et
3445 2846 3601 2901 fusos

2002 2947 2408 3010 superatosque
2452 2938 2519 2991 ad
2561 2937 2785 3007 aliquod
2821 2938 3098 3007 publicum
3137 2940 3392 3006 prmlium
3427 2940 3604 2993 redire

2003 3035 2163 3089 velle.
2216 3032 2404 3100 Neque
2458 3028 2747 3085 vcro'boc
2799 3040 2857 3084 ut
2918 3028 3093 3085 facias
3149 3031 3444 3085 consilium
3498 3032 3597 3084 tibi

1999 3126 2185 3181 darem
2220 3143 2234 3179 :
2270 3123 2767 3195 perdiﬂicileenim
2813 3123 3078 3179 omnibus
3134 3124 3239 3177 hoc
3286 3132 3392 3185 est,
3425 3139 3605 3193 neque

2002 3223 2189 3275 statim
2261 3216 2495 3272 oll‘ensio
2559 3223 2787 3286 accepta
2842 3213 3072 3269 refutari
3132 3221 3331 3283 potest.
3395 3212 3601 3267 Rarum

305 3307 399 3378 ρές
423 3310 540 3362 ἐστι
571 3308 753 3375 τοῦτο,
783 3311 879 3363 καὶ
919 3310 1099 3375 οὐδεὶς
1132 3312 1325 3367 εἴωθεν
1356 3314 1556 3379 εὐθέως
1586 3316 1685 3378 τὰς
1723 3318 1893 3386 ἥττας

2000 3323 2179 3365 autem
2229 3309 2335 3363 hoc
2373 3316 2480 3374 est,
2536 3313 2591 3362 et
2649 3304 2917 3361 Romanis
2980 3305 3331 3360 inusitatum.
3418 3305 3605 3375 Itaque

300 3397 706 3468 ἀναμάχεσθαι.
761 3400 997 3454 Σπάνιον
1031 3402 1142 3472 γάρ
1202 3402 1383 3470 τοῦτο,
1429 3406 1527 3459 καὶ
1601 3404 1895 3477 Ῥωμαίοις

300 3489 592 3545 ἀνοίκειον.
621 3492 787 3544 Ὥστε
819 3495 870 3545 εί
904 3495 998 3547 καὶ
1020 3495 1249 3563 σφάλμα
1279 3497 1764 3571 παρακολουθήσῃ,
1796 3500 1895 3553 καὶ

306 3582 519 3641 ἱλπίσει
544 3584 575 3637 δ
606 3585 914 3655 στρατηγὸς
939 3585 1101 3639 τοῦτο
1131 3587 1219 3640 διὰ
1253 3589 1353 3659 τῆς
1391 3589 1653 3661 δευτέρας
1710 3591 1896 3663 μάχης

302 3674 465 3727 τοῦτο
482 3673 853 3746 διορθοῦσθαι,
883 3677 986 3729 οὐκ
1039 3676 1188 3730 ἐστιν
1225 3680 1413 3734 ἱκανὸν
1440 3682 1503 3733 τὸ
1558 3681 1768 3752 πλῆθος
1795 3684 1896 3753 τὴν

303 3764 488 3818 αἰτίαν
511 3765 873 3834 διαγινῶσκον
928 3769 1251 3839 προαιρέσει
1278 3772 1360 3834 είς
1410 3771 1680 3842 δημοσίαν
1714 3775 1895 3845 μάχην

302 3859 512 3922 εὐθέως
566 3860 743 3914 ἐλθεῖν
766 3877 783 3894 ο
814 3862 889 3925 ὡς
928 3862 1040 3934 γὰρ
1099 3865 1163 3917 ἐκ
1212 3864 1364 3928 θείας
1402 3866 1588 3937 ψήφου
1627 3866 1803 3932 οὕτως
1835 3868 1897 3921 τὸ

302 3952 663 4022 ἀποτέλεσμα
694 3952 987 4025 δεχόμενον
1019 3957 1079 4009 ἐν
1109 3956 1260 4030 πάσῃ
1281 3957 1455 4030 δειλίᾳ
1481 3960 1715 4027 γίνεται.
1758 3994 1761 3995 ν

378 4042 474 4117 ιη’.
513 4045 605 4097 Διὸ
628 4047 733 4116 χρή
761 4062 822 4098 σε
864 4047 1114 4119 ἀνάγκης
1152 4050 1245 4103 καὶ
1291 4052 1670 4121 περιστάσεως
1725 4055 1897 4124 χωρὶς

309 4134 387 4206 μὴ
444 4136 793 4205 ἐπιτηδεύειν
852 4139 1108 4209 φανερῶς
1154 4141 1491 4209 συμϐάλλειν
1535 4145 1717 4215 μάχην
1757 4148 1896 4215 μετὰ

303 4228 575 4301 δημοσίαν
634 4224 811 4303 ἧτταν
859 4230 949 4287 διὰ
1008 4234 1395 4304 παρατάξεως,
1448 4236 1589 4290 ἀλλὰ
1638 4239 1897 4310 δόλῳκαὶ

304 4320 493 4392 ἀπάτῃ
551 4321 823 4386 σπούδαζε
890 4325 1278 4394 καιροσκοπῶν
1325 4327 1476 4391 ὅπως
1520 4330 1894 4403 αἱφνιδιὰσῃς,

304 4414 403 4466 καὶ
426 4413 490 4467 τὸ
516 4414 584 4483 δὴ
611 4416 910 4487 λεγόμενον
941 4421 1368 4492 φυγομαχήσῃς,
1401 4422 1507 4483 ἓως
1531 4422 1600 4477 ἂν
1623 4425 1702 4486 εἰς
1723 4424 1896 4496 λήθην

302 4504 407 4574 τῆς
449 4505 658 4570 δειλίας
701 4507 921 4578 ἐκείνης
970 4509 1269 4578 γενόμενος
1297 4512 1328 4563 ό
1365 4512 1596 4582 στρατὸς
1631 4513 1896 4586 θαρρήσει

302 4596 402 4650 τοῦ
428 4598 592 4653 πάλιν
627 4599 958 4671 ποιήσασθαι
993 4600 1258 4672 συλλογὴν
1298 4603 1366 4657 δι’
1414 4605 1671 4675 εὐλόγους
1716 4609 1896 4672 αἰτίας

306 4684 570 4748 πολλάκις
646 4689 1192 4760 ἐπισυμϐαινούσας,
1247 4692 1319 4758 ἀς
1385 4696 1744 4769 ἀντιγράφειν
1797 4700 1898 4753 οὐκ

306 4774 457 4831 ἔστιν
484 4775 732 4835 εὔκολον.

379 4947 468 5007 ιθ’.
520 4953 648 5006 Ἐὰν
675 4953 730 5007 δὲ
764 4955 858 5009 καὶ
887 4956 1037 5022 ἅπαξ
1083 4958 1370 5035 θαῤῥήσῃς
1416 4963 1717 5034 ωμὸαλεῖν
1756 4967 1897 5036 μετά

305 5040 409 5111 τὴν
436 5042 715 5115 ἀποϐολὴν
744 5049 843 5116 τῆς
883 5049 1111 5117 δειλίας,
1143 5053 1227 5106 δεῖ
1272 5055 1374 5126 τὴν
1421 5058 1710 5129 πρόμαχον
1741 5062 1899 5126 τάξιν

305 5131 384 5197 ὠς
412 5138 927 5207 κατακρουσθεῐσαν
970 5144 1050 5206 τίς
1083 5144 1347 5218 δευτέραν
1382 5149 1539 5213 τάξιν
1578 5154 1779 5217 ποιεῖν,
1804 5155 1901 5207 καὶ

305 5226 409 5296 τὴν
447 5227 717 5299 δευτέραν
764 5233 844 5294 εἰς
896 5234 1188 5304 πρόμαχον
1245 5240 1387 5309 μετὰ
1432 5242 1546 5295 τῶν
1596 5246 1900 5300 ἐπιλέκτων

306 5318 615 5388 ταγμάτων
657 5322 767 5375 τῶν
797 5324 857 5378 ἐν
900 5328 965 5396 τῇ
1001 5328 1218 5400 πρώτῃ.
1273 5332 1593 5405 Μικροτέρα
1628 5337 1737 5408 γάρ
1764 5334 1901 5395 οὖσα

306 5408 407 5478 τῆς
436 5409 665 5479 πρώτης
692 5412 817 5465 καθ’
843 5415 1045 5483 ἑαυτὴν
1071 5418 1174 5471 οὐκ
1207 5419 1461 5491 ἐπαρκεί.

380 5499 451 5559 κ’.
494 5501 637 5557 Ἀλλ’
667 5504 791 5558 οὐδὲ
824 5506 1191 5577 ἐμϐραδύνων
1230 5510 1315 5564 δεῖ
1359 5514 1623 5580 ἀσκόπως
1657 5518 1750 5572 ἐπὶ
1774 5520 1897 5584 ταῖς

305 5593 581 5658 ἐναντίαις
612 5596 874 5671 ἐκϐάσεσι
914 5598 1011 5655 τοῦ
1065 5601 1331 5673 πολέμου,
1358 5608 1408 5659 εί
1458 5610 1533 5679 μή
1576 5627 1681 5663 που
1736 5610 1896 5677 ἐλπὶς

308 5687 631 5756 συμμαχίας
660 5689 694 5760 ἢ
748 5691 934 5763 ἕτερος
970 5695 1175 5766 τρόπος
1220 5696 1475 5768 βοηθείας
1502 5702 1893 5771 προσδοκᾶται,

305 5773 366 5845 ἢ,
393 5777 471 5841 ὡς
501 5779 670 5844 εἰκὸς,
699 5782 995 5855 ἀπόκρισις
1026 5788 1181 5859 παρά
1240 5788 1353 5843 τῶν
1391 5791 1605 5864 ἐχθρῶν
1657 5795 1893 5863 γίνεται,

306 5865 485 5942 ἥνπερ
531 5871 831 5942 ἀναγκαῖον
858 5875 933 5946 μὴ
988 5879 1363 5946 πουϐλικίζειν
1396 5884 1725 5958 προχείρως,
1773 5889 1887 5945 ἀλλ’

2002 3403 2170 3457 etiam
2232 3400 2278 3456 si
2333 3400 2469 3453 nihil
2529 3398 2825 3453 adversum
2882 3397 3129 3462 caderet,
3182 3399 3604 3467 speraveritque

2000 3494 2304 3561 imperator
2344 3491 2607 3545 amissam
2653 3489 2976 3560 dignitatem
3014 3489 3261 3545 secundo
3296 3490 3494 3559 proelio
3534 3506 3599 3544 se

1950 3594 1958 3602 '
2000 3593 2481 3657 recuperaturum,
2542 3582 2838 3638 multitudo
2893 3591 3077 3637 tamen
3116 3583 3354 3636 militum
3391 3583 3437 3639 si
3471 3600 3603 3637 cau-

2000 3694 2117 3734 sam
2166 3684 2488 3747 cognoscat,
2536 3675 2602 3730 ad
2640 3674 3024 3731 conserendas
3054 3690 3250 3729 manus
3296 3676 3483 3731 minus
3518 3685 3604 3732 est

2000 3769 2232 3832 habilis:
2270 3769 2361 3822 hic
2390 3768 2536 3821 enim
2577 3770 2760 3823 exitus
2802 3766 2956 3830 belli,
2987 3767 3145 3837 quasi
3173 3766 3440 3823 divinitus
3474 3778 3605 3824 ante

2000 3862 2259 3916 decretus
2304 3871 2473 3925 esset,
2509 3875 2765 3932 magnam
2802 3861 2973 3915 animi
3004 3860 3354 3917 formidinem
3389 3872 3605 3932 pertur-

2000 3954 2404 4023 bationemque
2442 3952 2676 4007 invehit.

2072 4048 2162 4102 18.
2228 4048 2423 4116 Itaque
2472 4046 2593 4101 sine
2639 4046 2791 4116 gravi
2843 4060 2907 4101 ac
2956 4047 3271 4101 necessaria
3308 4062 3499 4111 causa,
3536 4063 3603 4103 ne

2000 4143 2220 4198 coneris
2254 4156 2441 4196 coram
2498 4151 2664 4211 atque
2698 4151 2887 4214 aperte
2918 4144 3208 4199 instructis
3247 4146 3422 4215 copiis
3472 4159 3599 4199 cum

2001 4234 2158 4289 hoste
2206 4241 2332 4303 post
2382 4231 2747 4288 offensionem
2793 4233 2925 4288 belli
2970 4243 3250 4304 acceptam
3302 4235 3595 4298 dimicare,

2001 4325 2095 4381 sed
2124 4326 2256 4381 dolo
2280 4332 2446 4395 atque
2473 4333 2620 4392 astu,
2651 4326 2946 4381 occasione
2974 4341 3033 4380 se
3064 4326 3335 4382 otl‘ereute
3398 4343 3601 4383 conare

2004 4418 2131 4472 illos
2172 4418 2360 4472 subito
2414 4418 2644 4481 adoriri,
2676 4426 2732 4473 et
2767 4419 2922 4488 juxta
2972 4427 3130 4475 vetus
3174 4420 3407 4485 dictum,
3475 4429 3601 4491 post

2001 4510 2207 4581 fugam,
2238 4524 2477 4581 pugnam
2517 4510 2943 4580 redintegrab'rs,
2979 4518 3039 4565 nt
3074 4511 3136 4566 ad
3187 4516 3391 4568 veteris
3425 4514 3600 4566 oll’en—

2002 4602 2179 4658 sionis
2227 4603 2565 4657 oblivionem
2610 4603 2892 4659 exercitus
2944 4606 3148 4670 veniat,
3201 4615 3366 4674 atque
3401 4605 3596 4658 iterum

2007 4699 2158 4752 coire
2191 4698 2245 4752 in
2291 4698 2614 4752 societatem
2670 4699 3063 4764 multitudinis,
3100 4707 3155 4752 et
3190 4714 3384 4769 cogere
3428 4697 3598 4767 justis

2006 4790 2193 4846 causis
2243 4806 2390 4861 szepe
2438 4790 2641 4845 oblatis
2697 4807 2757 4845 se
2798 4791 3017 4856 audeat,
3066 4807 3203 4861 quas
3239 4806 3434 4845 omnes
3470 4806 3598 4862 pcr~

2005 4884 2250 4939 scribere
2302 4882 2461 4937 facile
2497 4883 2639 4937 baud
2684 4882 2869 4937 fuerit.
2928 4906 2949 4915 π

2081 4976 2170 5032 19.
2218 4975 2314 5030 Sin
2357 4985 2482 5046 post
2529 4976 2890 5030 offensionem
2937 4984 3220 5046 acceptam
3281 4977 3480 5032 iterum
3516 4990 3595 5032 ta-
3664 4970 3668 4975 ’

1999 5083 2127 5123 men
2165 5084 2293 5123 cum
2326 5068 2485 5123 hoste
2535 5066 2821 5137 conﬂigcs,
2854 5068 3026 5136 prima
3065 5068 3214 5123 acies
3251 5073 3407 5137 quasi
3435 5079 3594 5123 antea

2000 5160 2289 5231 profligata
2350 5159 2409 5214 in
2471 5159 2774 5214 secundam
2826 5160 2999 5213 aciem
3065 5159 3396 5215 conferenda
3448 5170 3532 5215 est
3579 5181 3591 5217 :

2000 5255 2240 5311 secunda
2286 5263 2468 5309 autent
2523 5253 2855 5324 quibusdam
2903 5269 2938 5308 e
2988 5255 3166 5324 prima
3218 5256 3335 5308 acie
3366 5255 3595 5310 delectis

2002 5348 2140 5401 viris
2174 5347 2238 5400 ad
2279 5346 2513 5415 primam
2554 5345 2899 5401 traducatur.
2939 5344 3074 5401 Nam
3108 5362 3231 5401 eum
3264 5348 3379 5402 haec
3416 5348 3595 5401 minor

2006 5437 2182 5508 prima
2225 5436 2318 5500 sit,
2364 5436 2482 5507 ipsa
2519 5453 2615 5507 per
2647 5437 2886 5509 seipsam
2929 5440 3066 5493 satis
3090 5454 3211 5493 esse
3246 5455 3353 5494 non
3392 5449 3591 5509 potest.

2074 5527 2166 5581 20.
2212 5528 2516 5585 Retardare
2542 5539 2723 5586 autem
2757 5530 2810 5584 in
2855 5530 2980 5586 belli
3004 5538 3208 5586 eventu
3251 5531 3434 5585 minus
3464 5548 3593 5602 pro-

2004 5633 2169 5691 spero
2213 5622 2357 5677 haud
2412 5624 2549 5680 utile
2602 5631 2710 5690 est,
2760 5624 2868 5680 nisi
2920 5622 3103 5695 aliqua
3146 5640 3272 5693 spes
3312 5625 3596 5681 SOciclatis

2003 5720 2105 5767 aut
2144 5712 2287 5768 alios
2334 5715 2534 5772 laedes
2583 5716 2827 5786 praesidii
2860 5724 3255 5788 exspectetur:
3301 5716 3411 5785 rel,
3448 5718 3594 5787 quod

2002 5818 2148 5874 saepe
2207 5806 2286 5870 fit,
2338 5810 2626 5878 responsio
2676 5810 2745 5865 ab
2803 5806 3055 5865 hostibus
3106 5809 3386 5877 all‘eratur,
3433 5826 3595 5881 quam

2001 5897 2273 5972 divulgari
2318 5916 2547 5959 necesse
2596 5919 2707 5959 non
2750 5904 2845 5971 sit,
2894 5905 2989 5961 sed
3040 5920 3068 5960 a
3105 5904 3380 5975 prml'ct'lis
3418 5906 3594 5961 solum
