4090 6500
477 435 594 499 855

1765 428 2045 489 LEUNIS
2076 428 2543 489 I‘IllLOSOPHI

3626 422 3770 488 856

488 546 773 620 cognosci.
827 544 983 611 Quod
1040 542 1090 599 si
1158 543 1275 596 ﬁeri
1331 544 1523 597 statim
1579 539 1753 610 possit
1799 539 1949 609 quod
2006 539 2077 593 ab

2194 542 2213 610 ῆ
2245 540 2329 593 δεῖ
2357 539 2563 611 ταύτην
2596 537 2913 609 μανθάνειν.
2959 538 3073 592 Καὶ
3097 536 3197 591 ἐὰν
3230 534 3293 589 τὸ
3325 532 3772 605 ’προτεινόμενον

477 640 733 695 hostibus
771 635 1125 707 proponitur,
1148 646 1258 689 non
1296 632 1603 697 differatur,
1631 630 1729 688 sed
1770 630 1963 687 sedulo
1999 630 2079 686 vel

472 728 857 801 jurejurando,
902 728 988 783 vel
1044 728 1154 783 alio
1199 728 1457 798 quopiam
1508 735 1669 797 pacto
1722 724 2077 795 transigatur.

479 824 577 878 Sin
666 821 1043 893 perniciosum
1122 831 1177 876 et
1236 819 1307 875 ad
1385 827 1765 889 contemptum
1818 817 2078 885 alicujus,

477 924 572 970 aut
640 914 915 969 universae
982 912 1357 969 multitudinis
1423 912 1817 966 contumeliam
1888 909 2079 974 fuerit,

478 1008 595 1062 hac
648 1016 813 1077 atque
854 1007 962 1060 illis
1020 1005 1248 1060 duriora
1288 1004 1346 1059 in
1392 1004 1591 1074 vulgus
1646 1011 1893 1058 nostrum
1948 1001 2080 1057 etle-

477 1095 648 1152 renda
686 1104 833 1160 sunt,
866 1105 927 1149 ut
954 1095 1238 1151 exercitus
1291 1095 1367 1148 ita
1426 1095 1763 1160 concitatus,
1797 1108 1862 1149 ac
1892 1107 2083 1149 neces-

478 1189 643 1244 sitate
706 1188 1053 1258 compulsus,
1101 1187 1468 1256 impetuosius
1531 1185 1827 1241 adversum
1890 1186 2081 1242 hostes

482 1279 767 1351 procedat,
837 1290 1003 1350 atque
1045 1279 1390 1333 obedientior
1436 1278 1710 1347 praefectis
1763 1278 1881 1334 suis
1939 1279 2012 1333 sit
2059 1297 2073 1335 :

479 1381 689 1443 quanto
739 1372 887 1425 enim
935 1372 1110 1440 major
1162 1370 1400 1424 tardatio
1466 1368 1654 1432 fuerit,
1706 1379 1856 1423 tanto
1911 1371 2080 1439 magis

484 1466 733 1536 superati
784 1465 988 1519 milites
1016 1462 1496 1518 l‘ormidolosiores
1531 1469 1715 1529 erunt,
1751 1470 1806 1517 et
1837 1460 2079 1516 victores

484 1559 812 1614 audaciores
863 1559 1156 1614 exsisteut.

555 1653 647 1706 2i.
688 1650 1020 1721 Priusquam
1065 1660 1247 1706 autem
1281 1650 1601 1705 universum
1658 1648 1830 1704 robur
1858 1654 2081 1703 tuorum

482 1744 761 1807 considat,
797 1742 1130 1797 adhortandi
1164 1744 1262 1797 tibi
1306 1759 1401 1813 per
1433 1742 1806 1806 turmarchas,
1846 1755 1943 1810 per
1981 1739 2081 1794 de-

2184 635 2430 706 παρευθὺ
2474 635 2724 704 γίνεσθαι
2780 633 3028 698 δύναται,
3068 632 3142 704 μὴ
3182 630 3605 696 ἀναϐάλλεσθαι,
3633 629 3775 685 ἀλλά

2183 728 2449 798 πράττειν
2480 728 2615 780 αὐτὸ
2653 725 2913 797 ἀσφαλῶς
2947 724 3016 778 δι’
3055 721 3336 793 ὀψξδων,ἢ
3389 721 3583 790 ὅρκου.
3616 720 3681 772 Ei
3713 718 3775 772 δὲ

2181 821 2478 885 ἐπιϐλαϐές
2510 823 2680 888 ἐστιν,
2713 822 2809 875 καὶ
2845 820 2913 873 δι’
2940 817 3235 890 ὑπέρθεσίν
3266 832 3413 880 τινος
3435 816 3531 869 καὶ
3559 814 3778 884 χαύνω-

2185 932 2271 967 σιν
2328 914 2427 967 τοῦ
2474 915 2635 984 δχλου
2680 913 2925 982 λέγεται,
2963 910 3309 966 τά’ἐναντία
3361 909 3445 963 δεῖ
3509 906 3777 979 φημίζειν

2185 1007 2528 1079 σκληρότερα
2552 1007 2663 1060 τῶν
2685 1006 3144 1077 προτεινομένων,
3176 1004 3266 1057 ἵνα
3294 1002 3496 1074 μᾶλλον
3524 1002 3554 1053 δ
3599 1017 3775 1071 στρα-

2182 1102 2274 1166 τὸς
2302 1103 2439 1173 πρὸς
2465 1100 2636 1171 ὀργὴν
2666 1100 3082 1169 διανιστάμενος
3124 1099 3191 1168 τῇ
3224 1096 3443 1167 ἀνάγκῃ
3473 1093 3779 1165 ίσχυροτέυ

2184 1213 2295 1268 ρως
2334 1197 2450 1259 τοῖς
2486 1194 2708 1266 ἐχθροῖς
2752 1194 3162 1264 ἀντικαταστῇ,
3208 1191 3305 1247 καὶ⁵
3356 1189 3437 1243 ἔτι
3489 1187 3776 1257 πειθήνιος

2182 1289 2261 1360 τῷ
2300 1290 2526 1361 ἄρχοντι
2555 1289 2785 1360 γένηται
2811 1304 2826 1319 ο
2878 1288 3005 1341 ὅσον
3059 1287 3169 1356 γὰρ
3224 1283 3499 1355 βραδύτης
3537 1280 3773 1349 γίνεται,

2181 1380 2437 1435 τοσοῦτον
2479 1384 2528 1435 οἱ
2574 1382 2904 1452 ἡττηθέντες
2953 1364 3250 1450 δειλότεροι
3304 1375 3567 1446 γίνονται,
3601 1372 3698 1426 καὶ
3724 1378 3769 1424 Φ

2183 1476 2507 1545 νικήσαντες
2533 1473 2955 1546 τολμηρότεροι.

2253 1664 2362 1720 κα’.
2427 1665 2568 1737 Πρὶν
2596 1664 2631 1736 ἦ
2679 1660 2775 1717 οὖν
2826 1662 2909 1725 είς
2960 1659 3170 1714 τέλειον
3207 1656 3279 1710 τά
3322 1655 3650 1726 φρονήματα
3679 1669 3782 1705 κα-

2181 1760 2486 1825 ταπέσωσι,
2513 1759 2621 1828 χρή
2677 1773 2758 1822 σε,
2808 1748 2856 1807 ὧ
2889 1752 3187 1824 πρατηγέ,
3220 1749 3311 1803 διά
3334 1765 3396 1801 τε
3438 1746 3549 1799 τῶν
3580 1743 3779 1813 ἀρχόν-

484 1848 681 1897 canos,
728 1830 1053 1903 quintanus,
1087 1831 1292 1887 milites
1324 1832 1402 1886 tui
1447 1839 1602 1894 sunt,
1638 1844 2081 1885 commemoran-

502 1927 609 1946 I_-_..
628 1942 722 1946 ~__‘
779 1933 854 1946 --ι
909 1925 1014 1946 2112..
1088 1939 1193 1946 ..Α-
1231 1940 1344 1946 --.--
1391 1924 1495 1946 Ξ.....
1530 1934 1744 1946 ιιι-...κυι-
1772 1922 1998 1946 :.......-.:M
2025 1938 2084 1946 ...ι

2194 1868 2298 1904 των
2323 1848 2433 1904 τῶν
2458 1849 2781 1919 ταγμάτων,
2802 1847 2898 1900 καὶ
2926 1844 3038 1899 τῶν
3064 1843 3371 1913 δεκάρχων,
3397 1840 3493 1893 καὶ
3527 1839 3775 1906 πεντάρ-

483 1927 727 1996 dumque
773 1933 859 1980 est
909 1925 1037 1991 illis,
1088 1939 1197 1979 non
1225 1940 1347 1980 esse
1384 1924 1499 1995 jam
1530 1934 1747 1994 tempus
1772 1922 2001 1993 ignavia:
2023 1938 2087 1978 ac

485 2017 781 2080 socordia},
834 2014 933 2071 sed
986 2013 1416 2085 impressionum
1467 2020 1633 2083 atque
1698 2012 2083 2067 incursionum

484 2112 540 2166 in
583 2111 773 2165 hostes
798 2108 1203 2173 faciendarum,
1234 2115 1287 2164 et
1309 2123 1432 2178 qua:
1456 2104 1644 2161 clades
1665 2116 1827 2175 atque
1854 2104 2087 2159 oilensio

483 2211 613 2259 ante
640 2210 862 2269 accepta
904 2200 1031 2265 fuit,
1074 2214 1135 2254 ea
1177 2199 1292 2268 jam
1330 2199 1534 2253 virtute
1575 2211 1641 2251 ac
1680 2196 1846 2251 rebus
1890 2211 2088 2265 geren-

484 2296 572 2350 dis
618 2294 851 2348 delenda
882 2301 1053 2362 atque
1093 2288 1444 2346 obliterauda
1493 2297 1599 2344 est.
1650 2286 1778 2343 Haec
1810 2295 1977 2359 atque
2008 2287 2080 2343 iis

485 2384 688 2441 similia
728 2383 841 2438 illis
891 2381 1173 2436 narranda
1209 2389 1363 2435 sunt.

554 2476 648 2530 22.
690 2475 751 2529 Si
795 2488 921 2544 spes
953 2474 1142 2543 aliqua
1197 2482 1283 2528 est
1328 2471 1452 2528 acie
1499 2472 1775 2527 instructa
1827 2472 2087 2543 proelium

489 2567 803 2637 recuperari
844 2580 1032 2636 posse,
1085 2566 1189 2619 hac
1250 2564 1336 2619 via
1366 2578 1535 2634 quam
1580 2579 1747 2635 supra
1794 2564 1909 2618 dixi
1961 2579 2089 2633 pro-

488 2661 742 2715 cedatur.
798 2659 895 2712 Sin
952 2657 1057 2712 hoc
1101 2655 1267 2711 modo
1317 2670 1429 2710 non
1473 2655 1815 2725 proﬁciatur,
1866 2670 1966 2725 pro
1997 2670 2091 2725 pec

491 2753 791 2808 riculorum
840 2751 1052 2806 ratione
1114 2750 1389 2820 optimam
1438 2748 1544 2804 sibi
1601 2750 1746 2804 viam
1777 2748 2088 2819 conquiret.

563 2929 655 2985 23.
701 2929 757 2982 Si
806 2928 1084 2998 peditatus
1116 2927 1359 2983 hostium
1391 2925 1599 2990 vincat,
1656 2941 1780 2980 cum
1814 2925 1971 2995 equis
1999 2941 2091 2980 or-

492 3024 680 3077 dinate
718 3020 1092 3077 discessiones
1119 3031 1285 3091 atque
1309 3018 1742 3090 demigrationes
1775 3034 1839 3074 ex
1875 3034 1940 3073 eo
1971 3019 2091 3073 loco

497 3113 650 3180 ﬁant,
694 3120 863 3183 atque
905 3112 981 3166 ita
1028 3122 1414 3183 permaneant.

569 3315 664 3369 24.
707 3313 803 3368 Sin
838 3312 1054 3383 equites
1095 3311 1319 3377 fuerint,
1363 3311 1640 3381 superﬂua
1670 3323 1722 3366 et
1753 3310 1939 3382 gravia
1972 3320 2087 3365 tum

492 3404 772 3475 jumenta,
806 3413 917 3457 tum
940 3404 1047 3457 alia
1065 3418 1411 3474 quaecunque
1436 3403 1907 3473 praetermittenda
1936 3412 2089 3468 sunt,

499 3496 822 3566 peditesque
842 3494 1242 3559 constituendi,
1261 3502 1316 3548 et
1339 3495 1462 3549 sine
1479 3494 1748 3562 jumeutis
1778 3494 2091 3565 equitibus-

497 3602 608 3658 que
648 3586 940 3642 un‘iversos
968 3588 1021 3640 in
1059 3586 1198 3641 duas
1226 3588 1526 3656 phalanges
1555 3589 1674 3641 sive
1709 3587 1879 3652 acies,
1920 3596 2013 3640 aut
2035 3585 2090 3641 in

500 3694 667 3733 unam
708 3679 1039 3749 quadratam
1092 3680 1386 3755 oblongam
1440 3679 1672 3732 formam
1710 3679 1989 3742 instrues,
2036 3679 2092 3733 in

501 3771 683 3826 medio
731 3772 980 3841 iumenta
1014 3781 1183 3841 atque
1228 3771 1621 3842 impedimenta
1674 3787 1887 3843 ponas,
1937 3782 2093 3826 extra

501 3867 617 3917 haec
650 3864 850 3918 milites
894 3864 947 3918 in
983 3865 1130 3932 acie,
1180 3865 1642 3935 quemadmodum
1698 3864 2091 3935 praediximus,

500 3965 665 4025 atque
696 3959 839 4011 ultra
874 3973 970 4013 eos
1006 3960 1322 4029 sagittarios
1358 3977 1371 4013 :
1408 3970 1574 4030 atque
1602 3960 1678 4015 ita
1720 3960 2095 4017 discessiones

502 4052 1048 4123 demigrationesque
1080 4061 1201 4108 tuto
1229 4052 1424 4109 facies.

575 4146 669 4201 ‘25.
712 4144 954 4200 Rursum
984 4147 1030 4202 si
1066 4161 1328 4217 prospere
1351 4148 1419 4203 ad
1450 4147 1740 4204 victoriam
1773 4146 1975 4202 bellum
2006 4145 2096 4200 in-

503 4238 695 4305 clinet,
736 4249 792 4293 et
832 4238 943 4293 Deo
989 4240 1105 4308 jam
1138 4241 1376 4311 prepitio
1411 4241 1589 4296 victor
1616 4240 1806 4296 evadis
1833 4278 1850 4304 ,
1880 4254 1950 4294 ne
1980 4238 2105 4295 sola'

507 4331 837 4399 depulsione
868 4330 1111 4385 hostium
1142 4341 1441 4388 contentus
1486 4334 1585 4400 sis,
1617 4332 1775 4402 quasi
1810 4332 2099 4403 imperitus

507 4422 601 4491 qui
636 4428 883 4491 tempore
930 4421 1010 4475 uti
1062 4424 1286 4479 nescit:
1323 4439 1506 4495 neque
1554 4429 1925 4493 importunum
1965 4420 2098 4476 illud

508 4514 723 4576 audias,
748 4512 941 4576 Vince,
976 4514 1073 4569 sed
1099 4532 1165 4571 ne
1204 4516 1370 4571 nimis
1400 4516 1588 4571 vincas
1622 4532 1637 4570 :
1676 4532 1768 4579 ne,
1808 4515 1857 4571 si
1889 4515 2100 4571 lubrico

2190 1960 2303 2014 χων
2331 1940 2746 2012 προτρέψασθαι
2797 1940 2890 1993 τὸν
2916 1935 3169 2007 στρατὸν,
3201 1934 3296 1989 καὶ
3329 1933 3523 1990 εἰπεῖν.
3562 1929 3640 1992 ὡς
3674 1928 3780 1980 οὐκ

2189 2037 2305 2090 ἐστι
2332 2036 2521 2106 καιρὸς
2545 2034 2838 2096 δειλιάσαι,
2868 2031 3007 2086 ἀλλά
3054 2029 3369 2101 ὁρμηθῆναι
3398 2024 3599 2096 μᾶλλον
3633 2021 3787 2076 κατά

2188 2128 2299 2182 τῶν
2326 2127 2561 2198 ἐχθρῶν,
2610 2125 2708 2179 καὶ
2745 2126 2806 2178 τὸ
2836 2123 3130 2194 γενόμενον
3177 2120 3330 2191 παρά
3356 2135 3520 2171 τινων
3552 2114 3783 2185 σφάλμα

2190 2221 2453 2291 ἀνδρείως
2493 2216 2962 2273 ἀνακαλέσασθαι.
3018 2198 3206 2269 Ταῦτα
3263 2214 3360 2265 καὶ
3392 2209 3463 2263 τά
3499 2210 3668 2279 ὅμοια
3695 2206 3788 2259 δεί

2192 2332 2254 2368 σε
2286 2314 2636 2384 διαλαλῆσαι.

2263 2486 2367 2558 κβ’.
2404 2486 2514 2542 Καὶ
2536 2487 2587 2540 εί
2620 2485 2720 2558 μέν
2768 2488 2916 2540 ἐστιν
2961 2485 3119 2550 ἐλπὶς
3158 2492 3254 2537 του
3278 2490 3369 2537 sta
3391 2480 3497 2550 τῆς
3525 2477 3788 2547 παρατά-

2194 2579 2328 2645 ξεως
2361 2579 2631 2650 δημοσίας
2651 2579 2752 2649 τὴν
2786 2577 2970 2649 μάχην
2994 2573 3464 2637 ἀνακαλέσασθαι,
3488 2574 3555 2642 τῇ
3599 2586 3787 2640 προειο

2195 2669 2410 2741 ρημένῃ
2454 2668 2665 2739 μεθόδῳ
2696 2668 2796 2738 τῆς
2848 2668 3057 2733 τάξεως
3099 2667 3304 2736 χρήσῃ.
3332 2664 3395 2717 Ei
3424 2662 3482 2715 δὲ
3528 2658 3690 2714 τοῦτο
3714 2658 3785 2711 οὐ

2192 2758 2525 2829 προϐαίνει,
2574 2758 2655 2811 δεῖ
2694 2756 3086 2829 συμφερόντως
3140 2756 3248 2810 τῶν
3290 2752 3557 2807 κινδύνων
3607 2766 3787 2804 καταο

2189 2852 2416 2923 τολμᾷν.

2264 2947 2370 3016 κγ’.
2404 2947 2511 3000 Καὶ
2532 2946 2582 2999 εί
2618 2944 2719 3016 μὲν
2758 2943 2916 3009 πεζοί
2942 2945 3082 2997 εἰσιν
3117 2944 3168 2996 οἱ
3199 2941 3531 3011 νικήσαντες
3557 2937 3787 3010 ἐχθροὶ,

2194 3040 2521 3103 σπουδάζειν
2581 3038 2863 3109 μετάκτῶν
2907 3038 3093 3091 ἵππων
3126 3035 3409 3097 εὐτάκτως
3437 3032 3538 3094 τὰς
3565 3033 3791 3100 ἀναχω-

2197 3133 2382 3203 ρήσεις
2436 3133 2555 3203 ἦτοι
2629 3128 2991 3200 μεταστάσεις
3062 3127 3159 3181 τοῦ
3219 3126 3494 3195 φοσσάτου
3567 3123 3792 3179 ἐκείνου

2117 3241 2163 3304 C
2197 3225 2457 3295 ἀσφαλῶς
2487 3224 2781 3288 ποιεῖσθαι,
2822 3226 2918 3277 καὶ
2959 3222 3033 3292 μὴ
3064 3220 3385 3289 ἀναμένειν.

2265 3317 2364 3375 κδ’.
2387 3317 2450 3371 Εἰ
2465 3318 2521 3371 δέ
2546 3317 2903 3387 καϐαλλάριοι
2919 3309 3076 3378 ῶσιν,
3097 3313 3336 3383 μάλιστα
3357 3312 3467 3365 τῶν
3504 3310 3795 3382 περισσῶν

2194 3412 2289 3464 καὶ
2308 3408 2626 3480 βαρυτέρων
2654 3408 2867 3477 ἀλόγων
2893 3407 2988 3461 καὶ
3018 3405 3364 3477 πραγμάτων
3391 3404 3473 3457 δεῖ
3512 3420 3791 3475 περιφρο-

2193 3505 2326 3567 νεῖν,
2367 3503 2460 3555 καὶ
2484 3501 2622 3571 πεζῇ
2647 3499 3034 3564 καθίστασθαι,
3066 3499 3163 3551 καὶ
3192 3498 3320 3551 ἀνευ
3355 3496 3556 3565 ὀλίγων
3574 3494 3791 3549 καϐαλ-

2193 3591 2397 3665 λαρίων
2431 3592 2642 3653 πάντας
2667 3590 2748 3652 εἰς
2768 3588 2861 3643 δύο
2890 3589 3179 3655 φάλαγγας
3209 3586 3329 3657 ἢτοι
3348 3584 3567 3649 τάξεις,
3608 3581 3642 3652 ἢ
3688 3582 3794 3635 καὶ

2194 3685 2275 3748 είς
2296 3683 2355 3737 ἐν
2383 3686 2728 3753 τετράγωνον
2743 3679 2987 3734 πλινθίου
3018 3679 3206 3749 σχῆμα
3232 3675 3662 3748 παρατάξεσθαι,
3689 3673 3793 3727 καὶ

2199 3776 2361 3847 μέσον
2399 3778 2499 3845 μὲν
2529 3775 2599 3829 τὰ
2622 3774 2792 3843 ἄλογα
2823 3772 2857 3843 ἢ
2883 3773 2945 3826 τὺ
2974 3772 3193 3826 τοῦλδον
3227 3769 3441 3841 φέρειν,
3478 3767 3681 3832 ἔξωθεν
3724 3765 3791 3820 δὲ

2196 3868 2342 3939 ἔχειν
2365 3867 2491 3931 τοὺς
2519 3867 2880 3939 στρατιώτας,
2907 3866 2984 3929 ὼς
3012 3865 3253 3937 εἴρηται,
3278 3864 3336 3915 ἐν
3354 3860 3529 3927 τάξει,
3549 3858 3791 3919 καὶτοὺς

2196 3963 2419 4030 τοξότας
2468 3962 2741 4033 ἐξωτέρω,
2775 3961 2871 4015 καὶ
2916 3952 3091 4023 οὕτως
3118 3960 3217 4021 τὰς
3271 3954 3634 4029 μεταστάσεις
3688 3952 3793 4007 καὶ.

2198 4057 2580 4128 ἀναχωρήσεις
2613 4055 2887 4109 ποιεῖσθαι
2920 4050 3205 4122 ἀσφαλῶς.

2270 4147 2348 4203 κε’
2370 4188 2383 4203 .
2416 4147 2588 4202 Πάλιν
2626 4147 2683 4200 δὲ
2714 4146 2809 4200 ἐὰν
2839 4144 3031 4203 αἰσίως
3060 4142 3130 4195 τὰ
3158 4141 3254 4196 τοῦ
3299 4139 3538 4210 πολέμου
3567 4135 3801 4208 ἐξέλθῃ..

2200 4244 2294 4297 καὶ
2342 4239 2478 4294 Θεοῦ
2517 4237 2838 4310 βοηθοῦντος
2867 4236 3100 4308 ἄρξηται
3126 4235 3160 4304 ἡ
3186 4234 3335 4305 νίκη,
3366 4232 3425 4286 οὗ
3464 4232 3548 4286 δεῖ
3581 4229 3793 4301 ῶθήσει

2201 4333 2298 4387 καὶ
2360 4331 2499 4405 μόνῃ
2532 4329 2824 4398 ἀρκεῖσθαι
2860 4326 2937 4390 ὡς
2992 4323 3395 4396 ἀπειροκάλους
3456 4321 3534 4393 μὴ
3575 4320 3794 4383 εἰδότας

2201 4424 2510 4496 χρήσασθαι
2536 4422 2614 4493 τῷ
2640 4421 2839 4492 καιρῷ,
2872 4418 3011 4474 ἀλλά
3037 4417 3285 4488 ἀκαίρως
3314 4413 3536 4469 ἀκούειν
3563 4409 3792 4480 φιλοῦν-

2203 4538 2296 4582 τας
2323 4519 2407 4582 τὸ,
2437 4517 2604 4582 Νίκα,
2637 4516 2732 4571 καὶ
2764 4513 2840 4586 μὴ
2868 4510 3160 4583 ὑπερνίκα,
3189 4510 3282 4564 καὶ
3308 4507 3609 4569 ἐνδιδόντας
3648 4520 3796 4574 σφας

511 4616 755 4675 tempore
782 4604 948 4659 cedas
970 4646 984 4671 ,
1030 4606 1271 4675 majores
1306 4606 1403 4661 tibi
1436 4606 1720 4662 molestias
1757 4605 2092 4671 accumules.

2201 4612 2373 4683 λερῶς
2428 4610 2525 4663 καὶ
2584 4608 2806 4679 μείζονα
2854 4605 2943 4660 διὰ
2990 4604 3090 4673 τῆς
3144 4602 3405 4665 ἐνδόσεως
3443 4598 3539 4654 τοῦ
3592 4597 3794 4667 καιροῦ

508 4706 562 4752 et
588 4698 861 4752 incertum
898 4713 1082 4753 rerum
1123 4698 1433 4754 futurarum
1466 4708 1723 4755 eventum
1754 4700 1973 4765 reddas,
2000 4702 2097 4755 sed

507 4789 795 4847 eversione
869 4791 1113 4847 hostium
1184 4791 1439 4848 absoluta
1522 4792 1787 4848 utendum
1869 4793 2097 4848 omnino

509 4891 618 4939 est.
841 4891 844 4894 ’
951 4925 965 4938 .
1439 4877 1442 4881 ’

583 4974 673 5030 26.
720 4974 779 5029 Si
822 4975 891 5030 ad
928 4976 1171 5047 aliquam
1207 4977 1572 5032 munitionem
1606 4976 1783 5033 hostis
1811 4978 2095 5049 confugit,

511 5069 598 5124 vel
631 5068 679 5123 vi
712 5079 768 5125 et
794 5086 984 5135 manu,
1018 5071 1106 5125 vel
1134 5070 1259 5125 aliis
1289 5070 1579 5140 quibusvis
1618 5069 1833 5135 formis,
1858 5069 2099 5125 homini-

514 5163 621 5217 bus
658 5168 713 5216 et
740 5161 1035 5232 jumentis,
1068 5162 1345 5218 instructa
1384 5162 1504 5218 acie
1544 5162 1600 5216 in
1640 5176 1888 5218 summas
1927 5177 2104 5231 angu-

517 5256 653 5310 stias
687 5255 1025 5309 coercendus
1054 5262 1137 5309 est
1166 5297 1181 5321 ,
1230 5256 1320 5309 vel
1353 5257 1460 5311 alia
1492 5257 1688 5327 quavis
1723 5256 2108 5311 consentiente

515 5358 681 5417 atque
735 5346 935 5401 idonea
988 5346 1251 5415 utilitate,
1305 5349 1614 5419 usquedum
1658 5347 1901 5417 perfecte
1952 5346 2106 5400 illum

515 5440 778 5495 everteris
815 5458 828 5495 :
873 5454 1051 5510 neque
1102 5448 1219 5494 tum
1269 5439 1561 5513 defatigari
1604 5450 1839 5512 oportet,
1883 5440 2106 5508 quando

519 5532 743 5603 paulum
784 5531 938 5585 illum
978 5532 1247 5601 repuleris
1280 5550 1296 5588 :
1334 5549 1513 5603 neque
1532 5533 1634 5588 Tei
1676 5532 1947 5588 universae
1984 5531 2105 5587 exi-

519 5632 638 5677 tum
681 5631 907 5694 pr0pter
936 5623 1190 5695 exiguam
1239 5627 1478 5697 amplius
1510 5612 1762 5681 laborum
1787 5626 2105 5696 patientiam

521 5715 761 5784 abjicere
789 5715 981 5781 debes,
1012 5725 1137 5787 post
1172 5727 1360 5775 tantos
1394 5720 1613 5801 labores
1653 5726 1822 5789 atque
1851 5718 2106 5784 sudores,

520 5810 644 5866 post
686 5810 838 5856 tanta
866 5804 992 5857 belli
1025 5808 1269 5873 pericula
1299 5826 1312 5862 :
1354 5809 1615 5880 quoniam
1642 5816 1698 5866 et
1738 5810 1793 5864 in
1818 5810 2111 5866 venatione

525 5889 668 5958 quod
693 5905 829 5958 pene
858 5894 1110 5952 enectum
1136 5906 1241 5964 est,
1269 5899 1496 5972 perinde
1519 5908 1607 5957 est
1626 5916 1689 5957 ac
1719 5901 1767 5959 si
1795 5901 1937 5959 nihil
1966 5911 2135 5960 esset.

2204 4706 2454 4776 κάματον
2500 4700 2963 4771 ἐπισωρεύοντας,
2993 4698 3089 4752 καὶ
3126 4696 3320 4767 ἄδηλον
3354 4694 3455 4765 τὴν
3490 4691 3799 4763 μέλλουσαν

2204 4797 2430 4851 ἔκϐασιν
2482 4795 2694 4857 ἑαυτοῖς
2731 4790 3263 4854 κατασκευάζοντας,
3299 4786 3436 4841 ἀλλὰ
3475 4785 3557 4839 δεῖ
3595 4786 3665 4856 τῇ
3692 4781 3798 4837 τοῦ

2205 4872 2403 4962 ἐχθροῦ
2440 4888 2625 4959 τελείᾳ
2658 4885 2953 4940 καταλύσει
2981 4882 3286 4951 ἐπιμένειν.

2276 4980 2394 5046 κς·’.
2430 4982 2493 5034 Ei
2519 4980 2575 5033 δέ
2605 4981 2663 5033 ἐν
2708 4978 3029 5048 ὀχυρώματι
3087 4972 3434 5043 καταφεύγῃ,
3465 4968 3794 5032 σπουδάζειν

2203 5077 2236 5149 ἢ
2268 5074 2414 5146 χειρὶ
2443 5073 2477 5145 ἦ
2512 5072 2602 5126 διὰ
2621 5071 2729 5126 τῶν
2767 5071 3065 5123 λειπόντων
3099 5066 3261 5120 είδῶν
3302 5067 3417 5128 τοῖς
3451 5062 3792 5134 ἀνθρώποις,

2204 5140 2238 5239 ἦ
2412 5140 2651 5234 ἀλόγοις,
2682 5164 2771 5217 διὰ
2792 5159 3198 5235 παραφυλακῆς
3237 5157 3595 5227 στενοχωρεϊν
3625 5154 3799 5208 αὐτὸν
3914 5140 3919 5143 δ

2209 5261 2373 5332 μέχρι
2407 5259 2619 5321 τελείας
2667 5255 2834 5311 αὑτοῦ
2868 5252 3241 5316 καταλύσεως,
3275 5246 3629 5321 ἢέπωφελῶν
3658 5247 3797 5315 ἡμῖν

2206 5352 2507 5422 γινομένων
2537 5348 2867 5419 συμφώνων,
2905 5347 2998 5399 καὶ
3040 5343 3177 5415 μηδέ
3219 5340 3508 5395 ἐκλύεσθαι
3531 5341 3597 5409 τῇ
3633 5337 3797 5408 ὀλίγῃ

2208 5443 2435 5512 ὼθήσει,
2474 5440 2608 5511 μηδέ
2657 5437 2883 5507 ἀμελεῖν
2901 5438 3001 5506 τῆς
3021 5434 3117 5487 τοῦ
3153 5432 3480 5502 πράγματος
3510 5429 3797 5492 ἐκϐάσεως

2205 5536 2271 5589 δι’
2299 5534 2490 5603 ὀλίγην
2519 5530 2820 5602 καρτερίαν
2854 5527 2995 5600 μετά
3019 5525 3277 5580 τοσοῦτον
3326 5523 3509 5584 πόνον,
3545 5523 3640 5573 καὶ
3688 5519 3797 5572 κά-

2212 5644 2380 5699 ματον
2411 5626 2506 5679 καὶ
2537 5625 2676 5696 μετά
2715 5620 2971 5677 τοσοῦτον
2995 5621 3059 5673 ἐκ
3096 5617 3191 5672 τοῦ
3228 5616 3466 5686 πολέμου
3496 5614 3744 5668 κίνδυνον
3778 5629 3801 5646 ·

2210 5720 2335 5774 ἐπεὶ
2370 5718 2465 5773 καὶ
2494 5719 2587 5772 ἐπὶ
2609 5715 2705 5773 τοῦ
2747 5715 3011 5788 κυνηγίου
3045 5713 3108 5769 τὸ
3134 5710 3286 5781 παρὰ
3318 5710 3515 5782 μικρὸν
3553 5706 3673 5764 ἀντὶ
3696 5703 3799 5801 τοῦ

2217 5809 2448 5883 μηδενός
2479 5812 2618 5865 ἐστι.
