4090 6430
251 361 355 429 857

1285 349 1623 413 TACTICA.
1651 372 1722 385 --
1749 346 2262 410 CONSTITUTIO
2292 348 2444 411 XIV.

3435 348 3543 412 838

319 470 427 539 κζ’.
456 470 616 543 Mirr:
657 467 766 541 μὴν
800 463 1153 539 περιφρονεῖν
1194 463 1296 534 τῆς
1327 464 1478 543 τῶνκ
1491 459 1843 533 στρατιωτῶν

2017 459 2113 516 27.
2175 459 2411 515 Militum
2468 468 2689 515 tuorum
2743 456 2958 515 ordinis
3009 458 3365 516 conservatio
3413 472 3544 531 post

249 566 509 633 εὐταξίας
547 563 658 619 άπδ
676 564 779 633 τῆς
808 561 968 630 νίκης
1000 558 1258 630 μάλιστα,
1289 556 1424 611 άλλὰ
1467 554 1846 625 συντεταγμέ-

251 678 378 725 νους
414 657 655 722 διώκειν,
691 654 789 709 καὶ
843 651 982 723 μετὰ
1040 649 1355 720 ἐπιστήμης
1403 649 1499 701 καὶ
1562 644 1847 716 νουνεχίας

250 749 665 806 ἐπισκοποῦντα
697 746 786 800 τὸν
814 742 1121 815 στρατηγὸν
1173 742 1242 795 τὰ
1299 741 1509 793 δέοντα.
1547 739 1661 792 Οὐκ
1689 737 1850 808 ἀρκεῖ

248 845 363 915 γὰρ
391 842 621 913 δύναμις
658 838 794 910 μόνη
822 839 902 900 εἰς
940 835 1241 904 ἀσφάλειαν
1275 833 1413 887 ἰδίαν
1443 833 1476 903 ἦ
1504 831 1711 902 βλάϐην
1739 829 1848 882 τῶν

248 933 488 1008 ἐχθρῶν,
542 932 679 988 άλλά
734 928 875 1001 μετὰ
930 930 1031 997 τὴν
1062 926 1199 981 Θεοῦ
1259 925 1516 997 βοήθειαν
1544 925 1640 977 καὶ
1690 922 1843 994 ἢτοῦ

251 1024 560 1100 στρατηγοῦ
590 1023 858 1093 διοίκησις
884 1019 1162 1088 ἀναγκαία
1212 1019 1309 1072 καί
1343 1016 1535 1088 πρώτη
1560 1015 1846 1085 τυγχάνει.

322 1293 431 1367 κη’.
461 1295 681 1366 Πρέπον
702 1309 761 1345 σε
788 1284 967 1357 οὗν,ὧ
987 1287 1282 1359 στρατηγὲ,
1304 1288 1417 1350 τοῖς
1437 1303 1496 1338 τε
1522 1286 1736 1357 καιροῖς
1755 1283 1849 1337 καὶ

246 1393 366 1454 τοῖς
397 1390 585 1451 τόποις
641 1385 920 1459 ἁρμοδίως
969 1381 1275 1453 κεχρῆσθαι
1310 1396 1323 1410 ’
1358 1382 1453 1434 καὶ
1476 1381 1572 1432 ἐὰν
1612 1378 1848 1448 δοκιμά-

250 1501 357 1560 σῃς
381 1484 476 1539 τοῦ
510 1483 732 1546 πάντως
782 1478 1039 1549 γενέσθαι
1079 1478 1318 1546 πόλεμον
1365 1476 1647 1546 δημόσιον,
1672 1472 1849 1526 πάντα

252 1577 577 1647 σκοπήσεις,
608 1574 702 1629 καὶ
723 1573 888 1626 τόπον
903 1570 1211 1639 ἐπιτήδειον
1239 1566 1447 1638 γυμνόν
1480 1583 1538 1618 τε
1564 1565 1658 1617 καὶ
1706 1564 1849 1633 δμα-

249 1669 349 1723 λδν
373 1671 460 1722 διά
488 1669 615 1731 τοὺς
637 1666 1006 1737 κονταράτους
1036 1662 1133 1732 (4).
1163 1662 1273 1715 Καὶ
1313 1659 1389 1731 μὴ
1421 1659 1583 1729 μόνον
1601 1658 1677 1723 τὰ,
1697 1656 1850 1721 δεξιά

249 1759 351 1810 καὶ
378 1756 645 1829 ἀριστερὰ
678 1757 774 1809 καὶ
808 1753 1033 1808 ὀπίσθια
1062 1750 1203 1823 μέρη
1238 1751 1576 1821 προερευνᾷν
1626 1747 1709 1800 δεῖ
1755 1746 1849 1799 καὶ

1952 554 2244 609 victoriam
2286 551 2612 623 negligenda
2658 553 2758 609 tibi
2795 568 2907 609 non
2953 560 3074 622 est,
3111 555 3207 610 sed
3252 554 3544 612 instructis

1951 646 2129 717 copiis
2166 662 2294 701 cum
2335 646 2571 703 scientia
2628 657 2684 701 et
2730 647 3037 701 attentione
3085 646 3311 701 militari
3344 662 3540 717 prose-

1950 748 2195 809 quantur
2225 738 2456 804 hostes,
2507 738 2917 809 imperatorque
2954 738 3074 809 ipse
3124 738 3372 793 attendat
3412 738 3544 793 dili-

1951 838 2145 902 genter
2168 831 2302 901 quid
2335 832 2480 886 facto
2508 846 2648 901 opus
2679 831 2772 887 sit.
2815 830 3005 901 Neque
3027 830 3176 886 enim
3220 830 3288 884 ad
3325 830 3542 884 incolu—

1953 924 2195 978 mitatem
2227 934 2491 989 vestram,
2537 924 2591 979 in
2631 922 2988 993 hostiumque
3021 922 3322 993 perniciem
3354 932 3545 991 poten-

1952 1017 2027 1071 tia
2061 1018 2177 1073 sola
2206 1018 2372 1083 valet,
2405 1017 2501 1072 sed
2532 1018 2836 1074 secundum
2870 1015 2963 1071 Dei
2996 1015 3413 1085 benignitatem,
3440 1014 3544 1067 im-

1951 1110 2227 1181 peratoria
2273 1126 2339 1167 ac
2381 1111 2618 1181 diligens
2653 1126 2837 1165 rerum
2888 1108 3320 1173 administratio,
3355 1106 3545 1177 praei-

1952 1216 2057 1269 pua
2076 1216 2161 1256 -ac
2191 1216 2405 1257 summe
2438 1202 2751 1257 necessaria
2780 1207 2887 1257 est.

2025 1292 2115 1347 28.
2171 1291 2541 1363 Temporibus
2600 1292 2829 1347 aclocis
2890 1291 3086 1346 idonee
3148 1287 3547 1358 commodeque

1956 1386 2159 1441 utaris.
2208 1384 2266 1441 Si
2306 1385 2512 1442 bellum
2551 1384 2835 1455 publicum
2870 1382 3118 1438 futurum
3145 1383 3496 1453 perspexeris
3527 1422 3545 1449 ,

1952 1480 2138 1535 omnia
2170 1480 2291 1534 loca
2324 1478 2714 1551 perlustrabis,
2749 1477 2898 1532 nuda
2946 1486 3115 1547 atque
3143 1476 3395 1546 exposita
3426 1475 3547 1529 loca

1953 1571 2191 1629 hastatis
2222 1571 2338 1629 tuis
2368 1572 2560 1643 eliges.
2593 1571 2784 1642 Neque
2813 1572 2991 1625 solum
3025 1568 3233 1626 dextrae
3278 1569 3549 1623 sinistra»

1952 1683 2060 1739 que
2083 1667 2279 1738 positae
2300 1676 2490 1739 partes
2518 1667 2934 1736 perscrutanda:
2962 1675 3090 1721 sunt
3120 1664 3268 1720 omni
3300 1679 3364 1719 ex
3393 1670 3550 1735 parte

1953 1757 2089 1813 aciei
2123 1772 2303 1829 usque
2335 1758 2402 1813 ad
2437 1758 2569 1813 belli
2599 1756 2784 1825 finem,
2818 1758 2915 1812 sed
2939 1765 2995 1813 et
3033 1756 3266 1812 finitima
3299 1757 3419 1812 loca
3447 1772 3548 1813 ex-

245 1854 365 1907 ἀπὺ
386 1852 479 1905 δύο
515 1851 610 1904 καὶ
632 1850 801 1921 τριῶν
853 1845 1081 1918 ἡμερῶν
1119 1845 1219 1914 τῆς
1277 1842 1644 1913 παρατάξεως
1677 1841 1843 1911 μέχρι

1954 1850 2217 1921 plor'anda
2265 1858 2399 1907 sunt
2428 1889 2444 1917 ,
2487 1866 2557 1907 ne
2589 1852 2780 1919 fossae,
2814 1852 2898 1907 vel
2933 1851 3220 1908 naturales
3253 1852 3336 1907 vel
3373 1851 3548 1905 artiﬁ-

245 1945 350 1998 τοῦ
381 1945 617 2015 πέρατος
638 1940 734 1995 τοῦ
762 1941 1025 2010 πολέμου,
1059 1937 1199 1993 ἀλλὰ
1237 1937 1334 1990 atati.
1358 1936 1485 1999 τοὺς
1518 1932 1846 2005 περικειμέ·

246 2055 381 2102 vos;
409 2040 608 2101 τόπους
641 2034 922 2106 ψηλαφᾷν,
948 2033 1163 2102 μήποτε
1198 2028 1395 2082 λάκκοι
1434 2027 1594 2090 εἰσὶν,
1624 2024 1657 2095 ἢ
1685 2024 1847 2077 αύτο-

246 2133 432 2201 φυείς,
456 2130 491 2201 ἢ
518 2126 919 2199 ὀρωρυγμέναι,
948 2124 982 2194 ἢ
1008 2123 1158 2186 δόλος
1201 2138 1286 2185 τις
1316 2119 1477 2182 ἄλλος
1531 2116 1843 2189 πρόκειται.

325 2220 429 2276 κθ’.
459 2224 619 2276 Κατὰ
649 2221 707 2274 δὲ
735 2219 835 2289 τὴν
855 2217 952 2272 τοῦ
991 2216 1231 2285 πολέμου
1264 2213 1501 2283 ἡμέραν,
1530 2211 1606 2274 ὡς
1627 2211 1742 2265 άνω
1769 2208 1847 2263 ετ-

247 2330 450 2385 πομεν,
475 2312 585 2366 τῶν
633 2310 833 2383 βιγλῶν
895 2305 1383 2380 προεξερχομένων
1435 2304 1553 2372 ἅμα
1584 2300 1731 2373 πρωῒ
1763 2302 1846 2363 είς

251 2406 502 2473 τέσσαρα
541 2404 684 2475 μέρη
731 2400 827 2455 τοῦ
861 2400 1029 2454 τόπου
1069 2398 1199 2452 ἔνθα
1246 2398 1279 2467 ἡ
1333 2394 1581 2466 συμϐολὴ
1635 2393 1844 2462 γίνεται

246 2494 364 2549 ἀπὸ
396 2494 490 2547 δύο
519 2496 613 2549 καὶ
662 2493 830 2565 τριῶν
872 2491 1065 2562 μιλίων
1118 2493 1175 2543 ὲν
1199 2487 1416 2550 διπλαῖς
1449 2486 1664 2556 βίγλαις
1702 2500 1846 2554 παρ-

248 2588 540 2657 αγγέλλειν
592 2587 796 2649 αὐτοὺς
827 2587 901 2656 μὴ
941 2585 1103 2655 μόνον
1148 2582 1287 2654 πρὸς
1344 2581 1443 2652 τὴν
1475 2579 1585 2632 τῶν
1626 2576 1844 2648 ἐχθρῶν

243 2679 472 2749 κίνησιν
492 2680 827 2734 ἀποϐλέπειν
854 2678 950 2732 καὶ
977 2676 1225 2748 μηνύειν,
1258 2674 1398 2728 ἀλλὰ
1429 2672 1525 2727 καὶ
1548 2670 1687 2742 πρὸς
1717 2670 1847 2733 τοὺς

250 2774 510 2837 θέλοντας
537 2772 877 2844 προσρυῆναι
899 2771 1001 2841 (5),
1025 2770 1101 2833 ὡς
1123 2768 1292 2834 εἰκὸς,
1318 2770 1430 2829 τοίς
1456 2764 1671 2835 ἐχθροῖς
1709 2763 1846 2817 ἀπο-

254 2867 480 2919 σκοπεῖν
507 2866 600 2919 καί
626 2865 872 2935 συνέχειν
898 2861 1119 2925 αὐτούς.
1154 2858 1436 2913 Ἐντεῦθεν
1457 2858 1564 2929 γάρ
1600 2857 1693 2910 καὶ
1720 2857 1847 2913 τοὺς

251 2957 671 3027 ἀποφεύγοντας
698 2958 762 3011 ὲκ
790 2955 883 3010 τοῦ
922 2952 1156 3026 στρατοῦ
1196 2952 1395 3025 ῥᾳδίως
1424 2950 1716 3011 κωλύουσι,
1749 2950 1847 3003 καὶ

250 3051 386 3114 τοὺς
430 3052 496 3103 ὲκ
548 3048 657 3103 τῶν
692 3048 905 3120 ἐχθρῶν
955 3046 1314 3119 βουλομένους
1357 3042 1720 3115 προσρυῆναι,
1752 3041 1847 3094 καὶ

251 3140 710 3213 ἐπιφερομένους,
741 3138 817 3203 ὡς
859 3138 1027 3202 εἰκὸς,
1061 3137 1162 3211 ήδη
1194 3135 1348 3199 τινὰς
1385 3134 1524 3206 μετὰ
1548 3130 1848 3201 ἀσφαλείας

1954 1944 2121 2001 (εἰοεαι
2148 1944 2284 2012 sint,
2316 1945 2402 2000 vel
2429 1944 2591 2003 dolus
2622 1944 2824 2017 aliquis
2862 1944 3049 2001 lateat.

2023 2228 2116 2285 29.
2160 2230 2285 2300 ipso
2317 2228 2445 2285 belli
2478 2229 2600 2295 die,
2635 2225 3100 2300 quemadmodum
3146 2226 3506 2297 praediximus
3527 2260 3549 2294 ,

1953 2324 2207 2380 excubiis
2239 2324 2407 2379 simul
2441 2338 2566 2378 cum
2611 2324 2787 2393 prima
2838 2322 2962 2378 luce
3006 2320 3061 2376 in
3091 2329 3331 2391 quatuor
3360 2330 3551 2390 partes

1954 2415 2105 2472 illius
2132 2416 2239 2472 loci
2269 2417 2363 2471 ubi
2390 2414 2730 2471 conﬂictatio
2762 2415 2945 2469 futura
2971 2420 3056 2468 cst
3076 2412 3290 2479 divisis,
3321 2421 3416 2467 aut
3439 2412 3550 2467 duo

1956 2517 2052 2564 aut
2081 2508 2187 2564 tria
2228 2509 2593 2565 circumcirca
2651 2507 2925 2571 milliaria,
2975 2506 3288 2577 praecipies,
3329 2512 3391 2560 ut
3437 2519 3550 2561 non

1955 2600 2119 2654 modo
2155 2606 2341 2653 motus
2377 2597 2619 2653 hostium
2656 2597 2948 2653 advertant
3001 2604 3059 2650 et
3088 2595 3425 2666 signiﬁcent,
3454 2594 3551 2651 sed

1953 2694 2121 2749 etiam
2166 2709 2263 2751 eos
2302 2694 2399 2765 qui
2452 2693 2522 2749 ab
2582 2692 2840 2749 hostibus
2891 2692 3131 2751 deficere
3178 2692 3374 2747 volunt
3426 2706 3553 2759 per-

1955 2788 2218 2852 lustrent,
2255 2795 2310 2841 et
2340 2787 2483 2855 apud
2513 2800 2573 2841 se
2601 2786 2905 2840 detineant.
2940 2784 3054 2841 Hoc
3086 2785 3248 2840 modo
3279 2784 3425 2839 enim
3456 2797 3555 2839 eos

1953 2877 2046 2947 qui
2073 2877 2142 2931 ab
2162 2877 2407 2932 exercitu
2437 2884 2631 2931 nostro
2662 2874 2957 2946 aufugiunt
2976 2876 3135 2931 facile
3158 2859 3549 2944 prohibebunt,

1954 2978 2008 3023 et
2037 2982 2134 3023 eos
2164 2966 2258 3037 qui
2299 2967 2368 3021 ab
2410 2967 2655 3022 inimicis
2682 2967 2872 3021 volunt
2895 2968 2960 3021 ad
2991 2983 3094 3023 nos
3132 2966 3386 3031 deficere,
3423 2982 3549 3022 cum

1955 3059 2106 3113 omni
2138 3059 2519 3114 incolumitate
2549 3059 2619 3113 ab
2654 3058 2889 3113 aliorum
2923 3061 3261 3116 contumelia
3299 3060 3548 3131 integros

1955 3151 2399 3213 conservabunt,
2438 3165 2505 3205 ne
2536 3165 2567 3204 a
2613 3148 2951 3220 quibusdam
3002 3151 3163 3206 malis
3193 3151 3328 3206 viris
3356 3150 3551 3221 exagi-

254 3234 637 3303 ὐποδέχονται,
675 3234 757 3296 εἰς
789 3231 849 3303 τρ
900 3231 976 3303 μὴ
1020 3226 1431 3300 ἐπηρεάζεσθαι
1463 3225 1662 3287 αὐτοὺς
1697 3221 1849 3291 παρά

1955 3252 2137 3297 tentur
2168 3263 2182 3298 :
2214 3244 2362 3313 quod
2393 3244 2493 3299 abs
2517 3252 2571 3299 te
2601 3258 2727 3316 erga
2757 3259 2854 3301 eos
2875 3286 2890 3311 ,
2926 3245 3022 3316 qui
3065 3246 3132 3301 ad
3166 3257 3389 3302 nostras
3425 3261 3553 3316 pur-

251 3342 421 3379 τινων
449 3322 637 3379 κακῶν
662 3322 986 3395 ἀνθρώπων,
1018 3323 1158 3391 ὅπερ
1186 3322 1280 3375 καὶ
1309 3319 1395 3373 ἀεί
1420 3336 1479 3371 σε
1511 3317 1618 3389 χρὴ
1664 3333 1850 3386 παραι-

254 3416 553 3489 φυλάττειν
578 3418 658 3480 εἰς
695 3417 822 3480 τοὺς
842 3414 1294 3486 προσφεύγοντας
1326 3409 1466 3481 μετά
1509 3426 1670 3462 τινων
1710 3423 1852 3476 πρα-

253 3525 296 3577 γ
303 3507 489 3578 μάτων
503 3508 570 3577 τῇ
585 3504 832 3577 ἡμετέρᾳ
846 3503 1092 3574 πολιτείᾳ
1109 3502 1180 3565 ὡς
1207 3503 1503 3569 ἀναγκαῖον
1517 3497 1609 3551 καί
1620 3498 1851 3553 δίκαιον.

332 3595 395 3651 λ’.
422 3597 485 3651 Εἰ
524 3597 582 3651 δὲ
622 3597 763 3651 κατὰ
798 3596 866 3648 τὰ
911 3594 1225 3666 ἔμπροσθεν
1280 3592 1425 3661 μέρη
1459 3589 1558 3659 τῆς
1592 3587 1842 3659 παρατά-

254 3689 400 3756 ξεως
422 3687 765 3760 βιγλεύοντες
789 3687 916 3758 ἄχρι
966 3686 1085 3749 ἑνὸς
1146 3682 1533 3754 σαγιττοὸόλου
1595 3680 1693 3750 τῆς
1742 3678 1851 3732 τῶν

254 3779 476 3854 ἐχθρῶν
493 3780 875 3853 παρατάξεως,
898 3777 1211 3850 ἔμπροσθεν
1234 3779 1334 3847 τῆς
1358 3774 1493 3837 ἰδίας
1525 3791 1590 3827 πε
1600 3770 1851 3844 ριπατεί-

252 3892 442 3928 τωσαν
468 3872 974 3944 καὶόδηγείτωσαν,
1014 3872 1235 3941 μήπως,
1267 3866 1342 3933 ὼς
1372 3867 1615 3939 εἴρηται,
1653 3864 1853 3934 φόσσαι

254 3966 434 4037 ἤγουν
460 3962 750 4036 όρύγματά
776 3964 937 4028 εἰσιν,
969 3962 1004 4034 ἢ
1034 3961 1222 4033 ἕτερος
1248 3959 1399 4022 δόλος
1429 3956 1853 4030 [με]μελέτηται

254 4058 417 4127 παρὰ
442 4058 554 4113 τῶν
590 4056 803 4129 ἐχθρῶν
840 4071 854 4088 ⁸
890 4055 986 4110 καὶ
1019 4053 1370 4109 ἀναστέλλειν
1422 4052 1553 4115 τοὺς
1582 4050 1746 4113 ἰδίους
1774 4049 1856 4112 εἰς

253 4148 325 4203 τδ
355 4147 432 4220 μὴ
459 4148 741 4220 ἀδοκήτως
773 4145 1131 4217 περιπίπτειν
1155 4184 1170 4198 .

332 4238 438 4295 λα’.
478 4240 569 4295 Ἐν
613 4239 724 4311 γάρ
771 4241 884 4304 τοίς
911 4237 1234 4307 ἀναγκαίοις
1274 4236 1463 4300 τόποις
1492 4235 1587 4289 καὶ
1642 4232 1856 4303 καιροῖς

256 4333 343 4404 μὴ
371 4332 554 4403 μόνον,
586 4331 663 4396 ὡς
704 4332 942 4404 εἴρηται,
976 4331 1154 4395 ἁπλᾶς
1181 4329 1370 4400 βίγλας
1428 4325 1573 4383 κατὰ
1598 4325 1710 4379 τῶν
1757 4323 1858 4376 αὐ-

250 4425 370 4480 τῶν
398 4424 584 4480 τόπων
610 4425 903 4493 ποιεῖσθαι,
937 4424 1182 4479 ἀλλὰκαὶ
1210 4423 1426 4486 διπλᾶς
1456 4421 1545 4475 ἴνα
1564 4422 1666 4490 τῆς
1704 4417 1853 4490 μιᾶς,

252 4518 340 4583 ὥς
356 4518 524 4585 εἰκὸς,
559 4518 964 4589 λανθανομένης
996 4517 1327 4603 τὴνίὲτέραν
1367 4514 1443 4586 μὴ
1482 4512 1733 4583 διαλάθῃ.

333 4608 434 4681 λε’.
466 4612 575 4666 Καὶ
628 4611 726 4665 ἐὰν
774 4586 993 4680 ἕτοιμός
1024 4586 1238 4679 ι’σξινή
1285 4607 1458 4673 τάξις,
1482 4607 1577 4660 καὶ
1618 4608 1647 4660 ό
1689 4608 1854 4671 τόπος
1880 4586 1934 4647 D

248 4700 590 4770 ἐπιτήδειος,
628 4698 703 4771 μὴ
732 4699 1022 4769 ἀναμένειν
1046 4698 1174 4761 τοὺς
1218 4696 1447 4767 ἐχθροὺς
1494 4697 1553 4749 ἐν
1595 4699 1662 4768 τῇ
1716 4714 1856 4767 συμ-

252 4792 416 4864 ϐολῇ,
453 4792 542 4847 ίνα
572 4791 649 4864 μὴ
676 4791 1005 4855 κανονίζωσι
1028 4792 1123 4846 καὶ
1164 4787 1499 4861 μεθοδεύωσι
1544 4790 1646 4861 τὴν
1675 4790 1851 4856 τάξιν,

248 4882 401 4939 ἀλλὰ
426 4884 690 4954 ἀσφαλῶς
731 4885 911 4956 όρμᾷν
951 4884 1048 4938 καὶ
1087 4881 1426 4937 ἐπιτίθεσθαι
1455 4885 1569 4946 τοῖς
1616 4883 1853 4955 ἐχθροῖς.

329 4974 434 5045 λγ’.
476 4977 603 5030 Ἐάν
632 4976 689 5030 δὲ
718 4975 1017 5048 ὑπέρθεσιν
1038 4974 1251 5048 Emptis;
1285 4974 1456 5038 εἰκὸς,
1477 4975 1551 5028 τὰ
1579 4974 1683 5045 τῆς
1717 4992 1859 5046 συμ-

253 5067 429 5139 ϐολῆς
460 5068 549 5125 διά
574 5086 728 5132 τινας
751 5067 1007 5137 εὐλόγους
1027 5067 1231 5133 αἰτίας,
1250 5066 1555 5135 ἀναγκαῖόν
1580 5067 1729 5119 ἔστιν
1757 5068 1857 5138 τὴν

251 5161 525 5233 δευτέραν
554 5160 792 5233 μάλιστα
814 5161 969 5227 τάξιν
998 5162 1058 5214 ὲν
1086 5160 1209 5222 ταῖς
1243 5157 1664 5229 εὐρισκομέναις
1700 5157 1856 5221 ὕλαις

252 5254 294 5327 ἢ
345 5254 462 5320 τοῖς
520 5254 855 5326 κοιλοτέροις
903 5251 1092 5316 τόποις
1148 5250 1374 5305 ὄπισθεν
1424 5250 1691 5320 κρύπτειν
1718 5268 1733 5283 ο
1766 5250 1856 5305 ἵνα

259 5348 345 5422 μὴ
378 5349 485 5421 πρὸ
514 5346 712 5401 πολλοῦ
752 5349 866 5410 τοῖς
900 5345 1114 5416 ἐχθροῖς
1160 5342 1406 5413 ἀκαίρως
1439 5342 1853 5414 προφαινομένη

253 5440 405 5513 αὐτὴ
441 5439 821 5512 μεθοδεύηται.
866 5437 963 5492 καὶ
991 5433 1414 5504 ἑπιϐουλεύηται
1467 5433 1572 5487 ὑπὸ
1605 5435 1855 5504 ὲγκρυμ-

255 5532 476 5605 μάτων,
497 5534 529 5603 ἢ
548 5529 646 5587 καὶ
670 5532 774 5586 ὑπὸ
797 5531 974 5586 ἄλλων
1000 5531 1371 5601 ἐγχειρήσεων
1391 5525 1847 5597 κατασοφίξηται.

335 5624 428 5682 λδ.
475 5627 628 5680 Ἐπεὶ
653 5625 712 5680 δὲ
736 5624 867 5696 περὶ
900 5622 1103 5695 βιγλῶν
1137 5623 1159 5675 ὲ
1170 5618 1653 5692 μνημονεύσαμεν,
1680 5618 1762 5671 δεῖ
1794 5636 1853 5671 σε

1957 3342 2038 3389 tes
2070 3333 2415 3405 profugiunt,
2448 3334 2612 3406 quasi
2643 3333 2859 3405 justum
2895 3345 2951 3391 et
2992 3337 3377 3393 necessarium
3410 3351 3552 3392 con-

1956 3435 2231 3483 servetur.
3054 3425 3063 3436 '

2027 3607 2116 3663 50.
2159 3606 2295 3674 Quae
2340 3608 2397 3663 in
2443 3608 2725 3665 anteriore
2767 3617 2925 3679 parte
2976 3608 3258 3665 exercitus
3302 3607 3554 3665 excubiae

1958 3708 2110 3765 sunt,
2139 3713 2266 3756 ante
2296 3715 2453 3755 suam
2486 3710 2724 3772 partem,
2748 3702 3061 3771 usquedum
3098 3701 3244 3756 intra
3274 3701 3439 3757 unius
3464 3717 3557 3757 sa-

1957 3794 2108 3864 gittae
2156 3792 2371 3861 jactum
2430 3795 2684 3849 venerint
2730 3794 2868 3850 aciei
2922 3794 3189 3861 hostium,
3228 3794 3552 3850 ambulent.

1956 3899 2192 3954 eamque
2218 3885 2461 3951 ducant,
2492 3901 2563 3940 ne
2596 3884 2762 3941 fossa:
2806 3887 2931 3941 ullae
2970 3901 3035 3940 ac
3060 3886 3217 3943 lacus
3253 3886 3424 3951 flant,
3458 3894 3554 3941 aut

1957 3976 2116 4033 dolos
2144 3977 2292 4033 ullus
2323 3989 2614 4048 susceptus
2645 3979 2741 4043 sit,
2767 3993 3013 4048 suosque
3044 3988 3158 4032 tum
3192 3962 3548 4046 admoneant,

1959 4087 2029 4128 ne
2063 4072 2131 4128 de
2162 4071 2468 4144 improviso
2500 4073 2557 4127 in
2582 4071 2805 4143 aliquod
2839 4071 3045 4126 malum
3072 4072 3316 4128 veniant.

2031 4254 2123 4309 5|.
2160 4252 2504 4310 Necessariis
2549 4252 2685 4309 locis
2735 4266 2802 4307 ac
2845 4252 3194 4322 temporibus
3238 4267 3346 4307 non
3391 4252 3554 4308 modo

1960 4344 2263 4416 simplices,
2318 4361 2509 4401 verum
2572 4346 2740 4400 etiam
2790 4344 3044 4415 duplices
3099 4344 3301 4415 vigilite
3344 4347 3555 4400 consti-

1961 4439 2178 4493 tuenda:
2211 4445 2366 4504 sunt,
2402 4448 2462 4494 ut
2490 4438 2538 4493 si
2572 4437 2708 4512 quid
2741 4438 2978 4494 alteram
3018 4439 3208 4507 lateat,
3236 4439 3430 4495 ambas
3472 4439 3550 4493 la-

1959 4540 2079 4586 tere
2112 4547 2222 4587 non
2261 4532 2459 4601 possit.

2035 4626 2125 4681 5!.
2172 4624 2230 4680 Si
2273 4627 2548 4682 instructa
2578 4625 2761 4692 acies,
2796 4625 2845 4683 si
2892 4626 3052 4681 locus
3081 4626 3315 4680 idoneus
3346 4623 3551 4687 fuerit,

1963 4734 2033 4775 ne
2059 4726 2385 4790 exspectent
2416 4719 2547 4774 dum
2576 4720 2768 4776 hostes
2795 4733 2894 4775 eos
2917 4717 3203 4781 invadant,
3240 4724 3301 4773 ut
3333 4731 3402 4772 ne
3432 4730 3551 4769 ma-

1965 4813 2076 4866 lum
2114 4811 2337 4882 aliquod
2363 4826 2428 4867 ac
2456 4811 2645 4866 dolum
2685 4812 3098 4877 maehlnentur,
3134 4809 3229 4865 sed
3259 4808 3552 4865 confestim

1963 4901 2020 4956 in
2059 4916 2157 4957 eos
2185 4902 2335 4956 omni
2367 4902 2574 4973 impetu
2600 4917 2665 4958 ac
2701 4901 3022 4957 incursione
3050 4902 3320 4956 ruendum
3352 4910 3461 4956 est.

2025 4985 2116 5051 33.
2161 4993 2216 5050 Si
2243 4994 2439 5050 dilatio
2459 4995 2646 5066 aliqua
2680 4993 3119 5050 conﬂictationis
3140 4993 3435 5058 habeatur,
3464 5011 3558 5050 sc-

1954 5087 2136 5142 cunda
2180 5088 2335 5144 acies
2383 5087 2439 5141 in
2478 5087 2617 5143 locis
2650 5086 2954 5142 condensis
3002 5087 3338 5158 silvosisque
3390 5096 3557 5158 atque

1955 5179 2338 5251 asperioribus
2369 5179 2704 5235 occultanda
2733 5187 2840 5247 est,
2876 5187 2935 5234 ut
2978 5195 3048 5234 ne
3079 5179 3128 5235 si
3164 5179 3354 5235 hostes
3393 5180 3556 5249 longe

1955 5282 2086 5331 ante
2115 5282 2362 5344 tempore
2383 5288 2503 5329 eam
2527 5273 3041 5338 animadverterint,
3069 5273 3287 5330 insidiis
3314 5272 3553 5342 aliisque

1962 5366 2345 5424 molitionibus
2377 5365 2569 5423 multis
2604 5373 2863 5437 appetant
2895 5374 3060 5437 atque
3094 5366 3378 5421 invadant.

2036 5613 2128 5671 54.
2175 5612 2449 5680 Quoniam
2489 5613 2559 5671 de
2606 5612 2860 5670 excubiis
2905 5611 3242 5668 mentionem
3295 5608 3553 5677 fecimus,

1822 5709 2059 5767 NOTAE.

332 5810 414 5883 (ό)
442 5812 886 5884 Κονταράτους.
909 5809 1291 5877 Scribebatur,
1314 5804 1631 5879 κοντάρους.

2051 5802 2128 5875 (5)
2163 5799 2567 5871 Προσρυῆιηι.
2603 5803 2981 5869 Srribebatur,
3025 5802 3163 5874 πρὸς
3199 5800 3423 5873 ῥυῆναι.
