  <div class='ocr_page' id='page_1' title='image "/cluster/home/n/w/nwhite01/storage/ocr_20150623/107/coo.31924054870112/475.png"; bbox 0 0 4090 6448; ppageno 0'>
   <div class='ocr_carea' id='block_1_1' title="bbox 535 355 650 421">
    <p class='ocr_par' dir='ltr' id='par_1_1' title="bbox 535 355 650 421">
     <span class='ocr_line' id='line_1_1' title="bbox 535 355 650 421; baseline -0.009 0"><span class='ocrx_word' id='word_1_1' title='bbox 535 355 650 421; x_wconf 82' lang='lat'><strong>859-</strong></span> 
     </span>
    </p>
   </div>
   <div class='ocr_carea' id='block_1_2' title="bbox 1813 347 2616 412">
    <p class='ocr_par' dir='ltr' id='par_1_2' title="bbox 1813 347 2616 412">
     <span class='ocr_line' id='line_1_2' title="bbox 1813 347 2616 412; baseline 0 -2"><span class='ocrx_word' id='word_1_2' title='bbox 1813 347 2095 410; x_wconf 69' lang='lat' dir='ltr'><strong>LEONIS</strong></span> <span class='ocrx_word' id='word_1_3' title='bbox 2128 347 2616 412; x_wconf 78' lang='lat' dir='ltr'><strong>PHILOSOPHI</strong></span> 
     </span>
    </p>
   </div>
   <div class='ocr_carea' id='block_1_3' title="bbox 3727 353 3839 421">
    <p class='ocr_par' dir='ltr' id='par_1_3' title="bbox 3727 353 3839 421">
     <span class='ocr_line' id='line_1_3' title="bbox 3727 353 3839 421; baseline 0 -3"><span class='ocrx_word' id='word_1_4' title='bbox 3727 353 3839 421; x_wconf 73' lang='lat'><strong>860</strong></span> 
     </span>
    </p>
   </div>
   <div class='ocr_carea' id='block_1_4' title="bbox 534 453 2138 532">
    <p class='ocr_par' dir='ltr' id='par_1_4' title="bbox 534 455 2131 532">
     <span class='ocr_line' id='line_1_4' title="bbox 534 455 2131 532; baseline -0.006 -11"><span class='ocrx_word' id='word_1_5' title='bbox 534 463 937 521; x_wconf 80' lang='lat' dir='ltr'><strong>ostendendum</strong></span> <span class='ocrx_word' id='word_1_6' title='bbox 981 457 1447 532; x_wconf 75' lang='lat' dir='ltr'><strong>quernadmodum</strong></span> <span class='ocrx_word' id='word_1_7' title='bbox 1493 457 1578 512; x_wconf 64' lang='lat' dir='ltr'><strong>hae</strong></span> <span class='ocrx_word' id='word_1_8' title='bbox 1635 455 1923 512; x_wconf 72' lang='lat' dir='ltr'><strong>ﬁrmandae</strong></span> <span class='ocrx_word' id='word_1_9' title='bbox 1975 466 2131 512; x_wconf 86' lang='lat' dir='ltr'><strong>sunt.</strong></span> 
     </span>
    </p>
   </div>
   <div class='ocr_carea' id='block_1_5' title="bbox 2245 453 3838 532">
    <p class='ocr_par' dir='ltr' id='par_1_5' title="bbox 2245 453 3838 532">
     <span class='ocr_line' id='line_1_5' title="bbox 2245 453 3838 532; baseline 0.004 -21"><span class='ocrx_word' id='word_1_10' title='bbox 2245 457 2412 520; x_wconf 78' lang='grc' dir='ltr'>αὐτὰς</span> <span class='ocrx_word' id='word_1_11' title='bbox 2447 454 2651 527; x_wconf 76' lang='grc' dir='ltr'>ὀχυράς</span> <span class='ocrx_word' id='word_1_12' title='bbox 2679 455 2878 520; x_wconf 80' lang='grc' dir='ltr'><strong>ποιεῖν,</strong></span> <span class='ocrx_word' id='word_1_13' title='bbox 2915 455 3010 509; x_wconf 70' lang='grc' dir='ltr'><strong>καὶ</strong></span> <span class='ocrx_word' id='word_1_14' title='bbox 3047 453 3282 527; x_wconf 82' lang='grc' dir='ltr'>διαιρεῖν</span> <span class='ocrx_word' id='word_1_15' title='bbox 3311 458 3438 524; x_wconf 74' lang='grc' dir='ltr'>τοὺς</span> <span class='ocrx_word' id='word_1_16' title='bbox 3467 459 3838 532; x_wconf 74' lang='grc' dir='ltr'>βιγλιύοντας,</span> 
     </span>
    </p>
   </div>
   <div class='ocr_carea' id='block_1_6' title="bbox 537 547 2138 623">
    <p class='ocr_par' dir='ltr' id='par_1_6' title="bbox 537 547 2134 621">
     <span class='ocr_line' id='line_1_6' title="bbox 537 547 2134 621; baseline -0.007 -10"><span class='ocrx_word' id='word_1_17' title='bbox 537 555 814 611; x_wconf 74' lang='lat' dir='ltr'><strong>Excubias</strong></span> <span class='ocrx_word' id='word_1_18' title='bbox 837 554 892 607; x_wconf 92' lang='lat' dir='ltr'><strong>in</strong></span> <span class='ocrx_word' id='word_1_19' title='bbox 919 554 1064 610; x_wconf 46' lang='lat' dir='ltr'><strong>duas:</strong></span> <span class='ocrx_word' id='word_1_20' title='bbox 1083 561 1270 621; x_wconf 83' lang='lat' dir='ltr'><strong>partes</strong></span> <span class='ocrx_word' id='word_1_21' title='bbox 1291 549 1540 615; x_wconf 86' lang='lat' dir='ltr'><strong>divides;</strong></span> <span class='ocrx_word' id='word_1_22' title='bbox 1571 558 1631 603; x_wconf 90' lang='lat' dir='ltr'><strong>ut</strong></span> <span class='ocrx_word' id='word_1_23' title='bbox 1662 548 1850 603; x_wconf 72' lang='lat' dir='ltr'><strong>altera:</strong></span> <span class='ocrx_word' id='word_1_24' title='bbox 1883 547 2134 618; x_wconf 77' lang='lat' dir='ltr'><strong>vigilem,</strong></span> 
     </span>
    </p>
   </div>
   <div class='ocr_carea' id='block_1_7' title="bbox 2245 547 3843 623">
    <p class='ocr_par' dir='ltr' id='par_1_7' title="bbox 2245 548 3843 623">
     <span class='ocr_line' id='line_1_7' title="bbox 2245 548 3843 623; baseline 0.007 -22"><span class='ocrx_word' id='word_1_25' title='bbox 2245 549 2328 601; x_wconf 78' lang='grc' dir='ltr'><strong>ἵνα</strong></span> <span class='ocrx_word' id='word_1_26' title='bbox 2353 551 2403 601; x_wconf 81' lang='lat' dir='ltr'><strong>oi</strong></span> <span class='ocrx_word' id='word_1_27' title='bbox 2454 549 2553 618; x_wconf 86' lang='grc' dir='ltr'>μὲν</span> <span class='ocrx_word' id='word_1_28' title='bbox 2599 548 2844 602; x_wconf 83' lang='grc' dir='ltr'>ύπνῶσιν</span> <span class='ocrx_word' id='word_1_29' title='bbox 2869 586 2884 614; x_wconf 92' lang='grc'><strong>,</strong></span> <span class='ocrx_word' id='word_1_30' title='bbox 2931 549 2980 602; x_wconf 78' lang='lat' dir='ltr'><strong>oi</strong></span> <span class='ocrx_word' id='word_1_31' title='bbox 3010 548 3068 602; x_wconf 82' lang='grc' dir='ltr'><strong>δέ</strong></span> <span class='ocrx_word' id='word_1_32' title='bbox 3103 551 3510 622; x_wconf 81' lang='grc' dir='ltr'>ἐγρηγορῶσιν,</span> <span class='ocrx_word' id='word_1_33' title='bbox 3544 555 3638 608; x_wconf 75' lang='grc' dir='ltr'><strong>καὶ</strong></span> <span class='ocrx_word' id='word_1_34' title='bbox 3663 556 3843 623; x_wconf 74' lang='grc' dir='ltr'>οὔτως</span> 
     </span>
    </p>
   </div>
   <div class='ocr_carea' id='block_1_8' title="bbox 540 641 2138 703">
    <p class='ocr_par' dir='ltr' id='par_1_8' title="bbox 540 641 2138 703">
     <span class='ocr_line' id='line_1_8' title="bbox 540 641 2138 703; baseline -0.004 -1"><span class='ocrx_word' id='word_1_35' title='bbox 540 651 728 703; x_wconf 65' lang='lat' dir='ltr'><strong>altera:</strong></span> <span class='ocrx_word' id='word_1_36' title='bbox 764 646 1012 701; x_wconf 75' lang='lat' dir='ltr'><strong>vicissim</strong></span> <span class='ocrx_word' id='word_1_37' title='bbox 1045 645 1350 700; x_wconf 84' lang='lat' dir='ltr'><strong>dormiant.</strong></span> <span class='ocrx_word' id='word_1_38' title='bbox 1390 641 1606 698; x_wconf 80' lang='lat' dir='ltr'><strong>Nemini</strong></span> <span class='ocrx_word' id='word_1_39' title='bbox 1643 642 1791 698; x_wconf 86' lang='lat' dir='ltr'><strong>enim</strong></span> <span class='ocrx_word' id='word_1_40' title='bbox 1839 641 2001 696; x_wconf 82' lang='lat' dir='ltr'><strong>fidem</strong></span> <span class='ocrx_word' id='word_1_41' title='bbox 2036 642 2138 695; x_wconf 83' lang='lat' dir='ltr'><strong>ha-</strong></span> 
     </span>
    </p>
   </div>
   <div class='ocr_carea' id='block_1_9' title="bbox 541 733 2137 809">
    <p class='ocr_par' dir='ltr' id='par_1_9' title="bbox 541 733 2137 809">
     <span class='ocr_line' id='line_1_9' title="bbox 541 733 2137 809; baseline -0.007 -13"><span class='ocrx_word' id='word_1_42' title='bbox 541 743 695 806; x_wconf 80' lang='lat' dir='ltr'><strong>beas,</strong></span> <span class='ocrx_word' id='word_1_43' title='bbox 727 740 991 809; x_wconf 82' lang='lat' dir='ltr'><strong>quamvis</strong></span> <span class='ocrx_word' id='word_1_44' title='bbox 1027 737 1302 807; x_wconf 74' lang='lat' dir='ltr'><strong>receperit</strong></span> <span class='ocrx_word' id='word_1_45' title='bbox 1335 751 1397 791; x_wconf 89' lang='lat' dir='ltr'><strong>e</strong></span> <span class='ocrx_word' id='word_1_46' title='bbox 1440 735 1714 804; x_wconf 79' lang='lat' dir='ltr'><strong>integram</strong></span> <span class='ocrx_word' id='word_1_47' title='bbox 1743 747 1960 790; x_wconf 88' lang='lat' dir='ltr'><strong>noctem</strong></span> <span class='ocrx_word' id='word_1_48' title='bbox 2001 733 2137 804; x_wconf 71' lang='lat' dir='ltr'><strong>vigi-</strong></span> 
     </span>
    </p>
   </div>
   <div class='ocr_carea' id='block_1_10' title="bbox 2243 638 3842 716">
    <p class='ocr_par' dir='ltr' id='par_1_10' title="bbox 2243 638 3842 716">
     <span class='ocr_line' id='line_1_10' title="bbox 2243 638 3842 716; baseline -0.003 -25"><span class='ocrx_word' id='word_1_49' title='bbox 2243 638 2674 702; x_wconf 87' lang='grc' dir='ltr'>ἐναλλάσσοντας</span> <span class='ocrx_word' id='word_1_50' title='bbox 2703 638 2970 710; x_wconf 73' lang='grc' dir='ltr'><strong>ἀλλήλους</strong></span> <span class='ocrx_word' id='word_1_51' title='bbox 3000 638 3302 709; x_wconf 85' lang='grc' dir='ltr'>βιγλεύειν.</span> <span class='ocrx_word' id='word_1_52' title='bbox 3326 642 3417 713; x_wconf 78' lang='grc' dir='ltr'><strong>Μὴ</strong></span> <span class='ocrx_word' id='word_1_53' title='bbox 3445 643 3555 716; x_wconf 81' lang='grc' dir='ltr'>γὰρ</span> <span class='ocrx_word' id='word_1_54' title='bbox 3610 647 3842 700; x_wconf 52' lang='lat' dir='ltr'><strong>arma)-</strong></span> 
     </span>
    </p>
   </div>
   <div class='ocr_carea' id='block_1_11' title="bbox 2246 730 3846 808">
    <p class='ocr_par' dir='ltr' id='par_1_11' title="bbox 2246 730 3846 808">
     <span class='ocr_line' id='line_1_11' title="bbox 2246 730 3846 808; baseline 0.006 -24"><span class='ocrx_word' id='word_1_55' title='bbox 2246 748 2346 802; x_wconf 79' lang='grc' dir='ltr'><strong>σῃς</strong></span> <span class='ocrx_word' id='word_1_56' title='bbox 2375 730 2505 798; x_wconf 68' lang='grc' dir='ltr'>τινὶ,</span> <span class='ocrx_word' id='word_1_57' title='bbox 2560 735 2666 786; x_wconf 83' lang='grc' dir='ltr'><strong>κᾶν</strong></span> <span class='ocrx_word' id='word_1_58' title='bbox 2711 731 3009 802; x_wconf 80' lang='grc' dir='ltr'>ὑπόσχεσιν</span> <span class='ocrx_word' id='word_1_59' title='bbox 3062 736 3303 787; x_wconf 85' lang='grc' dir='ltr'>ποιεῖται</span> <span class='ocrx_word' id='word_1_60' title='bbox 3353 735 3486 807; x_wconf 81' lang='grc' dir='ltr'>ὅλην</span> <span class='ocrx_word' id='word_1_61' title='bbox 3521 735 3621 808; x_wconf 82' lang='grc' dir='ltr'><strong>τὴν</strong></span> <span class='ocrx_word' id='word_1_62' title='bbox 3671 738 3846 793; x_wconf 88' lang='grc' dir='ltr'>νύκτα</span> 
     </span>
    </p>
   </div>
   <div class='ocr_carea' id='block_1_12' title="bbox 538 823 2138 897">
    <p class='ocr_par' dir='ltr' id='par_1_12' title="bbox 538 826 2138 896">
     <span class='ocr_line' id='line_1_12' title="bbox 538 826 2138 896; baseline -0.003 -11"><span class='ocrx_word' id='word_1_63' title='bbox 538 833 806 886; x_wconf 83' lang='lat' dir='ltr'><strong>laturum.</strong></span> <span class='ocrx_word' id='word_1_64' title='bbox 863 831 1108 883; x_wconf 85' lang='lat' dir='ltr'><strong>Somnus</strong></span> <span class='ocrx_word' id='word_1_65' title='bbox 1162 832 1308 882; x_wconf 87' lang='lat' dir='ltr'><strong>enim</strong></span> <span class='ocrx_word' id='word_1_66' title='bbox 1366 843 1432 882; x_wconf 87' lang='lat' dir='ltr'><strong>ac</strong></span> <span class='ocrx_word' id='word_1_67' title='bbox 1493 842 1660 894; x_wconf 84' lang='lat' dir='ltr'><strong>sopor</strong></span> <span class='ocrx_word' id='word_1_68' title='bbox 1719 828 1788 881; x_wconf 88' lang='lat' dir='ltr'><strong>de</strong></span> <span class='ocrx_word' id='word_1_69' title='bbox 1837 826 2138 896; x_wconf 84' lang='lat' dir='ltr'><strong>improviso</strong></span> 
     </span>
    </p>
   </div>
   <div class='ocr_carea' id='block_1_13' title="bbox 2245 823 3846 897">
    <p class='ocr_par' dir='ltr' id='par_1_13' title="bbox 2245 823 3846 897">
     <span class='ocr_line' id='line_1_13' title="bbox 2245 823 3846 897; baseline -0.004 -20"><span class='ocrx_word' id='word_1_70' title='bbox 2245 823 2592 893; x_wconf 78' lang='grc' dir='ltr'><strong>γρηγορῆσαι</strong></span> <span class='ocrx_word' id='word_1_71' title='bbox 2632 823 2913 894; x_wconf 77' lang='grc' dir='ltr'><strong>ἄγρυπνον</strong></span> <span class='ocrx_word' id='word_1_72' title='bbox 2936 840 2951 856; x_wconf 87' lang='grc'><strong>·</strong></span> <span class='ocrx_word' id='word_1_73' title='bbox 2979 825 3075 878; x_wconf 65' lang='grc' dir='ltr'><strong>καὶ⁵</strong></span> <span class='ocrx_word' id='word_1_74' title='bbox 3108 825 3218 895; x_wconf 84' lang='grc' dir='ltr'>γὰρ</span> <span class='ocrx_word' id='word_1_75' title='bbox 3248 826 3528 897; x_wconf 79' lang='grc' dir='ltr'>ἐνδέχεται</span> <span class='ocrx_word' id='word_1_76' title='bbox 3555 829 3651 884; x_wconf 66' lang='grc' dir='ltr'><strong>καὶ</strong></span> <span class='ocrx_word' id='word_1_77' title='bbox 3679 830 3846 884; x_wconf 70' lang='grc' dir='ltr'>αὑτό..</span> 
     </span>
    </p>
   </div>
   <div class='ocr_carea' id='block_1_14' title="bbox 538 919 2137 992">
    <p class='ocr_par' dir='ltr' id='par_1_14' title="bbox 538 919 2137 992">
     <span class='ocr_line' id='line_1_14' title="bbox 538 919 2137 992; baseline -0.006 -12"><span class='ocrx_word' id='word_1_78' title='bbox 538 934 736 992; x_wconf 83' lang='lat' dir='ltr'><strong>sponte</strong></span> <span class='ocrx_word' id='word_1_79' title='bbox 762 924 999 992; x_wconf 84' lang='lat' dir='ltr'><strong>quadam</strong></span> <span class='ocrx_word' id='word_1_80' title='bbox 1029 938 1128 977; x_wconf 80' lang='lat' dir='ltr'><strong>sua</strong></span> <span class='ocrx_word' id='word_1_81' title='bbox 1148 921 1493 990; x_wconf 85' lang='lat' dir='ltr'><strong>opprimunt.</strong></span> <span class='ocrx_word' id='word_1_82' title='bbox 1514 920 1652 975; x_wconf 86' lang='lat' dir='ltr'><strong>Cum</strong></span> <span class='ocrx_word' id='word_1_83' title='bbox 1678 919 1907 989; x_wconf 84' lang='lat' dir='ltr'><strong>vigilare</strong></span> <span class='ocrx_word' id='word_1_84' title='bbox 1925 919 2137 982; x_wconf 86' lang='lat' dir='ltr'><strong>volunt,</strong></span> 
     </span>
    </p>
   </div>
   <div class='ocr_carea' id='block_1_15' title="bbox 537 1013 2138 1088">
    <p class='ocr_par' dir='ltr' id='par_1_15' title="bbox 537 1013 2138 1088">
     <span class='ocr_line' id='line_1_15' title="bbox 537 1013 2138 1088; baseline -0.004 -15"><span class='ocrx_word' id='word_1_85' title='bbox 537 1020 672 1073; x_wconf 85' lang='lat' dir='ltr'><strong>recti</strong></span> <span class='ocrx_word' id='word_1_86' title='bbox 693 1019 924 1088; x_wconf 87' lang='lat' dir='ltr'><strong>pedibus</strong></span> <span class='ocrx_word' id='word_1_87' title='bbox 943 1016 1293 1070; x_wconf 83' lang='lat' dir='ltr'><strong>consistant:</strong></span> <span class='ocrx_word' id='word_1_88' title='bbox 1328 1014 1610 1069; x_wconf 81' lang='lat' dir='ltr'><strong>sessiones</strong></span> <span class='ocrx_word' id='word_1_89' title='bbox 1635 1014 1782 1067; x_wconf 88' lang='lat' dir='ltr'><strong>enim</strong></span> <span class='ocrx_word' id='word_1_90' title='bbox 1812 1027 1876 1067; x_wconf 86' lang='lat' dir='ltr'><strong>ae</strong></span> <span class='ocrx_word' id='word_1_91' title='bbox 1905 1013 2138 1068; x_wconf 79' lang='lat' dir='ltr'><strong>recuba-</strong></span> 
     </span>
    </p>
   </div>
   <div class='ocr_carea' id='block_1_16' title="bbox 540 1105 2141 1180">
    <p class='ocr_par' dir='ltr' id='par_1_16' title="bbox 540 1105 2141 1180">
     <span class='ocr_line' id='line_1_16' title="bbox 540 1105 2141 1180; baseline -0.004 -15"><span class='ocrx_word' id='word_1_92' title='bbox 540 1113 723 1167; x_wconf 85' lang='lat' dir='ltr'><strong>tiones</strong></span> <span class='ocrx_word' id='word_1_93' title='bbox 750 1126 984 1180; x_wconf 87' lang='lat' dir='ltr'><strong>corpora</strong></span> <span class='ocrx_word' id='word_1_94' title='bbox 1027 1111 1081 1163; x_wconf 91' lang='lat' dir='ltr'><strong>in</strong></span> <span class='ocrx_word' id='word_1_95' title='bbox 1132 1123 1388 1164; x_wconf 84' lang='lat' dir='ltr'><strong>somnum</strong></span> <span class='ocrx_word' id='word_1_96' title='bbox 1425 1106 1779 1177; x_wconf 71' lang='lat' dir='ltr'><strong>praecipitant</strong></span> <span class='ocrx_word' id='word_1_97' title='bbox 1814 1123 1827 1157; x_wconf 92' lang='lat'><strong>:</strong></span> <span class='ocrx_word' id='word_1_98' title='bbox 1871 1105 2141 1161; x_wconf 85' lang='lat' dir='ltr'><strong>stationes</strong></span> 
     </span>
    </p>
   </div>
   <div class='ocr_carea' id='block_1_17' title="bbox 539 1199 2002 1277">
    <p class='ocr_par' dir='ltr' id='par_1_17' title="bbox 539 1199 2002 1277">
     <span class='ocr_line' id='line_1_17' title="bbox 539 1199 2002 1277; baseline -0.004 -17"><span class='ocrx_word' id='word_1_99' title='bbox 539 1220 720 1262; x_wconf 88' lang='lat' dir='ltr'><strong>autem</strong></span> <span class='ocrx_word' id='word_1_100' title='bbox 749 1205 950 1277; x_wconf 88' lang='lat' dir='ltr'><strong>pedum</strong></span> <span class='ocrx_word' id='word_1_101' title='bbox 999 1211 1240 1258; x_wconf 84' lang='lat' dir='ltr'><strong>mentem</strong></span> <span class='ocrx_word' id='word_1_102' title='bbox 1275 1201 1699 1256; x_wconf 79' lang='lat' dir='ltr'><strong>indormientem</strong></span> <span class='ocrx_word' id='word_1_103' title='bbox 1731 1199 2002 1254; x_wconf 76' lang='lat' dir='ltr'><strong>excitant.</strong></span> 
     </span>
    </p>
   </div>
   <div class='ocr_carea' id='block_1_18' title="bbox 610 1379 2144 1454">
    <p class='ocr_par' dir='ltr' id='par_1_18' title="bbox 610 1379 2144 1454">
     <span class='ocr_line' id='line_1_18' title="bbox 610 1379 2144 1454; baseline -0.003 -13"><span class='ocrx_word' id='word_1_104' title='bbox 610 1386 699 1441; x_wconf 75' lang='lat'><strong>35.</strong></span> <span class='ocrx_word' id='word_1_105' title='bbox 743 1385 893 1439; x_wconf 79' lang='lat' dir='ltr'><strong>Bello</strong></span> <span class='ocrx_word' id='word_1_106' title='bbox 921 1384 1036 1454; x_wconf 85' lang='lat' dir='ltr'><strong>jam</strong></span> <span class='ocrx_word' id='word_1_107' title='bbox 1072 1379 1353 1447; x_wconf 85' lang='lat' dir='ltr'><strong>confecto,</strong></span> <span class='ocrx_word' id='word_1_108' title='bbox 1391 1379 1489 1449; x_wconf 89' lang='lat' dir='ltr'><strong>qui</strong></span> <span class='ocrx_word' id='word_1_109' title='bbox 1527 1380 1765 1436; x_wconf 86' lang='lat' dir='ltr'><strong>sanciati</strong></span> <span class='ocrx_word' id='word_1_110' title='bbox 1799 1379 2023 1437; x_wconf 85' lang='lat' dir='ltr'><strong>fuerant</strong></span> <span class='ocrx_word' id='word_1_111' title='bbox 2058 1395 2144 1437; x_wconf 67' lang='lat' dir='ltr'><strong>reo</strong></span> 
     </span>
    </p>
   </div>
   <div class='ocr_carea' id='block_1_19' title="bbox 538 1478 2136 1549">
    <p class='ocr_par' dir='ltr' id='par_1_19' title="bbox 538 1478 2136 1549">
     <span class='ocr_line' id='line_1_19' title="bbox 538 1478 2136 1549; baseline -0.001 -15"><span class='ocrx_word' id='word_1_112' title='bbox 538 1479 760 1534; x_wconf 79' lang='lat' dir='ltr'><strong>levandi</strong></span> <span class='ocrx_word' id='word_1_113' title='bbox 792 1479 1240 1549; x_wconf 77' lang='lat' dir='ltr'><strong>consulendique</strong></span> <span class='ocrx_word' id='word_1_114' title='bbox 1277 1486 1445 1544; x_wconf 83' lang='lat' dir='ltr'><strong>sunt;</strong></span> <span class='ocrx_word' id='word_1_115' title='bbox 1481 1478 1576 1546; x_wconf 85' lang='lat' dir='ltr'><strong>qui</strong></span> <span class='ocrx_word' id='word_1_116' title='bbox 1611 1479 1938 1534; x_wconf 85' lang='lat' dir='ltr'><strong>ceciderunt</strong></span> <span class='ocrx_word' id='word_1_117' title='bbox 1969 1479 2136 1533; x_wconf 87' lang='lat' dir='ltr'><strong>boue-</strong></span> 
     </span>
    </p>
   </div>
   <div class='ocr_carea' id='block_1_20' title="bbox 539 1570 2145 1639">
    <p class='ocr_par' dir='ltr' id='par_1_20' title="bbox 539 1570 2145 1639">
     <span class='ocr_line' id='line_1_20' title="bbox 539 1570 2145 1639; baseline -0.001 -14"><span class='ocrx_word' id='word_1_118' title='bbox 539 1579 684 1625; x_wconf 88' lang='lat' dir='ltr'><strong>stum</strong></span> <span class='ocrx_word' id='word_1_119' title='bbox 722 1570 890 1625; x_wconf 83' lang='lat' dir='ltr'><strong>funus</strong></span> <span class='ocrx_word' id='word_1_120' title='bbox 933 1571 1193 1634; x_wconf 77' lang='lat' dir='ltr'><strong>habeant,</strong></span> <span class='ocrx_word' id='word_1_121' title='bbox 1244 1570 1616 1639; x_wconf 80' lang='lat' dir='ltr'><strong>laudibusque</strong></span> <span class='ocrx_word' id='word_1_122' title='bbox 1663 1570 1858 1625; x_wconf 84' lang='lat' dir='ltr'><strong>multis</strong></span> <span class='ocrx_word' id='word_1_123' title='bbox 1897 1571 2145 1626; x_wconf 86' lang='lat' dir='ltr'><strong>cohone-</strong></span> 
     </span>
    </p>
   </div>
   <div class='ocr_carea' id='block_1_21' title="bbox 539 1662 2142 1738">
    <p class='ocr_par' dir='ltr' id='par_1_21' title="bbox 539 1662 2142 1738">
     <span class='ocr_line' id='line_1_21' title="bbox 539 1662 2142 1738; baseline 0 -20"><span class='ocrx_word' id='word_1_124' title='bbox 539 1669 782 1729; x_wconf 82' lang='lat' dir='ltr'><strong>stentur,</strong></span> <span class='ocrx_word' id='word_1_125' title='bbox 839 1665 936 1734; x_wconf 89' lang='lat' dir='ltr'><strong>qui</strong></span> <span class='ocrx_word' id='word_1_126' title='bbox 990 1679 1091 1734; x_wconf 86' lang='lat' dir='ltr'><strong>pro</strong></span> <span class='ocrx_word' id='word_1_127' title='bbox 1133 1662 1240 1719; x_wconf 82' lang='lat' dir='ltr'><strong>ﬁde</strong></span> <span class='ocrx_word' id='word_1_128' title='bbox 1291 1663 1632 1728; x_wconf 80' lang='lat' dir='ltr'><strong>Christiana,</strong></span> <span class='ocrx_word' id='word_1_129' title='bbox 1686 1678 1788 1734; x_wconf 85' lang='lat' dir='ltr'><strong>pro</strong></span> <span class='ocrx_word' id='word_1_130' title='bbox 1848 1663 2142 1738; x_wconf 73' lang='lat' dir='ltr'><strong>fratribus,</strong></span> 
     </span>
    </p>
   </div>
   <div class='ocr_carea' id='block_1_22' title="bbox 539 1752 2143 1823">
    <p class='ocr_par' dir='ltr' id='par_1_22' title="bbox 539 1752 2143 1823">
     <span class='ocr_line' id='line_1_22' title="bbox 539 1752 2143 1823; baseline 0.003 -17"><span class='ocrx_word' id='word_1_131' title='bbox 539 1767 698 1806; x_wconf 86' lang='lat' dir='ltr'><strong>suam</strong></span> <span class='ocrx_word' id='word_1_132' title='bbox 756 1755 1004 1822; x_wconf 88' lang='lat' dir='ltr'><strong>ipsorum</strong></span> <span class='ocrx_word' id='word_1_133' title='bbox 1071 1753 1244 1808; x_wconf 77' lang='lat' dir='ltr'><strong>vitam</strong></span> <span class='ocrx_word' id='word_1_134' title='bbox 1317 1753 1722 1823; x_wconf 79' lang='lat' dir='ltr'><strong>profuderunt.</strong></span> <span class='ocrx_word' id='word_1_135' title='bbox 1782 1752 1900 1810; x_wconf 77' lang='lat' dir='ltr'><strong>Hoc</strong></span> <span class='ocrx_word' id='word_1_136' title='bbox 1958 1765 2143 1810; x_wconf 75' lang='lat' dir='ltr'><strong>autem</strong></span> 
     </span>
    </p>
   </div>
   <div class='ocr_carea' id='block_1_23' title="bbox 2247 915 3844 991">
    <p class='ocr_par' dir='ltr' id='par_1_23' title="bbox 2247 915 3844 991">
     <span class='ocr_line' id='line_1_23' title="bbox 2247 915 3844 991; baseline 0.007 -24"><span class='ocrx_word' id='word_1_137' title='bbox 2247 931 2416 985; x_wconf 86' lang='grc' dir='ltr'>ματον</span> <span class='ocrx_word' id='word_1_138' title='bbox 2449 915 2617 970; x_wconf 81' lang='grc' dir='ltr'>ὕπνον</span> <span class='ocrx_word' id='word_1_139' title='bbox 2650 916 2918 971; x_wconf 74' lang='grc' dir='ltr'><strong>ἐπελθεῖν·</strong></span> <span class='ocrx_word' id='word_1_140' title='bbox 2945 920 3003 971; x_wconf 84' lang='grc' dir='ltr'><strong>ἐν</strong></span> <span class='ocrx_word' id='word_1_141' title='bbox 3031 919 3088 971; x_wconf 78' lang='grc' dir='ltr'>δὲ</span> <span class='ocrx_word' id='word_1_142' title='bbox 3116 921 3239 983; x_wconf 83' lang='grc' dir='ltr'>ταῖς</span> <span class='ocrx_word' id='word_1_143' title='bbox 3269 918 3461 984; x_wconf 76' lang='grc' dir='ltr'>ἄλλαις</span> <span class='ocrx_word' id='word_1_144' title='bbox 3483 920 3721 991; x_wconf 80' lang='grc' dir='ltr'>βίγλαις,</span> <span class='ocrx_word' id='word_1_145' title='bbox 3748 925 3844 978; x_wconf 79' lang='grc' dir='ltr'>ὅτε</span> 
     </span>
    </p>
   </div>
   <div class='ocr_carea' id='block_1_24' title="bbox 2241 1009 3846 1084">
    <p class='ocr_par' dir='ltr' id='par_1_24' title="bbox 2241 1009 3846 1084">
     <span class='ocr_line' id='line_1_24' title="bbox 2241 1009 3846 1084; baseline 0.007 -24"><span class='ocrx_word' id='word_1_146' title='bbox 2241 1009 2424 1078; x_wconf 85' lang='grc' dir='ltr'>χρεία,</span> <span class='ocrx_word' id='word_1_147' title='bbox 2474 1009 2696 1074; x_wconf 86' lang='grc' dir='ltr'>πάντως</span> <span class='ocrx_word' id='word_1_148' title='bbox 2724 1012 2818 1064; x_wconf 74' lang='grc' dir='ltr'>καὶ</span> <span class='ocrx_word' id='word_1_149' title='bbox 2863 1011 3060 1084; x_wconf 84' lang='grc' dir='ltr'>ὀρθοὺς</span> <span class='ocrx_word' id='word_1_150' title='bbox 3093 1013 3416 1084; x_wconf 70' lang='grc' dir='ltr'><strong>ἱσταμένους</strong></span> <span class='ocrx_word' id='word_1_151' title='bbox 3451 1013 3749 1084; x_wconf 83' lang='grc' dir='ltr'>βιγλεύειν.</span> <span class='ocrx_word' id='word_1_152' title='bbox 3776 1017 3846 1071; x_wconf 79' lang='lat' dir='ltr'><strong>Al</strong></span> 
     </span>
    </p>
   </div>
   <div class='ocr_carea' id='block_1_25' title="bbox 2245 1102 3852 1180">
    <p class='ocr_par' dir='ltr' id='par_1_25' title="bbox 2245 1102 3852 1180">
     <span class='ocr_line' id='line_1_25' title="bbox 2245 1102 3852 1180; baseline 0.004 -26"><span class='ocrx_word' id='word_1_153' title='bbox 2245 1102 2355 1173; x_wconf 80' lang='grc' dir='ltr'><strong>γὰρ</strong></span> <span class='ocrx_word' id='word_1_154' title='bbox 2395 1102 2660 1173; x_wconf 82' lang='grc' dir='ltr'>καθέδραι</span> <span class='ocrx_word' id='word_1_155' title='bbox 2690 1104 2785 1157; x_wconf 75' lang='grc' dir='ltr'>καὶ</span> <span class='ocrx_word' id='word_1_156' title='bbox 2814 1105 2871 1157; x_wconf 76' lang='grc' dir='ltr'>αἱ</span> <span class='ocrx_word' id='word_1_157' title='bbox 2903 1105 3218 1169; x_wconf 71' lang='grc' dir='ltr'>ἀνακλίσεις</span> <span class='ocrx_word' id='word_1_158' title='bbox 3249 1107 3317 1159; x_wconf 81' lang='grc' dir='ltr'><strong>τά</strong></span> <span class='ocrx_word' id='word_1_159' title='bbox 3359 1105 3589 1177; x_wconf 82' lang='grc' dir='ltr'>σώματα</span> <span class='ocrx_word' id='word_1_160' title='bbox 3638 1110 3852 1180; x_wconf 52' lang='grc' dir='ltr'>μαραίρ</span> 
     </span>
    </p>
   </div>
   <div class='ocr_carea' id='block_1_26' title="bbox 2248 1195 3845 1276">
    <p class='ocr_par' dir='ltr' id='par_1_26' title="bbox 2248 1195 3845 1276">
     <span class='ocr_line' id='line_1_26' title="bbox 2248 1195 3845 1276; baseline 0.005 -28"><span class='ocrx_word' id='word_1_161' title='bbox 2248 1213 2428 1248; x_wconf 81' lang='grc' dir='ltr'>νουσιν</span> <span class='ocrx_word' id='word_1_162' title='bbox 2467 1197 2546 1260; x_wconf 89' lang='grc' dir='ltr'><strong>είς</strong></span> <span class='ocrx_word' id='word_1_163' title='bbox 2575 1196 2743 1252; x_wconf 79' lang='grc' dir='ltr'>ὕπνον</span> <span class='ocrx_word' id='word_1_164' title='bbox 2778 1213 2793 1228; x_wconf 83' lang='grc'>⁶</span> <span class='ocrx_word' id='word_1_165' title='bbox 2835 1199 2868 1269; x_wconf 81' lang='grc' dir='ltr'><strong>ἡ</strong></span> <span class='ocrx_word' id='word_1_166' title='bbox 2905 1198 2962 1251; x_wconf 84' lang='grc' dir='ltr'><strong>δέ</strong></span> <span class='ocrx_word' id='word_1_167' title='bbox 2987 1195 3097 1252; x_wconf 74' lang='grc' dir='ltr'><strong>τῶν</strong></span> <span class='ocrx_word' id='word_1_168' title='bbox 3130 1199 3339 1254; x_wconf 80' lang='grc' dir='ltr'>σκελῶν</span> <span class='ocrx_word' id='word_1_169' title='bbox 3390 1202 3584 1266; x_wconf 83' lang='grc' dir='ltr'>στάσις</span> <span class='ocrx_word' id='word_1_170' title='bbox 3622 1202 3845 1276; x_wconf 77' lang='grc' dir='ltr'>διέγερ-</span> 
     </span>
    </p>
   </div>
   <div class='ocr_carea' id='block_1_27' title="bbox 2247 1290 2914 1360">
    <p class='ocr_par' dir='ltr' id='par_1_27' title="bbox 2247 1290 2914 1360">
     <span class='ocr_line' id='line_1_27' title="bbox 2247 1290 2914 1360; baseline 0.007 -19"><span class='ocrx_word' id='word_1_171' title='bbox 2247 1306 2333 1343; x_wconf 85' lang='grc' dir='ltr'><strong>σιν</strong></span> <span class='ocrx_word' id='word_1_172' title='bbox 2361 1292 2463 1360; x_wconf 81' lang='grc' dir='ltr'>τῆς</span> <span class='ocrx_word' id='word_1_173' title='bbox 2476 1290 2714 1354; x_wconf 87' lang='grc' dir='ltr'>διανοίας</span> <span class='ocrx_word' id='word_1_174' title='bbox 2745 1294 2914 1347; x_wconf 77' lang='grc' dir='ltr'>ποιεῖ.</span> 
     </span>
    </p>
   </div>
   <div class='ocr_carea' id='block_1_28' title="bbox 2317 1380 3848 1460">
    <p class='ocr_par' dir='ltr' id='par_1_28' title="bbox 2317 1380 3848 1460">
     <span class='ocr_line' id='line_1_28' title="bbox 2317 1380 3848 1460; baseline 0.005 -26"><span class='ocrx_word' id='word_1_175' title='bbox 2317 1380 2411 1435; x_wconf 87' lang='grc' dir='ltr'>λε’.</span> <span class='ocrx_word' id='word_1_176' title='bbox 2457 1383 2780 1452; x_wconf 73' lang='grc' dir='ltr'>Ἀναγκαῖον</span> <span class='ocrx_word' id='word_1_177' title='bbox 2804 1384 2860 1438; x_wconf 84' lang='grc' dir='ltr'><strong><em>δέ</em></strong></span> <span class='ocrx_word' id='word_1_178' title='bbox 2885 1400 2970 1438; x_wconf 89' lang='grc' dir='ltr'><strong>σοι</strong></span> <span class='ocrx_word' id='word_1_179' title='bbox 3003 1383 3142 1455; x_wconf 82' lang='grc' dir='ltr'>μετὰ</span> <span class='ocrx_word' id='word_1_180' title='bbox 3163 1385 3253 1439; x_wconf 74' lang='grc' dir='ltr'>τὸν</span> <span class='ocrx_word' id='word_1_181' title='bbox 3279 1385 3542 1456; x_wconf 86' lang='grc' dir='ltr'>πόλεμον,</span> <span class='ocrx_word' id='word_1_182' title='bbox 3567 1381 3616 1441; x_wconf 74' lang='grc' dir='ltr'>ὦ</span> <span class='ocrx_word' id='word_1_183' title='bbox 3644 1403 3848 1460; x_wconf 81' lang='grc' dir='ltr'>στρατ-</span> 
     </span>
    </p>
   </div>
   <div class='ocr_carea' id='block_1_29' title="bbox 2241 1473 3846 1552">
    <p class='ocr_par' dir='ltr' id='par_1_29' title="bbox 2241 1473 3846 1552">
     <span class='ocr_line' id='line_1_29' title="bbox 2241 1473 3846 1552; baseline 0.006 -27"><span class='ocrx_word' id='word_1_184' title='bbox 2241 1473 2369 1542; x_wconf 82' lang='grc' dir='ltr'>ηγὲ,</span> <span class='ocrx_word' id='word_1_185' title='bbox 2429 1475 2559 1537; x_wconf 82' lang='grc' dir='ltr'>τοὺς</span> <span class='ocrx_word' id='word_1_186' title='bbox 2606 1475 3003 1545; x_wconf 81' lang='grc' dir='ltr'>πληγωθέντας</span> <span class='ocrx_word' id='word_1_187' title='bbox 3050 1477 3108 1530; x_wconf 79' lang='grc' dir='ltr'><strong>ἐν</strong></span> <span class='ocrx_word' id='word_1_188' title='bbox 3141 1477 3296 1548; x_wconf 76' lang='grc' dir='ltr'>αὐτῷ</span> <span class='ocrx_word' id='word_1_189' title='bbox 3336 1477 3448 1531; x_wconf 82' lang='grc' dir='ltr'>τῶν</span> <span class='ocrx_word' id='word_1_190' title='bbox 3490 1481 3846 1552; x_wconf 77' lang='grc' dir='ltr'>στρατιωτῶν</span> 
     </span>
    </p>
   </div>
   <div class='ocr_carea' id='block_1_30' title="bbox 2245 1567 3845 1644">
    <p class='ocr_par' dir='ltr' id='par_1_30' title="bbox 2245 1567 3845 1644">
     <span class='ocr_line' id='line_1_30' title="bbox 2245 1567 3845 1644; baseline 0.005 -25"><span class='ocrx_word' id='word_1_191' title='bbox 2245 1567 2716 1638; x_wconf 76' lang='grc' dir='ltr'>παραμυθεῖσθαι,</span> <span class='ocrx_word' id='word_1_192' title='bbox 2759 1573 2853 1622; x_wconf 71' lang='grc' dir='ltr'><strong>καὶ</strong></span> <span class='ocrx_word' id='word_1_193' title='bbox 2888 1570 3018 1633; x_wconf 77' lang='grc' dir='ltr'>τοὺς</span> <span class='ocrx_word' id='word_1_194' title='bbox 3064 1570 3457 1636; x_wconf 80' lang='grc' dir='ltr'>διαπίπτοντας</span> <span class='ocrx_word' id='word_1_195' title='bbox 3492 1575 3550 1626; x_wconf 83' lang='grc' dir='ltr'>ἐν</span> <span class='ocrx_word' id='word_1_196' title='bbox 3582 1572 3662 1644; x_wconf 82' lang='grc' dir='ltr'>τῷ</span> <span class='ocrx_word' id='word_1_197' title='bbox 3681 1573 3845 1627; x_wconf 81' lang='grc' dir='ltr'>πολέ-</span> 
     </span>
    </p>
   </div>
   <div class='ocr_carea' id='block_1_31' title="bbox 2251 1659 3844 1735">
    <p class='ocr_par' dir='ltr' id='par_1_31' title="bbox 2251 1659 3844 1735">
     <span class='ocr_line' id='line_1_31' title="bbox 2251 1659 3844 1735; baseline 0.004 -23"><span class='ocrx_word' id='word_1_198' title='bbox 2251 1675 2336 1729; x_wconf 80' lang='grc' dir='ltr'><strong>μῳ</strong></span> <span class='ocrx_word' id='word_1_199' title='bbox 2358 1659 2535 1730; x_wconf 70' lang='grc' dir='ltr'>ταφῆς</span> <span class='ocrx_word' id='word_1_200' title='bbox 2569 1660 2777 1727; x_wconf 83' lang='grc' dir='ltr'>ἀξιοῦν,</span> <span class='ocrx_word' id='word_1_201' title='bbox 2809 1662 2903 1714; x_wconf 76' lang='grc' dir='ltr'>καὶ</span> <span class='ocrx_word' id='word_1_202' title='bbox 2930 1661 3259 1732; x_wconf 75' lang='grc' dir='ltr'>μακαρίζειν</span> <span class='ocrx_word' id='word_1_203' title='bbox 3275 1663 3565 1735; x_wconf 75' lang='grc' dir='ltr'>διηνεκῶς,</span> <span class='ocrx_word' id='word_1_204' title='bbox 3592 1665 3669 1727; x_wconf 82' lang='grc' dir='ltr'>ὡς</span> <span class='ocrx_word' id='word_1_205' title='bbox 3699 1665 3844 1732; x_wconf 83' lang='grc' dir='ltr'>ὑπὲρ</span> 
     </span>
    </p>
   </div>
   <div class='ocr_carea' id='block_1_32' title="bbox 2247 1753 3843 1828">
    <p class='ocr_par' dir='ltr' id='par_1_32' title="bbox 2247 1753 3843 1828">
     <span class='ocr_line' id='line_1_32' title="bbox 2247 1753 3843 1828; baseline 0.004 -24"><span class='ocrx_word' id='word_1_206' title='bbox 2247 1753 2343 1821; x_wconf 70' lang='grc' dir='ltr'>τῆς</span> <span class='ocrx_word' id='word_1_207' title='bbox 2373 1755 2612 1817; x_wconf 81' lang='grc' dir='ltr'>πίστεως</span> <span class='ocrx_word' id='word_1_208' title='bbox 2643 1755 2740 1807; x_wconf 77' lang='grc' dir='ltr'>καὶ</span> <span class='ocrx_word' id='word_1_209' title='bbox 2771 1753 2882 1808; x_wconf 83' lang='grc' dir='ltr'>τῶν</span> <span class='ocrx_word' id='word_1_210' title='bbox 2905 1753 3154 1824; x_wconf 80' lang='grc' dir='ltr'><strong>ἀδελφῶν</strong></span> <span class='ocrx_word' id='word_1_211' title='bbox 3187 1755 3322 1825; x_wconf 78' lang='grc' dir='ltr'>μηδὲ</span> <span class='ocrx_word' id='word_1_212' title='bbox 3349 1757 3452 1827; x_wconf 81' lang='grc' dir='ltr'><strong>τὴν</strong></span> <span class='ocrx_word' id='word_1_213' title='bbox 3466 1757 3682 1812; x_wconf 74' lang='grc' dir='ltr'>ἑαυτῶν</span> <span class='ocrx_word' id='word_1_214' title='bbox 3698 1756 3843 1828; x_wconf 75' lang='grc' dir='ltr'>ζωὴν</span> 
     </span>
    </p>
   </div>
   <div class='ocr_carea' id='block_1_33' title="bbox 534 1844 2138 1947">
    <p class='ocr_par' dir='ltr' id='par_1_33' title="bbox 534 1844 2138 1918">
     <span class='ocr_line' id='line_1_33' title="bbox 534 1844 2138 1918; baseline 0.002 -19"><span class='ocrx_word' id='word_1_215' title='bbox 534 1844 748 1914; x_wconf 81' lang='lat' dir='ltr'><strong>justum</strong></span> <span class='ocrx_word' id='word_1_216' title='bbox 811 1847 1246 1918; x_wconf 78' lang='lat' dir='ltr'><strong>religiosumque</strong></span> <span class='ocrx_word' id='word_1_217' title='bbox 1303 1847 1457 1902; x_wconf 86' lang='lat' dir='ltr'><strong>factu</strong></span> <span class='ocrx_word' id='word_1_218' title='bbox 1515 1856 1623 1913; x_wconf 88' lang='lat' dir='ltr'><strong>est,</strong></span> <span class='ocrx_word' id='word_1_219' title='bbox 1676 1858 1730 1904; x_wconf 89' lang='lat' dir='ltr'><strong>et</strong></span> <span class='ocrx_word' id='word_1_220' title='bbox 1787 1849 2138 1904; x_wconf 78' lang='lat' dir='ltr'><strong>alacritatem</strong></span> 
     </span>
    </p>
   </div>
   <div class='ocr_carea' id='block_1_34' title="bbox 2245 1844 3844 1947">
    <p class='ocr_par' dir='ltr' id='par_1_34' title="bbox 2247 1847 3844 1923">
     <span class='ocr_line' id='line_1_34' title="bbox 2247 1847 3844 1923; baseline 0.006 -26"><span class='ocrx_word' id='word_1_221' title='bbox 2247 1847 2699 1916; x_wconf 82' lang='grc' dir='ltr'>προτιμήσαντας</span> <span class='ocrx_word' id='word_1_222' title='bbox 2731 1863 2748 1877; x_wconf 76' lang='grc' dir='ltr'><strong>ο</strong></span> <span class='ocrx_word' id='word_1_223' title='bbox 2785 1848 2976 1916; x_wconf 71' lang='grc' dir='ltr'>ἐπειδὴ</span> <span class='ocrx_word' id='word_1_224' title='bbox 3028 1849 3126 1902; x_wconf 73' lang='grc' dir='ltr'><strong>καὶ</strong></span> <span class='ocrx_word' id='word_1_225' title='bbox 3159 1849 3307 1903; x_wconf 77' lang='grc' dir='ltr'>ὅσιόν</span> <span class='ocrx_word' id='word_1_226' title='bbox 3351 1851 3524 1914; x_wconf 83' lang='grc' dir='ltr'>ἐστιν,</span> <span class='ocrx_word' id='word_1_227' title='bbox 3558 1852 3657 1905; x_wconf 78' lang='grc' dir='ltr'>καὶ</span> <span class='ocrx_word' id='word_1_228' title='bbox 3709 1869 3844 1923; x_wconf 81' lang='grc' dir='ltr'>προ·</span> 
     </span>
    </p>
   </div>
   <div class='ocr_carea' id='block_1_35' title="bbox 539 1937 1330 1998">
    <p class='ocr_par' dir='ltr' id='par_1_35' title="bbox 539 1937 1330 1998">
     <span class='ocr_line' id='line_1_35' title="bbox 539 1937 1330 1998; baseline 0.009 -7"><span class='ocrx_word' id='word_1_229' title='bbox 539 1937 766 1992; x_wconf 88' lang='lat' dir='ltr'><strong>multam</strong></span> <span class='ocrx_word' id='word_1_230' title='bbox 803 1939 1122 1996; x_wconf 75' lang='lat' dir='ltr'><strong>viventibus</strong></span> <span class='ocrx_word' id='word_1_231' title='bbox 1151 1939 1330 1998; x_wconf 70' lang='lat' dir='ltr'><strong>affert.</strong></span> 
     </span>
    </p>
   </div>
   <div class='ocr_carea' id='block_1_36' title="bbox 611 2030 2141 2105">
    <p class='ocr_par' dir='ltr' id='par_1_36' title="bbox 611 2030 2141 2105">
     <span class='ocr_line' id='line_1_36' title="bbox 611 2030 2141 2105; baseline 0.002 -22"><span class='ocrx_word' id='word_1_232' title='bbox 611 2030 701 2086; x_wconf 77' lang='lat'><strong>&#39;56.</strong></span> <span class='ocrx_word' id='word_1_233' title='bbox 741 2030 799 2084; x_wconf 91' lang='lat' dir='ltr'><strong>Si</strong></span> <span class='ocrx_word' id='word_1_234' title='bbox 832 2032 988 2085; x_wconf 90' lang='lat' dir='ltr'><strong>liberi</strong></span> <span class='ocrx_word' id='word_1_235' title='bbox 1017 2032 1128 2087; x_wconf 90' lang='lat' dir='ltr'><strong>illis</strong></span> <span class='ocrx_word' id='word_1_236' title='bbox 1153 2031 1381 2099; x_wconf 87' lang='lat' dir='ltr'><strong>fuerint,</strong></span> <span class='ocrx_word' id='word_1_237' title='bbox 1413 2044 1507 2090; x_wconf 84' lang='lat' dir='ltr'><strong>aut</strong></span> <span class='ocrx_word' id='word_1_238' title='bbox 1540 2034 1766 2105; x_wconf 79' lang='lat' dir='ltr'><strong>conjnx,</strong></span> <span class='ocrx_word' id='word_1_239' title='bbox 1793 2033 1837 2088; x_wconf 89' lang='lat' dir='ltr'><strong>si</strong></span> <span class='ocrx_word' id='word_1_240' title='bbox 1867 2031 1971 2088; x_wconf 86' lang='lat' dir='ltr'><strong>hoc</strong></span> <span class='ocrx_word' id='word_1_241' title='bbox 2003 2046 2141 2087; x_wconf 90' lang='lat' dir='ltr'><strong>con-</strong></span> 
     </span>
    </p>
   </div>
   <div class='ocr_carea' id='block_1_37' title="bbox 539 2124 2144 2197">
    <p class='ocr_par' dir='ltr' id='par_1_37' title="bbox 539 2124 2144 2197">
     <span class='ocr_line' id='line_1_37' title="bbox 539 2124 2144 2197; baseline 0.001 -21"><span class='ocrx_word' id='word_1_242' title='bbox 539 2131 647 2178; x_wconf 85' lang='lat' dir='ltr'><strong>stet</strong></span> <span class='ocrx_word' id='word_1_243' title='bbox 685 2133 909 2179; x_wconf 84' lang='lat' dir='ltr'><strong>strenue</strong></span> <span class='ocrx_word' id='word_1_244' title='bbox 951 2124 1076 2179; x_wconf 90' lang='lat' dir='ltr'><strong>illos</strong></span> <span class='ocrx_word' id='word_1_245' title='bbox 1122 2135 1291 2194; x_wconf 85' lang='lat' dir='ltr'><strong>atque</strong></span> <span class='ocrx_word' id='word_1_246' title='bbox 1334 2128 1598 2182; x_wconf 88' lang='lat' dir='ltr'><strong>alacriter</strong></span> <span class='ocrx_word' id='word_1_247' title='bbox 1646 2129 1702 2182; x_wconf 93' lang='lat' dir='ltr'><strong>in</strong></span> <span class='ocrx_word' id='word_1_248' title='bbox 1738 2126 1938 2197; x_wconf 64' lang='lat' dir='ltr'><strong>proelio</strong></span> <span class='ocrx_word' id='word_1_249' title='bbox 1975 2125 2144 2180; x_wconf 85' lang='lat' dir='ltr'><strong>dimi—</strong></span> 
     </span>
    </p>
   </div>
   <div class='ocr_carea' id='block_1_38' title="bbox 537 2218 1932 2281">
    <p class='ocr_par' dir='ltr' id='par_1_38' title="bbox 537 2218 1932 2281">
     <span class='ocr_line' id='line_1_38' title="bbox 537 2218 1932 2281; baseline 0.004 -11"><span class='ocrx_word' id='word_1_250' title='bbox 537 2231 719 2281; x_wconf 87' lang='lat' dir='ltr'><strong>casse,</strong></span> <span class='ocrx_word' id='word_1_251' title='bbox 750 2218 1001 2274; x_wconf 83' lang='lat' dir='ltr'><strong>honestis</strong></span> <span class='ocrx_word' id='word_1_252' title='bbox 1026 2219 1205 2274; x_wconf 88' lang='lat' dir='ltr'><strong>modis</strong></span> <span class='ocrx_word' id='word_1_253' title='bbox 1247 2221 1350 2276; x_wconf 87' lang='lat' dir='ltr'><strong>abs</strong></span> <span class='ocrx_word' id='word_1_254' title='bbox 1377 2232 1428 2276; x_wconf 87' lang='lat' dir='ltr'><strong>te</strong></span> <span class='ocrx_word' id='word_1_255' title='bbox 1462 2221 1743 2276; x_wconf 82' lang='lat' dir='ltr'><strong>relevandi</strong></span> <span class='ocrx_word' id='word_1_256' title='bbox 1780 2227 1932 2277; x_wconf 86' lang='lat' dir='ltr'><strong>sunt.</strong></span> 
     </span>
    </p>
   </div>
   <div class='ocr_carea' id='block_1_39' title="bbox 608 2310 2143 2385">
    <p class='ocr_par' dir='ltr' id='par_1_39' title="bbox 608 2310 2143 2385">
     <span class='ocr_line' id='line_1_39' title="bbox 608 2310 2143 2385; baseline 0.005 -22"><span class='ocrx_word' id='word_1_257' title='bbox 608 2311 701 2364; x_wconf 80' lang='grc'><strong>57.</strong></span> <span class='ocrx_word' id='word_1_258' title='bbox 744 2310 1015 2376; x_wconf 87' lang='lat' dir='ltr'><strong>Quoniam</strong></span> <span class='ocrx_word' id='word_1_259' title='bbox 1055 2310 1340 2368; x_wconf 74' lang='lat' dir='ltr'><strong>Romanos</strong></span> <span class='ocrx_word' id='word_1_260' title='bbox 1366 2328 1674 2385; x_wconf 86' lang='lat' dir='ltr'><strong>omnesque</strong></span> <span class='ocrx_word' id='word_1_261' title='bbox 1700 2312 1846 2368; x_wconf 84' lang='lat' dir='ltr'><strong>alias</strong></span> <span class='ocrx_word' id='word_1_262' title='bbox 1885 2314 2143 2372; x_wconf 83' lang='lat' dir='ltr'><strong>nationes</strong></span> 
     </span>
    </p>
   </div>
   <div class='ocr_carea' id='block_1_40' title="bbox 536 2401 2144 2473">
    <p class='ocr_par' dir='ltr' id='par_1_40' title="bbox 536 2401 2144 2473">
     <span class='ocr_line' id='line_1_40' title="bbox 536 2401 2144 2473; baseline 0.007 -21"><span class='ocrx_word' id='word_1_263' title='bbox 536 2401 792 2456; x_wconf 76' lang='lat' dir='ltr'><strong>videmus</strong></span> <span class='ocrx_word' id='word_1_264' title='bbox 829 2405 984 2459; x_wconf 81' lang='lat' dir='ltr'><strong>acies</strong></span> <span class='ocrx_word' id='word_1_265' title='bbox 1026 2418 1162 2458; x_wconf 87' lang='lat' dir='ltr'><strong>suas</strong></span> <span class='ocrx_word' id='word_1_266' title='bbox 1195 2404 1270 2458; x_wconf 87' lang='lat' dir='ltr'><strong>ita</strong></span> <span class='ocrx_word' id='word_1_267' title='bbox 1299 2405 1596 2470; x_wconf 82' lang='lat' dir='ltr'><strong>instruere,</strong></span> <span class='ocrx_word' id='word_1_268' title='bbox 1623 2413 1872 2473; x_wconf 87' lang='lat' dir='ltr'><strong>utquam</strong></span> <span class='ocrx_word' id='word_1_269' title='bbox 1903 2408 2144 2463; x_wconf 76' lang='lat' dir='ltr'><strong>iiiaxime</strong></span> 
     </span>
    </p>
   </div>
   <div class='ocr_carea' id='block_1_41' title="bbox 540 2492 2140 2567">
    <p class='ocr_par' dir='ltr' id='par_1_41' title="bbox 540 2492 2140 2567">
     <span class='ocr_line' id='line_1_41' title="bbox 540 2492 2140 2567; baseline 0.003 -20"><span class='ocrx_word' id='word_1_270' title='bbox 540 2492 760 2549; x_wconf 82' lang='lat' dir='ltr'><strong>eminus</strong></span> <span class='ocrx_word' id='word_1_271' title='bbox 815 2495 965 2546; x_wconf 74' lang='lat' dir='ltr'><strong>cerni</strong></span> <span class='ocrx_word' id='word_1_272' title='bbox 1029 2494 1269 2564; x_wconf 84' lang='lat' dir='ltr'><strong>possint,</strong></span> <span class='ocrx_word' id='word_1_273' title='bbox 1317 2503 1532 2551; x_wconf 77' lang='lat' dir='ltr'><strong>trucem</strong></span> <span class='ocrx_word' id='word_1_274' title='bbox 1611 2496 1790 2564; x_wconf 74' lang='lat' dir='ltr'><strong>magis</strong></span> <span class='ocrx_word' id='word_1_275' title='bbox 1855 2508 2140 2567; x_wconf 80' lang='lat' dir='ltr'><strong>aspectum</strong></span> 
     </span>
    </p>
   </div>
   <div class='ocr_carea' id='block_1_42' title="bbox 541 2583 2146 2654">
    <p class='ocr_par' dir='ltr' id='par_1_42' title="bbox 541 2583 2146 2654">
     <span class='ocr_line' id='line_1_42' title="bbox 541 2583 2146 2654; baseline 0.005 -18"><span class='ocrx_word' id='word_1_276' title='bbox 541 2583 700 2638; x_wconf 86' lang='lat' dir='ltr'><strong>vultu</strong></span> <span class='ocrx_word' id='word_1_277' title='bbox 740 2599 806 2638; x_wconf 88' lang='lat' dir='ltr'><strong>ac</strong></span> <span class='ocrx_word' id='word_1_278' title='bbox 830 2584 994 2649; x_wconf 85' lang='lat' dir='ltr'><strong>facie,</strong></span> <span class='ocrx_word' id='word_1_279' title='bbox 1032 2601 1198 2654; x_wconf 82' lang='lat' dir='ltr'><strong>quam</strong></span> <span class='ocrx_word' id='word_1_280' title='bbox 1244 2586 1415 2641; x_wconf 87' lang='lat' dir='ltr'><strong>armis</strong></span> <span class='ocrx_word' id='word_1_281' title='bbox 1457 2587 1732 2642; x_wconf 77' lang='lat' dir='ltr'><strong>lucentem</strong></span> <span class='ocrx_word' id='word_1_282' title='bbox 1764 2599 1818 2643; x_wconf 85' lang='lat' dir='ltr'><strong>et</strong></span> <span class='ocrx_word' id='word_1_283' title='bbox 1847 2604 2146 2645; x_wconf 80' lang='lat' dir='ltr'><strong>coruscan-</strong></span> 
     </span>
    </p>
   </div>
   <div class='ocr_carea' id='block_1_43' title="bbox 543 2675 2144 2750">
    <p class='ocr_par' dir='ltr' id='par_1_43' title="bbox 543 2675 2144 2750">
     <span class='ocr_line' id='line_1_43' title="bbox 543 2675 2144 2750; baseline 0.004 -20"><span class='ocrx_word' id='word_1_284' title='bbox 543 2683 656 2730; x_wconf 84' lang='lat' dir='ltr'><strong>tem</strong></span> <span class='ocrx_word' id='word_1_285' title='bbox 689 2675 864 2730; x_wconf 89' lang='lat' dir='ltr'><strong>aciem</strong></span> <span class='ocrx_word' id='word_1_286' title='bbox 904 2677 968 2731; x_wconf 87' lang='lat' dir='ltr'><strong>in</strong></span> <span class='ocrx_word' id='word_1_287' title='bbox 1005 2677 1151 2732; x_wconf 85' lang='lat' dir='ltr'><strong>bello</strong></span> <span class='ocrx_word' id='word_1_288' title='bbox 1185 2693 1296 2748; x_wconf 75' lang='lat' dir='ltr'><strong>pra:</strong></span> <span class='ocrx_word' id='word_1_289' title='bbox 1327 2693 1388 2733; x_wconf 88' lang='lat' dir='ltr'><strong>se</strong></span> <span class='ocrx_word' id='word_1_290' title='bbox 1418 2677 1642 2734; x_wconf 84' lang='lat' dir='ltr'><strong>ferant:</strong></span> <span class='ocrx_word' id='word_1_291' title='bbox 1680 2695 1995 2750; x_wconf 85' lang='lat' dir='ltr'><strong>quanquam</strong></span> <span class='ocrx_word' id='word_1_292' title='bbox 2039 2681 2144 2737; x_wconf 82' lang='lat' dir='ltr'><strong>huc</strong></span> 
     </span>
    </p>
   </div>
   <div class='ocr_carea' id='block_1_44' title="bbox 543 2769 2142 2829">
    <p class='ocr_par' dir='ltr' id='par_1_44' title="bbox 543 2769 2142 2829">
     <span class='ocr_line' id='line_1_44' title="bbox 543 2769 2142 2829; baseline 0.004 -6"><span class='ocrx_word' id='word_1_293' title='bbox 543 2769 838 2825; x_wconf 79' lang='lat' dir='ltr'><strong>umbratile</strong></span> <span class='ocrx_word' id='word_1_294' title='bbox 863 2771 976 2826; x_wconf 86' lang='lat' dir='ltr'><strong>cito</strong></span> <span class='ocrx_word' id='word_1_295' title='bbox 997 2775 1282 2826; x_wconf 82' lang='lat' dir='ltr'><strong>evanescit</strong></span> <span class='ocrx_word' id='word_1_296' title='bbox 1303 2791 1317 2827; x_wconf 88' lang='lat'><strong>:</strong></span> <span class='ocrx_word' id='word_1_297' title='bbox 1341 2788 1465 2827; x_wconf 88' lang='lat' dir='ltr'><strong>nam</strong></span> <span class='ocrx_word' id='word_1_298' title='bbox 1494 2773 1798 2829; x_wconf 86' lang='lat' dir='ltr'><strong>secundum</strong></span> <span class='ocrx_word' id='word_1_299' title='bbox 1827 2773 1921 2829; x_wconf 87' lang='lat' dir='ltr'><strong>Dei</strong></span> <span class='ocrx_word' id='word_1_300' title='bbox 1945 2774 2142 2829; x_wconf 84' lang='lat' dir='ltr'><strong>volun-</strong></span> 
     </span>
    </p>
   </div>
   <div class='ocr_carea' id='block_1_45' title="bbox 540 2862 2144 2932">
    <p class='ocr_par' dir='ltr' id='par_1_45' title="bbox 540 2862 2144 2932">
     <span class='ocr_line' id='line_1_45' title="bbox 540 2862 2144 2932; baseline 0.004 -18"><span class='ocrx_word' id='word_1_301' title='bbox 540 2863 708 2916; x_wconf 82' lang='lat' dir='ltr'><strong>tatem</strong></span> <span class='ocrx_word' id='word_1_302' title='bbox 739 2899 755 2925; x_wconf 92' lang='lat'><strong>,</strong></span> <span class='ocrx_word' id='word_1_303' title='bbox 797 2862 1152 2932; x_wconf 86' lang='lat' dir='ltr'><strong>imperatoris</strong></span> <span class='ocrx_word' id='word_1_304' title='bbox 1205 2865 1730 2929; x_wconf 81' lang='lat' dir='ltr'><strong>administratione,</strong></span> <span class='ocrx_word' id='word_1_305' title='bbox 1762 2876 1815 2920; x_wconf 88' lang='lat' dir='ltr'><strong>et</strong></span> <span class='ocrx_word' id='word_1_306' title='bbox 1862 2866 2144 2921; x_wconf 77' lang='lat' dir='ltr'><strong>exercitus</strong></span> 
     </span>
    </p>
   </div>
   <div class='ocr_carea' id='block_1_46' title="bbox 539 2952 2142 3026">
    <p class='ocr_par' dir='ltr' id='par_1_46' title="bbox 539 2952 2142 3026">
     <span class='ocr_line' id='line_1_46' title="bbox 539 2952 2142 3026; baseline 0.004 -20"><span class='ocrx_word' id='word_1_307' title='bbox 539 2952 856 3020; x_wconf 79' lang='lat' dir='ltr'><strong>alacritate,</strong></span> <span class='ocrx_word' id='word_1_308' title='bbox 896 2955 1035 3009; x_wconf 77' lang='lat' dir='ltr'><strong>bella</strong></span> <span class='ocrx_word' id='word_1_309' title='bbox 1085 2955 1460 3010; x_wconf 80' lang='lat' dir='ltr'><strong>conficiuntur</strong></span> <span class='ocrx_word' id='word_1_310' title='bbox 1505 2974 1518 3011; x_wconf 91' lang='lat'>:</span> <span class='ocrx_word' id='word_1_311' title='bbox 1563 2967 1787 3026; x_wconf 82' lang='lat' dir='ltr'><strong>propter</strong></span> <span class='ocrx_word' id='word_1_312' title='bbox 1830 2972 1928 3012; x_wconf 85' lang='lat' dir='ltr'><strong>eos</strong></span> <span class='ocrx_word' id='word_1_313' title='bbox 1959 2966 2142 3013; x_wconf 83' lang='lat' dir='ltr'><strong>tamen</strong></span> 
     </span>
    </p>
   </div>
   <div class='ocr_carea' id='block_1_47' title="bbox 538 3045 2140 3117">
    <p class='ocr_par' dir='ltr' id='par_1_47' title="bbox 538 3045 2140 3117">
     <span class='ocr_line' id='line_1_47' title="bbox 538 3045 2140 3117; baseline 0.003 -18"><span class='ocrx_word' id='word_1_314' title='bbox 538 3045 634 3114; x_wconf 87' lang='lat' dir='ltr'><strong>qui</strong></span> <span class='ocrx_word' id='word_1_315' title='bbox 663 3045 780 3100; x_wconf 69' lang='lat' dir='ltr'><strong>haec</strong></span> <span class='ocrx_word' id='word_1_316' title='bbox 813 3048 1130 3117; x_wconf 81' lang='lat' dir='ltr'><strong>requirunt,</strong></span> <span class='ocrx_word' id='word_1_317' title='bbox 1158 3048 1205 3102; x_wconf 89' lang='lat' dir='ltr'><strong>si</strong></span> <span class='ocrx_word' id='word_1_318' title='bbox 1237 3049 1444 3103; x_wconf 80' lang='lat' dir='ltr'><strong>silvosa</strong></span> <span class='ocrx_word' id='word_1_319' title='bbox 1473 3059 1572 3104; x_wconf 85' lang='lat' dir='ltr'><strong>aut</strong></span> <span class='ocrx_word' id='word_1_320' title='bbox 1600 3064 1734 3103; x_wconf 83' lang='lat' dir='ltr'><strong>cava</strong></span> <span class='ocrx_word' id='word_1_321' title='bbox 1768 3050 1888 3105; x_wconf 85' lang='lat' dir='ltr'><strong>loca</strong></span> <span class='ocrx_word' id='word_1_322' title='bbox 1915 3049 2140 3117; x_wconf 82' lang='lat' dir='ltr'><strong>fuerint,</strong></span> 
     </span>
    </p>
   </div>
   <div class='ocr_carea' id='block_1_48' title="bbox 540 3136 2134 3213">
    <p class='ocr_par' dir='ltr' id='par_1_48' title="bbox 540 3136 2134 3213">
     <span class='ocr_line' id='line_1_48' title="bbox 540 3136 2134 3213; baseline 0.003 -21"><span class='ocrx_word' id='word_1_323' title='bbox 540 3136 618 3192; x_wconf 86' lang='lat' dir='ltr'><strong>ibi</strong></span> <span class='ocrx_word' id='word_1_324' title='bbox 647 3139 821 3208; x_wconf 65' lang='lat' dir='ltr'><strong>cupias</strong></span> <span class='ocrx_word' id='word_1_325' title='bbox 856 3140 1226 3204; x_wconf 60' lang='lat' dir='ltr'><strong>occultanda,</strong></span> <span class='ocrx_word' id='word_1_326' title='bbox 1255 3147 1308 3194; x_wconf 79' lang='lat' dir='ltr'><strong>et</strong></span> <span class='ocrx_word' id='word_1_327' title='bbox 1333 3141 1498 3213; x_wconf 82' lang='lat' dir='ltr'><strong>longo</strong></span> <span class='ocrx_word' id='word_1_328' title='bbox 1536 3151 1663 3196; x_wconf 85' lang='lat' dir='ltr'><strong>ante</strong></span> <span class='ocrx_word' id='word_1_329' title='bbox 1691 3149 1937 3212; x_wconf 87' lang='lat' dir='ltr'><strong>tempore</strong></span> <span class='ocrx_word' id='word_1_330' title='bbox 1965 3143 2134 3198; x_wconf 66' lang='lat' dir='ltr'><strong>hostio</strong></span> 
     </span>
    </p>
   </div>
   <div class='ocr_carea' id='block_1_49' title="bbox 2245 1937 3042 2011">
    <p class='ocr_par' dir='ltr' id='par_1_49' title="bbox 2245 1937 3042 2011">
     <span class='ocr_line' id='line_1_49' title="bbox 2245 1937 3042 2011; baseline 0.005 -21"><span class='ocrx_word' id='word_1_331' title='bbox 2245 1937 2448 2008; x_wconf 82' lang='grc' dir='ltr'>θυμίαν</span> <span class='ocrx_word' id='word_1_332' title='bbox 2472 1941 2582 2002; x_wconf 77' lang='grc' dir='ltr'>τοῖς</span> <span class='ocrx_word' id='word_1_333' title='bbox 2612 1938 2778 2005; x_wconf 81' lang='grc' dir='ltr'>ζῶσιν</span> <span class='ocrx_word' id='word_1_334' title='bbox 2802 1942 3042 2011; x_wconf 78' lang='grc' dir='ltr'>ἐμποιεῖ.</span> 
     </span>
    </p>
   </div>
   <div class='ocr_carea' id='block_1_50' title="bbox 2315 2027 3845 2107">
    <p class='ocr_par' dir='ltr' id='par_1_50' title="bbox 2315 2027 3845 2107">
     <span class='ocr_line' id='line_1_50' title="bbox 2315 2027 3845 2107; baseline 0.005 -23"><span class='ocrx_word' id='word_1_335' title='bbox 2315 2027 2426 2094; x_wconf 66' lang='grc' dir='ltr'>λςθ.</span> <span class='ocrx_word' id='word_1_336' title='bbox 2457 2031 2521 2084; x_wconf 82' lang='lat' dir='ltr'><strong>Ei</strong></span> <span class='ocrx_word' id='word_1_337' title='bbox 2549 2031 2606 2085; x_wconf 85' lang='grc' dir='ltr'><strong>δέ</strong></span> <span class='ocrx_word' id='word_1_338' title='bbox 2630 2033 2802 2086; x_wconf 78' lang='grc' dir='ltr'>τέκνα</span> <span class='ocrx_word' id='word_1_339' title='bbox 2836 2033 3024 2097; x_wconf 81' lang='grc' dir='ltr'>αὐτοῖς</span> <span class='ocrx_word' id='word_1_340' title='bbox 3051 2034 3214 2099; x_wconf 87' lang='grc' dir='ltr'>είσιν,</span> <span class='ocrx_word' id='word_1_341' title='bbox 3238 2033 3272 2106; x_wconf 83' lang='grc' dir='ltr'><strong>ἥ</strong></span> <span class='ocrx_word' id='word_1_342' title='bbox 3307 2033 3560 2106; x_wconf 75' lang='grc' dir='ltr'>σύμϐιος,</span> <span class='ocrx_word' id='word_1_343' title='bbox 3585 2036 3680 2090; x_wconf 78' lang='grc' dir='ltr'>καὶ</span> <span class='ocrx_word' id='word_1_344' title='bbox 3742 2055 3845 2107; x_wconf 52' lang='lat' dir='ltr'><strong>(pa-</strong></span> 
     </span>
    </p>
   </div>
   <div class='ocr_carea' id='block_1_51' title="bbox 2244 2122 3848 2202">
    <p class='ocr_par' dir='ltr' id='par_1_51' title="bbox 2244 2122 3848 2202">
     <span class='ocr_line' id='line_1_51' title="bbox 2244 2122 3848 2202; baseline 0.004 -25"><span class='ocrx_word' id='word_1_345' title='bbox 2244 2122 2404 2194; x_wconf 81' lang='grc' dir='ltr'>νερόν</span> <span class='ocrx_word' id='word_1_346' title='bbox 2433 2123 2583 2177; x_wconf 72' lang='grc' dir='ltr'>ἐστιν</span> <span class='ocrx_word' id='word_1_347' title='bbox 2616 2124 2746 2197; x_wconf 84' lang='grc' dir='ltr'>[ὅτι]</span> <span class='ocrx_word' id='word_1_348' title='bbox 2766 2125 3164 2196; x_wconf 79' lang='grc' dir='ltr'>ἀγωνιζόμενοι</span> <span class='ocrx_word' id='word_1_349' title='bbox 3206 2128 3508 2198; x_wconf 73' lang='grc' dir='ltr'>προθύμως</span> <span class='ocrx_word' id='word_1_350' title='bbox 3531 2129 3848 2202; x_wconf 76' lang='grc' dir='ltr'>ἐτελειώθηο</span> 
     </span>
    </p>
   </div>
   <div class='ocr_carea' id='block_1_52' title="bbox 2247 2215 3840 2291">
    <p class='ocr_par' dir='ltr' id='par_1_52' title="bbox 2247 2215 3840 2291">
     <span class='ocr_line' id='line_1_52' title="bbox 2247 2215 3840 2291; baseline 0.007 -25"><span class='ocrx_word' id='word_1_351' title='bbox 2247 2228 2368 2277; x_wconf 81' lang='grc' dir='ltr'>σαν,</span> <span class='ocrx_word' id='word_1_352' title='bbox 2393 2215 2489 2268; x_wconf 74' lang='grc' dir='ltr'><strong>καὶ</strong></span> <span class='ocrx_word' id='word_1_353' title='bbox 2513 2215 2687 2268; x_wconf 87' lang='grc' dir='ltr'>ταῦτα</span> <span class='ocrx_word' id='word_1_354' title='bbox 2711 2216 3071 2288; x_wconf 72' lang='grc' dir='ltr'>παραμυθίας</span> <span class='ocrx_word' id='word_1_355' title='bbox 3091 2217 3277 2282; x_wconf 82' lang='grc' dir='ltr'>ἀξιοῦν</span> <span class='ocrx_word' id='word_1_356' title='bbox 3295 2220 3396 2289; x_wconf 75' lang='grc' dir='ltr'>τῆς</span> <span class='ocrx_word' id='word_1_357' title='bbox 3427 2222 3840 2291; x_wconf 77' lang='grc' dir='ltr'>προσηκούσης.</span> 
     </span>
    </p>
   </div>
   <div class='ocr_carea' id='block_1_53' title="bbox 2315 2305 3845 2381">
    <p class='ocr_par' dir='ltr' id='par_1_53' title="bbox 2315 2305 3845 2381">
     <span class='ocr_line' id='line_1_53' title="bbox 2315 2305 3845 2381; baseline 0.006 -23"><span class='ocrx_word' id='word_1_358' title='bbox 2315 2305 2415 2370; x_wconf 79' lang='grc' dir='ltr'>λζ’.</span> <span class='ocrx_word' id='word_1_359' title='bbox 2453 2307 2674 2381; x_wconf 80' lang='grc' dir='ltr'>Ἐπειδὴ</span> <span class='ocrx_word' id='word_1_360' title='bbox 2696 2309 2755 2362; x_wconf 72' lang='grc' dir='ltr'>δὲ</span> <span class='ocrx_word' id='word_1_361' title='bbox 2775 2310 3104 2379; x_wconf 86' lang='grc' dir='ltr'>εὑρίσκομεν</span> <span class='ocrx_word' id='word_1_362' title='bbox 3127 2311 3222 2364; x_wconf 76' lang='grc' dir='ltr'>καὶ</span> <span class='ocrx_word' id='word_1_363' title='bbox 3250 2310 3559 2380; x_wconf 81' lang='grc' dir='ltr'>Ῥωμαίους</span> <span class='ocrx_word' id='word_1_364' title='bbox 3578 2313 3675 2366; x_wconf 72' lang='grc' dir='ltr'><strong>καὶ</strong></span> <span class='ocrx_word' id='word_1_365' title='bbox 3706 2315 3845 2367; x_wconf 82' lang='grc' dir='ltr'>πάν-</span> 
     </span>
    </p>
   </div>
   <div class='ocr_carea' id='block_1_54' title="bbox 2244 2397 3845 2475">
    <p class='ocr_par' dir='ltr' id='par_1_54' title="bbox 2244 2397 3845 2475">
     <span class='ocr_line' id='line_1_54' title="bbox 2244 2397 3845 2475; baseline 0.004 -26"><span class='ocrx_word' id='word_1_366' title='bbox 2244 2413 2345 2460; x_wconf 86' lang='grc' dir='ltr'><strong>τας</strong></span> <span class='ocrx_word' id='word_1_367' title='bbox 2383 2397 2513 2460; x_wconf 82' lang='grc' dir='ltr'>τοὺς</span> <span class='ocrx_word' id='word_1_368' title='bbox 2570 2399 2823 2464; x_wconf 72' lang='grc' dir='ltr'>ἐθνικοὺς</span> <span class='ocrx_word' id='word_1_369' title='bbox 2850 2399 2925 2464; x_wconf 82' lang='grc' dir='ltr'>ὡς</span> <span class='ocrx_word' id='word_1_370' title='bbox 2957 2400 3163 2455; x_wconf 90' lang='grc' dir='ltr'>ἐπίπαν</span> <span class='ocrx_word' id='word_1_371' title='bbox 3205 2400 3546 2470; x_wconf 74' lang='grc' dir='ltr'>μηκοθέντας</span> <span class='ocrx_word' id='word_1_372' title='bbox 3595 2402 3845 2475; x_wconf 75' lang='grc' dir='ltr'>ἀλλήλων</span> 
     </span>
    </p>
   </div>
   <div class='ocr_carea' id='block_1_55' title="bbox 2244 2489 3845 2562">
    <p class='ocr_par' dir='ltr' id='par_1_55' title="bbox 2244 2489 3845 2562">
     <span class='ocr_line' id='line_1_55' title="bbox 2244 2489 3845 2562; baseline 0.004 -22"><span class='ocrx_word' id='word_1_373' title='bbox 2244 2489 2584 2558; x_wconf 76' lang='grc' dir='ltr'>παρατάξεις</span> <span class='ocrx_word' id='word_1_374' title='bbox 2611 2489 2860 2560; x_wconf 82' lang='grc' dir='ltr'>ὁρῶντας</span> <span class='ocrx_word' id='word_1_375' title='bbox 2905 2491 3368 2562; x_wconf 81' lang='grc' dir='ltr'>ἐπισημαίνεσθαι</span> <span class='ocrx_word' id='word_1_376' title='bbox 3399 2493 3500 2562; x_wconf 81' lang='grc' dir='ltr'>τὴν</span> <span class='ocrx_word' id='word_1_377' title='bbox 3535 2494 3845 2560; x_wconf 82' lang='grc' dir='ltr'>στυγνωτέ-</span> 
     </span>
    </p>
   </div>
   <div class='ocr_carea' id='block_1_56' title="bbox 2248 2581 3840 2658">
    <p class='ocr_par' dir='ltr' id='par_1_56' title="bbox 2248 2581 3840 2658">
     <span class='ocr_line' id='line_1_56' title="bbox 2248 2581 3840 2658; baseline 0.005 -25"><span class='ocrx_word' id='word_1_378' title='bbox 2248 2598 2348 2652; x_wconf 81' lang='grc' dir='ltr'><strong>ραν</strong></span> <span class='ocrx_word' id='word_1_379' title='bbox 2373 2581 2574 2650; x_wconf 79' lang='grc' dir='ltr'>μᾶλλον</span> <span class='ocrx_word' id='word_1_380' title='bbox 2615 2585 2681 2654; x_wconf 80' lang='grc' dir='ltr'>τῇ</span> <span class='ocrx_word' id='word_1_381' title='bbox 2728 2583 2850 2653; x_wconf 74' lang='grc' dir='ltr'>ὄψει</span> <span class='ocrx_word' id='word_1_382' title='bbox 2909 2584 3298 2655; x_wconf 73' lang='grc' dir='ltr'>ἐπιτυγχάνειν</span> <span class='ocrx_word' id='word_1_383' title='bbox 3345 2589 3406 2639; x_wconf 78' lang='grc' dir='ltr'><strong>ἐν</strong></span> <span class='ocrx_word' id='word_1_384' title='bbox 3455 2589 3575 2650; x_wconf 87' lang='grc' dir='ltr'>ταῖς</span> <span class='ocrx_word' id='word_1_385' title='bbox 3615 2587 3840 2658; x_wconf 79' lang='grc' dir='ltr'>μάχαις,</span> 
     </span>
    </p>
   </div>
   <div class='ocr_carea' id='block_1_57' title="bbox 2245 2673 3843 2750">
    <p class='ocr_par' dir='ltr' id='par_1_57' title="bbox 2245 2673 3843 2750">
     <span class='ocr_line' id='line_1_57' title="bbox 2245 2673 3843 2750; baseline 0.005 -25"><span class='ocrx_word' id='word_1_386' title='bbox 2245 2673 2392 2744; x_wconf 78' lang='grc' dir='ltr'>ἥπερ</span> <span class='ocrx_word' id='word_1_387' title='bbox 2416 2677 2516 2744; x_wconf 76' lang='grc' dir='ltr'><strong>τὴν</strong></span> <span class='ocrx_word' id='word_1_388' title='bbox 2546 2675 2606 2728; x_wconf 83' lang='grc' dir='ltr'>ὲν</span> <span class='ocrx_word' id='word_1_389' title='bbox 2635 2677 2746 2738; x_wconf 82' lang='grc' dir='ltr'>τοῖς</span> <span class='ocrx_word' id='word_1_390' title='bbox 2776 2675 2965 2740; x_wconf 80' lang='grc' dir='ltr'>ὅπλοις</span> <span class='ocrx_word' id='word_1_391' title='bbox 2992 2676 3320 2747; x_wconf 81' lang='grc' dir='ltr'>λάμπουσαν</span> <span class='ocrx_word' id='word_1_392' title='bbox 3359 2695 3374 2710; x_wconf 79' lang='grc' dir='ltr'><strong>ο</strong></span> <span class='ocrx_word' id='word_1_393' title='bbox 3412 2679 3680 2750; x_wconf 78' lang='grc' dir='ltr'>καὶ’τάχα</span> <span class='ocrx_word' id='word_1_394' title='bbox 3707 2680 3843 2748; x_wconf 57' lang='lat' dir='ltr'><strong>glau-</strong></span> 
     </span>
    </p>
   </div>
   <div class='ocr_carea' id='block_1_58' title="bbox 2244 2764 3844 2842">
    <p class='ocr_par' dir='ltr' id='par_1_58' title="bbox 2244 2764 3844 2842">
     <span class='ocr_line' id='line_1_58' title="bbox 2244 2764 3844 2842; baseline 0.005 -25"><span class='ocrx_word' id='word_1_395' title='bbox 2244 2764 2332 2828; x_wconf 84' lang='grc' dir='ltr'><strong>δές</strong></span> <span class='ocrx_word' id='word_1_396' title='bbox 2392 2768 2541 2820; x_wconf 84' lang='grc' dir='ltr'>ἐστιν</span> <span class='ocrx_word' id='word_1_397' title='bbox 2583 2767 2646 2821; x_wconf 81' lang='grc' dir='ltr'>τὺ</span> <span class='ocrx_word' id='word_1_398' title='bbox 2678 2768 2900 2838; x_wconf 80' lang='grc' dir='ltr'>χυδαῖον</span> <span class='ocrx_word' id='word_1_399' title='bbox 2924 2771 3105 2826; x_wconf 86' lang='grc' dir='ltr'>τοῦτο.</span> <span class='ocrx_word' id='word_1_400' title='bbox 3138 2770 3292 2825; x_wconf 71' lang='grc' dir='ltr'>Μετὰ</span> <span class='ocrx_word' id='word_1_401' title='bbox 3325 2769 3434 2842; x_wconf 78' lang='grc' dir='ltr'>γὰρ</span> <span class='ocrx_word' id='word_1_402' title='bbox 3477 2771 3578 2842; x_wconf 82' lang='grc' dir='ltr'>τῆς</span> <span class='ocrx_word' id='word_1_403' title='bbox 3605 2771 3844 2842; x_wconf 81' lang='grc' dir='ltr'>κρίσεως</span> 
     </span>
    </p>
   </div>
   <div class='ocr_carea' id='block_1_59' title="bbox 2244 2854 3844 2934">
    <p class='ocr_par' dir='ltr' id='par_1_59' title="bbox 2244 2854 3844 2934">
     <span class='ocr_line' id='line_1_59' title="bbox 2244 2854 3844 2934; baseline 0.006 -28"><span class='ocrx_word' id='word_1_404' title='bbox 2244 2854 2342 2907; x_wconf 90' lang='grc' dir='ltr'><strong>τοῦ</strong></span> <span class='ocrx_word' id='word_1_405' title='bbox 2370 2855 2508 2909; x_wconf 82' lang='grc' dir='ltr'>Θεοῦ</span> <span class='ocrx_word' id='word_1_406' title='bbox 2563 2859 2632 2928; x_wconf 76' lang='grc' dir='ltr'>τῇ</span> <span class='ocrx_word' id='word_1_407' title='bbox 2662 2857 2755 2911; x_wconf 84' lang='grc' dir='ltr'><strong>τοῦ</strong></span> <span class='ocrx_word' id='word_1_408' title='bbox 2788 2860 3104 2931; x_wconf 72' lang='grc' dir='ltr'>στρατηγοῦ</span> <span class='ocrx_word' id='word_1_409' title='bbox 3139 2861 3406 2934; x_wconf 76' lang='grc' dir='ltr'>διοικήσει</span> <span class='ocrx_word' id='word_1_410' title='bbox 3444 2861 3542 2917; x_wconf 77' lang='grc' dir='ltr'>καὶ</span> <span class='ocrx_word' id='word_1_411' title='bbox 3558 2863 3844 2933; x_wconf 68' lang='grc' dir='ltr'>προθυμίᾳ</span> 
     </span>
    </p>
   </div>
   <div class='ocr_carea' id='block_1_60' title="bbox 2245 2947 3843 3023">
    <p class='ocr_par' dir='ltr' id='par_1_60' title="bbox 2245 2947 3843 3023">
     <span class='ocr_line' id='line_1_60' title="bbox 2245 2947 3843 3023; baseline 0.006 -23"><span class='ocrx_word' id='word_1_412' title='bbox 2245 2947 2343 3001; x_wconf 81' lang='grc' dir='ltr'><strong>τοῦ</strong></span> <span class='ocrx_word' id='word_1_413' title='bbox 2385 2951 2620 3020; x_wconf 84' lang='grc' dir='ltr'>στρατοῦ</span> <span class='ocrx_word' id='word_1_414' title='bbox 2675 2953 2915 3022; x_wconf 81' lang='grc' dir='ltr'>πόλεμος</span> <span class='ocrx_word' id='word_1_415' title='bbox 2962 2954 3213 3023; x_wconf 81' lang='grc' dir='ltr'>κρίνεται</span> <span class='ocrx_word' id='word_1_416' title='bbox 3249 2969 3263 2984; x_wconf 77' lang='grc' dir='ltr'><strong>ο</strong></span> <span class='ocrx_word' id='word_1_417' title='bbox 3294 2953 3411 3008; x_wconf 74' lang='grc' dir='ltr'>ἀλλ’</span> <span class='ocrx_word' id='word_1_418' title='bbox 3437 2951 3531 3008; x_wconf 82' lang='grc' dir='ltr'><strong>οῦν</strong></span> <span class='ocrx_word' id='word_1_419' title='bbox 3574 2955 3663 3008; x_wconf 75' lang='grc' dir='ltr'><strong>διὰ</strong></span> <span class='ocrx_word' id='word_1_420' title='bbox 3715 2956 3843 3018; x_wconf 73' lang='grc' dir='ltr'>τοὺς</span> 
     </span>
    </p>
   </div>
   <div class='ocr_carea' id='block_1_61' title="bbox 2252 3041 3844 3120">
    <p class='ocr_par' dir='ltr' id='par_1_61' title="bbox 2252 3041 3844 3120">
     <span class='ocr_line' id='line_1_61' title="bbox 2252 3041 3844 3120; baseline 0.005 -27"><span class='ocrx_word' id='word_1_421' title='bbox 2252 3041 2566 3096; x_wconf 83' lang='grc' dir='ltr'>τὰτοιαῦτα</span> <span class='ocrx_word' id='word_1_422' title='bbox 2598 3047 3032 3116; x_wconf 73' lang='grc' dir='ltr'>στοχαζομένους</span> <span class='ocrx_word' id='word_1_423' title='bbox 3073 3047 3194 3102; x_wconf 87' lang='grc' dir='ltr'>δέον</span> <span class='ocrx_word' id='word_1_424' title='bbox 3253 3047 3422 3114; x_wconf 75' lang='grc' dir='ltr'>ἐστὶν,</span> <span class='ocrx_word' id='word_1_425' title='bbox 3449 3048 3592 3103; x_wconf 82' lang='grc' dir='ltr'>ὥστε</span> <span class='ocrx_word' id='word_1_426' title='bbox 3644 3050 3696 3102; x_wconf 88' lang='grc' dir='ltr'><strong>εί</strong></span> <span class='ocrx_word' id='word_1_427' title='bbox 3745 3049 3844 3120; x_wconf 66' lang='grc' dir='ltr'><strong>μὲν</strong></span> 
     </span>
    </p>
   </div>
   <div class='ocr_carea' id='block_1_62' title="bbox 2247 3131 3843 3210">
    <p class='ocr_par' dir='ltr' id='par_1_62' title="bbox 2247 3131 3843 3210">
     <span class='ocr_line' id='line_1_62' title="bbox 2247 3131 3843 3210; baseline 0.004 -24"><span class='ocrx_word' id='word_1_428' title='bbox 2247 3131 2374 3186; x_wconf 76' lang='grc' dir='ltr'>ὕλαι</span> <span class='ocrx_word' id='word_1_429' title='bbox 2411 3134 2447 3204; x_wconf 84' lang='grc' dir='ltr'>ἢ</span> <span class='ocrx_word' id='word_1_430' title='bbox 2500 3135 2671 3189; x_wconf 84' lang='grc' dir='ltr'>κοῖλοι</span> <span class='ocrx_word' id='word_1_431' title='bbox 2694 3137 2851 3190; x_wconf 81' lang='grc' dir='ltr'>τόποι</span> <span class='ocrx_word' id='word_1_432' title='bbox 2891 3138 3238 3210; x_wconf 71' lang='grc' dir='ltr'>πρόκεινται,</span> <span class='ocrx_word' id='word_1_433' title='bbox 3281 3139 3463 3192; x_wconf 82' lang='grc' dir='ltr'>ἐκεῖσε</span> <span class='ocrx_word' id='word_1_434' title='bbox 3485 3138 3577 3192; x_wconf 83' lang='grc' dir='ltr'>τὸν</span> <span class='ocrx_word' id='word_1_435' title='bbox 3613 3140 3843 3210; x_wconf 80' lang='grc' dir='ltr'>στρατὸν</span> 
     </span>
    </p>
   </div>
   <div class='ocr_carea' id='block_1_63' title="bbox 541 3224 2138 3315">
    <p class='ocr_par' dir='ltr' id='par_1_63' title="bbox 541 3227 2138 3295">
     <span class='ocr_line' id='line_1_63' title="bbox 541 3227 2138 3295; baseline 0.003 -11"><span class='ocrx_word' id='word_1_436' title='bbox 541 3227 656 3284; x_wconf 81' lang='lat' dir='ltr'><strong>bus.</strong></span> <span class='ocrx_word' id='word_1_437' title='bbox 684 3243 794 3283; x_wconf 83' lang='lat' dir='ltr'><strong>non</strong></span> <span class='ocrx_word' id='word_1_438' title='bbox 825 3229 1169 3287; x_wconf 67' lang='lat' dir='ltr'><strong>ostentandae</strong></span> <span class='ocrx_word' id='word_1_439' title='bbox 1221 3241 1373 3295; x_wconf 77' lang='lat' dir='ltr'><strong>sunt,</strong></span> <span class='ocrx_word' id='word_1_440' title='bbox 1423 3239 1483 3285; x_wconf 91' lang='lat' dir='ltr'><strong>ut</strong></span> <span class='ocrx_word' id='word_1_441' title='bbox 1512 3248 1581 3287; x_wconf 89' lang='lat' dir='ltr'><strong>ne</strong></span> <span class='ocrx_word' id='word_1_442' title='bbox 1609 3232 1657 3288; x_wconf 88' lang='lat' dir='ltr'><strong>si</strong></span> <span class='ocrx_word' id='word_1_443' title='bbox 1693 3241 1822 3288; x_wconf 85' lang='lat' dir='ltr'><strong>ante</strong></span> <span class='ocrx_word' id='word_1_444' title='bbox 1857 3249 2028 3289; x_wconf 87' lang='lat' dir='ltr'><strong>unum</strong></span> <span class='ocrx_word' id='word_1_445' title='bbox 2049 3244 2138 3289; x_wconf 88' lang='lat' dir='ltr'><strong>aut</strong></span> 
     </span>
    </p>
   </div>
   <div class='ocr_carea' id='block_1_64' title="bbox 2245 3224 3845 3315">
    <p class='ocr_par' dir='ltr' id='par_1_64' title="bbox 2245 3224 3845 3309">
     <span class='ocr_line' id='line_1_64' title="bbox 2245 3224 3845 3309; baseline 0.006 -32"><span class='ocrx_word' id='word_1_446' title='bbox 2245 3224 2606 3296; x_wconf 79' lang='grc' dir='ltr'>ἀποκρύὸειν,</span> <span class='ocrx_word' id='word_1_447' title='bbox 2646 3228 2741 3281; x_wconf 83' lang='grc' dir='ltr'>καὶ</span> <span class='ocrx_word' id='word_1_448' title='bbox 2775 3228 2883 3299; x_wconf 80' lang='grc' dir='ltr'><strong>πρὸ</strong></span> <span class='ocrx_word' id='word_1_449' title='bbox 2908 3228 3105 3284; x_wconf 87' lang='grc' dir='ltr'>πολλοῦ</span> <span class='ocrx_word' id='word_1_450' title='bbox 3135 3234 3274 3309; x_wconf 49' lang='grc' dir='ltr'>τοῖς⁴</span> <span class='ocrx_word' id='word_1_451' title='bbox 3302 3231 3590 3302; x_wconf 86' lang='grc' dir='ltr'>πολεμίοις</span> <span class='ocrx_word' id='word_1_452' title='bbox 3621 3231 3700 3303; x_wconf 82' lang='grc' dir='ltr'><strong>μὴ</strong></span> <span class='ocrx_word' id='word_1_453' title='bbox 3725 3233 3845 3287; x_wconf 79' lang='grc' dir='ltr'>ἐπι·-</span> 
     </span>
    </p>
   </div>
   <div class='ocr_carea' id='block_1_65' title="bbox 538 3319 2134 3396">
    <p class='ocr_par' dir='ltr' id='par_1_65' title="bbox 538 3319 2134 3396">
     <span class='ocr_line' id='line_1_65' title="bbox 538 3319 2134 3396; baseline 0.008 -23"><span class='ocrx_word' id='word_1_454' title='bbox 538 3319 772 3374; x_wconf 81' lang='lat' dir='ltr'><strong>alterum</strong></span> <span class='ocrx_word' id='word_1_455' title='bbox 800 3325 1018 3391; x_wconf 75' lang='lat' dir='ltr'><strong>signum</strong></span> <span class='ocrx_word' id='word_1_456' title='bbox 1052 3324 1122 3377; x_wconf 87' lang='lat' dir='ltr'><strong>ab</strong></span> <span class='ocrx_word' id='word_1_457' title='bbox 1149 3323 1408 3380; x_wconf 81' lang='lat' dir='ltr'><strong>hostibus</strong></span> <span class='ocrx_word' id='word_1_458' title='bbox 1436 3335 1878 3396; x_wconf 86' lang='lat' dir='ltr'><strong>cognoscantur,</strong></span> <span class='ocrx_word' id='word_1_459' title='bbox 1913 3327 2134 3386; x_wconf 70' lang='lat' dir='ltr'><strong>insidiae</strong></span> 
     </span>
    </p>
   </div>
   <div class='ocr_carea' id='block_1_66' title="bbox 536 3412 1244 3484">
    <p class='ocr_par' dir='ltr' id='par_1_66' title="bbox 536 3412 1244 3484">
     <span class='ocr_line' id='line_1_66' title="bbox 536 3412 1244 3484; baseline 0.007 -17"><span class='ocrx_word' id='word_1_460' title='bbox 536 3412 646 3468; x_wconf 88' lang='lat' dir='ltr'><strong>illis</strong></span> <span class='ocrx_word' id='word_1_461' title='bbox 675 3414 898 3484; x_wconf 85' lang='lat' dir='ltr'><strong>dolique</strong></span> <span class='ocrx_word' id='word_1_462' title='bbox 932 3423 1244 3473; x_wconf 83' lang='lat' dir='ltr'><strong>struantur.</strong></span> 
     </span>
    </p>
   </div>
   <div class='ocr_carea' id='block_1_67' title="bbox 608 3592 2137 3668">
    <p class='ocr_par' dir='ltr' id='par_1_67' title="bbox 608 3592 2137 3668">
     <span class='ocr_line' id='line_1_67' title="bbox 608 3592 2137 3668; baseline 0.005 -18"><span class='ocrx_word' id='word_1_463' title='bbox 608 3592 704 3650; x_wconf 75' lang='lat'><strong>38.</strong></span> <span class='ocrx_word' id='word_1_464' title='bbox 745 3592 803 3649; x_wconf 89' lang='lat' dir='ltr'><strong>Si</strong></span> <span class='ocrx_word' id='word_1_465' title='bbox 835 3594 1022 3652; x_wconf 81' lang='lat' dir='ltr'><strong>nudus</strong></span> <span class='ocrx_word' id='word_1_466' title='bbox 1046 3595 1206 3653; x_wconf 87' lang='lat' dir='ltr'><strong>locus</strong></span> <span class='ocrx_word' id='word_1_467' title='bbox 1237 3612 1524 3668; x_wconf 76' lang='lat' dir='ltr'><strong>purusque</strong></span> <span class='ocrx_word' id='word_1_468' title='bbox 1552 3612 1646 3654; x_wconf 82' lang='lat' dir='ltr'><strong>aer</strong></span> <span class='ocrx_word' id='word_1_469' title='bbox 1679 3597 1866 3662; x_wconf 83' lang='lat' dir='ltr'><strong>fuerit,</strong></span> <span class='ocrx_word' id='word_1_470' title='bbox 1891 3599 2137 3657; x_wconf 84' lang='lat' dir='ltr'><strong>cassides</strong></span> 
     </span>
    </p>
   </div>
   <div class='ocr_carea' id='block_1_68' title="bbox 535 3689 2139 3762">
    <p class='ocr_par' dir='ltr' id='par_1_68' title="bbox 535 3689 2139 3762">
     <span class='ocr_line' id='line_1_68' title="bbox 535 3689 2139 3762; baseline 0.004 -21"><span class='ocrx_word' id='word_1_471' title='bbox 535 3700 670 3742; x_wconf 77' lang='lat' dir='ltr'><strong>suas</strong></span> <span class='ocrx_word' id='word_1_472' title='bbox 697 3703 808 3742; x_wconf 89' lang='lat' dir='ltr'><strong>non</strong></span> <span class='ocrx_word' id='word_1_473' title='bbox 839 3689 1040 3757; x_wconf 87' lang='lat' dir='ltr'><strong>capite,</strong></span> <span class='ocrx_word' id='word_1_474' title='bbox 1073 3689 1169 3745; x_wconf 88' lang='lat' dir='ltr'><strong>sed</strong></span> <span class='ocrx_word' id='word_1_475' title='bbox 1203 3690 1460 3753; x_wconf 84' lang='lat' dir='ltr'><strong>manibus</strong></span> <span class='ocrx_word' id='word_1_476' title='bbox 1488 3699 1732 3761; x_wconf 86' lang='lat' dir='ltr'><strong>gestent,</strong></span> <span class='ocrx_word' id='word_1_477' title='bbox 1763 3692 1939 3747; x_wconf 90' lang='lat' dir='ltr'><strong>donec</strong></span> <span class='ocrx_word' id='word_1_478' title='bbox 1969 3708 2139 3762; x_wconf 84' lang='lat' dir='ltr'><strong>prope</strong></span> 
     </span>
    </p>
   </div>
   <div class='ocr_carea' id='block_1_69' title="bbox 539 3778 2140 3855">
    <p class='ocr_par' dir='ltr' id='par_1_69' title="bbox 539 3778 2140 3855">
     <span class='ocr_line' id='line_1_69' title="bbox 539 3778 2140 3855; baseline 0.005 -23"><span class='ocrx_word' id='word_1_479' title='bbox 539 3778 732 3834; x_wconf 84' lang='lat' dir='ltr'><strong>hostes</strong></span> <span class='ocrx_word' id='word_1_480' title='bbox 763 3782 1020 3836; x_wconf 85' lang='lat' dir='ltr'><strong>venerint</strong></span> <span class='ocrx_word' id='word_1_481' title='bbox 1053 3799 1068 3836; x_wconf 90' lang='lat'><strong>:</strong></span> <span class='ocrx_word' id='word_1_482' title='bbox 1101 3790 1261 3838; x_wconf 87' lang='lat' dir='ltr'><strong>scuta</strong></span> <span class='ocrx_word' id='word_1_483' title='bbox 1314 3794 1497 3840; x_wconf 78' lang='lat' dir='ltr'><strong>autem</strong></span> <span class='ocrx_word' id='word_1_484' title='bbox 1533 3798 1701 3853; x_wconf 80' lang='lat' dir='ltr'><strong>parva</strong></span> <span class='ocrx_word' id='word_1_485' title='bbox 1731 3799 1920 3841; x_wconf 88' lang='lat' dir='ltr'><strong>coram</strong></span> <span class='ocrx_word' id='word_1_486' title='bbox 1960 3784 2015 3841; x_wconf 88' lang='lat' dir='ltr'><strong>in</strong></span> <span class='ocrx_word' id='word_1_487' title='bbox 2043 3800 2140 3855; x_wconf 83' lang='lat' dir='ltr'><strong>pe-</strong></span> 
     </span>
    </p>
   </div>
   <div class='ocr_carea' id='block_1_70' title="bbox 536 3872 2139 3946">
    <p class='ocr_par' dir='ltr' id='par_1_70' title="bbox 536 3872 2139 3946">
     <span class='ocr_line' id='line_1_70' title="bbox 536 3872 2139 3946; baseline 0.005 -21"><span class='ocrx_word' id='word_1_488' title='bbox 536 3880 693 3928; x_wconf 79' lang='lat' dir='ltr'><strong>ctore</strong></span> <span class='ocrx_word' id='word_1_489' title='bbox 733 3872 947 3940; x_wconf 85' lang='lat' dir='ltr'><strong>ferant,</strong></span> <span class='ocrx_word' id='word_1_490' title='bbox 982 3883 1278 3946; x_wconf 79' lang='lat' dir='ltr'><strong>tegantque</strong></span> <span class='ocrx_word' id='word_1_491' title='bbox 1322 3876 1510 3946; x_wconf 82' lang='lat' dir='ltr'><strong>galeas</strong></span> <span class='ocrx_word' id='word_1_492' title='bbox 1555 3885 1609 3933; x_wconf 88' lang='lat' dir='ltr'><strong>et</strong></span> <span class='ocrx_word' id='word_1_493' title='bbox 1664 3878 1955 3935; x_wconf 85' lang='lat' dir='ltr'><strong>cassides:</strong></span> <span class='ocrx_word' id='word_1_494' title='bbox 1989 3880 2139 3935; x_wconf 86' lang='lat' dir='ltr'><strong>vela</strong></span> 
     </span>
    </p>
   </div>
   <div class='ocr_carea' id='block_1_71' title="bbox 538 3965 2136 4041">
    <p class='ocr_par' dir='ltr' id='par_1_71' title="bbox 538 3965 2136 4041">
     <span class='ocr_line' id='line_1_71' title="bbox 538 3965 2136 4041; baseline 0.007 -25"><span class='ocrx_word' id='word_1_495' title='bbox 538 3972 698 4034; x_wconf 90' lang='lat' dir='ltr'><strong>tergo</strong></span> <span class='ocrx_word' id='word_1_496' title='bbox 731 3965 979 4021; x_wconf 81' lang='lat' dir='ltr'><strong>humeris</strong></span> <span class='ocrx_word' id='word_1_497' title='bbox 1009 3976 1249 4036; x_wconf 76' lang='lat' dir='ltr'><strong>gestent,</strong></span> <span class='ocrx_word' id='word_1_498' title='bbox 1276 3969 1322 4022; x_wconf 88' lang='lat' dir='ltr'><strong>si</strong></span> <span class='ocrx_word' id='word_1_499' title='bbox 1350 3975 1514 4024; x_wconf 77' lang='lat' dir='ltr'><strong>scuta</strong></span> <span class='ocrx_word' id='word_1_500' title='bbox 1549 3968 1730 4026; x_wconf 85' lang='lat' dir='ltr'><strong>ferrea</strong></span> <span class='ocrx_word' id='word_1_501' title='bbox 1757 3986 1822 4026; x_wconf 82' lang='lat' dir='ltr'><strong>ac</strong></span> <span class='ocrx_word' id='word_1_502' title='bbox 1847 3971 2136 4041; x_wconf 81' lang='lat' dir='ltr'><strong>splendida</strong></span> 
     </span>
    </p>
   </div>
   <div class='ocr_carea' id='block_1_72' title="bbox 537 4053 2136 4133">
    <p class='ocr_par' dir='ltr' id='par_1_72' title="bbox 537 4053 2136 4133">
     <span class='ocr_line' id='line_1_72' title="bbox 537 4053 2136 4133; baseline 0.008 -25"><span class='ocrx_word' id='word_1_503' title='bbox 537 4053 779 4109; x_wconf 84' lang='lat' dir='ltr'><strong>habeant</strong></span> <span class='ocrx_word' id='word_1_504' title='bbox 805 4074 822 4110; x_wconf 83' lang='lat'>:</span> <span class='ocrx_word' id='word_1_505' title='bbox 846 4058 940 4113; x_wconf 87' lang='lat' dir='ltr'><strong>sed</strong></span> <span class='ocrx_word' id='word_1_506' title='bbox 975 4067 1034 4113; x_wconf 87' lang='lat' dir='ltr'><strong>et</strong></span> <span class='ocrx_word' id='word_1_507' title='bbox 1069 4057 1278 4114; x_wconf 87' lang='lat' dir='ltr'><strong>ferrum</strong></span> <span class='ocrx_word' id='word_1_508' title='bbox 1331 4059 1624 4116; x_wconf 85' lang='lat' dir='ltr'><strong>hastarum.</strong></span> <span class='ocrx_word' id='word_1_509' title='bbox 1671 4063 1936 4133; x_wconf 72' lang='lat' dir='ltr'><strong>praedicto</strong></span> <span class='ocrx_word' id='word_1_510' title='bbox 1973 4064 2136 4120; x_wconf 86' lang='lat' dir='ltr'><strong>modo</strong></span> 
     </span>
    </p>
   </div>
   <div class='ocr_carea' id='block_1_73' title="bbox 534 4149 2134 4225">
    <p class='ocr_par' dir='ltr' id='par_1_73' title="bbox 534 4149 2134 4225">
     <span class='ocr_line' id='line_1_73' title="bbox 534 4149 2134 4225; baseline 0.009 -25"><span class='ocrx_word' id='word_1_511' title='bbox 534 4149 892 4204; x_wconf 85' lang='lat' dir='ltr'><strong>occultetur:</strong></span> <span class='ocrx_word' id='word_1_512' title='bbox 925 4157 987 4204; x_wconf 91' lang='lat' dir='ltr'><strong>ut</strong></span> <span class='ocrx_word' id='word_1_513' title='bbox 1021 4166 1177 4205; x_wconf 88' lang='lat' dir='ltr'><strong>arma</strong></span> <span class='ocrx_word' id='word_1_514' title='bbox 1224 4155 1448 4211; x_wconf 88' lang='lat' dir='ltr'><strong>eminus</strong></span> <span class='ocrx_word' id='word_1_515' title='bbox 1483 4156 1634 4210; x_wconf 92' lang='lat' dir='ltr'><strong>nullo</strong></span> <span class='ocrx_word' id='word_1_516' title='bbox 1672 4157 1834 4212; x_wconf 86' lang='lat' dir='ltr'><strong>modo</strong></span> <span class='ocrx_word' id='word_1_517' title='bbox 1879 4158 2134 4225; x_wconf 90' lang='lat' dir='ltr'><strong>luceant,</strong></span> 
     </span>
    </p>
   </div>
   <div class='ocr_carea' id='block_1_74' title="bbox 533 4243 2138 4322">
    <p class='ocr_par' dir='ltr' id='par_1_74' title="bbox 533 4243 2138 4322">
     <span class='ocr_line' id='line_1_74' title="bbox 533 4243 2138 4322; baseline 0.007 -28"><span class='ocrx_word' id='word_1_518' title='bbox 533 4255 666 4295; x_wconf 84' lang='lat' dir='ltr'><strong>cum</strong></span> <span class='ocrx_word' id='word_1_519' title='bbox 732 4243 1040 4311; x_wconf 71' lang='lat' dir='ltr'><strong>praesertim</strong></span> <span class='ocrx_word' id='word_1_520' title='bbox 1108 4245 1385 4314; x_wconf 77' lang='lat' dir='ltr'><strong>ejusmodi</strong></span> <span class='ocrx_word' id='word_1_521' title='bbox 1435 4249 1596 4319; x_wconf 81' lang='lat' dir='ltr'><strong>signo</strong></span> <span class='ocrx_word' id='word_1_522' title='bbox 1643 4249 1694 4305; x_wconf 86' lang='lat' dir='ltr'><strong>si</strong></span> <span class='ocrx_word' id='word_1_523' title='bbox 1739 4252 2138 4322; x_wconf 77' lang='lat' dir='ltr'><strong>consigueutnr</strong></span> 
     </span>
    </p>
   </div>
   <div class='ocr_carea' id='block_1_75' title="bbox 537 4337 2133 4412">
    <p class='ocr_par' dir='ltr' id='par_1_75' title="bbox 537 4337 2133 4412">
     <span class='ocr_line' id='line_1_75' title="bbox 537 4337 2133 4412; baseline 0.008 -24"><span class='ocrx_word' id='word_1_524' title='bbox 537 4337 750 4400; x_wconf 79' lang='lat' dir='ltr'><strong>hostes,</strong></span> <span class='ocrx_word' id='word_1_525' title='bbox 784 4349 996 4394; x_wconf 86' lang='lat' dir='ltr'><strong>mentes</strong></span> <span class='ocrx_word' id='word_1_526' title='bbox 1028 4339 1250 4395; x_wconf 76' lang='lat' dir='ltr'><strong>illorum</strong></span> <span class='ocrx_word' id='word_1_527' title='bbox 1282 4342 1682 4412; x_wconf 86' lang='lat' dir='ltr'><strong>anticipentur,</strong></span> <span class='ocrx_word' id='word_1_528' title='bbox 1707 4354 1761 4401; x_wconf 85' lang='lat' dir='ltr'><strong>et</strong></span> <span class='ocrx_word' id='word_1_529' title='bbox 1793 4346 1850 4400; x_wconf 88' lang='lat' dir='ltr'><strong>in</strong></span> <span class='ocrx_word' id='word_1_530' title='bbox 1880 4345 2133 4402; x_wconf 84' lang='lat' dir='ltr'><strong>formidi-</strong></span> 
     </span>
    </p>
   </div>
   <div class='ocr_carea' id='block_1_76' title="bbox 536 4430 1646 4495">
    <p class='ocr_par' dir='ltr' id='par_1_76' title="bbox 536 4430 1646 4495">
     <span class='ocr_line' id='line_1_76' title="bbox 536 4430 1646 4495; baseline 0.011 -15"><span class='ocrx_word' id='word_1_531' title='bbox 536 4441 664 4480; x_wconf 88' lang='lat' dir='ltr'><strong>nem</strong></span> <span class='ocrx_word' id='word_1_532' title='bbox 695 4430 988 4495; x_wconf 80' lang='lat' dir='ltr'><strong>quamdam</strong></span> <span class='ocrx_word' id='word_1_533' title='bbox 1025 4441 1154 4488; x_wconf 77' lang='lat' dir='ltr'><strong>ante</strong></span> <span class='ocrx_word' id='word_1_534' title='bbox 1189 4433 1391 4489; x_wconf 83' lang='lat' dir='ltr'><strong>bellum</strong></span> <span class='ocrx_word' id='word_1_535' title='bbox 1422 4435 1646 4492; x_wconf 84' lang='lat' dir='ltr'><strong>cadant.</strong></span> 
     </span>
    </p>
   </div>
   <div class='ocr_carea' id='block_1_77' title="bbox 2241 3320 3844 3393">
    <p class='ocr_par' dir='ltr' id='par_1_77' title="bbox 2241 3320 3844 3393">
     <span class='ocr_line' id='line_1_77' title="bbox 2241 3320 3844 3393; baseline 0.004 -22"><span class='ocrx_word' id='word_1_536' title='bbox 2241 3320 2726 3374; x_wconf 77' lang='grc' dir='ltr'>δεικνύεινοῶστε</span> <span class='ocrx_word' id='word_1_537' title='bbox 2793 3321 2870 3393; x_wconf 80' lang='grc' dir='ltr'>μὴ</span> <span class='ocrx_word' id='word_1_538' title='bbox 2926 3323 3400 3392; x_wconf 76' lang='grc' dir='ltr'>κατασοφίζεσθαι</span> <span class='ocrx_word' id='word_1_539' title='bbox 3467 3325 3564 3380; x_wconf 77' lang='grc' dir='ltr'>καὶ</span> <span class='ocrx_word' id='word_1_540' title='bbox 3613 3325 3844 3378; x_wconf 78' lang='grc' dir='ltr'>ἐπιϐου-</span> 
     </span>
    </p>
   </div>
   <div class='ocr_carea' id='block_1_78' title="bbox 2239 3409 3842 3489">
    <p class='ocr_par' dir='ltr' id='par_1_78' title="bbox 2239 3409 3842 3489">
     <span class='ocr_line' id='line_1_78' title="bbox 2239 3409 3842 3489; baseline 0.005 -25"><span class='ocrx_word' id='word_1_541' title='bbox 2239 3409 2422 3465; x_wconf 82' lang='grc' dir='ltr'>λεύειν</span> <span class='ocrx_word' id='word_1_542' title='bbox 2450 3414 2636 3480; x_wconf 78' lang='grc' dir='ltr'>αὑτὸν,</span> <span class='ocrx_word' id='word_1_543' title='bbox 2668 3416 2718 3467; x_wconf 85' lang='grc' dir='ltr'><strong>εί</strong></span> <span class='ocrx_word' id='word_1_544' title='bbox 2751 3416 2921 3485; x_wconf 85' lang='grc' dir='ltr'>μήπω</span> <span class='ocrx_word' id='word_1_545' title='bbox 2949 3415 3178 3470; x_wconf 77' lang='grc' dir='ltr'>ἔλθωσιν</span> <span class='ocrx_word' id='word_1_546' title='bbox 3203 3417 3312 3470; x_wconf 71' lang='grc' dir='ltr'><strong>ἀπὸ</strong></span> <span class='ocrx_word' id='word_1_547' title='bbox 3343 3416 3470 3481; x_wconf 80' lang='grc' dir='ltr'>ἐνὸς·</span> <span class='ocrx_word' id='word_1_548' title='bbox 3490 3419 3524 3488; x_wconf 80' lang='grc' dir='ltr'>ἢ</span> <span class='ocrx_word' id='word_1_549' title='bbox 3584 3417 3842 3489; x_wconf 75' lang='grc' dir='ltr'>δευτέρου</span> 
     </span>
    </p>
   </div>
   <div class='ocr_carea' id='block_1_79' title="bbox 2242 3503 3620 3559">
    <p class='ocr_par' dir='ltr' id='par_1_79' title="bbox 2242 3503 3620 3559">
     <span class='ocr_line' id='line_1_79' title="bbox 2242 3503 3620 3559; baseline 0.006 -3"><span class='ocrx_word' id='word_1_550' title='bbox 2242 3520 2308 3559; x_wconf 82' lang='grc' dir='ltr'><strong>στι</strong></span> <span class='ocrx_word' id='word_1_551' title='bbox 2319 3503 2488 3559; x_wconf 71' lang='grc' dir='ltr'>μείου.</span> <span class='ocrx_word' id='word_1_552' title='bbox 3611 3530 3620 3538; x_wconf 91' lang='grc'>·</span> 
     </span>
    </p>
   </div>
   <div class='ocr_carea' id='block_1_80' title="bbox 2275 3521 3846 3671">
    <p class='ocr_par' dir='ltr' id='par_1_80' title="bbox 2275 3521 3846 3671">
     <span class='ocr_line' id='line_1_80' title="bbox 2319 3521 3620 3559; baseline 0.005 -3"><span class='ocrx_word' id='word_1_553' title='bbox 2319 3521 2404 3556; x_wconf 66' lang='grc' dir='ltr'>νει</span> <span class='ocrx_word' id='word_1_554' title='bbox 2473 3543 2488 3559; x_wconf 96' lang='grc'><strong>.</strong></span> <span class='ocrx_word' id='word_1_555' title='bbox 3611 3530 3620 3538; x_wconf 91' lang='grc'>·</span> 
     </span>
     <span class='ocr_line' id='line_1_81' title="bbox 2275 3521 3846 3671; baseline 0.004 -23"><span class='ocrx_word' id='word_1_556' title='bbox 2275 3521 2434 3667; x_wconf 45' lang='lat'><strong>715:1}?</strong></span> <span class='ocrx_word' id='word_1_557' title='bbox 2438 3521 2517 3650; x_wconf 72' lang='lat' dir='ltr'><strong>uEl</strong></span> <span class='ocrx_word' id='word_1_558' title='bbox 2563 3595 2627 3650; x_wconf 80' lang='grc' dir='ltr'>δὲ</span> <span class='ocrx_word' id='word_1_559' title='bbox 2678 3596 2890 3667; x_wconf 78' lang='grc' dir='ltr'>γυμνὸς</span> <span class='ocrx_word' id='word_1_560' title='bbox 2936 3599 2967 3651; x_wconf 86' lang='grc' dir='ltr'><strong>ὁ</strong></span> <span class='ocrx_word' id='word_1_561' title='bbox 2998 3596 3164 3662; x_wconf 83' lang='grc' dir='ltr'>τόπος</span> <span class='ocrx_word' id='word_1_562' title='bbox 3209 3598 3308 3652; x_wconf 70' lang='grc' dir='ltr'><strong>καὶ</strong></span> <span class='ocrx_word' id='word_1_563' title='bbox 3352 3597 3598 3670; x_wconf 76' lang='grc' dir='ltr'>καθαρὸς</span> <span class='ocrx_word' id='word_1_564' title='bbox 3649 3600 3680 3652; x_wconf 83' lang='grc' dir='ltr'><strong>ὁ</strong></span> <span class='ocrx_word' id='word_1_565' title='bbox 3729 3599 3846 3671; x_wconf 76' lang='grc' dir='ltr'><strong>ἀήρ</strong></span> 
     </span>
    </p>
   </div>
   <div class='ocr_carea' id='block_1_81' title="bbox 2243 3689 3845 3764">
    <p class='ocr_par' dir='ltr' id='par_1_81' title="bbox 2243 3689 3845 3764">
     <span class='ocr_line' id='line_1_82' title="bbox 2243 3689 3845 3764; baseline 0.002 -22"><span class='ocrx_word' id='word_1_566' title='bbox 2243 3691 2415 3755; x_wconf 80' lang='grc' dir='ltr'>ἐστιν,</span> <span class='ocrx_word' id='word_1_567' title='bbox 2435 3689 2561 3742; x_wconf 84' lang='grc' dir='ltr'>τότε</span> <span class='ocrx_word' id='word_1_568' title='bbox 2589 3689 2689 3753; x_wconf 82' lang='grc' dir='ltr'>τὰς</span> <span class='ocrx_word' id='word_1_569' title='bbox 2715 3689 2975 3753; x_wconf 85' lang='grc' dir='ltr'>κασσίδας</span> <span class='ocrx_word' id='word_1_570' title='bbox 2997 3690 3442 3762; x_wconf 75' lang='grc' dir='ltr'>παρασκευάζειν</span> <span class='ocrx_word' id='word_1_571' title='bbox 3475 3691 3550 3763; x_wconf 83' lang='grc' dir='ltr'>μὴ</span> <span class='ocrx_word' id='word_1_572' title='bbox 3575 3691 3686 3764; x_wconf 81' lang='grc' dir='ltr'><strong>πρὸ</strong></span> <span class='ocrx_word' id='word_1_573' title='bbox 3708 3693 3845 3746; x_wconf 86' lang='grc' dir='ltr'>πολ-</span> 
     </span>
    </p>
   </div>
   <div class='ocr_carea' id='block_1_82' title="bbox 2243 3783 3843 3860">
    <p class='ocr_par' dir='ltr' id='par_1_82' title="bbox 2243 3783 3843 3860">
     <span class='ocr_line' id='line_1_83' title="bbox 2243 3783 3843 3860; baseline 0.004 -24"><span class='ocrx_word' id='word_1_574' title='bbox 2243 3783 2338 3837; x_wconf 88' lang='grc' dir='ltr'><strong>λοῦ</strong></span> <span class='ocrx_word' id='word_1_575' title='bbox 2372 3786 2677 3858; x_wconf 76' lang='grc' dir='ltr'>φορεῖσῢαι,</span> <span class='ocrx_word' id='word_1_576' title='bbox 2711 3787 2849 3841; x_wconf 81' lang='grc' dir='ltr'>ἀλλὰ</span> <span class='ocrx_word' id='word_1_577' title='bbox 2875 3787 2999 3850; x_wconf 78' lang='grc' dir='ltr'>ταῖς</span> <span class='ocrx_word' id='word_1_578' title='bbox 3059 3789 3220 3859; x_wconf 79' lang='grc' dir='ltr'>χερσὶ</span> <span class='ocrx_word' id='word_1_579' title='bbox 3272 3788 3604 3858; x_wconf 66' lang='grc' dir='ltr'>κατέχεσθαι</span> <span class='ocrx_word' id='word_1_580' title='bbox 3640 3789 3843 3860; x_wconf 77' lang='grc' dir='ltr'>μέχρις</span> 
     </span>
    </p>
   </div>
   <div class='ocr_carea' id='block_1_83' title="bbox 2245 3876 3843 3950">
    <p class='ocr_par' dir='ltr' id='par_1_83' title="bbox 2245 3876 3843 3950">
     <span class='ocr_line' id='line_1_84' title="bbox 2245 3876 3843 3950; baseline 0.001 -18"><span class='ocrx_word' id='word_1_581' title='bbox 2245 3876 2312 3932; x_wconf 80' lang='grc' dir='ltr'>ἂν</span> <span class='ocrx_word' id='word_1_582' title='bbox 2354 3878 2650 3947; x_wconf 82' lang='grc' dir='ltr'>ἐγγίσωσιν</span> <span class='ocrx_word' id='word_1_583' title='bbox 2702 3879 2756 3932; x_wconf 83' lang='lat' dir='ltr'><strong>oi.</strong></span> <span class='ocrx_word' id='word_1_584' title='bbox 2801 3878 3008 3950; x_wconf 82' lang='grc' dir='ltr'>ἐχθροί.</span> <span class='ocrx_word' id='word_1_585' title='bbox 3071 3879 3234 3932; x_wconf 79' lang='grc' dir='ltr'>Ἀλλὰ</span> <span class='ocrx_word' id='word_1_586' title='bbox 3285 3880 3380 3933; x_wconf 57' lang='grc' dir='ltr'><strong>καὶ</strong></span> <span class='ocrx_word' id='word_1_587' title='bbox 3421 3879 3494 3934; x_wconf 78' lang='grc' dir='ltr'>τὰ</span> <span class='ocrx_word' id='word_1_588' title='bbox 3537 3879 3843 3949; x_wconf 82' lang='grc' dir='ltr'>σκουτάρια</span> 
     </span>
    </p>
   </div>
   <div class='ocr_carea' id='block_1_84' title="bbox 2251 3971 3844 4044">
    <p class='ocr_par' dir='ltr' id='par_1_84' title="bbox 2251 3971 3844 4044">
     <span class='ocr_line' id='line_1_85' title="bbox 2251 3971 3844 4044; baseline 0.002 -19"><span class='ocrx_word' id='word_1_589' title='bbox 2251 3971 2424 4044; x_wconf 78' lang='grc' dir='ltr'>μικρὰ</span> <span class='ocrx_word' id='word_1_590' title='bbox 2487 3972 2618 4026; x_wconf 75' lang='grc' dir='ltr'>ὄντα</span> <span class='ocrx_word' id='word_1_591' title='bbox 2671 3972 2987 4044; x_wconf 75' lang='grc' dir='ltr'>ἔμπροσθεν</span> <span class='ocrx_word' id='word_1_592' title='bbox 3031 3973 3113 4036; x_wconf 82' lang='grc' dir='ltr'><strong>είς</strong></span> <span class='ocrx_word' id='word_1_593' title='bbox 3143 3973 3203 4026; x_wconf 82' lang='grc' dir='ltr'><strong>τὸ</strong></span> <span class='ocrx_word' id='word_1_594' title='bbox 3258 3972 3456 4043; x_wconf 80' lang='grc' dir='ltr'>στῆθος</span> <span class='ocrx_word' id='word_1_595' title='bbox 3501 3973 3711 4044; x_wconf 73' lang='grc' dir='ltr'>φέρειν,</span> <span class='ocrx_word' id='word_1_596' title='bbox 3743 3975 3844 4029; x_wconf 68' lang='grc' dir='ltr'>καὶ</span> 
     </span>
    </p>
   </div>
   <div class='ocr_carea' id='block_1_85' title="bbox 2247 4065 3836 4137">
    <p class='ocr_par' dir='ltr' id='par_1_85' title="bbox 2247 4065 3836 4137">
     <span class='ocr_line' id='line_1_86' title="bbox 2247 4065 3836 4137; baseline 0.001 -19"><span class='ocrx_word' id='word_1_597' title='bbox 2247 4068 2476 4119; x_wconf 74' lang='grc' dir='ltr'>σκέπειν</span> <span class='ocrx_word' id='word_1_598' title='bbox 2508 4066 2576 4119; x_wconf 76' lang='grc' dir='ltr'>δι’</span> <span class='ocrx_word' id='word_1_599' title='bbox 2609 4065 2792 4120; x_wconf 75' lang='grc' dir='ltr'>αὐτῶν</span> <span class='ocrx_word' id='word_1_600' title='bbox 2820 4065 3012 4120; x_wconf 78' lang='grc' dir='ltr'>καὶτὰ</span> <span class='ocrx_word' id='word_1_601' title='bbox 3034 4066 3272 4137; x_wconf 82' lang='grc' dir='ltr'>λωρίκια</span> <span class='ocrx_word' id='word_1_602' title='bbox 3286 4067 3380 4120; x_wconf 74' lang='grc' dir='ltr'>καὶ</span> <span class='ocrx_word' id='word_1_603' title='bbox 3408 4065 3509 4130; x_wconf 77' lang='grc' dir='ltr'>τὰς</span> <span class='ocrx_word' id='word_1_604' title='bbox 3533 4067 3836 4131; x_wconf 80' lang='grc' dir='ltr'>κασσίδας·</span> 
     </span>
    </p>
   </div>
   <div class='ocr_carea' id='block_1_86' title="bbox 2245 4158 3842 4230">
    <p class='ocr_par' dir='ltr' id='par_1_86' title="bbox 2245 4158 3842 4230">
     <span class='ocr_line' id='line_1_87' title="bbox 2245 4158 3842 4230; baseline 0.001 -19"><span class='ocrx_word' id='word_1_605' title='bbox 2245 4158 2528 4230; x_wconf 72' lang='grc' dir='ltr'>ἤὸπισθεν</span> <span class='ocrx_word' id='word_1_606' title='bbox 2570 4159 2710 4213; x_wconf 81' lang='grc' dir='ltr'>κατὰ</span> <span class='ocrx_word' id='word_1_607' title='bbox 2749 4159 2859 4211; x_wconf 81' lang='grc' dir='ltr'>τῶν</span> <span class='ocrx_word' id='word_1_608' title='bbox 2911 4158 3258 4230; x_wconf 80' lang='grc' dir='ltr'>ὠμοπλατῶν</span> <span class='ocrx_word' id='word_1_609' title='bbox 3312 4161 3522 4230; x_wconf 76' lang='grc' dir='ltr'>φέρειν,</span> <span class='ocrx_word' id='word_1_610' title='bbox 3561 4161 3610 4212; x_wconf 85' lang='grc' dir='ltr'>εἰ</span> <span class='ocrx_word' id='word_1_611' title='bbox 3653 4158 3842 4230; x_wconf 83' lang='grc' dir='ltr'>ἔχουσι</span> 
     </span>
    </p>
   </div>
   <div class='ocr_carea' id='block_1_87' title="bbox 2247 4251 3842 4328">
    <p class='ocr_par' dir='ltr' id='par_1_87' title="bbox 2247 4251 3842 4328">
     <span class='ocr_line' id='line_1_88' title="bbox 2247 4251 3842 4328; baseline 0 -24"><span class='ocrx_word' id='word_1_612' title='bbox 2247 4251 2444 4322; x_wconf 82' lang='grc' dir='ltr'>σιδηρᾶ</span> <span class='ocrx_word' id='word_1_613' title='bbox 2471 4253 2769 4321; x_wconf 88' lang='grc' dir='ltr'>σκουτάρια</span> <span class='ocrx_word' id='word_1_614' title='bbox 2793 4252 3051 4328; x_wconf 65' lang='grc' dir='ltr'>λαμπρά.</span> <span class='ocrx_word' id='word_1_615' title='bbox 3095 4251 3262 4305; x_wconf 75' lang='grc' dir='ltr'>Ἀλλὰ</span> <span class='ocrx_word' id='word_1_616' title='bbox 3275 4255 3374 4307; x_wconf 64' lang='grc' dir='ltr'>καὶ</span> <span class='ocrx_word' id='word_1_617' title='bbox 3397 4253 3470 4309; x_wconf 68' lang='grc' dir='ltr'><strong>τά</strong></span> <span class='ocrx_word' id='word_1_618' title='bbox 3509 4251 3626 4321; x_wconf 78' lang='grc' dir='ltr'>σίδη</span> <span class='ocrx_word' id='word_1_619' title='bbox 3636 4269 3706 4323; x_wconf 82' lang='grc' dir='ltr'><strong>ρα</strong></span> <span class='ocrx_word' id='word_1_620' title='bbox 3727 4252 3842 4305; x_wconf 83' lang='grc' dir='ltr'><strong>τῶν</strong></span> 
     </span>
    </p>
   </div>
   <div class='ocr_carea' id='block_1_88' title="bbox 2245 4345 3844 4416">
    <p class='ocr_par' dir='ltr' id='par_1_88' title="bbox 2245 4345 3844 4416">
     <span class='ocr_line' id='line_1_89' title="bbox 2245 4345 3844 4416; baseline 0 -18"><span class='ocrx_word' id='word_1_621' title='bbox 2245 4345 2550 4415; x_wconf 83' lang='grc' dir='ltr'>κονταρίων</span> <span class='ocrx_word' id='word_1_622' title='bbox 2605 4347 3008 4416; x_wconf 69' lang='grc' dir='ltr'>ἀποκρύπτειν,</span> <span class='ocrx_word' id='word_1_623' title='bbox 3035 4347 3114 4410; x_wconf 80' lang='grc' dir='ltr'><strong>είς</strong></span> <span class='ocrx_word' id='word_1_624' title='bbox 3168 4345 3239 4398; x_wconf 64' lang='grc' dir='ltr'>τὸ</span> <span class='ocrx_word' id='word_1_625' title='bbox 3261 4345 3560 4411; x_wconf 66' lang='grc' dir='ltr'>παντοίως,</span> <span class='ocrx_word' id='word_1_626' title='bbox 3589 4346 3660 4400; x_wconf 69' lang='grc' dir='ltr'><strong>τά</strong></span> <span class='ocrx_word' id='word_1_627' title='bbox 3697 4346 3844 4400; x_wconf 81' lang='grc' dir='ltr'>ὅπλα</span> 
     </span>
    </p>
   </div>
   <div class='ocr_carea' id='block_1_89' title="bbox 2247 4438 3843 4512">
    <p class='ocr_par' dir='ltr' id='par_1_89' title="bbox 2247 4438 3843 4512">
     <span class='ocr_line' id='line_1_90' title="bbox 2247 4438 3843 4512; baseline 0 -20"><span class='ocrx_word' id='word_1_628' title='bbox 2247 4439 2488 4512; x_wconf 77' lang='grc' dir='ltr'>μήκοθεν</span> <span class='ocrx_word' id='word_1_629' title='bbox 2515 4439 2850 4511; x_wconf 78' lang='grc' dir='ltr'>διαλάμπειν·</span> <span class='ocrx_word' id='word_1_630' title='bbox 2870 4440 2962 4494; x_wconf 85' lang='grc' dir='ltr'>διὰ</span> <span class='ocrx_word' id='word_1_631' title='bbox 2991 4439 3082 4493; x_wconf 69' lang='grc' dir='ltr'>τὸν</span> <span class='ocrx_word' id='word_1_632' title='bbox 3104 4441 3398 4512; x_wconf 65' lang='grc' dir='ltr'>εἰρημένον</span> <span class='ocrx_word' id='word_1_633' title='bbox 3446 4441 3667 4512; x_wconf 73' lang='grc' dir='ltr'>τρόπον,</span> <span class='ocrx_word' id='word_1_634' title='bbox 3722 4438 3843 4492; x_wconf 71' lang='grc' dir='ltr'>ἀλλ’</span> 
     </span>
    </p>
   </div>
   <div class='ocr_carea' id='block_1_90' title="bbox 533 4516 3843 4606">
    <p class='ocr_par' dir='ltr' id='par_1_90' title="bbox 533 4516 3843 4606">
     <span class='ocr_line' id='line_1_91' title="bbox 533 4516 3843 4606; baseline 0.004 -35"><span class='ocrx_word' id='word_1_635' title='bbox 533 4516 678 4572; x_wconf 73' lang='grc' dir='ltr'>ὥστε</span> <span class='ocrx_word' id='word_1_636' title='bbox 709 4522 804 4574; x_wconf 77' lang='grc' dir='ltr'>καὶ</span> <span class='ocrx_word' id='word_1_637' title='bbox 829 4521 918 4576; x_wconf 85' lang='grc' dir='ltr'>διὰ</span> <span class='ocrx_word' id='word_1_638' title='bbox 942 4524 1185 4578; x_wconf 84' lang='grc' dir='ltr'>τοιούτου</span> <span class='ocrx_word' id='word_1_639' title='bbox 1225 4528 1482 4596; x_wconf 84' lang='grc' dir='ltr'>σημείου,</span> <span class='ocrx_word' id='word_1_640' title='bbox 1517 4531 1662 4601; x_wconf 83' lang='grc' dir='ltr'>ὅπερ</span> <span class='ocrx_word' id='word_1_641' title='bbox 1683 4532 2041 4602; x_wconf 81' lang='grc' dir='ltr'>σημειοῦνται</span> <span class='ocrx_word' id='word_1_642' title='bbox 2087 4533 2138 4588; x_wconf 78' lang='grc' dir='ltr'>οἱ</span> <span class='ocrx_word' id='word_1_643' title='bbox 2205 4533 2463 4598; x_wconf 76' lang='grc' dir='ltr'>ἐναντίοι,</span> <span class='ocrx_word' id='word_1_644' title='bbox 2517 4529 3150 4606; x_wconf 66' lang='grc' dir='ltr'>προκαταλαμϐάνεσθαι</span> <span class='ocrx_word' id='word_1_645' title='bbox 3203 4534 3306 4596; x_wconf 72' lang='grc' dir='ltr'>τὰς</span> <span class='ocrx_word' id='word_1_646' title='bbox 3349 4531 3576 4602; x_wconf 78' lang='grc' dir='ltr'>γνώμας</span> <span class='ocrx_word' id='word_1_647' title='bbox 3635 4531 3843 4596; x_wconf 74' lang='grc' dir='ltr'>αὐτῶν,</span> 
     </span>
    </p>
   </div>
   <div class='ocr_carea' id='block_1_91' title="bbox 538 4613 1982 4694">
    <p class='ocr_par' dir='ltr' id='par_1_91' title="bbox 538 4613 1982 4694">
     <span class='ocr_line' id='line_1_92' title="bbox 538 4613 1982 4694; baseline 0.012 -29"><span class='ocrx_word' id='word_1_648' title='bbox 538 4615 636 4666; x_wconf 79' lang='grc' dir='ltr'>καὶ</span> <span class='ocrx_word' id='word_1_649' title='bbox 663 4613 741 4679; x_wconf 80' lang='grc' dir='ltr'>εἰς</span> <span class='ocrx_word' id='word_1_650' title='bbox 763 4615 965 4670; x_wconf 82' lang='grc' dir='ltr'>δειλίαν</span> <span class='ocrx_word' id='word_1_651' title='bbox 995 4618 1096 4672; x_wconf 81' lang='grc' dir='ltr'>κα).</span> <span class='ocrx_word' id='word_1_652' title='bbox 1123 4619 1228 4690; x_wconf 73' lang='grc' dir='ltr'><strong>πρὸ</strong></span> <span class='ocrx_word' id='word_1_653' title='bbox 1249 4621 1350 4692; x_wconf 78' lang='grc' dir='ltr'><strong>τῆς</strong></span> <span class='ocrx_word' id='word_1_654' title='bbox 1383 4622 1564 4694; x_wconf 74' lang='grc' dir='ltr'>μάχης</span> <span class='ocrx_word' id='word_1_655' title='bbox 1598 4627 1982 4694; x_wconf 78' lang='grc' dir='ltr'>μεταπίπτειν.</span> 
     </span>
    </p>
   </div>
   <div class='ocr_carea' id='block_1_92' title="bbox 607 4686 2138 4788">
    <p class='ocr_par' dir='ltr' id='par_1_92' title="bbox 607 4686 2136 4788">
     <span class='ocr_line' id='line_1_93' title="bbox 607 4686 2136 4788; baseline 0.006 -24"><span class='ocrx_word' id='word_1_656' title='bbox 607 4707 697 4764; x_wconf 76' lang='lat'><strong>39.</strong></span> <span class='ocrx_word' id='word_1_657' title='bbox 738 4707 978 4766; x_wconf 82' lang='lat' dir='ltr'><strong>Insidias</strong></span> <span class='ocrx_word' id='word_1_658' title='bbox 1029 4686 1215 4768; x_wconf 73' lang='lat' dir='ltr'><strong>autem</strong></span> <span class='ocrx_word' id='word_1_659' title='bbox 1268 4686 1736 4788; x_wconf 22' lang='lat' dir='ltr'><strong>occultas&#39;va&#39;tque</strong></span> <span class='ocrx_word' id='word_1_660' title='bbox 1793 4718 2016 4774; x_wconf 87' lang='lat' dir='ltr'><strong>abditas</strong></span> <span class='ocrx_word' id='word_1_661' title='bbox 2069 4734 2136 4776; x_wconf 90' lang='lat' dir='ltr'><strong>eo</strong></span> 
     </span>
    </p>
   </div>
   <div class='ocr_carea' id='block_1_93' title="bbox 2245 4686 3845 4788">
    <p class='ocr_par' dir='ltr' id='par_1_93' title="bbox 2315 4686 3845 4780">
     <span class='ocr_line' id='line_1_94' title="bbox 2315 4686 3845 4780; baseline -0.002 -13"><span class='ocrx_word' id='word_1_662' title='bbox 2315 4713 2414 4767; x_wconf 71' lang='grc' dir='ltr'>λον.</span> <span class='ocrx_word' id='word_1_663' title='bbox 2451 4709 2767 4780; x_wconf 68' lang='grc' dir='ltr'>Κελεύομέν</span> <span class='ocrx_word' id='word_1_664' title='bbox 2803 4725 2907 4771; x_wconf 89' lang='grc' dir='ltr'>σοι,</span> <span class='ocrx_word' id='word_1_665' title='bbox 2938 4701 2990 4762; x_wconf 73' lang='grc' dir='ltr'><strong>ὦ</strong></span> <span class='ocrx_word' id='word_1_666' title='bbox 3011 4709 3311 4780; x_wconf 75' lang='grc' dir='ltr'>στρατηγὲ,</span> <span class='ocrx_word' id='word_1_667' title='bbox 3343 4686 3588 4778; x_wconf 70' lang='grc' dir='ltr'>μάλιστα</span> <span class='ocrx_word' id='word_1_668' title='bbox 3615 4710 3712 4764; x_wconf 72' lang='grc' dir='ltr'>καὶ</span> <span class='ocrx_word' id='word_1_669' title='bbox 3739 4712 3845 4774; x_wconf 77' lang='grc' dir='ltr'>τὰς</span> 
     </span>
    </p>
   </div>
   <div class='ocr_carea' id='block_1_94' title="bbox 534 4798 2130 4880">
    <p class='ocr_par' dir='ltr' id='par_1_94' title="bbox 534 4798 2130 4880">
     <span class='ocr_line' id='line_1_95' title="bbox 534 4798 2130 4880; baseline 0.007 -26"><span class='ocrx_word' id='word_1_670' title='bbox 534 4799 706 4855; x_wconf 83' lang='lat' dir='ltr'><strong>modo</strong></span> <span class='ocrx_word' id='word_1_671' title='bbox 747 4798 947 4869; x_wconf 79' lang='lat' dir='ltr'><strong>facies,</strong></span> <span class='ocrx_word' id='word_1_672' title='bbox 993 4819 1160 4874; x_wconf 74' lang='lat' dir='ltr'><strong>quem</strong></span> <span class='ocrx_word' id='word_1_673' title='bbox 1216 4805 1320 4861; x_wconf 74' lang='lat' dir='ltr'><strong>tibi</strong></span> <span class='ocrx_word' id='word_1_674' title='bbox 1366 4816 1495 4864; x_wconf 88' lang='lat' dir='ltr'><strong>ante</strong></span> <span class='ocrx_word' id='word_1_675' title='bbox 1539 4809 1836 4880; x_wconf 86' lang='lat' dir='ltr'><strong>descripsi.</strong></span> <span class='ocrx_word' id='word_1_676' title='bbox 1881 4809 1938 4864; x_wconf 91' lang='lat' dir='ltr'><strong>Si</strong></span> <span class='ocrx_word' id='word_1_677' title='bbox 1985 4810 2130 4866; x_wconf 83' lang='lat' dir='ltr'><strong>enim</strong></span> 
     </span>
    </p>
   </div>
   <div class='ocr_carea' id='block_1_95' title="bbox 536 4890 2133 4967">
    <p class='ocr_par' dir='ltr' id='par_1_95' title="bbox 536 4890 2133 4967">
     <span class='ocr_line' id='line_1_96' title="bbox 536 4890 2133 4967; baseline 0.008 -23"><span class='ocrx_word' id='word_1_678' title='bbox 536 4890 736 4947; x_wconf 90' lang='lat' dir='ltr'><strong>idonee</strong></span> <span class='ocrx_word' id='word_1_679' title='bbox 768 4901 1198 4967; x_wconf 70' lang='lat' dir='ltr'><strong>opportuneque.</strong></span> <span class='ocrx_word' id='word_1_680' title='bbox 1241 4899 1410 4965; x_wconf 76' lang='lat' dir='ltr'><strong>fient,</strong></span> <span class='ocrx_word' id='word_1_681' title='bbox 1457 4902 1728 4956; x_wconf 74' lang='lat' dir='ltr'><strong>niax&#39;nnas</strong></span> <span class='ocrx_word' id='word_1_682' title='bbox 1771 4903 2038 4957; x_wconf 82' lang='lat' dir='ltr'><strong>utilitates</strong></span> <span class='ocrx_word' id='word_1_683' title='bbox 2075 4903 2133 4956; x_wconf 81' lang='lat' dir='ltr'><strong>in</strong></span> 
     </span>
    </p>
   </div>
   <div class='ocr_carea' id='block_1_96' title="bbox 534 4985 2132 5064">
    <p class='ocr_par' dir='ltr' id='par_1_96' title="bbox 534 4985 2132 5064">
     <span class='ocr_line' id='line_1_97' title="bbox 534 4985 2132 5064; baseline 0.006 -23"><span class='ocrx_word' id='word_1_684' title='bbox 534 4985 686 5041; x_wconf 85' lang='lat' dir='ltr'><strong>bello</strong></span> <span class='ocrx_word' id='word_1_685' title='bbox 714 4985 980 5055; x_wconf 81' lang='lat' dir='ltr'><strong>afferunt,</strong></span> <span class='ocrx_word' id='word_1_686' title='bbox 1007 5005 1346 5062; x_wconf 74' lang='lat' dir='ltr'><strong>magnasque</strong></span> <span class='ocrx_word' id='word_1_687' title='bbox 1375 4991 1677 5052; x_wconf 67' lang='lat' dir='ltr'><strong>athuodtuu</strong></span> <span class='ocrx_word' id='word_1_688' title='bbox 1703 4995 1894 5064; x_wconf 83' lang='lat' dir='ltr'><strong>copias</strong></span> <span class='ocrx_word' id='word_1_689' title='bbox 1925 4987 2006 5049; x_wconf 77' lang='lat' dir='ltr'><strong>ita&#39;</strong></span> <span class='ocrx_word' id='word_1_690' title='bbox 2032 4996 2132 5050; x_wconf 89' lang='lat' dir='ltr'><strong>de-</strong></span> 
     </span>
    </p>
   </div>
   <div class='ocr_carea' id='block_1_97' title="bbox 535 5078 2132 5159">
    <p class='ocr_par' dir='ltr' id='par_1_97' title="bbox 535 5078 2132 5159">
     <span class='ocr_line' id='line_1_98' title="bbox 535 5078 2132 5159; baseline 0.006 -25"><span class='ocrx_word' id='word_1_691' title='bbox 535 5078 809 5146; x_wconf 88' lang='lat' dir='ltr'><strong>leverunt,</strong></span> <span class='ocrx_word' id='word_1_692' title='bbox 837 5091 898 5136; x_wconf 87' lang='lat' dir='ltr'><strong>ut</strong></span> <span class='ocrx_word' id='word_1_693' title='bbox 928 5083 1116 5139; x_wconf 77' lang='lat' dir='ltr'><strong>nullus</strong></span> <span class='ocrx_word' id='word_1_694' title='bbox 1154 5083 1316 5142; x_wconf 86' lang='lat' dir='ltr'><strong>locus</strong></span> <span class='ocrx_word' id='word_1_695' title='bbox 1335 5087 1675 5159; x_wconf 77' lang='lat' dir='ltr'><strong>conﬂigendi</strong></span> <span class='ocrx_word' id='word_1_696' title='bbox 1691 5088 1835 5144; x_wconf 83' lang='lat' dir='ltr'><strong>aciei</strong></span> <span class='ocrx_word' id='word_1_697' title='bbox 1858 5089 2132 5144; x_wconf 65' lang='lat' dir='ltr'><strong>universal</strong></span> 
     </span>
    </p>
   </div>
   <div class='ocr_carea' id='block_1_98' title="bbox 531 5168 1078 5241">
    <p class='ocr_par' dir='ltr' id='par_1_98' title="bbox 531 5168 1078 5241">
     <span class='ocr_line' id='line_1_99' title="bbox 531 5168 1078 5241; baseline 0.009 -15"><span class='ocrx_word' id='word_1_698' title='bbox 531 5168 967 5241; x_wconf 75' lang='lat' dir='ltr'><strong>relinqueretur.</strong></span> <span class='ocrx_word' id='word_1_699' title='bbox 1075 5229 1078 5231; x_wconf 71' lang='lat'><strong>.</strong></span> 
     </span>
    </p>
   </div>
   <div class='ocr_carea' id='block_1_99' title="bbox 602 5432 2138 5512">
    <p class='ocr_par' dir='ltr' id='par_1_99' title="bbox 602 5432 2138 5512">
     <span class='ocr_line' id='line_1_100' title="bbox 602 5432 2138 5512; baseline 0.008 -27"><span class='ocrx_word' id='word_1_700' title='bbox 602 5432 696 5486; x_wconf 79' lang='grc'><strong>40.</strong></span> <span class='ocrx_word' id='word_1_701' title='bbox 757 5433 863 5499; x_wconf 85' lang='lat' dir='ltr'><strong>Qui</strong></span> <span class='ocrx_word' id='word_1_702' title='bbox 917 5435 1062 5490; x_wconf 89' lang='lat' dir='ltr'><strong>enim</strong></span> <span class='ocrx_word' id='word_1_703' title='bbox 1119 5437 1366 5494; x_wconf 89' lang='lat' dir='ltr'><strong>locorum</strong></span> <span class='ocrx_word' id='word_1_704' title='bbox 1422 5443 1839 5512; x_wconf 87' lang='lat' dir='ltr'><strong>opportunitate</strong></span> <span class='ocrx_word' id='word_1_705' title='bbox 1895 5444 1962 5500; x_wconf 90' lang='lat' dir='ltr'><strong>ad</strong></span> <span class='ocrx_word' id='word_1_706' title='bbox 2021 5445 2138 5500; x_wconf 76' lang='lat' dir='ltr'><strong>haec.</strong></span> 
     </span>
    </p>
   </div>
   <div class='ocr_carea' id='block_1_100' title="bbox 534 5525 2138 5604">
    <p class='ocr_par' dir='ltr' id='par_1_100' title="bbox 534 5525 2138 5604">
     <span class='ocr_line' id='line_1_101' title="bbox 534 5525 2138 5604; baseline 0.007 -24"><span class='ocrx_word' id='word_1_707' title='bbox 534 5525 935 5595; x_wconf 85' lang='lat' dir='ltr'><strong>abundabant,</strong></span> <span class='ocrx_word' id='word_1_708' title='bbox 985 5531 1072 5584; x_wconf 88' lang='lat' dir='ltr'><strong>vel</strong></span> <span class='ocrx_word' id='word_1_709' title='bbox 1105 5532 1404 5589; x_wconf 90' lang='lat' dir='ltr'><strong>condensis</strong></span> <span class='ocrx_word' id='word_1_710' title='bbox 1444 5535 1498 5589; x_wconf 90' lang='lat' dir='ltr'><strong>in</strong></span> <span class='ocrx_word' id='word_1_711' title='bbox 1545 5535 1685 5593; x_wconf 89' lang='lat' dir='ltr'><strong>locis</strong></span> <span class='ocrx_word' id='word_1_712' title='bbox 1711 5578 1726 5604; x_wconf 91' lang='lat'><strong>,</strong></span> <span class='ocrx_word' id='word_1_713' title='bbox 1765 5537 1852 5593; x_wconf 88' lang='lat' dir='ltr'><strong>vel</strong></span> <span class='ocrx_word' id='word_1_714' title='bbox 1891 5539 2042 5594; x_wconf 92' lang='lat' dir='ltr'><strong>cavis</strong></span> <span class='ocrx_word' id='word_1_715' title='bbox 2083 5539 2138 5593; x_wconf 93' lang='lat' dir='ltr'><strong>in</strong></span> 
     </span>
    </p>
   </div>
   <div class='ocr_carea' id='block_1_101' title="bbox 533 5620 2131 5702">
    <p class='ocr_par' dir='ltr' id='par_1_101' title="bbox 533 5620 2131 5702">
     <span class='ocr_line' id='line_1_102' title="bbox 533 5620 2131 5702; baseline 0.008 -30"><span class='ocrx_word' id='word_1_716' title='bbox 533 5620 884 5681; x_wconf 79' lang='lat' dir='ltr'><strong>recessibus,</strong></span> <span class='ocrx_word' id='word_1_717' title='bbox 917 5622 1002 5696; x_wconf 77' lang='lat' dir='ltr'><strong>vel</strong></span> <span class='ocrx_word' id='word_1_718' title='bbox 1029 5623 1084 5676; x_wconf 90' lang='lat' dir='ltr'><strong>in</strong></span> <span class='ocrx_word' id='word_1_719' title='bbox 1115 5625 1257 5680; x_wconf 87' lang='lat' dir='ltr'><strong>colle</strong></span> <span class='ocrx_word' id='word_1_720' title='bbox 1287 5627 1476 5698; x_wconf 86' lang='lat' dir='ltr'><strong>aliquo</strong></span> <span class='ocrx_word' id='word_1_721' title='bbox 1511 5643 1736 5702; x_wconf 85' lang='lat' dir='ltr'><strong>magno,</strong></span> <span class='ocrx_word' id='word_1_722' title='bbox 1767 5631 1850 5686; x_wconf 85' lang='lat' dir='ltr'><strong>vel</strong></span> <span class='ocrx_word' id='word_1_723' title='bbox 1870 5632 2131 5697; x_wconf 84' lang='lat' dir='ltr'><strong>vallibus,</strong></span> 
     </span>
    </p>
   </div>
   <div class='ocr_carea' id='block_1_102' title="bbox 530 5711 2128 5798">
    <p class='ocr_par' dir='ltr' id='par_1_102' title="bbox 530 5711 2128 5798">
     <span class='ocr_line' id='line_1_103' title="bbox 530 5711 2128 5798; baseline 0.013 -36"><span class='ocrx_word' id='word_1_724' title='bbox 530 5711 616 5764; x_wconf 71' lang='lat' dir='ltr'><strong>Vel</strong></span> <span class='ocrx_word' id='word_1_725' title='bbox 670 5714 956 5770; x_wconf 88' lang='lat' dir='ltr'><strong>montibus</strong></span> <span class='ocrx_word' id='word_1_726' title='bbox 999 5717 1253 5775; x_wconf 83' lang='lat' dir='ltr'><strong>finitimis</strong></span> <span class='ocrx_word' id='word_1_727' title='bbox 1304 5739 1482 5794; x_wconf 89' lang='lat' dir='ltr'><strong>usque</strong></span> <span class='ocrx_word' id='word_1_728' title='bbox 1533 5724 1601 5778; x_wconf 87' lang='lat' dir='ltr'><strong>ad</strong></span> <span class='ocrx_word' id='word_1_729' title='bbox 1650 5726 1891 5782; x_wconf 90' lang='lat' dir='ltr'><strong>hostium</strong></span> <span class='ocrx_word' id='word_1_730' title='bbox 1940 5727 2128 5798; x_wconf 86' lang='lat' dir='ltr'><strong>copias</strong></span> 
     </span>
    </p>
   </div>
   <div class='ocr_carea' id='block_1_103' title="bbox 536 5801 2128 5876">
    <p class='ocr_par' dir='ltr' id='par_1_103' title="bbox 536 5801 2128 5876">
     <span class='ocr_line' id='line_1_104' title="bbox 536 5801 2128 5876; baseline 0.015 -26"><span class='ocrx_word' id='word_1_731' title='bbox 536 5801 856 5869; x_wconf 77' lang='lat' dir='ltr'><strong>productis,</strong></span> <span class='ocrx_word' id='word_1_732' title='bbox 887 5815 946 5860; x_wconf 87' lang='lat' dir='ltr'><strong>ut</strong></span> <span class='ocrx_word' id='word_1_733' title='bbox 984 5810 1055 5864; x_wconf 86' lang='lat' dir='ltr'><strong>ab</strong></span> <span class='ocrx_word' id='word_1_734' title='bbox 1086 5809 1326 5868; x_wconf 86' lang='lat' dir='ltr'><strong>hostium</strong></span> <span class='ocrx_word' id='word_1_735' title='bbox 1361 5817 1554 5871; x_wconf 81' lang='lat' dir='ltr'><strong>notitia</strong></span> <span class='ocrx_word' id='word_1_736' title='bbox 1593 5819 1696 5874; x_wconf 89' lang='lat' dir='ltr'><strong>hoc</strong></span> <span class='ocrx_word' id='word_1_737' title='bbox 1740 5821 1905 5876; x_wconf 82' lang='lat' dir='ltr'><strong>modo</strong></span> <span class='ocrx_word' id='word_1_738' title='bbox 1937 5821 2128 5876; x_wconf 89' lang='lat' dir='ltr'><strong>occul-</strong></span> 
     </span>
    </p>
   </div>
   <div class='ocr_carea' id='block_1_104' title="bbox 2239 4801 3840 4875">
    <p class='ocr_par' dir='ltr' id='par_1_104' title="bbox 2239 4801 3840 4875">
     <span class='ocr_line' id='line_1_105' title="bbox 2239 4801 3840 4875; baseline -0.002 -15"><span class='ocrx_word' id='word_1_739' title='bbox 2239 4806 2466 4874; x_wconf 78' lang='grc' dir='ltr'>ἐνέδρας</span> <span class='ocrx_word' id='word_1_740' title='bbox 2499 4805 2622 4875; x_wconf 71' lang='grc' dir='ltr'>ἢτοι</span> <span class='ocrx_word' id='word_1_741' title='bbox 2653 4801 3032 4873; x_wconf 73' lang='grc' dir='ltr'>ἐγκρύμματα</span> <span class='ocrx_word' id='word_1_742' title='bbox 3067 4801 3126 4854; x_wconf 76' lang='grc' dir='ltr'>ὲν</span> <span class='ocrx_word' id='word_1_743' title='bbox 3177 4802 3254 4872; x_wconf 76' lang='grc' dir='ltr'><strong>τῇ-</strong></span> <span class='ocrx_word' id='word_1_744' title='bbox 3299 4802 3452 4874; x_wconf 77' lang='grc' dir='ltr'>μάχῃ</span> <span class='ocrx_word' id='word_1_745' title='bbox 3486 4803 3629 4856; x_wconf 69' lang='grc' dir='ltr'>κατὰ</span> <span class='ocrx_word' id='word_1_746' title='bbox 3677 4803 3840 4872; x_wconf 80' lang='grc' dir='ltr'>λόγον</span> 
     </span>
    </p>
   </div>
   <div class='ocr_carea' id='block_1_105' title="bbox 2243 4892 3840 4966">
    <p class='ocr_par' dir='ltr' id='par_1_105' title="bbox 2243 4892 3840 4966">
     <span class='ocr_line' id='line_1_106' title="bbox 2243 4892 3840 4966; baseline 0 -15"><span class='ocrx_word' id='word_1_747' title='bbox 2243 4895 2541 4959; x_wconf 73' lang='grc' dir='ltr'>ποιεῖσθαι,</span> <span class='ocrx_word' id='word_1_748' title='bbox 2574 4895 2696 4965; x_wconf 67' lang='grc' dir='ltr'>ἦτοι</span> <span class='ocrx_word' id='word_1_749' title='bbox 2729 4892 2872 4947; x_wconf 82' lang='grc' dir='ltr'>κατὰ</span> <span class='ocrx_word' id='word_1_750' title='bbox 2910 4893 3002 4946; x_wconf 73' lang='grc' dir='ltr'><strong>τὸν</strong></span> <span class='ocrx_word' id='word_1_751' title='bbox 3034 4892 3232 4966; x_wconf 70' lang='grc' dir='ltr'>πρώην</span> <span class='ocrx_word' id='word_1_752' title='bbox 3250 4895 3384 4965; x_wconf 70' lang='grc' dir='ltr'>ἡμῖν</span> <span class='ocrx_word' id='word_1_753' title='bbox 3422 4893 3840 4952; x_wconf 73' lang='grc' dir='ltr'>διατυπωϐἐντα</span> 
     </span>
    </p>
   </div>
   <div class='ocr_carea' id='block_1_106' title="bbox 2240 4985 3837 5060">
    <p class='ocr_par' dir='ltr' id='par_1_106' title="bbox 2240 4985 3837 5060">
     <span class='ocr_line' id='line_1_107' title="bbox 2240 4985 3837 5060; baseline 0.001 -19"><span class='ocrx_word' id='word_1_754' title='bbox 2240 4987 2468 5060; x_wconf 85' lang='grc' dir='ltr'>τρόπον.</span> <span class='ocrx_word' id='word_1_755' title='bbox 2504 4986 2678 5040; x_wconf 59' lang='lat' dir='ltr'><strong>Auni</strong></span> <span class='ocrx_word' id='word_1_756' title='bbox 2711 4986 2823 5056; x_wconf 76' lang='grc' dir='ltr'>γὰρ</span> <span class='ocrx_word' id='word_1_757' title='bbox 2853 4985 3180 5056; x_wconf 69' lang='grc' dir='ltr'>ἐπιτηδείως</span> <span class='ocrx_word' id='word_1_758' title='bbox 3208 4988 3304 5039; x_wconf 72' lang='grc' dir='ltr'>καὶ</span> <span class='ocrx_word' id='word_1_759' title='bbox 3337 4987 3663 5058; x_wconf 81' lang='grc' dir='ltr'>πρεπόντως</span> <span class='ocrx_word' id='word_1_760' title='bbox 3691 4989 3837 5056; x_wconf 85' lang='grc' dir='ltr'>γινό-</span> 
     </span>
    </p>
   </div>
   <div class='ocr_carea' id='block_1_107' title="bbox 2248 5077 3837 5152">
    <p class='ocr_par' dir='ltr' id='par_1_107' title="bbox 2248 5077 3837 5152">
     <span class='ocr_line' id='line_1_108' title="bbox 2248 5077 3837 5152; baseline 0.002 -20"><span class='ocrx_word' id='word_1_761' title='bbox 2248 5097 2408 5152; x_wconf 81' lang='grc' dir='ltr'>μεναι</span> <span class='ocrx_word' id='word_1_762' title='bbox 2448 5077 2718 5146; x_wconf 81' lang='grc' dir='ltr'>μεγίστας</span> <span class='ocrx_word' id='word_1_763' title='bbox 2741 5077 3013 5146; x_wconf 71' lang='grc' dir='ltr'>ὠφελείας</span> <span class='ocrx_word' id='word_1_764' title='bbox 3059 5080 3122 5131; x_wconf 84' lang='grc' dir='ltr'><strong>ἐν</strong></span> <span class='ocrx_word' id='word_1_765' title='bbox 3159 5082 3288 5142; x_wconf 76' lang='grc' dir='ltr'>ταῖς</span> <span class='ocrx_word' id='word_1_766' title='bbox 3339 5081 3546 5149; x_wconf 75' lang='grc' dir='ltr'>μάχαις</span> <span class='ocrx_word' id='word_1_767' title='bbox 3597 5081 3837 5146; x_wconf 62' lang='grc' dir='ltr'>ποιοῦσι,</span> 
     </span>
    </p>
   </div>
   <div class='ocr_carea' id='block_1_108' title="bbox 2243 5168 3840 5242">
    <p class='ocr_par' dir='ltr' id='par_1_108' title="bbox 2243 5168 3840 5242">
     <span class='ocr_line' id='line_1_109' title="bbox 2243 5168 3840 5242; baseline -0.001 -15"><span class='ocrx_word' id='word_1_768' title='bbox 2243 5173 2343 5227; x_wconf 81' lang='grc' dir='ltr'><strong>καὶ</strong></span> <span class='ocrx_word' id='word_1_769' title='bbox 2388 5168 2662 5242; x_wconf 82' lang='grc' dir='ltr'>διαφόρως</span> <span class='ocrx_word' id='word_1_770' title='bbox 2704 5172 2949 5241; x_wconf 79' lang='grc' dir='ltr'>μεγάλας</span> <span class='ocrx_word' id='word_1_771' title='bbox 2990 5171 3256 5242; x_wconf 77' lang='grc' dir='ltr'>δυνάμεις</span> <span class='ocrx_word' id='word_1_772' title='bbox 3295 5171 3403 5225; x_wconf 81' lang='grc' dir='ltr'><strong>ὑπὸ</strong></span> <span class='ocrx_word' id='word_1_773' title='bbox 3451 5172 3654 5241; x_wconf 75' lang='grc' dir='ltr'>ὀλίγων</span> <span class='ocrx_word' id='word_1_774' title='bbox 3701 5190 3840 5226; x_wconf 76' lang='grc' dir='ltr'>κατ-</span> 
     </span>
    </p>
   </div>
   <div class='ocr_carea' id='block_1_109' title="bbox 2239 5263 3840 5338">
    <p class='ocr_par' dir='ltr' id='par_1_109' title="bbox 2239 5263 3840 5338">
     <span class='ocr_line' id='line_1_110' title="bbox 2239 5263 3840 5338; baseline 0.002 -19"><span class='ocrx_word' id='word_1_775' title='bbox 2239 5267 2440 5320; x_wconf 64' lang='grc' dir='ltr'>ἔλυσαν</span> <span class='ocrx_word' id='word_1_776' title='bbox 2459 5276 2482 5329; x_wconf 88' lang='lat'><strong>,&#39;</strong></span> <span class='ocrx_word' id='word_1_777' title='bbox 2509 5264 2653 5318; x_wconf 82' lang='grc' dir='ltr'>ὥστε</span> <span class='ocrx_word' id='word_1_778' title='bbox 2687 5263 2824 5334; x_wconf 80' lang='grc' dir='ltr'><strong>μηδέ</strong></span> <span class='ocrx_word' id='word_1_779' title='bbox 2859 5266 3054 5336; x_wconf 77' lang='grc' dir='ltr'>καιρὸν</span> <span class='ocrx_word' id='word_1_780' title='bbox 3086 5265 3344 5334; x_wconf 75' lang='grc' dir='ltr'>γενέσθαι</span> <span class='ocrx_word' id='word_1_781' title='bbox 3366 5266 3467 5338; x_wconf 71' lang='grc' dir='ltr'><strong>τὴν</strong></span> <span class='ocrx_word' id='word_1_782' title='bbox 3505 5266 3641 5336; x_wconf 72' lang='grc' dir='ltr'>ὅλην</span> <span class='ocrx_word' id='word_1_783' title='bbox 3662 5265 3840 5338; x_wconf 74' lang='grc' dir='ltr'>παρά-</span> 
     </span>
    </p>
   </div>
   <div class='ocr_carea' id='block_1_110' title="bbox 2236 5357 2846 5428">
    <p class='ocr_par' dir='ltr' id='par_1_110' title="bbox 2236 5357 2846 5428">
     <span class='ocr_line' id='line_1_111' title="bbox 2236 5357 2846 5428; baseline -0.003 -16"><span class='ocrx_word' id='word_1_784' title='bbox 2236 5357 2397 5423; x_wconf 84' lang='grc' dir='ltr'>ταξιν</span> <span class='ocrx_word' id='word_1_785' title='bbox 2432 5357 2846 5428; x_wconf 84' lang='grc' dir='ltr'>συμπλακῆναι.</span> 
     </span>
    </p>
   </div>
   <div class='ocr_carea' id='block_1_111' title="bbox 2315 5447 3837 5521">
    <p class='ocr_par' dir='ltr' id='par_1_111' title="bbox 2315 5447 3837 5521">
     <span class='ocr_line' id='line_1_112' title="bbox 2315 5447 3837 5521; baseline 0.002 -18"><span class='ocrx_word' id='word_1_786' title='bbox 2315 5454 2390 5521; x_wconf 82' lang='grc' dir='ltr'>μ’.</span> <span class='ocrx_word' id='word_1_787' title='bbox 2424 5449 2486 5503; x_wconf 78' lang='lat' dir='ltr'><strong>El</strong></span> <span class='ocrx_word' id='word_1_788' title='bbox 2558 5447 2658 5520; x_wconf 80' lang='grc' dir='ltr'>μὲν</span> <span class='ocrx_word' id='word_1_789' title='bbox 2697 5449 2810 5520; x_wconf 77' lang='grc' dir='ltr'><strong>γὰρ</strong></span> <span class='ocrx_word' id='word_1_790' title='bbox 2858 5448 3042 5503; x_wconf 87' lang='grc' dir='ltr'>τόπων</span> <span class='ocrx_word' id='word_1_791' title='bbox 3087 5450 3422 5521; x_wconf 71' lang='grc' dir='ltr'>ἐπιτηδείων</span> <span class='ocrx_word' id='word_1_792' title='bbox 3469 5451 3615 5520; x_wconf 71' lang='grc' dir='ltr'>πρὸς</span> <span class='ocrx_word' id='word_1_793' title='bbox 3658 5451 3837 5506; x_wconf 58' lang='grc' dir='ltr'>ταῦτα</span> 
     </span>
    </p>
   </div>
   <div class='ocr_carea' id='block_1_112' title="bbox 2240 5535 3836 5616">
    <p class='ocr_par' dir='ltr' id='par_1_112' title="bbox 2240 5535 3836 5616">
     <span class='ocr_line' id='line_1_113' title="bbox 2240 5535 3836 5616; baseline 0 -20"><span class='ocrx_word' id='word_1_794' title='bbox 2240 5543 2672 5614; x_wconf 82' lang='grc' dir='ltr'>εὐπορήσαντες,</span> <span class='ocrx_word' id='word_1_795' title='bbox 2712 5535 2884 5612; x_wconf 75' lang='grc' dir='ltr'>οἷονῆ</span> <span class='ocrx_word' id='word_1_796' title='bbox 2941 5541 3075 5612; x_wconf 79' lang='grc' dir='ltr'>ὓλης</span> <span class='ocrx_word' id='word_1_797' title='bbox 3104 5541 3349 5606; x_wconf 83' lang='grc' dir='ltr'>δασείας,</span> <span class='ocrx_word' id='word_1_798' title='bbox 3393 5543 3427 5616; x_wconf 81' lang='grc' dir='ltr'>ἢ</span> <span class='ocrx_word' id='word_1_799' title='bbox 3485 5543 3764 5611; x_wconf 79' lang='grc' dir='ltr'>κοιλάδος,</span> <span class='ocrx_word' id='word_1_800' title='bbox 3801 5545 3836 5616; x_wconf 74' lang='grc' dir='ltr'><strong>ἢ</strong></span> 
     </span>
    </p>
   </div>
   <div class='ocr_carea' id='block_1_113' title="bbox 2245 5634 3836 5707">
    <p class='ocr_par' dir='ltr' id='par_1_113' title="bbox 2245 5634 3836 5707">
     <span class='ocr_line' id='line_1_114' title="bbox 2245 5634 3836 5707; baseline 0 -18"><span class='ocrx_word' id='word_1_801' title='bbox 2245 5636 2440 5707; x_wconf 85' lang='grc' dir='ltr'>βουνοῦ</span> <span class='ocrx_word' id='word_1_802' title='bbox 2475 5635 2740 5706; x_wconf 86' lang='grc' dir='ltr'>μεγάλου,</span> <span class='ocrx_word' id='word_1_803' title='bbox 2774 5635 2812 5706; x_wconf 76' lang='grc' dir='ltr'>ἢ</span> <span class='ocrx_word' id='word_1_804' title='bbox 2837 5635 3164 5706; x_wconf 77' lang='grc' dir='ltr'>φαράγγων,</span> <span class='ocrx_word' id='word_1_805' title='bbox 3208 5634 3441 5707; x_wconf 82' lang='grc' dir='ltr'>ῆόρέων</span> <span class='ocrx_word' id='word_1_806' title='bbox 3477 5637 3836 5706; x_wconf 68' lang='grc' dir='ltr'>ἐγγιζόντων,</span> 
     </span>
    </p>
   </div>
   <div class='ocr_carea' id='block_1_114' title="bbox 2238 5727 3838 5800">
    <p class='ocr_par' dir='ltr' id='par_1_114' title="bbox 2238 5727 3838 5800">
     <span class='ocr_line' id='line_1_115' title="bbox 2238 5727 3838 5800; baseline 0 -18"><span class='ocrx_word' id='word_1_807' title='bbox 2238 5729 2336 5783; x_wconf 74' lang='grc' dir='ltr'><strong>καὶ</strong></span> <span class='ocrx_word' id='word_1_808' title='bbox 2374 5729 2545 5800; x_wconf 82' lang='grc' dir='ltr'>μέχρι</span> <span class='ocrx_word' id='word_1_809' title='bbox 2582 5727 2683 5798; x_wconf 76' lang='grc' dir='ltr'>τῆς</span> <span class='ocrx_word' id='word_1_810' title='bbox 2707 5727 2816 5780; x_wconf 84' lang='grc' dir='ltr'>τῶν</span> <span class='ocrx_word' id='word_1_811' title='bbox 2844 5727 3060 5798; x_wconf 81' lang='grc' dir='ltr'>ἐχθρῶν</span> <span class='ocrx_word' id='word_1_812' title='bbox 3094 5728 3461 5799; x_wconf 80' lang='grc' dir='ltr'>παρατάξεως</span> <span class='ocrx_word' id='word_1_813' title='bbox 3493 5745 3838 5783; x_wconf 79' lang='grc' dir='ltr'>συνεκτεινοο</span> 
     </span>
    </p>
   </div>
   <div class='ocr_carea' id='block_1_115' title="bbox 2240 5821 3836 5895">
    <p class='ocr_par' dir='ltr' id='par_1_115' title="bbox 2240 5821 3836 5895">
     <span class='ocr_line' id='line_1_116' title="bbox 2240 5821 3836 5895; baseline -0.001 -18"><span class='ocrx_word' id='word_1_814' title='bbox 2240 5824 2443 5894; x_wconf 80' lang='grc' dir='ltr'>μένων,</span> <span class='ocrx_word' id='word_1_815' title='bbox 2495 5822 2637 5877; x_wconf 80' lang='grc' dir='ltr'>ὥστε</span> <span class='ocrx_word' id='word_1_816' title='bbox 2692 5822 2760 5876; x_wconf 80' lang='grc' dir='ltr'>δι’</span> <span class='ocrx_word' id='word_1_817' title='bbox 2796 5823 2977 5877; x_wconf 80' lang='grc' dir='ltr'>αὐτῶν</span> <span class='ocrx_word' id='word_1_818' title='bbox 3027 5821 3213 5877; x_wconf 77' lang='grc' dir='ltr'>λαθεῖν</span> <span class='ocrx_word' id='word_1_819' title='bbox 3259 5826 3356 5877; x_wconf 76' lang='grc' dir='ltr'>καὶ</span> <span class='ocrx_word' id='word_1_820' title='bbox 3416 5823 3490 5895; x_wconf 81' lang='grc' dir='ltr'>μὴ</span> <span class='ocrx_word' id='word_1_821' title='bbox 3549 5822 3836 5894; x_wconf 46' lang='lat' dir='ltr'><strong>«deputies</strong></span> 
     </span>
    </p>
   </div>
  </div>
