4090 6482
486 318 606 384 ’863

1764 318 2043 382 LEONIS
2076 318 2543 382 PHILOSOPHI

3662 326 3772 395 864

492 430 690 498 fossis,
725 436 781 486 et
804 429 945 501 palis
970 426 1300 499 suscipitur,
1330 426 1379 483 si
1408 426 1538 498 quis
1577 426 1790 484 ferreos
1817 430 2076 497 tribulos,

2185 430 2284 484 καὶ
2317 430 2453 485 ἄνευ
2497 428 2838 503 ὀρύγματος,
2886 432 2919 505 ἢ
2976 432 3185 499 πάλων,
3219 432 3315 489 ἐάν
3357 451 3443 501 τις
3482 440 3773 511 τριϐόλους

496 525 552 581 id
574 534 682 590 est,
710 524 950 580 murices
976 523 1045 578 ad
1076 534 1292 593 tempus
1318 522 1556 579 vinculis
1592 523 1927 578 constrictos
1955 538 2082 593 pro-

491 619 671 689 jiciat,
694 618 788 693 qui
815 624 941 687 post
957 629 1119 670 usum
1142 616 1421 685 expletum
1445 614 1695 669 contrahi
1714 615 1769 668 in
1798 629 1858 670 se
1884 614 2080 671 iterum

496 711 753 780 possint,
786 706 855 761 ad
901 705 1249 761 latitudinem
1281 705 1419 759 aciei
1456 704 1779 773 instructae;
1810 705 1865 760 in
1897 704 2080 761 medio

492 810 733 872 quatuor
787 805 883 852 aut
931 795 1182 867 quinque
1219 795 1485 852 transitus
1517 796 1812 867 relinquito
1858 806 2079 852 centum

492 892 693 962 pedum
726 888 1041 956 latitudine,
1074 888 1167 957 qui
1202 887 1472 942 exercitui
1506 887 1775 943 hellaturo
1796 889 1914 945 noti
1945 888 2078 953 sint,

492 984 662 1041 ramis
690 982 926 1053 magnis.
955 989 1050 1035 aut
1079 981 1363 1037 hastarum
1394 980 1717 1052 cuspidibus
1747 981 2081 1052 peregrinis,

491 1086 587 1131 aut
618 1084 781 1131 terra:
810 1074 1105 1146 aggeribus
1132 1074 1201 1129 ad
1241 1073 1465 1129 modum
1495 1060 1736 1139 tumuli,
1774 1080 1870 1128 aut
1895 1072 2082 1129 acervi

490 1167 735 1236 lapidum
763 1166 1088 1230 cumulatis,
1120 1177 1215 1220 aut
1237 1165 1363 1221 aliis
1388 1166 1741 1223 evidentibus
1769 1166 1946 1238 signis
1969 1182 2081 1222 non

490 1263 559 1316 ad
594 1261 840 1326 initium,
867 1262 983 1317 sive
1010 1260 1247 1316 frontem
1278 1260 1640 1331 longitudinis
1674 1262 1871 1318 borum
1904 1261 2082 1315 tribu-

491 1355 671 1409 lorum
707 1354 926 1424 positis,
953 1353 1047 1409 sed
1080 1354 1149 1407 ad
1189 1354 1398 1409 exitum
1432 1352 1741 1407 altitudinis
1768 1351 1835 1407 ad
1866 1361 2079 1406 utram-

502 1460 613 1514 que
634 1459 789 1499 oram
820 1446 1090 1501 transitus
1122 1444 1317 1499 notati.
1346 1443 1767 1499 Conflictatione
1785 1442 1899 1513 iam
1926 1444 2079 1498 ince-

490 1547 584 1607 pta
613 1537 799 1607 fugam
833 1539 1136 1601 simulent,
1168 1544 1225 1592 et
1263 1537 1356 1592 ubi
1389 1537 1505 1591 haec
1548 1543 1681 1591 nota
1715 1535 1876 1604 signa
1915 1548 2079 1588 exer-

490 1631 638 1686 citus
669 1631 955 1686 transierit
976 1670 991 1695 ,
1038 1629 1365 1685 auferantur
1405 1644 1468 1685 ea
1498 1667 1513 1694 ,
1560 1637 1656 1683 aut
1686 1626 2021 1697 dejiciantur
2048 1639 2079 1678 a

487 1722 659 1777 certis
681 1721 1013 1791 quibusdam
1044 1720 1326 1791 equitibus
1356 1718 1426 1774 ad
1471 1719 1576 1774 hoc
1604 1717 1958 1785 constitutis;
1992 1716 2081 1772 in-

2191 524 2419 595 σιδηρᾶς
2461 524 2803 595 ἀσυμφανῶς
2834 525 2970 600 ῥίψῃ
3015 527 3154 599 πρὸς
3183 526 3334 599 ῶραν
3366 530 3423 587 ἐν
3466 535 3775 606 σφηκώμα-

2190 634 2276 671 σιν
2310 620 2388 687 (7)
2435 617 2841 689 άποδεδεμένας
2880 621 2960 684 είς
2997 621 3059 675 τὸ
3097 622 3335 693 ἑτοίμως
3385 626 3776 685 συστέλλεσθαι

2191 712 2331 782 μετὰ
2355 713 2456 783 τὴν
2472 714 2683 785 χρείαν,
2718 716 2997 771 τουτέστιν
3026 718 3123 772 ἐπὶ
3146 718 3348 784 πλάτος
3373 720 3475 791 μὲν
3498 728 3542 793 ρ’
3570 723 3772 789 ποδῶν,

2188 805 2284 859 καὶ
2310 804 2450 876 πρὸς
2475 804 2652 876 μῆκος
2673 806 2732 860 δὲ
2757 808 2896 878 πρὸς
2919 809 2981 862 τὸ
3010 811 3111 881 τῆς
3151 812 3516 882 παρατάξεως
3550 814 3777 885 διάστη-

2190 912 2307 966 μαο
2349 897 2407 948 ἐν
2436 896 2515 967 τῷ
2573 896 2725 968 μέσῳ
2776 899 2836 953 δέ
2886 901 3159 973 τέσσαρας
3206 902 3238 974 ἢ
3282 903 3446 957 πέντε
3500 908 3777 979 παρόδους

2188 987 2491 1061 καταλείπῃ
2528 990 2637 1045 ἀπὸ
2661 992 2992 1062 τριακοσίων
3018 994 3198 1047 ποδῶν
3242 996 3446 1060 πλάτος
3489 999 3775 1070 ἐγνωσμέ-

2187 1095 2284 1142 νας
2327 1079 2405 1149 τῷ
2439 1079 2806 1149 συμϐάλλοντι
2863 1083 3101 1155 στρατῷ,
3157 1084 3256 1139 καὶ
3312 1091 3774 1160 σεσημειωμένας

2188 1167 2298 1221 ἀπὸ
2349 1168 2562 1222 κλάδων
2605 1170 2879 1239 μεγάλων,
2911 1172 2945 1243 ἢ
2990 1175 3296 1244 κονταρίων
3339 1177 3583 1247 κεφαλὰς
3629 1179 3777 1246 ξενο-

2188 1261 2421 1328 πρεπεῖς
2466 1259 2720 1329 ἐχόντων,
2767 1260 2802 1332 ἦ
2833 1261 2937 1331 γῆς
2983 1263 3266 1318 ἀναϐολῶν
3305 1265 3381 1330 ὡς
3430 1268 3699 1338 τυμὸίων,
3737 1271 3771 1341 ἢ

2186 1348 2351 1403 λίθων
2398 1351 2830 1423 ἀποτιθεμένων,
2862 1354 2894 1425 ἢ
2929 1353 3118 1426 ἕτερον
3148 1354 3376 1428 εὔδηλον
3405 1363 3654 1431 σημεῖον,
3708 1362 3771 1415 οὐ

2190 1442 2355 1512 μόνον
2382 1444 2505 1497 κατ’
2532 1444 2705 1507 αὐτὰς
2732 1444 2836 1508 τάς
2863 1446 3061 1516 ἀρχὰς,
3095 1448 3215 1519 ἦτοι
3237 1449 3348 1502 τῶν
3383 1449 3654 1520 μετώπων
3674 1453 3772 1507 τοῦ

2191 1532 2402 1602 μήκους
2428 1532 2716 1603 τριόόλων,
2749 1534 2887 1588 ἀλλὰ
2910 1536 3005 1589 καὶ
3026 1537 3170 1590 κατὰ
3194 1536 3289 1591 τοῦ
3310 1537 3509 1608 βάθους
3537 1541 3657 1611 ἦτοι
3677 1542 3771 1596 τοῦ

2188 1624 2426 1689 πλάτους
2462 1626 2594 1695 παρ’
2635 1627 2878 1699 ἑκάτερα
2902 1628 3012 1681 τῶν
3047 1630 3319 1701 παρόδων,
3344 1630 3485 1685 ὥστε
3516 1634 3614 1703 τῆς
3638 1652 3777 1705 συμο

2190 1716 2357 1788 ϐολῆς
2401 1719 2704 1790 γενομένης
2739 1720 3184 1791 σχηματίσασθαι
3224 1723 3452 1795 τροπὴν,
3498 1727 3595 1780 καὶ
3634 1726 3778 1796 μετὰ

488 1813 645 1873 sidiae
693 1822 806 1869 tum
840 1812 969 1868 hinc
1006 1821 1171 1882 atque
1203 1811 1357 1866 illinc
1399 1818 1635 1881 utroque
1664 1824 1733 1864 ex
1764 1808 1938 1864 latere
1983 1807 2076 1863 ad-

2181 1808 2242 1861 τδ
2264 1808 2559 1880 παρελθεῖν
2591 1809 2682 1864 διὰ
2707 1811 2817 1865 τῶν
2844 1811 3104 1875 τοιούτων
3130 1814 3497 1886 ἐγνωσμένων
3519 1819 3772 1888 παρόδων

487 1921 683 1962 versus
715 1904 905 1961 hostes
948 1904 1164 1960 irruant
1187 1944 1202 1968 ,
1232 1903 1326 1958 ubi
1369 1902 1483 1972 jam
1520 1902 1577 1955 in
1608 1901 1713 1957 hos
1740 1900 1974 1955 tribulos
2004 1900 2081 1955 ir-

484 1996 734 2064 ruerint,
796 2010 901 2051 nec
940 2005 1255 2051 antrorsum
1304 1996 1400 2048 aut
1444 1998 1751 2048 retrorsum
1776 1988 2080 2063 procedere

487 2098 746 2162 possunt.

2183 1899 2276 1954 τὸν
2319 1902 2553 1973 στρατὸν
2599 1902 2925 1974 ἐπαίρεσθαι
2962 1904 3032 1958 τά
3064 1907 3290 1960 τοιαῦτα
3340 1911 3547 1979 σημεῖα
3573 1950 3587 1974 ,
3651 1910 3774 1982 ἤτοι

2185 1994 2664 2066 καταστρέφεσθαι
2695 1995 2848 2068 παρὰ
2886 1997 2994 2051 τῶν
3028 2001 3109 2063 είς
3160 1999 3319 2054 τοῦτο
3361 2001 3776 2073 άφοριζομένων

2186 2085 2594 2159 καϐαλλαρίων,
2632 2082 2732 2141 εἷθ’
2764 2087 2939 2153 οὓτως
2987 2088 3087 2161 τὴν
3136 2090 3362 2163 ἐνέδραν
3396 2094 3461 2145 ἐκ
3515 2092 3625 2147 τῶν
3679 2094 3777 2148 δύο

485 2183 732 2252 πλαγίων
782 2179 1179 2253 ὐπεξὲρχεσθαι
1231 2179 1385 2234 ἐνθεν
1439 2178 1698 2244 κάκεῖθεν
1751 2177 1895 2233 κατά
1946 2176 2059 2231 τῶν
2089 2176 2303 2249 ἐχθρῶν
2337 2180 2788 2251 περιπιπτόντων
2838 2183 2955 2246 τοῖς
2996 2181 3290 2253 τριδόλοις,
3350 2186 3443 2238 καὶ
3513 2185 3575 2238 οὐ
3617 2186 3779 2242 δυνα-

488 2278 665 2351 μένων
694 2274 817 2327 οὐδὲ
844 2273 1035 2344 πρόσω
1057 2272 1181 2326 οὐδὲ
1205 2270 1432 2326 ὄπισθεν
1461 2272 1701 2335 εὐκόλως
1726 2272 1915 2341 ὐποχω
1926 2272 2062 2341 ρεῖν.

552 2369 645 2424 46.
686 2367 814 2423 llaec
848 2366 965 2421 fieri
997 2367 1119 2423 sine
1145 2365 1369 2423 tribulis
1391 2365 1585 2421 eodem
1624 2364 1791 2420 modo
1818 2371 2072 2434 possunt,

486 2463 533 2516 si
566 2462 692 2531 quis
728 2459 996 2515 rotundas
1029 2457 1296 2529 quasdam
1337 2456 1519 2514 fossas
1555 2458 1706 2512 varie
1751 2456 2071 2526 dispersas,

2256 2365 2377 2424 πςθ.
2419 2358 2486 2412 Ti
2518 2359 2766 2429 γίνεσθαι
2799 2360 2858 2415 δέ
2894 2360 3118 2416 δύναται
3145 2362 3240 2416 καὶ
3269 2361 3412 2418 κατὰ
3450 2362 3543 2417 τὸν
3586 2364 3776 2435 ὅμοιον

2179 2452 2383 2520 τρόπον
2415 2452 2513 2505 καὶ
2543 2450 2676 2506 ἄνευ
2718 2453 3006 2523 τριδόλων,
3035 2453 3133 2509 ἐάν
3158 2471 3243 2518 τις
3276 2455 3587 2526 στρογγύλα
3642 2458 3776 2528 ὀρύ-

486 2568 626 2622 quam
673 2551 886 2621 antiqui
937 2548 1312 2619 hippoclaStas
1353 2546 1732 2612 nominabant,
1786 2546 1956 2600 ducat
2004 2544 2075 2598 ad

2181 2559 2389 2612 γματα,
2416 2542 2454 2597 ἃ
2483 2543 2673 2612 ελεγον
2699 2546 2747 2597 οἱ
2776 2543 3132 2617 παλαιότεροι
3162 2547 3564 2613 ίπποκλάστας,
3598 2549 3777 2624 ὀρύξῃ

487 2641 731 2712 spatium
769 2639 957 2703 unius,
991 2638 1061 2693 ad
1096 2637 1445 2693 altitudinem
1476 2638 1713 2692 duorum
1765 2644 1863 2692 aut
1902 2636 2071 2691 trium

2182 2634 2559 2706 διεσπαρμένα
2605 2634 2716 2690 ἀπὸ
2760 2635 2880 2700 ἐνὸς
2928 2636 3089 2702 ποδὸς
3133 2638 3194 2691 τὸ
3240 2638 3518 2711 διάστημα
3559 2641 3773 2711 ἔχοντα,

486 2734 712 2805 pedum,
748 2739 843 2786 aut
875 2738 1072 2785 acutos
1098 2729 1253 2799 palos
1277 2728 1480 2800 defigat
1508 2729 1565 2783 in
1591 2728 1735 2796 illis;
1762 2728 1863 2784 has
1891 2726 2073 2783 diver-

2181 2726 2275 2780 καὶ
2315 2726 2482 2797 βάθος
2530 2726 2625 2781 δύο
2668 2727 2701 2797 ἢ
2752 2728 2924 2799 τριῶν
2978 2729 3189 2805 ποδῶν,
3225 2732 3321 2786 καὶ
3369 2734 3577 2799 πάλους
3626 2735 3773 2801 6537.;

486 2804 600 2889 sas,
635 2830 691 2880 et
730 2824 1003 2879 distantes
1031 2836 1060 2875 a
1091 2836 1151 2877 se
1183 2820 1348 2876 trium
1391 2820 1590 2891 pedum
1636 2821 1789 2876 omni
1823 2836 1890 2877 ex
1924 2828 2076 2891 parte

2181 2817 2398 2889 ὲμπήξη
2441 2819 2500 2872 ἐν
2547 2818 2751 2884 αὐτοῖς.
2785 2818 2971 2875 Ταῦτα
3002 2822 3059 2876 δὲ
3095 2804 3533 2898 παρηλλαγμένα
3585 2829 3771 2901 ὀρύξει

485 2920 798 2983 intervallo,
825 2919 1003 2975 fodies
1034 2917 1103 2973 ad
1138 2917 1378 2974 universi
1406 2918 1571 2988 spatii
1606 2917 1956 2974 latitudinem
1981 2933 2077 2989 pe.

2175 2910 2273 2965 καὶ
2311 2909 2387 2981 μὴ
2434 2910 2522 2963 ἐπ’
2578 2910 2819 2977 εὐθείας,
2852 2912 2886 2985 ἢ
2921 2914 3030 2968 άπὸ
3073 2916 3243 2986 τριῶν
3293 2918 3476 2974 ποδῶν
3522 2920 3774 2992 ἀλλήλων

485 3016 614 3071 dum
646 3023 866 3070 centum
897 3012 1323 3084 quinquaginta,
1350 3010 1420 3065 ad
1462 3010 1866 3083 longitudinem
1909 3011 2076 3067 totius

2181 3002 2321 3057 κατὰ
2356 3002 2428 3057 τά
2454 3003 2703 3077 τέσσαρα
2735 3008 2879 3078 μέρη
2912 3009 3328 3081 ἀφεστηκότων,
3359 3013 3453 3065 ἐπὶ
3478 3013 3681 3079 πλάτος
3713 3015 3772 3069 δὲ

486 3107 627 3163 aciei
661 3106 959 3162 lntervalli.
998 3105 1117 3161 Hoc
1150 3104 1409 3159 confecto
1440 3102 1666 3173 quando
1691 3102 1759 3158 ad
1789 3101 2079 3159 conflicta-

2175 3096 2345 3161 πόδας
2383 3104 2483 3169 ρν’,
2520 3098 2697 3169 μῆκος
2719 3100 2777 3153 δέ
2810 3101 2920 3172 πρὸ
2948 3103 3047 3173 τῆς
3075 3105 3438 3177 παρατάξεως
3466 3106 3770 3180 διάστημα.

486 3200 694 3254 tionem
720 3205 943 3253 ventum
968 3205 1073 3265 est,
1093 3212 1194 3267 par
1214 3202 1320 3263 est,
1352 3206 1409 3251 ut
1432 3197 1608 3266 prima
1634 3196 1784 3252 acies
1814 3197 1885 3250 ad
1914 3197 2076 3253 unius

2182 3188 2292 3242 Καὶ
2321 3188 2521 3244 τούτου
2565 3192 2865 3262 γενομένου
2921 3195 2980 3248 ἐν
3007 3197 3075 3267 τῇ
3124 3196 3393 3269 συμϐολῇ,
3426 3199 3555 3253 ὅταν
3602 3201 3704 3272 μὲν
3736 3202 3772 3273 ἡ

485 3289 740 3346 milliaris
770 3289 1018 3360 spatium
1061 3297 1189 3344 ante
1218 3302 1343 3344 eum
1376 3288 1558 3342 locum
1601 3287 1910 3343 instruatur
1933 3326 1949 3352 ,
1980 3302 2073 3343 se-

484 3383 668 3439 cunda
706 3392 833 3453 post
861 3381 1183 3438 universum
1207 3380 1559 3437 intervallum
1581 3379 1802 3436 duobus
1838 3389 1935 3434 aut
1972 3378 2074 3434 tri-

484 3474 591 3532 bus
620 3474 834 3545 sagitta:
879 3472 1123 3543 iactibus
1165 3471 1237 3527 ab
1261 3485 1328 3527 eo
1371 3473 1495 3527 loco
1526 3470 1710 3537 absit,
1753 3481 1814 3525 ut
1853 3470 1901 3526 si
1932 3484 2072 3540 opus

485 3564 678 3631 fuerit,
709 3573 763 3620 et
788 3563 884 3635 qui
910 3578 941 3619 e
974 3562 1153 3634 prima
1176 3560 1294 3617 acie
1322 3560 1379 3615 in
1409 3560 1591 3631 fugam
1623 3559 1765 3613 versi
1804 3565 1956 3622 sunt,
1984 3572 2074 3613 se-

484 3673 620 3713 cure
643 3672 741 3728 per
757 3671 823 3711 ea
851 3656 972 3711 loca
990 3655 1246 3720 evadant,
1263 3651 1473 3709 eisdem
1503 3649 1809 3706 intervallis
1829 3647 2073 3706 secunda

485 3745 635 3802 acies
682 3746 804 3801 sine
840 3742 1149 3801 oﬂ'ensione
1185 3749 1474 3809 transeat,
1505 3750 1672 3812 atque
1706 3740 1847 3796 adeo
1884 3739 2072 3796 hostes

485 3840 731 3896 invadat.

2180 3281 2374 3354 πρώτη
2406 3283 2561 3351 τάξις
2591 3286 3150 3359 προπαρατάσσηται,
3179 3291 3395 3362 πρέπον
3438 3292 3526 3348 ῖνα
3558 3294 3636 3357 ὡς
3662 3296 3773 3364 πρὸ

2178 3373 2299 3437 ἐνὸς
2331 3374 2509 3445 μιλίου
2541 3375 2635 3430 τοῦ
2666 3376 2915 3432 τοιούτου
2948 3380 3285 3451 σοφίσματος
3308 3384 3498 3457 ὴαύτῇ
3530 3386 3773 3452 ἵσταται,

2179 3472 2212 3539 ἡ
2248 3470 2305 3543 δὲ
2325 3470 2561 3541 δευτέρα
2588 3470 2815 3526 δυισθεν
2843 3472 3017 3527 αὐτοῦ
3036 3474 3106 3529 δι’
3127 3475 3251 3530 δλου
3280 3476 3376 3531 τοῦ
3402 3478 3774 3551 διαστήματος

2183 3563 2263 3626 είς
2291 3561 2361 3616 τά
2391 3561 2673 3633 λείμματα
2696 3562 2809 3618 τῶν
2837 3564 3169 3637 ὀρυγμάτων
3193 3567 3269 3633 ὡς
3288 3569 3398 3624 ἀπὸ
3417 3570 3514 3626 δύο
3536 3572 3570 3646 ἢ
3600 3574 3773 3645 τριῶν

2182 3651 2585 3721 σαγιττοόόλων
2629 3653 2887 3710 ὄπισθεν·
2922 3654 3011 3710 ἵνα
3051 3658 3149 3712 ἐὰν
3185 3659 3348 3731 χρεία
3393 3661 3642 3734 γένηται,
3673 3664 3773 3718 καὶ

2173 3744 2224 3797 οί
2251 3744 2581 3815 τρεπόμενοι
2617 3748 2718 3818 τῆς
2744 3748 2971 3821 πρώτης
3012 3750 3104 3805 διὰ
3140 3754 3253 3807 τῶν
3280 3756 3582 3810 ἀκινδύνων
3626 3774 3775 3827 παρα

2173 3834 2466 3906 έρχωνται,
2498 3837 2594 3891 καὶ
2637 3838 2739 3909 τὴν
2780 3838 3042 3913 δευτέραν
3072 3842 3249 3910 τάξιν,
3278 3844 3374 3898 ἐὰν
3424 3845 3586 3917 χρεία
3621 3847 3770 3900 ἐστὶν

482 3933 770 3990 ἐπιθέσθαι
801 3934 914 3997 τοῖς
942 3930 1159 4004 ἐχθροῖς
1192 3928 1283 3984 διά
1310 3927 1422 3983 τῶν
1447 3925 1626 3982 αὐτῶν
1690 3924 1971 3997 εὐκαίρων
2017 3924 2429 3999 διαλειμμάτων
2469 3928 2747 4002 εὐκαίρων
2775 3930 3158 4005 διερχομένην,
3212 3935 3309 3990 καὶ
3359 3935 3771 4007 ἀνεμποδίστως

481 4032 657 4096 οὕτως
686 4027 1033 4085 ἐπιτίθεσθαι
1061 4028 1174 4091 τοῖς
1203 4023 1441 4097 ἐχθροῖς.

554 4124 648 4177 47.
676 4121 909 4188 Quando
940 4135 1051 4175 non
1084 4128 1211 4173 ante
1240 4115 1493 4171 fraudem
1529 4114 1674 4169 hanc
1713 4117 2035 4183 apparatam
2059 4150 2075 4177 ,

2251 4110 2359 4183 μζ.
2391 4112 2565 4167 Ὅταν
2598 4111 2657 4167 δέ
2682 4112 2744 4167 οὐ
2786 4114 2896 4184 πρὸ
2923 4114 3020 4169 τοῦ
3058 4116 3392 4188 σοφίσματος
3440 4119 3474 4191 ἡ
3514 4119 3768 4189 παράτα-

485 4212 582 4269 scd
615 4220 741 4283 post
784 4226 909 4268 eam
943 4210 1095 4267 acies
1125 4208 1420 4265 instruitur
1445 4246 1460 4273 ,
1494 4216 1608 4262 tres
1634 4204 1849 4276 sagittae
1892 4203 2076 4274 jactus

2181 4205 2258 4270 ξις
2279 4204 2508 4275 γένηται
2534 4205 2709 4270 πᾶσα,
2741 4204 2877 4259 ἀλλὰ
2896 4206 3124 4261 ὄπισθεν
3151 4208 3343 4276 αὐτοῦ,
3374 4209 3493 4263 δέον
3522 4210 3631 4264 ἀπὸ
3654 4212 3768 4264 τῶν

484 4306 555 4359 ab
596 4319 664 4360 eo
697 4304 820 4358 loco
851 4303 998 4357 acies
1037 4302 1385 4357 instruatur:
1425 4306 1481 4355 et
1522 4296 1741 4369 quando
1772 4295 1961 4351 hostes
1988 4293 2076 4350 vel

2181 4297 2343 4368 τριῶν
2373 4295 2773 4364 σαγιττοὸὀλων
2807 4297 3001 4351 τούτου
3046 4298 3274 4353 ὄπισθεν
3320 4301 3421 4372 τὴν
3454 4301 3767 4372 παράταξιν

485 4395 833 4461 transierint,
859 4394 944 4450 vel
974 4394 1032 4448 in
1065 4393 1187 4448 loco
1222 4391 1435 4447 fraudis
1469 4391 1675 4447 molita:
1703 4388 1934 4469 fuerint,
1976 4401 2074 4441 oc-

2181 4388 2454 4453 ἵστασθαι,
2480 4389 2573 4442 καὶ
2605 4390 2736 4444 ὅταν
2769 4391 2819 4444 οἱ
2857 4390 3044 4462 ἐχθροὶ
3075 4392 3420 4462 παρέλθωσιν
3452 4393 3486 4464 ἢ
3524 4394 3767 4448 καταλά-

482 4496 718 4545 currant
742 4488 853 4543 illis
890 4487 1105 4553 nostri,
1136 4492 1195 4539 ut
1231 4498 1333 4556 pro
1363 4483 1647 4538 celeritate
1675 4480 1800 4551 equi
1853 4479 2072 4534 illorum

2181 4481 2321 4535 ϐωσι
2349 4481 2411 4535 τὸ
2439 4481 2710 4553 σόφισμα,
2736 4481 2859 4535 τότε
2893 4483 3251 4547 ὑπαντιάζειν
3278 4485 3482 4549 αὐτοῖς,
3519 4486 3603 4538 ἵνα
3628 4485 3770 4554 φλά-

488 4580 784 4637 laedantur.
823 4579 969 4634 Loca
1014 4584 1197 4631 autem
1225 4576 1387 4632 istius
1417 4574 1629 4630 fraudis
1652 4580 1981 4644 opportuna,
2018 4579 2073 4627 et

2182 4592 2352 4630 σωσιν
2369 4576 2418 4629 οἱ
2445 4576 2605 4630 ἵπποι
2625 4576 2804 4629 αὐτῶν
2825 4576 3159 4646 ἐμπεσόντες
3185 4578 3574 4649 ἀφανισθῆναι.
3603 4579 3766 4633 Ἀλλά

481 4676 695 4746 integra
748 4672 813 4728 ad
854 4669 1287 4737 transeundum,
1329 4669 1438 4723 lata
1490 4667 1783 4723 admodum
1832 4665 2068 4736 relinqui

2181 4666 2302 4719 τότε
2335 4666 2399 4719 οὐ
2429 4666 2536 4737 χρὴ
2588 4666 2726 4719 πολὺ
2778 4666 2989 4721 πλατέα
3036 4669 3106 4720 τὰ
3144 4666 3380 4737 εὔκαιρα
3430 4670 3606 4740 χωρία
3664 4668 3765 4722 τοῦ

480 4740 849 4837 nonoportet,
875 4771 935 4817 ut
959 4777 1027 4817 ne
1052 4776 1284 4831 magnus
1308 4759 1552 4822 hostium
1578 4771 1846 4813 numerus
1872 4770 2067 4811 secure

2181 4756 2512 4828 σοφίσματος
2540 4756 3001 4828 καταλιμπάνειν,
3025 4760 3156 4813 ὅταν
3188 4761 3221 4829 ἡ
3248 4746 3558 4830 παράταξις
3587 4762 3765 4814 ὀπίσω

478 4874 590 4914 non
621 4858 824 4913 acriter
862 4853 1169 4911 adoriatur.

2181 4847 2357 4902 αὐτῶν
2392 4849 2568 4913 ἐστιν,
2616 4847 2757 4902 ὥστε
2810 4850 2885 4921 μὴ
2924 4851 3051 4914 τοὺς
3090 4851 3322 4915 πολλοὺς
3371 4853 3481 4907 τῶν
3547 4852 3765 4923 ἐχθρῶν

2176 4939 2579 5011 παροδεύοντας
2601 4939 2903 5004 ἀκινδύνως
2940 4940 3042 5012 τῆς
3074 4943 3255 5014 μάχης
3287 4942 3722 5013 προσάπτεσθαι.

546 5035 637 5092 48.
679 5033 773 5090 llas
815 5050 998 5091 rerum
1044 5032 1429 5104 aggressiones
1475 5038 1642 5098 atque
1692 5025 1805 5081 doli
1845 5026 1983 5082 clam
2012 5036 2065 5083 et

476 5145 507 5184 a
541 5128 734 5201 paucis
766 5126 1127 5197 fidelibusque
1156 5122 1476 5178 hominibus
1515 5121 1600 5176 vel
1640 5119 1759 5191 ipso
1792 5119 1881 5174 die
1911 5119 2061 5185 belli,

423 5286 429 5291 ,
473 5222 561 5278 vel
600 5236 710 5277 uno
755 5227 886 5275 ante
929 5219 1040 5284 die,
1066 5217 1134 5273 ad
1163 5229 1449 5286 vesperam
1479 5212 1564 5269 vel
1611 5223 1778 5267 noctu
1813 5212 1965 5275 ﬁant,
1996 5224 2063 5265 eo

473 5294 592 5386 ipso
641 5311 765 5369 loco
818 5326 929 5384 quo
984 5309 1185 5366 bellum
1229 5314 1618 5378 exspectatur,
1660 5305 1849 5375 ibique
1878 5303 2064 5361 hostes

474 5408 805 5479 praestolari.
848 5404 930 5459 Ad
972 5404 1079 5459 hoc
1120 5410 1341 5472 tempus
1386 5408 1568 5455 autem
1623 5395 1953 5469 quibusdam
1994 5410 2062 5449 ex

471 5500 721 5557 exercitu
763 5498 1110 5559 muniantur,
1142 5495 1419 5566 praecipue
1447 5500 1631 5547 autem
1661 5489 1965 5560 signiferis,
2004 5496 2061 5542 ut

474 5593 654 5649 sciant
706 5606 770 5649 se
815 5587 1090 5647 asservari
1128 5605 1144 5645 :
1186 5595 1242 5643 et
1285 5592 1409 5658 post
1450 5583 1632 5639 banda
1677 5581 1892 5639 densati
1944 5595 2063 5633 am-

2245 5030 2359 5101 μη⁹.
2388 5031 2470 5086 Τά
2497 5031 2553 5086 δὲ
2576 5030 2804 5086 τοιαῦτα
2832 5034 3215 5104 ἐγχειρήματα
3238 5036 3406 5106 ἤγουν
3423 5036 3759 5105 σοφίσματα,

2171 5120 2549 5187 λανθανόντως
2573 5141 2635 5179 σε
2674 5125 2756 5178 δεῖ
2784 5128 2983 5188 ποιεῖν,
3032 5119 3078 5179 ὦ
3117 5127 3415 5197 στραηγέ,
3449 5127 3517 5181 δι’
3560 5126 3759 5196 ὀλίγων

2169 5213 2266 5268 καὶ
2312 5214 2519 5268 πιστῶν
2566 5213 2891 5285 ἀνθρώπων,
2926 5216 2959 5286 ἦ
2995 5217 3052 5269 ἐν
3082 5218 3218 5287 αὐτῇ
3269 5219 3337 5287 τῇ
3370 5215 3467 5269 τοῦ
3515 5217 3758 5285 πολέμου

2168 5305 2374 5377 ἡμέρᾳ,
2406 5306 2439 5377 ἢ
2470 5307 2579 5377 πρὸ
2619 5309 2749 5377 μιᾶς
2775 5307 2942 5362 αὐτοῦ
2968 5308 3188 5379 ἡμέρας
3223 5309 3351 5379 περὶ
3388 5310 3489 5372 τὰς
3518 5308 3760 5373 δειλινάς

2167 5397 2334 5451 αὐτοῦ
2370 5396 2543 5469 ὥρας,
2573 5399 2607 5470 ἢ
2646 5399 2865 5465 νυκτὸς,
2908 5401 2966 5453 ἐν
2994 5400 3189 5468 ἐκείνῳ
3216 5399 3465 5471 δηλονότι
3496 5400 3575 5470 τῷ
3603 5401 3758 5470 τόπῳ

2168 5492 2227 5544 ἐν
2258 5485 2303 5559 ᾧ
2346 5493 2379 5561 ἡ
2418 5491 2567 5563 μάχη
2623 5492 3015 5564 προσδοκᾶται,
3084 5493 3310 5546 κάκεῖσε
3348 5492 3479 5556 τοὺς
3526 5490 3760 5561 ἐχθροὺς

2166 5582 2483 5653 ἀναμένειν,
2513 5584 2610 5637 καὶ
2633 5583 2772 5655 πρὸς
2800 5583 2951 5654 ὥραν
2976 5583 3201 5656 θαρρεῖν
3224 5584 3336 5647 τοῖς
3366 5581 3460 5635 τοῦ
3494 5579 3758 5653 στρατοῦ,

2027 5673 2261 5730 NOTAE.

544 5775 621 5842 (Ἰ)
663 5775 766 5829 Ἐν
784 5776 1205 5845 σφηκώμασιν.
1242 5772 1620 5836 Scribebatur,
1646 5770 1703 5823 ἐν
1735 5768 2129 5841 άφηκώμασιν.
