4090 6468
515 380 617 447 881

1536 390 1865 450 TACTICA.
1915 416 1980 426 —
2011 392 2516 458 CONS'l‘lTUTlO
2542 400 2693 460 XIV.

3682 407 3791 469 882

515 498 641 559 τοὺς
664 497 963 567 ἡμετέρους
982 537 995 561 ,
1024 499 1145 552 τότε
1178 500 1305 564 τοὺς
1340 500 1566 564 ὁπλίτας
1592 502 1762 572 ὴγουν
1788 504 1913 566 τοὺς
1940 520 2091 573 πρω-

2203 507 2384 569 nobis,
2427 526 2623 579 graves
2678 510 2953 580 praastites
2992 521 3133 567 ante
3185 514 3494 570 collocandi
3546 533 3575 571 a
3624 521 3784 575 nobis

514 589 777 651 τοστὰτας
805 588 1116 659 ἔμπροσθεν
1136 590 1215 643 δεῖ
1234 591 1530 645 τάσσεσθαι
1549 591 1769 660 ἔχοντας
1792 596 2097 662 σκουτάρια

519 680 728 749 μεγάλα
758 681 1027 750 ἐπιμήκη,
1063 680 1207 750 ἅπερ
1247 680 1470 749 λέγουσι
1508 682 1757 753 θυρεοὺς,
1795 682 1935 737 ὥστε
1971 684 2098 736 σκέ-

516 789 637 823 πειν
679 772 774 824 ὅλα
817 773 885 827 τὰ
932 771 1181 840 σώματα.
1215 773 1407 844 ἀνδρὸς
1448 774 1641 841 ἔχοντα
1690 775 1884 843 μῆκος.
1937 777 1997 827 Οἱ
2040 774 2098 827 δὲ

519 864 655 932 μετὰ
698 862 922 925 τούτους
977 861 1205 916 ὄπισθεν
1255 864 1579 933 τασσόμενοι
1631 867 1726 919 καὶ
1778 868 1940 936 μέχρι
1989 864 2098 919 τῶν

514 955 778 1009 ὀπισθίων
806 954 950 1025 ὑπὲρ
982 956 1226 1024 κεφαλῆς
1255 954 1486 1025 ἄραντες
1518 959 1643 1020 τοὺς
1664 957 1888 1028 θυρεοὺς
1917 958 2097 1020 αὕτως

515 1046 1026 1115 προσερχέσθωσαν,
1062 1048 1170 1110 ἕως
1200 1046 1265 1100 ἂν
1295 1048 1445 1109 ἐντὸς
1472 1048 1737 1113 γένωνται
1769 1048 1879 1101 τῶν
1914 1050 2099 1118 putre-

518 1137 696 1207 μένων
739 1138 1009 1205 σαγιττῶν
1035 1139 1069 1207 ἢ
1121 1139 1419 1209 ρικταρίων
1446 1155 1460 1168 ο
1483 1137 1658 1202 οὕτως
1678 1140 1786 1209 γὰρ
1817 1141 1892 1203 ὡς
1923 1142 2095 1192 εἰπεῖν

515 1228 915 1297 κεραμοθέντες
946 1228 1099 1280 οὐδὲν
1144 1229 1359 1283 πάθωσι
1409 1229 1580 1282 κακὸν
1610 1230 1718 1284 ἀπὸ
1756 1229 1867 1303 τῶν
1911 1232 2098 1300 ῥιπτο-

516 1321 693 1391 μένων
725 1320 874 1390 παρᾶ
898 1319 1007 1372 τῶν
1037 1322 1312 1389 πολεμίων
1349 1322 1537 1390 βελῶν.

585 1410 679 1479 ρδ⁸.
717 1411 777 1461 Ei
814 1411 870 1463 δέ
905 1411 999 1464 καὶ
1041 1411 1194 1463 ἔνθεν
1240 1413 1498 1475 κάκεῖθεν
1530 1414 1563 1482 ἡ
1601 1411 1751 1482 παρᾶ
1785 1412 1892 1464 τῶν
1922 1410 2095 1481 ψιλῶν

515 1498 735 1568 βοήθεια
764 1501 1050 1569 πάρεστιν,
1095 1493 1244 1553 οὗτοι
1273 1500 1518 1570 πρῶτοι,
1549 1502 1678 1571 πρὶν
1720 1502 1752 1570 ἢ
1787 1503 2015 1569 γένηται
2058 1504 2091 1570 ἡ

515 1590 761 1659 συμϐολὴ
784 1631 797 1651 ,
834 1593 924 1644 καὶ
963 1592 1243 1659 σαγίττας,
1291 1594 1385 1644 καὶ
1431 1595 1688 1663 ρικτάρια
1720 1592 1919 1661 ρίψωσι
1952 1594 2094 1645 κατὰ

511 1684 619 1735 τῶν
647 1683 921 1752 πολεμίων
941 1700 953 1713 ·
986 1684 1018 1754 ἢ
1048 1684 1142 1737 καὶ
1171 1684 1309 1752 μετὰ
1329 1685 1429 1755 τὴν
1464 1683 1739 1753 συμϐολὴν
1784 1687 1882 1754 τῆς
1914 1685 2095 1754 μάχης

513 1779 576 1828 ἐκ
610 1775 854 1841 πλαγίων
882 1778 982 1845 τῆς
1003 1776 1112 1827 τῶν
1135 1775 1347 1846 ἐχθρῶν
1376 1775 1736 1844 παρατάξεως
1760 1775 2095 1837 ἐπιτιθέντες

2200 609 2350 663 sunt,
2370 603 2460 670 qui
2487 610 2643 655 senta
2692 617 2886 672 magna
2920 615 3084 673 atque
3103 606 3361 676 oblonga,
3385 624 3525 677 quos
3564 612 3789 680 thyreos

2201 703 2421 754 vocant.
2448 694 2514 745 ad
2540 694 2778 747 universi
2806 697 3473 765 corporislongitudinem
3500 702 3787 770 tegendam

2200 792 2435 852 gestent,
2486 787 2575 854 qui
2631 801 2760 840 vero
2807 787 2875 840 ad
2916 798 3102 857 tergus
3147 790 3365 843 illorum
3410 801 3578 855 stant,
3623 808 3787 861 supra

2199 887 2364 946 caput
2410 879 2742 933 anteriorunt
2793 890 2949 935 scuta
2983 898 3082 935 sua
3116 884 3432 938 attollentes
3478 885 3560 938 sic
3595 902 3789 953 proce-

2198 967 2350 1029 dant,
2390 967 2567 1023 donec
2634 970 2779 1024 intra
2827 973 3151 1039 sagittarum
3199 975 3542 1042 teloruntque
3579 976 3786 1042 jactum

2201 1059 2402 1114 fuerint
2434 1077 2450 1127 ;
2485 1064 2568 1116 sic
2595 1065 2739 1116 enim
2773 1065 2921 1124 tecti.
2950 1074 3116 1131 atque
3148 1074 3206 1117 ut
3237 1066 3306 1119 ita
3338 1067 3553 1135 loquar,
3599 1069 3787 1120 ineruo

2199 1154 2347 1214 stati,
2384 1153 2519 1207 nihil
2547 1156 2673 1209 mali
2706 1155 2773 1209 ab
2807 1155 3047 1210 hostium
3079 1157 3349 1225 conjectis
3382 1159 3507 1212 telis
3539 1161 3782 1229 capiunt.

2266 1406 2390 1461 104.
2422 1406 2475 1460 Si
2503 1407 2630 1461 hinc
2679 1418 2843 1479 atque
2876 1410 3027 1464 illinc
3050 1412 3212 1467 nobis
3244 1413 3442 1467 levium
3476 1416 3784 1471 subsidium

2199 1494 2384 1558 fuerit,
2428 1496 2462 1549 ii
2492 1496 2675 1565 primi,
2718 1507 3014 1566 antequam
3052 1500 3387 1556 conﬂictatio
3416 1504 3531 1567 fiat,
3560 1506 3787 1574 sagittas

2195 1595 2249 1640 et
2277 1588 2379 1640 tela
2412 1588 2463 1640 in
2496 1588 2683 1643 hostes
2712 1588 3032 1655 conjiciunt,
3058 1592 3139 1644 vel
3166 1593 3333 1645 etiam
3353 1602 3474 1661 post
3508 1595 3781 1664 inceptam

2196 1678 2653 1734 conﬂictationem
2686 1681 2752 1734 ad
2778 1682 2948 1737 latera
2984 1683 3222 1737 hostium
3266 1685 3404 1738 aciei
3438 1686 3781 1754 invadentes,

2197 1771 2300 1825 tela
2330 1770 2382 1824 iu
2410 1787 2506 1826 eos
2541 1772 2859 1836 immittant,
2892 1782 2949 1828 ut
2977 1776 3164 1837 simul,
3188 1784 3242 1829 et
3263 1777 3328 1830 ad
3363 1777 3530 1833 latera
3560 1788 3781 1847 pertur-

512 1866 881 1934 πεμπέτωσαν
920 1866 990 1919 τὰ
1041 1865 1171 1934 βέλη
1209 1867 1350 1919 κατὰ
1384 1865 1586 1930 αὐτῶν,
1642 1865 1728 1917 ἵνα
1775 1864 2093 1917 συνελαυνό-

2202 1862 2419 1930 bentur,
2452 1872 2505 1921 et
2540 1879 2725 1919 coram
2757 1881 2819 1920 ex
2849 1866 3082 1922 adverso
3112 1868 3538 1927 labefactentur.

516 1972 665 2024 μενοι
694 1957 788 2009 καὶ
831 1956 939 2009 ἀπὸ
970 1955 1081 2009 τῶν
1114 1954 1361 2022 πλαγίων
1397 1953 1777 2026 θορυϐοῦνται,
1815 1955 1911 2007 καὶ
1942 1954 2098 2009 ἐλατ-

510 2047 728 2099 τοῦνται
758 2049 895 2115 πρὸς
925 2048 1054 2109 τοὺς
1083 2045 1417 2114 ἔμπροσθεν.

585 2144 681 2207 ρε⁹.
729 2138 857 2190 Ἐὰν
879 2137 937 2190 δέ
979 2137 1313 2207 παράκειται
1352 2135 1653 2206 ὀχύρωμα,
1702 2135 1861 2189 τοῦτο
1894 2136 2095 2206 μᾶλλον

509 2232 637 2293 τοὺς
665 2230 853 2299 ψιλοὺς
890 2228 1179 2299 βοηθήσει·
1222 2226 1507 2296 βάλλοντες
1543 2228 1654 2297 γὰρ
1691 2228 1760 2280 τὰ
1792 2227 1917 2297 βέλη
1953 2228 2096 2282 κατὰ

510 2325 617 2378 τῶν
641 2322 941 2392 πολεμίων,
966 2322 1062 2397 καὶ
1078 2324 1158 2385 εἰς
1180 2321 1313 2375 αὐτὸ
1339 2322 1790 2392 κατατρέχοντες,
1820 2320 2097 2389 ἁφοϐὠτε-

510 2436 596 2491 ροι
624 2416 904 2485 γίνωνται.
935 2410 1059 2469 Οἷον
1080 2414 1191 2466 εἴτε
1221 2409 1551 2482 κρημνώδης
1571 2412 1755 2474 τόπος,
1788 2412 1898 2463 εἴτε
1921 2426 2093 2464 ποτα-

512 2509 614 2580 μοῦ
650 2508 805 2578 ὄχθη,
839 2507 872 2578 ἢ
919 2507 1014 2559 καὶ
1055 2506 1241 2575 βουνὸς
1271 2502 1644 2575 ὑπερανέχων,
1692 2502 1725 2573 ἢ
1773 2502 1870 2557 καὶ
1904 2502 2092 2574 ἕτερόν

508 2602 656 2653 ἐστιν
685 2599 969 2669 ὀχύρωμα.

582 2689 685 2761 ρη’.
734 2689 967 2758 Ὀφείλει
997 2689 1053 2742 δὲ
1089 2686 1231 2742 εἶναι
1261 2689 1538 2759 διάστημα
1581 2690 1661 2751 εἰς
1692 2688 1791 2752 τὰς
1828 2688 2091 2759 παρατά-

509 2784 654 2851 ξεις,
700 2783 786 2835 ἵνα
827 2780 923 2833 ἐὰν
971 2780 1144 2843 οὕτως
1174 2780 1399 2850 συμϐῇ,
1440 2782 1536 2833 καὶ
1574 2782 1622 2832 οξ
1670 2780 1818 2849 ψιλοὶ
1847 2779 2091 2833 ἐκκενὼο

509 2890 674 2925 σωσιν
702 2872 771 2924 τὰ
798 2871 928 2941 βέλη
958 2870 1160 2930 αὐτῶν,
1196 2872 1292 2923 καὶ
1320 2869 1473 2922 οὓπω
1499 2870 1717 2937 ἐγένετο
1745 2871 1778 2939 ἠ
1818 2869 2087 2939 συμϐολὴ,

506 2964 621 3017 ἄλλ’
648 2962 727 3016 ἔτι
765 2963 1100 3033 προάγουσιν
1126 2963 1175 3013 οἱ
1210 2960 1485 3028 πολέμιοι,
1513 2960 1636 3012 τότε
1668 2958 2090 3030 ἐπιστρέψωσιν

505 3058 555 3109 οἱ
586 3056 732 3125 ψιλοὶ
773 3055 911 3123 μετὰ
953 3054 1227 3119 εὐταξίας,
1275 3052 1369 3103 καὶ
1414 3050 1715 3113 διελθόντες
1769 3052 1941 3119 μέσην
1989 3051 2088 3118 τὴν

2269 2151 2393 2206 105.
2439 2150 2493 2205 Si
2528 2152 2707 2221 aliqua
2739 2152 2983 2206 munitio
3002 2151 3270 2215 adiuerit,
3331 2168 3394 2207 ea
3421 2152 3566 2207 leves
3596 2153 3783 2206 τιιιιιιοη

2197 2247 2323 2298 dum
2351 2244 2564 2312 juvabit
2597 2263 2610 2308 ;
2651 2260 2774 2298 nam
2801 2245 2866 2298 ad
2904 2252 3477 2305 eaut‘coucurreutes.
3514 2245 3566 2299 in
3605 2248 3789 2301 hostes

2195 2338 2466 2399 securius,
2501 2344 2665 2405 atque
2691 2336 2955 2390 audacius
2978 2337 3083 2391 tela
3113 2337 3429 2406 conjicicnt,
3466 2345 3523 2389 ut
3570 2336 3614 2390 si
3650 2351 3786 2406 pra:-

2194 2429 2441 2497 t-ipitiutn
2464 2429 2707 2497 aliquod.
2734 2437 2830 2481 aut
2860 2429 2976 2497 ripa
3008 2429 3180 2489 fluvii,
3208 2436 3303 2483 aut
3322 2430 3479 2483 collis
3502 2429 3783 2493 eminens,

2195 2527 2289 2572 aut
2320 2518 2365 2573 si
2397 2518 2524 2587 quid
2551 2517 2714 2588 hujus
2735 2520 2953 2589 generis
2995 2520 3231 2574 munitio
3259 2519 3446 2574 fuerit.

2266 2686 2390 2742 106.
2424 2686 2569 2743 Inter
2593 2687 2742 2742 acies
2774 2696 2954 2740 autem
2983 2687 3333 2742 intervallum
3362 2685 3637 2754 quoddam
3661 2700 3790 2740 esse

2193 2779 2375 2841 debet,
2411 2789 2468 2831 ut
2512 2780 2556 2832 si
2599 2780 2743 2833 leves
2778 2780 2962 2831 utnnia
3002 2779 3105 2833 tela
3144 2778 3426 2832 emiserint
3465 2780 3785 2846 priusquam

2192 2868 2526 2924 conﬂictatio
2553 2883 2675 2923 esse
2705 2868 2935 2936 cmperit
2956 2907 2974 2932 ,
3004 2875 3059 2919 et
3094 2867 3274 2921 adhuc
3293 2866 3544 2921 cominus
3602 2866 3790 2921 hostes

2194 2963 2366 3031 magis
2399 2978 2463 3014 ac
2510 2961 2679 3029 ttiagis
2704 2960 2945 3020 veniunt,
2978 2975 3097 3011 cum
3130 2958 3341 3013 ordinis
3377 2956 3611 3026 quadam
3643 2972 3781 3010 con-

2192 3050 2509 3106 servatione
2570 3050 2717 3103 leves
2762 3048 3009 3111 redeant,
3048 3055 3101 3100 et
3156 3046 3391 3101 mediam
3453 3047 3783 3115 phalangem

507 3144 762 3211 φάλαγγα
795 3143 1048 3212 ταρὰχως
1099 3143 1192 3195 ἐπὶ
1239 3141 1309 3194 τὰ
1344 3140 1567 3192 ὄπισθεν
1606 3140 1969 3192 διασωθῶσιν.
2013 3142 2085 3193 Οὐ

2198 3149 2666 3213 pertranseuutes,
2695 3156 2891 3197 secure
2922 3151 3041 3194 :Ine
3066 3138 3366 3193 offensione
3389 3138 3453 3191 ad
3482 3146 3783 3193 extremam

506 3237 614 3306 γάρ
644 3239 792 3288 ἐστιν
820 3235 1057 3305 ἀσφαλὲς
1080 3235 1365 3287 κυκλεύειν
1388 3233 1586 3295 αὐτοὺς
1610 3233 1808 3296 ἔξωθεν
1838 3233 1897 3285 τὸ
1923 3234 2090 3302 στρᾶ-

504 3345 724 3397 τευμα,
772 3328 869 3379 καὶ
916 3325 1059 3378 οὕτω
1106 3326 1457 3396 διέρχεσθαι’
1510 3323 1598 3375 ἵνα
1658 3325 1732 3393 μὴ
1787 3324 1938 3393 παρὰ
1984 3322 2093 3376 τῶν

507 3419 718 3490 ἐχθρῶν
742 3419 1051 3488 ἐρχομένων
1086 3417 1241 3486 μέσοι
1263 3416 1547 3485 γενόμενοι
1584 3415 1937 3468 διαπέσωσινο
1968 3414 2090 3467 οὔτε

506 3512 565 3566 δὲ
595 3510 775 3573 πόλεις
807 3512 887 3572 εἰς
913 3511 980 3563 τὰ
999 3509 1137 3563 ὅπλα
1161 3508 1357 3579 μέσους
1383 3509 1697 3577 ἐμπίπτειν·
1726 3506 2091 3574 πεπυκνωμέ-

506 3621 603 3674 νης
632 3601 798 3675 οὔσης
825 3603 922 3672 τῆς
956 3600 1185 3666 τάξεως,
1217 3600 1309 3654 καὶ
1341 3600 1483 3655 οὕτω
1515 3598 1821 3671 βιάζεσθαι.

581 3786 681 3854 ρξ’.
714 3783 833 3838 Ἐτέ
845 3800 938 3853 ρας
962 3784 1017 3835 δέ
1039 3782 1220 3846 τάξεις
1244 3781 1386 3851 ἔχειν
1414 3781 1674 3844 ἐνόπλους
1697 3781 1791 3834 καὶ
1814 3778 2087 3847 ἑτοίμους,

508 3878 594 3929 ἵνα
632 3878 760 3929 ὅταν
802 3877 852 3927 οἱ
892 3875 1041 3943 ψιλοὶ
1077 3875 1145 3927 τὰ
1176 3875 1316 3927 ὅπλα
1361 3872 1674 3938 κενώσωσι,
1725 3871 1846 3923 τότε
1891 3871 2089 3921 ἐκεῖνοι

506 3967 941 4024 ἁντεισέλθωσιν,
977 3966 1070 4018 καὶ
1102 3966 1201 4033 τὴν
1232 3964 1423 4033 χρείαν
1448 3964 1674 4016 ἐκείνων
1700 3962 2015 4015 τελέσωσιν.

584 4065 685 4128 ρη’.
722 4056 938 4124 Ἐπειδὴ
963 4056 1020 4108 δέ
1046 4056 1107 4108 τὸ
1134 4055 1301 4123 πάχος
1323 4056 1421 4123 τῆς
1447 4053 1800 4123 παρατάξεως
1834 4052 1969 4121 πρὸς
1991 4051 2090 4113 τὰς

507 4149 699 4221 χρείας
738 4146 1124 4216 ἐκτεινομένης
1170 4146 1341 4213 αὐτῆς
1382 4145 1472 4196 ἐπὶ
1517 4140 1689 4213 μῆκος
1742 4141 2088 4195 συστέλλεται

509 4242 604 4295 καὶ
632 4240 978 4302 λεπτύνεται,
1005 4238 1125 4291 δέον
1149 4239 1295 4289 ἐστὶν
1324 4236 1398 4305 μὴ
1426 4236 1690 4289 ἐκτείνειν
1712 4233 1813 4303 τὴν
1842 4231 2088 4300 παράτα-

511 4332 590 4397 ξιν
619 4332 893 4395 τοσοῦτον,
928 4330 1070 4382 ὥστε
1107 4330 1297 4382 πᾶσαν
1322 4327 1522 4395 ἀσθενῆ
1555 4327 1650 4379 καὶ
1679 4328 1848 4395 χωρἰς
1890 4324 2089 4393 βάθους

508 4424 763 4490 ποιῆσαι,
791 4423 962 4492 Ιἤγουν
989 4420 1133 4474 κατὰ
1169 4420 1231 4472 τὸ
1262 4420 1453 4488 πάχος,
1488 4416 1825 4487 φοϐούμενον
1858 4418 1956 4479 τὰς
1987 4432 2085 4467 κυ·

2198 3238 2334 3293 acici
2364 3243 2570 3306 partem
2603 3236 2946 3304 perveniant.
2980 3232 3167 3303 Neque
3199 3233 3343 3287 enim
3378 3242 3554 3286 tutum
3589 3241 3692 3295 est,
3731 3240 3789 3285 ut

2197 3330 2404 3382 circum
2433 3343 2491 3380 se
2518 3340 2614 3395 per
2641 3335 2917 3378 extremas
2948 3339 3075 3378 oras
3113 3325 3248 3376 aciei
3282 3325 3587 3393 obliquent,
3622 3333 3674 3375 et
3707 3325 3789 3378 sic

2195 3440 2259 3476 eo
2299 3420 2611 3481 deveniunt,
2659 3425 2716 3469 ιιι
2763 3433 2831 3471 ne
2886 3416 2938 3470 in
2976 3416 3155 3470 medio
3194 3417 3264 3470 ab
3310 3417 3561 3471 hostibus
3618 3415 3792 3469 inter-

2197 3511 2539 3567 venientibus
2581 3508 2940 3578 pcrimantur,
2991 3522 3169 3575 neque
3216 3506 3269 3559 in
3318 3521 3470 3558 arma
3515 3506 3787 3574 gravium,

2194 3606 2421 3661 densata
2452 3603 2565 3672 jam
2613 3608 3009 3668 contractaque
3052 3599 3196 3664 acie,
3244 3598 3549 3652 incidentes
3592 3598 3785 3651 vulne-

2195 3705 2407 3751 rentur.
2540 3726 2543 3729 π
3571 3735 3576 3741 .

2264 3788 2393 3842 107.
2416 3785 2566 3839 Alias
2584 3784 2733 3837 acies
2766 3790 3030 3843 armatas,
3049 3788 3211 3848 atque
3230 3780 3532 3833 instructas
3558 3776 3786 3837 habeas.

2195 3888 2255 3932 ut
2280 3877 2503 3950 quando
2546 3878 2695 3931 leves
2746 3876 2926 3929 omnia
2974 3874 3082 3928 tela
3132 3872 3493 3939 conjceerint,
3547 3878 3659 3922 tum
3695 3862 3790 3920 alii

2193 3970 2443 4041 apparati
2477 3968 2764 4027 accedant,
2797 3976 2851 4019 et
2892 3966 3029 4033 loca‘
3056 3964 3276 4017 illorqu
3309 3964 3584 4031 expleant.

2270 4064 2392 4118 l08.
2435 4062 2668 4126 Quando
2702 4059 2937 4113 altitudo
2989 4056 3149 4117 aciei,
3205 4071 3305 4109 ttsn
3360 4056 3460 4107 hoc
3509 4052 3785 4105 interdum

2199 4156 2532 4226 postulante,
2560 4154 2626 4205 ad
2661 4149 3062 4221 longitudinem
3096 4146 3319 4200 ducitur
3357 4152 3412 4198 et
3442 4151 3785 4204 attenuatur,

2193 4262 2302 4300 non
2329 4259 2576 4311 eousque
2612 4239 2921 4295 diducenda
2954 4238 3100 4291 acies
3133 4245 3239 4299 est,
3275 4244 3333 4289 ut
3368 4235 3627 4289 universa
3665 4233 3787 4286 sine

2195 4338 2304 4391 ulla
2331 4334 2625 4389 altitudine
2661 4330 2955 4387 imbecillis
2985 4330 3103 4392 tiat,
3133 4344 3199 4381 uc
3223 4326 3291 4378 ab
3319 4323 3568 4378 hostibus
3600 4324 3786 4375 statim

2191 4426 2723 4488 circumcludatur;
2781 4421 2941 4475 facile
2988 4420 3137 4473 enim
3183 4417 3470 4483 continget
3529 4414 3583 4467 in
3644 4414 3789 4467 bello

507 4515 758 4576 κλώσεις·
795 4512 1083 4582 σλμϐαίνει
1119 4512 1227 4582 γὰρ
1253 4511 1377 4573 τοὺς
1405 4508 1700 4579 πολεμίους
1728 4509 1866 4578 ταχὺ
1898 4508 2086 4561 διακό-

2198 4515 2529 4572 t-ircntndari
2566 4513 2839 4574 hostibus,
2875 4518 2930 4564 et
2964 4509 3256 4563 transitura
3300 4521 3519 4576 quoque
3545 4520 3641 4573 per
3675 4520 3790 4557 tne-

507 4608 606 4676 ψαι
634 4605 823 4677 αὐτὴν,
857 4604 953 4657 καὶ
987 4604 1157 4657 δίοδον
1190 4602 1440 4671 ποιῆσαι,
1483 4601 1576 4654 καλ⁸
1615 4598 1812 4669 μηκέτι
1850 4598 1958 4651 ἀπὸ
1987 4598 2090 4665 ἒμ-

511 4699 748 4769 προσθεν
782 4696 941 4766 μόνον
977 4696 1220 4763 ἐνεργεῖν
1248 4695 1349 4760 τὴν
1372 4693 1647 4745 κύκλωσιν
1665 4733 1680 4756 ,
1710 4688 1846 4743 ἀλλὰ
1874 4689 1968 4743 καὶ
2006 4690 2094 4742 διὰ

508 4788 603 4842 τοῦ
650 4790 813 4857 μέσου
855 4785 1157 4845 διελθόντας
1203 4782 1310 4834 ἀπὸ
1353 4781 1579 4833 ὖπισθεν
1630 4778 1945 4849 εὑρεθῆναι,
1998 4779 2094 4830 καὶ

508 4880 653 4934 οὕτω
680 4877 905 4946 ποιῆσαι
941 4876 1037 4944 τὴν
1070 4874 1294 4943 βλάϐην.
1331 4873 1502 4925 Τοῦτο
1533 4872 1589 4925 δέ
1627 4871 1710 4924 δεῖ
1739 4871 1828 4923 τὸν
1861 4886 2095 4939 στρατη-

509 4973 604 5040 γὸν
630 4972 703 5041 μὴ
729 4971 886 5037 μόνον
903 4966 1290 5036 φυλαττεσθαι,
1326 4965 1411 5017 ἵνα
1439 4964 1611 5035 πάθῃ,
1637 4962 1772 5016 ἀλλὰ
1797 4964 1891 5015 καὶ
1912 4962 2093 5033 ζητεῖν

511 5068 658 5128 ὅπως
684 5063 925 5117 τοιοῦτον
955 5063 1159 5131 ποιήσῃ
1183 5058 1323 5110 κατὰ
1346 5057 1456 5109 τῶν
1495 5058 1785 5126 πολεμίων.

588 5244 687 5316 ρθ’.
718 5243 887 5297 Πάλιν
919 5242 977 5295 δὲ
1014 5241 1088 5310 μὴ
1116 5238 1290 5300 οὕτως
1333 5235 1617 5288 πυκνῶσαι
1648 5235 1748 5304 τὴν
1782 5233 2095 5302 παράταξιν

516 5340 594 5400 εἰς
629 5337 833 5406 πάχος,
877 5332 1017 5385 ὥστε
1071 5331 1306 5390 εὐκόλως
1354 5327 1653 5388 κυκλώσεις
1691 5327 1886 5378 παθεῖν
1938 5329 2091 5393 παρὰ

512 5429 622 5483 τῶν
644 5427 942 5496 πολεμίων,
982 5423 1118 5475 ἀλλὰ
1169 5419 1380 5489 μᾶλλον
1415 5419 1509 5471 καὶ
1544 5417 1668 5479 τοὺς
1706 5418 1771 5469 ἐκ
1824 5416 2090 5483 πλαγίων·

514 5523 608 5575 καὶ
650 5518 779 5582 τοὺς
834 5518 913 5580 εἰς
946 5516 1008 5569 τὸ
1040 5514 1264 5567 ὄπισθεν
1301 5511 1542 5571 ἑστῶτας
1583 5506 1920 5579 στρατιώτας
1953 5507 2097 5560 κατὰ

514 5616 578 5667 τὸ
613 5614 729 5666 ἴσον
760 5610 983 5664 ὁπλίσαι
1031 5606 1141 5660 τῶν
1191 5603 1590 5676 πρωτοστατῶν
1617 5616 1631 5631 ⁸
1664 5594 1811 5654 οὗτοι
1840 5599 1947 5670 γὰρ
2000 5600 2096 5651 καὶ

513 5704 771 5758 δύνανται
821 5701 917 5767 τὰς
954 5696 1257 5761 κυκλώσεις
1300 5695 1504 5767 ,μᾶλλον
1563 5693 1805 5762 ἁπαντᾷν
1843 5689 1954 5743 τῶν
1994 5707 2092 5743 πο-

514 5794 572 5849 λε
580 5793 736 5860 μίων.

2204 4612 2355 4664 dium
2397 4608 2620 4677 aperiri,
2658 4621 2836 4673 neque
2878 4605 3152 4657 anteriore
3190 4602 3363 4654 solum
3395 4615 3458 4651 ex
3493 4607 3648 4666 parte
3683 4596 3791 4648 cir-

2203 4700 2508 4755 cumveniri
2535 4715 2653 4763 eos,
2693 4699 2786 4752 sed
2837 4698 3002 4750 etiam
3049 4695 3354 4763 irruptionc
3408 4706 3504 4758 per
3549 4687 3787 4741 medium

2206 4794 2369 4853 facta,
2399 4812 2428 4846 ιι
2480 4803 2630 4858 tergo
2679 4790 2804 4847 illus
2852 4798 3165 4842 nostrarum
3212 4784 3491 4849 copiarum
3528 4780 3786 4840 inveniri,

2205 4898 2367 4955 atque
2414 4884 2549 4937 adeo
2581 4897 2836 4951 magnum
2880 4882 3138 4931 damnum
3184 4874 3433 4927 hostibus
3473 4870 3677 4924 nostris
3705 4871 3787 4921 in-

2206 4976 2371 5031 ferre.
2412 4976 2529 5028 Hoc
2582 4982 2762 5028 autem
2796 4972 3091 5038 imperator
3145 4966 3438 5033 diligenter
3490 4963 3784 5025 laborabit,

2204 5085 2314 5123 non
2355 5067 2519 5121 modo
2571 5076 2630 5119 ut
2671 5062 2910 5121 devitet.
2966 5058 3063 5115 sed
3102 5057 3264 5113 etiam
3322 5064 3381 5109 ut
3428 5060 3644 5126 quaerat
3680 5054 3788 5107 tale

2204 5160 2411 5228 aliquid
2444 5157 2709 5211 adversus
2737 5155 2927 5207 hostes
2962 5150 3160 5204 moliri.

2278 5251 2401 5304 109.
2454 5248 2643 5317 Neque
2678 5261 2805 5300 vero
2850 5244 2931 5300 sic
2963 5244 3135 5298 aciem
3168 5251 3311 5295 tuam
3353 5238 3406 5292 in
3439 5235 3784 5291 altitudini-nt

2204 5342 2425 5401 denses,
2466 5349 2524 5393 ut
2564 5337 2724 5391 facile
2772 5335 2841 5391 ab
2891 5333 3145 5389 hostibus
3174 5331 3660 5389 circumveniatur,
3689 5324 3784 5379 sed

2206 5432 2407 5487 milites
2461 5431 2527 5484 ad
2584 5430 2752 5494 latus,
2811 5436 2977 5497 atque
3008 5441 3038 5479 a
3076 5435 3227 5495 tergo
3268 5430 3500 5484 stantes,
3544 5433 3696 5487 reque
3719 5433 3786 5471 ac

2207 5525 2475 5597 prastites
2507 5521 2785 5587 armabis;
2822 5520 2894 5573 ita
2930 5517 3074 5572 enim
3118 5523 3373 5585 poterunt
3403 5512 3645 5567 hostium
3674 5509 3784 5563 cir-

2205 5615 2575 5674 cutm'eutioui
2608 5614 2778 5686 magis
2808 5612 3024 5669 obviam
3056 5612 3153 5665 ire.
