4090 6498
415 405 518 471 891

419 623 589 662 unum
622 607 675 661 in
704 609 890 676 plures
920 617 1106 676 partes
1137 610 1417 672 diviseris.
1452 620 1506 665 et
1550 628 2000 683 unamquamque

421 709 629 765 partem
683 698 1103 767 prazparaveris,
1144 707 1204 754 ut
1256 702 1440 756 scalas
1494 702 1561 756 ad
1617 718 1809 759 muros
1844 704 2001 759 adhi-

418 786 602 849 beant,
635 787 843 854 optime
869 786 1109 853 feceris;
1148 789 1389 861 undique
1419 791 1564 845 enim
1598 807 1722 846 cum
1757 792 2000 863 irruptio

417 872 895 937 inobsessosliat,
961 876 1016 929 in
1078 892 1332 948 magnam
1396 880 1735 934 anxietatem
1786 882 2000 936 animo.

416 980 648 1036 rumque
683 968 1160 1035 perturbationem
1196 972 1601 1042 conjiciuntur,
1635 981 1865 1041 tumque
1898 989 1999 1043 po-

416 1059 690 1111 tissimum
722 1076 848 1112 cum
882 1071 1080 1128 praeter
1109 1064 1287 1118 scalas
1321 1065 1455 1119 alias
1517 1080 1740 1133 quoque
1785 1066 1996 1120 machi-

415 1150 669 1204 nationes
697 1151 1043 1218 adhibueris,
1088 1164 1150 1206 ut
1183 1157 1406 1220 arietes,
1434 1158 1766 1222 testudines,
1791 1165 1995 1222 turres,

412 1251 465 1293 et
496 1241 540 1293 si
584 1242 730 1310 quod
769 1254 1031 1306 praeterea
1066 1246 1418 1302 obsidionale
1447 1250 1878 1301 instrumentum
1914 1248 1999 1302 lu-

412 1332 521 1385 erit
583 1334 674 1386 :si
740 1336 885 1387 enim
946 1336 1113 1389 simul
1169 1337 1605 1392 machinationes
1658 1339 1995 1408 adjunxeris,

412 1434 468 1478 et
511 1426 695 1478 scalas
732 1441 953 1496 quoque
987 1429 1053 1481 ad
1114 1446 1303 1483 imrros
1358 1430 1684 1495 adduxeris,
1736 1432 1884 1485 omni
1913 1446 1997 1497 ex

413 1526 592 1587 parte,
626 1519 718 1586 qui
757 1518 907 1572 intus
959 1520 1173 1574 obsessi
1227 1530 1355 1575 sunt
1416 1514 1895 1599 sollicitabuntur;
1950 1522 1995 1576 si

414 1610 563 1661 enim
606 1611 951 1679 reliquorum
1000 1628 1286 1665 iuurorum
1340 1622 1525 1683 partes
1576 1614 1875 1683 negligant,
1940 1621 1998 1668 et

414 1701 680 1755 adversus
748 1704 1188 1760 machinationes
1259 1720 1320 1758 se
1357 1713 1501 1757 totos
1552 1708 1863 1767 conferant,
1902 1705 1996 1773 qui

417 1788 598 1842 scalas
628 1787 914 1854 adhibent,
952 1791 1168 1843 neruiue
1207 1791 1477 1844 violenter
1508 1792 1862 1859 impediente,
1911 1793 1995 1844 t'a-

1687 409 1963 471 LEONIS
1991 410 2424 474 PHILOSOPH
2433 412 2457 472 Ι

458 522 460 525 '
498 517 582 569 t9.
615 514 672 568 Si
703 517 1008 569 exercitum
1038 526 1189 570 tuum
1247 516 1447 574 fortem
1500 518 1708 585 adhuc,
1764 532 1818 575 et
1860 533 2002 577 stre-
2035 530 2081 585 Α

2186 522 2269 578 ιὺ⁸.
2313 524 2441 578 Ἐὰν
2508 524 2566 577 δὲ
2621 526 2994 600 ἀνδρειότερον
3049 530 3387 605 διακείμενος
3425 534 3687 611 κελευσῃς

2108 616 2527 687 διαμερισθῆναι
2580 619 2661 682 εἰς
2712 619 2881 674 πολλὰ
2936 623 3079 693 μέρη
3141 627 3230 679 τὸν
3302 631 3553 699 στρατὸν,
3590 634 3687 685 καὶ

2108 704 2338 760 ἕκαστον
2391 708 2559 777 μέρος
2605 714 2938 783 προσφέρειν
2993 717 3199 780 σκάλας
3241 721 3322 781 εἰς
3371 721 3432 773 τὸ
3486 726 3683 793 τεῖχος,

2110 800 2355 866 κρεῖττον
2372 802 2638 870 ποιήσεις⁸
2668 806 2726 855 ἐν
2742 803 2927 875 κύκλῳ
2953 808 3060 879 γὰρ
3077 811 3368 881 γινομένης
3395 813 3495 883 τῆς
3518 831 3689 884 προσ·

2108 890 2270 959 ϐολῆς
2290 892 2427 961 ὁμοῦ
2454 896 2532 956 εἰς
2558 896 2873 965 ἀμηχανίαν
2899 901 2994 951 καὶ
3039 902 3332 973 ὀλιγωρίαν
3368 907 3420 958 οι
3467 907 3687 978 πολιορι⁵

2108 983 2362 1053 κούμενοι
2400 986 2787 1055 ἐμπεσοῦνται.
2816 991 3070 1046 Μάλιστα
3091 995 3222 1048 ὅταν
3246 997 3383 1065 μετὰ
3406 998 3515 1050 τῶν
3549 1016 3682 1052 σκα-

2106 1070 2214 1122 λὼν
2269 1073 2362 1125 καὶ
2410 1073 2477 1126 τὰ
2527 1074 2691 1144 ἔτερα
2738 1082 3111 1150 μηχανήμανα
3154 1086 3523 1158 προσϐάλλῃς,
3569 1085 3687 1143 οἷον

2107 1164 2318 1232 κριοὺς,
2357 1161 2389 1233 ἢ
2419 1165 2679 1235 χελώνας,
2711 1167 2743 1237 ἢ
2778 1169 3045 1239 πύργους,
3082 1174 3114 1244 ἢ
3166 1174 3357 1245 ἕτερόν
3384 1195 3438 1230 τι
3468 1180 3689 1251 πολιορ-

2108 1256 2331 1323 κητικον
2362 1257 2611 1325 δργανον.
2631 1256 2757 1314 Ἐἀν
2794 1264 2901 1330 γὰρ
2930 1264 3067 1333 ὁμοῦ
3092 1268 3185 1319 καὶ
3218 1268 3285 1320 τὰ
3318 1273 3689 1341 μηχανήματα

2108 1346 2444 1416 προσφέρῃς,
2476 1348 2571 1400 καὶ
2614 1350 2712 1413 τὰς
2762 1353 2965 1416 σκάλας
2996 1358 3074 1418 εἰς
3131 1360 3310 1427 τεῖχος
3358 1364 3681 1435 ἐπιστήσῃς,

2106 1438 2191 1493 διὰ
2218 1439 2431 1493 πολλῶν
2462 1442 2647 1510 μερῶν
2683 1449 3220 1518 συνταραχοήσονται
3256 1453 3305 1505 οἱ
3332 1455 3502 1517 ἐντός.
3544 1458 3607 1509 Et
3626 1474 3686 1511 τε

2105 1530 2216 1599 γὰρ
2239 1530 2617 1599 ἀμελήσαντες
2665 1535 2774 1587 τῶν
2822 1537 2998 1591 ἀλλων
3040 1542 3223 1613 μερῶν
3248 1544 3345 1597 τοῦ
3376 1546 3586 1617 τείχους
3609 1552 3690 1614 εἰς

2104 1625 2203 1687 τὰς
2227 1627 2705 1698 προσϐαλλομὲνας
2760 1634 3009 1702 μηχανὰς
3036 1637 3429 1708 ἀντιμάχονται
3447 1643 3683 1706 πάντως,

2104 1717 2151 1767 οἱ
2178 1717 2277 1779 τὰς
2310 1719 2517 1782 σκάλας
2557 1724 2961 1792 προσφέροντες
3001 1728 3229 1796 μηδενὸς
3278 1731 3690 1797 ἀποκωλύοντος

2106 1804 2297 1874 βιαίως
2331 1809 2565 1871 εὐκόλως
2598 1810 2695 1862 ἐπὶ
2721 1811 2782 1863 τὸ
2821 1815 3004 1881 τεῖχος
3055 1816 3427 1887 ἀναϐήσονται
3449 1837 3465 1850 θ
3495 1820 3598 1873 κάν
3626 1837 3689 1873 τε

412 1876 519 1929 cile
566 1894 786 1932 murum
821 1882 1200 1935 conscenderit
1248 1884 1385 1937 :sin
1437 1883 1503 1935 ad
1558 1884 1741 1937 scalas
1789 1884 1999 1937 machi-

2110 1896 2492 1966 Βιαμερίζωσιν
2546 1901 2773 1964 ἑαυτοὺς
2817 1905 2959 1956 κατά
3007 1905 3115 1957 τῶν
3145 1912 3561 1980 προσφερόντων
3589 1911 3689 1975 τὰς

414 1966 779 2041 nationesque
819 1971 1192 2042 impediendas
1243 1989 1303 2028 se
1350 1976 1665 2038 diviserint,
1721 1984 1835 2029 tum
1898 1977 1993 2045 qui

411 2057 779 2113 obsidionalia
815 2062 1183 2117 instrumenta
1218 2064 1505 2132 adhibent,
1541 2069 1993 2137 impetuosiorcs,

412 2156 463 2200 et
506 2150 1216 2210 vehementioresiusullus
1278 2156 1506 2220 iaciunt,
1542 2175 1722 2226 neque
1782 2159 1993 2215 obsessi

412 2252 673 2310 poterunt
715 2254 1006 2317 utrumque
1040 2248 1303 2316 impetum
1343 2251 1507 2305 facile
1541 2250 1849 2306 declinare.

483 2439 573 2493 20.
626 2437 757 2507 Qum
809 2440 1122 2496 ﬁrmissima
1176 2460 1320 2512 same
1355 2443 1609 2499 videntur
1654 2445 1795 2510 loca,
1846 2453 1900 2497 et
1931 2446 1997 2501 ad

414 2533 739 2600 eapiendum
792 2536 1131 2596 dillimllima,
1187 2553 1382 2604 magna
1416 2553 1582 2604 sznpe,
1618 2547 1679 2590 ut
1710 2537 2002 2605 capiantur

408 2624 653 2678 subsidia
704 2625 952 2681 aﬂerent.
996 2626 1130 2680 Nam
1167 2644 1257 2696 qui
1297 2630 1514 2681 obsessi
1572 2638 1725 2693 sunt,
1775 2639 1999 2699 propter

410 2706 720 2781 opinionem
751 2716 1043 2787 (piatudam
1080 2717 1359 2770 fit-usitatis
1404 2732 1470 2770 ac
1518 2718 1857 2779 stabilitatis.
1895 2721 1999 2774 hu-

405 2802 651 2871 jusmodi
680 2806 796 2857 loca
830 2805 952 2858 sine
979 2806 1088 2858 ulla
1122 2808 1733 2876 custodiarelinquunt.
1754 2808 1834 2864 Tn
1871 2826 1999 2865 vero

412 2896 632 2948 solertia
659 2903 771 2956 tua.
816 2896 1199 2966 laboriosaque
1231 2897 1499 2952 industria
1538 2900 1850 2967 hujusmmli
1881 2903 1996 2957 loca

410 2983 878 3049 animadvertens,
910 2987 1371 3041 machinationem
1417 2997 1470 3045 et
1514 2990 1811 3043 artitieium
1839 2991 2000 3047 facile

413 3076 661 3130 invenies
692 3076 759 3129 ad
799 3076 1110 3147 hujusmodi
1163 3080 1280 3132 loca
1321 3082 1565 3147 neglecta
1596 3084 1880 3150 capienda,
1916 3083 2000 3141 vel

414 3166 580 3221 scalis
615 3167 981 3237 quibusdam.
1020 3169 1103 3223 vel
1141 3170 1323 3239 aliqua
1367 3173 1602 3225 violenta
1645 3175 1996 3238 ascensione,

2100 1991 2327 2054 σκάλας,
2360 1993 2483 2044 τότε
2519 1994 2567 2045 οἱ
2616 1994 2715 2057 τὰς
2762 1996 3010 2065 μηχανὰς
3058 2001 3431 2067 προσάγοντες
3454 2002 3566 2055 τῶν
3594 2004 3689 2073 όρ-

2100 2085 2282 2150 γάνων
2318 2086 2681 2155 σφοδροτέρας
2733 2087 2918 2151 αὐτοῖς
2975 2092 3245 2160 ποιήσωσι
3276 2092 3376 2155 τὰς
3409 2093 3687 2156 ἐπιθέσεις

2100 2175 2196 2226 καὶ
2228 2175 2288 2226 οὐ
2311 2175 2629 2246 δυνήσονται
2650 2177 2715 2229 τὰ
2746 2179 3121 2247 ἐπιφερόμενα
3148 2182 3295 2233 κακά
3323 2182 3411 2234 διὰ
3429 2183 3539 2235 τῶν
3580 2184 3689 2253 ἅμα

2104 2263 2348 2331 φοτέρων
2374 2265 2482 2317 τῶν
2522 2267 2838 2336 προσϐολῶν
2873 2269 3341 2340 ἀποκρούσασθαι.
3422 2308 3423 2311 η

2173 2447 2243 2496 κ’.
2286 2421 2551 2505 Πολλάκις
2582 2444 2638 2496 δὲ
2668 2446 2761 2496 ἐπὶ
2788 2446 2889 2514 τῆς
2919 2445 3237 2517 πολιορκίας
3260 2451 3309 2502 οἱ
3336 2450 3687 2520 νομιζόμενοι

2103 2533 2439 2603 όγυρώτατοι
2472 2538 2566 2587 καὶ
2596 2537 2944 2606 ἀνεπινόητοι
2977 2540 3113 2608 πρὸς
3141 2540 3344 2595 ἅλωσιν
3372 2543 3527 2594 τόποι
3556 2543 3693 2612 μᾶλ-

2106 2622 2197 2676 λον
2228 2626 2483 2696 ἀφορμάς
2513 2644 2595 2679 σοι
2628 2627 2957 2697 παρέξουσιν
2985 2628 3242 2694 ἁλώσεως
3261 2648 3276 2662 ·
3323 2633 3374 2684 οἱ
3404 2632 3515 2702 γὰρ
3542 2634 3692 2697 ἐντὸς

2106 2714 2195 2767 διὰ
2243 2714 2341 2785 τὴν
2384 2713 2650 2769 δοκοῦσαν
2689 2718 2991 2789 ὀχυρότητα
3034 2722 3161 2783 τοὺς
3193 2720 3465 2784 τοιούτους
3493 2721 3695 2786 τόπους

2105 2803 2454 2870 ἀφυλάκτους
2500 2805 3024 2874 καταλιμπάτουσιν.
3078 2805 3151 2860 Σὺ
3186 2808 3272 2873 δὲ,
3321 2810 3410 2864 διὰ
3460 2811 3561 2878 τῆς
3593 2812 3694 2880 σῆς

2107 2893 2351 2956 ἐπινοίας
2403 2894 2499 2946 καὶ
2540 2894 2641 2960 τῆς
2682 2895 2944 2947 ἐπιπόνου
2973 2896 3237 2966 ἐργασίας
3264 2899 3392 2961 τοὺς
3422 2898 3694 2962 τοιούτους

2108 2982 2566 3053 κατανοῶν,τάχα
2591 2985 2839 3055 μηχανὴν
2864 2987 3122 3056 εὑρήσεις
3148 2987 3476 3040 καταλαϐεῖν
3495 2990 3695 3052 αὐτοὺς

2109 3076 2456 3144 ἀφυλάκτους
2505 3077 2665 3139 ὄντας
2686 3120 2699 3137 ,
2750 3078 2783 3148 ἦ
2830 3077 2917 3130 διὰ
2951 3078 3167 3131 συλῶν
3198 3080 3624 3145 ἀναϐαινόντων,
3658 3079 3695 3150 ἦ

2106 3163 2193 3217 διά
2228 3182 2371 3227 τινος
2409 3166 2587 3234 βιαίας
2618 3167 2937 3239 ἀναϐάσεως
2968 3168 3249 3238 εὐτόλμων
3273 3169 3484 3240 ἀνδρῶν
3515 3173 3693 3238 ὲπαγυ

416 3258 723 3311 audacibus
741 3258 871 3312 viris
898 3274 963 3313 eo
995 3261 1464 3327 pervenientibus,
1482 3268 1535 3313 et
1563 3279 1849 3317 uulnerum
1870 3264 2000 3332 ιιι-οι

2110 3255 2297 3322 γελίας
2342 3255 2621 3309 λαϐόντων
2650 3256 2873 3325 δωρεῶν
2909 3259 3004 3311 καὶ
3032 3258 3229 3327 τιμῶν.
3276 3260 3558 3313 Ἐντεῦθεν
3586 3263 3697 3331 γάρ

417 3349 682 3402 missione
710 3349 775 3401 ad
811 3350 862 3403 id
902 3350 1211 3405 faciendum
1258 3355 1575 3420 protractis.
1611 3354 1714 3407 Ubi
1759 3356 1905 3408 enim
1934 3356 2002 3411 de

417 3441 717 3510 improviso
748 3453 982 3494 cernunt
1010 3444 1137 3497 talia
1170 3446 1285 3498 loca
1315 3456 1579 3513 occupata
1607 3460 1752 3505 esse,
1783 3446 2001 3501 animos

413 3533 525 3599 jam
561 3532 860 3599 dimittent,
902 3542 957 3587 et
996 3536 1165 3589 artuis
1197 3535 1427 3602 abiectis
1452 3576 1466 3597 ,
1504 3538 1586 3590 vel
1632 3537 1863 3591 salutem
1906 3555 2003 3607 pe-

417 3633 555 3687 teut,
612 3624 694 3680 vel
746 3628 1001 3696 protinus
1042 3631 1404 3695 periiuentur.
1450 3629 1554 3695 Qui
1602 3632 1747 3684 enim
1782 3648 1877 3700 per
1905 3635 2003 3689 bas

409 3697 762 3771 Idillicultates
813 3720 1057 3773 locorum
1111 3738 1327 3774 inurum
1376 3724 1859 3783 conscenderunt.
1918 3726 2002 3777 vel

419 3810 551 3862 tuba
594 3819 813 3874 canent,
861 3820 915 3865 et
960 3823 1223 3867 terrorem
1272 3815 1570 3867 maximum
1602 3814 1844 3869 obsessis
1897 3814 2001 3869 hoc

419 3903 732 3960 videntibus
786 3905 1053 3971 aﬂ'erent,
1114 3908 1195 3962 vel
1254 3918 1541 3977 postquam
1592 3909 1823 3979 ingressi
1876 3919 2005 3965 sunt

418 3993 781 4061 descendent,
837 4007 1138 4067 portasque
1195 3999 1484 4063 militibus,
1538 4001 1630 4069 qui
1682 4001 1815 4055 foris
1876 4009 2005 4055 sunt

418 4085 690 4153 aperient.
727 4088 812 4141 vel
846 4088 969 4144 aliis
1007 4088 1336 4158 quihusdam
1374 4089 1791 4157 irinlitionibus,
1832 4102 1893 4143 ut
1921 4091 2005 4145 ci-

418 4178 583 4241 vitas,
609 4187 704 4233 aut
734 4182 1027 4236 castellum
1055 4182 1311 4251 rapiatur
1337 4182 1594 4237 eﬂicient.

488 4270 583 4324 2i.
612 4270 669 4326 Si
704 4273 922 4339 civitas,
950 4284 1047 4326 aut
1076 4276 1383 4341 castellum,
1431 4291 1689 4347 magnum
1712 4293 2002 4333 numerum

421 4364 667 4423 virorum
710 4367 986 4430 habuerit,
1015 4370 1370 4440 audeantque
1411 4370 1489 4423 illi
1527 4370 1595 4425 iis
1626 4371 1718 4439 qui
1771 4371 2006 4440 ingressi

421 4468 552 4520 sunt
590 4458 806 4515 obviam
864 4457 966 4525 ire,
1019 4469 1072 4514 et
1107 4473 1428 4524 occurrere,
1459 4460 1654 4512 altiora
1697 4467 1863 4529 atque
1898 4461 2010 4513 edi-

2110 3348 2173 3401 ἐκ
2220 3347 2317 3399 τοῦ
2363 3348 2786 3418 ἀπροσδοκήτου
2836 3348 3217 3420 θεωρήσαντες
3267 3353 3318 3404 oi
3367 3351 3517 3415 ὲντδς
3568 3354 3700 3415 τοὺς

2108 3437 2385 3499 τοιούτους
2413 3438 2611 3501 τόπους
2639 3438 3091 3507 καταληφθέντας
3120 3441 3567 3506 ἀποπαύσονται,
3603 3443 3700 3497 καὶ

2108 3529 2249 3582 ὅπλα
2285 3528 2575 3598 ῥίψαντες,
2625 3529 2658 3597 ἢ
2701 3530 2990 3600 αἰτήσουσι
3025 3532 3126 3600 τὴν
3158 3532 3455 3601 σωτηρίαν,
3489 3534 3523 3604 ἢ
3557 3535 3700 3587 κατά

2111 3621 2310 3689 κράτος
2337 3619 2823 3690 διαφθαρήσονται.
2859 3623 2922 3674 Oi
2950 3622 3058 3693 γὰρ
3083 3621 3386 3687 ἀναϐάντες
3409 3627 3490 3688 είς
3509 3626 3570 3677 τδ
3590 3627 3700 3678 τετ-

2110 3728 2204 3780 χος
2234 3710 2321 3763 διὰ
2337 3711 2439 3780 τῆς
2463 3711 2783 3783 δυσχερείας
2807 3714 3025 3784 ἐκείνης
3054 3713 3087 3784 ἢ
3122 3716 3465 3777 σαλπίσουσι,
3484 3720 3580 3770 καὶ
3606 3716 3702 3785 φό·

2111 3802 2204 3855 ϐον
2234 3803 2599 3873 ὲμποιήσουσι
2632 3802 2894 3872 μέγιστον
2923 3802 3236 3873 δμαθέντες,
3270 3807 3304 3876 ἢ
3333 3807 3701 3879 διαδραμών-

2108 3910 2200 3947 ται
2251 3894 2392 3948 κατά
2436 3895 2498 3947 τὸ
2543 3894 2839 3958 εἰσελθεῖν,
2892 3898 2990 3948 καὶ
3029 3896 3130 3960 τάς
3159 3898 3367 3968 πόρτας
3392 3899 3701 3965 ἀνοίξουσιν

2109 3986 2157 4038 εἰ
2204 3985 2356 4055 τύχοι
2401 3989 2513 4049 τοῖς
2552 3986 2661 4050 ἔξω
2698 3987 3083 4058 στρατιώταις,
3115 3991 3153 4061 ἢ
3179 3989 3268 4044 διά
3297 4008 3462 4044 τινων
3490 3992 3696 4060 ἑτέρων

2108 4076 2363 4129 ἐπινοιῶν
2396 4075 2496 4146 τὴν
2526 4075 2730 4130 ἅλωσιν
2758 4076 2859 4146 τῆς
2886 4078 3097 4141 πόλεως
3135 4074 3167 4145 ἦ
3196 4078 3289 4131 τοῦ
3315 4081 3556 4150 κάστρου
3581 4079 3699 4133 διά·

2110 4167 2389 4236 θήσουσιν.
3382 4154 3385 4159 Δ

2183 4266 2289 4316 κα’.
2329 4260 2392 4313 Εἰ
2421 4259 2477 4315 δὲ
2509 4259 2571 4312 τὺ
2597 4259 2839 4330 κάστρον
2865 4260 2898 4331 ἢ
2931 4261 2961 4330 ἡ
2992 4260 3145 4322 πόλις
3176 4260 3378 4330 πλῆθος
3399 4261 3513 4331 ἔχει
3542 4259 3697 4319 λαοῦ.

2110 4351 2211 4405 καὶ
2235 4351 2490 4421 δύναμιν,
2524 4352 2617 4404 καὶ
2640 4351 2915 4419 τολμῶσιν
2937 4352 3362 4414 ὑπαντιάζοντες
3387 4351 3701 4419 ἀμύνασθαι

2112 4444 2238 4504 τοὺς
2267 4443 2636 4507 εἰσελθόντας,
2675 4443 2755 4497 δεῖ
2798 4444 2997 4505 αὐτοὺς
3039 4445 3167 4507 τοὺς
3198 4444 3582 4513 ὑψηλωτέρους
3607 4444 3703 4495 τό-

423 4554 563 4612 tiora
616 4552 735 4606 loca
779 4553 1173 4615 conscendant,
1203 4553 1287 4605 vel
1334 4565 1515 4604 arcem
1555 4551 1730 4619 ipsam
1763 4551 2004 4607 civitatis

2114 4552 2251 4597 πους
2301 4534 2667 4599 καταλαϐεῖν,
2721 4534 2754 4605 ἢ
2805 4536 2874 4588 τὰ
2936 4535 3084 4604 ἄκρα
3151 4538 3252 4605 τῆς
3314 4536 3552 4600 πόλεως,
3605 4540 3702 4590 καὶ

423 4653 714 4715 occupent,
750 4644 987 4715 indeque
1017 4658 1430 4719 propugnantes
1450 4680 1467 4706 ν
1500 4643 1603 4697 hos
1628 4642 1723 4713 qui
1769 4644 2004 4715 ingressi

426 4747 557 4792 sunt
586 4739 784 4792 iterum
824 4738 1109 4805 repellant.

498 4828 589 4882 ἓξ.
640 4828 1075 4883 Prnclamabunt
1123 4828 1333 4891 statim,
1369 4835 1433 4881 ut.
1469 4842 1632 4881 nemo
1678 4841 2008 4896 quemquam

428 4938 579 4975 arma
626 4938 735 4975 non
786 4922 1079 4976 habentem
1118 4922 1435 4983 interﬁciat,
1481 4921 1577 4975 sed
1609 4923 1758 4975 solos
1789 4936 1884 4975 eos
1915 4920 2007 4990 qui

429 5029 580 5066 arma
614 5022 851 5082 gestant.
878 5014 1029 5068 lianc
1063 5024 1244 5069 autem
1271 5029 1381 5068 rem
1416 5013 1633 5065 illormn
1673 5013 1855 5082 lingua
1887 5027 2013 5080 pro-

430 5104 699 5159 clamabis
736 5118 750 5157 :
791 5105 891 5159 hoc
947 5106 1093 5158 enim
1141 5105 1363 5169 audito,
1419 5103 1804 5173 unusquisque
1849 5102 2013 5157 saluti

430 5208 545 5255 suae
570 5193 888 5255 consulens,
917 5196 972 5248 in
1005 5196 1127 5265 ipso
1158 5196 1413 5258 terroris,
1440 5193 1782 5264 periculique
1807 5201 2014 5263 puncto

431 5300 584 5344 arma
615 5285 898 5355 abjicient.
924 5286 1131 5341 Horum
1155 5288 1532 5342 resistentium
1564 5302 1830 5341 numerus
1885 5300 2012 5340 cum

433 5380 727 5444 minuitur,
759 5380 1084 5436 obsessores
1116 5382 1342 5434 omnino
1374 5382 1615 5436 victores
1644 5386 1809 5436 erunt
1845 5396 1861 5433 :
1914 5378 2013 5433 obo

432 5475 572 5541 sessi
598 5484 777 5527 autem
808 5472 875 5527 ad
904 5473 1050 5527 hunc
1082 5474 1299 5528 modum
1325 5473 1634 5543 intercepti,
1671 5471 1763 5526 ubi
1795 5485 2018 5541 parvam

433 5568 630 5633 salutis
666 5581 818 5637 spem
850 5566 1119 5637 reliquam
1166 5566 1424 5631 habeant,
1457 5565 1730 5637 supplices
1759 5566 2018 5620 obsesso-

438 5673 562 5719 rum
589 5658 880 5721 confestim
913 5659 1071 5712 ﬁunt.
1910 5670 1923 5675 "

510 5748 605 5800 9'5.
632 5748 687 5803 Si
719 5748 978 5801 diuturna
1012 5746 1180 5803 fuerit
1206 5748 1443 5811 obsidio,
1478 5756 1533 5803 et
1563 5747 1831 5819 quosdam
1869 5754 2023 5801 extra

445 5834 721 5893 βὶγὶιιιιριη
757 5837 967 5912 ceperis
1016 5836 1271 5894 ﬂorentes
1301 5844 1459 5893 :ctatc
1492 5836 1744 5905 juvenes,
1779 5832 1923 5904 apud
1949 5840 2024 5899 te,

2117 4624 2330 4680 ἐκεῖθεν
2387 4624 2765 4695 πολεμοῦντας
2831 4626 3083 4680 κακῶσαι
3138 4628 3265 4690 τοὺς
3314 4628 3373 4678 ὲν
3425 4630 3491 4697 τῇ
3546 4628 3701 4680 πόλει

2115 4717 2362 4779 ἁλόντας.

2185 4809 2293 4879 κβ’.
2349 4807 2664 4879 Κηρύξουσι
2706 4808 2763 4862 δὲ
2805 4808 2960 4875 τότε,
3016 4811 3102 4864 ἵνα
3156 4808 3343 4879 μηδεὶς
3390 4809 3575 4880 κτείνῃ
3611 4809 3701 4862 τὸν

2120 4901 2196 4974 μὴ
2240 4902 2438 4972 ἔχοντα
2486 4897 2689 4965 ὅπλον,
2744 4902 2940 4970 μόνους
2969 4901 3028 4954 δὲ
3057 4901 3291 4954 κτείνειν
3321 4901 3450 4963 τοὺς
3471 4903 3539 4953 τὰ
3563 4901 3705 4953 ὅπλα

2118 4997 2407 5066 φέροντας.
2466 4992 2688 5063 Ταύτην
2734 4994 2791 5046 δὲ
2838 4992 2939 5064 τήν
2985 4994 3169 5063 φωνὴν
3218 4992 3587 5063 κηρύττεσθαι
3634 4994 3703 5063 τῇ

2115 5091 2225 5144 τῶν
2251 5089 2486 5143 πολιτῶν
2510 5090 2775 5159 διαλέκτῳ
2802 5088 3035 5153 ἕκαστος
3060 5090 3169 5159 γὰρ
3195 5090 3456 5153 ἀκούσας,
3486 5088 3703 5157 καὶτῆς

2120 5182 2259 5245 ἰδίας
2303 5180 2701 5254 προνοούμενος
2743 5179 3020 5251 σωτηρίας
3040 5220 3055 5242 ,
3109 5181 3169 5233 ἐν
3200 5181 3266 5249 τῇ
3296 5180 3450 5249 ἀκμῇ
3480 5176 3577 5231 τοῦ
3602 5179 3701 5245 φό-

2119 5275 2216 5329 ϐου
2266 5274 2562 5345 ἀπορρίψει
2608 5273 2677 5327 τὰ
2713 5272 2884 5340 ὅπλα,
2930 5273 3025 5324 καὶ
3057 5271 3562 5342 ἀντιπολεμούντων
3593 5271 3705 5324 am.

2118 5367 2403 5439 γουμένων
2437 5368 2582 5421 κατά
2607 5367 2808 5437 κράτος
2840 5365 2890 5417 oi
2917 5363 3334 5435 πολιορκοῦντες
3364 5366 3703 5433 νικήσουσιν.

2123 5463 2185 5514 Οἱ
2214 5460 2323 5530 γὰρ
2353 5458 2824 5530 πολιορκούμενοι,
2861 5458 2956 5511 καὶ
2985 5456 3157 5520 οὓτως
3181 5456 3553 5525 ἁλισκόμενοι,
3578 5456 3709 5509 ὅταν

2126 5552 2330 5622 μικρὰν
2351 5551 2539 5604 ἐλπίδα
2567 5549 2669 5619 τῆς
2694 5549 2969 5621 σωτηρίας
2998 5548 3260 5615 λάϐωσιν,
3290 5546 3499 5600 οἰκέται
3524 5546 3711 5599 λοιπὸν

2123 5646 2245 5699 ἀντὶ
2274 5642 2554 5712 πολεμίων
2581 5642 2845 5710 γίνονται.

2198 5731 2309 5802 κγ’.
2348 5733 2412 5784 Ei
2442 5732 2729 5803 ὃὲχρόνιος
2756 5732 2983 5803 γένηται
3016 5734 3050 5804 ἠ
3083 5731 3368 5804 πολιορκία
3403 5731 3497 5783 καὶ
3526 5728 3711 5801 συμϐῇ

2135 5826 2418 5885 συλλαϐεῖν
2448 5826 2505 5881 σέ
2537 5843 2687 5889 τινας
2720 5825 2824 5890 ἔξω
2855 5827 2953 5898 τῆς
2978 5826 3207 5891 πόλεως,
3246 5825 3373 5889 τοὺς
3406 5823 3505 5894 μὲν
3528 5821 3706 5887 ἀκμά-
