4090 6474
383 992 404 1044 lt

441 350 549 412 835

1709 339 1905 399 LEON
1914 340 1937 397 Ι
1946 339 1985 397 S
2009 338 2111 398 PH
2123 338 2473 399 [LOSOE’HI

3612 339 3718 404 896

439 469 563 521 cura,
612 456 694 512 vel
727 457 924 513 erectis
955 453 1202 508 trabibus
1251 451 1544 522 imposita,
1575 458 1627 503 et
1663 449 1800 502 rotis
1838 447 2002 503 comi-

2116 442 2148 513 ῆ
2204 446 2261 497 ὲν
2307 446 2487 516 ὀρθοῖς
2533 444 2709 509 ξύλοις
2760 442 3153 513 ἐπικείμεναι,
3216 444 3308 497 καὶ
3359 443 3445 498 διὰ
3498 448 3716 516 τροχῶν

442 569 547 607 nus
576 551 876 621 applicatze.

511 646 600 698 '55.
634 641 880 697 Cuniculi
929 639 1063 692 foris
1106 652 1134 691 a
1185 652 1343 691 muro
1377 637 1534 704 longe
1578 636 1759 691 absint
1802 652 1816 690 :
1870 636 2020 693 intus

440 746 619 788 autem
672 749 765 802 per
796 731 1150 785 fundamenta
1198 744 1483 783 murorum
1523 729 1776 799 ingressi,
1826 739 1880 782 et
1913 740 2022 783 ter-

439 842 554 880 ram
601 834 763 879 etiam
806 824 947 877 intra
997 822 1272 876 civitatein
1326 820 1629 891 perforent,
1681 820 1727 876 si
1764 820 2015 889 inarquali

439 920 558 972 loco
593 920 698 972 sita
727 932 790 970 ea
828 917 921 969 sit.

507 1012 595 1064 54.
629 1012 807 1079 Atque
838 1020 894 1063 ut
940 1007 1129 1077 paucis
1165 1006 1343 1060 dicam
1376 1022 1390 1059 :
1417 1005 1535 1058 alite
1567 1011 1696 1058 sunt
1740 1002 2019 1056 machina-

437 1106 648 1167 tiones.
687 1117 808 1171 quae
844 1100 966 1153 aliis
1007 1099 1060 1152 in
1103 1098 1351 1153 historiis
1376 1136 1391 1159 ,
1433 1096 1544 1149 imo
1585 1110 1713 1148 vero
1765 1093 1818 1147 in
1866 1093 2017 1146 libris

436 1192 763 1247 militaribus
808 1190 989 1259 potius
1030 1187 1297 1249 invenies,
1324 1184 1785 1255 quemadmodum
1818 1190 2017 1252 tegun-

434 1292 546 1346 tur,
606 1281 1069 1353 quemadmodum
1124 1279 1497 1340 adducuntur,
1545 1289 1601 1333 et
1631 1278 1699 1331 ad
1746 1292 1867 1346 qua:
1896 1277 2016 1331 loca

434 1374 790 1428 obsessorum
820 1369 1174 1423 adhibentur.

454 1500 457 1503 ν
504 1464 594 1518 55.
623 1462 860 1517 lstarum
882 1459 1349 1513 machinatiOnum
1378 1469 1699 1529 apparatus,
1727 1474 1779 1516 et
1807 1474 2019 1530 praepa-

433 1557 677 1611 rationes
711 1569 821 1608 non
853 1552 1028 1606 solum
1059 1551 1157 1606 abs
1192 1558 1245 1604 te
1281 1551 1433 1616 ﬁant,
1463 1551 1557 1607 sed
1589 1554 1753 1607 etiam
1794 1567 2018 1619 "tanga-

432 1651 736 1712 uariorum,
760 1654 815 1701 et
841 1645 1159 1699 idoneorum
1190 1643 1476 1697 hominum
1503 1644 1772 1707 solertiis,
1798 1652 1854 1698 ut
1876 1653 1930 1698 et
1958 1653 2014 1697 tu

429 1754 569 1812 quas
615 1748 772 1809 poles
804 1738 1239 1797 machinationes
1279 1750 1471 1790 omnes
1515 1736 1817 1806 excogites,
1849 1745 1904 1790 et
1938 1736 2013 1790 illi

428 1831 664 1885 artiﬁcio
688 1844 789 1883 suo
819 1835 873 1882 et
901 1827 1255 1898 experientiae
1285 1840 1399 1880 suae
1426 1826 1685 1882 felicitate
1721 1825 1818 1880 tibi
1849 1841 2007 1897 Opem

427 1924 630 1978 ferant.

492 2211 583 2266 56.
634 2210 742 2265 Eos
791 2210 883 2279 qui
936 2210 1245 2279 proditores
1293 2208 1554 2263 dicuntur
1601 2206 1687 2262 vel
1727 2204 2008 2265 civitatis,

421 2304 507 2358 vel
538 2304 773 2371 alicujus
810 2304 979 2356 ﬁrma:
1010 2302 1359 2363 munitionis,
1390 2302 1474 2353 vel
1506 2300 1626 2362 via),
1670 2314 1792 2367 quae
1824 2298 1881 2350 in
1913 2296 2010 2349 ho-

422 2396 603 2450 stilem
637 2404 837 2449 terram
866 2394 993 2457 fert,
1028 2393 1263 2461 accipito
1290 2392 1545 2461 benigne,
1589 2400 1644 2445 et
1681 2389 1839 2443 ﬁdem
1879 2403 2006 2441 eum

422 2488 554 2550 illis,
590 2487 971 2555 promissaque
1013 2497 1256 2551 servato,
1290 2486 1335 2538 si
1386 2483 1500 2537 veri
1530 2495 1662 2551 erga
1695 2490 1746 2534 te
1783 2480 2007 2543 fuerint,

420 2597 528 2634 non
561 2581 644 2635 sui
680 2596 868 2640 causa,
900 2580 996 2634 sed
1044 2582 1303 2643 aliorum,
1346 2594 1487 2648 quos
1513 2579 1579 2632 ad
1629 2587 1681 2631 te
1719 2577 1823 2631 hoe
1844 2577 2008 2629 modo

421 2674 658 2727 invitare
686 2674 884 2744 possis.
922 2671 1082 2736 Nam,
1113 2672 1206 2742 qtti
1252 2671 1514 2741 proditori
1546 2668 1752 2737 aliquid
1785 2668 2003 2730 tribuit,

419 2766 545 2835 plus
573 2764 642 2819 ab
692 2780 757 2819 eo
793 2764 1015 2834 accipit,
1042 2765 1222 2833 potius
1267 2777 1432 2832 quam
1463 2762 1579 2815 dat.
1630 2760 1813 2829 Neque
1858 2760 2003 2812 enim

413 2855 581 2925 judex
606 2856 850 2910 civitatis
890 2872 972 2919 es,
996 2856 1085 2908 cui
1113 2853 1315 2922 injttria
1340 2868 1369 2906 a
1403 2852 1685 2922 proditore
1709 2849 2002 2910 inferatur,

415 2949 511 3003 sed
556 2949 890 3018 imperator;
945 2948 1133 3001 tttultis
1177 2945 1355 2999 modis
1391 2944 1459 2998 ad
1505 2950 1629 2997 tuos
1667 2955 2006 2996 conservan—

415 3039 540 3104 dos,
568 3048 622 3094 et
649 3042 837 3094 hostes
856 3038 1201 3108 superandos
1231 3037 1487 3091 laborare
1509 3036 1697 3090 debes.
1737 3034 2001 3088 Inscitum

2127 537 2595 607 προσφερόμεναι.

2195 627 2300 698 λγ’.
2342 632 2450 683 Καὶ
2480 630 2770 701 ὀρύγματα
2807 630 2912 697 ἔξω
2941 632 3041 701 μὲν
3069 629 3164 683 τοῦ
3193 629 3408 701 τείχους
3439 632 3582 686 κατὰ
3606 632 3715 704 γῆν

2125 721 2519 792 ἀπαρχόμενα,
2574 722 2723 785 ἐντὸς
2769 722 2826 775 δὲ
2878 722 2965 774 διὰ
3010 720 3117 773 τῶν
3162 721 3432 790 θεμελίων
3468 726 3739 796 εἰσερχόση

2126 832 2286 884 μενα,
2320 817 2415 869 καὶ
2439 816 2855 887 ἀνατρυποῦντα
2885 817 2984 886 τὴν
3006 816 3112 886 γῆν
3139 814 3343 870 ἔσωθεν
3363 818 3460 887 τῆς
3479 819 3711 888 πόλεως,

2121 908 2237 976 εἴγε
2269 911 2325 961 ὲν
2356 909 2600 979 ἐπιπέδῳ
2630 909 2780 979 τόπῳ
2810 908 2947 981 τύχῃ
2977 910 3070 961 καὶ
3097 909 3252 979 μένῃ.

2192 1000 2285 1055 λδ¹.
2340 1000 2451 1053 Καὶ
2499 1000 2686 1063 ἁπλῶς
2720 1002 2896 1053 εἰπεῖν
2947 1001 3137 1071 ἕτεραι
3173 1001 3413 1069 μηχαναὶ
3441 1002 3711 1071 ὁργάνων,

2122 1091 2265 1162 ἅπερ
2289 1092 2347 1145 ἓν
2370 1109 2429 1144 τε
2452 1094 2574 1154 ταῖς
2596 1091 2782 1154 ἄλλαις
2803 1093 3090 1158 ἱστορίαις,
3116 1089 3314 1160 μᾶλλον
3330 1090 3384 1142 δὲ
3407 1093 3463 1141 ὲν
3480 1090 3557 1159 τῷ
3576 1090 3713 1143 πλάο
3778 1140 3783 1143 λ

2120 1202 2201 1238 τει
2250 1185 2361 1238 τῶν
2404 1186 2807 1255 στρατηγικῶν,
2850 1183 3089 1255 ἐρευνῶν
3117 1183 3395 1253 εὑρήσεις,
3430 1184 3526 1237 καὶ
3559 1185 3713 1247 ὅπως

2119 1279 2666 1344 κατασκευάζονται,
2714 1280 2808 1332 καὶ
2858 1279 3006 1342 ὅπως
3055 1277 3468 1347 προσάγονται,
3519 1278 3614 1331 καὶ
3651 1279 3712 1331 ἐν

2118 1372 2322 1435 ὁποίοις
2346 1373 2533 1434 τόποις
2562 1371 2670 1425 τῶν
2697 1368 3188 1441 πολιορκουμένων.

2189 1463 2283 1517 λε’.
2322 1464 2541 1517 Τούτων
2574 1463 2631 1516 δὲ
2676 1462 2785 1516 τῶν
2824 1464 3235 1534 μηχανημάτων
3270 1466 3325 1519 αἱ
3361 1464 3711 1536 παρασκευαὶ

2120 1556 2215 1609 καὶ
2267 1559 2323 1609 αἱ
2371 1555 2683 1626 ἐτοιμασίαι
2729 1556 2791 1608 οὑ
2832 1554 2991 1624 μόνον
3024 1556 3177 1627 παρὰ
3209 1556 3303 1609 σού
3339 1556 3593 1611 δύνανται
3622 1558 3711 1624 γί-

2120 1650 2328 1715 νεσθαι,
2365 1649 2501 1702 ἀλλὰ
2530 1650 2624 1703 καὶ
2650 1649 2719 1701 δι’
2746 1648 2987 1711 ἐπινοίας
3018 1648 3124 1700 τῶν
3151 1649 3418 1703 συνόντων
3452 1667 3536 1703 σοι
3568 1666 3711 1720 μαγ·

2121 1743 2397 1814 γαναρίων
2429 1743 2525 1795 καὶ
2554 1742 2878 1812 ἐπιτηδείων
2904 1742 3117 1813 ἀνδρῶν
3164 1742 3300 1812 πρὸς
3328 1743 3426 1806 τὰς
3454 1743 3709 1805 τοιαύτας

2118 1836 2464 1899 κατασκευάς
2493 1852 2508 1866 ⁸
2569 1836 2657 1887 ἵνα
2697 1836 2791 1888 καὶ
2824 1835 2987 1892 αὐτὸς
3021 1836 3245 1905 ἐπινοῇς
3279 1834 3347 1888 τὰ
3373 1834 3579 1888 δυνατὰ
3608 1836 3708 1887 καὶ

2117 1924 2441 1996 ἐνδεχόμενα
2490 1928 2860 1997 μηχανήματα
2884 1967 2899 1991 ,
2937 1927 3181 1981 κάκεῖνοι
3236 1930 3349 1991 τοῖς
3386 1928 3475 1980 διὰ
3503 1927 3707 1997 χειρῶν

2116 2017 2297 2087 ἔργοις
2331 2019 2425 2071 καὶ
2454 2020 2575 2081 ταῖς
2618 2016 2709 2069 διὰ
2732 2017 2830 2085 τῆς
2862 2018 3054 2088 πείρας
3086 2018 3354 2081 ἐπινοίαις
3386 2016 3704 2087 συμϐοηθήο

2116 2110 2282 2164 σωσίν
2312 2128 2414 2163 σοι.

2183 2206 2291 2268 λς’.
2330 2206 2467 2268 “ros;
2491 2205 2548 2257 δὲ
2581 2206 2847 2275 προδότας
2875 2203 3206 2272 λεγομένους
3236 2204 3267 2273 ἢ
3298 2203 3524 2266 πόλεως’
3549 2204 3580 2273 ἦ
3609 2202 3705 2257 ἅλ’

2111 2298 2202 2350 λου
2233 2297 2379 2360 τινος
2420 2296 2780 2366 ὀχυρώματος
2829 2296 2861 2366 ἢ
2905 2294 3028 2349 όδοῦ
3060 2295 3162 2365 τῆς
3192 2297 3272 2359 είς
3302 2296 3565 2365 πολεμίαν
3590 2299 3706 2348 εἰσ·

2110 2392 2231 2445 όδυυ
2250 2430 2264 2452 ,
2319 2390 2414 2443 καὶ
2446 2390 2712 2458 ὑποδέχου
2742 2388 2993 2458 εὑμενῶς
3012 2428 3025 2449 ,
3074 2389 3166 2441 καὶ
3197 2388 3297 2451 τὰς
3324 2389 3539 2451 πίστεις
3567 2388 3704 2457 πρὸς

2111 2482 2310 2545 αὑτοὺς
2340 2484 2435 2536 καὶ
2482 2485 2582 2545 τὰς
2611 2482 2949 2550 ἐπαγγελίας
2983 2481 3246 2548 φύλαττε,
3286 2481 3382 2534 ἐὰν
3418 2482 3513 2534 καὶ
3545 2481 3707 2534 αὐτοὶ

2110 2574 2447 2645 ἀληθεύωσιν
2475 2591 2488 2605 ·
2546 2574 2668 2642 οὐχὶ
2718 2574 2793 2625 δι’
2843 2574 3070 2637 αὑτοὺς,
3119 2573 3256 2626 ἀλλὰ
3286 2573 3376 2626 διὰ
3406 2574 3534 2636 τοὺς
3568 2571 3702 2642 μέλ-

2111 2669 2301 2729 λοντας
2355 2669 2450 2719 καὶ
2500 2666 2665 2719 πάλιν
2715 2683 2796 2718 σοι
2841 2666 3098 2729 τοιαύτας
3131 2665 3415 2735 προξενεῖν
3449 2667 3699 2737 χάριτας.

2122 2760 2182 2813 '0
2216 2759 2326 2830 γὰρ
2365 2758 2539 2821 διδούς
2569 2776 2623 2811 τι
2657 2759 2734 2829 τῷ
2762 2758 2999 2829 προδότῃ
3033 2758 3237 2829 μᾶλλον
3264 2758 3533 2829 λαμϐάνει
3568 2776 3683 2827 παρ

2110 2851 2276 2905 αὑτοῦ
2308 2852 2471 2904 πλέον
2506 2854 2635 2921 παρ’
2659 2852 2689 2904 ὃ
2717 2852 2912 2923 ἐκείνῳ
2940 2852 3247 2922 χαρίζεται.
3280 2854 3355 2905 Ού
3378 2852 3486 2923 γὰρ
3506 2852 3701 2921 κριτὴς

2104 2946 2206 3015 τῆς
2251 2944 2406 3014 παρὰ
2451 2942 2547 2996 τοῦ
2584 2944 2849 3015 προδότου
2898 2943 3253 3015 ἀδικηθείσης
3297 2945 3506 3006 πόλεως
3538 2944 3699 3014 ἢτοῦ

2107 3036 2304 3109 ἐχθροῦ
2349 3038 2638 3108 ὑπάρχεις,
2676 3037 2815 3091 ἀλλὰ
2848 3038 3160 3108 στρατηγὸς
3188 3080 3203 3105 ,
3240 3038 3335 3090 καὶ
3369 3038 3458 3090 διὰ
3487 3038 3701 3090 πολλῶν

414 3138 502 3184 est
554 3133 700 3183 enim
750 3130 925 3184 videri
962 3130 1107 3182 nolle
1164 3129 1219 3182 in
1263 3128 1438 3181 malos
1492 3126 1744 3179 homines
1788 3125 1881 3177 tali
1935 3123 2002 3178 de

2107 3131 2325 3200 τρόπων
2373 3131 2513 3199 ὑπὲρ
2562 3129 2657 3182 τοῦ
2709 3128 2805 3182 σοῦ
2848 3128 2980 3183 λαοῦ
3012 3130 3204 3183 λυπεῖν
3240 3130 3336 3183 καὶ
3366 3129 3699 3199 διαφθείρειν

414 3236 583 3275 causa
614 3222 937 3275 beneﬁcium
980 3224 1254 3275 conferre.
1287 3219 1484 3274 Omnia
1512 3218 1656 3272 enim
1693 3226 2000 3285 Opportuna

414 3313 554 3367 bona
618 3322 768 3366 sunt.
816 3311 1075 3367 Proditor
1118 3325 1301 3368 autem
1331 3311 1584 3382 quamvis
1633 3324 1760 3380 erga
1816 3309 2003 3363 hoStes

414 3412 536 3458 tuos
580 3406 757 3460 malus
813 3406 905 3473 sit,
952 3414 1132 3461 tamen
1169 3421 1298 3477 erga
1337 3413 1390 3459 te
1427 3402 1799 3474 populumque
1845 3409 1999 3454 tuum

412 3494 592 3549 bonus
620 3509 744 3552 esse
770 3496 1226 3569 deprehenditur.

483 3768 572 3822 '57.
638 3767 694 3821 Si
745 3767 939 3820 civitas
997 3764 1105 3820 Deo
1153 3765 1264 3835 jam
1308 3765 1541 3836 propitio
1606 3763 1704 3817 tibi
1758 3762 1997 3827 subjecta

415 3857 595 3922 fuerit,
627 3864 718 3907 attt
750 3855 1001 3920 munitio,
1032 3864 1127 3906 aut
1154 3856 1461 3918 castellum,
1497 3853 1575 3906 vel
1600 3860 1821 3921 propter
1839 3854 2000 3902 timo-

414 3962 523 4001 rem
552 3946 878 4009 obsidionis,
912 3948 994 3998 vel
1028 3945 1133 3999 alia
1160 3949 1356 4013 quavis
1386 3943 1455 3999 de
1484 3958 1674 4007 causa,
1726 3944 1877 3995 mitis
1934 3954 1997 3992 ac

409 4037 679 4107 benignus
712 4053 840 4106 erga
894 4036 1018 4090 illos
1049 4038 1150 4099 sis,
1194 4052 1370 4106 neque
1399 4036 1694 4106 stipendiis
1726 4033 1850 4087 illos
1899 4050 1994 4099 op-

409 4130 632 4196 primas,
662 4142 840 4195 neque
862 4126 1156 4180 crudeliter
1184 4128 1481 4191 tniniteris,
1520 4138 1614 4179 aut
1645 4125 1831 4195 aliquo
1864 4140 1997 4192 sup-

410 4218 576 4287 plieio
633 4216 1077 4285 perterrefacias,
1129 4233 1306 4286 neque
1360 4217 1580 4285 injuriis
1623 4217 1750 4271 ullis
1804 4231 1991 4279 vexes,

409 4308 506 4361 sed
554 4307 731 4360 bonus
782 4307 990 4375 potius,
1038 4308 1419 4378 benignusque
1470 4324 1598 4378 erga
1639 4310 1764 4363 illos
1798 4310 1898 4372 sis,
1934 4316 1994 4361 ut

410 4399 595 4454 caeteri
644 4399 1064 4451 mansuetudine
1115 4407 1207 4453 tua
1261 4404 1543 4469 pr0v0c.tti
1582 4403 1893 4455 soluntarie
1932 4415 1993 4455 se

2102 3222 2229 3284 τοὺς
2293 3220 2589 3289 πολεμίους
2648 3220 2989 3284 σπουδάζων.
3056 3221 3129 3273 Τὸ
3179 3221 3287 3292 γὸρ
3345 3221 3523 3273 δοκεῖν
3573 3223 3700 3283 τοὺς

2106 3314 2312 3375 κακοὺς
2345 3313 2422 3382 μὴ
2448 3314 2761 3383 εὐεργετεῖν
2794 3312 3029 3366 ἐνταῦθα
3060 3313 3426 3383 ἀπειρόκαλόν
3457 3330 3545 3383 μοι
3574 3315 3702 3381 φαί-

2104 3422 2274 3460 νεται·
2307 3407 2486 3460 πάντα
2517 3409 2625 3477 γὰρ
2656 3408 2799 3460 καλὰ
2826 3410 2883 3461 ὲν
2909 3407 3090 3478 καιρῷ
3118 3406 3321 3462 αὑτῶν.
3358 3408 3415 3460 Ὀ
3432 3406 3542 3475 γὰρ
3563 3423 3702 3476 προσ
3792 3456 3803 3459 -

2103 3499 2284 3568 δότης,
2307 3501 2354 3551 εί
2369 3500 2465 3551 καὶ
2489 3502 2625 3568 πρὸς
2646 3501 2772 3562 τοὺς
2798 3501 2925 3563 σούς
2944 3499 3237 3570 πολεμίους
3261 3500 3431 3562 κακὸς
3448 3500 3698 3566 γέγονεν,

2104 3593 2218 3647 ἀλλ’
2265 3591 2359 3644 οὖν
2409 3592 2546 3660 πρὸς
2586 3592 2645 3644 σὲ
2690 3595 2784 3647 καὶ
2816 3592 2907 3646 τὸν
2934 3592 3055 3646 ὅλον
3086 3592 3177 3645 σὺν
3204 3592 3332 3646 λαδν
3362 3592 3565 3662 ἀγαθὸς
3590 3593 3699 3645 άπ-

2102 3684 2338 3756 εδεξχθη.

2172 3774 2271 3837 λζ’.
2326 3775 2451 3829 Ἐὰν
2480 3775 2535 3828 δὲ
2564 3773 2699 3828 Θεοῦ
2731 3775 3063 3845 παρέχοντος
3098 3776 3199 3845 τὴν
3246 3776 3407 3846 χάριν
3444 3774 3693 3842 ὑποταγῇ

2103 3867 2239 3937 σοιῆ
2270 3869 2444 3932 πόλις,
2477 3868 2508 3939 ἦ
2547 3868 2828 3938 φρούριον,
2885 3869 3004 3937 ἦτοι
3029 3869 3271 3938 κάστρον
3292 3910 3306 3933 ,
3342 3868 3374 3933 ἢ
3404 3869 3492 3921 διὰ
3529 3869 3695 3936 φόϐον

2102 3960 2449 4028 πολιορκίας,
2482 3962 2514 4031 ἢ
2550 3960 2615 4012 δι’
2644 3962 2812 4031 ἄλλην
2841 3962 2960 4012 τινὰ
3003 3961 3207 4023 αἰτίαν,
3244 3961 3434 4031 πράως
3475 3960 3568 4012 καὶ
3601 3959 3688 4011 εὑ-

2103 4052 2284 4122 μενῶς
2353 4053 2631 4120 διατέθητι
2673 4054 2810 4125 πρὸς
2872 4053 3092 4117 αὐτούς.
3150 4055 3259 4107 Καὶ
3316 4055 3454 4123 μήτε
3507 4053 3696 4123 φόροις

2099 4140 2295 4202 αὐτοὺς
2352 4142 2785 4215 καταϐαρήσῃς,
2839 4143 2979 4213 μήτε
3031 4143 3259 4213 ἀπηνῶς
3311 4142 3621 4212 ὲκφοῦήσης
3657 4144 3692 4215 ἢ

2099 4232 2400 4305 ἁπειλήσῃς
2432 4234 2519 4288 διά
2555 4251 2695 4297 τινος
2738 4236 3031 4306 τιμωρίας,
3081 4237 3215 4305 μήτε
3250 4234 3484 4298 ἀδικίαις
3519 4235 3697 4303 λυπή-

2100 4341 2219 4395 σῃς.
2264 4324 2425 4379 Ἀλλὰ
2456 4326 2655 4395 μᾶλλον
2689 4327 2893 4395 ἀγαθὸς
2946 4329 3043 4381 καὶ
3085 4328 3339 4396 ἐπιεικὴς
3376 4328 3561 4389 αὑτοῖς
3600 4329 3693 4395 γί-

2100 4435 2215 4481 νου,
2254 4418 2342 4471 ῖνα
2383 4420 2478 4471 καὶ
2508 4420 2560 4471 οἱ
2590 4418 2770 4471 λοιποὶ
2811 4418 3049 4488 ὁρῶντες
3084 4419 3186 4487 τὴν
3216 4418 3316 4487 σὴν
3340 4417 3692 4489 χρηστότητα

410 4491 505 4544 tibi
555 4490 871 4559 subjiciunt,
922 4490 1128 4543 ttullunt
1162 4492 1386 4553 malum,
1436 4499 1529 4544 aut
1579 4492 1988 4546 incommodum

2107 4509 2182 4571 εἰς
2226 4509 2354 4572 τοὺς
2406 4510 2779 4578 ὑποταγέντας
2815 4525 2920 4572 σοι,
2978 4509 3118 4579 μετὰ
3162 4509 3477 4578 προθυμίας
3513 4524 3691 4576 προσ-

407 4583 514 4664 abs
542 4592 595 4636 te
627 4583 901 4651 proﬁcisci
936 4592 1213 4651 putantes,
1248 4585 1397 4652 quod
1459 4600 1567 4638 non
1610 4586 1886 4640 sustinere
1941 4593 1997 4640 et

2107 4600 2368 4671 ίρχωνταί
2400 4617 2507 4666 σοι,
2546 4602 2714 4670 μηδὲν
2750 4602 2922 4655 κακὸν
2966 4602 3105 4671 ὅπερ
3135 4602 3459 4670 ὑπενεγκεῖν
3498 4601 3558 4653 οὐ
3597 4600 3692 4652 δύ-

410 4669 655 4742 perferre
685 4671 975 4723 commode
1009 4672 1242 4739 possint.

477 4765 563 4817 58.
608 4764 723 4817 lloe
763 4766 907 4818 enim
940 4762 1310 4834 Nicephorum
1362 4766 1750 4836 imperatorem
1800 4768 1997 4823 fecisse

408 4859 684 4920 novimus,
720 4872 846 4911 cum
883 4862 1147 4913 adversus
1192 4859 1676 4927 Longobardorum
1712 4862 1988 4915 nationem

407 4949 735 5015 mitteretur,
786 4959 842 5003 ut
886 4966 1007 5005 eam
1054 4952 1110 5005 in
1168 4962 1493 5021 potestatem
1535 4962 1784 5007 nostrain
1839 4953 1988 5008 redi-

408 5045 575 5104 geret.
620 5035 737 5091 Non
789 5040 967 5094 solum
999 5043 1145 5095 enim
1180 5044 1343 5097 rebus
1374 5044 1583 5099 bellicis
1626 5053 1751 5114 apte
1784 5045 1992 5099 instru-

408 5132 536 5196 ctis,
560 5147 620 5185 ea
670 5133 821 5185 natio
854 5133 1097 5202 subjecta
1129 5137 1290 5190 nobis
1323 5136 1447 5200 fuit,
1475 5152 1664 5192 verum
1700 5138 1867 5192 etiam
1900 5154 1991 5195 so-

410 5222 529 5275 lerti
556 5227 791 5293 quadaiu
831 5226 1065 5293 justitia,
1105 5243 1170 5281 ac
1192 5229 1757 5285 comitate'adrersus
1797 5246 1990 5286 omnes

412 5326 692 5382 usurpata,
727 5325 780 5370 et
814 5319 1064 5373 libertate
1106 5320 1217 5373 illis
1248 5322 1429 5377 otnttis
1468 5324 1775 5389 servitutis,
1804 5332 1860 5378 et
1899 5339 1989 5378 re-

406 5407 677 5475 liquorum
726 5409 1055 5463 tributorum
1090 5412 1421 5468 condonata.

426 5596 433 5601 ‘
472 5586 563 5640 39.
601 5584 717 5640 Non
745 5589 892 5643 enim
926 5590 1061 5646 lucri
1112 5608 1277 5650 causa
1315 5613 1541 5668 regnum
1576 5602 1688 5675 (l9)
1732 5615 1980 5665 nostrum

2094 4709 2281 4746 νανται
2318 4695 2470 4763 παρὰ
2497 4693 2592 4746 σοῦ
2636 4692 2830 4746 παθεῖν
2863 4693 3183 4756 ἐλπίζοντες

2164 4785 2267 4855 λη’.
2311 4785 2483 4838 Τοῦτο
2508 4786 2617 4855 γάρ
2647 4786 2806 4856 ἴσμεν
2835 4787 2928 4839 καὶ
2954 4786 3271 4855 Νικηφόρον
3297 4787 3388 4838 τὸν
3420 4784 3689 4855 ἡμέτερον

2100 4879 2407 4950 στρατηγὸν
2458 4878 2597 4949 πρὸς
2632 4879 2694 4932 τὸ
2738 4880 3103 4950 Λαγοϐάρδων
3129 4881 3280 4940 ἔθνος
3314 4878 3685 4948 πεποιηκότα,

2097 4973 2186 5025 ὅτε
2216 4972 2368 5040 παρὰ
2403 4971 2506 5039 τῆς
2544 4971 2823 5041 βασιλείας
2847 4972 3009 5042 ἡμῶν
3056 4975 3133 5034 είς
3172 4973 3235 5026 τὸ
3276 4972 3544 5038 ὑποτάξαι
3584 4970 3685 5022 αύ-

2097 5065 2224 5128 τοὺς
2255 5065 2618 5136 ἐξαπεστάλη.
2661 5065 2735 5120 Οὑ
2772 5067 2935 5136 μόνον
2962 5067 3071 5137 γὰρ
3118 5066 3208 5119 διὰ
3240 5066 3491 5135 πολέμων
3521 5065 3686 5135 ἀκρις

2100 5156 2210 5221 ϐῶς
2243 5158 2661 5228 ἐκτεταγμένων
2716 5158 2777 5212 τὸ
2823 5158 3065 5212 τοιοῦτον
3112 5160 3366 5230 ὑπήγαγε
3390 5158 3451 5210 τὸ
3510 5157 3685 5221 ἔθνος,

2089 5248 2225 5302 ἀλλὰ
2276 5251 2371 5303 καὶ
2401 5251 2652 5322 ἀγχινοίᾳ
2684 5252 3031 5322 χρησάμενος
3072 5252 3169 5305 καὶ
3232 5250 3551 5321 δικαιοσύνη
3589 5250 3686 5302 καὶ

2088 5341 2443 5412 χρηστότητι,
2474 5345 2737 5406 ἐπιεικῶς
2766 5361 2828 5397 τε
2863 5347 2977 5408 τοῖς
3009 5342 3476 5414 προσερχομένας
3505 5360 3681 5412 προσ-

2091 5435 2412 5505 φερόμενος,
2448 5435 2545 5489 καὶ
2566 5435 2665 5508 τὴν
2704 5436 3018 5506 ἐλευθερίαν
3034 5438 3219 5501 αὑτοῖς
3256 5436 3438 5507 πάσης
3469 5452 3527 5488 τε
3562 5434 3682 5489 δου-

2090 5527 2235 5592 λείας
2266 5531 2359 5584 καῖ
2384 5530 2493 5584 τῶν
2520 5530 2695 5584 ἄλλων
2724 5532 3061 5603 φορολογιῶν
3093 5531 3489 5603 χαριζόμενος.

2173 5619 2273 5675 λθ¹.
2306 5623 2380 5675 0-3
2413 5622 2521 5693 γὰρ
2556 5623 2785 5696 κέρδους
2804 5624 2991 5679 ἕνεκεν
3033 5625 3066 5693 ἡ
3103 5624 3351 5695 βασιλεία
3389 5622 3546 5695 ἡμῶν
3580 5619 3681 5694 τὴν

1950 5706 2182 5769 ΝΟΤιΕ.
2703 5732 2711 5749 ί

476 5766 585 5832 (ιο)
617 5770 807 5828 Melius
834 5776 917 5832 his
957 5781 1094 5836 locis
1127 5787 1381 5852 nmjeslas
1408 5803 1593 5847 nostra
1629 5811 1954 5860 verteretur.
