4090 6476
411 391 521 456 899
1680 381 1952 443 LEONIS
1991 378 2421 440 PHILOSOPH
2431 381 2455 439 Ι
3591 375 3697 438 9θο

411 501 696 571 subjectos
726 494 1086 568 benignitatis
1119 501 1223 548 tua:
1250 490 1745 561 bonitatisqucspe
1779 489 2002 543 cllicies.

2135 506 2206 553 τας
2249 488 2523 551 εὐπειθεῖς
2554 488 2753 557 μᾶλλον
2780 487 2871 539 καὶ
2913 487 3376 555 ὑποταττομένους
3404 504 3485 540 σοι
3516 505 3697 559 παρα-

417 592 541 646 llmc
580 594 676 646 abs
716 602 767 645 te
803 587 1181 643 conservanda
1222 594 1370 650 sunt,
1415 587 1505 640 ubi
1556 586 1693 640 alios
1739 585 2003 640 invadens

2135 586 2400 649 ικευάσεις
2439 584 2527 639 διὰ
2565 585 2662 655 τὴν
2710 582 3073 652 ἐλπιζομένην
3106 582 3255 651 παρὰ
3289 583 3382 634 σοῦ
3412 582 3700 652 εὐμένειαν

416 687 673 742 obsidere
702 700 797 740 eos
823 686 1054 754 cogitas.

2135 681 2205 732 ιαί
2243 678 2573 747 ἀγαθότητα.
2614 674 2799 729 Ταῦτα
2837 674 2935 744 μὲν
2980 672 3474 744 παρακελευόμεθά
3509 690 3621 737 σοι,
3655 666 3702 726 ὦ

2114 770 2411 839 στρατηγέ,
2472 768 2912 837 παραφυλάττειν
2942 805 2957 830 ,
3018 765 3146 818 ὅταν
3201 764 3363 826 αὐτὸς
3416 763 3702 832 πολεμίοις

2117 861 2368 915 ἐπελθὼν
2409 860 2717 929 πολιορκεῖν
2743 859 2809 911 τὰ
2842 859 3067 912 ἐκείνων
3094 856 3314 927 μέλλῃς.

486 952 576 1007 46.
634 950 713 1015 Si,
755 951 903 1020 quod
950 966 1092 1020 saepe
1118 950 1410 1021 contingit,
1445 951 1661 1015 civitas,
1691 959 1783 1005 aut
1811 950 2009 1005 castel-

418 1046 555 1109 lum,
609 1053 702 1097 aut
746 1043 857 1096 ulla
902 1043 1009 1096 alia
1044 1043 1279 1097 munitio
1315 1051 1405 1097 tua
1446 1041 1516 1096 ab
1563 1042 1817 1099 hostibus
1861 1041 2009 1096 obsi-

418 1133 596 1187 denda
630 1141 734 1197 est,
784 1132 832 1188 si
882 1133 987 1188 hoc
1031 1132 1244 1187 cilicere
1272 1132 1590 1187 accessione
1618 1141 1707 1184 tua
1742 1140 1921 1201 potes,
1954 1139 2011 1185 ut

419 1225 637 1278 illorum
700 1224 960 1286 consilia,
1017 1233 1361 1288 conatusque
1415 1224 1616 1289 eleves,
1677 1222 1788 1277 Deo
1823 1224 2013 1293 gratiae

421 1324 655 1385 agantur
690 1332 705 1381 ;
734 1315 817 1370 sin
852 1316 1061 1380 minus,
1096 1315 1358 1368 omnibus
1395 1314 1560 1368 rebus
1594 1329 1688 1369 eos
1718 1313 2011 1383 apparabis

423 1407 865 1476 atque-instrues
904 1407 998 1476 qui
1031 1406 1319 1461 obsidendi
1348 1413 1499 1471 sunt,
1525 1405 1641 1460 sive
1670 1406 1788 1473 ipse
1823 1420 2013 1459 neces-

423 1499 590 1552 sitate
629 1497 866 1565 quadam
896 1496 1186 1552 adfuturus
1222 1498 1323 1560 sis,
1368 1497 1483 1551 sive
1515 1496 1658 1550 alius
1687 1495 1956 1565 quispiam
1986 1510 2016 1551 e

424 1590 537 1643 tuis
575 1587 849 1658 praefectis
876 1588 1121 1659 prudens
1153 1597 1208 1643 et
1240 1590 1477 1659 peritus.

499 1795 588 1849 47.
642 1793 829 1849 Primo
869 1794 1033 1865 igitur
1081 1796 1262 1850 omnia
1315 1797 1379 1851 ad
1413 1808 1775 1851 commeatum
1820 1813 2017 1853 neces-

425 1889 570 1941 saria
622 1889 688 1943 iis
738 1889 833 1958 qui
879 1887 1170 1943 obsidione
1212 1889 1411 1945 inclusi
1467 1898 1617 1954 sunt,
1665 1892 2018 1961 praeparabis,

426 1984 574 2051 quod
599 1984 917 2038 satisfacere
943 1984 1053 2040 illis
1072 1999 1233 2039 omne
1256 1992 1473 2055 tempus
1490 1985 1798 2041 obsidionis
1828 1990 2023 2056 possit.

426 2077 737 2146 Praeparata
778 2076 891 2147 jam
942 2093 1128 2131 rerum
1181 2078 1627 2134 necessariarum
1664 2077 2023 2145 abundantia,

428 2169 739 2237 proximum
784 2178 891 2237 est,
929 2180 989 2224 ut
1032 2170 1281 2225 inutilem
1317 2186 1534 2227 omnem
1571 2180 1810 2236 mtatem,
1836 2172 2027 2226 mulie-

432 2276 542 2324 res,
577 2275 761 2326 senes,
791 2259 1023 2327 debiles,
1051 2276 1275 2332 pueros,
1302 2270 1429 2316 ante
1456 2261 1697 2316 hostium
1733 2261 2023 2318 adventum

430 2369 459 2407 e
502 2353 812 2408 munitione
859 2354 1073 2422 ejicias,
1129 2363 1188 2407 ut
1223 2355 1452 2424 reliquis
1500 2356 1593 2424 qui
1628 2355 1839 2411 robusti
1869 2356 2028 2411 habi-

2190 953 2307 1025 μς’.
2348 955 2410 1007 El
2440 953 2506 1018 δ’,
2534 954 2675 1021 ὅπερ
2698 951 2960 1014 πολλάκις
3005 950 3319 1020 συμὸαίνει,
3344 948 3499 1011 πόλις
3540 950 3571 1020 ἢ
3603 946 3705 1000 κά-

2118 1062 2299 1114 στρον,
2335 1046 2367 1115 ἦ
2398 1062 2449 1097 τι
2478 1044 2664 1112 ἕτερον
2704 1043 2968 1113 ὀχύρωμα
2997 1042 3102 1094 ὑπὸ
3146 1040 3207 1092 σὲ
3244 1040 3491 1109 ὑπάρχον
3521 1039 3706 1108 μέλλει

2119 1136 2272 1206 παρὰ
2304 1135 2579 1205 πολεμίοιν
2619 1133 3046 1205 πολιορκεῖσθαι,
3099 1134 3147 1186 εἰ
3190 1132 3289 1203 μὲν
3318 1133 3545 1184 δύνασαι
3575 1132 3707 1193 τοὺς

2119 1225 2524 1297 ἐπερχομένους
2564 1224 2933 1295 ἐπιτηδεῦσαι,
2966 1223 3060 1277 καὶ
3091 1224 3372 1292 ἄπρακτον
3407 1220 3588 1273 αὐτῶν
3617 1220 3709 1281 διὰ

2120 1319 2217 1387 τῆς
2251 1318 2347 1387 σῆς
2376 1314 2684 1386 προσϐολῆς
2737 1315 2836 1383 τὴν
2888 1314 3085 1384 βουλὴν
3126 1312 3433 1376 ἀποδεῖξαι,
3469 1311 3547 1382 τῷ
3587 1310 3708 1380 Θεῷ

2122 1411 2299 1481 χάρις’
2327 1408 2454 1462 εἰδὲ
2488 1409 2652 1479 μήγε,
2690 1407 2908 1470 πάντως
2940 1406 3385 1477 παρασκευάσεις
3414 1404 3542 1467 τοὺς
3579 1404 3710 1474 μέλ-

2121 1502 2332 1566 λοντας,
2366 1499 2790 1568 πολιορκεῖσθαι·
2817 1501 2924 1552 εἴτε
2955 1498 3114 1560 αὐτὸς
3148 1494 3363 1567 μέλλεις
3384 1497 3443 1561 ἐξ
3460 1496 3711 1565 ἀνάγκης

2121 1595 2267 1657 τινος
2301 1596 2418 1647 ἐκεῖ
2441 1595 2716 1663 παρεῖναι,
2749 1593 2858 1645 εῐτε
2901 1591 3088 1661 ἕτερός
3114 1609 3198 1653 τις
3239 1589 3348 1643 τῶν
3375 1591 3481 1644 ύπδ
3516 1590 3576 1642 σὲ
3614 1589 3713 1657 ἀρ-

2124 1689 2327 1758 χόντων
2359 1689 2499 1758 ἀνὴρ
2530 1686 2815 1757 ἐλλόγιμος
2847 1687 2941 1738 καὶ
2972 1685 3256 1756 ἔμπειρος.

2200 1800 2309 1872 μζ’.
2357 1802 2580 1873 Πρῶτον
2622 1802 2720 1871 μὲν
2773 1802 3030 1855 ἁπάντων
3079 1799 3184 1870 χρὴ
3240 1798 3349 1850 τῶν
3393 1795 3712 1865 ἀναγκαίων

2127 1895 2207 1957 είς
2260 1893 2577 1963 ἀποτροφὴν
2630 1894 2914 1963 φροντίσαι
2963 1892 3071 1944 τῶν
3126 1889 3528 1959 ὲγκλειομένων
3585 1889 3712 1941 ὅσον

2126 1981 2274 2049 οἶδας
2306 1986 2397 2039 τὸν
2423 1985 2614 2056 ἐχθρὸν
2648 1987 2901 2054 ἐξαρκεῖν
2933 1985 3025 2037 ἐπὶ
3055 1985 3121 2055 τῇ
3162 1982 3451 2053 πολιορκίᾳ
3496 1981 3710 2052 χρόνον,

2127 2082 2222 2133 καὶ
2258 2081 2305 2133 εί
2342 2079 2442 2150 μὲν
2472 2078 2700 2150 εὐπορία
2728 2077 2845 2132 ἐστὶ
2873 2077 3141 2145 τοσαύτης
3158 2076 3497 2148 άποτροφῆς.
3533 2074 3717 2128 Ἐπεί-

2128 2191 2210 2227 tot
2244 2191 2307 2242 γε
2337 2173 2434 2244 τὴν
2464 2172 2736 2244 ἄχρηστον
2778 2171 2993 2242 ἠλικίαν
3033 2170 3230 2223 ἔκϐαλε
3270 2173 3340 2229 ,ἐκ
3369 2170 3463 2222 τοῦ
3505 2168 3716 2240 ὀχυρώ-

2136 2283 2304 2336 ματος
2352 2266 2457 2334 πρὺ
2490 2265 2588 2334 τῆς
2620 2265 2728 2317 τῶν
2768 2264 2979 2335 ἐχθρῶν
3014 2264 3344 2333 παρουσίαςο
3377 2258 3488 2314 οἷον
3522 2263 3714 2330 γυναῖ-

2133 2375 2257 2423 κας,
2297 2357 2584 2428 γέροντας,
2610 2357 2877 2423 ἀσθενεῖς,
2919 2355 3013 2409 καὶ
3045 2354 3250 2418 παιδία,
3274 2355 3360 2407 ἵνα
3388 2357 3497 2416 τοῖς
3536 2355 3593 2407 ὲν
3620 2353 3716 2405 δυ-

446 2443 637 2512 lcsque
672 2452 801 2498 sunt
831 2443 1087 2499 alimenta
1115 2444 1425 2500 suiliciant:
1455 2453 1570 2499 tum
1598 2447 2031 2501 machinationes

2135 2450 2292 2520 νάμει
2327 2449 2475 2503 οὖσιν
2506 2450 2971 2519 ἢεύρισκομένοις
2998 2450 3031 2519 ἡ
3063 2448 3275 2518 δαπάνη
3298 2448 3591 2517 ἐξαρκέσῃο
3620 2447 3717 2500 καὶ

433 2532 681 2602 quaedam
715 2534 783 2588 ad
812 2535 1186 2606 depulsionem
1236 2551 1633 2605 manganorum
1706 2553 1836 2593 saxa
1894 2552 2030 2591 con-

432 2625 762 2695 jicientium,
794 2626 863 2682 ab
896 2626 962 2683 iis
988 2628 1082 2696 qui
1120 2627 1447 2683 obsidentur
1470 2629 1853 2699 comparandae
1883 2638 2028 2683 sunt.

510 2822 600 2877 48.
644 2823 971 2894 Hujusmodi
1014 2828 1451 2898 conjectionibus
1481 2828 1825 2900 objiciuntur
1855 2830 2035 2884 cilicia

2135 2542 2221 2595 ἵνα
2252 2545 2279 2595 ὁ
2322 2543 2530 2611 μέλλων
2573 2541 2980 2611 πολιορκεῖσθαι
3027 2542 3434 2611 προευτρεπίσῃ
3467 2541 3716 2610 μηχανή-

2140 2632 2283 2705 ματα
2314 2634 2667 2705 ἀντικείμενα
2698 2633 2836 2704 πρὸς
2865 2633 2962 2704 τὴν
3002 2633 3276 2704 ἀποσοϐὴν
3308 2632 3417 2686 τῶν
3452 2634 3717 2703 πετροϐό-

2137 2727 2243 2781 λων
2275 2726 2572 2799 μαγγάνων
2600 2726 2709 2781 τῶν
2736 2726 2967 2797 ἐχθρῶν.

2214 2823 2329 2895 μη’.
2368 2824 2727 2878 Ἀντίκεινται
2760 2823 2816 2876 δὲ
2851 2824 2971 2884 ταῖς
2993 2820 3269 2886 τοιαύταις
3303 2820 3484 2890 βολαῖς
3511 2820 3720 2874 κιλίκια

441 2915 738 2986 pendentia
779 2932 809 2972 e
845 2918 1031 2987 pinnis
1081 2929 1237 2975 extra
1276 2935 1486 2985 muros,
1538 2920 1621 2975 vel
1662 2922 1911 2986 sarcimc,
1956 2921 2031 2975 vel

2140 2916 2462 2986 κρεμάμενα
2491 2914 2689 2981 ἔξωθεν
2722 2913 2816 2966 τοῦ
2843 2914 3059 2983 τείχους
3092 2913 3232 2966 κατὰ
3261 2914 3387 2977 τοὺς
3420 2909 3719 2985 προμαχῶ-

442 3011 601 3067 l'uncs
652 3013 914 3078 contorti,
948 3013 1031 3068 vel
1078 3014 1307 3083 pontila,
1338 3016 1419 3070 vel
1458 3016 1602 3085 ligna
1647 3015 2034 3085 prominentia.

441 3109 534 3156 aut
568 3102 830 3157 lateribus
865 3118 1030 3173 agger
1058 3111 1185 3158 ante
1241 3107 1442 3175 pinnas
1469 3115 1806 3162 exstructus.
1834 3107 2035 3161 Arieti-

2139 3025 2256 3074 νας,
2300 3009 2332 3080 ἢ
2389 3007 2640 3076 σάρκινα,
2686 3007 2719 3079 ἢ
2788 3005 2998 3075 σχοινία
3054 3004 3337 3075 εἰλημένα,
3392 3007 3424 3078 ἢ
3474 3005 3718 3069 πόντιλα,

2141 3102 2257 3172 ἦτοι
2295 3100 2424 3165 ξύλα
2471 3098 2818 3169 κρεμάμενα,
2866 3096 2964 3154 καὶ
3008 3094 3227 3160 πλίνθος
3255 3096 3311 3149 δὲ
3344 3098 3400 3149 ἐν
3434 3098 3544 3160 τοῖς
3589 3113 3724 3166 προσ

442 3193 548 3248 bns
585 3202 766 3246 autem
795 3194 1010 3257 telaria,
1048 3201 1103 3249 et
1133 3196 1278 3250 sacci
1320 3196 1463 3265 pleni
1499 3196 1675 3266 palea,
1714 3204 1877 3266 atque
1908 3211 2031 3252 are-

2142 3192 2389 3263 μαχῶσιν
2446 3188 2872 3260 οἰκοδομουμένη
2900 3229 2915 3255 ,
2972 3190 3067 3242 καὶ
3104 3189 3241 3259 πρὸς
3285 3189 3412 3251 τοὺς
3445 3188 3633 3258 κριοὺς
3666 3188 3724 3240 δὲ

444 3299 513 3337 na
546 3296 918 3355 opponuntur.

515 3469 610 3525 49.
652 3470 731 3524 Ad
766 3470 1073 3527 testudines
1106 3471 1377 3544 harpages
1412 3476 1749 3546 praeparandi
1802 3484 1950 3545 sunt,
1980 3478 2032 3532 id

446 3570 529 3613 est
586 3561 730 3629 ligna
783 3577 982 3633 magna
1024 3563 1311 3633 cuspidata
1346 3565 1547 3635 picata,
1578 3574 1638 3621 ut
1675 3568 1760 3622 vel
1786 3578 2035 3623 avertant

446 3667 562 3714 eas,
598 3653 680 3707 vel
707 3654 886 3707 levent
923 3662 975 3708 et
1000 3655 1212 3709 nudent
1246 3655 1537 3713 interiores
1581 3660 1871 3715 testudinis
1904 3676 2032 3730 par-

449 3748 552 3809 tes,
591 3751 645 3798 et
677 3742 734 3797 in
766 3743 890 3799 illos
922 3759 987 3799 ex
1012 3746 1292 3816 superiore
1324 3748 1443 3803 loco
1486 3748 1720 3806 nudatos
1754 3750 2031 3805 invadant.

519 3949 610 4005 50.
663 3947 759 4003 Pix
798 3947 964 4015 adsit,
995 3965 1101 4019 qua
1148 3951 1364 4005 nudata:
1395 3952 1699 4008 testudines
1728 3953 2036 4011 incendun-

449 4048 559 4104 tur,
585 4049 637 4095 et
686 4041 829 4111 ignis
867 4041 1186 4112 lapidesque
1226 4058 1423 4113 graves
1476 4045 1770 4100 acuminati
1813 4062 2036 4117 manga-

450 4131 539 4184 nis
587 4131 915 4200 quibusdam
968 4147 999 4186 e
1054 4134 1339 4201 snperiore
1395 4134 1517 4188 loco
1561 4135 1645 4189 vel
1677 4134 1921 4201 funibus,
1951 4131 2037 4191 vel

451 4222 661 4276 catenis
725 4221 987 4289 demissi,
1031 4232 1086 4277 et
1135 4223 1259 4279 aliis
1322 4224 1648 4294 quibusdam
1703 4226 2038 4295 ponderibus

453 4310 627 4365 altero
662 4310 716 4363 in
767 4310 872 4367 line
918 4313 1178 4384 mangani
1208 4314 1276 4369 ad
1308 4314 1678 4371 sublevandos
1708 4316 1909 4371 iterum
1952 4318 2037 4372 la-

454 4401 609 4471 pides
640 4403 855 4471 positis.

2136 3282 2465 3335 άντίκεινται
2495 3281 2726 3351 τυλάρια
2774 3280 2870 3334 καὶ
2911 3280 3113 3333 σακκία
3154 3280 3392 3350 γέμοντα
3420 3280 3597 3349 ἄχυρα
3630 3279 3726 3331 καλ⁵

2136 3374 2383 3444 ψάμμον.

2212 3464 2320 3537 μθ’.
2360 3466 2503 3532 Πρὸς
2528 3465 2583 3517 δὲ
2613 3464 2712 3528 τὰς
2732 3464 2971 3533 χελώνας
3004 3464 3274 3534 ἅρπαγες,
3308 3464 3424 3535 ἤτοι
3469 3463 3599 3529 ξύλα
3628 3481 3721 3533 με·

2136 3562 2277 3629 γάλα
2304 3559 2492 3630 ἔχοντα
2518 3559 2644 3628 ξίφη
2665 3558 3176 3629 καὶὲμπισσόμενα,
3204 3557 3344 3610 ὥστε
3369 3560 3400 3630 ἢ
3428 3557 3727 3628 ὲκστρέψαι

2138 3650 2327 3720 αὐτὴν,
2384 3650 2416 3721 ἢ
2472 3648 2823 3718 ἀναλωφῆσαι
2880 3651 2971 3700 καὶ
3002 3651 3287 3717 γυμνῶσαι
3349 3650 3473 3711 τοὺς
3525 3647 3729 3700 ἔσωθεν

2136 3743 2235 3812 τῆς
2267 3743 2521 3812 χελῶνος,
2562 3743 2655 3795 καὶ
2703 3738 2876 3805 οὕτως
2922 3741 3062 3794 κατὰ
3092 3740 3270 3793 αὐτῶν
3298 3741 3567 3809 ἐγχειρεῖν
3596 3739 3729 3793 ἄνω-

2141 3834 2254 3886 θεν.

2211 3923 2273 3978 ν’.
2310 3924 2469 3977 Ἀλλὰ
2525 3923 2619 3976 καὶ
2679 3922 2867 3988 πίσσα,
2921 3923 2986 3975 δι’
3022 3918 3088 3995 ἧς
3146 3922 3478 3993 κενουμένης
3511 3924 3731 3993 ἐμπρη-

2141 4016 2453 4086 σθήσονται,
2502 4018 2597 4070 καὶ¹
2647 4015 2757 4087 πῦρ
2832 4018 2900 4070 ἀὶ
2939 4016 3077 4069 λίθοι
3120 4016 3305 4086 βαρεῖς
3360 4016 3727 4084 κατάκεντροι

2141 4109 2250 4162 ἀπὸ
2298 4110 2595 4179 μαγγάνων
2638 4109 2790 4177 ἄφνω
2839 4108 3145 4179 χαλώμενοι
3197 4107 3285 4160 διά
3326 4107 3575 4176 σχοινίων
3607 4106 3729 4174 ἦτοι

2143 4199 2410 4263 ἁλύσεων,
2443 4202 2538 4253 καὶ
2569 4199 2731 4254 πάλιν
2758 4198 3145 4269 ἀνασπώμενοι
3180 4197 3246 4251 δι’
3281 4198 3483 4267 ἐτέρων
3513 4193 3731 4251 ἀντιϐα-

2144 4309 2214 4363 ρη
2222 4293 2426 4363 μάτων.

524 4494 614 4549 5i.
648 4494 728 4549 Ad
766 4506 943 4552 turres
971 4498 1259 4566 abductas,
1288 4503 1469 4572 ignem
1496 4513 1549 4557 et
1582 4519 1714 4560 saxa
1762 4504 2031 4575 ejicientia

2216 4511 2317 4558 va'.
2351 4503 2492 4575 Πρὸς
2515 4503 2571 4556 δὲ
2590 4503 2714 4567 τοὺς
2745 4504 3123 4575 ἐπαγομένους
3160 4504 3409 4572 πύργους
3453 4500 3732 4574 πυροϐόλα

454 4588 822 4643 instrumenta
859 4592 1116 4660 aptabis:
1152 4594 1237 4649 sin
1303 4596 1407 4651 hoc
1445 4586 1606 4651 modo
1659 4612 1768 4651 non
1814 4596 2038 4666 prollci-

457 4690 567 4743 tur,
598 4681 736 4737 alias
766 4690 949 4739 turres
987 4686 1074 4740 vel
1109 4701 1173 4741 ex
1202 4687 1386 4758 lignis,
1442 4690 1525 4744 vel
1557 4705 1623 4745 ex
1653 4690 1761 4744 alia
1790 4690 2045 4760 quapiam

453 4772 684 4827 materia
714 4773 926 4846 erigere
973 4791 1091 4844 eos,
1123 4780 1217 4847 qui
1254 4781 1404 4836 intus
1438 4781 1818 4847 includuntur,
1851 4784 2044 4838 adver-

456 4878 576 4917 sum
606 4879 727 4929 eos,
758 4866 854 4935 qui
906 4866 1046 4924 foris
1094 4868 1372 4936 obsident,
1411 4857 1509 4926 vel
1550 4873 1815 4929 adversus
1876 4888 2043 4944 quas-

456 4968 673 5022 cunque
715 4958 932 5012 illorum
966 4961 1427 5029 machinationes,
1467 4963 1605 5019 alias
1638 4979 1810 5019 novas
1852 4975 2044 5020 contra

456 5040 579 5097 illos
614 5045 792 5099 moliri
815 5059 1053 5118 oportet,
1081 5050 1545 5119 quemadmodum
1583 5052 1875 5124 diligenter
1919 5070 2044 5125 per-

458 5137 715 5219 tractanti
761 5140 947 5193 animo
980 5140 1140 5196 facile
1172 5142 1322 5198 factu
1358 5142 1545 5199 fuerit.

530 5225 621 5281 52.
656 5226 862 5284 Turres
892 5234 1351 5302 propugnatriccs
1393 5236 1636 5291 virorum
1685 5238 1912 5294 minime
1956 5255 2046 5295 re-

456 5323 573 5370 ctas
603 5332 726 5372 esse
758 5328 993 5389 Oportet,
1034 5330 1093 5376 ut
1126 5324 1331 5381 milites
1378 5327 1549 5383 libere
1580 5344 1646 5384 ex
1684 5344 1752 5385 eo
1782 5331 1902 5386 loco
1944 5347 2045 5403 pu-

458 5421 628 5476 gnare
663 5413 896 5479 possint,
926 5423 980 5468 et
1005 5430 1275 5486 mangana
1307 5418 1489 5474 facilia
1527 5434 1802 5492 ponantur
1827 5433 1881 5479 et
1914 5440 2046 5480 con-

456 5499 736 5568 ﬂciantur,

531 5590 621 5645 55.
660 5591 897 5650 Portula:
958 5607 1140 5654 autem
1199 5602 1511 5671 hujusmodi
1563 5608 1619 5662 in
1679 5610 1928 5665 turribus
1979 5612 2045 5666 ad

459 5680 603 5774 latus
637 5697 902 5755 angustae,
932 5691 1179 5746 dextram
1213 5696 1265 5746 in
1318 5705 1526 5764 partem
1579 5701 1915 5769 aperiantur,
1938 5720 2044 5774 qua

458 5769 699 5827 hostium
750 5793 1018 5850 mangana
1068 5786 1415 5855 emittuntur,
1456 5798 1514 5844 ut
1551 5792 1758 5860 pedites
1789 5811 1817 5849 e
1854 5769 2045 5865 portu-

2151 4596 2268 4666 εῖδη
2294 4596 2387 4649 καὶ
2412 4595 2754 4666 πετροϐόλοι,
2777 4596 2809 4665 ἣ
2834 4597 2882 4647 εί
2916 4595 2991 4665 μὴ
3019 4594 3175 4648 τοῦτο
3204 4595 3455 4665 ἀντισχῇ,
3478 4592 3673 4646 ἀντιπύ
3685 4610 3736 4661 ρ⁴

2150 4706 2280 4756 γους
2309 4688 2509 4758 ὁμοίως
2532 4688 2871 4758 οἰκοδομείνξ,
2912 4687 2975 4757 ἢ“
2997 4686 3087 4740 διὰ
3130 4686 3323 4752 ξύλων,
3370 4687 3403 4755 ἢ
3444 4686 3510 4740 δι’
3541 4686 3738 4755 ἐτέρας

2152 4782 2283 4851 ὕλης
2335 4782 2462 4842 τοὺς
2509 4778 2712 4833 ἔσωθεν
2770 4777 2864 4833 τοῦ
2918 4778 3168 4848 τείχους·
3211 4779 3275 4834 ἄν
3330 4796 3411 4842 τις
3444 4777 3667 4832 ἐκείνων
3701 4779 3735 4848 ἢ

2148 4873 2333 4936 ἁπλῶς
2362 4872 2436 4935 ὡς
2468 4872 2534 4926 ἂν
2563 4872 2786 4925 δυνατὸν
2813 4871 2949 4941 πρὸς
2973 4871 3072 4941 τὴν
3102 4871 3353 4942 μηχανὴν
3385 4870 3494 4923 τῶν
3537 4869 3737 4936 ἔξωθεν

2148 4963 2629 5036 ἀντιμηχανᾶσθαι
2674 4965 2801 5026 τοὺς
2858 4963 3082 5027 ἔσωθεν,
3139 4962 3323 5027 καθὼς
3353 4964 3409 5015 ὲν
3441 4961 3513 5033 τῷ
3545 4962 3737 5015 πλάτει

2152 5056 2291 5127 μετὰ
2318 5055 2512 5125 σχολῆς
2536 5054 2773 5126 ἐρευνῶν
2804 5056 3058 5127 εὑρήσεις
3093 5055 3230 5125 πρὸς
3283 5054 3523 5124 ἑκάστην
3557 5070 3737 5123 μηχα-

2150 5145 2245 5217 νὴν
2273 5145 2739 5218 άντεξευρημένα.

2221 5242 2319 5312 νβ’.
2354 5244 2679 5308 Ἀναγκαῖον
2710 5240 2766 5293 δέ
2787 5241 2904 5292 ἐστι
2929 5240 3056 5302 τοὺς
3085 5238 3330 5310 πύργους
3372 5239 3497 5301 τοὺς
3527 5237 3733 5308 ἐπιμά-

2150 5353 2277 5407 κους
2305 5333 2400 5388 τοῦ
2425 5334 2639 5405 τείχους
2675 5334 2935 5394 ἀσκεπεῖς
2969 5327 3132 5396 εἶναι,
3167 5331 3305 5384 ὥστε
3337 5331 3462 5392 τοὺς
3489 5328 3738 5398 μαχομέ-

2149 5444 2273 5490 νους
2307 5426 2602 5488 ἀκωλύτως
2624 5425 2834 5479 ἐκεῖθεν
2868 5423 3157 5494 μάχεσθαι,
3214 5423 3309 5474 καὶ
3360 5422 3429 5474 τὰ
3479 5421 3734 5489 μάγγανα

2149 5520 2395 5583 εὐκόπως
2423 5517 2666 5573 τίθεσθαι
2696 5518 2789 5571 καὶ
2823 5515 3237 5585 ἐξεργάζεσθαι.

2221 5612 2321 5681 νγ’.
2347 5613 2457 5665 Καὶ
2490 5612 2845 5683 παραπόρτια
2874 5612 2928 5665 δὲ
2955 5612 3013 5662 ὲν
3041 5614 3153 5672 τοῖς
3190 5610 3456 5670 τοιούτοις
3499 5607 3733 5677 πύργοις

2149 5708 2213 5759 ὲκ
2252 5706 2484 5771 πλαγίου
2514 5704 2677 5758 στενὰ
2702 5703 3017 5771 ἀνοίγεσθαι
3044 5701 3184 5756 κατά
3214 5701 3306 5754 τοῦ
3327 5699 3502 5766 δεξιοῦ
3534 5700 3733 5769 μέρους
3772 5749 3779 5754 .

2148 5798 2256 5853 τῶν
2289 5798 2718 5869 προσαγομένων
2770 5797 3066 5866 μαγγάνων
3123 5797 3188 5849 ὲκ
3216 5794 3323 5847 τῶν
3352 5791 3582 5863 ἐχθρῶν.
3615 5791 3732 5843 Ἵνα
