4090 6430
418 378 515 441 901

1480 385 1815 446 TACTICA.
1860 412 1928 421 -
1962 386 2470 447 Ct‘tNSTITUTIO
2504 389 2623 448 XV.

3589 392 3695 453 902

423 494 578 557 πεζοὶ
598 495 939 564 ἐξερχόμενοι
963 495 1025 548 ἐκ
1049 496 1155 549 τῶν
1179 498 1539 568 παραπυλῶν,
1566 501 1659 553 καὶ
1688 501 1829 555 κατά
1852 500 2008 572 χεῖρα

2120 501 2189 557 lis
2218 511 2507 567 exeuntes,
2542 509 2595 556 et
2629 500 2802 557 scutis
2838 510 2960 569 apte
2999 514 3056 554 se
3080 507 3345 572 legentes,
3401 502 3699 572 superiori-

417 585 692 654 ἁρμοδίως
719 587 830 647 τοῖς
866 587 1210 658 σκουταρίοις
1236 591 1588 659 σκεπόμενοι,
1628 593 1725 645 καὶ
1752 593 1858 647 ὑπὸ
1890 593 1999 648 τῶν

418 676 629 730 ἄνωθεν
659 675 1012 746 βοηθούμενοι
1041 678 1101 730 δύ
1119 697 1296 733 θανται
1319 682 1608 735 ἀποσοδεῖν
1628 684 1695 737 τὰ
1721 686 1996 755 μάγγανα.

423 768 611 836 Ἔχειν
634 768 690 820 δὲ
722 768 896 823 ταῦτα
923 769 1117 835 πύλας,
1144 771 1212 824 δι’
1244 765 1318 826 ὧν
1351 771 1469 828 δέον
1516 774 1909 843 ἀσφαλίζεσθαι
1943 778 2000 830 ὲν

420 860 618 931 καιρῷ,
649 860 742 913 καὶ
778 861 851 930 μὴ
887 863 1072 931 μένειν
1104 864 1451 934 ἠνεῳγμένα.

489 950 582 1003 νδ’.
628 951 976 1023 Ἀποκρεμᾷν
1006 954 1063 1007 δὲ
1099 955 1241 1009 κατά
1291 955 1402 1009 τῶν
1441 956 1821 1027 προμαχώνων
1870 958 2002 1025 ξύλα

420 1040 592 1113 βαρέα
621 1043 782 1108 πάνυ,
820 1046 1044 1115 κορμία,
1095 1047 1189 1099 καὶ
1252 1046 1453 1117 μύλους
1481 1047 1717 1113 λιθίνους
1740 1050 1827 1104 διὰ
1856 1068 2003 1121 σχοι-

421 1136 549 1187 νίων
579 1152 593 1164 ·
629 1136 720 1188 ἵνα
749 1136 842 1189 ἐὰν
890 1138 1214 1207 προσάψωσι
1266 1139 1472 1202 σκάλας
1514 1140 1593 1202 είς
1630 1140 1697 1193 τά
1718 1142 1872 1213 τείχη
1914 1161 2003 1197 κο-

421 1227 710 1295 πτομένων
729 1227 837 1280 τῶν
870 1228 1119 1298 σχοινίων
1154 1229 1487 1283 ἐπιπέσωσιν
1511 1231 1693 1286 ὲπάνω
1729 1233 1839 1287 τῶν
1870 1236 2002 1289 ἀνα-

421 1318 738 1380 ϐαινόντων,
780 1322 874 1372 καὶ
932 1320 1319 1392 διαφθείρωσιν
1373 1322 1592 1386 αὐτούς.
1644 1324 1816 1378 Τοῦτο
1859 1325 1915 1379 δὲ
1946 1331 2003 1381 ἐν

421 1412 607 1483 κύκλῳ
636 1412 727 1466 τοῦ
754 1413 965 1484 τείχους
1012 1416 1264 1481 γενέσθαι
1308 1416 1625 1488 κελεύομεν,
1672 1419 1765 1473 καὶ
1803 1421 2004 1492 μηδένα

420 1505 629 1558 λείπειν
669 1508 1063 1577 προμαχώνων,
1133 1510 1181 1562 εἰ
1234 1510 1480 1576 δυνατὸν,
1540 1513 1688 1577 ὅστις
1713 1517 1811 1568 οὐκ
1843 1515 2002 1589 έχῃῆ

418 1595 566 1647 λίθον
604 1596 927 1668 βαρύτατον,
958 1599 1076 1669 ἦτοι
1114 1600 1300 1670 μύλον,
1356 1602 1388 1673 ἢ
1439 1602 1597 1669 ξύλον
1648 1606 1856 1676 μακρὸν
1912 1608 2005 1661 καὶ

425 1687 564 1757 βαρὺ
622 1690 787 1754 πάνυ,
825 1689 1127 1761 δυνάμενον
1163 1693 1451 1765 συντρίψαι
1499 1697 1592 1750 καὶ
1628 1698 1855 1764 σκάλαν,
1912 1702 2007 1754 καὶ

419 1781 545 1844 τοὺς
576 1781 662 1834 ἐπ’
693 1782 863 1851 αὐτῆς
883 1782 1289 1847 ἀναϐαίνοντας.

2104 595 2207 649 bus
2261 594 2435 663 adjuti
2498 608 2769 663 mangana
2836 593 3107 663 depellere
3158 592 3390 663 possint.
3449 594 3700 649 Habeant

2104 697 2296 756 portas
2328 686 2495 741 etiam
2537 701 2676 755 quas
2701 692 2947 755 tempore
2970 684 3258 751 claudant,
3293 700 3469 755 neque
3493 696 3698 757 aperta:

2104 786 2382 834 rnaneant.

2191 975 2277 1030 54.
2308 973 2387 1029 Ad
2411 976 2619 1046 primas
2663 991 2940 1031 murorum
2970 985 3315 1048 apponantur
3343 978 3485 1049 ligna
3510 979 3697 1051 gravia

2107 1066 2422 1131 admodum,
2456 1068 2657 1132 trunci,
2693 1068 2904 1138 lapides
2934 1068 3193 1134 molares,
3228 1079 3286 1125 ut
3319 1070 3563 1135 funibus,
3595 1079 3694 1126 aut

2105 1156 2315 1212 catenis
2347 1157 2461 1210 haec
2493 1172 2731 1227 appensa
2767 1159 2820 1212 in
2849 1158 3039 1214 hostes
3073 1159 3442 1229 conjiciantur
3464 1200 3480 1227 ,
3515 1168 3571 1215 et
3599 1175 3698 1230 op-

2107 1248 2347 1318 primaut
2378 1248 2523 1303 illos.
2557 1248 2673 1303 Hoc
2701 1258 2881 1303 autem
2911 1250 3278 1306 circumcirca
3327 1267 3547 1306 murum
3580 1251 3695 1318 fiat,

2109 1355 2286 1410 neque
2328 1342 2497 1411 pinna
2544 1341 2654 1395 ulla
2685 1348 3063 1412 praetereatur,
3092 1345 3138 1398 si
3190 1342 3303 1398 fieri
3340 1344 3538 1415 possit,
3577 1359 3697 1414 quae

2110 1448 2218 1486 non
2267 1432 2499 1502 lapidem
2533 1432 2769 1503 aliquem
2805 1449 3122 1504 pergravem
3156 1434 3416 1490 molarem
3473 1435 3697 1499 habeat,

2110 1525 2190 1580 vel
2216 1526 2419 1594 ngnum
2449 1526 2667 1596 longum
2700 1532 2754 1580 et
2777 1527 3123 1597 grave,quod
3157 1528 3496 1599 perfringere
3524 1528 3700 1583 valide

2111 1616 2308 1686 poterit
2373 1625 2485 1670 tum
2536 1616 2735 1682 scalas,
2790 1627 2902 1671 tum
2962 1616 3087 1673 illos
3142 1618 3235 1688 qui
3284 1633 3378 1675 eas
3433 1633 3700 1675 conscen-

2111 1704 2267 1760 dunt.

490 1878 583 1965 χεσ.
620 1872 740 1943 Χρὴ
761 1873 817 1926 δὲ
852 1875 945 1926 καὶ
970 1876 1339 1946 καταμερίσαι
1368 1879 1467 1949 τὴν
1500 1880 1751 1951 βοήθειαν
1780 1884 1848 1938 δι’
1880 1885 2002 1939 ὅλου

2180 1890 2267 1946 55.
2312 1891 2437 1947 Haec
2468 1900 2522 1948 et
2568 1893 2885 1963 hujnsmodi
2918 1894 3039 1949 aliae
3092 1909 3285 1963 graves
3320 1908 3409 1948 res
3443 1909 3540 1965 per
3574 1894 3699 1950 uni-

422 1959 518 2013 τοῦ
554 1962 786 2032 τείχους,
848 1966 942 2019 καὶ
974 1966 1117 2035 ἔχειν
1166 1967 1334 2038 ἀλλην
1355 1970 1585 2042 δύναμιν
1618 1974 1681 2027 ἐκ
1719 1978 2003 2046 περισσοῦ,

421 2053 533 2117 ἵνα,
560 2054 637 2125 τῷ
684 2054 923 2127 δεομένῳ
961 2057 1139 2129 μέρει,
1169 2060 1266 2113 ἐὰν
1294 2062 1455 2132 χρεία
1499 2065 1744 2133 γένηται,
1800 2067 2006 2139 βοηθῇ,

424 2149 520 2201 καὶ
554 2150 627 2220 μὴ
680 2152 1099 2219 ἀναγκάζωνται
1155 2156 1212 2207 ὲν
1244 2156 1420 2228 καιρῷ
1474 2159 1720 2229 ἀνάγκης
1745 2164 1808 2214 ὲκ
1839 2164 2005 2216 τόπου

422 2243 504 2305 εἰς
536 2242 699 2297 τόπον
736 2244 1039 2316 διατρέχειν
1085 2248 1134 2300 οί
1180 2250 1316 2319 πρὸς
1346 2251 1749 2323 παραφυλακὴν
1779 2251 1873 2306 τοῦ
1900 2253 2010 2306 τεί-

423 2352 553 2403 χους
578 2336 929 2406 τεταγμένοι,
988 2340 1082 2392 καὶ
1138 2340 1201 2393 ἐκ
1235 2341 1425 2394 τούτου
1485 2344 1826 2412 γυμνοῦσθαι
1857 2362 2009 2410 τινας

423 2428 592 2481 αὑτοῦ
622 2428 843 2493 τόπους,
882 2432 1021 2501 ὅπερ
1054 2432 1201 2485 ἐστὶν
1234 2433 1594 2488 ἐπικίνδυνον.

495 2525 602 2584 νς·’.
646 2520 772 2573 Ἐἀν
794 2521 850 2575 δὲ
876 2525 969 2575 καὶ
1007 2523 1325 2593 διχοστασίαι
1344 2522 1463 2577 ἐστὶ
1492 2525 1641 2595 παρά
1672 2544 1834 2579 τινων
1866 2531 1923 2581 ἐν
1941 2531 2007 2599 τῇ

426 2610 606 2674 πόλει,
644 2611 677 2683 ἢ
718 2611 796 2683 τῷ
844 2612 1099 2684 κάστρῳ·
1133 2614 1303 2685 δέονῆ
1354 2617 1644 2681 κάκείνους
1695 2621 2010 2689 εἰρηνεῦσαι

428 2703 521 2755 καὶ
558 2703 821 2772 συμμίξαι
856 2705 912 2756 ὲν
942 2706 1061 2767 ταῖς
1103 2704 1197 2758 τοῦ
1243 2706 1453 2777 τείχους
1503 2708 1861 2779 πεδατούραις
1885 2712 2012 2776 τοὺς

431 2793 770 2863 στρατιώτας
805 2797 891 2865 (ἐκ
920 2796 1113 2849 τούτου
1147 2799 1255 2867 γὰρ
1295 2799 1416 2851 οὐδὲ
1466 2800 1781 2871 εὐκαιροῦσι
1824 2804 2011 2858 στάσιν

432 2884 725 2956 μελετῆσαι
771 2887 803 2959 ἢ
844 2888 985 2941 κατά
1044 2888 1136 2941 τοῦ
1170 2888 1348 2942 κοινοῦ
1382 2889 1413 2959 ἢ
1468 2890 1589 2943 καθ’
1619 2892 1852 2958 ἑαυτῶν,
1877 2895 2013 2949 ἀλλὰ

427 2977 523 3029 καὶ
546 2977 829 3042 δοκοῦντες
860 2978 1108 3051 φυλακὴν
1131 2981 1229 3049 τῆς
1262 2980 1469 3044 πόλεως
1497 2983 1855 3054 πιστευθῆναι
1889 2987 2013 3054 ἐρυ-

429 3067 656 3140 θριῶσιν
678 3072 1052 3143 νεωτερίσαι)⁶
1080 3072 1228 3143 ἢὲάν
1259 3073 1335 3144 μὴ
1364 3072 1546 3138 τοῦτο,
1574 3075 1792 3140 πάντως
1814 3077 2013 3141 αὐτοὺς

430 3163 829 3231 προεξαγαγείν
850 3163 1105 3234 ἀλλαχοῦ,
1138 3163 1231 3217 καὶ
1275 3163 1440 3234 μηδὲν
1478 3164 1537 3231 ἐξ
1582 3165 1763 3220 αὐτῶν
1807 3168 2013 3239 ὑφορᾶ-

430 3229 557 3305 σθαι
587 3229 781 3307 παθεῖν
812 3229 1054 3319 στάσεως
1085 3257 1142 3308 ὲν
1166 3258 1232 3326 τῇ
1276 3229 1589 3329 πολιορκίᾳ,
1622 3257 1764 3312 ἀλλά
1790 3229 1884 3313 κοὶι
1908 3229 2009 3325 τάς
2041 3229 2083 3287 C

429 3344 720 3413 προδοσίας
763 3345 1071 3417 ὑφορᾶσθαι
1122 3347 1216 3399 καὶ
1246 3347 1678 3417 ἀσφαλίζεσθαι·
1739 3349 1880 3403 ὥστε
1935 3352 2011 3422 μὴ

426 3433 689 3488 δύνασθαί
718 3452 839 3489 τινα
872 3439 984 3501 τοῖς
1015 3438 1294 3507 πολεμίοις
1324 3480 1338 3505 ,
1389 3439 1420 3509 ἢ
1468 3440 1723 3511 γράφειν,
1756 3440 1789 3510 ἢ
1816 3458 2010 3495 συντυ-

428 3530 544 3597 χεῖν
577 3528 733 3591 ὲκτδς
762 3528 958 3599 βουλῆς
981 3529 1074 3583 τοῦ
1101 3530 1535 3601 πεπιστευμένου
1570 3532 1666 3603 τὴν
1704 3532 1914 3604 πόλινῆ
1951 3533 2013 3585 τὸ

430 3618 686 3689 κάστρον.

500 3799 597 3861 νζ’.
631 3798 738 3852 Καὶ
762 3798 862 3862 τὰς
892 3798 1067 3863 πύλας
1088 3799 1145 3852 δὲ
1173 3800 1271 3869 τῆς
1302 3798 1508 3861 πόλεως
1537 3799 1746 3861 πιστοῖς
1786 3798 2013 3868 ἀνδράσι

432 3889 827 3961 παραδοθῆναι,
864 3891 959 3943 καὶ
1011 3889 1133 3961 μηδ’
1182 3890 1317 3953 ὅλως
1375 3887 1647 3960 θαρρῆσαί
1703 3904 1860 3950 τινας
1908 3888 2015 3940 τῶν

433 3983 784 4052 στρατιωτῶν
826 3983 859 4054 ἢ
913 3982 1149 4035 πολιτῶν
1181 3983 1239 4036 ὲν
1279 3982 1393 4044 τοῖς
1447 3980 1751 4050 προοιμίοις
1783 3979 2017 4048 μάλιστα

433 4071 535 4142 τῆς
559 4071 876 4144 πολιορκίας
899 4070 1216 4145 ὲξέρχεσθαι
1244 4070 1340 4124 τοῦ
1366 4069 1579 4140 τείχους
1604 4069 1699 4121 καὶ
1722 4068 2014 4140 μάχεσθαι,

434 4161 537 4216 κᾶν
570 4164 748 4235 συμϐῇ
783 4164 1011 4227 πολλοὺς
1047 4166 1139 4216 καὶ
1164 4162 1443 4232 γενναίους
1478 4163 1556 4223 είς
1584 4159 1837 4229 ἀνδρείαν
1876 4154 2017 4213 εἶναι

433 4255 562 4316 τοὺς
600 4255 1109 4325 ἐγκεκλεισμένους,
1142 4254 1237 4307 ἐὰν
1270 4254 1451 4323 μήπου
1491 4251 1682 4323 καιρὸς
1722 4250 1943 4319 γένηται
1982 4251 2014 4323 ἢ

438 4345 720 4415 μάγγανον
740 4346 991 4417 ἐνοχλοῦν
1034 4345 1391 4408 ἐπικινδύνως
1424 4343 1501 4414 τῷ
1537 4343 1707 4413 τείχει
1747 4341 2019 4411 ἀποσοὸη-

436 4435 595 4506 θῆναι
652 4439 715 4491 ἐκ
747 4438 948 4508 χειρὸς,
998 4439 1030 4508 ἢ
1083 4455 1165 4500 τις
1208 4436 1370 4506 ἑτέρα
1417 4436 1578 4506 χρεία
1606 4435 1881 4502 ἀναγκαία
1926 4435 2018 4488 καὶ

2110 1998 2327 2038 versum
2432 1998 2648 2038 murum
2704 1983 3040 2048 dividantur,
3096 1985 3341 2054 aliasque
3400 1986 3589 2054 c0pias
3642 1985 3699 2040 in

2109 2083 2360 2145 promptu
2386 2075 2645 2140 habeant,
2685 2085 2745 2131 ut
2776 2076 2987 2131 afﬂictae
3018 2076 3157 2147 parti
3196 2077 3371 2132 sicubi
3400 2091 3540 2147 Opus
3575 2075 3697 2132 fue-

2122 2167 2563 2231 ritsuccurrant,
2605 2177 2659 2223 et
2700 2184 2769 2225 ne
2820 2184 2848 2222 a
2899 2167 3024 2223 loco
3057 2169 3121 2223 ad
3174 2170 3353 2223 locum
3412 2182 3697 2223 murorum

2115 2257 2379 2311 custodes
2454 2266 2777 2321 excurrant,
2833 2257 3063 2327 locaque
3113 2257 3361 2327 quadam
3425 2257 3704 2314 nudentur

2114 2345 2407 2413 praesidiis,
2450 2346 2596 2417 quod
2635 2347 2791 2401 valde
2828 2346 3202 2416 periculosum
3234 2354 3340 2400 est.

2181 2546 2269 2601 56.
2291 2545 2347 2599 Si
2377 2546 2646 2603 dissensio
2670 2547 2977 2618 aliquorum
3004 2548 3056 2602 in
3085 2548 3325 2613 civitate,
3355 2553 3447 2601 aut
3472 2545 3702 2602 castello

2114 2636 2298 2707 aliquo
2332 2637 2516 2702 fuerit,
2555 2638 2679 2695 illos
2741 2640 3050 2709 pacitlcare,
3087 2648 3140 2693 et
3172 2639 3226 2692 in
3290 2637 3429 2692 muri
3479 2638 3707 2708 pedatu-

2115 2729 2192 2782 ris
2220 2742 2343 2782 cum
2376 2727 2589 2784 caeteris
2624 2728 2963 2799 conjungere
2995 2736 3213 2798 Oportet
3240 2746 3255 2783 :
3292 2728 3365 2782 ita
3397 2727 3487 2782 fiet
3518 2736 3575 2781 nt
3605 2743 3705 2783 ne-

2115 2833 2221 2887 que
2255 2817 2581 2871 seditionem
2638 2816 2841 2881 moliri,
2885 2816 2971 2870 vel
3026 2824 3221 2870 contra
3284 2814 3704 2884 rempublicam,

2116 2907 2198 2960 vel
2222 2916 2413 2959 contra
2436 2907 2648 2975 seipsos
2678 2906 2910 2975 possint.
2943 2905 3080 2960 Cum
3105 2906 3248 2959 enim
3283 2903 3536 2958 custodia
3568 2904 3702 2959 civi-

2118 2998 2248 3052 tatis
2282 2996 2390 3051 illis
2434 2996 2813 3051 commendata
2873 2996 2963 3061 sit,
3030 2996 3201 3051 rebus
3263 2996 3421 3051 novis
3485 2994 3708 3051 studere

2117 3089 2473 3143 erubescunt.
2532 3087 2627 3142 Sin
2665 3088 2765 3143 hoc
2798 3087 2913 3143 ﬁeri
2949 3094 3204 3157 nequeat,
3243 3086 3349 3141 alio
3399 3086 3708 3141 educantur

2124 3179 2248 3249 ipsi,
2288 3188 2342 3234 et
2374 3179 2747 3249 provideatur,
2774 3188 2834 3234 ut
2866 3194 2932 3234 ne
2954 3179 3085 3251 quid
3118 3178 3406 3234 seditionis
3432 3179 3534 3234 hoc
3558 3177 3707 3232 obsi-

2118 3271 2298 3327 dionis
2333 3282 2575 3341 tempore
2601 3287 2697 3341 per
2730 3272 2852 3327 illos
2884 3273 3212 3337 concitetur,
3243 3277 3336 3324 aut
3376 3270 3706 3340 proditionis

2117 3358 2321 3429 aliquid
2355 3359 2717 3428 suscipiatur,
2757 3367 2850 3411 aut
2898 3358 3151 3413 hostibus
3191 3357 3397 3424 aliquid
3458 3357 3706 3426 perscri-

2118 3450 2299 3514 batur,
2332 3460 2424 3506 aut
2464 3465 2588 3504 cum
2639 3450 2748 3505 illis
2784 3449 3246 3513 communicatur,
3285 3447 3391 3503 nisi
3426 3447 3539 3502 haec
3572 3462 3706 3502 con-

2117 3540 2263 3603 silio,
2299 3545 2353 3593 et
2405 3540 2701 3593 autorilate
2736 3545 2963 3592 senatus
3019 3539 3172 3601 ﬁant,
3221 3539 3307 3593 cui
3354 3538 3605 3594 custodia
3651 3545 3709 3593 et

2117 3642 2333 3686 summa
2368 3644 2551 3685 rerum
2574 3628 2680 3683 hoc
2706 3632 2822 3683 toto
2843 3625 3149 3683 obsidionis
3179 3634 3425 3697 tempore
3469 3641 3706 3683 concre-

2115 3722 2226 3775 dita
2251 3729 2356 3776 est.

2189 3809 2276 3864 57.
2316 3807 2554 3863 Portula:
2584 3805 2870 3861 civitatum
2910 3802 3163 3860 fidelibus
3194 3803 3329 3859 viris
3359 3797 3709 3858 committan-

2121 3913 2211 3956 tur
2250 3916 2429 3972 ncque
2458 3900 2634 3954 initiis
2667 3898 2978 3954 obsidionis
3007 3896 3247 3952 audeant
3289 3895 3384 3950 ulli
3421 3895 3504 3949 vel
3557 3892 3707 3947 mili-

2119 4001 2223 4058 tes,
2249 3992 2332 4046 vel
2353 3990 2500 4046 cives
2522 3990 2754 4045 lidenter
2770 3996 2925 4043 extra
2949 3994 3134 4057 portas
3153 3982 3339 4053 egredi
3363 3989 3417 4035 et
3439 3992 3706 4050 pugnare,

2121 4080 2375 4151 quamvis
2432 4078 2587 4131 multi
2640 4092 2705 4131 ac
2738 4076 2949 4132 strenui
2993 4074 3146 4128 intus
3184 4070 3394 4125 obsessi
3424 4078 3589 4139 atque
3619 4066 3709 4120 in-

2120 4170 2259 4224 clusi
2286 4167 2509 4233 fuerint,
2534 4167 2641 4222 nisi
2694 4166 2743 4221 si
2790 4165 2973 4234 aliqua
3002 4161 3224 4218 occasio
3255 4158 3421 4215 fuerit
3450 4155 3710 4226 mangani

2121 4258 2423 4329 periculose
2459 4272 2490 4311 e
2540 4271 2698 4311 muro
2732 4253 3119 4310 conturbantis
3167 4249 3446 4313 servandi,
3473 4255 3568 4302 aut
3605 4245 3713 4299 alia

2120 4351 2326 4421 quaevis
2370 4349 2667 4404 necessitas
2716 4362 2838 4415 quae
2868 4345 2937 4399 ad
2985 4343 3297 4400 exeundum
3332 4348 3571 4407 urgeat;
3613 4335 3712 4392 sed

2122 4455 2313 4497 omnes
2341 4456 2404 4496 ex
2435 4439 2818 4510 superioribus
2859 4437 2999 4494 locis
3030 4434 3350 4498 defendant,
3387 4439 3443 4488 et
3482 4445 3594 4485 non
3623 4428 3711 4484 fo-

438 4529 847 4597 κατεπείγουσα
867 4529 1048 4594 τοῦτο,
1070 4529 1206 4583 ἀλλά
1231 4528 1436 4590 πάντας
1456 4526 1663 4580 ἄνωθεν
1687 4524 2012 4595 ἀμύνασθαι,

2128 4535 2205 4590 ris
2234 4534 2611 4604 percutiantnr
2647 4539 2743 4586 aut
2783 4531 3181 4602 periclitentur.

437 4620 531 4673 καὶ
569 4621 643 4691 μὴ
669 4621 865 4686 ἔξωθεν
896 4621 1257 4691 πληγοῦσθαι,
1287 4620 1320 4689 ἢ
1353 4618 1704 4671 κινδυνεύειν.

508 4720 608 4785 νη¹.
636 4715 699 4770 Et
725 4715 834 4785 γάρ
859 4731 911 4768 τι
933 4713 1146 4768 τοιοῦτο
1173 4712 1396 4783 γένηται
1420 4750 1435 4776 ,
1486 4709 1596 4762 τῶν
1635 4709 2018 4780 δυνατωτέρων

436 4807 699 4879 ἀνδρῶνῆ
741 4807 1194 4878 ἀποθνησκόντων
1243 4806 1277 4877 ἢ
1313 4804 1727 4876 πληγουμένων,
1770 4804 1799 4855 δ
1835 4802 2018 4865 λοιπὸς

434 4901 591 4971 δχλος
648 4902 705 4953 ὲν
760 4900 1024 4972 ὀλιγωρίᾳ
1090 4900 1302 4969 γίνεται
1365 4898 1461 4952 καὶ
1516 4896 1845 4968 εὐχείρωτος
1907 4897 2018 4957 τοῖς

436 4993 530 5063 ὲχθ
540 4995 670 5063 ροῑς.

510 5082 607 5138 νθ’.
640 5081 877 5153 Φανερδν
904 5081 1012 5152 γάρ
1040 5079 1188 5134 ἐστιν
1217 5082 1300 5135 ὄτι
1331 5083 1435 5144 ἕως
1480 5080 1547 5133 ἂν
1597 5080 1648 5132 οἱ
1687 5078 1880 5148 ἄνδρες
1909 5075 2016 5129 σὼο

438 5176 624 5239 ζονται
653 5174 745 5228 καὶ
774 5175 836 5227 τὸ
858 5176 1038 5244 τεῖχος
1064 5173 1409 5237 συνίσταται,
1435 5171 1659 5224 ἐκείνων
1689 5170 1745 5222 δὲ
1777 5168 2021 5238 προδιδο-

444 5268 643 5338 μένων,
678 5269 737 5321 τὸ
763 5268 1085 5337 λειπόμενον
1117 5263 1433 5319 κινδυνεύει.

513 5358 574 5425 ξ’.
624 5360 749 5412 Ἐὰν
783 5360 841 5413 δὲ
871 5357 1235 5430 προτείχισμα
1272 5355 1385 5427 ἔχει
1413 5355 1599 5425 ἕτερον
1626 5354 1660 5425 ἢ
1688 5354 1722 5424 ἡ
1762 5353 1914 5417 πόλις
1934 5393 1949 5418 ,
1987 5352 2020 5423 ἢ

440 5452 501 5505 τὸ
530 5452 816 5523 ὀχύρωμα,
879 5452 981 5504 οὐκ
1028 5451 1229 5504 ἀτοπον
1264 5446 1453 5517 βίγλας
1479 5447 1538 5499 ὲν
1566 5443 1720 5512 αὐτῷ
1771 5443 2021 5512 γίνεσθαι

446 5544 673 5612 ἰσχυρὰς
708 5543 803 5596 καὶ
840 5540 1110 5611 ἀκριϐεῖς,
1148 5541 1244 5593 καὶ
1275 5537 1511 5608 μάλιστα
1560 5536 1639 5596 είς
1670 5536 1770 5596 τὰς
1799 5534 2020 5597 νύκτας,

443 5635 574 5689 ὅταν
597 5635 689 5687 καὶ
713 5633 1083 5705 προσφεύγειν
1105 5630 1251 5693 τινὲς
1276 5631 1355 5693 είς
1378 5631 1505 5693 τοὺς
1530 5629 1758 5700 ἐχθροὺς
1788 5626 2023 5699 μελετῶ-

445 5744 552 5790 σιν,
585 5728 679 5780 καὶ
710 5725 993 5780 ἐπιϐουλαὶ
1021 5723 1294 5795 λαθραίως
1354 5721 1495 5776 κατά
1536 5722 1633 5775 τοῦ
1664 5720 1876 5791 τείχους
1928 5718 2024 5771 δύ-

444 5833 631 5871 νανται
662 5817 927 5887 γίνεσθαι.

2196 4710 2282 4767 58.
2321 4709 2376 4765 Si
2400 4710 2547 4765 enim
2605 4710 2711 4765 tale
2745 4706 2953 4778 aliquid
2994 4706 3116 4768 ﬁat,
3175 4700 3438 4755 inferiore
3473 4712 3539 4752 ex
3590 4696 3712 4751 loco

2120 4806 2254 4858 viris
2276 4807 2361 4858 vel
2404 4802 2729 4866 interfectis,
2766 4802 2849 4856 vel
2889 4796 3193 4853 vulneratis
3220 4833 3235 4858 ,
3292 4792 3498 4861 reliqua
3549 4789 3711 4843 turba

2122 4899 2307 4949 animo
2356 4894 2641 4950 debilitata
2676 4892 2836 4947 facile
2880 4886 3133 4957 superari
3187 4885 3258 4939 ab
3311 4881 3552 4937 inimicis
3611 4892 3711 4949 po-

2124 4992 2252 5039 ιθει.

2193 5076 2282 5132 59.
2311 5074 2664 5130 Manifestum
2698 5078 2784 5127 est
2812 5069 2959 5123 enim
2990 5064 3136 5137 quod
3180 5061 3431 5134 quandiu
3458 5058 3563 5113 viri
3590 5072 3712 5113 ser-

2122 5179 2341 5230 vantur,
2372 5180 2564 5220 murus
2598 5165 2811 5231 integer
2839 5158 3099 5214 consistit
3128 5174 3141 5211 :
3180 5156 3288 5210 illis
3311 5155 3424 5224 jam
3456 5148 3710 5221 proditis,

2124 5260 2333 5328 reliqua
2356 5257 2514 5312 turba
2543 5255 2597 5310 in
2642 5252 2887 5324 periculo
2908 5259 3011 5306 est.

2210 5347 2299 5401 60.
2331 5344 2390 5400 Si
2419 5346 2567 5400 enim
2624 5340 3096 5415 propugnaculum
3148 5335 3298 5391 aliud
3362 5333 3581 5399 habeat,
3624 5330 3714 5385 vel

2128 5439 2384 5503 munitio,
2419 5436 2566 5492 haud
2602 5433 2901 5489 absurdum
2925 5430 3089 5486 fuerit
3120 5427 3389 5483 excubias
3430 5423 3504 5479 ibi
3534 5422 3711 5477 fortes

2126 5540 2181 5587 et
2208 5536 2496 5585 accuratas
2519 5528 2814 5588 collocare,
2866 5529 3147 5590 noctuque
3178 5516 3552 5587 potissimum,
3584 5522 3710 5568 cum

2126 5625 2211 5679 vel
2241 5619 2463 5692 quidam
2491 5616 2727 5673 deﬁcere
2760 5614 2830 5668 ad
2863 5615 3046 5667 hostes
3092 5606 3374 5672 studeant,
3434 5602 3522 5659 vel
3560 5598 3699 5657 insi-

2127 5715 2231 5769 dia:
2274 5711 2587 5768 clanculum
2618 5707 2792 5763 muris
2833 5703 2972 5761 strui
3011 5699 3247 5771 possint.
