4090 6440
426 359 536 424 903

1633 355 1907 416 LEONIS
1945 353 2406 417 PHILOSOPHI

3597 344 3700 407 904

500 476 593 530 6t.
638 474 1029 544 Conjectiones
1069 471 1419 543 sagittarum,
1454 475 1547 524 aut
1607 468 1871 538 lapidum,
1928 480 1994 519 au

2194 469 2292 532 ξα’.
2338 470 2497 523 Ἀλλά
2522 470 2612 522 καὶ.
2642 471 2709 522 τά
2739 468 3110 539 ἀκοντίσματα
3139 467 3171 539 ἢ
3213 468 3297 522 διὰ
3331 466 3496 531 τόξων
3530 466 3563 537 ἥ
3609 466 3696 519 διὰ

435 569 688 631 telorum,
755 567 992 621 inaniter
1040 572 1094 618 et
1156 573 1359 618 temere
1396 578 1426 617 e
1458 576 1616 616 muro
1662 574 1805 628 saepe
1841 559 1967 611 [iant
2003 563 2018 598 ε

431 676 497 714 ex
533 675 600 714 eo
644 658 790 714 enim
817 658 901 712 liet
936 664 995 709 ut
1027 656 1215 712 hostes
1260 669 1320 711 se
1368 653 1577 723 despici
1633 649 2021 718 contemnique

431 760 618 820 putent
646 751 803 820 quasi
833 749 1060 804 intertes
1089 757 1252 817 atque
1272 746 1474 817 ignavi.

502 841 591 895 62.
635 841 729 895 Sin
758 857 824 895 ex
868 841 1110 897 cisterna
1166 854 1365 909 aquam
1414 838 1652 892 habeant
1700 834 2016 906 potabilem,

430 945 538 983 non
572 945 639 985 ex
672 928 820 984 l‘onte
853 930 1038 998 aliquo
1062 929 1271 999 jttgem,
1301 935 1396 981 aut
1431 942 1496 981 ex
1552 925 1767 996 piscina
1832 921 2019 992 quoti-

427 1020 589 1074 diana
630 1021 993 1076 exhaustione
1040 1020 1397 1084 minuentem,
1435 1017 1708 1071 dividatur
1731 1028 1871 1085 aqua
1903 1026 2021 1066 om-

428 1112 590 1167 nibus
651 1113 967 1182 provisione
1023 1111 1293 1180 quadam,
1348 1124 1525 1179 neque
1550 1107 1729 1177 quivis
1761 1104 2019 1159 fortuitus

426 1211 749 1271 potestatem
773 1204 972 1259 habeat
1000 1218 1097 1273 pro
1127 1202 1395 1256 arbitratu
1422 1216 1524 1255 suo
1552 1213 1672 1254 eam
1704 1198 2016 1259 absumere,

499 1296 589 1353 65.
640 1296 698 1351 In
735 1298 946 1366 reliquo
994 1305 1301 1352 commeatu
1351 1295 1607 1350 similiter
1657 1294 1840 1349 omnia
1893 1307 2017 1347 cum

426 1384 807 1440 moderatione
836 1386 1267 1451 distribuantur,
1298 1398 1357 1441 ut
1387 1395 1440 1441 et
1463 1385 1720 1441 omnibus
1751 1384 1889 1439 satis
1919 1383 2015 1447 sit,

426 1484 482 1530 et
510 1476 724 1532 obsessi
768 1475 911 1530 ﬁrmi
950 1476 1233 1547 fortesque
1269 1476 1673 1531 custodiantur.

499 1566 587 1621 64.
617 1565 877 1622 Exeubia:
927 1566 1221 1637 diligenter
1252 1575 1305 1623 et
1337 1576 1597 1622 accurate
1644 1564 2012 1621 custodiatur.

426 1657 758 1713 Observetur
780 1658 946 1713 etiam
972 1658 1224 1713 custodia
1256 1659 1506 1728 quedam
1555 1666 1918 1724 commeatus,
1954 1661 2013 1710 ut

426 1765 495 1805 ne
528 1748 689 1805 facile
723 1765 752 1803 a
785 1750 981 1821 quovis
1014 1751 1230 1821 plebeio
1258 1749 1578 1820 decipiatur.

506 1949 597 2004 65.
634 1948 931 2007 Praefectus
981 1950 1275 2021 diligenter
1325 1949 1709 2005 adhortatione
1745 1962 1845 2003 sua
1876 1947 2000 2001 reli-

424 2054 563 2111 quos
614 2041 765 2097 intus
795 2041 1054 2098 obsessos
1084 2044 1311 2107 animet,
1341 2050 1394 2096 et
1428 2041 1727 2095 alacriores
1757 2038 1823 2093 ad
1865 2038 2003 2109 peri-

423 2132 549 2186 cula
582 2132 911 2202 laboresque
957 2132 1313 2189 sustinendos
1371 2132 1559 2196 faciat,
1591 2131 1770 2185 donee
1798 2130 1880 2184 vel
1907 2144 2002 2183 co-

423 2220 530 2290 piis
559 2221 670 2279 tuis
701 2222 945 2291 impulsi,
970 2224 1053 2279 vel
1081 2223 1185 2277 alia
1207 2223 1464 2292 quapiam
1507 2223 1574 2276 de
1607 2235 1775 2275 causa
1806 2220 1995 2274 conci-

424 2311 522 2365 tati
567 2312 755 2369 hostes
810 2314 882 2369 ab
929 2313 1222 2370 obsidione
1269 2312 1575 2368 discedant.
1644 2308 1998 2365 [neut-siones

421 2422 645 2477 quoque
677 2416 912 2475 quantas
935 2406 1205 2460 maximas
1236 2412 1419 2475 potest
1454 2404 1750 2473 imperator
1809 2403 1863 2456 in
1895 2402 1997 2456 ob-

421 2512 669 2552 sessores
696 2496 886 2562 faciat,
913 2496 1257 2565 diversisque
1305 2504 1571 2564 quantum
1620 2499 1806 2563 potest
1862 2492 2001 2545 irru-

422 2586 709 2657 ptionib'us
764 2586 990 2641 invadat
1038 2603 1052 2639 :
1092 2594 1447 2654 tumoresque
1476 2584 1778 2653 dispergat,
1828 2581 1996 2635 alium

424 2676 721 2731 maximum
773 2676 1077 2731 exercitum
1144 2673 1442 2729 adventare
1496 2684 1601 2729 :et
1654 2687 1999 2745 quaecunque

423 2768 553 2824 talia
601 2765 1033 2837 perterrefacere
1061 2766 1251 2823 hostes
1278 2775 1533 2836 possunt.

493 2860 581 2916 66.
620 2861 747 2915 Ha‘c
768 2874 891 2930 qua:
925 2875 952 2913 a
984 2874 1071 2913 me
1096 2866 1522 2913 commemorata
1548 2863 1699 2922 sunt,
1734 2855 1997 2911 obsessus

425 2951 606 3019 faciat,
642 2963 696 3008 et
733 2953 839 3006 alia
879 2950 1127 3021 quaadam
1160 2949 1426 3006 adversus
1463 2949 1707 3020 singulas
1729 2949 1989 3004 obsesso-

422 3062 543 3103 rum
606 3044 1039 3099 machinationes
1089 3042 1440 3113 praaparabit,
1484 3051 1537 3095 et
1586 3040 1651 3094 ad
1704 3040 1994 3111 praedictas

2123 562 2308 629 λίθων,
2356 563 2389 632 ἢ
2435 562 2521 614 διὰ
2558 561 2979 633 τοξοϐολιστρῶν
3008 562 3084 631 μὴ
3112 561 3356 629 ἀκαίρως
3389 560 3487 613 καὶ
3518 559 3697 628 μάτην

2123 654 2184 705 ἐκ
2215 653 2307 706 τοῦ
2342 653 2551 722 τείχους
2592 655 2783 717 ποιεῖν,
2809 653 2901 705 καὶ
2933 653 2995 704 ἐκ
3016 651 3209 704 τούτου
3245 652 3324 713 είς
3350 650 3696 719 καταφρόνη-

2125 764 2208 799 σιν
2238 744 2483 814 γίνεσθαι
2514 744 2654 798 αὑτά
2688 747 2797 807 τοῖς
2831 742 3094 806 ἐναντίοις
3122 742 3196 804 ὼς
3231 741 3306 812 μὴ
3344 740 3695 810 ἐνεργοῦντα.

2193 839 2289 909 ξβί.
2308 837 2432 891 Ἐάν
2451 837 2507 891 δὲ
2528 836 2634 890 ἀπὸ
2660 836 2977 905 κινστέρνας
3000 834 3162 906 ἔχωσι
3185 834 3246 886 τὸ
3273 833 3502 902 πόσιμον
3529 831 3695 899 ὕδωρ,

2123 933 2217 987 καὶ
2248 932 2349 985 οὐκ
2374 931 2483 985 ἀπὸ
2505 930 2686 999 πηγῆς
2718 928 3084 993 ἀδιαλείπτου,
3116 927 3149 995 ἢ
3182 925 3291 979 ἀπὸ
3325 923 3558 995 πλεθροῦ
3589 922 3694 973 ὀλι-

2123 1024 2409 1097 γούμενον,
2432 1026 2491 1079 τὸ
2514 1023 2659 1094 ὕδωρ
2681 1022 2864 1093 μέτρῳ
2892 1021 3000 1075 τινὶ
3034 1021 3129 1075 καὶ
3164 1019 3426 1089 διοικήσει
3450 1016 3695 1084 γίνεσθαι

2122 1118 2219 1189 τὴν
2250 1116 2529 1186 διανομὴν,
2567 1114 2662 1167 καὶ
2688 1114 2762 1184 μὴ
2790 1113 2935 1183 ἔχειν
2962 1111 3048 1166 ἐπ’
3076 1110 3325 1177 ἐξουσίας
3352 1107 3445 1161 τὸν
3474 1106 3695 1159 θέλοντα

2122 1212 2195 1276 ὡς
2226 1211 2451 1280 ἀρέσκει
2485 1206 2634 1278 αὐτῷ
2671 1206 2937 1276 δαπανᾷν.

2193 1301 2292 1370 ξγ’.
2341 1299 2573 1369 Ὁμοίως
2600 1297 2694 1349 καλ⁵
2726 1297 2818 1349 ἐπὶ¹
2865 1295 2962 1364 τῆς
3003 1293 3169 1363 ἄλλης
3212 1291 3457 1358 δαπάνης
3480 1285 3693 1356 συμμέ-

2120 1411 2262 1465 τρως
2286 1393 2501 1447 ἅπαντα
2528 1388 2797 1458 γίνεσθαι,
2829 1387 2916 1442 ἵνα
2946 1388 3040 1440 καὶ
3069 1387 3233 1456 ἀρκῇ,
3266 1383 3359 1436 καὶ
3387 1381 3695 1452 εὐρώστους

2119 1489 2243 1551 τοὺς
2271 1483 2759 1555 πολιορκουμένους
2793 1480 3058 1552 φυλάττῃ.

2191 1579 2282 1646 ξδ’.
2324 1579 2435 1642 Τὰς
2465 1578 2520 1631 δὲ
2553 1577 2740 1647 βίγλας
2763 1573 3035 1645 ἐπιμελῶς
3082 1571 3225 1625 κατὰ
3257 1567 3508 1640 διαδοχὴν
3545 1567 3693 1634 γίνε-

2119 1672 2263 1735 σθαι,
2308 1669 2402 1723 atati.
2430 1666 2665 1738 μάλιστα
2700 1667 2757 1718 ἐν
2780 1666 2899 1727 ταῖς
2932 1661 3070 1726 νυξί.
3119 1662 3205 1713 Ἐν
3229 1656 3597 1730 παραφυλακῇ
3632 1655 3691 1708 δὲ

2038 1793 2086 1855 Β
2117 1762 2400 1835 τηρεῖσθαι
2442 1762 2535 1815 καὶ
2568 1760 2667 1829 τὴν
2693 1758 2960 1826 δαπάνην,
2996 1755 3075 1819 είς
3102 1752 3161 1808 τὸ
3200 1752 3276 1825 μὴ
3311 1751 3547 1814 εὐκόλως
3587 1748 3691 1803 ὑπὸ

2110 1856 2218 1910 τῶν
2238 1856 2508 1924 τυχόντων
2534 1848 2954 1923 διαρπάζεσθαι.
3554 1926 3555 1929 η

2177 1946 2269 2011 ξε’.
2296 1946 2589 2015 Παραινεῖν
2615 1942 2673 1995 δέ
2702 1940 3088 2014 συνεχέστερον
3116 1937 3207 1990 τὸν
3230 1933 3536 2006 κρατοῦντα
3561 1932 3687 1996 τοὺς

2105 2040 2253 2103 ἐντὸς
2276 2038 2363 2091 διὰ
2400 2036 2593 2104 λόγων,
2634 2035 2729 2088 καὶ
2768 2032 3197 2103 προθυμοποιεῖν
3252 2030 3390 2099 πρδς
3420 2027 3519 2096 τὴν
3554 2026 3690 2078 ὑπο-

2105 2132 2295 2203 μονὴν,
2330 2130 2436 2193 ἓως
2468 2128 2577 2181 είτε
2607 2126 2697 2180 διὰ
2724 2126 2821 2195 τῆς
2859 2126 2958 2195 σῆς
2989 2122 3291 2193 δυνάμεως,
3331 2121 3440 2173 εἴτε
3471 2119 3539 2172 δι’
3570 2116 3687 2169 ἐτέ-

2105 2243 2205 2298 ρας
2230 2222 2409 2285 αἰτίας
2439 2224 2467 2275 ὀ
2497 2220 2687 2291 καιρὸς
2721 2219 2819 2287 τῆς
2856 2216 3256 2287 ἀναχωρήσεως
3289 2213 3399 2267 τῶν
3450 2211 3681 2283 ἐχθρῶν.

2115 2315 2443 2385 Ἐπιδρομάς
2482 2314 2537 2366 δέ
2560 2314 2731 2364 ποιεῖν
2754 2310 2845 2362 τὸν
2880 2306 3183 2379 στρατηγὸν
3228 2307 3352 2360 ὅσον
3389 2306 3423 2374 ή
3450 2302 3682 2372 δύναμις

2101 2408 2316 2477 ἀπαντᾷ
2355 2405 2494 2458 κατὰ
2517 2404 2624 2457 τῶν
2655 2400 3085 2471 πολιορκούντων
3113 2398 3202 2451 διά
3226 2414 3386 2450 τινων
3406 2394 3683 2465 διαφόρων

2101 2497 2418 2569 προσϐολῶν
2452 2496 2547 2549 καὶ
2572 2496 2785 2565 φήμης,
2813 2494 2887 2556 ὡς
2916 2493 3104 2561 ἐτέρου
3140 2489 3395 2543 πλείστου
3446 2483 3681 2556 στρατοῦ

2101 2591 2498 2663 ἐπερχομένου,
2553 2589 2650 2643 καὶ
2692 2590 2792 2643 ὅσα
2849 2587 3027 2657 θροεῖν
3077 2586 3302 2640 δύναται
3344 2583 3470 2647 τοὺς
3524 2581 3683 2634 πολε-

2104 2688 2283 2759 μίους.

2171 2868 2280 2935 ξςν.
2315 2862 2499 2919 Ταῦτα
2557 2863 2657 2934 μὲν
2685 2859 2779 2917 οὖν
2829 2857 3291 2930 πολιορκούμενος
3337 2855 3553 2925 ποιήσει
3578 2853 3677 2907 ὅσα

2102 2979 2192 3032 μοι
2220 2960 2453 3029 εἴρηται,
2507 2956 2603 3009 καὶ
2657 2954 2821 3024 ἕτερα
2852 2952 2911 3005 δέ
2957 2968 3077 3005 τινα
3130 2948 3555 3019 προσεπινοήσει
3607 2945 3679 2997 τὰ

2099 3051 2318 3104 ἐναντία
2356 3047 2493 3118 πρὸς
2521 3046 2752 3100 ἕκαστον
2791 3045 2898 3098 τῶν
2930 3041 3081 3115 παρὰ
3130 3040 3223 3094 τοῦ
3263 3036 3675 3110 πολιορκοῦντος

418 3137 667 3192 hostium
720 3133 1160 3188 machinationes
1194 3148 1326 3189 suas
1362 3132 1651 3194 adhibens,
1704 3133 1995 3188 confestim

2106 3142 2535 3215 μηχανωμένων,
2566 3138 2661 3193 καὶ
2680 3138 2807 3208 παρ’
2835 3136 2991 3207 ἡμῶν
3012 3133 3318 3205 εἰρημένων
3341 3128 3676 3200 ἔμπροσθεν,

420 3227 685 3297 intelliget
722 3226 1180 3296 quemadmodum
1224 3226 1516 3283 adversum
1578 3225 1828 3297 singulas
1881 3238 1998 3278 tua-

423 3320 765 3377 chinationes
794 3334 1044 3394 pugnare
1082 3322 1274 3390 possit.

490 3498 581 3555 6‘7.
627 3498 749 3555 Non
798 3500 1213 3572 praetermittam
1243 3498 1346 3555 hoc
1394 3498 1537 3566 loco,
1571 3497 1714 3569 quod
1748 3496 1879 3552 mihi
1913 3498 1998 3553 itt-

424 3592 661 3662 quirenti
702 3593 992 3664 diligenter
1018 3593 1322 3663 cognitum,
1354 3600 1521 3662 atque
1582 3592 1865 3647 inventum
1913 3596 1997 3645 est

428 3685 784 3754 (quanquam
843 3683 947 3738 hoc
995 3692 1241 3753 tempore
1293 3683 1520 3737 minime
1577 3683 1837 3737 usitatum
1889 3681 1999 3737 fre-

424 3780 856 3843 quentatumque
885 3773 996 3844 sit)
1028 3772 1301 3843 quomodo
1332 3774 1666 3837 clanculum,
1696 3782 1750 3828 et
1801 3774 1997 3828 celeri-

423 3875 507 3923 ter
530 3867 890 3921 munitionem
940 3867 1179 3937 aliquam
1221 3874 1504 3924 exstruere
1531 3868 1585 3921 in
1609 3866 1850 3923 hostium
1881 3866 1996 3920 ﬁni-

421 3957 525 4014 bus
554 3958 853 4028 imperator
866 3958 1068 4029 possit.
1095 3958 1546 4014 Considerandus
1574 3960 1809 4028 primum
1840 3959 1992 4014 locus

421 4050 622 4120 aliquis
674 4049 886 4117 ﬁrmus,
932 4054 1027 4120 qui
1075 4050 1286 4114 decem,
1320 4061 1413 4106 aut
1460 4051 1749 4107 duodecim
1798 4048 1994 4107 diebns

421 4142 577 4197 arido
608 4142 752 4213 ligno
796 4143 1097 4213 circumjici
1129 4143 1323 4213 possit,
1364 4145 1409 4199 si
1437 4144 1655 4214 quando
1674 4143 1857 4214 gravis
1891 4142 1994 4196 ali-

423 4250 531 4305 qua
559 4237 805 4291 incursio
831 4237 1073 4293 hostium
1109 4238 1333 4293 timetur
1368 4256 1379 4293 :
1413 4239 1609 4293 deinde
1640 4238 1685 4294 si
1709 4237 1993 4293 abundan-

423 4328 495 4380 tia
531 4328 711 4395 aliqua
744 4327 1038 4398 lignorum,
1085 4327 1346 4398 lapidum,
1377 4328 1611 4384 laterum
1648 4329 1700 4383 in
1732 4337 1987 4400 promptu

2100 3234 2393 3295 ἀντιτιθεὶς
2431 3230 2660 3292 ἐκείνοις
2686 3228 2753 3281 τὰ
2785 3227 2893 3281 ἴδια
2922 3228 2986 3280 ἐκ
3024 3224 3114 3278 τοῦ
3144 3223 3410 3276 ἐναντίου.
3436 3219 3676 3274 Αὑτόθεν

2098 3329 2207 3398 γάρ
2239 3326 2518 3396 ἐπινοήσει
2554 3323 2671 3386 πῶς
2702 3322 2783 3375 δεῖ
2810 3320 3024 3390 ἑκάστῳ
3053 3318 3163 3372 τῶν
3193 3315 3549 3387 ἐπαγομένων
3580 3315 3677 3368 ἀν-

2096 3418 2445 3491 τιμάχεσθαι.

2171 3509 2266 3575 ξῖἶ-
2319 3509 2395 3562 υῦ
2445 3505 2766 3577 παραλείψω
2803 3503 2861 3558 δέ
2916 3502 3008 3558 καὶ
3058 3503 3195 3573 ὅπερ
3242 3518 3333 3571 μοι
3384 3497 3674 3570 ἐρευνῶντι

2099 3601 2327 3672 εὕρηται
2350 3601 2443 3653 καὶ
2466 3600 2824 3666 ἀνέγνωσται,
2846 3598 2893 3650 εί
2916 3595 3009 3648 καὶ
3031 3593 3104 3665 μὴ
3119 3594 3213 3647 νῦν
3234 3596 3350 3646 ἐστι
3375 3590 3677 3661 περισπού-

2097 3696 2314 3760 δαστον,
2340 3690 2583 3764 περὶτοῦ
2609 3691 2726 3754 πῶς
2754 3689 2975 3744 δυνατὸν
3023 3686 3299 3758 λαθραίως
3339 3684 3426 3738 διά
3472 3684 3675 3753 τάχους

2098 3787 2304 3853 κτίζειν
2332 3785 2592 3857 φρούριον
2625 3783 2715 3836 τὸν
2760 3780 3082 3852 βουλόμενον
3115 3777 3420 3849 στρατηγὸν
3450 3778 3509 3829 ἐν
3552 3774 3677 3844 μεθ-

2097 3881 2229 3951 ορίῳ
2259 3877 2532 3946 πολεμίων
2559 3874 2791 3944 ἀλλαχοῦ
2815 3890 2917 3926 που
2933 3871 3264 3925 λανθάνοντα
3282 3869 3407 3932 τοὺς
3424 3866 3675 3938 ἐχθρούς.

2097 3973 2371 4044 Πρότερον
2399 3968 2498 4037 μὲν
2528 3967 2639 4039 γὰρ
2669 3966 2751 4019 δεῖ
2779 3981 2838 4017 σε
2867 3965 3284 4033 κατασκοπῆσαι
3336 3961 3500 4014 τόπον
3548 3960 3677 4028 ὀχυ-

2099 4064 2212 4135 ρδν,
2250 4061 2547 4131 δυνάμενον
2579 4057 2669 4112 διά
2687 4055 2871 4125 δέκαῆ
2898 4053 3104 4109 δώδεκα
3128 4052 3351 4124 ἡμερῶν
3375 4051 3464 4106 διὰ
3500 4050 3674 4121 ξηρᾶς

2096 4156 2230 4225 ὕλης
2256 4151 2651 4225 περιϐληθῆναι
2672 4150 2729 4202 ἐν
2752 4147 2928 4219 καιρῷ
2952 4147 3211 4217 ἐπιφόϐου
3238 4144 3541 4217 προσϐολῆς
3561 4141 3673 4195 τῶν

2094 4247 2393 4319 πολεμίων,
2420 4244 2515 4299 καὶ
2535 4244 2629 4297 ἐάν
2658 4243 2795 4296 εἰσιν
2818 4241 2940 4295 ὕλαι
2971 4240 3197 4308 πλησίον
3223 4238 3396 4302 λίθου,
3421 4238 3454 4308 ἢ
3488 4236 3670 4302 ξύλου,

2094 4346 2127 4416 ἢ
2160 4339 2384 4395 πλίνθου
2415 4335 2659 4406 ἑτοίμης,
2705 4334 2802 4388 καὶ
2846 4332 2993 4387 ἐστιν
3027 4331 3203 4402 ὕδωρ,
3248 4330 3282 4402 ἢ
3315 4328 3673 4400 ἐπινοηθῆναι

420 4418 513 4483 sit,
538 4425 593 4473 et
626 4418 671 4471 si
708 4432 854 4488 aqua
883 4419 982 4484 ibi,
1010 4420 1094 4474 vel
1120 4428 1316 4489 praesto
1348 4420 1439 4482 sit,
1474 4421 1553 4476 vel
1580 4423 1759 4490 parari
1791 4420 1983 4492 possit.
2018 4453 2065 4509 Ι)
2091 4434 2337 4492 δυνατόν,

497 4508 587 4562 68.
625 4506 849 4563 Parabis
888 4510 1126 4565 artiﬁces
1166 4510 1414 4578 idoneos,
1470 4523 1677 4581 portas,
1728 4522 1782 4569 et
1830 4528 1987 4569 man-

417 4610 556 4665 gana
586 4610 892 4661 murorum,
923 4606 976 4651 et
1004 4598 1258 4666 praesidia
1297 4598 1491 4655 idonea
1531 4601 1774 4669 peditum
1806 4616 1989 4655 arma-

420 4696 600 4742 torum
662 4697 1035 4752 strenuorum,
1071 4688 1575 4761 prmfectorumque
1628 4692 1985 4761 prudentum,

418 4795 483 4835 ac
512 4780 777 4836 nobilium
814 4800 827 4836 :
872 4797 1135 4837 curruum
1173 4797 1403 4853 quoque
1451 4784 1696 4840 subsidia
1729 4787 1886 4855 quasi
1922 4785 1989 4840 ad

422 4870 691 4926 fossatum
726 4872 1111 4928 instruendum
1176 4881 1230 4928 et
1271 4873 1596 4929 limandum
1650 4893 1662 4929 :
1711 4892 1988 4934 commea-

417 4970 532 5018 tum
581 4972 845 5032 prteterea
876 4968 1039 5020 trium
1071 4975 1165 5022 aut
1216 4979 1450 5037 quatuor
1500 4970 1793 5035 mensium,
1825 4974 1907 5027 vel
1942 4973 1989 5028 si

417 5070 558 5126 opus
588 5055 660 5110 sit
699 5056 967 5113 universae
1000 5060 1208 5114 aestatis
1236 5077 1248 5113 :
1283 5069 1472 5131 pastus
1530 5062 1738 5117 vicinos
1767 5080 1829 5119 ae
1870 5064 1991 5119 liui-

418 5149 581 5203 titnos
608 5164 803 5206 omnes
837 5150 1154 5208 incendens.
1186 5152 1284 5207 Sin
1320 5156 1388 5209 ad
1419 5155 1854 5213 comburendum
1884 5157 1988 5212 dif-

420 5240 589 5296 ﬁciles
639 5239 880 5306 fuerint,
932 5244 1225 5299 absumant
1257 5246 1566 5312 universos,
1625 5264 1988 5319 rumoresque

414 5331 718 5403 disperges,
742 5334 882 5389 velle
913 5343 965 5391 te
996 5337 1104 5391 alio
1141 5337 1195 5391 in
1238 5322 1358 5392 loco
1388 5339 1758 5397 incursionem
1790 5345 1988 5399 adver-

414 5440 513 5481 sus
552 5425 739 5482 hostes
764 5425 967 5491 facere,
999 5436 1053 5484 et
1078 5429 1329 5496 praesidia
1355 5433 1603 5501 quaedam
1638 5434 1704 5489 ad
1750 5449 1873 5490 eum
1911 5435 1989 5489 lo-

413 5528 537 5569 cum
569 5515 637 5569 de
656 5530 765 5585 quo
792 5531 982 5571 rumor
1010 5526 1095 5573 est
1126 5520 1335 5583 mittes,
1359 5528 1418 5574 ut
1444 5523 1515 5576 ibi
1547 5531 1599 5578 te
1622 5524 1989 5594 exspectando

412 5604 603 5660 hostes
631 5616 922 5671 vexentur,
964 5618 1187 5680 tumque
1220 5613 1408 5667 subito
1443 5624 1570 5670 ante
1625 5616 1770 5671 diem
1808 5633 1978 5672 unum

433 5694 705 5752 animabis
735 5712 831 5754 eos
862 5700 958 5767 qui
1000 5700 1059 5755 in
1105 5700 1246 5757 hanc
1279 5703 1638 5761 munitionem
1683 5708 1985 5778 ingressuri

2170 4526 2273 4592 ξη’.
2308 4522 2418 4577 Καὶ
2442 4519 2971 4593 προπαρασκευάσαι
3010 4514 3261 4584 τεχνίτας
3296 4511 3546 4575 ἱκανοὺς,
3577 4508 3672 4563 καὶ

2100 4616 2326 4687 πόρτας,
2359 4613 2453 4667 καὶ
2483 4614 2739 4681 μάγγανα
2778 4608 3013 4678 τείχους,
3061 4606 3156 4659 καὶ
3191 4604 3440 4675 βοήθειαν
3470 4599 3672 4671 ἀρκοῦ-

2100 4724 2200 4762 σαν
2258 4705 2437 4770 πεζῶν
2469 4704 2709 4758 ἐνόπλων
2758 4701 2853 4755 καὶ
2903 4697 3165 4768 γενναίων
3213 4698 3351 4768 μετὰ
3395 4698 3675 4766 ἀρχόντων

2099 4799 2380 4871 φρονίμων
2422 4796 2518 4850 καὶ
2570 4794 2845 4864 εὐψύχων,
2895 4792 3013 4862 ἅμα
3053 4794 3148 4845 καὶ
3206 4788 3454 4860 ἁμαξῶν,
3495 4790 3571 4851 ὡς
3590 4788 3674 4851 είς

2098 4890 2370 4960 φοσσάτου
2401 4886 2563 4951 ⁹τάξιν
2601 4886 2695 4941 καὶ
2735 4884 3034 4953 ἀσφάλειαν
3083 4882 3264 4936 αὐτῶν
3299 4884 3394 4935 καὶ
3426 4880 3675 4950 δαπάνην

2095 4980 2262 5052 τριῶν
2291 4979 2323 5049 ἦ
2349 4978 2631 5047 τεσσάρων
2660 4974 2864 5045 μηνῶν,
2907 4974 3017 5026 Καὶ
3049 4975 3096 5025 εἰ
3124 4972 3313 5042 καιρός
3340 4974 3457 5025 ἐστι
3482 4968 3673 5042 Θέρους

2098 5072 2379 5144 ἐμπρῆσαι
2406 5070 2503 5133 τὰς
2540 5068 2738 5139 βοσκὰς
2760 5068 2860 5130 τὰς
2900 5066 3125 5136 πλησίον
3164 5063 3257 5118 τοῦ
3295 5065 3494 5118 τόπου·
3529 5066 3577 5117 εί
3615 5063 3672 5116 δὲ

2095 5165 2298 5234 καῆναι
2324 5164 2605 5232 δυσχερεῖς
2630 5161 2791 5226 εἰσιν,
2826 5157 3280 5227 καταδαπανῆσαι
3331 5157 3525 5220 αὑτάς,
3575 5156 3672 5209 καὶ

2095 5255 2423 5326 διαφημίσαι
2473 5252 2549 5316 ὡς
2600 5253 2659 5305 ἐν
2706 5251 2878 5321 ἑτέρῳ
2922 5250 3073 5320 τόπῳ
3109 5248 3355 5319 ποιήσεις
3389 5248 3530 5302 κατά
3562 5249 3670 5301 τῶν

2095 5346 2307 5417 ἐχθρῶν
2339 5345 2652 5398 ἐπέλευσιν·
2699 5343 2796 5398 καὶ
2852 5341 3092 5411 πέμψεις
3143 5342 3395 5411 βοήθειαν
3452 5341 3669 5411 ἀσφαλῆ

2094 5438 2238 5492 κατὰ
2267 5436 2361 5490 τοῦ
2388 5434 2760 5507 φημιζομένου
2787 5434 2975 5497 τόπου,
3005 5433 3093 5486 ἵνα
3119 5434 3238 5485 ἐκεῖ
3261 5422 3669 5501 προσδοκῶντες

2095 5525 2472 5595 περισπῶνται
2503 5527 2552 5579 οἱ
2591 5525 2799 5595 ἐχθροὶ,
2844 5524 2939 5577 καὶ
2970 5524 3090 5576 τότε
3140 5522 3247 5593 πρὸ
3297 5524 3424 5592 μιᾶς
3456 5522 3669 5593 ἡμέρας

2096 5615 2362 5688 θαρῤήσει
2398 5619 2510 5680 τοῖς
2542 5616 2846 5685 ὀφείλουσιν
2876 5615 3138 5669 εἰσελθεῖν
3161 5618 3220 5668 ἐν
3247 5614 3325 5685 τῷ
3358 5616 3525 5683 τόπῳ,
3577 5614 3671 5668 καὶ

2095 5712 2217 5767 τινὰ
2247 5708 2346 5781 μὲν
2378 5707 2527 5779 δῶρα
2555 5707 2735 5764 δοῦναι
2758 5710 2835 5773 είς
2866 5707 3181 5780 προτροπὴν
3204 5707 3404 5775 αὐτῶν,
3442 5705 3562 5759 τινὰ
3611 5704 3668 5757 δὲ
