4090 6440
340 378 448 441 905
1430 372 1765 436 TACTICA.
1791 398 1862 407 —
1891 370 2398 434 CONSTITUTIO
2428 372 2548 435 XV.
3524 371 3633 437 906

345 497 441 549 καὶ
465 491 922 562 ἐπαγγέλλεσθαι,
946 491 1040 545 καὶ
1071 490 1333 559 αἰφνίδιον
1360 490 1418 544 ἐν
1448 490 1623 560 ἑτέρῳ
1647 490 1797 560 τόπῳ
1818 488 1927 541 τῶν
1956 534 1961 545 .

2061 496 2180 554 unt,
2219 496 2273 542 et
2347 487 2599 558 qumdam
2656 484 2800 541 dona
2856 483 2966 541 illis
3017 484 3085 540 ad
3125 484 3482 556 impellendos
3535 499 3633 541 eos

346 588 558 660 ἐχθρῶν
610 584 1026 657 ἀσχολουμένων
1089 586 1229 655 μετά
1283 584 1485 648 παντὸς
1540 582 1637 636 τοῦ
1701 581 1934 653 στρατοῦ

2061 581 2227 646 labis,
2256 579 2509 652 quadam
2541 594 2670 636 vero
2701 579 2864 635 etiam
2923 585 3186 649 praeterea
3222 579 3533 648 promittes.
3567 593 3635 633 ac

348 681 579 750 ἐπιστῇς
603 676 680 749 τῷ
713 676 1008 747 ὡρισμένῳ
1036 694 1119 731 σοι
1156 676 1328 746 τόπῳ,
1360 677 1454 730 καὶ
1495 676 1716 747 στήσεις
1752 674 1943 745 βίγλας

350 769 633 838 ἀσφαλεῖς,
663 768 757 823 καὶ
776 768 827 821 οἱ
858 768 1015 832 πεζοὶ
1033 767 1450 837 ἀπληκεύσουσι
1481 766 1668 837 κύκλῳ
1691 766 1785 820 τοῦ
1813 766 1944 837 ὀχυ-

354 865 628 937 ρώματος,
653 862 749 915 καὶ
778 861 984 932 τάφρον
1015 861 1323 932 βαθυτάτην
1350 860 1599 929 ποιήσεις
1618 899 1636 926 ,
1682 860 1731 913 εἰ
1764 858 1944 913 ἐπιδέ-

352 973 507 1028 χεται
534 957 562 1008 ὀ
592 954 776 1018 τόπος.

425 1129 522 1196 ξθ’.
550 1129 659 1183 Καὶ
684 1131 732 1183 εί
761 1129 859 1200 μὲν
889 1128 1059 1195 λίθος,
1079 1129 1114 1201 ἢ
1145 1129 1363 1191 πλίνθος
1389 1129 1947 1201 εὑρίσκεται,οίκοδο·

358 1223 530 1291 μῆσαι
555 1219 719 1290 ξηρὸν
748 1219 849 1283 δεῖ,
884 1220 979 1273 καὶ
1018 1220 1180 1289 δῆσαι
1206 1220 1295 1273 διὰ
1339 1219 1512 1287 ξύλων
1543 1221 1803 1291 ἀσφαλῶς
1853 1223 1948 1275 καὶ

357 1313 626 1384 συνεχῶς·
658 1314 709 1366 εί
743 1311 799 1364 δὲ
834 1310 965 1376 ξύλα
993 1312 1154 1382 μόνον
1185 1312 1319 1378 είσὶ,
1351 1312 1421 1366 δι’
1463 1312 1646 1366 αὐτῶν
1690 1312 1952 1366 ἀποκλεί-

358 1424 449 1460 σαι
474 1406 653 1474 ὀλίγον
688 1405 782 1459 καὶ
814 1404 1011 1474 ὀχυρὸν
1046 1404 1211 1457 τόπον
1237 1404 1332 1458 καὶ
1366 1403 1440 1475 μὴ
1479 1404 1653 1475 μέγαν
1679 1404 1840 1468 τέως.

427 1505 490 1553 0'.
517 1497 673 1551 Μετὰ
698 1496 755 1549 δὲ
784 1496 844 1549 τὸ
878 1495 1309 1566 ἀποκλεισθῆναι
1358 1496 1524 1550 αὐτὸν
1555 1496 1694 1550 κατά
1743 1496 1836 1548 τὸν
1860 1496 1950 1549 λε-

357 1590 555 1661 χθέντα
576 1588 742 1641 τόπον
774 1586 910 1655 (‘20),
946 1588 997 1639 εἰ
1030 1588 1130 1657 μὲν
1157 1570 1478 1659 ὁρμήσωσιν
1509 1588 1557 1640 oi
1597 1587 1786 1658 ἐχθροὶ
1810 1587 1953 1640 κατὰ

357 1682 452 1737 τοῦ
482 1682 673 1744 τόπου,
710 1670 805 1735 καὶ
831 1678 980 1744 οἶδας
1003 1680 1085 1733 ὅτι
1115 1679 1176 1732 οὐ
1198 1678 1424 1733 δύνασαι
1451 1679 1589 1751 πρὸς
1616 1680 1797 1751 μάχην
1828 1681 1954 1733 ἀντ-

358 1777 524 1848 έχειν,
561 1775 682 1829 τότε
709 1774 1091 1845 ἀναχωρήσεις
1126 1772 1236 1845 πρὸ
1278 1775 1378 1845 τῆς
1420 1772 1724 1845 παρουσίας
1749 1772 1952 1839 αὐτῶν,

358 1868 675 1923 καταλιπὼν
725 1866 928 1920 ἔσωθεν
974 1868 1102 1930 τοὺς
1160 1868 1405 1933 ἱκανοὺς,
1451 1868 1547 1920 καὶ
1580 1866 1954 1937 ἁπληκεύσεις

361 1959 589 2031 πλησίον
616 1958 893 2023 τοσοῦτον,
926 1957 1068 2012 ὥστε
1106 1959 1246 2030 μήτε
1281 1959 1451 2026 ἐγγὺς
1479 1958 1588 2011 τῶν
1633 1957 1844 2028 ἐχθρῶν
1878 1954 1955 2011 ε’ί-

361 2069 472 2117 ναι,
518 2051 614 2105 καὶ
648 2050 1062 2121 ἀναγκασθῆναι
1124 2050 1469 2121 πολεμῆσαι,
1536 2052 1676 2121 μήτε
1712 2049 1956 2120 μήκοθεν

362 2143 471 2198 τῶν
511 2146 569 2197 ἐν
593 2142 671 2214 τῷ
701 2142 1043 2215 ὀχυρώματι,
1062 2143 1151 2196 ἵνα
1184 2143 1259 2214 μὴ
1279 2142 1672 2214 εὐκαιροῦντες
1703 2142 1957 2214 οίέχθροὶ

364 2234 610 2308 σφοδρῶς
648 2236 954 2291 ἐπίκεινται
983 2238 1098 2302 τοῖς
1124 2236 1350 2291 ἔσωθεν.

434 2425 534 2472 οα’.
562 2417 764 2482 Δώσεις
792 2417 849 2471 δὲ
882 2418 1108 2488 σημεῖον
1135 2419 1245 2481 τοῖς
1276 2417 1334 2471 ὲν
1362 2417 1534 2488 αύτῷ,
1566 2418 1620 2471 τί
1660 2419 1760 2490 μὲν
1803 2420 1861 2472 ἐν
1890 2422 1956 2491 τῇ

366 2508 639 2579 ἠμέρᾳ,τί
669 2508 726 2561 δὲ
750 2509 807 2560 ἐν
844 2510 910 2579 τῇ
934 2508 1091 2561 νυκτὶ
1116 2507 1391 2576 ὀφείλουσι
1427 2512 1621 2572 ποιεῖν,
1660 2509 1731 2563 δι’
1761 2504 1822 2564 οὗ
1852 2527 1960 2578 φα-

374 2602 535 2674 νερὸν
565 2602 719 2656 ἔσται
754 2619 858 2667 σοι,
886 2604 944 2656 ἐν
975 2601 1106 2673 ποίᾳ
1129 2602 1267 2655 εἰσὶν
1294 2601 1344 2655 οἱ
1375 2601 1825 2667 ἀποκλεισθέντες
1859 2622 1960 2658 κα-

366 2696 633 2749 ταστάσει
648 2735 662 2749 .

440 2784 539 2856 οβ’.
574 2784 637 2839 Εἰ
666 2785 722 2839 δὲ
750 2784 976 2840 δυνατὸν
1009 2784 1098 2838 διά
1133 2784 1369 2852 πεζικῆς
1396 2784 1579 2856 μάχης
1618 2785 1964 2856 ἀποσοϐηθῆ-

366 2894 460 2931 ναι
479 2879 601 2943 τοὺς
625 2876 876 2950 ἐχθροὺς,
890 2878 987 2931 ἐὰν
1006 2878 1115 2949 ἀρα
1134 2878 1570 2948 περίστασις,ίὼς
1590 2877 1758 2941 εἰκὸς,
1777 2896 1839 2933 συ
1848 2880 1958 2951 μ6ῇ

369 2970 483 3033 τοῖς
512 2970 572 3023 ἐν
598 2968 676 3040 τῷ
710 2969 974 3042 φρουρίῳ,
1000 2969 1122 3023 οὐδὲ
1145 2970 1304 3023 τοῦτο
1332 2969 1415 3023 δεῖ
1440 2969 1850 3039 ὑπερτίθεσθαι,
1876 2971 1964 3025 ἵνα

374 3062 451 3133 μὴ
479 3059 682 3115 ἔσωθεν
716 3061 1127 3116 κινδυνεύωσιν.
1414 3087 1416 3090 ν

442 3146 543 3218 ογ’.
578 3150 748 3241 Ὅταν
777 3152 834 3205 δὲ
858 3151 1016 3241 λᾶδεια
1042 3152 1305 3222 γένηται,
1358 3150 1560 3215 εὐθέως
1603 3152 1742 3207 κατά
1784 3152 1966 3222 ὀλίγον

371 3238 743 3311 ἀποτειχίζειν
780 3238 885 3311 χρὴ
932 3241 993 3293 τὸ
1050 3241 1424 3312 προσποιητδν
1471 3242 1817 3313 οἰκοδόμημα
1869 3243 1965 3298 καὶ

374 3334 435 3386 ἐν
476 3334 665 3405 χωρίῳ
694 3333 900 3406 ἰσχυρῷ
932 3334 1137 3400 κτίζειν
1177 3334 1312 3388 αὐτὸ
1339 3336 1431 3389 καὶ
1459 3335 1828 3407 ὀχυροποιεῖν,
1869 3338 1966 3391 καὶ

372 3428 483 3481 τῶν
508 3428 821 3495 ἀναγκαίων
854 3431 913 3483 ἐν
944 3429 1094 3500 αὐτῷ
1125 3430 1457 3499 φροντίζειν.

444 3518 537 3573 οδ’.
577 3517 822 3573 Γίνονται
849 3519 906 3573 δὲ
945 3522 1001 3573 αί
1034 3520 1285 3575 τοιαῦται
1310 3521 1652 3592 ἐγχειρήσεις
1691 3521 1966 3592 ἁρμοδίως

378 3607 525 3661 κατά
553 3608 956 3681 καὸαλλαρικοῦ
984 3610 1097 3680 (21)
1125 3610 1336 3676 ἔθνους,
1371 3610 1501 3682 περὶ
1523 3610 1615 3664 τὸν
1661 3610 1898 3675 Ἰούλιον,
1930 3610 1964 3681 ἢ

378 3698 711 3768 Αὔγουστον,
734 3701 768 3769 ἢ
800 3700 1173 3772 Σεπτὲμὸριον
1205 3702 1371 3771 μῆνα,
1405 3701 1537 3755 ὅταν
1567 3701 1601 3772 ἡ
1637 3699 1837 3771 βοτάνη
1872 3701 1966 3752 εύ-

379 3790 587 3861 καίρως
619 3790 988 3863 ξηραινομὲνη
1022 3791 1115 3846 καὶ
1151 3791 1305 3845 ἔσται
1338 3792 1473 3864 (22),
1504 3794 1671 3846 κοιὶοὶ
1696 3792 1969 3847 καϐαλλά-

380 3899 489 3953 ριοι
518 3882 622 3937 τῶν
651 3882 865 3955 ἐχθρῶν
888 3882 1202 3938 στενοῦνται
1225 3884 1605 3956 παρακαθίσαι
1634 3884 1826 3957 χρόνον
1850 3885 1969 3937 ἱκα-

377 3971 492 4027 νόν.

452 4070 548 4116 σε’.
582 4063 645 4116 Εἰ
665 4062 722 4117 δὲ
750 4064 969 4134 ἀπόρως
994 4066 1133 4137 πρὸς
1160 4065 1221 4120 τὸ
1257 4067 1401 4138 ὕδωρ
1427 4068 1454 4121 ὀ
1478 4067 1640 4131 τόπος
1667 4067 1800 4139 ἔχει,
1833 4068 1968 4139 μηδὲ

384 4151 584 4222 βρυτοῦ
606 4152 664 4207 ἐν
688 4153 838 4225 αὐτῷ
875 4154 1051 4221 ὄντος,
1081 4155 1204 4225 μηδ’
1237 4157 1295 4210 ἐν
1325 4156 1600 4227 ὀρύγματι
1642 4158 1970 4228 εὑρισκομὲ-

377 4263 496 4311 νου,
517 4246 653 4318 δεῖῆ
689 4247 881 4311 πίθους
904 4248 1285 4320 ὀστρακίνους,
1310 4250 1342 4321 ἢ
1373 4249 1597 4320 βουττία
1624 4251 1808 4306 τέλεια
1831 4268 1969 4323 προ-

2047 672 2235 728 subito
2287 672 2543 727 hostibus
2581 671 2697 741 jam
2733 670 2842 725 alio
2878 670 2934 724 in
2978 670 3099 726 loco
3140 672 3454 739 occupatis,
3509 671 3636 725 uni-

2049 779 2213 819 verso
2243 778 2368 819 cum
2402 763 2647 818 exercitu
2682 761 2749 815 ad
2775 761 2999 816 definita
3057 762 3175 817 loca
3208 762 3520 832 pervenies,
3580 767 3637 816 et

2051 856 2317 911 excubias
2367 862 2517 910 tutas
2552 853 2872 918 collocabis,
2927 863 2980 909 et
3011 852 3223 924 pedites
3276 852 3638 908 circumcirca

2045 944 2407 1001 munitionem
2444 944 2708 1009 instrues,
2736 950 2792 998 et
2815 941 3023 999 fossam
3073 941 3431 1006 altissimam,
3478 940 3525 996 si
3578 938 3636 993 id

2048 1037 2203 1093 locus
2232 1035 2508 1104 admittat,
2551 1035 2747 1090 facies.

2118 1129 2209 1184 69.
2268 1127 2326 1183 Si
2386 1126 2617 1198 lapides,
2650 1134 2745 1182 aut
2796 1127 2996 1182 lateres
3057 1126 3129 1181 ibi
3181 1124 3406 1190 fuerint,
3454 1125 3638 1179 locum

2065 1225 2279 1281 aridum
2337 1221 2730 1288 exediﬁcabis,
2807 1222 3081 1292 tignisque
3130 1228 3245 1275 tuto
3299 1234 3363 1273 ac
3416 1218 3642 1273 assidue

2055 1314 2291 1387 illigabis
2342 1333 2357 1369 :
2420 1314 2506 1369 sin
2564 1313 2711 1384 ligna
2749 1313 2928 1369 solum
2995 1312 3221 1377 fuerint,
3275 1306 3642 1366 includendus

2052 1410 2207 1464 locus
2242 1407 2407 1478 lignis
2462 1414 2548 1462 est
2588 1406 3023 1475 firmandusque.

2126 1500 2213 1556 70.
2248 1499 2351 1556 Ubi
2380 1499 2469 1555 hic
2498 1499 2654 1555 locus
2685 1499 2749 1553 ad
2784 1498 3108 1569 praedictum
3140 1497 3366 1552 modum
3393 1498 3643 1553 inclusus

2058 1593 2246 1660 fuerit,
2299 1592 2602 1661 hostesque
2652 1606 2777 1646 eum
2841 1591 3023 1645 locum
3059 1590 3404 1655 adoriantur,
3465 1604 3646 1660 neque

2063 1686 2284 1741 illorum
2352 1686 2618 1755 impetum
2676 1684 2952 1741 sustinere
3010 1693 3187 1753 potes,
3255 1692 3381 1738 ante
3434 1684 3645 1738 adven-

2066 1787 2183 1833 tum
2253 1778 2499 1833 hostium
2566 1776 2841 1841 discedes,
2931 1776 3184 1831 homines
3242 1775 3379 1830 satis
3440 1775 3646 1830 multos

2058 1879 2222 1938 atque
2276 1869 2506 1925 idoneos
2536 1868 2611 1925 ibi
2649 1868 2971 1937 relinquens
3014 1883 3027 1919 :
3074 1867 3161 1923 vel
3188 1881 3357 1937 prope
3387 1882 3511 1921 eum
3563 1866 3650 1921 lo-

2060 1978 2182 2019 cum
2242 1971 2426 2018 castra
2487 1977 2679 2032 pones,
2745 1968 2804 2015 ut
2860 1974 3041 2030 neque
3110 1974 3283 2031 prope
3347 1973 3472 2014 cum
3542 1958 3647 2018 sis.

2063 2056 2300 2129 praeliari
2363 2069 2491 2110 cum
2556 2053 2807 2109 hostibus
2869 2052 3148 2122 cogaris:
3198 2065 3380 2121 neque
3426 2050 3650 2120 longius

2064 2151 2134 2206 de
2205 2147 2514 2204 munitione
2577 2146 2853 2212 discedas,
2919 2153 2981 2200 ut
3042 2160 3112 2200 ne
3177 2143 3651 2213 opportunitatem

2059 2243 2244 2299 hostes
2303 2240 2450 2295 nacti
2504 2239 2861 2295 vehementer
2900 2238 3151 2294 inclusos
3203 2235 3309 2292 hac
3337 2236 3652 2292 munitione

2062 2334 2350 2391 invadant.

2132 2427 2221 2481 7|.
2265 2425 2495 2497 Signum
2526 2423 2751 2494 aliquod
2816 2423 2927 2479 illis
2991 2431 3205 2479 certum
3243 2422 3520 2479 interdum
3558 2422 3654 2477 da-

2062 2521 2171 2582 bis,
2240 2527 2406 2587 atque
2466 2518 2616 2572 aliud
2679 2526 2890 2573 certum
2946 2524 3136 2583 noctu,
3198 2531 3309 2587 quo
3369 2515 3651 2587 cognitum

2064 2611 2160 2666 tibi
2213 2610 2321 2666 erit
2370 2623 2612 2680 quonam
2669 2607 2725 2662 in
2787 2615 2933 2664 statu
2963 2608 3097 2664 sint.

2134 2788 2224 2841 72.
2278 2787 2336 2843 Si
2384 2788 2624 2858 pedestri
2676 2788 2868 2858 praelio
2904 2787 3093 2858 repelli
3144 2787 3351 2845 milites
3398 2794 3655 2860 possunt,

2065 2882 2160 2936 ubi
2202 2881 2385 2951 aliqua
2446 2881 2699 2935 molestia
2759 2881 3007 2935 inclusos
3043 2880 3395 2944 circumstat,
3450 2894 3518 2933 ne
3553 2880 3658 2935 hoc

2064 2970 2284 3041 quidem
2314 2969 2840 3040 praetermittendum
2869 2980 2977 3038 est,
3031 2975 3090 3025 ut
3119 2986 3188 3026 ue
3212 2970 3269 3025 in
3303 2969 3525 3041 aliquod
3562 2984 3658 3040 pe-

2064 3061 2305 3118 riculum
2343 3060 2586 3115 veniant.

2144 3155 2235 3209 7‘5.
2292 3152 2399 3211 Ubi
2456 3154 2641 3224 aliqua
2700 3154 2973 3209 securitas
3025 3152 3141 3223 jam
3212 3158 3323 3217 est,
3396 3150 3659 3223 paulatim

2068 3248 2341 3305 aedificare
2383 3255 2600 3319 oportet
2634 3256 2949 3316 susceptam
2981 3245 3372 3308 munitionem,
3415 3244 3663 3300 firmam-

2067 3356 2174 3412 que
2220 3357 2342 3398 eam
2405 3356 2471 3396 ac
2524 3341 2807 3396 robustam
2851 3337 3073 3394 facere:
3131 3337 3491 3408 omniumque
3553 3352 3658 3393 ne-

2067 3432 2433 3491 cessariarum
2464 3446 2651 3486 rerum
2678 3444 2874 3485 curam
2909 3428 3219 3498 suscipere.

2142 3524 2229 3578 74.
2272 3520 2606 3591 Huiusmodi
2646 3534 2829 3576 rerum
2870 3519 3265 3589 aggressiones
3334 3517 3535 3573 idonee
3559 3517 3661 3573 ad-

2069 3628 2264 3670 versus
2314 3620 2601 3682 equestres
2626 3609 2841 3681 copias,
2896 3607 3071 3674 Julio,
3100 3608 3373 3680 Augusto.
3432 3617 3529 3662 aut
3558 3608 3661 3663 Se-

2069 3704 2308 3778 ptembri
2340 3719 2531 3760 mense
2561 3702 2975 3773 suscipiuntur.
3017 3701 3243 3772 quando
3274 3701 3447 3757 herba
3476 3702 3662 3758 omnis

2069 3798 2312 3855 arefacta
2368 3804 2681 3867 exustaque
2730 3803 2838 3861 est,
2870 3795 3203 3867 equitesque
3251 3796 3493 3853 hostium
3542 3797 3663 3852 iut-

2070 3891 2362 3963 pediantur
2419 3888 2513 3945 diu
2548 3889 2605 3945 in
2632 3903 2698 3944 e0
2753 3888 2878 3944 loco
2936 3888 3269 3944 consistere.

2142 4073 2232 4127 75.
2273 4070 2332 4127 Si
2378 4069 2629 4127 defectus
2681 4068 2773 4124 hic
2833 4067 2992 4124 locus
3041 4081 3182 4137 aqua
3243 4066 3431 4135 fuerit,
3483 4082 3665 4138 neque

2072 4174 2270 4221 natura
2332 4165 2405 4222 ibi
2456 4165 2547 4231 sit,
2606 4178 2786 4234 neque
2837 4163 2893 4217 in
2952 4163 3101 4218 fossa
3153 4163 3264 4217 ulla
3324 4163 3664 4228 inveniatur,

2068 4260 2156 4315 vel
2190 4259 2339 4315 dolia
2371 4266 2634 4325 testacea,
2667 4257 2753 4312 vel
2792 4256 2969 4312 buttia
3029 4256 3242 4325 integra
3295 4270 3513 4325 parare,
3578 4266 3667 4312 at—

381 4340 732 4409 ευτρεπίζειν
751 4380 767 4405 ,
824 4342 917 4395 καὶ
947 4341 1196 4412 γεμίζειν
1224 4341 1441 4409 ὓδατος,
1477 4343 1572 4396 καὶ
1606 4342 1881 4415 κόχλακας
1912 4346 1961 4398 ἐν

2073 4368 2181 4423 que
2228 4366 2372 4424 aqua
2423 4352 2668 4422 explere,
2721 4357 2776 4406 et
2824 4350 3139 4406 colcblaces
3188 4350 3483 4407 ﬂuviatiles
3530 4364 3667 4406 con-

383 4430 536 4502 αὑτῷ
568 4433 869 4505 ποταμίους
915 4436 1149 4506 ῥίπτειν,
1183 4436 1262 4499 εἰς
1284 4435 1345 4488 τὸ
1399 4436 1740 4506 αύταρκέσαι
1805 4437 1961 4507 μέχρι

2071 4414 2433 4516 Ῑίοοτο,’ᾳιιω
2483 4414 2595 4500 illis
2625 4414 2693 4499 ad
2739 4443 3035 4499 hibernum
3086 4453 3306 4513 tempus
3361 4440 3659 4509 sufficiant,

384 4524 491 4594 τῆς
514 4524 611 4579 τοῦ
650 4526 946 4598 χειμῶνος,
978 4528 1075 4581 καὶ
1101 4528 1298 4599 φθάσει
1323 4529 1415 4582 καὶ
1450 4528 1744 4601 κινστέρνα
1771 4529 1961 4584 οἰκοδο-

2073 4539 2439 4609 cisternaeque
2483 4536 2826 4593 aediﬁcentur
2860 4537 2928 4593 ad
2974 4551 3174 4609 aquam
3218 4535 3459 4608 pluviam
3509 4535 3665 4590 excio

387 4617 649 4689 μηθῆναι,
677 4620 773 4672 καὶ
798 4620 1028 4691 ὄμϐριον
1062 4619 1422 4688 ὑποδέξασθαι
1449 4619 1616 4692 ὕδωρ.
2075 4633 2355 4704 piendam.

458 4719 566 4776 ος’.
595 4712 712 4766 Ἵνα
737 4712 794 4767 δὲ
833 4712 929 4784 μὴ,
958 4714 1034 4779 ῶς
1062 4715 1232 4779 είκδς,
1275 4713 1377 4786 ὀζῃ
1421 4713 1682 4783 ἀκίνητον
1727 4713 1886 4783 μένον
1913 4712 1961 4766 τί

2144 4725 2234 4780 76.
2276 4724 2345 4781 Ut
2398 4738 2467 4779 ne
2518 4739 2658 4795 aqua
2698 4724 2848 4780 oleat
2906 4722 3135 4777 immota
3180 4729 3359 4784 stans,
3416 4717 3521 4773 sub
3562 4732 3663 4771 va-

389 4805 536 4876 ὖδωρ
560 4807 618 4859 ἐν
643 4808 755 4872 τοῖς
788 4808 1053 4877 ἀγγείοις,
1078 4808 1177 4862 καὶ
1199 4809 1381 4879 δοχεῖα
1422 4807 1599 4878 μικρὰ
1630 4806 1748 4860 δέον
1780 4806 1961 4869 αὐτοῖς

2074 4820 2156 4875 sis
2208 4818 2557 4889 receptacula
2609 4817 2859 4886 quaedam
2913 4820 3212 4886 ponantur,
3274 4821 3336 4866 ut
3397 4811 3664 4883 paulatim

389 4896 811 4966 παρατίθεσθαι,
846 4898 931 4951 ἵνα
956 4899 1097 4953 κατά
1116 4898 1297 4967 ὀλίγον
1328 4896 1635 4962 ἀποστάζον
1662 4897 1724 4949 τὸ
1751 4896 1895 4965 ὕδωρ
1916 4898 1961 4949 ἐι

2083 4910 2331 4965 deﬂuens
2391 4923 2533 4980 aqua
2588 4918 2797 4963 motum
2856 4906 3095 4974 capiat:
3148 4903 3243 4959 ubi
3280 4910 3467 4960 autem
3510 4912 3663 4959 com-

386 4989 573 5052 αὐτοίς
629 4990 844 5059 κίνησιν
873 4989 1122 5059 δέχεται*
1152 4991 1270 5060 ἀμα
1301 4989 1358 5042 δὲ
1398 4988 1492 5043 τοῦ
1526 4988 1872 5059 πληροῦσθαι
1906 4989 1961 5041 τὸ

2085 5002 2227 5071 pleta
2268 5001 2383 5055 haec
2424 4998 2769 5069 receptacula
2851 4995 3075 5062 fuerint,
3142 5010 3339 5052 rursus
3404 4995 3459 5050 in
3517 4996 3665 5051 dolia

385 5080 568 5151 δοχεϊα
602 5081 765 5135 πάλιν
786 5082 1160 5152 ἀποκενοῢμεν
1183 5084 1294 5144 τοῖς
1317 5081 1496 5144 πίθοις
1518 5081 1552 5152 ἢ
1578 5084 1688 5146 τοῖς
1710 5082 1961 5151 βουττίοις

2082 5099 2138 5143 et
2169 5089 2346 5143 buttia
2381 5086 2764 5149 infundantur,
2800 5092 2860 5139 ut
2900 5084 3006 5140 hoc
3046 5092 3199 5139 motu
3240 5098 3383 5155 aqua
3438 5083 3671 5154 peracta

386 5174 568 5242 τοῦτο,
600 5174 689 5228 ἴνα
729 5175 816 5228 διὰ
868 5175 968 5246 τῆς
1012 5175 1279 5248 κινήσεως
1308 5174 1515 5246 ταύτης
1557 5173 1880 5243 διαπνέηται
1914 5174 1961 5228 τί

2084 5175 2311 5232 minime
2351 5183 2765 5244 corrumpatur.

389 5266 536 5337 ὕδωρ
562 5268 655 5321 καὶ
688 5268 763 5340 μὴ
796 5269 1144 5339 ἀφανίζηται.

460 5356 558 5422 οξ.
596 5360 885 5431 Χρήσιμον
928 5360 987 5414 δέ
1026 5362 1142 5413 ἐστι
1190 5361 1285 5413 καὶ
1314 5360 1377 5414 τὸ
1429 5359 1650 5423 σανίδας
1680 5375 1961 5430 προπαρα-

2151 5354 2242 5407 77.
2272 5352 2416 5408 Utile
2442 5356 2623 5406 autem
2656 5348 2821 5405 fuerit
2842 5364 3059 5407 asseres
3088 5362 3401 5419 praeparare
3423 5347 3669 5404 crassio-

392 5451 659 5505 σκευάσαι
686 5453 1022 5524 παχυτέρας,
1051 5452 1145 5506 καὶ
1192 5454 1249 5505 ἐν
1276 5452 1656 5522 κατορύγματι
1684 5450 1961 5522 συμπῆξαι

2080 5461 2192 5512 res,
2223 5452 2280 5501 et
2330 5444 2386 5499 in
2437 5442 2585 5498 fossa
2610 5457 2706 5498 eos
2750 5442 3106 5512 conjungere,
3137 5449 3251 5496 tum
3277 5440 3485 5510 sarpio,
3520 5439 3666 5509 pice.

393 5539 563 5605 αὐτάς
584 5538 660 5603 ὡς
689 5542 786 5594 ἐπὶ
814 5541 1068 5613 σαρπίου,
1096 5540 1191 5595 καὶ
1216 5540 1303 5594 διὰ
1333 5540 1534 5612 πίσσης
1567 5540 1662 5593 καὶ
1701 5539 1961 5593 στυππίοτ

2084 5548 2304 5609 stuppa,
2359 5535 2656 5607 iuncturas
2685 5549 2880 5591 omnes
2934 5533 3157 5589 ﬁrmare
3212 5533 3498 5603 nodosque
3540 5530 3676 5587 ida-

1907 5649 2140 5710 NOTAE.

467 5749 581 5817 (90)
618 5751 828 5809 Τόπον.
863 5749 1078 5811 Scribe,
1106 5735 1329 5814 τρόπον.
1663 5815 1676 5817 Α

2160 5743 2275 5815 (‘22)
2320 5744 2428 5801 Kal
2460 5743 2652 5801 ἔσται.
2682 5740 2894 5809 Scribe,
2938 5740 3175 5797 καίεται.

466 5815 579 5893 (21)
611 5820 1087 5891 Καϐίοίλαρικρῦ.
1124 5818 1335 5881 Scribc.
1383 5815 1709 5888 κακαρικοῦ.
