4090 6436
395 373 501 440 9.)?
1574 367 1853 428 LEONIS
1880 366 2340 431 PIIILOSOPHI
3563 366 3597 432 9
3616 369 3668 429 23

396 503 501 542 nee
564 494 771 555 aptare,
832 493 945 537 tum
1002 479 1197 537 ordine
1245 481 1483 551 quodam
1536 480 1810 536 cisternas
1856 494 1973 533 me-

2105 482 2586 551 ιατασιραλίσασθαι
2623 481 2719 547 τὰς
2743 482 2955 551 ζεύξεις
2993 484 3111 556 ήτοι
3144 483 3272 547 τοῦς
3310 484 3521 554 ἀρμοῦς
3563 483 3665 535 αὖ·

399 578 614 632 diocres
667 588 930 645 apparare
981 572 1169 643 viginti
1218 587 1468 634 numero,
1527 570 1715 625 decem
1770 568 1972 639 pedum

2105 576 2196 640 λοῦ,
2226 578 2319 629 καὶ
2349 578 2408 629 ὲν
2436 576 2587 641 τάξει
2621 576 2837 647 ξυλίνης
2863 578 3185 648 κινστέρνης
3210 578 3528 648 συμμέτρου
3563 596 3664 632 κα-

401 666 712 729 latitudine.
777 663 1069 719 altitudine
1138 671 1318 718 autem
1403 670 1551 727 octo,
1618 671 1714 717 aut
1763 662 1975 725 decem,

2105 670 2436 733 τασκευάσαι,
2472 672 2581 724 εἴτε
2621 672 2769 741 μίαν,
2795 671 2905 724 εἴτε
2926 671 3163 735 πλείους,
3214 672 3444 739 ἐχούσας
3493 673 3665 725 εἴκοσι

401 763 579 815 donec
636 772 828 812 omnes
882 758 1135 811 cisterna-
1204 756 1271 810 ad
1339 769 1540 825 aquam
1609 768 1827 809 omnem
1881 768 1977 808 ca-

2110 762 2172 815 πὶ
2206 762 2337 816 δέκα
2367 762 2529 826 πόδας
2566 764 2624 816 τὸ
2652 763 2876 829 πλάτος,
2916 765 2975 816 τὸ
3001 764 3057 817 δὲ
3087 762 3219 833 ὕψος
3250 763 3393 817 ὀκτὼ
3427 765 3460 835 ἢ
3509 764 3665 829 δέκα,

402 849 656 919 piendam
701 848 910 904 habiles
944 848 1164 904 fuerint.
1196 847 1253 902 In
1298 847 1599 917 majoribus
1638 846 1784 901 enim
1832 844 1981 900 vasis

2105 855 2274 925 ιέχρις
2325 848 2386 907 οὗ
2410 857 2702 926 ὲγχόρηγοι
2736 858 2791 910 al
2842 858 3151 927 κινστέρναι
3187 858 3474 925 γένωνται·
3508 859 3667 928 δῆλον

403 942 613 997 diutius
666 956 810 1011 aqua
865 950 1169 1012 permanet.
1202 929 1476 995 Transtra
1512 947 1698 995 autem
1725 938 1977 1009 quaedam

2105 950 2188 1018 ’ἀρ
2213 951 2358 1001 ἐστιν
2385 950 2457 1012 ὠς
2485 952 2541 1002 ἐν
2578 952 2689 1013 τοῖς
2739 950 3075 1020 μειζοτέροις
3119 950 3365 1019 ἀγγείοις
3416 950 3578 1003 πλέον
3608 951 3670 1002 τὸ

405 1035 584 1105 lignea
615 1036 910 1104 trabesque
942 1032 1008 1088 ad
1032 1034 1369 1089 continenda
1397 1035 1569 1089 latera
1598 1030 1972 1088 eisternarum

2105 1036 2229 1109 ὓδωρ
2270 1038 2531 1106 διαμένει.
2582 1039 2824 1108 Κατόχια
2850 1039 2906 1092 δὲ
2949 1038 3132 1104 ξύλινα
3163 1041 3219 1093 ὲν
3262 1040 3339 1109 τῷ
3384 1040 3535 1111 μέσῳ
3559 1042 3669 1093 τῶν

406 1122 793 1187 adhibeantur,
836 1131 894 1177 ut
923 1138 991 1178 ne
1018 1136 1172 1193 aquae
1208 1122 1565 1177 multitudine
1615 1122 1852 1191 disrupti
1890 1137 1981 1177 as-

2105 1128 2415 1199 ιινστερνῶν
2448 1122 2561 1181 οἷον
2588 1128 2918 1197 συνδέσμους
2942 1127 3017 1190 ὡς
3051 1128 3329 1198 τραπεςέα
3359 1128 3441 1180 δεῖ
3474 1126 3668 1196 βάλλε-

407 1232 561 1273 seres
586 1217 896 1285 discedant,
955 1233 1206 1289 aquaque
1260 1217 1442 1273 omnis
1512 1215 1849 1272 effundatur.

2105 1220 2213 1274 ιθαι
2253 1222 2344 1273 καὶ
2401 1222 2620 1285 σανίδας
2661 1220 2911 1290 παχείας,
2968 1221 3054 1273 ἴνα
3096 1221 3170 1291 μὴ
3218 1221 3295 1290 τῷ
3354 1220 3550 1291 πλήθει
3577 1220 3671 1273 τοῦ

2089 1310 2278 1372 ὓδατος
2302 1310 2617 1381 βιαζόμεναι
2639 1311 2695 1365 αἱ
2716 1310 2924 1371 σανίδες
2944 1312 3306 1381 στρέφωνται,
3330 1313 3421 1365 καὶ
3443 1311 3502 1363 τὸ
3529 1310 3673 1382 ὕδωρ

2086 1403 2450 1459 ἀπολλύωσιν.

482 1493 572 1548 78.
612 1493 802 1563 Itaque
882 1493 1048 1562 igitur
1086 1491 1153 1547 de
1190 1494 1290 1548 hac
1330 1506 1390 1547 re
1443 1492 1601 1548 nobis
1635 1492 1845 1547 dictum
1892 1493 1985 1555 sit,

409 1592 471 1638 ut
522 1594 769 1653 tempore
824 1584 927 1638 hoc
982 1583 1329 1639 desiderante
1386 1584 1698 1651 hujusmodi
1752 1597 1986 1653 appara—

410 1684 525 1728 tum
585 1676 638 1729 in
717 1683 975 1746 promptu
1029 1676 1254 1731 habeas.
1328 1675 1405 1730 De
1465 1675 1756 1731 obsidione
1822 1674 1990 1745 igitur

410 1765 643 1837 aliisque
692 1768 857 1823 rebus
898 1767 1013 1821 hac
1065 1767 1177 1821 sint
1232 1767 1391 1822 satis.

865 1858 1336 1915 CONSTITUTIO
1387 1857 1527 1915 XVI.

746 1951 823 2006 De
852 1951 1244 2007 incursionibus
1288 1961 1404 2020 post
1440 1951 1655 2006 bellum.

482 2047 536 2099 l.
578 2041 774 2099 Restat
823 2043 933 2112 jam
974 2051 1032 2097 ut
1060 2058 1183 2112 quae
1215 2051 1337 2113 post
1388 2044 1597 2097 exitum
1632 2042 1757 2097 belli
1803 2042 1991 2097 futura

412 2145 564 2199 sunt,
601 2136 874 2190 dicamus.
924 2134 980 2189 Si
1034 2135 1182 2189 enim
1229 2134 1533 2189 exercitum
1586 2135 1723 2190 bene
1784 2136 1993 2189 instru-

413 2229 583 2294 xeris,
638 2227 747 2284 Deo
790 2226 1028 2297 propitio
1081 2239 1375 2297 speramus
1440 2225 1730 2281 victoriam
1796 2241 1995 2283 conse-

412 2329 687 2376 Cuturam.

480 2412 536 2465 2.
601 2412 679 2467 Ac
744 2411 981 2481 primum
1044 2410 1235 2482 gratia:
1312 2409 1549 2466 Domino
1615 2418 1807 2464 nostro
1866 2408 1994 2464 Jesu

412 2504 635 2559 Christo
691 2505 933 2573 agendae,
977 2502 1060 2558 vel
1103 2512 1231 2558 ante
1285 2502 1575 2556 victoriam
1610 2501 1735 2555 belli
1788 2501 1994 2569 aliquid

413 2578 565 2664 pium
610 2594 1067 2666 promittendum,
1129 2590 1277 2663 quod
1340 2590 1673 2662 promissum
1706 2598 1832 2660 post
1868 2590 1995 2645 belli

414 2686 626 2741 exitum
674 2684 992 2739 faciendum
1045 2685 1139 2739 sit.

482 2780 536 2834 5.
576 2777 784 2834 Deinde
842 2776 1303 2847 perscrutabcris,
1341 2775 1436 2845 qui
1490 2790 1549 2832 se
1576 2775 1632 2829 in
1663 2774 1808 2831 bello
1851 2783 1994 2830 stre-

412 2885 522 2925 nue
582 2870 876 2940 gesserint,
948 2870 1170 2939 illisque
1238 2868 1470 2924 idoneos
1526 2867 1767 2922 honores
1824 2867 1991 2921 habe-

412 2961 524 3027 bis,
570 2962 798 3032 ignavos
845 2971 1029 3017 autem
1079 2975 1190 3032 quo
1241 2975 1341 3031 par
1392 2966 1476 3015 est
1524 2958 1799 3029 supplicio
1854 2973 1992 3012 con-

416 3053 682 3122 stringes.

2159 1508 2257 1571 οην.
2296 1500 2455 1554 Ούτω
2489 1501 2586 1569 μὲν
2612 1498 2703 1553 οῦν
2739 1500 2834 1553 καὶ
2861 1500 2990 1570 περὶ
3017 1498 3209 1551 τούτου
3237 1499 3497 1569 εἰρήσθω,
3526 1498 3674 1559 ὅπως

2091 1593 2224 1646 ποτὲ
2250 1594 2440 1664 καιροῦ
2472 1592 2763 1655 καλοῦντος
2792 1592 2921 1663 ἔχῃς
2950 1592 3015 1645 δι’
3051 1590 3270 1661 ἑτοίμου
3303 1590 3395 1642 καὶ
3436 1589 3534 1660 τὴν
3560 1607 3676 1642 τοι·

2092 1687 2261 1757 αύτην
2291 1686 2556 1751 διάταξιν.
2582 1684 2832 1738 Τοσαῦτα
2858 1684 2957 1753 μέν
2988 1700 3068 1737 σοι
3098 1682 3192 1736 καὶ
3222 1682 3350 1752 περί
3377 1698 3435 1734 τε
3463 1680 3677 1752 πολιορ-

2095 1782 2219 1844 κίας
2248 1783 2342 1834 καὶ
2373 1780 2478 1833 τῶν
2508 1780 2682 1835 ἄλλων
2710 1778 2971 1847 εἰρήσθω.

2588 1869 2899 1924 ΔιΑτΑΞιΣ
2925 1872 3018 1936 ις’
3054 1869 3189 1937 (es).

2418 1965 2557 2033 Περὶ
2595 1962 2711 2017 τῶν
2743 1962 2892 2033 μετὰ
2922 1963 3031 2015 τὸν
3060 1964 3348 2029 πόλεμον.

2170 2058 2233 2111 α’.
2282 2057 2512 2126 Ἐφεξῆς
2544 2057 2599 2110 δὲ
2625 2056 2829 2109 τούτων
2851 2056 2945 2109 καὶ
2977 2056 3076 2109 ὅσα
3109 2054 3248 2125 μετά
3294 2055 3394 2122 τὴν
3438 2053 3678 2121 πολέμου

2100 2151 2323 2204 ἔκϐασιν
2370 2149 2488 2203 δέον
2540 2148 2784 2216 γίνεσθαι
2836 2148 3048 2219 ῥητέον.
3103 2147 3213 2200 Kal
3242 2146 3351 2217 γὰρ
3382 2145 3474 2199 ἐὰν
3499 2143 3681 2206 καλῶς

2097 2244 2330 2314 ὲκτάξῃς
2359 2243 2421 2295 τὸ
2471 2241 2805 2312 στράτευμα,
2844 2238 2982 2308 μετά
3023 2238 3122 2307 τῆς
3140 2235 3236 2290 τοῦ
3261 2234 3395 2288 Θεοῦ
3429 2233 3682 2304 βοηθείας

2096 2334 2389 2404 ἐλπίζομεν
2420 2332 2515 2387 καὶ
2543 2334 2642 2403 τὴν
2670 2332 2825 2402 νίκην
2852 2328 3209 2400 παρέσεσθαι.

2171 2427 2233 2496 β’.
2262 2426 2372 2480 Kal
2393 2426 2607 2494 πρῶτον
2631 2424 2727 2493 μὲν
2752 2422 3051 2485 ἀποδώσεις
3074 2422 3265 2493 Κυρίῳ
3289 2419 3365 2491 τῷ
3385 2415 3501 2486 Θεῷ
3523 2415 3681 2487 ήμῶν

2110 2518 2286 2589 Ἰησοῦ
2314 2517 2537 2588 Χριστῷ
2566 2518 2666 2586 τὴν
2699 2517 3071 2586 εὐχαριστίαν,
3108 2517 3201 2569 καὶ
3240 2516 3341 2569 εῐτι
3371 2512 3683 2583 ὲπηγγείλω

2098 2610 2206 2681 πρὸ
2229 2611 2327 2680 τῆς
2361 2610 2517 2678 νίκης
2540 2608 2633 2661 τοῦ
2661 2608 2900 2677 πολέμου
2936 2607 3204 2662 ἀποδώσει
3240 2606 3376 2678 μετά
3399 2605 3499 2676 τὴν
3528 2605 3684 2673 νίκην

2098 2701 2472 2771 χαριστήριον,
2510 2699 2583 2769 μὴ
2614 2698 2895 2769 ἀμελήσῃς
2924 2697 3238 2752 ἀποδοῦναι.

2170 2800 2239 2861 γ’.
2276 2794 2387 2847 Καὶ
2420 2789 2519 2845 εἷθ’
2551 2792 2725 2856 οὕτως
2756 2792 3143 2863 ἀνερευνήσεις
3164 2792 3291 2855 τοὺς
3322 2792 3682 2863 ἀριστεύσανο

2098 2904 2193 2949 τας
2216 2887 2273 2939 ὲν
2313 2888 2421 2948 τοῖς
2452 2887 2552 2953 τῆς
2584 2884 2762 2955 μάχης
2788 2884 3071 2947 κινδύνοις,
3099 2883 3194 2937 καὶ
3217 2883 3441 2948 τούτους
3472 2884 3686 2955 ἀνευρί-

2102 2994 2247 3032 σκων
2266 2977 2496 3048 τίμησον
2520 2977 2587 3030 αὑ
2599 2977 2720 3040 τοὺς
2742 2977 2971 3047 δωρεαῖς
2994 2974 3089 3028 καὶ
3116 2978 3303 3046 τιμαῖς
3328 2978 3447 3040 ταῖς
3472 2976 3687 3046 ἑκάστῳ

2101 3071 2459 3140 πρεπούσαις·
2482 3073 2605 3132 τοὺς
2627 3069 2683 3123 δὲ
2713 3070 2916 3134 κακοὺς
2945 3069 3213 3138 φανέντας
3243 3068 3463 3132 κόλαζε.

484 3147 540 3202 4.
591 3145 860 3201 Strenuos
913 3144 1063 3205 viros
1132 3144 1201 3201 iis
1248 3144 1574 3200 muneribus
1651 3143 1988 3199 honorabis:

2173 3167 2235 3222 δ’.
2271 3167 2532 3236 Τιμήσεις
2552 3165 2608 3218 δὲ
2640 3166 2766 3228 τοὺς
2790 3165 3220 3235 ἀριστεύσαντας
3248 3165 3477 3236 δωρεαῖς
3508 3163 3691 3217 τοιαύ-

416 3242 662 3311 integras
725 3247 1060 3303 armaturas,
1116 3238 1161 3293 si
1224 3254 1346 3309 quae
1398 3239 1566 3293 clarae
1635 3238 1997 3308 illustresque

2105 3278 2247 3323 ταις,
2276 3254 2389 3312 οἷον
2418 3258 2719 3321 πανοπλίας
2755 3257 3041 3321 ἔπιδώσεις
3070 3256 3333 3327 τερπνὰς,
3372 3255 3465 3309 καὶ
3494 3256 3560 3309 τά
3582 3256 3691 3309 ἀπὸ

415 3332 638 3398 fuerint,
683 3346 747 3387 ac
772 3331 838 3386 de
880 3330 1091 3393 bellicis
1123 3332 1318 3401 spoliis
1360 3346 1483 3401 quae
1518 3329 1809 3386 commoda
1841 3338 1997 3396 sunt,

416 3425 526 3480 illis
570 3423 750 3487 dabis,
810 3424 1230 3494 honoribusque
1276 3440 1377 3495 pro
1426 3423 1695 3494 dignitate
1747 3439 1813 3479 ex
1841 3437 1999 3492 aequo

416 3532 480 3573 ac
529 3517 674 3571 bono
739 3531 1206 3586 unumquemque,
1265 3524 1325 3572 ut
1367 3515 1627 3571 cohortes
1682 3514 1995 3576 milliarias,

419 3611 710 3674 cohortes,
762 3610 1072 3673 centurias,
1125 3609 1480 3680 reliquasque
1530 3620 1825 3664 consuetas
1896 3607 2002 3663 sub

418 3702 760 3758 dominatum
799 3710 953 3758 tuum
990 3702 1271 3772 subjectas
1306 3702 1710 3757 multitudines.
1749 3699 2001 3755 Plebeios

424 3796 651 3862 milites,
711 3797 803 3866 qui
864 3797 1080 3852 strenui
1144 3794 1365 3862 fuerint,
1428 3796 1739 3851 minoribus
1801 3794 1998 3863 donis;

418 3888 704 3957 prafectos
744 3898 928 3943 autem
980 3888 1283 3958 majoribus
1331 3889 1668 3945 honorabis:
1724 3890 1799 3943 ita
1855 3891 2001 3945 enim

419 3980 512 4035 fiet
562 3990 621 4035 ut
657 3981 855 4051 majori
912 3979 1247 4050 fortiorique
1306 3981 1493 4035 animo
1529 3981 1639 4035 sint
1691 3981 1783 4051 qui
1840 3982 2004 4036 diuti-

418 4074 643 4138 cabunt,
695 4073 742 4130 si
795 4088 862 4129 ea
908 4088 1032 4143 quas
1091 4073 1321 4144 cupiunt
1354 4074 1409 4128 in
1448 4074 1643 4144 primis
1696 4088 2003 4145 assequan-

420 4171 532 4218 tur.

491 4256 545 4311 5.
580 4253 685 4311 Ubi
711 4257 858 4312 enim
907 4258 1147 4313 honores
1179 4267 1231 4313 et
1260 4257 1485 4328 praemia
1513 4257 1787 4314 habentur
1815 4260 2003 4326 bonis,

421 4348 689 4417 supplicia
740 4357 796 4404 et
842 4363 1017 4418 paruas
1082 4348 1386 4405 afferuntur
1432 4350 1617 4416 malis,
1678 4352 1753 4407 ibi
1806 4351 2003 4407 bonam

422 4452 575 4508 spem
638 4436 860 4493 habebit
913 4439 1220 4495 exercitus:
1280 4440 1409 4494 mali
1466 4441 1611 4496 enim
1695 4441 1750 4496 in
1816 4440 2007 4497 formi-

2102 3354 2196 3408 τοῦ
2224 3355 2462 3423 πολέμου
2495 3352 2805 3423 συνηγμένα
2830 3352 3002 3406 σκύλα
3044 3352 3322 3422 διανεμεῖς
3364 3352 3579 3414 αὐτοῖς’
3612 3368 3693 3403 τι-

2108 3447 2300 3515 μήσεις
2328 3445 2385 3498 δὲ
2415 3445 2508 3498 καὶ
2531 3446 2609 3507 είς
2639 3442 2923 3513 ἀξιώματα
2946 3443 3065 3496 κατ’
3089 3441 3385 3510 ἀναλογίαν
3414 3440 3691 3512 ἁρμοδίως

2102 3535 2353 3600 ἕκαστον,
2391 3528 2501 3589 οἷον
2534 3536 2612 3591 εἰς
2642 3534 3059 3604 δρουγγαρίους,
3088 3536 3165 3597 είς
3192 3532 3380 3604 βάνδα,
3418 3535 3498 3597 είς
3533 3549 3692 3584 κεντ-

2105 3627 2341 3697 αρχίας,
2380 3628 2472 3680 καὶ
2531 3628 2611 3689 είς
2667 3626 2763 3689 τὰς
2814 3626 2983 3690 ἄλλας
3032 3626 3285 3697 συνήθεις
3331 3624 3437 3677 ὑπὸ
3463 3624 3561 3695 τὴν
3593 3623 3693 3694 σὴν

2106 3719 2355 3783 ἐξουσίαν
2382 3718 2710 3791 ἀρχοντικάς
2744 3716 3015 3787 προϐολὰς
3035 3758 3049 3781 ,
3072 3716 3180 3769 τῶν
3210 3715 3309 3787 μὲν
3329 3715 3492 3768 λιτῶν
3526 3730 3692 3785 στρα-

2106 3810 2319 3865 τιωτῶν
2336 3812 2461 3873 τοὺς
2488 3810 3014 3881 ἀνδραγαθήσαντας
3046 3811 3123 3872 εἰς
3146 3808 3477 3879 μικροτέρας
3502 3807 3691 3876 τιμὰς,

2106 3902 2215 3957 τῶν
2246 3903 2299 3956 δὲ
2344 3903 2623 3975 ἀρχόντων
2676 3903 2756 3965 είς
2794 3901 3046 3972 μείζονας
3106 3900 3322 3971 ἀρχάς⁶
3378 3898 3550 3961 οῦτως
3584 3897 3695 3967 γὰρ

2110 3992 2479 4065 μεγαλόψυχοι
2535 3994 2628 4046 καὶ
2672 3994 2910 4061 γενναῖοι
2951 3991 3165 4046 ἔσονται
3222 3992 3269 4044 οἱ
3301 3990 3694 4059 ἀγωνιζόμενοι

2106 4088 2465 4157 τυγχάνοντες
2491 4086 2726 4157 μάλιστα
2757 4085 2851 4138 καὶ
2884 4077 2957 4139 ὧν
2977 4082 3357 4153 ἐπιθυμοῦσιν.

2179 4260 2239 4316 ε’.
2278 4260 2454 4315 Ὅπου
2481 4260 2536 4314 δὲ
2566 4261 2725 4332 τιμαὶ
2760 4260 2859 4330 μὲν
2893 4259 2987 4314 καὶ
3017 4259 3181 4330 κέρδη
3211 4258 3551 4312 ἀποδίδονται
3583 4258 3697 4319 τοῖς

2107 4352 2354 4421 ἀγαθοῖς,
2387 4352 2649 4423 τιμωρίαι
2673 4351 2728 4405 δὲ
2759 4352 3054 4419 ἐπάγονται
3077 4351 3190 4413 τοῖς
3213 4352 3423 4413 κακοῖς,
3459 4347 3698 4402 ἐνταῦθα

2109 4445 2278 4509 καλὰς
2318 4444 2538 4507 ἐλπίδας
2564 4444 2708 4514 ἔχειν
2739 4443 2797 4509 ἐξ
2825 4444 3076 4514 ἀνάγκης
3118 4442 3179 4496 τὸ
3213 4440 3577 4513 στρατόπεδον
3598 4456 3609 4470 '
3644 4440 3695 4492 οἱ

422 4530 552 4586 dine
606 4529 874 4600 peccandi
940 4539 1126 4597 erunt,
1182 4529 1313 4585 boni
1368 4544 1500 4586 vero
1553 4540 1613 4587 ut
1644 4532 1859 4587 strenui
1891 4532 1998 4587 sint

2113 4538 2211 4607 μὲν
2246 4537 2357 4605 γὰρ
2407 4538 2570 4591 κακοὶ
2601 4534 2890 4603 φοϐοῦνται
2942 4534 3303 4605 ἁμαρτάνειν,
3335 4533 3381 4584 οί
3415 4531 3469 4585 δὲ
3501 4528 3697 4599 ἀγαθοὶ

423 4621 773 4678 laborabunt.

493 4713 548 4769 6.
608 4713 795 4784 Neque
828 4730 958 4769 vero
1004 4714 1182 4770 solum
1220 4714 1521 4785 unicuique
1570 4715 1890 4786 singulatim
1922 4714 2002 4770 vi-

420 4817 485 4858 ro
536 4803 778 4861 honores
837 4804 1089 4869 habebis,
1137 4805 1232 4860 sed
1285 4806 1451 4861 etiam
1512 4806 1756 4877 integras
1813 4808 2005 4863 cohor-

419 4901 527 4958 tes,
554 4894 814 4951 cohortes
878 4896 1192 4962 milliarias,
1229 4912 1294 4951 ac
1352 4904 1564 4952 turmas
1610 4898 1853 4967 praemiis
1914 4898 2003 4954 de-

422 4986 667 5041 corabis.
717 4987 823 5042 Res
873 4987 1113 5043 hostium
1182 4989 1451 5044 militibus
1516 4989 1857 5060 diripiendas
1908 4990 2007 5045 da-

420 5078 531 5145 bis,
591 5078 708 5133 sive
761 5088 1061 5149 apparatus
1128 5081 1353 5151 aliquis,
1412 5082 1528 5136 sive
1588 5080 2001 5151 impedimenta,

421 5170 538 5225 sive
586 5169 823 5235 tuldum,
884 5172 999 5226 sive
1054 5172 1271 5238 civitas,
1308 5173 1426 5228 sive
1474 5173 1761 5229 castellum
1801 5173 1999 5229 fuerit:

421 5261 530 5317 nisi
578 5263 623 5319 si
664 5263 897 5334 captivis
965 5265 1245 5335 rebusque
1292 5264 1524 5335 direptis
1560 5266 1771 5335 aliquid
1806 5268 2002 5323 melius

422 5370 487 5410 ac
533 5357 856 5427 praclarius
920 5358 1113 5412 facies.

492 5447 549 5505 7.
589 5449 731 5520 Quid
764 5450 911 5505 enim
936 5464 1119 5505 causae
1152 5464 1275 5506 esse
1309 5458 1511 5519 potest,
1545 5465 1645 5505 cur
1687 5466 1795 5505 non
1819 5466 1849 5505 e
1884 5452 1999 5507 bel-

422 5538 544 5595 licis
572 5540 765 5610 spoliis
796 5541 1007 5596 strenui
1046 5540 1249 5596 milites
1300 5543 1522 5610 prmtuia
1558 5542 1862 5609 haberent;
1902 5559 1997 5598 ve-

427 5640 644 5688 natores
685 5634 831 5689 enim
872 5633 1151 5689 cernimus
1177 5647 1343 5689 canes
1388 5648 1519 5689 suos
1553 5636 1859 5691 venationis
1892 5651 2005 5691 sua:

2109 4629 2500 4694 σπουδάζουσιν
2533 4628 2911 4697 ἀνδραγαθεῖν.
3626 4654 3627 4659 η

2182 4730 2255 4789 ς’-
2288 4723 2395 4776 Καὶ
2434 4723 2508 4792 μή
2556 4722 2715 4793 μόνον
2777 4720 2919 4773 κατὰ
2948 4718 3047 4772 ἕνα
3103 4718 3273 4789 ἄνδρα
3307 4718 3406 4780 τὰς
3460 4714 3697 4786 ἀμοιϐὰς

2110 4814 2381 4879 ἀποδίδου,
2410 4812 2546 4866 ἀλλὰ
2579 4814 2672 4865 καὶ
2715 4811 2838 4864 ὅλον
2864 4812 3070 4879 τάγμα,
3099 4810 3131 4881 ἢ
3155 4808 3440 4879 δροῦγγον,
3474 4806 3504 4877 ἢ
3535 4806 3697 4877 τούρ-

2113 4924 2239 4979 μαν,
2280 4904 2798 4975 ἀνδραγαθήσαντας
2830 4904 3093 4975 ἐπίτρεπε
3142 4900 3460 4973 διαρπάζειν
3486 4900 3554 4952 τά
3590 4897 3698 4950 τῶν

2114 4998 2390 5065 πολεμίων
2424 4997 2551 5058 τοὺς
2605 4995 2967 5067 στρατιώτας,
3024 4993 3136 5047 εἴτε
3177 4990 3483 5046 ἁποσκευαί
3534 4992 3693 5053 εἰσιν,

2112 5093 2222 5145 εἴτε
2253 5090 2313 5143 τὸ
2340 5089 2584 5153 τοῦλδον,
2612 5088 2721 5141 εἴτε
2759 5087 2932 5149 πόλις,
2971 5086 3002 5156 ἢ
3031 5085 3287 5154 κάστρον,
3325 5084 3358 5155 ἡ
3388 5099 3438 5135 τι
3472 5080 3556 5134 Et:
3570 5098 3660 5151 ρον
3680 5094 3697 5109 ⁸

2113 5182 2209 5235 ὲάν
2238 5182 2344 5251 ἄρα
2375 5180 2448 5251 μὴ
2475 5179 2637 5251 βούλῃ
2659 5176 3025 5249 χρηστότερόν
3050 5194 3103 5228 τι
3149 5175 3278 5245 περὶ
3317 5173 3428 5225 τῶν
3460 5170 3698 5225 ἑαλωκό-

2110 5292 2218 5327 των
2257 5274 2349 5326 καὶ
2376 5272 2719 5343 πραγμάτων
2749 5270 2842 5323 καλ⁵
2874 5266 3242 5339 αἰχμαλώτων
3277 5262 3693 5335 βουλεύσασθαι.

2191 5450 2253 5512 ζ’.
2292 5449 2401 5501 Kal
2452 5448 2568 5507 πῶς
2628 5446 2736 5517 γὰρ
2763 5446 2825 5499 οὐ
2854 5444 3063 5498 δίκαιον
3100 5444 3211 5506 τοῖς
3241 5440 3554 5513 εἰρημένοις
3586 5438 3697 5491 ἀπὸ

2115 5545 2221 5598 τῶν
2252 5541 2524 5611 πολεμίων
2557 5539 2771 5602 σκύλοις
2797 5538 2926 5600 τοὺς
2962 5536 3392 5605 ἀριστεύσαντας
3425 5529 3695 5602 στρατιώ-

2113 5654 2211 5700 τας
2248 5632 2648 5705 φιλοτιμεῖσθαι
2674 5650 2687 5699 ;
2717 5633 2931 5704 ὁρῶμεν
2984 5630 3090 5699 γὰρ
3127 5629 3206 5681 ὅτι
3236 5628 3330 5681 καὶ
3363 5626 3490 5688 τοὺς
3561 5642 3695 5678 κυν-

1920 5755 2129 5812 NOTAE

498 5818 609 5886 (2'5)
638 5823 695 5874 ln
718 5824 837 5876 cod.
876 5823 1039 5877 Laur.
1076 5833 1157 5877 est
1186 5839 1307 5892 cap.
1346 5825 1406 5877 l5
