4090 6494
400 403 503 471 9H

1645 390 1920 452 LEONlS
1950 386 2047 448 PH
2061 384 2411 445 ILOSOPHI

3572 367 3680 431 91?.

402 526 577 593 pietas
608 520 753 575 enim
790 534 852 574 ea
894 518 948 572 iu
982 531 1041 571 re
1081 520 1424 569 monstratur
1454 551 1468 574 ,
1515 521 1569 565 et
1596 512 1843 564 viventes
1874 521 1988 561 ma-

2097 504 2203 563 τοῖς
2243 502 2536 553 πίπτουσιν
2556 497 2613 549 ἐν
2652 495 2823 567 μάχῃ.
2861 495 2973 550 Kal.
3003 493 3112 566 γὰρ
3138 495 3232 549 καὶ
3264 494 3322 549 ἒν
3347 494 3583 561 ἐκείνοις
3615 497 3678 550 τὸ

405 626 649 681 ξιιιυροτθ
685 612 790 664 hoc
849 606 995 662 facto
1028 603 1459 659 consolationem
1500 602 1746 670 capiunt.
1786 597 1990 664 Quem-

402 704 694 758 atmodum
719 701 772 755 in
795 700 917 754 istis
935 697 1048 751 ﬁeri
1081 695 1248 759 videt,
1273 694 1673 763 unusquisque,
1705 691 1776 745 ita
1802 706 1989 745 secum

406 797 651 848 futurum
711 788 1110 852 arbitrabitur,
1166 785 1211 841 si
1261 785 1317 839 in
1375 784 1516 838 bello
1561 780 1875 838 occumbat.
1934 778 1988 832 Si

403 885 549 940 enim
587 880 890 951 insepultos
930 876 1306 946 disjectosque
1335 888 1459 929 esse
1484 872 1685 936 videat,
1712 884 1872 926 suum
1901 884 1984 922 se-

405 993 527 1033 cum
556 983 758 1029 statum
801 969 1077 1042 reputabit
1107 1009 1121 1032 ,
1153 969 1297 1021 hanc
1330 964 1725 1020 contumeliam
1762 962 1991 1016 moleste

406 1068 564 1131 feret,
599 1074 652 1119 et
678 1072 907 1117 mortem
941 1069 1204 1130 quantum
1225 1064 1405 1127 potest
1435 1056 1488 1109 in
1517 1054 1704 1125 praelio
1729 1052 1987 1121 refugiet,

406 1176 473 1215 nc
505 1158 815 1232 insepultus
850 1154 1166 1223 abjiciatur.
1205 1150 1300 1204 Sin
1342 1150 1582 1204 honores
1614 1147 1846 1200 mortuis
1877 1145 1991 1198 lau-

405 1252 612 1319 desque
647 1250 755 1304 illis
785 1248 877 1318 qui
912 1245 1289 1300 occubuerunt
1322 1248 1707 1311 proponantur
1730 1279 1745 1303 ,
1776 1237 1989 1292 excita-

408 1343 560 1396 bitur
602 1341 776 1412 magis
808 1339 875 1393 ad
922 1336 1129 1407 quaevis
1164 1332 1410 1404 pericula
1454 1330 1891 1399 discriminaque
1930 1329 1985 1382 in

406 1435 552 1488 bello
586 1432 900 1489 subeunda.

479 1526 564 1579 it.
610 1524 706 1579 Sin
744 1525 1024 1592 contingat
1053 1521 1357 1579 exercitum
1399 1528 1553 1573 tuum
1595 1513 1864 1583 superari,
1892 1529 1988 1568 eos

408 1617 502 1684 qui
536 1617 587 1670 in
620 1615 949 1670 discrimina
983 1615 1099 1668 haec
1139 1619 1455 1673 evaserunt,
1504 1609 1754 1663 oratione
1783 1604 1990 1660 excita-

408 1706 517 1771 bis,
558 1716 613 1760 et
656 1705 869 1761 alacres
910 1711 1176 1775 quantum
1206 1711 1361 1773 potes
1398 1701 1523 1756 illos
1557 1697 1786 1760 reddes,
1824 1705 1874 1750 et
1906 1694 1990 1748 of-

407 1796 716 1854 fensionem
769 1797 897 1852 belli
944 1806 1223 1865 acceptam
1282 1793 1513 1849 occultis
1568 1789 1990 1846 incursionibus

409 1899 577 1962 atque
612 1889 831 1945 insidiis
859 1888 1150 1944 resarcies.

481 2068 569 2123 15.
615 2067 807 2122 Solent
851 2065 996 2122 enim
1030 2063 1285 2119 homines
1317 2063 1482 2118 rebus
1522 2060 1761 2116 feliciter
1819 2061 1991 2129 gestis

410 2157 481 2213 ad
558 2159 772 2228 seipsos
841 2155 1250 2213 conservandos
1328 2154 1754 2225 negligentiores
1823 2168 1990 2208 esse:

410 2249 633 2313 quando
661 2249 807 2303 enim
839 2249 1018 2303 victos
1045 2254 1430 2313 contemnunt,
1451 2247 1665 2315 seipsos
1684 2245 1990 2316 negligunt.

411 2341 588 2409 Atque
630 2340 703 2393 ita
738 2338 975 2394 felicitas
998 2337 1075 2391 rei
1101 2344 1271 2408 gesta“:
1302 2350 1447 2405 saepe
1474 2335 1788 2391 fortunatos
1819 2334 1995 2403 magis

409 2443 571 2497 quam
599 2428 775 2483 victos
804 2433 859 2483 et
884 2432 1173 2497 superatos
1199 2424 1370 2479 laedit.

487 2602 573 2657 {6.
619 2600 699 2655 'l‘u
739 2603 885 2657 enim
926 2600 1019 2672 qui
1044 2600 1402 2656 offensionem
1434 2599 1561 2654 belli
1599 2596 1862 2668 accepisti
1900 2612 1996 2667 per

412 2699 469 2747 te
496 2708 559 2747 ex
596 2693 666 2747 iis
709 2706 830 2761 quae
861 2706 1156 2761 perpessus
1180 2707 1240 2746 es
1267 2688 1512 2745 didicisti
1536 2688 1770 2756 teipsum
1804 2688 1872 2742 de
1894 2702 1997 2741 cae-

412 2791 532 2837 tero
568 2790 744 2835 tutum
782 2796 1155 2837 conservare:
1193 2781 1284 2835 ille
1313 2789 1494 2835 autem
1522 2781 1615 2849 qui
1643 2795 1824 2835 rerum
1868 2794 1995 2849 pro-

415 2875 678 2944 speritate
728 2874 917 2940 afﬂuit,
960 2874 1245 2928 adversam
1282 2872 1557 2928 fortunam
1584 2887 1693 2928 non
1727 2873 1993 2934 sentiens.

414 2969 563 3021 nulla
604 2967 916 3037 provisione
946 2975 999 3021 et
1028 2967 1288 3022 cautione
1322 2965 1496 3020 utitur
1523 2964 1591 3019 ad
1623 2980 1686 3019 ea
1712 2964 1995 3019 declinan-

415 3060 508 3123 da,
537 3076 768 3131 quorum
809 3061 1019 3115 nullum
1054 3060 1234 3115 adhuc
1260 3074 1483 3115 sensum
1532 3058 1742 3113 habuit.
1781 3058 1995 3112 Scitum

2094 595 2241 647 ὅσιον
2274 594 2567 652 δείκνυται,
2590 590 2684 642 καὶ
2719 590 2855 659 πρὸς
2888 588 3013 652 τοὺς
3040 587 3250 652 ζῶντας
3296 589 3541 658 μεγάλης
3574 607 3681 641 πα-

2096 683 2368 753 ραμυθίας
2400 678 2693 746 ἀπόδειξις.
2728 681 2999 743 Ἕκαστος
3040 679 3150 750 γὰρ
3182 679 3292 732 τῶν
3326 681 3679 749 στρατιωτῶν

2091 776 2235 847 ὁρῶν
2263 775 2324 826 τὸ
2352 774 2660 842 γινόμενον,
2701 771 2874 835 οὕτως
2900 771 3095 825 ἑαυτὸν
3123 771 3335 842 νομίσει
3366 772 3580 824 παθεῖν.
3616 773 3679 825 Et

2094 869 2192 937 μὲν
2212 868 2320 937 γὰρ
2342 867 2580 935 ἀτάφους
2595 865 2681 937 ἴδῃ
2698 882 2784 918 κει
2792 864 3028 936 μένουςῆ
3051 863 3538 935 σπαρασσομένσυς
3554 866 3682 929 τοὺς

2093 958 2413 1025 πίπτοντας,
2452 957 2646 1011 ἐαυτὸν
2676 954 3049 1025 λογιζόμενος,
3096 955 3353 1025 ἐπαχθῶς
3388 957 3548 1026 φέρει
3578 956 3679 1027 τὴν

2092 1047 2269 1118 ὓϐριν,
2323 1047 2418 1099 καὶ
2468 1047 2660 1115 φεύγει
2688 1045 2750 1099 τὸ
2776 1047 2967 1099 παθεῖν
2988 1064 3038 1098 τι
3088 1045 3331 1099 τοιοῦτον
3368 1049 3681 1117 μαχόμενος

2091 1142 2184 1193 καὶ
2210 1140 2415 1208 ἄταφος
2463 1137 2914 1210 καταλειφθῆναι.
2950 1138 3012 1190 El
3040 1137 3098 1190 δὲ
3128 1139 3296 1208 τιμῆς
3344 1138 3551 1204 ἀξιοῖτο
3584 1140 3681 1191 καὶ⁵

2094 1234 2231 1301 μετά
2261 1233 2320 1283 τὸ
2348 1232 2536 1284 πεσεῖν
2589 1230 2685 1284 καὶ
2725 1230 2946 1300 μνήμης
2981 1229 3195 1298 ἀγαθῆς
3243 1230 3470 1300 ὁμοίως,
3505 1231 3682 1285 ταῦτα

2094 1323 2335 1392 συνορῶν
2390 1321 2450 1375 οὐ
2502 1321 2900 1392 παραιτήσεται
2945 1320 3357 1392 προθυμότερον
3404 1321 3680 1389 ἀγωνίσα-

2094 1414 2240 1468 σθαι.

2165 1508 2245 1563 ιδ’.
2297 1508 2359 1561 Et
2379 1506 2435 1561 δὲ
2461 1505 2604 1561 οὕτω
2660 1504 2843 1575 συμϐῇ
2894 1504 3035 1558 ὥστε
3090 1504 3481 1575 ήττηθῆναιτὺ
3519 1502 3681 1573 στράο

2090 1616 2289 1670 τευμα,
2328 1598 2402 1670 μὴ
2428 1598 2619 1668 ἀμέλει
2657 1597 2751 1649 τοῦ
2771 1596 3186 1666 ἀνακτήσασθαι
3224 1597 3351 1659 τοὺς
3372 1595 3683 1649 ἀνασωθένρ

2090 1706 2185 1751 τας
2230 1690 2318 1742 διὰ
2370 1690 2543 1757 λόγων
2596 1686 2691 1741 καὶ
2750 1686 3228 1758 προθυμοποιῆσαι
3279 1686 3500 1751 αὐτοὺς,
3545 1686 3684 1739 ἀλλὰ

2096 1780 2365 1845 σπούδαζε
2424 1780 2519 1834 xal.
2571 1780 2725 1850 ζήτει
2780 1779 2971 1850 καιρὸν
3014 1778 3156 1831 ὥστε
3182 1778 3311 1832 ποτὲ
3350 1779 3446 1831 καὶ
3480 1778 3683 1848 μᾶλλον

2096 1862 2687 1943 ἐπανορθώσασθαιτὴν
2716 1871 3013 1927 ἐλάττωσιν
3042 1869 3134 1926 διὰ
3161 1869 3448 1941 κρυφαίων
3474 1871 3684 1940 ἐφό“ων

2094 1965 2137 2036 ῆι
2159 1967 2327 2034 ἐγκρυ
2337 1962 2586 2032 μμάτων.

2167 2062 2248 2109 ιε’.
2280 2054 2517 2108 Εἱώθασι
2571 2053 2681 2123 γὰρ
2724 2050 2987 2114 πολλάκις
3028 2050 3077 2104 οἱ
3123 2048 3529 2121 εὐπραγοῦντες
3582 2052 3686 2121 ρᾳο

2096 2148 2389 2221 θυμότεροι
2452 2146 2699 2217 γίνεσθαι
2755 2144 2881 2216 περὶ
2911 2146 3011 2208 τὰς
3063 2143 3311 2212 φυλακὰς
3336 2143 3537 2198 αὐτῶν.
3572 2144 3685 2196 Καὶ

2095 2244 2203 2314 γὰρ
2257 2243 2385 2295 ὅταν
2452 2241 2561 2294 τῶν
2610 2239 2957 2311 ἡττηθέντων
3028 2241 3508 2309 καταφρονήσωσι,
3574 2237 3685 2289 τῶν

2100 2334 2247 2389 ἰδίων
2269 2332 2661 2402 καταμελοῦσι.
2699 2332 2809 2385 Kal.
2841 2329 3016 2395 οὕτως
3048 2331 3309 2395 πολλάκις
3340 2330 3410 2383 τὰ
3453 2331 3687 2400 εὐτυχὴ-

2100 2443 2245 2495 ματα
2284 2425 2451 2479 πλέον
2487 2423 2715 2494 βλάπτει
2746 2423 2873 2487 τοὺς
2910 2421 3277 2492 εὐτυχοῦντας
3319 2422 3453 2494 παρ’
3481 2422 3509 2475 ὃ
3541 2422 3685 2493 μᾶλ-

2096 2517 2187 2571 λον
2217 2518 2265 2569 οἱ
2282 2518 2719 2587 δυστυχήσαντες
2745 2513 3076 2585 ἐϐλάϐησαν.

2172 2614 2269 2672 ις’.
2301 2608 2372 2661 Σὺ
2424 2609 2524 2677 μὲν
2583 2606 2693 2677 γὰρ
2754 2605 2989 2668 πταίσας
3023 2605 3310 2676 ἐδιδάχθης
3338 2605 3431 2674 ἀφ’
3464 2604 3686 2669 ἑαυτοῦ,

2100 2696 2194 2750 καὶ
2238 2695 2512 2764 ἐφύλαξας
2564 2695 2756 2747 ἑαυτὸν
2798 2693 2934 2763 πρὸς
2956 2695 3017 2747 τὸ
3043 2695 3234 2765 μέλλον
3255 2693 3316 2761 ἐξ
3347 2690 3422 2749 ὧν
3455 2695 3686 2759 ἔπαθες.

2111 2782 2346 2846 Ἐκεῖνος
2370 2782 2426 2835 δὲ
2448 2782 2672 2853 μηδέπω
2695 2784 3061 2855 δυστυχήσας,
3092 2784 3167 2847 ὡς
3190 2783 3419 2855 ἄπειρος
3440 2784 3539 2854 τῆς
3558 2785 3688 2838 δυσ-

2098 2874 2308 2944 τυχίας,
2349 2874 2448 2927 οὐκ
2527 2873 2637 2944 ἔχει
2710 2875 2966 2945 πρόνοιαν
3029 2874 3122 2928 τοῦ
3201 2876 3532 2946 φυλάξεσθαι
3612 2874 3690 2946 μὴ

2098 2968 2291 3019 παθεῖν
2349 2966 2449 3019 ὅσα
2491 2967 2590 3019 οὐκ
2644 2965 2865 3036 ἔμαθεν.
2923 2966 3163 3039 Εῐρηκεν
3190 2967 3300 3039 γάρ
3322 2967 3409 3031 τίς
3441 2985 3547 3022 που
3578 2984 3688 3021 πα-

2098 3057 2248 3121 λαιὸς
2277 3098 2291 3122 ,
2340 3058 2421 3111 ὅτι
2471 3058 2634 3127 φόϐος
2692 3058 2955 3129 εὔκαιρος
3008 3060 3149 3129 μετά
3220 3060 3536 3131 ἐπιμελείας
3587 3061 3690 3114 ἀσ-

412 3160 503 3207 est
535 3154 681 3207 enim
716 3152 820 3207 hoc
866 3151 1132 3221 sapientis
1169 3150 1455 3219 cujusdam
1511 3149 1761 3203 verbum.
1810 3148 1993 3202 Timor

2102 3150 2332 3217 φάλεια,
2396 3149 2802 3219 καταφρόνησις
2854 3149 2911 3201 δὲ
2969 3149 3195 3220 ἄκαιρος
3242 3150 3693 3213 εὐεπιϐούλευτος

416 3253 763 3315 opportunus
796 3284 810 3307 ,
859 3244 1049 3299 sedula
1098 3241 1451 3296 incolumitas
1480 3248 1565 3296 est
1604 3258 1617 3294 :
1660 3241 1997 3308 contemptio
2036 3241 2068 3245 “
2100 3242 2301 3311 τόλμα.

418 3336 755 3405 importuna,
794 3334 1126 3391 insidiabilis
1160 3334 1390 3388 audacia
1423 3341 1531 3389 est.

492 3427 581 3481 17.
624 3427 681 3481 Si
730 3427 1194 3481 intermissionem
1249 3424 1378 3481 belli
1429 3423 1625 3481 feceris
1676 3424 1759 3480 vel
1815 3424 1999 3481 verbis

416 3517 505 3572 vel
537 3518 711 3588 pactis
751 3524 806 3571 et
847 3516 1343 3581 conventionihus,
1386 3525 1543 3587 pacta
1577 3523 1670 3569 tua
1710 3514 2000 3585 diligenter

420 3609 688 3674 servabis,
734 3624 917 3678 neque
946 3609 1136 3663 hostes
1190 3608 1433 3673 invades,
1475 3614 1640 3676 atque
1683 3606 1994 3676 imparatus

422 3701 689 3756 adversus
716 3700 902 3755 hostes
933 3700 1064 3762 eris,
1098 3700 1192 3753 sed
1225 3698 1449 3769 quiesce
1469 3699 1627 3769 quasi
1664 3699 1720 3753 in
1758 3713 1888 3769 pace
1909 3714 2002 3754 es-'

426 3803 538 3853 ses,
570 3796 793 3858 propter
833 3787 1088 3843 inducias
1118 3803 1244 3842 cum
1278 3788 1533 3844 hostibus
1565 3786 1738 3843 factas
1768 3828 1785 3854 ,
1832 3802 1999 3857 appa-

424 3890 574 3937 ratas
599 3891 779 3937 autem
808 3885 998 3952 copias
1026 3882 1185 3953 quasi
1209 3884 1274 3936 ad
1301 3883 1498 3937 bellum
1529 3898 1748 3952 semper
1777 3882 1997 3947 habeto,

424 3982 651 4043 propter
690 3974 930 4029 hostium
962 3972 1285 4044 foedifragas
1308 3980 1362 4029 et
1394 3987 1496 4029 nee
1521 3974 1777 4045 opinatas
1807 3974 2002 4030 incur-

424 4068 629 4123 siones.

494 4159 583 4212 18.
635 4158 740 4214 Par
779 4168 865 4216 est
916 4168 1096 4216 autem
1152 4171 1213 4215 ut
1274 4176 1451 4232 neque
1499 4161 1837 4230 imprOVidus
1897 4159 2004 4216 hoc

428 4258 673 4318 tempore
698 4252 797 4317 sis,
827 4268 926 4307 nec
954 4268 1145 4309 rursus
1175 4253 1378 4323 aliquid
1412 4254 1636 4323 impium
1680 4260 1875 4323 praeter
1923 4253 2006 4307 iu-

427 4338 640 4405 ducias,
683 4339 794 4396 Deo
824 4350 981 4407 teste,
1010 4342 1182 4398 factas
1232 4344 1584 4409 commit-tas,
1623 4343 1726 4398 sed
1763 4344 2005 4398 circum-

2173 3436 2257 3501 ιζ’.
2300 3433 2427 3490 Ἐὰν
2455 3434 2515 3489 δέ
2565 3450 2697 3487 ποτε
2750 3434 2948 3504 ἀνοχὴν
3005 3433 3101 3487 τοῦ
3160 3432 3400 3504 πολέμου
3449 3433 3695 3502 ποιήσῃς

2098 3529 2187 3583 διά
2238 3545 2385 3591 τινος
2440 3526 2599 3595 λόγου
2648 3525 2745 3579 καὶ
2786 3526 3070 3595 συνθηκῶν
3101 3524 3568 3594 ὁμολογηθέντων,
3623 3524 3694 3575 σὺ

2105 3620 2205 3688 μὲν
2258 3620 2355 3682 τὰς
2400 3617 2605 3680 οἰκείας
2654 3616 2937 3685 φυλάττων
2986 3615 3259 3686 συνθήκας
3302 3614 3377 3685 μὴ
3433 3612 3695 3682 ὲπιτεθῇς

2100 3710 2214 3771 τοῖς
2273 3707 2567 3769 ἐναντίοιςο
2624 3706 2936 3776 ἀφύλακτος
2993 3704 3051 3758 δὲ
3113 3703 3187 3774 μὴ
3250 3702 3535 3774 διαμένῃς,
3572 3700 3695 3753 ἀλλ’

2102 3800 2341 3874 ἡσύχαζε
2383 3798 2481 3868 μὲν
2511 3797 2646 3861 πρὸς
2699 3798 2825 3860 τοὺς
2875 3795 3170 3866 πολεμίους
3199 3794 3287 3848 διὰ
3316 3793 3413 3857 τὰς
3454 3792 3696 3856 σπονδάς

2101 3894 2175 3956 ὡς
2197 3894 2252 3944 ἐν
2280 3891 2494 3961 εἰρήνῃο
2525 3889 2586 3941 τὸ
2610 3888 2667 3941 δὲ
2703 3888 2945 3957 ἀσφαλὲς
2964 3929 2978 3953 ,
3017 3889 3100 3951 εἰς
3122 3890 3182 3941 τὸ
3207 3886 3282 3957 μὴ
3310 3888 3495 3939 πεσεῖν
3519 3886 3552 3956 ἢ
3589 3902 3695 3938 πα-

2105 3984 2217 4036 θεῖν
2244 3999 2298 4035 τι
2328 3980 2457 4051 παρ’
2484 3978 2688 4045 αὐτῶν,
2727 3979 2800 4043 ὡς
2836 3980 2933 4033 ἐπὶ
2984 3978 3226 4049 πολέμου
3259 3976 3435 4041 οὕτως
3465 3976 3557 4047 ἔχε
3590 3977 3691 4030 καὶ

2107 4073 2367 4142 προνοῶ.

2179 4175 2266 4238 ιη’.
2298 4169 2515 4239 Πρέπον
2541 4166 2651 4236 γὰρ
2670 4164 2808 4236 μήτε
2834 4162 3144 4232 ἀφύλακτον
3166 4162 3224 4216 ὲν
3249 4159 3477 4230 τοιούτῳ
3502 4157 3686 4229 καιρῷ

2107 4280 2165 4316 σε
2192 4258 2352 4326 εἶναι,
2390 4262 2529 4331 μήτε
2550 4258 2712 4313 πάλιν
2743 4275 2797 4310 τι
2824 4257 2998 4309 ποιεῖν
3039 4253 3235 4315 ἀσεϐὲς
3263 4252 3413 4322 παρὰ
3443 4250 3545 4314 τὰς
3598 4250 3695 4303 ἐπὶ

2104 4353 2224 4424 Θεῷ
2280 4352 2517 4423 μάρτυρι
2569 4347 2895 4412 τεθειμένας
2944 4345 3199 4409 σπονδὰς,
3229 4343 3348 4398 ἀλλ’
3394 4338 3535 4396 εἶναι
3588 4342 3699 4396 ὓπ-

427 4440 651 4499 spectus
696 4434 774 4487 sis
808 4434 873 4487 ad
914 4435 1150 4488 hostium
1182 4435 1337 4492 dolos
1373 4443 1538 4504 atque
1583 4436 1812 4491 insidias
1856 4434 1993 4489 devi-

2117 4463 2305 4509 οπτον,
2366 4444 2507 4497 ὥστε
2538 4441 2903 4511 φυλάττεσθαι
2934 4438 2995 4491 τδ
3036 4436 3146 4489 τῶν
3176 4436 3451 4506 πολεμίων
3480 4436 3700 4506 δολερὸν

429 4521 625 4577 tandas
663 4542 676 4577 :
719 4524 967 4580 obscurae
1004 4526 1149 4578 enim
1181 4537 1309 4581 sunt
1351 4528 1588 4582 hostium
1634 4528 1885 4583 inducias
1924 4534 1993 4580 te-

2109 4538 2202 4591 xal.
2229 4537 2481 4591 ὓπουλον.
2517 4534 2739 4605 ΙἈδηλοι
2770 4532 2878 4602 γὰρ
2910 4529 3088 4584 αἰτῶν
3114 4528 3498 4599 σπεισαμένων
3529 4529 3700 4597 ήγουν

434 4627 559 4666 cum
602 4612 919 4667 facientium
951 4615 1284 4670 voluntates.
1319 4615 1426 4670 Sed
1451 4624 1509 4669 tu
1540 4616 1621 4670 sic
1651 4622 1703 4670 te
1729 4629 1910 4686 geras,
1944 4622 1993 4668 ul

2100 4630 2209 4683 τῶν
2265 4627 2699 4699 είρηνευσάντων
2763 4624 3023 4678 ἐναντίων
3062 4620 3304 4691 γνῶμαι.
3341 4621 3454 4674 Kal.
3491 4620 3557 4673 σὺ
3597 4620 3697 4689 μὲν

428 4706 636 4759 nullam
660 4705 769 4760 illis
801 4705 1059 4775 iujuriam
1085 4706 1307 4775 pietatis
1334 4721 1500 4762 causa
1520 4706 1692 4762 facias
1720 4725 1733 4760 :
1758 4706 1993 4761 hostium

2102 4720 2192 4792 ἔχε
2216 4723 2277 4773 τὸ
2303 4721 2541 4791 βέϐαιον,
2610 4718 2751 4771 ὥστε
2813 4715 2889 4787 μὴ
2938 4714 3196 4783 ἀδικῆσαι
3227 4713 3317 4766 διὰ
3346 4712 3407 4765 τὸ
3443 4712 3695 4775 εὐσεϐὲς,

428 4805 614 4851 tamen
664 4797 943 4868 perﬁdiam
999 4798 1219 4852 cavebis
1260 4837 1276 4863 ,
1310 4804 1369 4851 ut
1400 4813 1465 4876 ne
1503 4799 1578 4854 ab
1604 4798 1743 4864 illis,
1785 4807 1993 4869 propter

2103 4814 2209 4866 τῶν
2261 4812 2320 4864 δὲ
2370 4811 2644 4879 πολεμίων
2710 4807 2771 4859 τὸ
2810 4808 3043 4861 ἄπιστον
3120 4803 3351 4858 ὑπονοοῦ
3407 4802 3551 4857 ὥστε
3621 4803 3697 4874 μὴ

428 4887 629 4956 impios
664 4890 881 4944 illorum
914 4897 1171 4953 conatus,
1205 4889 1442 4944 lmdaris.

2106 4904 2428 4975 ἀδικηθῆναι
2459 4902 2545 4955 διὰ
2578 4903 2638 4954 τὸ
2668 4899 2889 4963 ἀσεϐές.

503 4981 591 5035 19.
634 4980 830 5034 Omnia
860 4982 1011 5036 enim
1034 4982 1101 5036 ad
1136 4983 1230 5037 Dei
1260 4982 1557 5036 vindictam
1610 4982 1841 5046 referre,
1880 4982 1993 5037 sin-

2176 4994 2262 5049 ιθ’.
2301 4994 2500 5064 Τὸγάρ
2547 4991 2727 5046 πάντα
2766 4991 3065 5061 ἀναφέρειν
3128 4993 3207 5055 εἰς
3278 4992 3377 5062 τὴν
3443 4990 3552 5046 ἀπὸ
3604 4990 3699 5042 τοῦ

432 5073 545 5127 ceri
600 5073 767 5126 animi
821 5083 1055 5129 nonest.
1106 5074 1224 5129 Non
1279 5072 1572 5130 confestim
1631 5075 1775 5128 enim
1822 5074 1993 5129 divina

2103 5086 2238 5140 &o'3
2272 5087 2555 5155 ἐκδίκησιν
2608 5086 2709 5138 οὐκ
2741 5083 2887 5137 ἔστιν
2913 5084 3176 5155 ἀκαιρέου
3202 5084 3316 5153 ((24)
3350 5083 3599 5153 γνώμης.
3623 5082 3698 5135 Οὐ

432 5165 673 5220 vindicta
708 5163 943 5220 infertur
966 5205 981 5228 ,
1015 5166 1109 5221 sed
1141 5170 1360 5236 quando
1400 5167 1645 5221 omnium
1685 5174 1993 5235 procurator

2104 5178 2212 5247 γὰρ
2241 5174 2602 5245 εὐθὺςήθεὶα
2634 5174 2760 5243 δίκη
2808 5173 3095 5241 ἐπάγεται·
3135 5171 3254 5224 ἀλλ’
3300 5173 3388 5224 ὅτε
3447 5170 3700 5240 βούλεται

434 5268 488 5311 et
526 5258 940 5313 administrator
968 5257 1112 5313 Deus
1152 5259 1253 5312 hoc
1280 5258 1525 5313 futurum
1560 5259 1827 5313 decernit.
1860 5258 1993 5324 Quis

2104 5271 2132 5322 ὁ
2160 5269 2377 5322 πάντων
2415 5266 2741 5338 προνοητής.
2779 5264 2876 5327 Τίς
2924 5262 3029 5333 γὰρ
3062 5257 3203 5315 οἶδεν
3239 5264 3287 5315 εἰ
3322 5261 3439 5331 ἅμα
3471 5260 3699 5331 τῷάσε-

436 5351 578 5404 enim
635 5352 784 5404 novit
848 5350 1069 5420 quando
1122 5351 1377 5419 iniuriam
1436 5352 1640 5405 inferre
1706 5352 1993 5405 moliuntur

2113 5361 2279 5431 ϐῆσαι
2332 5360 2459 5423 τοὺς
2510 5357 2738 5429 ἐχθροὺς
2785 5355 2942 5409 αὐτοὶ
2984 5353 3083 5425 μὲν
3134 5352 3505 5416 διολεσθῶσιν,
3541 5353 3604 5405 σὺ
3644 5351 3701 5404 δὲ

439 5443 646 5503 hostes,
679 5452 863 5497 utrum
893 5443 970 5496 illi
997 5443 1309 5497 trucidandi
1347 5444 1479 5507 sint,
1512 5452 1568 5496 tu
1612 5460 1739 5498 vero
1774 5459 1993 5498 conscr-

2117 5452 2515 5526 περισωθήσῃ;

435 5536 692 5589 vaudus?

504 5626 595 5680 20.
639 5627 846 5680 Liccbit
878 5627 1042 5698 igitur
1070 5628 1226 5683 nobis
1256 5627 1448 5682 eodem
1486 5628 1647 5685 modo
1674 5644 1761 5686 res
1791 5637 1993 5687 nostra:

2188 5628 2253 5684 κ’.
2284 5629 2529 5695 Ἔξεστιν
2579 5622 2670 5682 οὖν
2716 5628 2847 5697 ἡμῖν
2915 5624 3051 5697 μετὰ
3100 5624 3197 5695 τῆς
3261 5622 3369 5678 τῶν
3414 5622 3702 5696 ἡμετέρων

1951 5723 2159 5780 NOTAE
2179 5764 2190 5777 .

516 5812 623 5880 ιέξι)
650 5814 966 5881 Ἀκιιτγιτου.
1000 5821 1209 5887 Scribe,
1238 5821 1527 5890 ἀκεραίου.
