4090 6450
406 359 511 426 513

1438 365 1776 429 TACTICA.
1811 390 1877 403 -
1918 365 2430 429 CONSTITUTIO
2475 368 2667 431 XVII.

3582 375 3691 442 9M

404 481 749 554 πραγμάτων
795 480 1118 554 ἀσφαλείας,
1152 482 1396 547 εἰοῦτως
1440 484 1599 557 τύχῃ,
1633 487 1832 557 πεῖραν
1861 486 1992 555 λαμε

2109 487 2268 541 llrmo
2316 488 2439 543 loco
2473 487 2724 543 stabilire
2748 526 2764 551 ,
2817 493 2871 541 et
2902 486 3081 559 impiae
3118 486 3423 545 molitionis
3458 488 3699 547 hostium

405 577 590 631 ϐἀνειν
646 577 745 646 τῆς
774 576 886 629 τῶν
920 576 1196 646 πολεμίων
1242 576 1503 639 ἀσεϐείας
1527 593 1540 607 ·
1573 576 1752 641 οὕτως
1793 578 1903 647 γὰρ
1932 577 1998 629 σὺ

407 673 507 740 μὲν
535 668 626 723 διά
668 669 769 740 τὴν
823 670 925 739 σὴν
989 668 1248 740 πρόνοιαν
1295 669 1450 723 οὐδὲν
1496 669 1668 723 κακὸν
1713 668 1919 740 πάθῃς,
1946 669 1998 721 οἱ

404 763 460 815 δὲ
510 761 761 816 κακῶσαι
807 760 1196 832 βουλευθέντες
1228 761 1438 833 ἐχθροὶ,
1474 762 1842 833 ἀσεϐήσουσιν
1872 762 1996 832 μὲν,

403 854 481 917 ὡς
504 851 815 922 πράξαντές
841 870 918 919 τι,
951 854 999 905 εί
1021 852 1386 923 ἐδυνήθησαν,
1418 854 1479 906 σέ
1507 852 1598 907 τοῦ
1615 852 1753 907 Θεοῦ
1783 855 1872 907 διὰ
1896 854 1998 925 τὴν

403 946 587 998 πίστιν
616 943 723 997 τῶν
748 944 1197 1016 ὁμολογηθέντων
1225 941 1583 1013 φυλάξαντος.

474 1034 581 1089 κα¹.
614 1037 801 1090 Πάντα
833 1036 890 1089 δὲ
918 1037 1013 1088 τὸν
1070 1035 1395 1106 βουλόμενόν
1420 1052 1474 1088 τι
1504 1036 1878 1104 ἀπαγγέλλειν
1913 1054 1996 1090 σοι

404 1128 499 1183 καὶ
518 1127 704 1183 δοῦλον
731 1128 827 1181 καὶ
856 1126 1165 1197 ἐλεύθερον,
1191 1126 1286 1180 καὶ
1312 1128 1371 1182 ἐν
1390 1127 1546 1181 νυκτὶ
1571 1128 1664 1180 καὶ
1698 1129 1757 1180 ἐν
1787 1128 1995 1198 ἡμέρᾳ,

403 1221 501 1274 καὶ
519 1223 576 1273 ἐν
596 1220 900 1291 ὁδοιπορίᾳ,
927 1221 1021 1272 καὶ
1047 1219 1105 1273 ἐν
1122 1218 1409 1291 ἀπλήκτῳ,
1460 1218 1554 1272 καὶ
1575 1219 1997 1290 ἀναπαυόμενον

403 1314 498 1367 καὶ
534 1312 834 1375 ύπνοῦντα,
864 1311 960 1364 καὶ
1014 1311 1109 1364 ἐπὶ⁵
1163 1310 1415 1381 λουτροῦ,
1473 1310 1570 1364 καὶ
1619 1311 1714 1365 ἐπὶ
1764 1311 1994 1381 τροφῆς,

402 1405 497 1459 καὶ
554 1403 753 1465 παντὸς
800 1402 987 1473 ἐτέρου
1020 1402 1215 1473 καιροῦ
1260 1403 1353 1455 καὶ
1398 1402 1589 1467 τόπου,
1620 1401 1695 1472 μὴ
1726 1401 1997 1472 ἀποστρέ-

399 1497 531 1570 ψῃς,
566 1494 702 1549 άλλά
752 1493 1065 1565 προσκαλοῦ
1112 1494 1297 1548 αὐτόν.
1328 1495 1392 1547 Οί
1424 1492 1536 1565 γὰρ
1563 1493 1994 1565 ἀναϐαλλόμενοι

405 1589 505 1642 καὶ
536 1586 826 1658 ἀπρόσιτοι
851 1626 867 1651 ,
886 1587 1113 1651 καὶτοῖς
1137 1586 1439 1656 ὑπηρέταις
1472 1586 1652 1639 αὐτῶν
1680 1585 1998 1651 κελεύοντες

398 1681 729 1735 ἀνακόπτειν
756 1681 884 1744 τοὺς
910 1680 1055 1735 οὔτω
1083 1679 1585 1752 προσερχομένους,
1631 1679 1849 1734 πολλῶν
1896 1680 1993 1734 καὶ

402 1772 655 1842 μεγάλων
683 1771 911 1835 εἰκότως
935 1770 1371 1841 διαμαρτάνουσι
1400 1772 1767 1842 πραγμάτων.
1802 1772 1993 1826 Ταῦτά

400 1879 481 1916 σοι
541 1863 635 1916 καὶ
688 1862 826 1933 μετά
858 1862 950 1915 τὸν
1007 1862 1267 1931 πόλεμον,
1298 1862 1391 1916 καὶ
1418 1863 1537 1916 είτι
1567 1862 1780 1927 τούτοις
1808 1881 1993 1933 παρα-

398 1956 625 2027 πλήσιον
661 1956 1014 2029 ἐπινοηθῆναι
1084 1954 1347 2026 ἰσχύσεις,
1391 1956 1848 2028 παραφυλάττειν
1878 1958 1993 2010 δια-

395 2044 728 2117 ταττόμεθα.

884 2177 1199 2235 ΔιΑτΑΞιΣ
1249 2178 1329 2235 12'
1356 2179 1496 2252 (εδ).

794 2292 939 2361 Περὶ
969 2292 1206 2363 ἐφόδων
1240 2292 1579 2361 ἀδοκήτων.

467 2412 536 2461 α’.
589 2404 749 2475 Ἑξῆς
770 2405 826 2459 δὲ
856 2406 953 2460 καὶ
978 2405 1079 2460 ὅσα
1106 2421 1189 2459 σοι
1227 2404 1346 2459 δέον
1373 2408 1430 2461 ἐν
1452 2405 1633 2478 καιρῷ
1654 2408 1990 2479 προσήκοντι
2076 2422 2079 2427 ’

394 2496 649 2565 γενέσθαι
698 2497 764 2550 δι’
812 2496 1152 2550 ἐπελεύσεων
1212 2496 1498 2567 ἀδοκήτων
1552 2498 1696 2552 κατά
1747 2502 1847 2567 τῆς
1886 2500 1985 2568 γῆς

2103 595 2301 636 secure
2339 582 2644 650 periculum
2677 580 2859 637 facere
2892 600 2907 637 :
2943 585 3018 635 ita
3055 582 3146 637 lict
3174 590 3235 636 ut
3257 582 3578 653 provisione
3605 594 3700 640 tua

2101 675 2228 727 mali
2261 674 2400 728 nihil
2429 675 2672 744 accipias
2699 718 2714 743 ,
2749 676 3048 745 hostesque
3068 717 3083 741 ,
3118 677 3210 746 qui
3260 675 3464 730 malum
3495 675 3702 732 inferre

2102 764 2345 831 student,
2382 766 2686 837 impietatis
2716 774 3013 821 teneantur
3038 806 3053 832 ,
3090 766 3252 836 quasi
3283 775 3336 821 te
3379 780 3701 835 expugnare

2101 868 2436 912 conarentur
2465 899 2480 922 ,
2532 858 2626 913 sed
2665 856 2808 914 Deus
2862 867 3089 928 propter
3130 858 3291 912 Iidem
3342 856 3697 912 induciarum

2100 959 2397 1016 servatam,
2431 952 2656 1006 minime
2685 953 2737 1006 id
2777 951 2893 1006 ﬁeri
2928 952 3299 1022 permitteret.

2166 1042 2260 1098 2|.
2306 1042 2361 1096 Si
2398 1044 2545 1113 quis,
2577 1044 2694 1099 sive
2727 1059 2943 1109 servus,
3000 1044 3117 1099 sive
3171 1044 3333 1109 liber,
3388 1052 3551 1099 nocte
3598 1051 3696 1099 aut

2098 1134 2209 1193 die.
2237 1135 2291 1189 in
2320 1135 2516 1190 itinere
2552 1142 2647 1189 aut
2688 1136 2913 1199 castris,
2949 1135 3004 1189 in
3044 1135 3292 1204 requiete
3316 1142 3411 1188 aut
3452 1135 3691 1197 somnio,

2100 1225 2152 1278 in
2180 1224 2377 1280 balneo
2410 1232 2503 1278 aut
2540 1239 2752 1288 mensa,
2786 1234 2882 1278 aut
2915 1224 3029 1278 ullo
3059 1223 3168 1278 alio
3211 1231 3463 1293 tempore
3508 1233 3691 1278 tecum

2100 1315 2335 1370 voluerit
2363 1314 2798 1378 communicare,
2833 1328 2899 1368 ne
2931 1313 3209 1368 averseris
3242 1312 3418 1375 illum,
3464 1311 3559 1366 sed
3594 1325 3692 1363 ac-

2098 1420 2255 1460 cerse
2281 1398 2348 1459 ad
2370 1415 2456 1470 te;
2486 1405 2578 1475 qui
2606 1406 2751 1458 enim
2781 1403 3037 1458 homines
3072 1401 3358 1471 rejiciunt,
3398 1407 3452 1455 et
3490 1398 3692 1454 dillici-

2099 1498 2178 1553 les
2207 1512 2435 1553 accessu
2464 1504 2615 1559 sunt.
2654 1506 2709 1551 et
2735 1495 3081 1551 administris
3115 1495 3234 1549 suis
3272 1492 3600 1563 praecipiunt
3633 1499 3692 1545 ut

2096 1606 2193 1647 eos
2222 1592 2316 1660 qui
2348 1588 2616 1644 accedunt
2646 1588 2936 1659 repellant,
2977 1602 3007 1641 a
3039 1586 3253 1657 magnis
3284 1599 3432 1654 saepe
3465 1583 3693 1638 arduis-

2096 1695 2203 1749 que
2235 1680 2400 1734 rebus
2436 1678 2697 1750 gerendis
2742 1677 2966 1731 absunt.
3011 1674 3134 1730 Haec
3173 1674 3269 1728 tibi
3304 1682 3426 1743 post
3465 1671 3690 1738 bellum,

2099 1778 2151 1822 et
2178 1769 2223 1823 si
2249 1767 2382 1839 quid
2417 1768 2569 1823 aliud
2616 1768 2749 1824 utile
2776 1765 3143 1838 excogitabis,
3168 1760 3511 1821 observanda
3551 1777 3691 1833 pra:-

2098 1863 2357 1935 cipimus.

2545 2174 3019 2233 CONSTITUTIO
3057 2172 3226 2229 XVII.

2434 2295 2513 2351 De
2541 2294 2938 2350 incursionibus
2969 2310 3062 2349 nec
3088 2292 3344 2363 opinatis.

2166 2413 2216 2467 Ι.
2259 2410 2530 2483 Deinceps
2550 2412 2664 2482 jam
2695 2427 2817 2482 qua:
2852 2410 2951 2465 abs
2976 2418 3029 2463 te
3057 2406 3297 2479 gerenda
3334 2409 3505 2467 sunt,
3552 2402 3689 2457 dum

2092 2520 2193 2561 nec
2219 2505 2475 2574 opiuatas
2502 2503 2856 2559 incursiones
2888 2500 3148 2556 hostilem
3178 2499 3234 2552 in
3266 2504 3472 2551 terram
3506 2494 3646 2548 lacis
3669 2531 3685 2555 ,

395 2586 505 2642 τῶν
539 2587 839 2658 πολεμίων,
871 2588 966 2642 καὶ
998 2589 1149 2652 ὅπως
1173 2588 1339 2652 αὐτὸς
1358 2587 1499 2642 κατά
1526 2592 1628 2660 τῆς
1644 2590 1988 2654 ἐπελεύσεως

2094 2607 2144 2654 et
2195 2595 2664 2667 quemadmodum
2728 2593 2957 2649 hostiles
3000 2593 3241 2661 impetus
3287 2586 3569 2642 declinare
3628 2583 3686 2636 in

396 2677 508 2729 τῶν
537 2678 814 2749 πολεμίων
845 2679 1311 2752 ἀντιμηχανεύσει
1342 2680 1401 2733 ἐν
1429 2682 1547 2743 τοῖς
1578 2680 1749 2747 ίδίοις,
1785 2682 1875 2735 ὅτε
1912 2682 1986 2753 μή

2094 2697 2185 2744 tua
2220 2689 2396 2759 ipsius
2426 2688 2653 2757 regione
2682 2686 2866 2757 possis
2889 2724 2904 2748 ,
2952 2683 2997 2738 si
3038 2679 3264 2754 quando
3301 2678 3433 2733 belli
3468 2685 3688 2744 tempus

397 2770 592 2842 καιρὸς
639 2772 865 2843 είρήνης
918 2773 1210 2842 ἐπικρατεῖ
1242 2771 1533 2842 (πρόδηλος
1557 2772 1614 2825 δὲ
1643 2774 1706 2827 ού
1732 2773 1989 2827 συνίστα-

2094 2781 2336 2836 subitum
2377 2794 2442 2834 ac
2480 2778 2840 2849 improvisum
2886 2774 3085 2839 fuerit,
3118 2769 3475 2843 paucissimis
3506 2782 3690 2837 quan-

395 2880 486 2916 ται
521 2861 809 2933 πόλεμος),
835 2863 925 2917 διά
955 2862 1052 2934 τὴν
1084 2863 1179 2916 τοῦ
1201 2862 1365 2932 λόγου
1398 2864 1745 2936 συμμετρίαν
1777 2865 1837 2918 ἐν
1876 2864 1987 2916 ὀλί-

2094 2883 2202 2928 tum
2231 2888 2329 2942 pro
2362 2872 2467 2926 hac
2494 2872 2729 2925 materia
2763 2868 2878 2924 ﬁeri
2910 2875 3119 2938 poteSI,
3147 2862 3463 2935 expediam.

394 2970 514 3022 τοις
539 2953 923 3024 διεξέλθωμεν.

468 3042 538 3113 β’.
580 3044 830 3115 Ἀρχαῖός
862 3061 963 3098 που
998 3043 1243 3099 διδάσκει
1275 3044 1433 3115 λόγος
1475 3046 1644 3117 ἡμᾶς,
1668 3048 1836 3121 ὅνπερ
1891 3050 1985 3102 καὶ

2155 3047 2212 3102 2.
2256 3046 2498 3116 Antiqua
2532 3058 2635 3099 nos
2677 3040 2859 3098 oratio
2892 3041 2996 3095 hoc
3016 3036 3217 3102 docet,
3253 3048 3419 3106 quam
3460 3041 3513 3085 et
3551 3048 3685 3102 pru-

394 3137 443 3190 οί
480 3135 715 3205 μάλιστα
749 3135 1109 3207 συνετώτεροι
1164 3137 1275 3190 τῶν
1321 3138 1641 3209 στρατηγῶν
1666 3139 1763 3192 καὶ
1814 3140 1983 3193 πάλαι

2094 3138 2395 3196 dentissimi
2428 3137 2791 3207 imperatores
2824 3133 2956 3187 olim
2987 3136 3387 3193 servaverunt,
3429 3139 3686 3194 nuncque

394 3229 870 3301 παρεφυλάξαντο,
906 3230 999 3284 καὶ
1034 3228 1130 3283 νῦν
1165 3229 1240 3294 ὡς
1269 3231 1475 3284 ἐπίπαν
1522 3231 1977 3301 παραφυλάττον-

2094 3233 2221 3288 adeo
2248 3232 2567 3302 quicunque
2599 3234 2844 3291 servant,
2867 3225 2923 3279 in
2957 3221 3122 3278 rebus
3160 3217 3415 3292 gerendis
3460 3216 3683 3279 ﬂorent,

392 3339 486 3386 τες
548 3321 897 3393 εὐδοκιμοῦσι
961 3324 1055 3377 καὶ
1118 3323 1493 3395 ἀριστεύουσι,
1561 3323 1624 3375 τὸ
1670 3323 1794 3394 δίχα
1846 3325 1985 3389 ιδίας

2094 3332 2142 3380 et
2166 3324 2410 3394 potiores
2442 3322 2669 3383 habent,
2699 3318 2822 3373 sine
2851 3326 3040 3371 nostra
3072 3312 3385 3369 oliensione
3409 3307 3686 3364 incursio-
3718 3360 3724 3367 λ

396 3416 606 3488 βλάϐης
636 3419 734 3480 τὰς
769 3417 910 3471 κατὰ
931 3417 1038 3469 τῶν
1071 3415 1348 3487 πολεμίων
1378 3414 1601 3483 ἐφόδους
1626 3415 1746 3485 ἦτοι
1771 3417 1988 3486 ἐπιδρο-

2094 3432 2187 3472 nes
2236 3424 2400 3484 atque
2434 3412 2772 3482 irruptiones
2823 3408 2875 3463 in
2923 3406 3178 3462 hostilem
3228 3412 3432 3458 terram
3472 3399 3688 3455 facien-

395 3510 503 3581 μὰς
551 3511 845 3564 ποιεῖσθαι.
880 3508 1052 3563 Τοῦτο
1114 3507 1173 3562 δὲ
1233 3507 1484 3573 γίνεσθαι
1530 3507 1755 3561 δυνατόν
1811 3509 1984 3574 ἐστιν,

2094 3507 2209 3563 das.
2250 3507 2385 3562 Nam
2422 3506 2691 3561 adversus
2713 3516 2872 3573 pares
2894 3511 3127 3555 numero
3154 3511 3219 3551 ac
3248 3494 3459 3549 viribus
3491 3491 3685 3560 00pias

396 3602 494 3655 ἐάν
570 3602 711 3673 μετά
788 3602 981 3671 σοφίας
1041 3602 1135 3655 καὶ
1198 3601 1660 3672 στρατηγήματος
1718 3599 1986 3670 φρονίμου

2094 3614 2337 3671 persaepe
2364 3598 2468 3653 hoc
2503 3597 2670 3661 valet,
2698 3602 2864 3663 atque
2896 3590 3063 3647 etiam
3101 3588 3395 3644 adversum
3435 3583 3676 3652 majores

392 3690 604 3762 ἀθρόως
636 3693 693 3745 αί
735 3690 876 3745 κατά
936 3690 1046 3743 τῶν
1078 3690 1290 3760 ἐχθρῶν
1334 3688 1601 3757 γίνωνται
1643 3687 1983 3753 ἐπελεύσεις.

2094 3707 2488 3764 nonnunquam
2515 3689 2722 3761 aliquid
2746 3686 2935 3742 ellicit.

393 3784 505 3839 Καὶ
532 3784 640 3854 γὰρ
665 3783 761 3837 καὶ
809 3783 949 3855 πρὸς
978 3784 1076 3847 τὰς
1110 3783 1442 3855 ἰσομέτρους
1471 3780 1735 3854 δυνάμεις
1766 3782 2070 3853 ἐπωφελεῖς
2100 3786 2448 3858 εὑρίσκονται
2475 3787 2531 3842 αἱ
2584 3782 2831 3839 τοιαῦται
2891 3779 3175 3853 γινόμεναι
3228 3776 3324 3831 καὶ
3381 3774 3523 3845 πρὸς
3579 3770 3683 3837 τὰς

393 3879 531 3934 πολὺ
562 3878 702 3950 τάχα
733 3877 1199 3949 ὑπερϐαλλούσας.

465 3994 538 4065 γ’.
574 3997 674 4051 Διά
703 3997 864 4049 τοῦτο
892 3995 986 4049 οῦν
1024 3995 1121 4050 καὶ
1152 3994 1387 4050 πάντοτε
1426 3993 1591 4049 καλόν
1624 3994 1775 4047 ἐστιν
1808 3995 1983 4066 ἁρμο-

391 4090 513 4154 δίας
542 4089 846 4159 προφάσεις
887 4090 984 4142 καὶ
1033 4088 1264 4158 καιροὺς
1298 4085 1703 4156 συμϐάλλεσθαι
1746 4086 1983 4157 δυναμέ-

393 4200 517 4247 νους
548 4181 626 4252 τῷ
646 4181 936 4254 πράγματι
960 4181 1269 4251 ἐπιτηρεῖν,
1304 4180 1399 4233 καὶ
1430 4177 1983 4249 προκαταλαμϐάνειν

392 4293 453 4328 σε
479 4277 605 4339 τοὺς
635 4274 886 4346 ἐχθροὺς,
912 4268 957 4327 ὧ
975 4273 1270 4344 στρατηγέ,
1296 4274 1426 4343 πρὶν
1450 4272 1482 4342 ἢ
1511 4273 1606 4324 καὶ
1629 4270 1842 4341 ἕτοιμοι
1880 4271 2000 4339 τῆς

392 4368 754 4441 ἀπαντήσεως
813 4386 907 4422 σου
955 4368 1253 4436 γένωνται,
1300 4365 1394 4419 καλ⁵
1450 4364 1690 4434 μάλιστα
1735 4363 1982 4427 ἐκείνους

392 4465 551 4527 ὅσους
582 4462 823 4533 νομίζεις
859 4462 956 4516 καὶ
984 4460 1238 4523 πλείονάς
1268 4476 1364 4513 σου
1391 4454 1532 4512 εἶναι
1588 4457 1685 4511 καὶ
1736 4456 1980 4512 δυνατω-

389 4556 606 4626 τέρους.

462 4643 524 4700 δ’.
560 4647 651 4698 Δεῖ
668 4644 777 4716 γάρ
802 4643 945 4698 κατά
970 4644 1179 4697 τούτων
1205 4640 1613 4712 αἱφνιδιασμοῖς
1643 4640 1850 4711 μᾶλλον
1882 4638 1981 4693 καὶ

395 4737 692 4808 σοφίσμασι
725 4739 816 4791 καὶ
851 4737 1113 4802 ἀπάταις,
1139 4736 1216 4799 ὡς
1264 4736 1501 4806 εἴρηται,
1536 4734 1678 4788 κατά
1716 4733 1779 4786 τὸ
1820 4733 1982 4786 δυναο

390 4832 484 4885 τὸν
519 4830 785 4900 πρότερον
808 4828 1102 4894 ποιεῖσθαι,
1134 4827 1271 4880 ἀλλά
1298 4826 1373 4898 μὴ
1423 4826 1692 4897 δημοσίας
1724 4826 1981 4897 ἐγχειρή-

392 4941 526 4987 σεις,
576 4922 717 4975 ῶστε
773 4920 1024 4975 ἐντεῦθεν
1075 4921 1156 4983 εἰς
1204 4919 1487 4982 κινδύνους
1531 4918 1977 4990 δυσανακλήτους

390 5015 489 5070 καὶ
509 5014 816 5082 ἀφεύκτους
845 5012 1163 5084 ἐμπίπτειν.

462 5105 523 5160 ε’.
557 5106 665 5160 Καὶ
702 5104 810 5158 τῶν
856 5103 1113 5157 τοιούτων
1162 5101 1517 5173 σοφισμάτων
1561 5100 1839 5172 διαφόρων
1899 5099 1980 5153 δν-

388 5217 499 5253 των
514 5199 631 5253 δέον
660 5217 719 5252 σε
736 5197 943 5260 τούτοις
967 5197 1278 5268 χρήσασθαι
1299 5194 1575 5267 ἁρμοδίως
1596 5195 1823 5258 καὶτοῖς
1854 5210 1981 5246 και-

394 5294 530 5363 ροῖς,
569 5292 662 5346 καὶ
690 5292 804 5354 τοῖς
826 5290 1032 5354 τόποις,
1060 5290 1155 5342 καὶ
1188 5290 1301 5353 τοῖς
1346 5286 1685 5361 προσώποις,
1723 5286 1817 5338 καὶ
1863 5286 1980 5347 τοῖς

399 5385 741 5455 πράγμασιν.

465 5494 506 5542 ς’
526 5519 539 5531 .
576 5478 687 5531 Καὶ
709 5476 839 5529 ποτὲ
870 5475 967 5547 μὲν
997 5475 1430 5545 ἀποκρισιαρίων
1461 5473 1569 5525 τῶν
1601 5470 1815 5542 ἐχθρῶν
1840 5469 1977 5540 πρὸς

395 5566 455 5620 σὲ
482 5566 897 5621 ἀποσταλέντων
930 5564 1115 5618 ἁπαλά
1143 5580 1202 5616 τε
1239 5562 1335 5616 καὶ
1357 5562 1550 5616 κολακε
1565 5562 1725 5613 υτικά
1756 5560 1980 5629 ῥήματα

2012 4589 2059 4646 D

2152 4003 2208 4058 5.
2250 4000 2548 4071 Propterea
2600 4009 2816 4066 semper
2850 4000 3018 4063 atque
3056 3988 3264 4059 ubique
3311 3986 3544 4041 idoneas
3584 3997 3685 4036 oc-

2082 4094 2338 4151 casiones
2380 4088 2930 4161 Opportunitatesque
2968 4090 3302 4153 temporum,
3343 4092 3467 4147 quae
3505 4074 3668 4144 adju-

2080 4201 2212 4241 vare
2244 4200 2358 4239 rem
2393 4188 2636 4251 nostram
2691 4184 2944 4249 possunt,
2978 4190 3088 4228 non
3135 4169 3546 4243 pratermittes,
3578 4165 3680 4223 sed

2085 4278 2271 4333 hostes
2300 4272 2440 4330 tuos'
2464 4272 2737 4342 anticipes
2760 4269 3095 4341 'priusqnam
3137 4263 3315 4333 parati
3361 4261 3432 4316 ad
3469 4276 3664 4317 occur.

2089 4384 2209 4424 sum
2237 4358 2592 4438 promptique
2615 4379 2739 4419 esse
2763 4368 3020 4432 possunt,
3053 4358 3178 4414 illos
3201 4357 3256 4411 in
3286 4356 3503 4427 primis,
3536 4371 3685 4427 quos

2089 4460 2375 4533 putaveris
2405 4467 2522 4513 tum
2549 4457 2763 4528 plures,
2804 4462 2921 4510 tum
2952 4452 3216 4509 fortiores
3248 4457 3303 4507 te
3326 4463 3473 4506 esse.

2156 4649 2213 4702 4.
2262 4642 2579 4717 lmprovisis
2605 4641 2756 4698 enim
2786 4636 3228 4699 incursionibus,
3269 4631 3412 4688 dolis
3443 4629 3685 4685 molitio-

2087 4739 2359 4809 nibusque
2387 4738 2477 4792 hic
2510 4734 2687 4805 magis
2716 4747 2857 4804 opus
2888 4738 2999 4795 est,
3030 4722 3499 4798 quemadmodum
3530 4735 3560 4773 a
3592 4734 3683 4775 me

2086 4847 2255 4903 supra
2287 4831 2498 4886 dictum
2538 4839 2642 4892 est,
2679 4827 2865 4897 potius
2889 4836 3054 4893 quam
3089 4817 3297 4887 apertis
3324 4830 3390 4871 ac
3436 4812 3681 4868 manife-

2084 4926 2190 4980 stis
2229 4924 2456 4994 praaliis,
2508 4936 2539 4977 c
2571 4919 2777 4991 quibus
2821 4916 2875 4969 in
2932 4911 3181 4984 pericula
3227 4905 3563 4982 gravissima
3620 4920 3684 4962 ac

2085 5018 2431 5075 inevitabilia
2466 5012 2745 5084 delapsuri
2777 5015 2988 5066 essent.

2161 5113 2217 5168 5.
2266 5111 2404 5166 Cum
2444 5109 2498 5163 bi
2532 5107 2644 5163 doli
2673 5102 2879 5159 diversi
2912 5099 3171 5169 variique
3202 5098 3338 5161 sint,
3377 5096 3503 5150 istis
3560 5102 3685 5147 nte-

2097 5204 2178 5259 ris
2203 5202 2402 5258 idonee
2438 5214 2538 5270 pro
2590 5207 2937 5267 temporum,
2984 5193 3278 5254 locorum,
3322 5200 3684 5258 personarum

2094 5308 2390 5364 rerumque
2419 5289 2856 5362 opportunitate.

2162 5466 2213 5522 6.
2258 5466 2476 5537 Legatis
2508 5464 2748 5519 hostium
2784 5461 2853 5516 ad
2880 5467 2933 5515 te
2967 5457 3151 5514 missis
3179 5499 3195 5522 ,
3230 5454 3451 5510 mollem
3484 5453 3681 5507 huma-

2093 5572 2331 5627 namque
2362 5553 2780 5625 respousiouem
2817 5552 2927 5607 illis
2962 5548 3253 5604 adhibebis
3283 5586 3298 5610 ,
3351 5553 3406 5600 et
3449 5541 3681 5611 benigne

1920 5648 2155 5704 NOT/E.

468 5754 579 5820 (‘25)
611 5756 669 5809 In
710 5752 832 5805 cmi.
869 5752 1031 5805 Laur.
1094 5761 1177 5803 est
1231 5767 1351 5819 cap.
1394 5749 1452 5804 ll)
1504 5748 1594 5801 ubi
1658 5745 1984 5801 inscribitur

2094 5744 2301 5809 λέοντος
2353 5747 2408 5798 ἐν
2460 5742 2682 5815 Χριστῷ
2730 5739 2942 5813 βατιλεί
2982 5734 3185 5801 αἰωνίῳ
3240 5730 3503 5803 βασιλέως
3548 5728 3683 5781 Τω-

396 5824 568 5893 μαίων
594 5825 721 5897 περὶ
745 5824 947 5893 ἐφόδων
967 5824 1264 5893 ἀδοκήτων.
