4090 6440
400 339 507 403 915

1680 335 1955 397 LEONIS
1983 328 2442 395 PIIILOSOPHI

3572 311 3676 374 fllﬁ

397 469 565 526 alque
597 453 912 510 humaniter
938 453 1207 518 dimittes,
1244 450 1651 521 confestimque
1682 451 1808 505 illos
1844 466 1976 505 con-

2094 443 2600 521 ἀντιδηλώσας,καὶ
2653 440 2793 514 μετά
2825 438 2991 511 τιμῆς
3043 437 3167 499 τοὺς
3220 432 3676 501 ἀποκρισιαρίους

397 549 669 619 sequeris,
705 558 760 602 et
791 547 1050 619 opinione
1080 547 1245 601 citius
1285 546 1476 601 hostes
1508 544 1803 600 adorieris.

471 727 520 779 7.
562 723 795 793 Legatos
822 731 948 777 tuos
975 723 1039 775 ad
1061 723 1248 777 hostes
1270 721 1618 778 mollioribus
1647 737 1771 778 cum
1802 722 1986 779 verbis

395 820 641 884 mittens,
678 817 1058 870 incursionem
1102 816 1290 869 subito
1322 813 1521 868 facies.

464 995 518 1050 8.
556 993 836 1049 Interdum
875 993 1040 1048 etiam
1070 994 1312 1050 hostium
1342 1002 1522 1049 castra
1552 1033 1569 1059 ,
1602 992 1720 1049 sive
1750 992 1805 1046 in
1851 1001 1942 1045 tua
1964 1031 1980 1056 ,

394 1084 508 1138 sive
559 1084 614 1137 in
661 1084 846 1139 hostili
903 1093 1050 1140 terra
1100 1086 1280 1140 coacti
1323 1085 1548 1151 fuerint,
1597 1084 1984 1140 considerabis

394 1174 714 1246 diligenter,
743 1177 1211 1247 quemadmodum
1256 1186 1553 1247 ponantur.
1598 1175 1754 1241 Quod
1793 1175 1839 1230 si
1875 1175 1983 1229 ulla

396 1265 620 1320 occasio
673 1267 908 1321 inveniri
958 1275 1161 1336 potest,
1212 1276 1377 1321 noctu
1422 1268 1550 1321 luna
1597 1268 1814 1322 lucente
1845 1267 1983 1323 duas

404 1364 632 1413 auttres
661 1357 827 1413 horas
872 1366 997 1413 ante
1045 1360 1186 1415 diem
1217 1359 1272 1414 in
1304 1359 1493 1415 hostes
1521 1376 1644 1415 cum
1683 1359 1985 1429 sagittariis

396 1444 554 1499 bouis
595 1460 661 1500 ac
711 1447 900 1501 multis
954 1446 1232 1502 invadas:
1286 1448 1479 1501 horum
1521 1448 1666 1503 enim
1712 1448 1985 1503 maximus

398 1554 536 1594 usus
565 1549 652 1595 est
685 1540 771 1595 his
804 1542 1169 1611 temporibus.

463 1718 520 1773 9.
560 1717 665 1774 Ubi
708 1722 1040 1790 cognoveris
1069 1721 1123 1776 in
1154 1722 1351 1777 itinere
1372 1721 1637 1778 confusos
1674 1721 1983 1791 dispersos-

2092 544 2202 595 τῶν
2243 542 2455 613 ἐχθρῶν
2483 538 2782 600 ἀπολύσας,
2820 535 3021 598 εὐθέως
3063 528 3527 598 ἐπακολουθήσεις
3578 527 3675 577 αὑ-

2090 638 2223 700 τοῖς,
2266 636 2361 687 καὶ
2392 632 2672 702 ἀδοκήτως
2698 627 2952 699 ἐπέλθῃς.

2163 724 2229 790 ζ’.
2261 724 2400 779 Ποτέ
2450 724 2505 778 δέ
2546 722 2708 786 ίδίους
2743 720 3002 791 πρέσϐεις
3040 717 3158 785 ἢτοι
3222 711 3674 782 ἀποκρισιαρίους

2087 818 2411 880 ἀποστείλας
2446 815 2587 885 μετά
2626 814 2888 885 ῥημάτων
2945 808 3373 877 ταπεινοτέρων,
3423 804 3522 875 τὴν
3586 804 3676 856 ἐπ-

2091 911 2303 963 έλευσιν
2341 911 2495 977 ἄφνω
2523 908 2793 977 ποιήσειςε

2164 1000 2233 1072 η’.
2256 1001 2389 1054 Ποτέ
2413 1001 2471 1055 δέ
2502 1000 2597 1053 καὶ
2619 1001 2675 1051 ἐν
2693 998 2877 1060 αὐτοῖς
2894 997 3005 1059 τοῖς
3022 994 3129 1047 τῶν
3142 992 3353 1064 ἐχθρῶν
3370 990 3674 1051 ἀπλίκτοιςο

2088 1093 2197 1145 εἴτε
2218 1094 2274 1143 ἐν
2295 1094 2361 1161 τῇ
2390 1090 2496 1159 ίδίᾳ
2535 1089 2627 1142 σού
2654 1090 2793 1141 εἰσιν
2829 1089 2924 1157 γῇ,
2958 1086 3067 1139 εἴτε
3103 1085 3160 1136 ἐν
3193 1085 3259 1154 τῇ
3292 1080 3529 1152 πολεμίᾳ
3554 1095 3678 1133 συν-

2087 1182 2338 1253 ηγμένοι,
2404 1180 2951 1250 πολυπραγμονήσῃς
3006 1176 3065 1230 τὸ
3124 1175 3242 1237 πῶς
3292 1172 3673 1226 ἀπλικεύουσι.

2088 1276 2196 1328 Καὶ
2226 1274 2321 1327 ἐὰν
2352 1273 2675 1345 εὑρίσκηται
2720 1272 2991 1342 πρόφασις
3023 1270 3080 1321 ἐν
3113 1267 3271 1321 νυκτὶ
3308 1266 3407 1336 τῆς
3440 1266 3678 1335 σελήνης

2086 1366 2408 1437 λαμπούσης
2447 1364 2554 1435 πρὸ
2583 1365 2677 1419 δύο
2731 1363 2764 1435 ἦ
2801 1363 2968 1433 τριῶν
3003 1360 3161 1433 ὡρῶν
3183 1359 3282 1429 τῆς
3306 1357 3519 1428 ἡμέρας
3579 1356 3679 1427 τὴν

2087 1458 2229 1512 κατά
2251 1457 2359 1512 τῶν
2387 1456 2601 1529 ἐχθρῶν
2627 1456 2941 1526 ἐγχείρησιν
2979 1455 3249 1521 ποιήσεις,
3282 1450 3508 1514 τοξότας
3540 1466 3677 1517 χρη-

2088 1550 2283 1619 σίμους
2337 1551 2575 1620 μάλιστα
2624 1547 2805 1617 ἔχων·
2863 1543 3132 1598 τοιούτων
3187 1543 3295 1613 γὰρ
3333 1542 3494 1613 χρεία
3526 1538 3677 1593 ἐστὶν

2085 1640 2143 1691 ἐν
2169 1640 2279 1701 τοῖς
2312 1638 2577 1700 τοιούτοις
2628 1638 2859 1707 καιροῖς.

2158 1729 2223 1784 θ’.
2246 1730 2380 1784 [1οτέ
2397 1730 2451 1783 δὲ
2474 1728 2663 1800 μαθὼν
2689 1729 2746 1781 ἐν
2769 1729 2890 1790 ταῖς
2916 1726 3161 1797 πορείαις
3186 1724 3560 1787 ἀσυντάκτους
3586 1723 3683 1776 καὶ

394 1825 501 1878 que
530 1811 719 1867 hostes
751 1813 1038 1868 ambulare
1069 1813 1123 1867 iu
1160 1814 1339 1868 medio
1380 1814 1502 1879 vim,
1538 1812 1766 1870 invades
1798 1814 1853 1867 in
1884 1828 1983 1868 eos

2094 1822 2555 1894 ἐσκορπισμένους
2580 1822 2905 1892 περιπατεῖν
2931 1819 3057 1883 τοὺς
3080 1817 3335 1888 ἐχθροὺς,
3354 1818 3411 1869 ἐν
3434 1815 3511 1886 τῷ
3530 1815 3683 1886 μέσῳ

396 1901 695 1971 Iacdesque.

466 1992 553 2047 10.
590 1993 868 2048 Interdum
896 1995 1290 2051 discessionem
1320 1996 1588 2051 simulans
1624 2012 1688 2050 ex
1723 1996 1791 2051 iis
1823 1995 1984 2061 locis,

394 2086 449 2141 in
487 2087 688 2156 quibus
719 2089 1066 2157 versabaris,
1102 2090 1289 2144 subito
1318 2104 1623 2145 conversus
1672 2090 1728 2143 in
1786 2090 1977 2146 hostes

393 2179 761 2249 :‘rruptionem
799 2179 992 2236 facies.

464 2262 555 2326 Η.
592 2271 871 2327 Interdum
906 2273 960 2327 in
1005 2272 1144 2327 locis
1184 2272 1513 2342 quibusdam
1562 2272 1853 2328 occultans
1907 2283 1989 2327 te-

399 2369 584 2434 ipsum
639 2380 765 2419 cum
819 2365 1057 2420 militum
1116 2365 1514 2431 multitudine,
1566 2366 1751 2420 subito
1808 2366 1993 2420 hostes

395 2457 644 2512 invades.
969 2466 975 2471 '

467 2570 553 2623 12.
606 2568 839 2634 Quidam
892 2578 1140 2623 armenta
1188 2569 1357 2622 boum
1393 2576 1558 2639 atque
1602 2568 1834 2623 aliormn
1875 2569 1998 2622 ani-

394 2658 664 2712 mantium
735 2666 1114 2727 exponentes,
1163 2667 1327 2727 atque
1406 2659 1594 2715 hostes
1658 2659 1724 2712 ad
1803 2659 1997 2712 borum

394 2747 758 2816 direptionem
802 2747 1130 2814 invitantes,
1160 2749 1251 2803 ubi
1279 2749 1513 2804 viderint
1546 2750 1610 2803 ad
1639 2756 1885 2805 armenta
1917 2747 2000 2802 di-

398 2839 645 2908 ripienda
699 2840 1003 2911 dissipatos
1075 2856 1239 2908 esse,
1293 2842 1477 2897 statim
1540 2844 1595 2898 in
1659 2844 1782 2898 illos
1844 2842 1999 2897 inva-

395 2929 551 2984 duut.

472 3044 561 3097 15.
599 3041 735 3114 Apte
766 3043 901 3099 fiunt
935 3045 1303 3109 incursiones,
1335 3046 1557 3117 quando
1614 3048 1669 3102 in
1711 3049 2005 3105 intervallo

404 3134 649 3190 hostimn
676 3135 875 3191 fluvius
906 3137 970 3191 ad
1002 3138 1401 3193 transeundum
1429 3141 1814 3196 incommodus
1838 3143 1996 3197 inve-

403 3224 573 3279 nitur.
620 3223 735 3280 Hoc
762 3228 943 3282 solent
978 3229 1193 3297 equites
1247 3230 1599 3298 potissimum
1637 3233 1821 3290 facere
1855 3252 1867 3289 :
1916 3236 1990 3290 ibi

397 3317 544 3370 enim
602 3326 822 3388 pontem
872 3321 1176 3375 conficiunt
1223 3323 1307 3378 vel
1356 3338 1421 3378 ex
1464 3326 1713 3383 trabibus
1752 3328 1989 3397 magnis,

398 3410 864 3478 quemadmodum
902 3426 1023 3467 mos
1071 3421 1158 3467 est
1209 3413 1414 3469 multos
1462 3424 1657 3484 pontes
1704 3414 1820 3470 fieri
1856 3434 1871 3470 :
1914 3411 1990 3471 vel

400 3501 586 3569 parvis
626 3502 953 3570 quibusdam
990 3504 1245 3575 navigiis,
1279 3506 1329 3561 id
1360 3515 1445 3561 est
1494 3510 1748 3571 ratibus;
1781 3517 1993 3564 turres-

399 3606 507 3659 que
545 3591 752 3661 ligneas
791 3594 874 3648 vel
906 3596 1188 3649 aridorum
1226 3597 1467 3667 lapidum
1496 3636 1510 3662 ,
1553 3600 1635 3655 vel
1678 3616 1742 3658 ex
1796 3615 1993 3670 aggere

400 3681 640 3751 quodam
699 3684 763 3737 ad
826 3693 1102 3741 extremas
1160 3702 1287 3743 oras
1346 3690 1531 3759 pontis
1590 3691 1878 3755 excitant,
1932 3700 1991 3747 ut

401 3769 625 3840 quando
686 3788 816 3829 usus
861 3772 1011 3841 fert,
1070 3792 1165 3847 per
1219 3793 1342 3832 eum
1406 3795 1603 3835 secure
1664 3789 1986 3847 transeant,

400 3878 734 3933 rursumque
763 3865 1052 3921 discedant
1077 3869 1298 3937 quando
1342 3872 1557 3937 volunt,
1592 3881 1651 3927 ut
1682 3890 1782 3945 pro
1814 3876 1988 3945 impe-

402 3954 602 4009 ratoris
636 3956 907 4012 arbitratu
943 3969 1265 4029 permaneat
1302 3978 1440 4033 pons
1482 3966 1729 4035 quandiu
1757 3967 1851 4022 ille
1892 3983 1989 4022 vo-

403 4046 585 4109 luerit.
621 4057 676 4103 et
706 4051 966 4122 conﬂigat
996 4067 1121 4107 emn
1168 4055 1457 4125 hostibus,
1495 4060 1575 4114 vel
1612 4058 1861 4116 discedat
1891 4062 1991 4119 ite-

403 4152 525 4191 rum
551 4154 770 4206 secure,
802 4152 967 4213 ponte
992 4143 1107 4214 jam
1138 4146 1436 4203 dissoluto.

489 4418 575 4474 M.
617 4417 723 4475 Sed
757 4422 809 4475 in
835 4422 902 4479 iis
930 4423 1312 4482 invasionibus
1362 4428 1899 4502 incursionibusque
1932 4434 1986 4487 in

407 4508 663 4565 hostilem
699 4518 937 4578 terram,
984 4530 1162 4585 neque
1211 4518 1571 4575 incendendae
1608 4538 1786 4593 neque
1817 4540 1990 4594 popu-

406 4601 583 4657 landas
613 4618 692 4658 eat
716 4613 897 4674 partes
920 4617 1070 4673 sunt,
1092 4625 1187 4678 per
1216 4626 1356 4679 quas
1378 4611 1575 4668 iterum
1606 4616 1885 4675 rediturus
1907 4634 1987 4684 es,

403 4702 465 4746 ut
498 4708 564 4747 ne
604 4704 658 4748 te
692 4694 870 4765 ipsum
900 4697 1005 4753 hoc
1030 4709 1195 4769 pacto
1223 4701 1453 4773 afﬂigas.

471 4804 560 4858 15.
602 4808 935 4876 Hujusmodi
984 4814 1152 4869 etiam
1207 4817 1403 4886 pontes
1470 4818 1603 4875 fiant
1666 4821 1722 4875 in
1778 4823 1997 4893 publico

403 4898 614 4963 przelio,
645 4910 697 4953 et
722 4910 903 4956 castra
938 4916 1160 4974 propter
1189 4910 1327 4965 tales
1372 4909 1571 4965 fluvios
1604 4926 1906 4983 ponantur,
1944 4919 1993 4972 si

404 4989 549 5041 altus
584 5001 637 5043 et
663 4994 887 5050 minime
929 4999 1281 5065 permeabilis
1311 5002 1426 5054 ulla
1447 5018 1515 5055 ex
1538 4998 1700 5071 parte
1743 5007 1992 5061 invenia-

406 5088 518 5144 tur,
552 5092 613 5135 ut
649 5082 967 5153 hujusmodi
994 5090 1145 5145 fluvii
1192 5093 1366 5159 ripam
1407 5094 1611 5150 habeas
1652 5112 1719 5151 ex
1758 5100 1994 5154 adverso

406 5173 668 5239 hostium,
697 5188 753 5231 ut
779 5179 897 5235 sine
927 5183 1035 5236 ullo
1057 5184 1449 5253 impedimento
1470 5195 1524 5242 et
1541 5188 1847 5247 offensione
1874 5193 1992 5262 ipso

403 5266 493 5322 die
548 5270 714 5338 praelii
751 5272 922 5326 aciem
955 5273 1163 5332 educas
1192 5297 1206 5331 :
1240 5281 1378 5347 fugae
1417 5292 1599 5336 autem
1659 5292 1901 5355 tempore
1936 5288 1989 5342 in

405 5361 605 5416 castris
633 5375 896 5419 maneant
941 5369 1119 5422 securi
1154 5385 1219 5425 ac
1249 5374 1317 5426 ab
1365 5374 1513 5428 omni
1548 5385 1762 5433 terrore
1806 5380 1986 5443 liberi,

407 5470 585 5525 neque
621 5466 893 5527 cogantur
918 5459 1169 5518 hostibus
1212 5463 1324 5532 jam
1369 5466 1790 5527 imminentibus
1824 5472 1982 5527 inviti

2089 1914 2187 1985 τῆς
2218 1912 2338 1966 ὁδοῦ
2363 1912 2603 1982 ἐπέλθῃς
2624 1913 2721 1964 καὶ
2754 1910 2986 1983 suam;

2164 2008 2216 2057 t'.
2238 2003 2375 2055 [Ιοτέ
2404 2003 2462 2055 δὲ
2498 2002 2977 2072 σχηματισάμενος
3003 1998 3356 2069 ἀναχώρησιν
3384 1997 3444 2063 ἐξ
3492 1992 3567 2052 ὧν
3596 1998 3679 2051 δι-

2090 2095 2223 2164 ῆγες
2250 2095 2434 2147 τόπων
2464 2094 2616 2163 ἀφνω
2641 2093 3063 2164 ἐπαναστρέψας
3099 2095 3211 2155 τοῖς
3240 2092 3454 2163 ἐχθροῖς
3486 2093 3683 2145 ἐπιπε-

2095 2190 2203 2250 σείς
2225 2188 2362 2258 (ac).

2167 2277 2258 2333 ια’.
2319 2279 2543 2332 Ἀλλοτε
2591 2278 2649 2331 δέ
2708 2279 2767 2332 ἐν
2812 2278 2997 2342 τόποις
3050 2277 3160 2331 τισὶ
3215 2276 3430 2347 κρύψας
3491 2276 3683 2330 ἑαυτὸν

2099 2373 2236 2439 μετά
2265 2371 2397 2424 λαοῦ
2448 2372 2994 2442 στρατιωτῶν,ἄφνω
3049 2371 3147 2441 τήν
3197 2370 3340 2423 κατά
3384 2370 3493 2423 τῶν
3525 2372 3681 2424 ἐναν-

2096 2465 2227 2517 τίων
2245 2464 2529 2518 ἐπέλευσιν
2553 2464 2787 2534 ἐργάσῃ.

2175 2576 2261 2646 ιβ’.
2300 2578 2411 2630 Καί
2467 2594 2611 2641 τινες
2650 2578 2708 2630 δέ
2755 2577 3187 2647 προϐαλλόμενοι
3244 2577 3449 2645 ἀγέλας
3505 2578 3682 2642 ζώων,

2100 2672 2194 2724 καὶ
2226 2670 2475 2723 ἐντεῦθεν
2503 2671 2631 2734 τοὺς
2685 2670 2915 2741 ἐχθροὺς
2940 2672 3020 2734 είς
3072 2672 3169 2741 τὴν
3210 2672 3418 2725 τούτων
3448 2673 3684 2742 διαρπα-

2100 2763 2204 2833 γὴν
2254 2764 2718 2833 προτρεψάμενοι,
2748 2763 2825 2826 ὡς
2856 2759 2998 2816 εἶδον
3032 2764 3231 2828 αὐτοὺς
3277 2766 3530 2829 ἀτάκτως
3563 2765 3686 2819 κατ’

2103 2854 2282 2907 αὐτῶν
2311 2854 2426 2925 (27)
2449 2855 2975 2920 διασκεδασθέντας,
3003 2854 3261 2909 ἐπέθεντο
3298 2858 3507 2921 αὐτοῖς.

2180 3054 2267 3123 ιγ’.
2310 3055 2553 3109 Γίνονται
2587 3058 2643 3110 δὲ
2674 3059 2766 3111 καὶ
2800 3059 3053 3128 φανερῶς
3107 3059 3306 3128 ἔφοδοι,
3337 3060 3467 3113 ὅταν
3501 3061 3558 3111 ἐν
3610 3068 3689 3131 τῳ

2111 3146 2311 3213 μεταξὺ
2366 3148 2699 3218 διαστήματι
2756 3149 2864 3203 τῶν
2915 3150 3126 3221 ἐχθρῶν
3181 3152 3429 3222 ποταμὸς
3480 3155 3680 3224 εὑρεθῇ

2101 3238 2385 3304 δύσϐατος.
2421 3241 2531 3293 Καὶ⁴
2580 3241 2813 3311 μάλιστα
2860 3244 3021 3297 τοῦτο
3049 3244 3294 3299 ποιοῦσιν
3327 3246 3377 3298 οἱ
3413 3246 3690 3300 καϐαλλά-

2105 3348 2210 3400 ριοι
2232 3347 2246 3361 ο
2279 3332 2515 3385 ἐνταῦθα
2543 3332 2649 3403 γὰρ
2681 3336 3099 3406 συμπηγνύουσι
3125 3337 3445 3409 γέφυραν,ἢ
3481 3340 3568 3393 διὰ
3596 3340 3689 3406 ξύ·-

2101 3422 2208 3475 λων
2266 3423 2518 3493 μεγάλων
2546 3465 2560 3489 ,
2594 3424 2670 3488 ὥς
2708 3427 2855 3480 ἐστιν
2892 3426 3010 3492 ἔθος
3040 3430 3139 3493 τὰς
3195 3430 3396 3494 πολλάς
3439 3431 3688 3501 γεφύρας

2102 3512 2368 3580 γίνεσθαι,
2402 3515 2432 3581 ἢ
2486 3514 2575 3568 διά
2619 3516 2832 3587 μικρῶν
2885 3520 3205 3590 πλοιαρίων,
3234 3520 3342 3574 τῶν
3375 3520 3689 3592 λεγομένων

2104 3605 2425 3674 μονοξύλων.
2456 3608 2709 3679 Πύργους
2750 3627 2810 3663 τε
2843 3609 3089 3676 ξυλίνους
3137 3612 3169 3684 ή
3240 3613 3348 3666 ἀπὸ
3394 3613 3689 3685 οἰκοδομῆς

2100 3699 2165 3750 ἐκ
2206 3697 2370 3751 λίθων
2400 3698 2599 3773 ξηρῶν,
2633 3701 2666 3772 ἢ
2707 3701 2964 3774 χώματος
2994 3705 3334 3776 ἑκατέρωθεν
3364 3707 3473 3761 τῶν
3500 3708 3688 3779 ἄκρων

2097 3788 2199 3856 τῆς
2253 3790 2500 3861 γεφύρας
2536 3794 2882 3864 ἐγείρουσιν”
2929 3796 3019 3850 ῐνα
3048 3797 3177 3851 ὅταν
3225 3798 3407 3869 χρεία,
3473 3800 3541 3852 δι’
3580 3801 3683 3852 αὑ-

2098 3880 2199 3949 τῆς
2229 3883 2486 3951 ἀσφαλῶς
2510 3885 2609 3957 τὴν
2638 3888 2890 3942 διάϐασιν
2914 3892 3203 3960 ποιήσωσι,
3230 3891 3327 3944 καὶ
3356 3892 3519 3946 πάλιν
3549 3892 3684 3944 ἀνα-

2098 3972 2423 4042 χωρήσωσιν
2461 3974 2551 4027 ὅτε
2588 3974 2868 4044 βούλονται
2894 3993 2913 4013 ο
2951 3978 3091 4032 ῶστε
3128 3982 3187 4032 ἐν
3234 3983 3299 4051 τῇ
3336 3979 3430 4033 τοῦ
3487 3995 3680 4049 στρατ-

2099 4064 2235 4134 ηγοῦ
2250 4067 2571 4122 ἀποκεῖσθαι
2592 4069 2862 4144 γνὼμῃ,ἦ
2894 4074 3224 4144 προσμένειν
3250 4075 3374 4128 ὅσον
3403 4073 3687 4145 ἐμϐαστά-

2099 4155 2181 4219 ζει
2231 4158 2380 4230 αὐτῷ
2412 4161 2621 4231 χρόνον,
2658 4164 2690 4234 ἢ
2721 4165 3053 4234 συμϐάλλειν
3102 4171 3216 4229 τοῖς
3255 4167 3468 4238 ἐχθροῖς
3509 4168 3689 4234 ἀσφα-

2098 4246 2225 4312 λῶς,
2257 4248 2289 4320 ἢ
2319 4252 2624 4323 ἀναχωρεῖν
2662 4254 2915 4322 ἀϐλαϐῶς
2945 4260 3044 4329 τῆς
3077 4258 3325 4329 γεφύρας
3351 4261 3482 4330 παρ’
3515 4258 3685 4312 αὑτοῦ

2100 4338 2532 4411 καταλυομένης.

2106 4470 2109 4471 ν
2168 4448 2248 4504 ιδ’.
2290 4452 2450 4506 ’Λλλά
2476 4456 2534 4507 ὲν
2563 4458 2683 4521 ταῖς
2712 4457 2995 4520 τοιαύταις
3026 4462 3381 4532 ἐγχειρήσεσι
3428 4462 3525 4516 καὶ
3565 4464 3689 4525 ταῖς

2025 4561 2068 4617 ι)
2097 4542 2319 4606 εἰσόδοις
2359 4547 2500 4599 κατά
2553 4549 2651 4619 τῆς
2721 4550 2828 4603 τῶν
2877 4551 3090 4622 ἐχθρῶν
3143 4552 3348 4624 χώρας,
3384 4555 3447 4607 οὐ
3501 4555 3581 4608 δεῖ
3610 4572 3687 4624 ισε

2096 4631 2189 4683 και)⁸
2219 4633 2503 4700 ἀφανίζειν
2557 4638 2659 4700 τὰς
2721 4639 2968 4704 δαπάνας
3020 4643 3246 4695 ἐκείνων
3299 4644 3406 4696 τῶν
3471 4645 3689 4716 χωρίων

2095 4723 2160 4775 δι’
2187 4716 2262 4777 ὧν
2288 4726 2500 4796 μέλλεις
2526 4730 2911 4801 ὑποστρέφειν,
2956 4734 3043 4787 ἵνα
3074 4735 3148 4806 μὴ
3168 4737 3361 4789 ἐαυτὸν
3390 4735 3686 4810 στενὼσῃς.

2106 4840 2107 4843 “
2170 4833 2247 4888 ιε’.
2309 4837 2422 4901 Τὰς
2470 4838 2528 4891 δὲ
2583 4840 2843 4907 τοιαύτας
2899 4845 3147 4917 γεφύρας
3206 4838 3473 4915 γίνεσθαι
3512 4851 3683 4918 ἀναγ-

2096 4928 2252 4979 καῖον
2279 4930 2486 4999 νομίζω
2515 4934 2610 4986 καὶ
2639 4936 2698 4986 ἐν
2743 4937 2922 5008 καιρῷ
2955 4938 3223 5010 δημοσίας
3254 4941 3455 5011 μάχης,
3482 4944 3577 4995 καὶ
3615 4942 3685 4995 τὰ

2095 5018 2336 5073 ἀπλικτα
2376 5024 2433 5074 ἐν
2487 5026 2598 5087 τοῖς
2645 5026 2906 5092 τοιούτοις
2949 5035 3215 5101 ποταμοῖς
3268 5033 3538 5101 γίνεσθαι,
3588 5034 3685 5088 ἐὰν

2095 5110 2201 5178 ἄρα
2231 5109 2496 5180 δύσϐατος
2521 5116 2717 5189 εὑρεθῇ
2743 5120 2801 5173 ἐν
2834 5120 2931 5192 οἴῳ
2984 5122 3188 5192 δήποτε
3226 5124 3405 5195 μέρει·
3451 5127 3537 5179 ἵνα
3585 5125 3685 5196 τήν

2095 5201 2189 5253 τοῦ
2222 5206 2467 5257 τοιούτου
2509 5210 2753 5280 ποταμοῦ
2794 5212 2960 5282 ὄχθην
2984 5215 3369 5288 κατεξαίρετον
3418 5217 3560 5271 κατά
3590 5217 3684 5271 τοῦ

2097 5295 2298 5363 μέρους
2325 5296 2434 5351 τῶν
2471 5299 2683 5370 ἐχθρῶν
2728 5305 3057 5378 καταλίπῃς,
3087 5306 3228 5360 ὥστε
3277 5309 3687 5379 ἀνεμποδίστως

2094 5387 2193 5437 καὶ
2234 5390 2692 5463 ἁστενοχωρήτως
2747 5397 2806 5448 ἐν
2865 5400 2929 5468 τῇ
2979 5399 3163 5469 ἡμέρα
3208 5400 3307 5470 τῆς
3357 5400 3540 5470 μάχης
3591 5400 3683 5451 τὸν

2097 5484 2327 5548 στρατδν
2359 5483 2671 5553 ἐξάγεσθαι.
2709 5484 2841 5543 Εἶτα
2872 5489 2965 5543 καὶ
2988 5490 3044 5543 ἐν
3077 5491 3256 5563 καιρῷ
3290 5491 3500 5563 τροπῆς
3521 5493 3579 5545 ἐν
3604 5490 3682 5561 τῷ

1947 5589 2180 5646 NOTAE.

622 5667 855 5761 l'l'I—r
887 5672 1177 5761 liaurz‘es't'
1217 5680 1597 5761 paragraphtm
1637 5682 1720 5761 l_l,
1778 5685 1991 5743 decimo
2032 5693 2363 5761 postposito.

480 5733 592 5801 (‘27)
623 5741 757 5791 Κατ’
790 5742 1006 5796 αὐτῶν.
1042 5733 1415 5815 5(·τί1.έι)υιιι’ἶ·,
1443 5733 1737 5807 κατὰ*
