  <div class='ocr_page' id='page_1' title='image "/cluster/home/n/w/nwhite01/storage/ocr_20150623/107/coo.31924054870112/504.png"; bbox 0 0 4090 6432; ppageno 0'>
   <div class='ocr_carea' id='block_1_1' title="bbox 380 354 485 420">
    <p class='ocr_par' dir='ltr' id='par_1_1' title="bbox 380 354 485 420">
     <span class='ocr_line' id='line_1_1' title="bbox 380 354 485 420; baseline -0.019 -1"><span class='ocrx_word' id='word_1_1' title='bbox 380 354 485 420; x_wconf 82' lang='grc'><strong>917</strong></span> 
     </span>
    </p>
   </div>
   <div class='ocr_carea' id='block_1_2' title="bbox 1451 354 2615 421">
    <p class='ocr_par' dir='ltr' id='par_1_2' title="bbox 1451 354 2615 421">
     <span class='ocr_line' id='line_1_2' title="bbox 1451 354 2615 421; baseline 0.003 -5"><span class='ocrx_word' id='word_1_2' title='bbox 1451 356 1783 416; x_wconf 82' lang='lat' dir='ltr'><strong>TACTICA.</strong></span> <span class='ocrx_word' id='word_1_3' title='bbox 1811 380 1859 393; x_wconf 89' lang='grc'><strong><em>-</em></strong></span> <span class='ocrx_word' id='word_1_4' title='bbox 1902 354 2405 420; x_wconf 71' lang='lat' dir='ltr'><strong>CONSTITUTiO</strong></span> <span class='ocrx_word' id='word_1_5' title='bbox 2431 358 2615 421; x_wconf 81' lang='lat' dir='ltr'><strong>XVII.</strong></span> 
     </span>
    </p>
   </div>
   <div class='ocr_carea' id='block_1_3' title="bbox 3545 358 3653 421">
    <p class='ocr_par' dir='ltr' id='par_1_3' title="bbox 3545 358 3653 421">
     <span class='ocr_line' id='line_1_3' title="bbox 3545 358 3653 421; baseline 0.019 -2"><span class='ocrx_word' id='word_1_6' title='bbox 3545 358 3653 421; x_wconf 77' lang='lat'><strong>918</strong></span> 
     </span>
    </p>
   </div>
   <div class='ocr_carea' id='block_1_4' title="bbox 378 463 1974 544">
    <p class='ocr_par' dir='ltr' id='par_1_4' title="bbox 378 463 1968 537">
     <span class='ocr_line' id='line_1_4' title="bbox 378 463 1968 537; baseline -0.001 -16"><span class='ocrx_word' id='word_1_7' title='bbox 378 466 644 536; x_wconf 82' lang='grc' dir='ltr'>ἀπλήκτῳ</span> <span class='ocrx_word' id='word_1_8' title='bbox 665 464 851 535; x_wconf 75' lang='grc' dir='ltr'>μένειν</span> <span class='ocrx_word' id='word_1_9' title='bbox 876 463 1073 529; x_wconf 74' lang='grc' dir='ltr'>αὐτοὺς</span> <span class='ocrx_word' id='word_1_10' title='bbox 1099 464 1358 536; x_wconf 81' lang='grc' dir='ltr'><strong>ἀσφαλῶς</strong></span> <span class='ocrx_word' id='word_1_11' title='bbox 1384 466 1846 537; x_wconf 78' lang='grc' dir='ltr'><strong>φυλαττομένους,</strong></span> <span class='ocrx_word' id='word_1_12' title='bbox 1874 470 1968 520; x_wconf 71' lang='grc' dir='ltr'>καὶ</span> 
     </span>
    </p>
   </div>
   <div class='ocr_carea' id='block_1_5' title="bbox 2077 463 3659 544">
    <p class='ocr_par' dir='ltr' id='par_1_5' title="bbox 2077 470 3659 544">
     <span class='ocr_line' id='line_1_5' title="bbox 2077 470 3659 544; baseline 0.005 -20"><span class='ocrx_word' id='word_1_13' title='bbox 2077 486 2136 526; x_wconf 88' lang='lat' dir='ltr'><strong>ac</strong></span> <span class='ocrx_word' id='word_1_14' title='bbox 2166 471 2538 527; x_wconf 83' lang='lat' dir='ltr'><strong>festinabundi</strong></span> <span class='ocrx_word' id='word_1_15' title='bbox 2561 478 2783 543; x_wconf 87' lang='lat' dir='ltr'><strong>pontem</strong></span> <span class='ocrx_word' id='word_1_16' title='bbox 2818 470 3019 527; x_wconf 87' lang='lat' dir='ltr'><strong>facere.</strong></span> <span class='ocrx_word' id='word_1_17' title='bbox 3052 473 3129 528; x_wconf 86' lang='lat' dir='ltr'><strong>Ac</strong></span> <span class='ocrx_word' id='word_1_18' title='bbox 3154 480 3445 544; x_wconf 97' lang='lat' dir='ltr'><strong>propterea</strong></span> <span class='ocrx_word' id='word_1_19' title='bbox 3475 488 3659 532; x_wconf 76' lang='lat' dir='ltr'><strong>castra</strong></span> 
     </span>
    </p>
   </div>
   <div class='ocr_carea' id='block_1_6' title="bbox 382 557 1961 632">
    <p class='ocr_par' dir='ltr' id='par_1_6' title="bbox 382 557 1961 632">
     <span class='ocr_line' id='line_1_6' title="bbox 382 557 1961 632; baseline 0.001 -21"><span class='ocrx_word' id='word_1_20' title='bbox 382 558 457 629; x_wconf 85' lang='grc' dir='ltr'>μὴ</span> <span class='ocrx_word' id='word_1_21' title='bbox 480 557 885 627; x_wconf 76' lang='grc' dir='ltr'><strong>ἀναγκάζεσθαι</strong></span> <span class='ocrx_word' id='word_1_22' title='bbox 912 560 968 611; x_wconf 82' lang='grc' dir='ltr'><strong>ἐν</strong></span> <span class='ocrx_word' id='word_1_23' title='bbox 1003 558 1140 629; x_wconf 75' lang='grc' dir='ltr'>αὐτῇ</span> <span class='ocrx_word' id='word_1_24' title='bbox 1172 562 1236 629; x_wconf 83' lang='grc' dir='ltr'><strong>τῇ</strong></span> <span class='ocrx_word' id='word_1_25' title='bbox 1290 558 1409 631; x_wconf 79' lang='grc' dir='ltr'>ὥρᾳ</span> <span class='ocrx_word' id='word_1_26' title='bbox 1440 559 1551 612; x_wconf 89' lang='grc' dir='ltr'><strong>τῶν</strong></span> <span class='ocrx_word' id='word_1_27' title='bbox 1590 558 1801 632; x_wconf 80' lang='grc' dir='ltr'><strong>ἐχθρῶν</strong></span> <span class='ocrx_word' id='word_1_28' title='bbox 1841 560 1961 612; x_wconf 77' lang='grc' dir='ltr'>ἐπι-</span> 
     </span>
    </p>
   </div>
   <div class='ocr_carea' id='block_1_7' title="bbox 2074 564 3186 635">
    <p class='ocr_par' dir='ltr' id='par_1_7' title="bbox 2074 564 3186 635">
     <span class='ocr_line' id='line_1_7' title="bbox 2074 564 3186 635; baseline 0 -17"><span class='ocrx_word' id='word_1_29' title='bbox 2074 564 2129 618; x_wconf 91' lang='lat' dir='ltr'><strong>iu</strong></span> <span class='ocrx_word' id='word_1_30' title='bbox 2165 566 2299 634; x_wconf 75' lang='lat' dir='ltr'><strong>ripis</strong></span> <span class='ocrx_word' id='word_1_31' title='bbox 2327 581 2393 620; x_wconf 79' lang='lat' dir='ltr'><strong>ex</strong></span> <span class='ocrx_word' id='word_1_32' title='bbox 2423 565 2655 621; x_wconf 77' lang='lat' dir='ltr'><strong>adverso</strong></span> <span class='ocrx_word' id='word_1_33' title='bbox 2682 566 2926 621; x_wconf 84' lang='lat' dir='ltr'><strong>hostium</strong></span> <span class='ocrx_word' id='word_1_34' title='bbox 2961 576 3186 635; x_wconf 89' lang='lat' dir='ltr'><strong>ponant.</strong></span> 
     </span>
    </p>
   </div>
   <div class='ocr_carea' id='block_1_8' title="bbox 380 652 3657 735">
    <p class='ocr_par' dir='ltr' id='par_1_8' title="bbox 380 652 3657 735">
     <span class='ocr_line' id='line_1_8' title="bbox 380 652 3657 735; baseline 0.004 -30"><span class='ocrx_word' id='word_1_35' title='bbox 380 652 650 723; x_wconf 73' lang='grc' dir='ltr'><strong>κειμένων</strong></span> <span class='ocrx_word' id='word_1_36' title='bbox 678 653 778 722; x_wconf 82' lang='grc' dir='ltr'>τὴν</span> <span class='ocrx_word' id='word_1_37' title='bbox 809 652 1056 707; x_wconf 76' lang='grc' dir='ltr'>διάϐασιν</span> <span class='ocrx_word' id='word_1_38' title='bbox 1100 656 1197 724; x_wconf 83' lang='grc' dir='ltr'>τῆς</span> <span class='ocrx_word' id='word_1_39' title='bbox 1238 654 1485 725; x_wconf 75' lang='grc' dir='ltr'><strong>γεφύρας</strong></span> <span class='ocrx_word' id='word_1_40' title='bbox 1535 654 1805 707; x_wconf 86' lang='grc' dir='ltr'>ποιεῖσθαι</span> <span class='ocrx_word' id='word_1_41' title='bbox 1864 654 1957 707; x_wconf 72' lang='grc' dir='ltr'>καὶ</span> <span class='ocrx_word' id='word_1_42' title='bbox 1996 654 2072 725; x_wconf 82' lang='grc' dir='ltr'>μὴ</span> <span class='ocrx_word' id='word_1_43' title='bbox 2125 656 2505 728; x_wconf 81' lang='grc' dir='ltr'>βουλομένους.</span> <span class='ocrx_word' id='word_1_44' title='bbox 2561 660 2671 714; x_wconf 76' lang='grc' dir='ltr'><strong>Καὶ</strong></span> <span class='ocrx_word' id='word_1_45' title='bbox 2706 661 2794 714; x_wconf 83' lang='grc' dir='ltr'><strong>διά</strong></span> <span class='ocrx_word' id='word_1_46' title='bbox 2826 662 2984 717; x_wconf 79' lang='grc' dir='ltr'>τοῦτο</span> <span class='ocrx_word' id='word_1_47' title='bbox 3017 662 3132 717; x_wconf 79' lang='grc' dir='ltr'>δέον</span> <span class='ocrx_word' id='word_1_48' title='bbox 3182 663 3263 725; x_wconf 88' lang='grc' dir='ltr'><strong>είς</strong></span> <span class='ocrx_word' id='word_1_49' title='bbox 3325 664 3423 734; x_wconf 78' lang='grc' dir='ltr'>τὴν</span> <span class='ocrx_word' id='word_1_50' title='bbox 3491 663 3657 735; x_wconf 80' lang='grc' dir='ltr'>ὄχθην</span> 
     </span>
    </p>
   </div>
   <div class='ocr_carea' id='block_1_9' title="bbox 379 744 2356 818">
    <p class='ocr_par' dir='ltr' id='par_1_9' title="bbox 379 744 2356 818">
     <span class='ocr_line' id='line_1_9' title="bbox 379 744 2356 818; baseline 0.007 -26"><span class='ocrx_word' id='word_1_51' title='bbox 379 747 476 817; x_wconf 79' lang='grc' dir='ltr'>τὴν</span> <span class='ocrx_word' id='word_1_52' title='bbox 512 746 604 798; x_wconf 71' lang='grc' dir='ltr'>ἐπὶ</span> <span class='ocrx_word' id='word_1_53' title='bbox 632 746 693 798; x_wconf 79' lang='grc' dir='ltr'>τὸ</span> <span class='ocrx_word' id='word_1_54' title='bbox 726 745 890 815; x_wconf 79' lang='grc' dir='ltr'>μέρος</span> <span class='ocrx_word' id='word_1_55' title='bbox 913 746 1021 799; x_wconf 91' lang='grc' dir='ltr'><strong>τῶν</strong></span> <span class='ocrx_word' id='word_1_56' title='bbox 1048 744 1259 817; x_wconf 89' lang='grc' dir='ltr'>ἐχθρῶν</span> <span class='ocrx_word' id='word_1_57' title='bbox 1290 744 1349 810; x_wconf 81' lang='grc' dir='ltr'><strong>ἐξ</strong></span> <span class='ocrx_word' id='word_1_58' title='bbox 1387 745 1639 809; x_wconf 78' lang='grc' dir='ltr'><strong>ἐναντίας</strong></span> <span class='ocrx_word' id='word_1_59' title='bbox 1684 746 1745 799; x_wconf 76' lang='grc' dir='ltr'>τὸ</span> <span class='ocrx_word' id='word_1_60' title='bbox 1797 746 2061 801; x_wconf 84' lang='grc' dir='ltr'>άπλικτον</span> <span class='ocrx_word' id='word_1_61' title='bbox 2090 750 2356 818; x_wconf 90' lang='grc' dir='ltr'>γίνεσθαι.</span> 
     </span>
    </p>
   </div>
   <div class='ocr_carea' id='block_1_10' title="bbox 455 837 1971 909">
    <p class='ocr_par' dir='ltr' id='par_1_10' title="bbox 455 837 1971 909">
     <span class='ocr_line' id='line_1_10' title="bbox 455 837 1971 909; baseline 0 -18"><span class='ocrx_word' id='word_1_62' title='bbox 455 837 549 903; x_wconf 84' lang='grc' dir='ltr'>ις’.</span> <span class='ocrx_word' id='word_1_63' title='bbox 586 838 917 908; x_wconf 81' lang='grc' dir='ltr'>Νυκτεριναὶ</span> <span class='ocrx_word' id='word_1_64' title='bbox 938 838 995 891; x_wconf 81' lang='grc' dir='ltr'>δὲ</span> <span class='ocrx_word' id='word_1_65' title='bbox 1044 837 1359 899; x_wconf 80' lang='grc' dir='ltr'>ἐπελεύσεις</span> <span class='ocrx_word' id='word_1_66' title='bbox 1403 837 1651 909; x_wconf 82' lang='grc' dir='ltr'>διάφοροι</span> <span class='ocrx_word' id='word_1_67' title='bbox 1683 839 1832 909; x_wconf 89' lang='grc' dir='ltr'><strong>παρά</strong></span> <span class='ocrx_word' id='word_1_68' title='bbox 1860 838 1971 891; x_wconf 88' lang='grc' dir='ltr'><strong>τῶν</strong></span> 
     </span>
    </p>
   </div>
   <div class='ocr_carea' id='block_1_11' title="bbox 392 923 1964 999">
    <p class='ocr_par' dir='ltr' id='par_1_11' title="bbox 392 923 1964 999">
     <span class='ocr_line' id='line_1_11' title="bbox 392 923 1964 999; baseline -0.002 -15"><span class='ocrx_word' id='word_1_69' title='bbox 392 930 640 984; x_wconf 80' lang='grc' dir='ltr'>παλαιῶν</span> <span class='ocrx_word' id='word_1_70' title='bbox 678 927 1002 999; x_wconf 82' lang='grc' dir='ltr'><strong>στρατηγῶν</strong></span> <span class='ocrx_word' id='word_1_71' title='bbox 1033 927 1493 999; x_wconf 83' lang='grc' dir='ltr'>ἐπετηδεύθησαν,</span> <span class='ocrx_word' id='word_1_72' title='bbox 1519 929 1578 993; x_wconf 85' lang='grc' dir='ltr'><strong>ἐξ</strong></span> <span class='ocrx_word' id='word_1_73' title='bbox 1605 923 1680 981; x_wconf 83' lang='grc' dir='ltr'>ὧν</span> <span class='ocrx_word' id='word_1_74' title='bbox 1728 946 1813 982; x_wconf 93' lang='grc' dir='ltr'><strong>σοι</strong></span> <span class='ocrx_word' id='word_1_75' title='bbox 1866 928 1964 982; x_wconf 80' lang='grc' dir='ltr'>καὶ</span> 
     </span>
    </p>
   </div>
   <div class='ocr_carea' id='block_1_12' title="bbox 382 1019 1968 1093">
    <p class='ocr_par' dir='ltr' id='par_1_12' title="bbox 382 1019 1968 1093">
     <span class='ocr_line' id='line_1_12' title="bbox 382 1019 1968 1093; baseline -0.001 -18"><span class='ocrx_word' id='word_1_76' title='bbox 382 1026 539 1093; x_wconf 77' lang='grc' dir='ltr'>ἡμεῖς</span> <span class='ocrx_word' id='word_1_77' title='bbox 564 1021 736 1073; x_wconf 81' lang='grc' dir='ltr'>ταῦτα</span> <span class='ocrx_word' id='word_1_78' title='bbox 766 1019 1157 1090; x_wconf 77' lang='grc' dir='ltr'><strong>ὑποτιθέμεθα,</strong></span> <span class='ocrx_word' id='word_1_79' title='bbox 1187 1021 1273 1075; x_wconf 83' lang='grc' dir='ltr'><strong>ῖνα</strong></span> <span class='ocrx_word' id='word_1_80' title='bbox 1299 1021 1429 1073; x_wconf 82' lang='grc' dir='ltr'>ποτὲ</span> <span class='ocrx_word' id='word_1_81' title='bbox 1463 1021 1562 1091; x_wconf 82' lang='grc' dir='ltr'>μὲν</span> <span class='ocrx_word' id='word_1_82' title='bbox 1590 1021 1819 1091; x_wconf 79' lang='grc' dir='ltr'>πλησίον</span> <span class='ocrx_word' id='word_1_83' title='bbox 1858 1022 1968 1075; x_wconf 89' lang='grc' dir='ltr'><strong>τῶν</strong></span> 
     </span>
    </p>
   </div>
   <div class='ocr_carea' id='block_1_13' title="bbox 381 1111 1969 1181">
    <p class='ocr_par' dir='ltr' id='par_1_13' title="bbox 381 1111 1969 1181">
     <span class='ocr_line' id='line_1_13' title="bbox 381 1111 1969 1181; baseline -0.004 -12"><span class='ocrx_word' id='word_1_84' title='bbox 381 1114 642 1169; x_wconf 71' lang='grc' dir='ltr'>ἐναντίων</span> <span class='ocrx_word' id='word_1_85' title='bbox 688 1111 1049 1176; x_wconf 85' lang='grc' dir='ltr'>ἀπλικεύσας,</span> <span class='ocrx_word' id='word_1_86' title='bbox 1081 1111 1156 1175; x_wconf 85' lang='grc' dir='ltr'>ὡς</span> <span class='ocrx_word' id='word_1_87' title='bbox 1211 1111 1319 1165; x_wconf 81' lang='grc' dir='ltr'>ἀπὸ</span> <span class='ocrx_word' id='word_1_88' title='bbox 1368 1112 1487 1173; x_wconf 86' lang='grc' dir='ltr'>ἐνὸς</span> <span class='ocrx_word' id='word_1_89' title='bbox 1537 1112 1803 1164; x_wconf 87' lang='grc' dir='ltr'>ἀπλίκτου</span> <span class='ocrx_word' id='word_1_90' title='bbox 1834 1127 1969 1181; x_wconf 85' lang='grc' dir='ltr'>πρε-</span> 
     </span>
    </p>
   </div>
   <div class='ocr_carea' id='block_1_14' title="bbox 382 1202 1970 1274">
    <p class='ocr_par' dir='ltr' id='par_1_14' title="bbox 382 1202 1970 1274">
     <span class='ocr_line' id='line_1_14' title="bbox 382 1202 1970 1274; baseline -0.003 -14"><span class='ocrx_word' id='word_1_91' title='bbox 382 1206 569 1261; x_wconf 77' lang='grc' dir='ltr'>σδείαν</span> <span class='ocrx_word' id='word_1_92' title='bbox 601 1221 659 1258; x_wconf 86' lang='grc' dir='ltr'><strong>τε</strong></span> <span class='ocrx_word' id='word_1_93' title='bbox 688 1205 818 1274; x_wconf 86' lang='grc' dir='ltr'>μίαν</span> <span class='ocrx_word' id='word_1_94' title='bbox 844 1204 940 1257; x_wconf 70' lang='grc' dir='ltr'>καὶ</span> <span class='ocrx_word' id='word_1_95' title='bbox 968 1204 1229 1271; x_wconf 74' lang='grc' dir='ltr'>δευτέραν</span> <span class='ocrx_word' id='word_1_96' title='bbox 1262 1203 1544 1274; x_wconf 75' lang='grc' dir='ltr'>εἰρηνικὴν</span> <span class='ocrx_word' id='word_1_97' title='bbox 1565 1202 1834 1274; x_wconf 83' lang='grc' dir='ltr'>δηλώσας,</span> <span class='ocrx_word' id='word_1_98' title='bbox 1872 1202 1970 1257; x_wconf 67' lang='grc' dir='ltr'><strong>καὶ⁵</strong></span> 
     </span>
    </p>
   </div>
   <div class='ocr_carea' id='block_1_15' title="bbox 380 1295 1969 1368">
    <p class='ocr_par' dir='ltr' id='par_1_15' title="bbox 380 1295 1969 1368">
     <span class='ocr_line' id='line_1_15' title="bbox 380 1295 1969 1368; baseline -0.003 -15"><span class='ocrx_word' id='word_1_99' title='bbox 380 1300 608 1361; x_wconf 79' lang='grc' dir='ltr'>ἐλπίδας</span> <span class='ocrx_word' id='word_1_100' title='bbox 641 1298 778 1368; x_wconf 80' lang='grc' dir='ltr'>πρὸς</span> <span class='ocrx_word' id='word_1_101' title='bbox 809 1298 1030 1367; x_wconf 70' lang='grc' dir='ltr'>εἰρήνην</span> <span class='ocrx_word' id='word_1_102' title='bbox 1083 1295 1333 1359; x_wconf 88' lang='grc' dir='ltr'>δεδωκὼς</span> <span class='ocrx_word' id='word_1_103' title='bbox 1390 1298 1502 1359; x_wconf 89' lang='grc' dir='ltr'>τοῖς</span> <span class='ocrx_word' id='word_1_104' title='bbox 1552 1295 1839 1359; x_wconf 82' lang='grc' dir='ltr'>ἐναντίοις,</span> <span class='ocrx_word' id='word_1_105' title='bbox 1874 1296 1969 1349; x_wconf 79' lang='grc' dir='ltr'>καὶ</span> 
     </span>
    </p>
   </div>
   <div class='ocr_carea' id='block_1_16' title="bbox 382 1386 1969 1461">
    <p class='ocr_par' dir='ltr' id='par_1_16' title="bbox 382 1386 1969 1461">
     <span class='ocr_line' id='line_1_16' title="bbox 382 1386 1969 1461; baseline -0.003 -17"><span class='ocrx_word' id='word_1_106' title='bbox 382 1391 721 1461; x_wconf 75' lang='grc' dir='ltr'><strong>ἀμερίμνους</strong></span> <span class='ocrx_word' id='word_1_107' title='bbox 762 1390 995 1458; x_wconf 80' lang='grc' dir='ltr'>ποιήσας</span> <span class='ocrx_word' id='word_1_108' title='bbox 1024 1389 1303 1457; x_wconf 79' lang='grc' dir='ltr'>ἀδοκήτως</span> <span class='ocrx_word' id='word_1_109' title='bbox 1351 1389 1538 1450; x_wconf 75' lang='grc' dir='ltr'>αὐτοῖς</span> <span class='ocrx_word' id='word_1_110' title='bbox 1584 1386 1825 1459; x_wconf 82' lang='grc' dir='ltr'>ἐπέλθῃς</span> <span class='ocrx_word' id='word_1_111' title='bbox 1862 1386 1969 1457; x_wconf 76' lang='grc' dir='ltr'>πρὸ</span> 
     </span>
    </p>
   </div>
   <div class='ocr_carea' id='block_1_17' title="bbox 386 1478 1775 1554">
    <p class='ocr_par' dir='ltr' id='par_1_17' title="bbox 386 1478 1775 1554">
     <span class='ocr_line' id='line_1_17' title="bbox 386 1478 1775 1554; baseline -0.003 -18"><span class='ocrx_word' id='word_1_112' title='bbox 386 1484 603 1554; x_wconf 72' lang='grc' dir='ltr'>ἡμέρας</span> <span class='ocrx_word' id='word_1_113' title='bbox 632 1483 690 1534; x_wconf 88' lang='grc' dir='ltr'><strong>ἐν</strong></span> <span class='ocrx_word' id='word_1_114' title='bbox 720 1480 879 1533; x_wconf 71' lang='grc' dir='ltr'>νυκτὶ</span> <span class='ocrx_word' id='word_1_115' title='bbox 908 1478 1007 1548; x_wconf 78' lang='grc' dir='ltr'>τὴν</span> <span class='ocrx_word' id='word_1_116' title='bbox 1041 1478 1352 1549; x_wconf 78' lang='grc' dir='ltr'>ὁδοιπορίαν</span> <span class='ocrx_word' id='word_1_117' title='bbox 1382 1479 1775 1549; x_wconf 79' lang='grc' dir='ltr'>ποιησάμενος.</span> 
     </span>
    </p>
   </div>
   <div class='ocr_carea' id='block_1_18' title="bbox 460 1570 1967 1642">
    <p class='ocr_par' dir='ltr' id='par_1_18' title="bbox 460 1570 1967 1642">
     <span class='ocr_line' id='line_1_18' title="bbox 460 1570 1967 1642; baseline -0.004 -13"><span class='ocrx_word' id='word_1_118' title='bbox 460 1576 547 1638; x_wconf 77' lang='grc' dir='ltr'>ιζ’.</span> <span class='ocrx_word' id='word_1_119' title='bbox 598 1574 735 1628; x_wconf 85' lang='grc' dir='ltr'>Ποτὲ</span> <span class='ocrx_word' id='word_1_120' title='bbox 786 1573 864 1633; x_wconf 79' lang='grc' dir='ltr'>δὲ,</span> <span class='ocrx_word' id='word_1_121' title='bbox 931 1573 1025 1623; x_wconf 81' lang='grc' dir='ltr'>ἐὰν</span> <span class='ocrx_word' id='word_1_122' title='bbox 1086 1570 1250 1641; x_wconf 81' lang='grc' dir='ltr'>βούλῃ</span> <span class='ocrx_word' id='word_1_123' title='bbox 1297 1571 1544 1625; x_wconf 84' lang='grc' dir='ltr'>ἐπελθεῖν</span> <span class='ocrx_word' id='word_1_124' title='bbox 1587 1573 1698 1634; x_wconf 86' lang='grc' dir='ltr'>τοῖς</span> <span class='ocrx_word' id='word_1_125' title='bbox 1752 1570 1967 1642; x_wconf 80' lang='grc' dir='ltr'>ἐχθροῖς</span> 
     </span>
    </p>
   </div>
   <div class='ocr_carea' id='block_1_19' title="bbox 385 1662 1965 1734">
    <p class='ocr_par' dir='ltr' id='par_1_19' title="bbox 385 1662 1965 1734">
     <span class='ocr_line' id='line_1_19' title="bbox 385 1662 1965 1734; baseline -0.002 -15"><span class='ocrx_word' id='word_1_126' title='bbox 385 1666 601 1727; x_wconf 81' lang='grc' dir='ltr'>νυκτὸς,</span> <span class='ocrx_word' id='word_1_127' title='bbox 632 1663 847 1733; x_wconf 74' lang='grc' dir='ltr'>ἡμέρας</span> <span class='ocrx_word' id='word_1_128' title='bbox 887 1662 1043 1724; x_wconf 82' lang='grc' dir='ltr'>τινὰς</span> <span class='ocrx_word' id='word_1_129' title='bbox 1088 1662 1543 1733; x_wconf 78' lang='grc' dir='ltr'>παραταξάμενος</span> <span class='ocrx_word' id='word_1_130' title='bbox 1609 1662 1838 1734; x_wconf 81' lang='grc' dir='ltr'>πλησίον</span> <span class='ocrx_word' id='word_1_131' title='bbox 1870 1663 1965 1716; x_wconf 78' lang='grc' dir='ltr'>τοῦ</span> 
     </span>
    </p>
   </div>
   <div class='ocr_carea' id='block_1_20' title="bbox 2154 842 3657 920">
    <p class='ocr_par' dir='ltr' id='par_1_20' title="bbox 2154 842 3657 920">
     <span class='ocr_line' id='line_1_20' title="bbox 2154 842 3657 920; baseline 0.009 -25"><span class='ocrx_word' id='word_1_132' title='bbox 2154 842 2240 897; x_wconf 75' lang='grc'><strong>16.</strong></span> <span class='ocrx_word' id='word_1_133' title='bbox 2281 843 2577 901; x_wconf 63' lang='lat' dir='ltr'><strong>Nocturna</strong></span> <span class='ocrx_word' id='word_1_134' title='bbox 2606 846 2954 903; x_wconf 89' lang='lat' dir='ltr'><strong>incursiones</strong></span> <span class='ocrx_word' id='word_1_135' title='bbox 2982 847 3050 903; x_wconf 92' lang='lat' dir='ltr'><strong>ab</strong></span> <span class='ocrx_word' id='word_1_136' title='bbox 3079 848 3324 920; x_wconf 81' lang='lat' dir='ltr'><strong>antiquis</strong></span> <span class='ocrx_word' id='word_1_137' title='bbox 3361 851 3657 920; x_wconf 87' lang='lat' dir='ltr'><strong>imperato-</strong></span> 
     </span>
    </p>
   </div>
   <div class='ocr_carea' id='block_1_21' title="bbox 2070 936 3659 1019">
    <p class='ocr_par' dir='ltr' id='par_1_21' title="bbox 2070 936 3659 1019">
     <span class='ocr_line' id='line_1_21' title="bbox 2070 936 3659 1019; baseline 0.008 -30"><span class='ocrx_word' id='word_1_138' title='bbox 2070 936 2228 991; x_wconf 86' lang='lat' dir='ltr'><strong>rihus</strong></span> <span class='ocrx_word' id='word_1_139' title='bbox 2252 939 2579 1008; x_wconf 63' lang='lat' dir='ltr'><strong>excogitatze</strong></span> <span class='ocrx_word' id='word_1_140' title='bbox 2616 950 2782 994; x_wconf 80' lang='lat' dir='ltr'><strong>stmt:</strong></span> <span class='ocrx_word' id='word_1_141' title='bbox 2815 957 2845 995; x_wconf 90' lang='lat' dir='ltr'><strong>e</strong></span> <span class='ocrx_word' id='word_1_142' title='bbox 2879 942 3083 1011; x_wconf 88' lang='lat' dir='ltr'><strong>quibus</strong></span> <span class='ocrx_word' id='word_1_143' title='bbox 3113 958 3217 998; x_wconf 90' lang='lat' dir='ltr'><strong>nos</strong></span> <span class='ocrx_word' id='word_1_144' title='bbox 3254 944 3347 997; x_wconf 91' lang='lat' dir='ltr'><strong>tibi</strong></span> <span class='ocrx_word' id='word_1_145' title='bbox 3384 945 3498 1000; x_wconf 73' lang='lat' dir='ltr'><strong>haec</strong></span> <span class='ocrx_word' id='word_1_146' title='bbox 3528 964 3659 1019; x_wconf 80' lang='lat' dir='ltr'><strong>sug-</strong></span> 
     </span>
    </p>
   </div>
   <div class='ocr_carea' id='block_1_22' title="bbox 2069 1029 3654 1098">
    <p class='ocr_par' dir='ltr' id='par_1_22' title="bbox 2069 1029 3654 1098">
     <span class='ocr_line' id='line_1_22' title="bbox 2069 1029 3654 1098; baseline 0.007 -16"><span class='ocrx_word' id='word_1_147' title='bbox 2069 1029 2334 1098; x_wconf 81' lang='lat' dir='ltr'><strong>gerimus,</strong></span> <span class='ocrx_word' id='word_1_148' title='bbox 2372 1038 2430 1085; x_wconf 86' lang='lat' dir='ltr'><strong>ut</strong></span> <span class='ocrx_word' id='word_1_149' title='bbox 2476 1032 2567 1086; x_wconf 88' lang='lat' dir='ltr'><strong>ubi</strong></span> <span class='ocrx_word' id='word_1_150' title='bbox 2612 1032 2681 1086; x_wconf 88' lang='lat' dir='ltr'><strong>ab</strong></span> <span class='ocrx_word' id='word_1_151' title='bbox 2710 1033 2951 1087; x_wconf 89' lang='lat' dir='ltr'><strong>hostium</strong></span> <span class='ocrx_word' id='word_1_152' title='bbox 2999 1034 3223 1098; x_wconf 88' lang='lat' dir='ltr'><strong>castris,</strong></span> <span class='ocrx_word' id='word_1_153' title='bbox 3278 1037 3403 1091; x_wconf 90' lang='lat' dir='ltr'><strong>unis</strong></span> <span class='ocrx_word' id='word_1_154' title='bbox 3443 1048 3654 1094; x_wconf 90' lang='lat' dir='ltr'><strong>tantum</strong></span> 
     </span>
    </p>
   </div>
   <div class='ocr_carea' id='block_1_23' title="bbox 2069 1120 3655 1202">
    <p class='ocr_par' dir='ltr' id='par_1_23' title="bbox 2069 1120 3655 1202">
     <span class='ocr_line' id='line_1_23' title="bbox 2069 1120 3655 1202; baseline 0.007 -27"><span class='ocrx_word' id='word_1_155' title='bbox 2069 1123 2267 1176; x_wconf 76' lang='lat' dir='ltr'><strong>castris</strong></span> <span class='ocrx_word' id='word_1_156' title='bbox 2295 1120 2489 1188; x_wconf 86' lang='lat' dir='ltr'><strong>distas,</strong></span> <span class='ocrx_word' id='word_1_157' title='bbox 2533 1124 2858 1192; x_wconf 73' lang='lat' dir='ltr'><strong>legationem</strong></span> <span class='ocrx_word' id='word_1_158' title='bbox 2890 1141 3056 1179; x_wconf 90' lang='lat' dir='ltr'><strong>unam</strong></span> <span class='ocrx_word' id='word_1_159' title='bbox 3091 1136 3257 1196; x_wconf 89' lang='lat' dir='ltr'><strong>atque</strong></span> <span class='ocrx_word' id='word_1_160' title='bbox 3298 1129 3523 1184; x_wconf 89' lang='lat' dir='ltr'><strong>alteram</strong></span> <span class='ocrx_word' id='word_1_161' title='bbox 3559 1148 3655 1202; x_wconf 85' lang='lat' dir='ltr'><strong>pa-</strong></span> 
     </span>
    </p>
   </div>
   <div class='ocr_carea' id='block_1_24' title="bbox 2068 1211 3653 1291">
    <p class='ocr_par' dir='ltr' id='par_1_24' title="bbox 2068 1211 3653 1291">
     <span class='ocr_line' id='line_1_24' title="bbox 2068 1211 3653 1291; baseline 0.01 -28"><span class='ocrx_word' id='word_1_162' title='bbox 2068 1211 2284 1265; x_wconf 85' lang='lat' dir='ltr'><strong>cilicam</strong></span> <span class='ocrx_word' id='word_1_163' title='bbox 2319 1213 2386 1267; x_wconf 87' lang='lat' dir='ltr'><strong>ad</strong></span> <span class='ocrx_word' id='word_1_164' title='bbox 2412 1228 2509 1268; x_wconf 91' lang='lat' dir='ltr'><strong>eos</strong></span> <span class='ocrx_word' id='word_1_165' title='bbox 2538 1215 2747 1278; x_wconf 84' lang='lat' dir='ltr'><strong>mittas,</strong></span> <span class='ocrx_word' id='word_1_166' title='bbox 2782 1226 2835 1270; x_wconf 90' lang='lat' dir='ltr'><strong>et</strong></span> <span class='ocrx_word' id='word_1_167' title='bbox 2866 1232 3017 1285; x_wconf 80' lang='lat' dir='ltr'><strong>spem</strong></span> <span class='ocrx_word' id='word_1_168' title='bbox 3055 1218 3164 1273; x_wconf 88' lang='lat' dir='ltr'><strong>illis</strong></span> <span class='ocrx_word' id='word_1_169' title='bbox 3189 1220 3340 1288; x_wconf 68' lang='lat' dir='ltr'><strong>paris</strong></span> <span class='ocrx_word' id='word_1_170' title='bbox 3377 1223 3653 1291; x_wconf 80' lang='lat' dir='ltr'><strong>iujiricus,</strong></span> 
     </span>
    </p>
   </div>
   <div class='ocr_carea' id='block_1_25' title="bbox 2067 1301 3657 1377">
    <p class='ocr_par' dir='ltr' id='par_1_25' title="bbox 2067 1301 3657 1377">
     <span class='ocr_line' id='line_1_25' title="bbox 2067 1301 3657 1377; baseline 0.009 -23"><span class='ocrx_word' id='word_1_171' title='bbox 2067 1301 2298 1372; x_wconf 83' lang='lat' dir='ltr'><strong>illosque</strong></span> <span class='ocrx_word' id='word_1_172' title='bbox 2335 1303 2533 1359; x_wconf 86' lang='lat' dir='ltr'><strong>liberos</strong></span> <span class='ocrx_word' id='word_1_173' title='bbox 2585 1305 2906 1375; x_wconf 84' lang='lat' dir='ltr'><strong>solutosque</strong></span> <span class='ocrx_word' id='word_1_174' title='bbox 2937 1323 2965 1360; x_wconf 90' lang='lat' dir='ltr'><strong>a</strong></span> <span class='ocrx_word' id='word_1_175' title='bbox 3019 1309 3214 1365; x_wconf 89' lang='lat' dir='ltr'><strong>timore</strong></span> <span class='ocrx_word' id='word_1_176' title='bbox 3268 1313 3536 1377; x_wconf 79' lang='lat' dir='ltr'><strong>reddens,</strong></span> <span class='ocrx_word' id='word_1_177' title='bbox 3587 1316 3657 1370; x_wconf 89' lang='lat' dir='ltr'><strong>de</strong></span> 
     </span>
    </p>
   </div>
   <div class='ocr_carea' id='block_1_26' title="bbox 2066 1392 3649 1462">
    <p class='ocr_par' dir='ltr' id='par_1_26' title="bbox 2066 1392 3649 1462">
     <span class='ocr_line' id='line_1_26' title="bbox 2066 1392 3649 1462; baseline 0.009 -17"><span class='ocrx_word' id='word_1_178' title='bbox 2066 1392 2364 1462; x_wconf 88' lang='lat' dir='ltr'><strong>improviso</strong></span> <span class='ocrx_word' id='word_1_179' title='bbox 2395 1396 2451 1450; x_wconf 91' lang='lat' dir='ltr'><strong>in</strong></span> <span class='ocrx_word' id='word_1_180' title='bbox 2486 1396 2605 1452; x_wconf 90' lang='lat' dir='ltr'><strong>illos</strong></span> <span class='ocrx_word' id='word_1_181' title='bbox 2643 1397 2825 1453; x_wconf 79' lang='lat' dir='ltr'><strong>irruas</strong></span> <span class='ocrx_word' id='word_1_182' title='bbox 2872 1409 3041 1453; x_wconf 87' lang='lat' dir='ltr'><strong>noctu</strong></span> <span class='ocrx_word' id='word_1_183' title='bbox 3074 1409 3202 1457; x_wconf 86' lang='lat' dir='ltr'><strong>ante</strong></span> <span class='ocrx_word' id='word_1_184' title='bbox 3232 1402 3375 1456; x_wconf 86' lang='lat' dir='ltr'><strong>diem</strong></span> <span class='ocrx_word' id='word_1_185' title='bbox 3426 1404 3531 1459; x_wconf 84' lang='lat' dir='ltr'><strong>iter</strong></span> <span class='ocrx_word' id='word_1_186' title='bbox 3562 1406 3649 1459; x_wconf 89' lang='lat' dir='ltr'><strong>in-</strong></span> 
     </span>
    </p>
   </div>
   <div class='ocr_carea' id='block_1_27' title="bbox 2066 1496 2311 1552">
    <p class='ocr_par' dir='ltr' id='par_1_27' title="bbox 2066 1496 2311 1552">
     <span class='ocr_line' id='line_1_27' title="bbox 2066 1496 2311 1552; baseline 0.02 -18"><span class='ocrx_word' id='word_1_187' title='bbox 2066 1496 2311 1552; x_wconf 75' lang='lat' dir='ltr'><strong>gressus.</strong></span> 
     </span>
    </p>
   </div>
   <div class='ocr_carea' id='block_1_28' title="bbox 2148 1576 3657 1649">
    <p class='ocr_par' dir='ltr' id='par_1_28' title="bbox 2148 1576 3657 1649">
     <span class='ocr_line' id='line_1_28' title="bbox 2148 1576 3657 1649; baseline 0.009 -21"><span class='ocrx_word' id='word_1_188' title='bbox 2148 1576 2234 1630; x_wconf 78' lang='lat' dir='ltr'><strong>i7.</strong></span> <span class='ocrx_word' id='word_1_189' title='bbox 2274 1577 2553 1632; x_wconf 89' lang='lat' dir='ltr'><strong>Interdum</strong></span> <span class='ocrx_word' id='word_1_190' title='bbox 2596 1579 2642 1634; x_wconf 91' lang='lat' dir='ltr'><strong>si</strong></span> <span class='ocrx_word' id='word_1_191' title='bbox 2675 1589 2839 1635; x_wconf 91' lang='lat' dir='ltr'><strong>noctu</strong></span> <span class='ocrx_word' id='word_1_192' title='bbox 2870 1582 3113 1638; x_wconf 81' lang='lat' dir='ltr'><strong>volueris</strong></span> <span class='ocrx_word' id='word_1_193' title='bbox 3144 1598 3240 1638; x_wconf 87' lang='lat' dir='ltr'><strong>eos</strong></span> <span class='ocrx_word' id='word_1_194' title='bbox 3274 1585 3502 1649; x_wconf 85' lang='lat' dir='ltr'><strong>adoriri,</strong></span> <span class='ocrx_word' id='word_1_195' title='bbox 3537 1587 3657 1642; x_wconf 71' lang='lat' dir='ltr'><strong>dios</strong></span> 
     </span>
    </p>
   </div>
   <div class='ocr_carea' id='block_1_29' title="bbox 2076 1671 3657 1748">
    <p class='ocr_par' dir='ltr' id='par_1_29' title="bbox 2076 1671 3657 1748">
     <span class='ocr_line' id='line_1_29' title="bbox 2076 1671 3657 1748; baseline 0.006 -26"><span class='ocrx_word' id='word_1_196' title='bbox 2076 1678 2201 1723; x_wconf 89' lang='lat' dir='ltr'><strong>ante</strong></span> <span class='ocrx_word' id='word_1_197' title='bbox 2231 1671 2444 1741; x_wconf 88' lang='lat' dir='ltr'><strong>aliquot</strong></span> <span class='ocrx_word' id='word_1_198' title='bbox 2470 1687 2638 1742; x_wconf 82' lang='lat' dir='ltr'><strong>prope</strong></span> <span class='ocrx_word' id='word_1_199' title='bbox 2666 1672 2901 1728; x_wconf 85' lang='lat' dir='ltr'><strong>hostium</strong></span> <span class='ocrx_word' id='word_1_200' title='bbox 2931 1684 3112 1729; x_wconf 89' lang='lat' dir='ltr'><strong>castra</strong></span> <span class='ocrx_word' id='word_1_201' title='bbox 3163 1692 3372 1745; x_wconf 83' lang='lat' dir='ltr'><strong>ponens</strong></span> <span class='ocrx_word' id='word_1_202' title='bbox 3398 1681 3553 1748; x_wconf 84' lang='lat' dir='ltr'><strong>quasi</strong></span> <span class='ocrx_word' id='word_1_203' title='bbox 3589 1681 3657 1732; x_wconf 88' lang='lat' dir='ltr'><strong>ad</strong></span> 
     </span>
    </p>
   </div>
   <div class='ocr_carea' id='block_1_30' title="bbox 389 1752 1974 1851">
    <p class='ocr_par' dir='ltr' id='par_1_30' title="bbox 389 1752 1965 1825">
     <span class='ocr_line' id='line_1_30' title="bbox 389 1752 1965 1825; baseline -0.004 -12"><span class='ocrx_word' id='word_1_204' title='bbox 389 1758 519 1813; x_wconf 85' lang='grc' dir='ltr'>ίδίου</span> <span class='ocrx_word' id='word_1_205' title='bbox 554 1755 818 1810; x_wconf 79' lang='grc' dir='ltr'>ἀπλίκτου</span> <span class='ocrx_word' id='word_1_206' title='bbox 845 1753 921 1816; x_wconf 83' lang='grc' dir='ltr'>ὡς</span> <span class='ocrx_word' id='word_1_207' title='bbox 952 1752 1045 1805; x_wconf 76' lang='grc' dir='ltr'>ἐπὶ</span> <span class='ocrx_word' id='word_1_208' title='bbox 1088 1752 1233 1823; x_wconf 81' lang='grc' dir='ltr'>μάχῃ</span> <span class='ocrx_word' id='word_1_209' title='bbox 1258 1752 1515 1825; x_wconf 77' lang='grc' dir='ltr'>δημοσίᾳ,</span> <span class='ocrx_word' id='word_1_210' title='bbox 1547 1754 1644 1807; x_wconf 77' lang='grc' dir='ltr'>καὶ</span> <span class='ocrx_word' id='word_1_211' title='bbox 1691 1770 1965 1824; x_wconf 82' lang='grc' dir='ltr'>σχηματι-</span> 
     </span>
    </p>
   </div>
   <div class='ocr_carea' id='block_1_31' title="bbox 2077 1752 3655 1851">
    <p class='ocr_par' dir='ltr' id='par_1_31' title="bbox 2077 1760 3655 1831">
     <span class='ocr_line' id='line_1_31' title="bbox 2077 1760 3655 1831; baseline 0.006 -19"><span class='ocrx_word' id='word_1_212' title='bbox 2077 1760 2323 1829; x_wconf 72' lang='lat' dir='ltr'><strong>praelium</strong></span> <span class='ocrx_word' id='word_1_213' title='bbox 2358 1761 2635 1831; x_wconf 90' lang='lat' dir='ltr'><strong>publicmn</strong></span> <span class='ocrx_word' id='word_1_214' title='bbox 2682 1764 3161 1831; x_wconf 87' lang='lat' dir='ltr'><strong>committendum,</strong></span> <span class='ocrx_word' id='word_1_215' title='bbox 3214 1768 3258 1823; x_wconf 90' lang='lat' dir='ltr'><strong>si</strong></span> <span class='ocrx_word' id='word_1_216' title='bbox 3288 1779 3397 1820; x_wconf 87' lang='lat' dir='ltr'><strong>ttun</strong></span> <span class='ocrx_word' id='word_1_217' title='bbox 3429 1770 3655 1823; x_wconf 85' lang='lat' dir='ltr'><strong>simula-</strong></span> 
     </span>
    </p>
   </div>
   <div class='ocr_carea' id='block_1_32' title="bbox 394 1842 1974 1928">
    <p class='ocr_par' dir='ltr' id='par_1_32' title="bbox 394 1842 1973 1918">
     <span class='ocr_line' id='line_1_32' title="bbox 394 1842 1973 1918; baseline -0.004 -16"><span class='ocrx_word' id='word_1_218' title='bbox 394 1848 630 1918; x_wconf 88' lang='grc' dir='ltr'>σάμενος</span> <span class='ocrx_word' id='word_1_219' title='bbox 654 1842 937 1915; x_wconf 71' lang='grc' dir='ltr'>φοὸεῖσθαι</span> <span class='ocrx_word' id='word_1_220' title='bbox 971 1842 1096 1904; x_wconf 81' lang='grc' dir='ltr'>τοὺς</span> <span class='ocrx_word' id='word_1_221' title='bbox 1120 1842 1497 1909; x_wconf 81' lang='grc' dir='ltr'>ὑπεναντίους,</span> <span class='ocrx_word' id='word_1_222' title='bbox 1539 1844 1635 1897; x_wconf 72' lang='grc' dir='ltr'>καὶ</span> <span class='ocrx_word' id='word_1_223' title='bbox 1676 1843 1765 1897; x_wconf 85' lang='grc' dir='ltr'>διὰ</span> <span class='ocrx_word' id='word_1_224' title='bbox 1811 1842 1973 1896; x_wconf 84' lang='grc' dir='ltr'>τοῦτο</span> 
     </span>
    </p>
   </div>
   <div class='ocr_carea' id='block_1_33' title="bbox 2077 1842 3655 1928">
    <p class='ocr_par' dir='ltr' id='par_1_33' title="bbox 2077 1850 3655 1928">
     <span class='ocr_line' id='line_1_33' title="bbox 2077 1850 3655 1928; baseline 0.008 -26"><span class='ocrx_word' id='word_1_225' title='bbox 2077 1850 2222 1906; x_wconf 83' lang='lat' dir='ltr'><strong>veris</strong></span> <span class='ocrx_word' id='word_1_226' title='bbox 2253 1859 2308 1905; x_wconf 90' lang='lat' dir='ltr'><strong>te</strong></span> <span class='ocrx_word' id='word_1_227' title='bbox 2338 1853 2531 1907; x_wconf 86' lang='lat' dir='ltr'><strong>timere</strong></span> <span class='ocrx_word' id='word_1_228' title='bbox 2578 1852 2785 1919; x_wconf 85' lang='lat' dir='ltr'><strong>hostes,</strong></span> <span class='ocrx_word' id='word_1_229' title='bbox 2817 1869 2997 1924; x_wconf 85' lang='lat' dir='ltr'><strong>neque</strong></span> <span class='ocrx_word' id='word_1_230' title='bbox 3039 1858 3402 1928; x_wconf 82' lang='lat' dir='ltr'><strong>propinquius</strong></span> <span class='ocrx_word' id='word_1_231' title='bbox 3452 1862 3655 1916; x_wconf 86' lang='lat' dir='ltr'><strong>audere</strong></span> 
     </span>
    </p>
   </div>
   <div class='ocr_carea' id='block_1_34' title="bbox 394 1933 1969 2009">
    <p class='ocr_par' dir='ltr' id='par_1_34' title="bbox 394 1933 1969 2009">
     <span class='ocr_line' id='line_1_34' title="bbox 394 1933 1969 2009; baseline -0.003 -18"><span class='ocrx_word' id='word_1_232' title='bbox 394 1942 471 2009; x_wconf 81' lang='grc' dir='ltr'>μὴ</span> <span class='ocrx_word' id='word_1_233' title='bbox 526 1933 963 2009; x_wconf 81' lang='grc' dir='ltr'>παρεξέρχεσθαι</span> <span class='ocrx_word' id='word_1_234' title='bbox 1010 1933 1173 1987; x_wconf 80' lang='grc' dir='ltr'>πλέον</span> <span class='ocrx_word' id='word_1_235' title='bbox 1247 1938 1375 1999; x_wconf 83' lang='grc' dir='ltr'>τοὺς</span> <span class='ocrx_word' id='word_1_236' title='bbox 1436 1936 1636 2000; x_wconf 82' lang='grc' dir='ltr'>τόπους</span> <span class='ocrx_word' id='word_1_237' title='bbox 1687 1935 1782 1989; x_wconf 78' lang='grc' dir='ltr'>τοῦ</span> <span class='ocrx_word' id='word_1_238' title='bbox 1837 1935 1969 1988; x_wconf 81' lang='grc' dir='ltr'>ίδίου</span> 
     </span>
    </p>
   </div>
   <div class='ocr_carea' id='block_1_35' title="bbox 382 2022 1961 2098">
    <p class='ocr_par' dir='ltr' id='par_1_35' title="bbox 382 2022 1961 2098">
     <span class='ocr_line' id='line_1_35' title="bbox 382 2022 1961 2098; baseline -0.002 -17"><span class='ocrx_word' id='word_1_239' title='bbox 382 2030 676 2094; x_wconf 84' lang='grc' dir='ltr'>ἀπλίκτου,</span> <span class='ocrx_word' id='word_1_240' title='bbox 701 2028 797 2080; x_wconf 81' lang='grc' dir='ltr'>καὶ</span> <span class='ocrx_word' id='word_1_241' title='bbox 828 2022 1080 2078; x_wconf 84' lang='grc' dir='ltr'>ἐντεῦθεν</span> <span class='ocrx_word' id='word_1_242' title='bbox 1104 2025 1303 2089; x_wconf 75' lang='grc' dir='ltr'>αὐτοὺς</span> <span class='ocrx_word' id='word_1_243' title='bbox 1336 2027 1777 2098; x_wconf 88' lang='grc' dir='ltr'>παραχαυνώσας</span> <span class='ocrx_word' id='word_1_244' title='bbox 1799 2027 1961 2079; x_wconf 78' lang='grc' dir='ltr'>ἐπέλο</span> 
     </span>
    </p>
   </div>
   <div class='ocr_carea' id='block_1_36' title="bbox 384 2118 829 2192">
    <p class='ocr_par' dir='ltr' id='par_1_36' title="bbox 384 2118 829 2192">
     <span class='ocr_line' id='line_1_36' title="bbox 384 2118 829 2192; baseline -0.007 -18"><span class='ocrx_word' id='word_1_245' title='bbox 384 2121 485 2192; x_wconf 79' lang='grc' dir='ltr'>θῃς</span> <span class='ocrx_word' id='word_1_246' title='bbox 545 2124 602 2174; x_wconf 81' lang='grc' dir='ltr'><strong>ἐν</strong></span> <span class='ocrx_word' id='word_1_247' title='bbox 656 2118 829 2172; x_wconf 88' lang='grc' dir='ltr'>νυκτί.</span> 
     </span>
    </p>
   </div>
   <div class='ocr_carea' id='block_1_37' title="bbox 458 2208 1973 2283">
    <p class='ocr_par' dir='ltr' id='par_1_37' title="bbox 458 2208 1973 2283">
     <span class='ocr_line' id='line_1_37' title="bbox 458 2208 1973 2283; baseline -0.002 -19"><span class='ocrx_word' id='word_1_248' title='bbox 458 2218 545 2283; x_wconf 81' lang='grc' dir='ltr'>ιη’.</span> <span class='ocrx_word' id='word_1_249' title='bbox 569 2210 741 2265; x_wconf 78' lang='grc' dir='ltr'>Τοῦτο</span> <span class='ocrx_word' id='word_1_250' title='bbox 766 2212 823 2265; x_wconf 79' lang='grc' dir='ltr'><strong>δέ</strong></span> <span class='ocrx_word' id='word_1_251' title='bbox 854 2211 1195 2281; x_wconf 82' lang='grc' dir='ltr'>γινώσκομεν</span> <span class='ocrx_word' id='word_1_252' title='bbox 1225 2208 1564 2279; x_wconf 83' lang='grc' dir='ltr'>πεποιηκότα</span> <span class='ocrx_word' id='word_1_253' title='bbox 1592 2209 1685 2263; x_wconf 80' lang='grc' dir='ltr'>τὸν</span> <span class='ocrx_word' id='word_1_254' title='bbox 1719 2208 1973 2276; x_wconf 84' lang='grc' dir='ltr'>Χαγάνον</span> 
     </span>
    </p>
   </div>
   <div class='ocr_carea' id='block_1_38' title="bbox 384 2297 1969 2373">
    <p class='ocr_par' dir='ltr' id='par_1_38' title="bbox 384 2297 1969 2373">
     <span class='ocr_line' id='line_1_38' title="bbox 384 2297 1969 2373; baseline -0.004 -18"><span class='ocrx_word' id='word_1_255' title='bbox 384 2304 491 2356; x_wconf 87' lang='grc' dir='ltr'><strong>τῶν</strong></span> <span class='ocrx_word' id='word_1_256' title='bbox 530 2303 777 2373; x_wconf 73' lang='grc' dir='ltr'>Ἀὃάρων</span> <span class='ocrx_word' id='word_1_257' title='bbox 809 2302 900 2354; x_wconf 76' lang='grc' dir='ltr'><strong>ἐπὶ</strong></span> <span class='ocrx_word' id='word_1_258' title='bbox 930 2302 1037 2354; x_wconf 86' lang='grc' dir='ltr'><strong>τῶν</strong></span> <span class='ocrx_word' id='word_1_259' title='bbox 1084 2300 1293 2371; x_wconf 80' lang='grc' dir='ltr'>χρόνων</span> <span class='ocrx_word' id='word_1_260' title='bbox 1337 2298 1658 2370; x_wconf 82' lang='grc' dir='ltr'>Ἡρακλείου</span> <span class='ocrx_word' id='word_1_261' title='bbox 1688 2298 1781 2351; x_wconf 82' lang='grc' dir='ltr'><strong>τοῦ</strong></span> <span class='ocrx_word' id='word_1_262' title='bbox 1815 2297 1969 2367; x_wconf 83' lang='grc' dir='ltr'>βασι-</span> 
     </span>
    </p>
   </div>
   <div class='ocr_carea' id='block_1_39' title="bbox 382 2394 1970 2467">
    <p class='ocr_par' dir='ltr' id='par_1_39' title="bbox 382 2394 1970 2467">
     <span class='ocr_line' id='line_1_39' title="bbox 382 2394 1970 2467; baseline -0.002 -17"><span class='ocrx_word' id='word_1_263' title='bbox 382 2396 519 2460; x_wconf 78' lang='grc' dir='ltr'>λέως</span> <span class='ocrx_word' id='word_1_264' title='bbox 549 2398 677 2467; x_wconf 75' lang='grc' dir='ltr'>περὶ</span> <span class='ocrx_word' id='word_1_265' title='bbox 708 2396 806 2466; x_wconf 83' lang='grc' dir='ltr'>τὴν</span> <span class='ocrx_word' id='word_1_266' title='bbox 869 2396 1199 2467; x_wconf 79' lang='grc' dir='ltr'>Ἡράκλειαν</span> <span class='ocrx_word' id='word_1_267' title='bbox 1239 2396 1336 2465; x_wconf 83' lang='grc' dir='ltr'>τῆς</span> <span class='ocrx_word' id='word_1_268' title='bbox 1403 2394 1628 2465; x_wconf 81' lang='grc' dir='ltr'>Θρᾴκης</span> <span class='ocrx_word' id='word_1_269' title='bbox 1670 2394 1812 2449; x_wconf 86' lang='grc' dir='ltr'><strong>κατά</strong></span> <span class='ocrx_word' id='word_1_270' title='bbox 1860 2394 1970 2447; x_wconf 87' lang='grc' dir='ltr'><strong>τῶν</strong></span> 
     </span>
    </p>
   </div>
   <div class='ocr_carea' id='block_1_40' title="bbox 390 2486 1969 2559">
    <p class='ocr_par' dir='ltr' id='par_1_40' title="bbox 390 2486 1969 2559">
     <span class='ocr_line' id='line_1_40' title="bbox 390 2486 1969 2559; baseline -0.002 -17"><span class='ocrx_word' id='word_1_271' title='bbox 390 2489 685 2559; x_wconf 84' lang='grc' dir='ltr'>Ῥωμαίων</span> <span class='ocrx_word' id='word_1_272' title='bbox 718 2488 1099 2557; x_wconf 80' lang='grc' dir='ltr'>καὸαλλαρίων</span> <span class='ocrx_word' id='word_1_273' title='bbox 1137 2487 1210 2558; x_wconf 80' lang='grc' dir='ltr'>μὴ</span> <span class='ocrx_word' id='word_1_274' title='bbox 1243 2486 1583 2557; x_wconf 77' lang='grc' dir='ltr'>βουλομένων</span> <span class='ocrx_word' id='word_1_275' title='bbox 1622 2488 1681 2539; x_wconf 83' lang='grc' dir='ltr'><strong>ἐν</strong></span> <span class='ocrx_word' id='word_1_276' title='bbox 1707 2486 1969 2558; x_wconf 84' lang='grc' dir='ltr'>φοσσάτῳ</span> 
     </span>
    </p>
   </div>
   <div class='ocr_carea' id='block_1_41' title="bbox 384 2577 1970 2649">
    <p class='ocr_par' dir='ltr' id='par_1_41' title="bbox 384 2577 1970 2649">
     <span class='ocr_line' id='line_1_41' title="bbox 384 2577 1970 2649; baseline -0.002 -15"><span class='ocrx_word' id='word_1_277' title='bbox 384 2581 640 2649; x_wconf 77' lang='grc' dir='ltr'>ἀσφαλῶς</span> <span class='ocrx_word' id='word_1_278' title='bbox 673 2580 811 2649; x_wconf 89' lang='grc' dir='ltr'><strong>μετά</strong></span> <span class='ocrx_word' id='word_1_279' title='bbox 853 2579 963 2633; x_wconf 89' lang='grc' dir='ltr'><strong>τῶν</strong></span> <span class='ocrx_word' id='word_1_280' title='bbox 1010 2578 1192 2643; x_wconf 80' lang='grc' dir='ltr'>πεζῶν</span> <span class='ocrx_word' id='word_1_281' title='bbox 1222 2578 1563 2643; x_wconf 83' lang='grc' dir='ltr'>ἀπλικεύειν,</span> <span class='ocrx_word' id='word_1_282' title='bbox 1592 2577 1708 2631; x_wconf 83' lang='grc' dir='ltr'>ἀλλ’</span> <span class='ocrx_word' id='word_1_283' title='bbox 1770 2577 1970 2642; x_wconf 77' lang='grc' dir='ltr'>ἔξωθεν</span> 
     </span>
    </p>
   </div>
   <div class='ocr_carea' id='block_1_42' title="bbox 385 2672 734 2740">
    <p class='ocr_par' dir='ltr' id='par_1_42' title="bbox 385 2672 734 2740">
     <span class='ocr_line' id='line_1_42' title="bbox 385 2672 734 2740; baseline 0.003 -15"><span class='ocrx_word' id='word_1_284' title='bbox 385 2672 734 2740; x_wconf 82' lang='grc' dir='ltr'>ἀφυλάκτως.</span> 
     </span>
    </p>
   </div>
   <div class='ocr_carea' id='block_1_43' title="bbox 457 2760 1969 2833">
    <p class='ocr_par' dir='ltr' id='par_1_43' title="bbox 457 2760 1969 2833">
     <span class='ocr_line' id='line_1_43' title="bbox 457 2760 1969 2833; baseline -0.001 -18"><span class='ocrx_word' id='word_1_285' title='bbox 457 2762 541 2816; x_wconf 85' lang='grc' dir='ltr'>ιθ¹.</span> <span class='ocrx_word' id='word_1_286' title='bbox 601 2762 769 2830; x_wconf 78' lang='grc' dir='ltr'>Σοφὸν</span> <span class='ocrx_word' id='word_1_287' title='bbox 819 2763 875 2816; x_wconf 85' lang='grc' dir='ltr'>δὲ</span> <span class='ocrx_word' id='word_1_288' title='bbox 925 2763 1194 2833; x_wconf 86' lang='grc' dir='ltr'>ποιήσεις,</span> <span class='ocrx_word' id='word_1_289' title='bbox 1244 2762 1373 2815; x_wconf 81' lang='grc' dir='ltr'>ὅταν</span> <span class='ocrx_word' id='word_1_290' title='bbox 1412 2760 1681 2830; x_wconf 74' lang='grc' dir='ltr'>εὐψύχους</span> <span class='ocrx_word' id='word_1_291' title='bbox 1721 2761 1817 2813; x_wconf 61' lang='grc' dir='ltr'><strong>καί¹</strong></span> <span class='ocrx_word' id='word_1_292' title='bbox 1872 2761 1969 2813; x_wconf 86' lang='grc' dir='ltr'>ἀν-</span> 
     </span>
    </p>
   </div>
   <div class='ocr_carea' id='block_1_44' title="bbox 386 2836 1966 2927">
    <p class='ocr_par' dir='ltr' id='par_1_44' title="bbox 386 2836 1966 2927">
     <span class='ocr_line' id='line_1_44' title="bbox 386 2836 1966 2927; baseline -0.003 -18"><span class='ocrx_word' id='word_1_293' title='bbox 386 2856 602 2927; x_wconf 79' lang='grc' dir='ltr'>δρείους</span> <span class='ocrx_word' id='word_1_294' title='bbox 631 2856 770 2924; x_wconf 87' lang='grc' dir='ltr'><strong>μετά</strong></span> <span class='ocrx_word' id='word_1_295' title='bbox 798 2854 1027 2909; x_wconf 80' lang='grc' dir='ltr'>σεαυτοῦ</span> <span class='ocrx_word' id='word_1_296' title='bbox 1060 2853 1400 2925; x_wconf 83' lang='grc' dir='ltr'>στρατιώτας</span> <span class='ocrx_word' id='word_1_297' title='bbox 1434 2836 1595 2923; x_wconf 65' lang='grc' dir='ltr'>ἔχῃς,</span> <span class='ocrx_word' id='word_1_298' title='bbox 1633 2852 1729 2905; x_wconf 77' lang='grc' dir='ltr'>ἐὰν</span> <span class='ocrx_word' id='word_1_299' title='bbox 1762 2852 1966 2923; x_wconf 84' lang='grc' dir='ltr'>ὑποθή-</span> 
     </span>
    </p>
   </div>
   <div class='ocr_carea' id='block_1_45' title="bbox 390 2944 1967 3018">
    <p class='ocr_par' dir='ltr' id='par_1_45' title="bbox 390 2944 1967 3018">
     <span class='ocr_line' id='line_1_45' title="bbox 390 2944 1967 3018; baseline -0.003 -18"><span class='ocrx_word' id='word_1_300' title='bbox 390 2963 493 3018; x_wconf 80' lang='grc' dir='ltr'>σῃς</span> <span class='ocrx_word' id='word_1_301' title='bbox 531 2948 637 3000; x_wconf 76' lang='grc' dir='ltr'>τινὶ</span> <span class='ocrx_word' id='word_1_302' title='bbox 667 2946 807 2999; x_wconf 84' lang='grc' dir='ltr'>ὥστε</span> <span class='ocrx_word' id='word_1_303' title='bbox 846 2947 1187 3016; x_wconf 73' lang='grc' dir='ltr'>προσφυγεῖν</span> <span class='ocrx_word' id='word_1_304' title='bbox 1242 2946 1357 3006; x_wconf 89' lang='grc' dir='ltr'>τοῖς</span> <span class='ocrx_word' id='word_1_305' title='bbox 1393 2944 1633 3014; x_wconf 87' lang='grc' dir='ltr'>ἐχθροῖς,</span> <span class='ocrx_word' id='word_1_306' title='bbox 1657 2944 1750 2996; x_wconf 76' lang='grc' dir='ltr'>καὶ</span> <span class='ocrx_word' id='word_1_307' title='bbox 1790 2945 1967 2996; x_wconf 79' lang='grc' dir='ltr'>εἰπεῖν</span> 
     </span>
    </p>
   </div>
   <div class='ocr_carea' id='block_1_46' title="bbox 384 3028 1969 3106">
    <p class='ocr_par' dir='ltr' id='par_1_46' title="bbox 384 3028 1969 3106">
     <span class='ocr_line' id='line_1_46' title="bbox 384 3028 1969 3106; baseline -0.003 -17"><span class='ocrx_word' id='word_1_308' title='bbox 384 3038 469 3089; x_wconf 82' lang='grc' dir='ltr'>ὃτι</span> <span class='ocrx_word' id='word_1_309' title='bbox 552 3038 608 3089; x_wconf 84' lang='grc' dir='ltr'><strong>ἐν</strong></span> <span class='ocrx_word' id='word_1_310' title='bbox 661 3035 836 3106; x_wconf 65' lang='grc' dir='ltr'>δειλίᾳ.</span> <span class='ocrx_word' id='word_1_311' title='bbox 890 3034 1039 3087; x_wconf 75' lang='grc' dir='ltr'>ἐστὶν</span> <span class='ocrx_word' id='word_1_312' title='bbox 1098 3035 1127 3086; x_wconf 91' lang='grc' dir='ltr'><strong>ό</strong></span> <span class='ocrx_word' id='word_1_313' title='bbox 1178 3033 1405 3103; x_wconf 89' lang='grc' dir='ltr'>στρατός</span> <span class='ocrx_word' id='word_1_314' title='bbox 1444 3046 1457 3061; x_wconf 89' lang='grc'><strong>·</strong></span> <span class='ocrx_word' id='word_1_315' title='bbox 1521 3028 1640 3086; x_wconf 67' lang='grc' dir='ltr'>εἶτα</span> <span class='ocrx_word' id='word_1_316' title='bbox 1693 3034 1969 3103; x_wconf 78' lang='grc' dir='ltr'>πρόφασιν</span> 
     </span>
    </p>
   </div>
   <div class='ocr_carea' id='block_1_47' title="bbox 2074 1942 3656 2015">
    <p class='ocr_par' dir='ltr' id='par_1_47' title="bbox 2074 1942 3656 2015">
     <span class='ocr_line' id='line_1_47' title="bbox 2074 1942 3656 2015; baseline 0.008 -20"><span class='ocrx_word' id='word_1_317' title='bbox 2074 1942 2339 1997; x_wconf 84' lang='lat' dir='ltr'><strong>accedere</strong></span> <span class='ocrx_word' id='word_1_318' title='bbox 2368 1943 2570 1997; x_wconf 89' lang='lat' dir='ltr'><strong>castris</strong></span> <span class='ocrx_word' id='word_1_319' title='bbox 2602 1944 2841 2008; x_wconf 85' lang='lat' dir='ltr'><strong>illorum,</strong></span> <span class='ocrx_word' id='word_1_320' title='bbox 2870 1946 3100 2015; x_wconf 89' lang='lat' dir='ltr'><strong>supinos</strong></span> <span class='ocrx_word' id='word_1_321' title='bbox 3126 1948 3321 2005; x_wconf 81' lang='lat' dir='ltr'><strong>reddes</strong></span> <span class='ocrx_word' id='word_1_322' title='bbox 3345 1966 3440 2006; x_wconf 91' lang='lat' dir='ltr'><strong>eos</strong></span> <span class='ocrx_word' id='word_1_323' title='bbox 3470 1960 3524 2006; x_wconf 88' lang='lat' dir='ltr'><strong>et</strong></span> <span class='ocrx_word' id='word_1_324' title='bbox 3558 1969 3656 2006; x_wconf 84' lang='lat' dir='ltr'><strong>ne-</strong></span> 
     </span>
    </p>
   </div>
   <div class='ocr_carea' id='block_1_48' title="bbox 2073 2034 3211 2107">
    <p class='ocr_par' dir='ltr' id='par_1_48' title="bbox 2073 2034 3211 2107">
     <span class='ocr_line' id='line_1_48' title="bbox 2073 2034 3211 2107; baseline 0.01 -21"><span class='ocrx_word' id='word_1_325' title='bbox 2073 2034 2360 2106; x_wconf 86' lang='lat' dir='ltr'><strong>gligentes,</strong></span> <span class='ocrx_word' id='word_1_326' title='bbox 2395 2044 2562 2107; x_wconf 89' lang='lat' dir='ltr'><strong>atque</strong></span> <span class='ocrx_word' id='word_1_327' title='bbox 2590 2037 2726 2091; x_wconf 88' lang='lat' dir='ltr'><strong>adeo</strong></span> <span class='ocrx_word' id='word_1_328' title='bbox 2760 2046 2925 2092; x_wconf 86' lang='lat' dir='ltr'><strong>noctu</strong></span> <span class='ocrx_word' id='word_1_329' title='bbox 2964 2039 3211 2097; x_wconf 85' lang='lat' dir='ltr'><strong>invades.</strong></span> 
     </span>
    </p>
   </div>
   <div class='ocr_carea' id='block_1_49' title="bbox 2142 2208 3654 2284">
    <p class='ocr_par' dir='ltr' id='par_1_49' title="bbox 2142 2208 3654 2284">
     <span class='ocr_line' id='line_1_49' title="bbox 2142 2208 3654 2284; baseline 0.011 -21"><span class='ocrx_word' id='word_1_330' title='bbox 2142 2210 2230 2264; x_wconf 72' lang='lat'><strong>18.</strong></span> <span class='ocrx_word' id='word_1_331' title='bbox 2269 2208 2381 2265; x_wconf 87' lang='lat' dir='ltr'><strong>lloc</strong></span> <span class='ocrx_word' id='word_1_332' title='bbox 2407 2220 2590 2267; x_wconf 90' lang='lat' dir='ltr'><strong>autem</strong></span> <span class='ocrx_word' id='word_1_333' title='bbox 2628 2212 2950 2284; x_wconf 84' lang='lat' dir='ltr'><strong>Chaganum</strong></span> <span class='ocrx_word' id='word_1_334' title='bbox 2979 2214 3291 2272; x_wconf 80' lang='lat' dir='ltr'><strong>Abarorum</strong></span> <span class='ocrx_word' id='word_1_335' title='bbox 3328 2218 3525 2276; x_wconf 76' lang='lat' dir='ltr'><strong>fecisse</strong></span> <span class='ocrx_word' id='word_1_336' title='bbox 3553 2236 3654 2278; x_wconf 84' lang='lat' dir='ltr'><strong>no-</strong></span> 
     </span>
    </p>
   </div>
   <div class='ocr_carea' id='block_1_50' title="bbox 2072 2302 3653 2376">
    <p class='ocr_par' dir='ltr' id='par_1_50' title="bbox 2072 2302 3653 2376">
     <span class='ocr_line' id='line_1_50' title="bbox 2072 2302 3653 2376; baseline 0.009 -22"><span class='ocrx_word' id='word_1_337' title='bbox 2072 2303 2297 2367; x_wconf 82' lang='lat' dir='ltr'><strong>vimus,</strong></span> <span class='ocrx_word' id='word_1_338' title='bbox 2346 2302 2602 2359; x_wconf 86' lang='lat' dir='ltr'><strong>lleraelio</strong></span> <span class='ocrx_word' id='word_1_339' title='bbox 2650 2308 2991 2376; x_wconf 85' lang='lat' dir='ltr'><strong>imperante,</strong></span> <span class='ocrx_word' id='word_1_340' title='bbox 3040 2322 3162 2363; x_wconf 89' lang='lat' dir='ltr'><strong>cum</strong></span> <span class='ocrx_word' id='word_1_341' title='bbox 3218 2310 3287 2365; x_wconf 85' lang='lat' dir='ltr'><strong>ad</strong></span> <span class='ocrx_word' id='word_1_342' title='bbox 3346 2310 3653 2369; x_wconf 78' lang='lat' dir='ltr'><strong>Heracliam</strong></span> 
     </span>
    </p>
   </div>
   <div class='ocr_carea' id='block_1_51' title="bbox 2075 2394 3657 2472">
    <p class='ocr_par' dir='ltr' id='par_1_51' title="bbox 2075 2394 3657 2472">
     <span class='ocr_line' id='line_1_51' title="bbox 2075 2394 3657 2472; baseline 0.008 -23"><span class='ocrx_word' id='word_1_343' title='bbox 2075 2394 2324 2451; x_wconf 70' lang='lat' dir='ltr'><strong>Thraciae</strong></span> <span class='ocrx_word' id='word_1_344' title='bbox 2354 2397 2632 2452; x_wconf 77' lang='lat' dir='ltr'><strong>civitatem</strong></span> <span class='ocrx_word' id='word_1_345' title='bbox 2672 2398 2904 2453; x_wconf 84' lang='lat' dir='ltr'><strong>Romani</strong></span> <span class='ocrx_word' id='word_1_346' title='bbox 2951 2402 3168 2472; x_wconf 89' lang='lat' dir='ltr'><strong>equites</strong></span> <span class='ocrx_word' id='word_1_347' title='bbox 3209 2404 3415 2459; x_wconf 89' lang='lat' dir='ltr'><strong>nollent</strong></span> <span class='ocrx_word' id='word_1_348' title='bbox 3450 2406 3505 2459; x_wconf 91' lang='lat' dir='ltr'><strong>in</strong></span> <span class='ocrx_word' id='word_1_349' title='bbox 3546 2407 3657 2463; x_wconf 87' lang='lat' dir='ltr'><strong>fos-</strong></span> 
     </span>
    </p>
   </div>
   <div class='ocr_carea' id='block_1_52' title="bbox 2074 2490 3659 2563">
    <p class='ocr_par' dir='ltr' id='par_1_52' title="bbox 2074 2490 3659 2563">
     <span class='ocr_line' id='line_1_52' title="bbox 2074 2490 3659 2563; baseline 0.008 -20"><span class='ocrx_word' id='word_1_350' title='bbox 2074 2495 2194 2543; x_wconf 86' lang='lat' dir='ltr'><strong>sato</strong></span> <span class='ocrx_word' id='word_1_351' title='bbox 2224 2497 2339 2541; x_wconf 91' lang='lat' dir='ltr'><strong>tuto</strong></span> <span class='ocrx_word' id='word_1_352' title='bbox 2368 2504 2491 2542; x_wconf 89' lang='lat' dir='ltr'><strong>cum</strong></span> <span class='ocrx_word' id='word_1_353' title='bbox 2521 2490 2797 2558; x_wconf 78' lang='lat' dir='ltr'><strong>peditibus</strong></span> <span class='ocrx_word' id='word_1_354' title='bbox 2822 2502 3006 2547; x_wconf 89' lang='lat' dir='ltr'><strong>castra</strong></span> <span class='ocrx_word' id='word_1_355' title='bbox 3040 2510 3268 2563; x_wconf 84' lang='lat' dir='ltr'><strong>ponere,</strong></span> <span class='ocrx_word' id='word_1_356' title='bbox 3295 2499 3389 2553; x_wconf 89' lang='lat' dir='ltr'><strong>sed</strong></span> <span class='ocrx_word' id='word_1_357' title='bbox 3420 2500 3659 2554; x_wconf 88' lang='lat' dir='ltr'><strong>circum-</strong></span> 
     </span>
    </p>
   </div>
   <div class='ocr_carea' id='block_1_53' title="bbox 2075 2588 2701 2650">
    <p class='ocr_par' dir='ltr' id='par_1_53' title="bbox 2075 2588 2701 2650">
     <span class='ocr_line' id='line_1_53' title="bbox 2075 2588 2701 2650; baseline 0.005 -16"><span class='ocrx_word' id='word_1_358' title='bbox 2075 2589 2262 2650; x_wconf 86' lang='lat' dir='ltr'><strong>specte</strong></span> <span class='ocrx_word' id='word_1_359' title='bbox 2292 2588 2452 2635; x_wconf 80' lang='lat' dir='ltr'><strong>extra</strong></span> <span class='ocrx_word' id='word_1_360' title='bbox 2492 2590 2701 2638; x_wconf 85' lang='lat' dir='ltr'><strong>castra.</strong></span> 
     </span>
    </p>
   </div>
   <div class='ocr_carea' id='block_1_54' title="bbox 2148 2756 3659 2828">
    <p class='ocr_par' dir='ltr' id='par_1_54' title="bbox 2148 2756 3659 2828">
     <span class='ocr_line' id='line_1_54' title="bbox 2148 2756 3659 2828; baseline 0.007 -18"><span class='ocrx_word' id='word_1_361' title='bbox 2148 2757 2233 2812; x_wconf 81' lang='grc'><strong>19.</strong></span> <span class='ocrx_word' id='word_1_362' title='bbox 2267 2756 2575 2812; x_wconf 85' lang='lat' dir='ltr'><strong>Prudenter</strong></span> <span class='ocrx_word' id='word_1_363' title='bbox 2620 2774 2840 2828; x_wconf 84' lang='lat' dir='ltr'><strong>quoque</strong></span> <span class='ocrx_word' id='word_1_364' title='bbox 2888 2758 3109 2824; x_wconf 80' lang='lat' dir='ltr'><strong>feceris,</strong></span> <span class='ocrx_word' id='word_1_365' title='bbox 3156 2762 3201 2816; x_wconf 89' lang='lat' dir='ltr'><strong>si</strong></span> <span class='ocrx_word' id='word_1_366' title='bbox 3237 2775 3362 2816; x_wconf 88' lang='lat' dir='ltr'><strong>cum</strong></span> <span class='ocrx_word' id='word_1_367' title='bbox 3398 2771 3659 2820; x_wconf 81' lang='lat' dir='ltr'><strong>strenuos</strong></span> 
     </span>
    </p>
   </div>
   <div class='ocr_carea' id='block_1_55' title="bbox 2076 2848 3651 2922">
    <p class='ocr_par' dir='ltr' id='par_1_55' title="bbox 2076 2848 3651 2922">
     <span class='ocr_line' id='line_1_55' title="bbox 2076 2848 3651 2922; baseline 0.005 -21"><span class='ocrx_word' id='word_1_368' title='bbox 2076 2848 2356 2917; x_wconf 80' lang='lat' dir='ltr'><strong>fortesque</strong></span> <span class='ocrx_word' id='word_1_369' title='bbox 2410 2850 2614 2904; x_wconf 84' lang='lat' dir='ltr'><strong>milites</strong></span> <span class='ocrx_word' id='word_1_370' title='bbox 2652 2859 2831 2904; x_wconf 88' lang='lat' dir='ltr'><strong>tecum</strong></span> <span class='ocrx_word' id='word_1_371' title='bbox 2883 2850 3090 2905; x_wconf 81' lang='lat' dir='ltr'><strong>habeas</strong></span> <span class='ocrx_word' id='word_1_372' title='bbox 3115 2891 3129 2913; x_wconf 88' lang='lat'><strong>,</strong></span> <span class='ocrx_word' id='word_1_373' title='bbox 3164 2852 3448 2922; x_wconf 85' lang='lat' dir='ltr'><strong>impuleris</strong></span> <span class='ocrx_word' id='word_1_374' title='bbox 3479 2870 3651 2909; x_wconf 88' lang='lat' dir='ltr'><strong>unum</strong></span> 
     </span>
    </p>
   </div>
   <div class='ocr_carea' id='block_1_56' title="bbox 2074 2939 3655 3012">
    <p class='ocr_par' dir='ltr' id='par_1_56' title="bbox 2074 2939 3655 3012">
     <span class='ocr_line' id='line_1_56' title="bbox 2074 2939 3655 3012; baseline 0.004 -20"><span class='ocrx_word' id='word_1_375' title='bbox 2074 2948 2240 3008; x_wconf 87' lang='lat' dir='ltr'><strong>atque</strong></span> <span class='ocrx_word' id='word_1_376' title='bbox 2273 2939 2504 2993; x_wconf 84' lang='lat' dir='ltr'><strong>alterum</strong></span> <span class='ocrx_word' id='word_1_377' title='bbox 2534 2939 2599 2994; x_wconf 88' lang='lat' dir='ltr'><strong>ad</strong></span> <span class='ocrx_word' id='word_1_378' title='bbox 2630 2941 2817 2995; x_wconf 82' lang='lat' dir='ltr'><strong>hostes</strong></span> <span class='ocrx_word' id='word_1_379' title='bbox 2847 2941 3169 3011; x_wconf 73' lang='lat' dir='ltr'><strong>confugere,</strong></span> <span class='ocrx_word' id='word_1_380' title='bbox 3202 2951 3367 3012; x_wconf 80' lang='lat' dir='ltr'><strong>atque</strong></span> <span class='ocrx_word' id='word_1_381' title='bbox 3397 2944 3504 2999; x_wconf 89' lang='lat' dir='ltr'><strong>illis</strong></span> <span class='ocrx_word' id='word_1_382' title='bbox 3527 2961 3655 2999; x_wconf 62' lang='lat' dir='ltr'><strong>nare</strong></span> 
     </span>
    </p>
   </div>
   <div class='ocr_carea' id='block_1_57' title="bbox 2076 3030 3651 3100">
    <p class='ocr_par' dir='ltr' id='par_1_57' title="bbox 2076 3030 3651 3100">
     <span class='ocr_line' id='line_1_57' title="bbox 2076 3030 3651 3100; baseline 0.006 -17"><span class='ocrx_word' id='word_1_383' title='bbox 2076 3045 2197 3085; x_wconf 90' lang='lat' dir='ltr'><strong>rare</strong></span> <span class='ocrx_word' id='word_1_384' title='bbox 2240 3046 2441 3100; x_wconf 83' lang='lat' dir='ltr'><strong>magno</strong></span> <span class='ocrx_word' id='word_1_385' title='bbox 2476 3030 2535 3085; x_wconf 89' lang='lat' dir='ltr'><strong>in</strong></span> <span class='ocrx_word' id='word_1_386' title='bbox 2586 3032 2790 3086; x_wconf 88' lang='lat' dir='ltr'><strong>timore</strong></span> <span class='ocrx_word' id='word_1_387' title='bbox 2836 3040 3089 3087; x_wconf 88' lang='lat' dir='ltr'><strong>nostrum</strong></span> <span class='ocrx_word' id='word_1_388' title='bbox 3136 3049 3259 3090; x_wconf 85' lang='lat' dir='ltr'><strong>esse</strong></span> <span class='ocrx_word' id='word_1_389' title='bbox 3305 3037 3651 3093; x_wconf 80' lang='lat' dir='ltr'><strong>exercitum:</strong></span> 
     </span>
    </p>
   </div>
   <div class='ocr_carea' id='block_1_58' title="bbox 388 3117 1974 3197">
    <p class='ocr_par' dir='ltr' id='par_1_58' title="bbox 388 3123 1974 3197">
     <span class='ocr_line' id='line_1_58' title="bbox 388 3123 1974 3197; baseline -0.003 -17"><span class='ocrx_word' id='word_1_390' title='bbox 388 3128 622 3197; x_wconf 80' lang='grc' dir='ltr'>ποιήσῃς</span> <span class='ocrx_word' id='word_1_391' title='bbox 670 3127 750 3180; x_wconf 82' lang='grc' dir='ltr'>ὅτι</span> <span class='ocrx_word' id='word_1_392' title='bbox 799 3128 879 3189; x_wconf 88' lang='grc' dir='ltr'><strong>εἰς</strong></span> <span class='ocrx_word' id='word_1_393' title='bbox 916 3125 987 3178; x_wconf 85' lang='grc' dir='ltr'><strong>τά</strong></span> <span class='ocrx_word' id='word_1_394' title='bbox 1016 3125 1198 3177; x_wconf 82' lang='grc' dir='ltr'>ὀπίσω</span> <span class='ocrx_word' id='word_1_395' title='bbox 1247 3124 1646 3192; x_wconf 80' lang='grc' dir='ltr'>ὑπαναχωρεῖς,</span> <span class='ocrx_word' id='word_1_396' title='bbox 1676 3123 1768 3177; x_wconf 78' lang='grc' dir='ltr'>καὶ</span> <span class='ocrx_word' id='word_1_397' title='bbox 1799 3123 1974 3190; x_wconf 89' lang='grc' dir='ltr'>ὀλίγον</span> 
     </span>
    </p>
   </div>
   <div class='ocr_carea' id='block_1_59' title="bbox 2077 3117 3657 3197">
    <p class='ocr_par' dir='ltr' id='par_1_59' title="bbox 2080 3117 3657 3189">
     <span class='ocr_line' id='line_1_59' title="bbox 2080 3117 3657 3189; baseline 0.007 -18"><span class='ocrx_word' id='word_1_398' title='bbox 2080 3117 2279 3173; x_wconf 89' lang='lat' dir='ltr'><strong>deinde</strong></span> <span class='ocrx_word' id='word_1_399' title='bbox 2306 3118 2534 3175; x_wconf 76' lang='lat' dir='ltr'><strong>simules</strong></span> <span class='ocrx_word' id='word_1_400' title='bbox 2560 3128 2614 3174; x_wconf 88' lang='lat' dir='ltr'><strong>te</strong></span> <span class='ocrx_word' id='word_1_401' title='bbox 2642 3122 2873 3175; x_wconf 88' lang='lat' dir='ltr'><strong>retroire</strong></span> <span class='ocrx_word' id='word_1_402' title='bbox 2900 3121 3058 3189; x_wconf 87' lang='lat' dir='ltr'><strong>velle,</strong></span> <span class='ocrx_word' id='word_1_403' title='bbox 3098 3134 3151 3177; x_wconf 92' lang='lat' dir='ltr'><strong>et</strong></span> <span class='ocrx_word' id='word_1_404' title='bbox 3179 3126 3245 3178; x_wconf 91' lang='lat' dir='ltr'><strong>ad</strong></span> <span class='ocrx_word' id='word_1_405' title='bbox 3277 3127 3442 3179; x_wconf 87' lang='lat' dir='ltr'><strong>alium</strong></span> <span class='ocrx_word' id='word_1_406' title='bbox 3474 3128 3657 3183; x_wconf 87' lang='lat' dir='ltr'><strong>locum</strong></span> 
     </span>
    </p>
   </div>
   <div class='ocr_carea' id='block_1_60' title="bbox 384 3214 1971 3286">
    <p class='ocr_par' dir='ltr' id='par_1_60' title="bbox 384 3214 1971 3286">
     <span class='ocr_line' id='line_1_60' title="bbox 384 3214 1971 3286; baseline -0.002 -17"><span class='ocrx_word' id='word_1_407' title='bbox 384 3216 659 3286; x_wconf 86' lang='grc' dir='ltr'>διάστημα</span> <span class='ocrx_word' id='word_1_408' title='bbox 706 3217 767 3269; x_wconf 71' lang='grc' dir='ltr'>τὸ</span> <span class='ocrx_word' id='word_1_409' title='bbox 797 3214 1065 3285; x_wconf 88' lang='grc' dir='ltr'>φοσσάτον</span> <span class='ocrx_word' id='word_1_410' title='bbox 1110 3214 1279 3284; x_wconf 77' lang='grc' dir='ltr'>ήγουν</span> <span class='ocrx_word' id='word_1_411' title='bbox 1314 3214 1374 3266; x_wconf 86' lang='grc' dir='ltr'>τὸ</span> <span class='ocrx_word' id='word_1_412' title='bbox 1409 3214 1672 3268; x_wconf 86' lang='grc' dir='ltr'>άπλικτον</span> <span class='ocrx_word' id='word_1_413' title='bbox 1700 3214 1971 3284; x_wconf 85' lang='grc' dir='ltr'>μεταστή-</span> 
     </span>
    </p>
   </div>
   <div class='ocr_carea' id='block_1_61' title="bbox 387 3302 1816 3376">
    <p class='ocr_par' dir='ltr' id='par_1_61' title="bbox 387 3302 1816 3376">
     <span class='ocr_line' id='line_1_61' title="bbox 387 3302 1816 3376; baseline 0.001 -19"><span class='ocrx_word' id='word_1_414' title='bbox 387 3322 510 3370; x_wconf 88' lang='grc' dir='ltr'>σας,</span> <span class='ocrx_word' id='word_1_415' title='bbox 547 3306 811 3373; x_wconf 87' lang='grc' dir='ltr'>αίφνίδιον</span> <span class='ocrx_word' id='word_1_416' title='bbox 839 3306 895 3358; x_wconf 85' lang='grc' dir='ltr'><strong>ἐν</strong></span> <span class='ocrx_word' id='word_1_417' title='bbox 933 3305 1087 3357; x_wconf 70' lang='grc' dir='ltr'>νυκτὶ</span> <span class='ocrx_word' id='word_1_418' title='bbox 1114 3304 1348 3376; x_wconf 80' lang='grc' dir='ltr'>ἐπέλθῃς</span> <span class='ocrx_word' id='word_1_419' title='bbox 1379 3306 1491 3366; x_wconf 87' lang='grc' dir='ltr'>τοῖς</span> <span class='ocrx_word' id='word_1_420' title='bbox 1521 3302 1816 3366; x_wconf 86' lang='grc' dir='ltr'>ἐναντίοις.</span> 
     </span>
    </p>
   </div>
   <div class='ocr_carea' id='block_1_62' title="bbox 457 3393 1969 3466">
    <p class='ocr_par' dir='ltr' id='par_1_62' title="bbox 457 3393 1969 3466">
     <span class='ocr_line' id='line_1_62' title="bbox 457 3393 1969 3466; baseline -0.002 -15"><span class='ocrx_word' id='word_1_421' title='bbox 457 3395 526 3451; x_wconf 86' lang='grc' dir='ltr'><strong>κ’.</strong></span> <span class='ocrx_word' id='word_1_422' title='bbox 562 3397 814 3466; x_wconf 79' lang='grc' dir='ltr'>Ποιήσεις</span> <span class='ocrx_word' id='word_1_423' title='bbox 864 3396 920 3450; x_wconf 74' lang='grc' dir='ltr'>δὲ</span> <span class='ocrx_word' id='word_1_424' title='bbox 964 3394 1287 3466; x_wconf 73' lang='grc' dir='ltr'>νυκτερινὰς</span> <span class='ocrx_word' id='word_1_425' title='bbox 1337 3393 1649 3457; x_wconf 80' lang='grc' dir='ltr'>ἐπελεύσεις</span> <span class='ocrx_word' id='word_1_426' title='bbox 1692 3397 1832 3448; x_wconf 84' lang='grc' dir='ltr'><strong>κατά</strong></span> <span class='ocrx_word' id='word_1_427' title='bbox 1878 3396 1969 3466; x_wconf 88' lang='grc' dir='ltr'>ἐχ-</span> 
     </span>
    </p>
   </div>
   <div class='ocr_carea' id='block_1_63' title="bbox 385 3486 1972 3559">
    <p class='ocr_par' dir='ltr' id='par_1_63' title="bbox 385 3486 1972 3559">
     <span class='ocr_line' id='line_1_63' title="bbox 385 3486 1972 3559; baseline -0.001 -18"><span class='ocrx_word' id='word_1_428' title='bbox 385 3488 533 3559; x_wconf 84' lang='grc' dir='ltr'>θρῶν</span> <span class='ocrx_word' id='word_1_429' title='bbox 559 3488 833 3559; x_wconf 82' lang='grc' dir='ltr'>ἁρμοδίως</span> <span class='ocrx_word' id='word_1_430' title='bbox 862 3488 1002 3558; x_wconf 84' lang='grc' dir='ltr'><strong>μετά</strong></span> <span class='ocrx_word' id='word_1_431' title='bbox 1030 3504 1090 3540; x_wconf 88' lang='grc' dir='ltr'><strong>τε</strong></span> <span class='ocrx_word' id='word_1_432' title='bbox 1134 3486 1315 3550; x_wconf 79' lang='grc' dir='ltr'>πεζῶν</span> <span class='ocrx_word' id='word_1_433' title='bbox 1350 3486 1446 3540; x_wconf 83' lang='grc' dir='ltr'>καὶ</span> <span class='ocrx_word' id='word_1_434' title='bbox 1476 3486 1853 3558; x_wconf 81' lang='grc' dir='ltr'>καὸαλλαρίων</span> <span class='ocrx_word' id='word_1_435' title='bbox 1878 3487 1972 3541; x_wconf 76' lang='grc' dir='ltr'>καὶ</span> 
     </span>
    </p>
   </div>
   <div class='ocr_carea' id='block_1_64' title="bbox 384 3576 1970 3649">
    <p class='ocr_par' dir='ltr' id='par_1_64' title="bbox 384 3576 1970 3649">
     <span class='ocr_line' id='line_1_64' title="bbox 384 3576 1970 3649; baseline -0.001 -18"><span class='ocrx_word' id='word_1_436' title='bbox 384 3577 616 3642; x_wconf 81' lang='grc' dir='ltr'>τοξοτῶν</span> <span class='ocrx_word' id='word_1_437' title='bbox 649 3578 885 3649; x_wconf 82' lang='grc' dir='ltr'>μάλιστα</span> <span class='ocrx_word' id='word_1_438' title='bbox 924 3578 1020 3631; x_wconf 78' lang='grc' dir='ltr'>καὶ</span> <span class='ocrx_word' id='word_1_439' title='bbox 1067 3576 1399 3631; x_wconf 83' lang='grc' dir='ltr'>ἀκοντιστῶν</span> <span class='ocrx_word' id='word_1_440' title='bbox 1455 3578 1597 3630; x_wconf 78' lang='grc' dir='ltr'><strong>κατά</strong></span> <span class='ocrx_word' id='word_1_441' title='bbox 1649 3576 1817 3629; x_wconf 83' lang='grc' dir='ltr'>ἐθνῶν</span> <span class='ocrx_word' id='word_1_442' title='bbox 1871 3594 1970 3630; x_wconf 85' lang='grc' dir='ltr'>πε-</span> 
     </span>
    </p>
   </div>
   <div class='ocr_carea' id='block_1_65' title="bbox 384 3668 1971 3741">
    <p class='ocr_par' dir='ltr' id='par_1_65' title="bbox 384 3668 1971 3741">
     <span class='ocr_line' id='line_1_65' title="bbox 384 3668 1971 3741; baseline -0.001 -19"><span class='ocrx_word' id='word_1_443' title='bbox 384 3668 496 3733; x_wconf 79' lang='grc' dir='ltr'>ζῶν</span> <span class='ocrx_word' id='word_1_444' title='bbox 536 3670 568 3741; x_wconf 85' lang='grc' dir='ltr'>ἢ</span> <span class='ocrx_word' id='word_1_445' title='bbox 621 3670 1005 3740; x_wconf 77' lang='grc' dir='ltr'>καὸαλλαρίων</span> <span class='ocrx_word' id='word_1_446' title='bbox 1062 3669 1168 3722; x_wconf 84' lang='grc' dir='ltr'><strong>τῶν</strong></span> <span class='ocrx_word' id='word_1_447' title='bbox 1205 3668 1279 3739; x_wconf 80' lang='grc' dir='ltr'>μὴ</span> <span class='ocrx_word' id='word_1_448' title='bbox 1310 3670 1367 3721; x_wconf 85' lang='grc' dir='ltr'><strong>ἐν</strong></span> <span class='ocrx_word' id='word_1_449' title='bbox 1399 3668 1655 3738; x_wconf 85' lang='grc' dir='ltr'>φοσσάτῳ</span> <span class='ocrx_word' id='word_1_450' title='bbox 1683 3668 1776 3722; x_wconf 76' lang='grc' dir='ltr'>καὶ</span> <span class='ocrx_word' id='word_1_451' title='bbox 1821 3668 1971 3735; x_wconf 82' lang='grc' dir='ltr'>τάξει</span> 
     </span>
    </p>
   </div>
   <div class='ocr_carea' id='block_1_66' title="bbox 389 3758 1974 3828">
    <p class='ocr_par' dir='ltr' id='par_1_66' title="bbox 389 3758 1974 3828">
     <span class='ocr_line' id='line_1_66' title="bbox 389 3758 1974 3828; baseline -0.002 -14"><span class='ocrx_word' id='word_1_452' title='bbox 389 3760 817 3827; x_wconf 86' lang='grc' dir='ltr'>ἀπλικευόντων,</span> <span class='ocrx_word' id='word_1_453' title='bbox 877 3759 1017 3814; x_wconf 85' lang='grc' dir='ltr'><strong>ἀλλά</strong></span> <span class='ocrx_word' id='word_1_454' title='bbox 1065 3760 1321 3822; x_wconf 84' lang='grc' dir='ltr'>ἀτάκτως</span> <span class='ocrx_word' id='word_1_455' title='bbox 1373 3759 1467 3811; x_wconf 80' lang='grc' dir='ltr'>καὶ</span> <span class='ocrx_word' id='word_1_456' title='bbox 1518 3758 1842 3828; x_wconf 83' lang='grc' dir='ltr'>ἀφυλάκτως</span> <span class='ocrx_word' id='word_1_457' title='bbox 1876 3759 1974 3812; x_wconf 78' lang='grc' dir='ltr'>καὶ</span> 
     </span>
    </p>
   </div>
   <div class='ocr_carea' id='block_1_67' title="bbox 383 3851 1194 3922">
    <p class='ocr_par' dir='ltr' id='par_1_67' title="bbox 383 3851 1194 3922">
     <span class='ocr_line' id='line_1_67' title="bbox 383 3851 1194 3922; baseline -0.001 -19"><span class='ocrx_word' id='word_1_458' title='bbox 383 3851 795 3922; x_wconf 80' lang='grc' dir='ltr'>διεσπαρμένως</span> <span class='ocrx_word' id='word_1_459' title='bbox 830 3852 1194 3922; x_wconf 88' lang='grc' dir='ltr'>σκηνούντων.</span> 
     </span>
    </p>
   </div>
   <div class='ocr_carea' id='block_1_68' title="bbox 458 3941 1973 4014">
    <p class='ocr_par' dir='ltr' id='par_1_68' title="bbox 458 3941 1973 4014">
     <span class='ocr_line' id='line_1_68' title="bbox 458 3941 1973 4014; baseline -0.001 -16"><span class='ocrx_word' id='word_1_460' title='bbox 458 3950 563 3998; x_wconf 83' lang='grc' dir='ltr'>κα⁹.</span> <span class='ocrx_word' id='word_1_461' title='bbox 596 3945 706 3999; x_wconf 73' lang='grc' dir='ltr'><strong>Καὶ</strong></span> <span class='ocrx_word' id='word_1_462' title='bbox 744 3944 887 3997; x_wconf 89' lang='grc' dir='ltr'><strong>κατά</strong></span> <span class='ocrx_word' id='word_1_463' title='bbox 929 3944 1036 3996; x_wconf 88' lang='grc' dir='ltr'><strong>τῶν</strong></span> <span class='ocrx_word' id='word_1_464' title='bbox 1088 3944 1163 4013; x_wconf 84' lang='grc' dir='ltr'>μὴ</span> <span class='ocrx_word' id='word_1_465' title='bbox 1213 3942 1445 4012; x_wconf 87' lang='grc' dir='ltr'>ἐχόντων</span> <span class='ocrx_word' id='word_1_466' title='bbox 1488 3941 1614 4005; x_wconf 87' lang='grc' dir='ltr'>τόξα</span> <span class='ocrx_word' id='word_1_467' title='bbox 1662 3942 1695 4014; x_wconf 81' lang='grc' dir='ltr'>ἢ</span> <span class='ocrx_word' id='word_1_468' title='bbox 1749 3942 1973 3997; x_wconf 89' lang='grc' dir='ltr'>ἀκόντια</span> 
     </span>
    </p>
   </div>
   <div class='ocr_carea' id='block_1_69' title="bbox 387 4033 1974 4107">
    <p class='ocr_par' dir='ltr' id='par_1_69' title="bbox 387 4033 1974 4107">
     <span class='ocr_line' id='line_1_69' title="bbox 387 4033 1974 4107; baseline -0.002 -18"><span class='ocrx_word' id='word_1_469' title='bbox 387 4036 725 4107; x_wconf 82' lang='grc' dir='ltr'>προχείρως,</span> <span class='ocrx_word' id='word_1_470' title='bbox 758 4035 894 4090; x_wconf 81' lang='grc' dir='ltr'><strong>ἀλλά</strong></span> <span class='ocrx_word' id='word_1_471' title='bbox 926 4038 989 4089; x_wconf 91' lang='grc' dir='ltr'><strong>ἐκ</strong></span> <span class='ocrx_word' id='word_1_472' title='bbox 1023 4036 1201 4106; x_wconf 81' lang='grc' dir='ltr'>χειρὸς</span> <span class='ocrx_word' id='word_1_473' title='bbox 1236 4034 1434 4105; x_wconf 84' lang='grc' dir='ltr'>μᾶλλον</span> <span class='ocrx_word' id='word_1_474' title='bbox 1460 4034 1558 4104; x_wconf 78' lang='grc' dir='ltr'>τὴν</span> <span class='ocrx_word' id='word_1_475' title='bbox 1584 4033 1763 4103; x_wconf 83' lang='grc' dir='ltr'>μάχην</span> <span class='ocrx_word' id='word_1_476' title='bbox 1792 4052 1974 4087; x_wconf 75' lang='grc' dir='ltr'>ποιουο</span> 
     </span>
    </p>
   </div>
   <div class='ocr_carea' id='block_1_70' title="bbox 390 4125 1973 4199">
    <p class='ocr_par' dir='ltr' id='par_1_70' title="bbox 390 4125 1973 4199">
     <span class='ocr_line' id='line_1_70' title="bbox 390 4125 1973 4199; baseline -0.003 -19"><span class='ocrx_word' id='word_1_477' title='bbox 390 4128 587 4198; x_wconf 80' lang='grc' dir='ltr'>μένων.</span> <span class='ocrx_word' id='word_1_478' title='bbox 618 4129 679 4181; x_wconf 89' lang='grc' dir='ltr'><strong>Οἱ</strong></span> <span class='ocrx_word' id='word_1_479' title='bbox 710 4129 817 4199; x_wconf 80' lang='grc' dir='ltr'><strong>γὰρ</strong></span> <span class='ocrx_word' id='word_1_480' title='bbox 847 4130 960 4189; x_wconf 87' lang='grc' dir='ltr'>τοῖς</span> <span class='ocrx_word' id='word_1_481' title='bbox 1002 4126 1177 4191; x_wconf 85' lang='grc' dir='ltr'>τόξοις</span> <span class='ocrx_word' id='word_1_482' title='bbox 1221 4126 1316 4180; x_wconf 76' lang='grc' dir='ltr'>καὶ</span> <span class='ocrx_word' id='word_1_483' title='bbox 1371 4125 1674 4196; x_wconf 78' lang='grc' dir='ltr'>ρικταρίοις</span> <span class='ocrx_word' id='word_1_484' title='bbox 1723 4127 1818 4177; x_wconf 77' lang='grc' dir='ltr'>καὶ</span> <span class='ocrx_word' id='word_1_485' title='bbox 1862 4127 1973 4188; x_wconf 88' lang='grc' dir='ltr'>τοῖς</span> 
     </span>
    </p>
   </div>
   <div class='ocr_carea' id='block_1_71' title="bbox 386 4216 1973 4289">
    <p class='ocr_par' dir='ltr' id='par_1_71' title="bbox 386 4216 1973 4289">
     <span class='ocr_line' id='line_1_71' title="bbox 386 4216 1973 4289; baseline -0.002 -17"><span class='ocrx_word' id='word_1_486' title='bbox 386 4218 569 4282; x_wconf 80' lang='grc' dir='ltr'>ἄλλοις</span> <span class='ocrx_word' id='word_1_487' title='bbox 630 4219 815 4283; x_wconf 80' lang='grc' dir='ltr'>ὅπλοις</span> <span class='ocrx_word' id='word_1_488' title='bbox 861 4218 1156 4289; x_wconf 80' lang='grc' dir='ltr'>χρώμενοι,</span> <span class='ocrx_word' id='word_1_489' title='bbox 1203 4217 1642 4289; x_wconf 83' lang='grc' dir='ltr'>δυσεπιχείρητοι</span> <span class='ocrx_word' id='word_1_490' title='bbox 1683 4217 1819 4287; x_wconf 74' lang='grc' dir='ltr'>πρὸς</span> <span class='ocrx_word' id='word_1_491' title='bbox 1875 4216 1973 4280; x_wconf 73' lang='grc' dir='ltr'>τὰς</span> 
     </span>
    </p>
   </div>
   <div class='ocr_carea' id='block_1_72' title="bbox 388 4310 1973 4380">
    <p class='ocr_par' dir='ltr' id='par_1_72' title="bbox 388 4310 1973 4380">
     <span class='ocr_line' id='line_1_72' title="bbox 388 4310 1973 4380; baseline 0.001 -19"><span class='ocrx_word' id='word_1_492' title='bbox 388 4310 642 4374; x_wconf 87' lang='grc' dir='ltr'>τοιαύτας</span> <span class='ocrx_word' id='word_1_493' title='bbox 701 4310 1015 4373; x_wconf 79' lang='grc' dir='ltr'>ἐπελεύσεις</span> <span class='ocrx_word' id='word_1_494' title='bbox 1058 4311 1320 4379; x_wconf 88' lang='grc' dir='ltr'>γίνονται,</span> <span class='ocrx_word' id='word_1_495' title='bbox 1349 4311 1397 4363; x_wconf 89' lang='grc' dir='ltr'><strong>εί</strong></span> <span class='ocrx_word' id='word_1_496' title='bbox 1437 4312 1512 4380; x_wconf 82' lang='grc' dir='ltr'>μὴ</span> <span class='ocrx_word' id='word_1_497' title='bbox 1545 4310 1653 4379; x_wconf 82' lang='grc' dir='ltr'>ἄρα</span> <span class='ocrx_word' id='word_1_498' title='bbox 1673 4310 1973 4378; x_wconf 82' lang='grc' dir='ltr'>ἀφύλακτοι</span> 
     </span>
    </p>
   </div>
   <div class='ocr_carea' id='block_1_73' title="bbox 390 4402 1335 4473">
    <p class='ocr_par' dir='ltr' id='par_1_73' title="bbox 390 4402 1335 4473">
     <span class='ocr_line' id='line_1_73' title="bbox 390 4402 1335 4473; baseline 0.001 -19"><span class='ocrx_word' id='word_1_499' title='bbox 390 4402 487 4455; x_wconf 84' lang='grc' dir='ltr'>καὶ</span> <span class='ocrx_word' id='word_1_500' title='bbox 519 4402 908 4473; x_wconf 69' lang='grc' dir='ltr'>διεσπαρμένοι</span> <span class='ocrx_word' id='word_1_501' title='bbox 942 4402 1335 4457; x_wconf 84' lang='grc' dir='ltr'>ἀπλικεύωσιν.</span> 
     </span>
    </p>
   </div>
   <div class='ocr_carea' id='block_1_74' title="bbox 468 4483 2061 4564">
    <p class='ocr_par' dir='ltr' id='par_1_74' title="bbox 468 4483 2061 4564">
     <span class='ocr_line' id='line_1_74' title="bbox 468 4483 2061 4564; baseline -0.002 -17"><span class='ocrx_word' id='word_1_502' title='bbox 468 4494 579 4563; x_wconf 67' lang='grc' dir='ltr'><strong>κβν.</strong></span> <span class='ocrx_word' id='word_1_503' title='bbox 603 4494 828 4558; x_wconf 87' lang='grc' dir='ltr'>Νύκτας</span> <span class='ocrx_word' id='word_1_504' title='bbox 857 4495 912 4548; x_wconf 87' lang='grc' dir='ltr'>δὲ</span> <span class='ocrx_word' id='word_1_505' title='bbox 938 4493 1183 4560; x_wconf 82' lang='grc' dir='ltr'>ἐπιλέξαι</span> <span class='ocrx_word' id='word_1_506' title='bbox 1216 4494 1348 4564; x_wconf 74' lang='grc' dir='ltr'>πρὸς</span> <span class='ocrx_word' id='word_1_507' title='bbox 1380 4492 1478 4557; x_wconf 87' lang='grc' dir='ltr'>τὰς</span> <span class='ocrx_word' id='word_1_508' title='bbox 1503 4490 1755 4556; x_wconf 88' lang='grc' dir='ltr'>τοιαύτας</span> <span class='ocrx_word' id='word_1_509' title='bbox 1778 4492 1983 4561; x_wconf 88' lang='grc' dir='ltr'>ἀπροσ-</span> <span class='ocrx_word' id='word_1_510' title='bbox 2011 4483 2061 4544; x_wconf 77' lang='grc'><strong>1)</strong></span> 
     </span>
    </p>
   </div>
   <div class='ocr_carea' id='block_1_75' title="bbox 1064 4583 1984 4653">
    <p class='ocr_par' dir='ltr' id='par_1_75' title="bbox 1064 4583 1984 4653">
     <span class='ocr_line' id='line_1_75' title="bbox 1064 4583 1984 4653; baseline -0.003 -16"><span class='ocrx_word' id='word_1_511' title='bbox 1064 4586 1375 4649; x_wconf 88' lang='grc' dir='ltr'>τουτέστιν,</span> <span class='ocrx_word' id='word_1_512' title='bbox 1430 4586 1462 4653; x_wconf 80' lang='grc' dir='ltr'>ἦ</span> <span class='ocrx_word' id='word_1_513' title='bbox 1519 4585 1648 4636; x_wconf 80' lang='grc' dir='ltr'>ὅταν</span> <span class='ocrx_word' id='word_1_514' title='bbox 1701 4583 1984 4645; x_wconf 84' lang='grc' dir='ltr'>ὁλόνυκτος</span> 
     </span>
    </p>
   </div>
   <div class='ocr_carea' id='block_1_76' title="bbox 389 4586 991 4656">
    <p class='ocr_par' dir='ltr' id='par_1_76' title="bbox 389 4586 991 4656">
     <span class='ocr_line' id='line_1_76' title="bbox 389 4586 991 4656; baseline 0.002 -18"><span class='ocrx_word' id='word_1_515' title='bbox 389 4586 653 4656; x_wconf 80' lang='grc' dir='ltr'>δοκήτους</span> <span class='ocrx_word' id='word_1_516' title='bbox 726 4586 947 4655; x_wconf 82' lang='grc' dir='ltr'>ἐφόδους</span> <span class='ocrx_word' id='word_1_517' title='bbox 979 4604 991 4617; x_wconf 66' lang='grc' dir='ltr'><strong>ο</strong></span> 
     </span>
    </p>
   </div>
   <div class='ocr_carea' id='block_1_77' title="bbox 2080 3212 3658 3283">
    <p class='ocr_par' dir='ltr' id='par_1_77' title="bbox 2080 3212 3658 3283">
     <span class='ocr_line' id='line_1_77' title="bbox 2080 3212 3658 3283; baseline 0.01 -20"><span class='ocrx_word' id='word_1_518' title='bbox 2080 3212 2243 3282; x_wconf 85' lang='lat' dir='ltr'><strong>paulo</strong></span> <span class='ocrx_word' id='word_1_519' title='bbox 2275 3212 2478 3268; x_wconf 83' lang='lat' dir='ltr'><strong>abillis</strong></span> <span class='ocrx_word' id='word_1_520' title='bbox 2513 3214 2733 3281; x_wconf 80' lang='lat' dir='ltr'><strong>longius</strong></span> <span class='ocrx_word' id='word_1_521' title='bbox 2773 3226 2953 3272; x_wconf 86' lang='lat' dir='ltr'><strong>castra</strong></span> <span class='ocrx_word' id='word_1_522' title='bbox 3001 3218 3334 3283; x_wconf 76' lang='lat' dir='ltr'><strong>transferas,</strong></span> <span class='ocrx_word' id='word_1_523' title='bbox 3378 3230 3433 3275; x_wconf 90' lang='lat' dir='ltr'><strong>et</strong></span> <span class='ocrx_word' id='word_1_524' title='bbox 3470 3223 3658 3279; x_wconf 89' lang='lat' dir='ltr'><strong>subito</strong></span> 
     </span>
    </p>
   </div>
   <div class='ocr_carea' id='block_1_78' title="bbox 2079 3306 2883 3361">
    <p class='ocr_par' dir='ltr' id='par_1_78' title="bbox 2079 3306 2883 3361">
     <span class='ocr_line' id='line_1_78' title="bbox 2079 3306 2883 3361; baseline 0 -2"><span class='ocrx_word' id='word_1_525' title='bbox 2079 3315 2193 3360; x_wconf 92' lang='lat' dir='ltr'><strong>tum</strong></span> <span class='ocrx_word' id='word_1_526' title='bbox 2225 3315 2392 3360; x_wconf 91' lang='lat' dir='ltr'><strong>noctu</strong></span> <span class='ocrx_word' id='word_1_527' title='bbox 2423 3306 2608 3361; x_wconf 90' lang='lat' dir='ltr'><strong>hostes</strong></span> <span class='ocrx_word' id='word_1_528' title='bbox 2634 3308 2883 3361; x_wconf 88' lang='lat' dir='ltr'><strong>invadas.</strong></span> 
     </span>
    </p>
   </div>
   <div class='ocr_carea' id='block_1_79' title="bbox 2172 3396 3655 3473">
    <p class='ocr_par' dir='ltr' id='par_1_79' title="bbox 2172 3396 3655 3473">
     <span class='ocr_line' id='line_1_79' title="bbox 2172 3396 3655 3473; baseline 0.006 -23"><span class='ocrx_word' id='word_1_529' title='bbox 2172 3397 2265 3452; x_wconf 87' lang='grc'>20.</span> <span class='ocrx_word' id='word_1_530' title='bbox 2320 3396 2636 3453; x_wconf 85' lang='lat' dir='ltr'><strong>Nocturnas</strong></span> <span class='ocrx_word' id='word_1_531' title='bbox 2672 3400 3023 3454; x_wconf 87' lang='lat' dir='ltr'><strong>incursiones</strong></span> <span class='ocrx_word' id='word_1_532' title='bbox 3060 3400 3115 3453; x_wconf 90' lang='lat' dir='ltr'><strong>in</strong></span> <span class='ocrx_word' id='word_1_533' title='bbox 3139 3401 3326 3456; x_wconf 86' lang='lat' dir='ltr'><strong>hostes</strong></span> <span class='ocrx_word' id='word_1_534' title='bbox 3362 3402 3532 3458; x_wconf 87' lang='lat' dir='ltr'><strong>facies</strong></span> <span class='ocrx_word' id='word_1_535' title='bbox 3568 3421 3655 3473; x_wconf 90' lang='lat' dir='ltr'><strong>pe-</strong></span> 
     </span>
    </p>
   </div>
   <div class='ocr_carea' id='block_1_80' title="bbox 2080 3488 3655 3561">
    <p class='ocr_par' dir='ltr' id='par_1_80' title="bbox 2080 3488 3655 3561">
     <span class='ocr_line' id='line_1_80' title="bbox 2080 3488 3655 3561; baseline 0.004 -18"><span class='ocrx_word' id='word_1_536' title='bbox 2080 3488 2287 3543; x_wconf 87' lang='lat' dir='ltr'><strong>ditibus</strong></span> <span class='ocrx_word' id='word_1_537' title='bbox 2309 3498 2367 3543; x_wconf 80' lang='lat' dir='ltr'><strong>et</strong></span> <span class='ocrx_word' id='word_1_538' title='bbox 2408 3490 2711 3559; x_wconf 81' lang='lat' dir='ltr'><strong>equitibus,</strong></span> <span class='ocrx_word' id='word_1_539' title='bbox 2736 3490 3042 3561; x_wconf 78' lang='lat' dir='ltr'><strong>sagittariis</strong></span> <span class='ocrx_word' id='word_1_540' title='bbox 3066 3498 3119 3546; x_wconf 89' lang='lat' dir='ltr'><strong>et</strong></span> <span class='ocrx_word' id='word_1_541' title='bbox 3136 3491 3431 3561; x_wconf 75' lang='lat' dir='ltr'><strong>jac-uiatori</strong></span> <span class='ocrx_word' id='word_1_542' title='bbox 3444 3494 3569 3559; x_wconf 89' lang='lat' dir='ltr'><strong>bus,</strong></span> <span class='ocrx_word' id='word_1_543' title='bbox 3607 3497 3655 3549; x_wconf 87' lang='lat' dir='ltr'><strong>si</strong></span> 
     </span>
    </p>
   </div>
   <div class='ocr_carea' id='block_1_81' title="bbox 2080 3579 3657 3652">
    <p class='ocr_par' dir='ltr' id='par_1_81' title="bbox 2080 3579 3657 3652">
     <span class='ocr_line' id='line_1_81' title="bbox 2080 3579 3657 3652; baseline 0.006 -21"><span class='ocrx_word' id='word_1_544' title='bbox 2080 3579 2174 3649; x_wconf 87' lang='lat' dir='ltr'><strong>qui</strong></span> <span class='ocrx_word' id='word_1_545' title='bbox 2205 3579 2416 3649; x_wconf 84' lang='lat' dir='ltr'><strong>pedites</strong></span> <span class='ocrx_word' id='word_1_546' title='bbox 2442 3589 2539 3633; x_wconf 88' lang='lat' dir='ltr'><strong>aut</strong></span> <span class='ocrx_word' id='word_1_547' title='bbox 2567 3583 2787 3650; x_wconf 82' lang='lat' dir='ltr'><strong>equites</strong></span> <span class='ocrx_word' id='word_1_548' title='bbox 2817 3591 2966 3647; x_wconf 88' lang='lat' dir='ltr'><strong>sunt,</strong></span> <span class='ocrx_word' id='word_1_549' title='bbox 3022 3582 3116 3652; x_wconf 87' lang='lat' dir='ltr'><strong>qui</strong></span> <span class='ocrx_word' id='word_1_550' title='bbox 3164 3598 3277 3636; x_wconf 90' lang='lat' dir='ltr'><strong>non</strong></span> <span class='ocrx_word' id='word_1_551' title='bbox 3338 3584 3393 3638; x_wconf 91' lang='lat' dir='ltr'><strong>in</strong></span> <span class='ocrx_word' id='word_1_552' title='bbox 3445 3586 3657 3640; x_wconf 75' lang='lat' dir='ltr'><strong>fossam</strong></span> 
     </span>
    </p>
   </div>
   <div class='ocr_carea' id='block_1_82' title="bbox 2080 3671 3659 3745">
    <p class='ocr_par' dir='ltr' id='par_1_82' title="bbox 2080 3671 3659 3745">
     <span class='ocr_line' id='line_1_82' title="bbox 2080 3671 3659 3745; baseline 0.004 -21"><span class='ocrx_word' id='word_1_553' title='bbox 2080 3681 2265 3726; x_wconf 85' lang='lat' dir='ltr'><strong>castra</strong></span> <span class='ocrx_word' id='word_1_554' title='bbox 2295 3682 2529 3740; x_wconf 89' lang='lat' dir='ltr'><strong>ponunt,</strong></span> <span class='ocrx_word' id='word_1_555' title='bbox 2558 3671 2655 3727; x_wconf 86' lang='lat' dir='ltr'><strong>sed</strong></span> <span class='ocrx_word' id='word_1_556' title='bbox 2705 3675 2941 3745; x_wconf 85' lang='lat' dir='ltr'><strong>sparsim</strong></span> <span class='ocrx_word' id='word_1_557' title='bbox 2978 3682 3033 3729; x_wconf 88' lang='lat' dir='ltr'><strong>et</strong></span> <span class='ocrx_word' id='word_1_558' title='bbox 3069 3673 3302 3744; x_wconf 85' lang='lat' dir='ltr'><strong>disjecte</strong></span> <span class='ocrx_word' id='word_1_559' title='bbox 3329 3677 3534 3731; x_wconf 85' lang='lat' dir='ltr'><strong>cubant</strong></span> <span class='ocrx_word' id='word_1_560' title='bbox 3562 3692 3659 3731; x_wconf 79' lang='lat' dir='ltr'><strong>ex-</strong></span> 
     </span>
    </p>
   </div>
   <div class='ocr_carea' id='block_1_83' title="bbox 2081 3772 2396 3819">
    <p class='ocr_par' dir='ltr' id='par_1_83' title="bbox 2081 3772 2396 3819">
     <span class='ocr_line' id='line_1_83' title="bbox 2081 3772 2396 3819; baseline 0.006 -3"><span class='ocrx_word' id='word_1_561' title='bbox 2081 3772 2163 3817; x_wconf 86' lang='lat' dir='ltr'><strong>tra</strong></span> <span class='ocrx_word' id='word_1_562' title='bbox 2188 3773 2396 3819; x_wconf 80' lang='lat' dir='ltr'><strong>castra.</strong></span> 
     </span>
    </p>
   </div>
   <div class='ocr_carea' id='block_1_84' title="bbox 2150 3963 3656 4033">
    <p class='ocr_par' dir='ltr' id='par_1_84' title="bbox 2150 3963 3656 4033">
     <span class='ocr_line' id='line_1_84' title="bbox 2150 3963 3656 4033; baseline 0.001 -16"><span class='ocrx_word' id='word_1_563' title='bbox 2150 3963 2242 4018; x_wconf 91' lang='grc'><strong>21.</strong></span> <span class='ocrx_word' id='word_1_564' title='bbox 2284 3963 2392 4019; x_wconf 85' lang='lat' dir='ltr'><strong>llas</strong></span> <span class='ocrx_word' id='word_1_565' title='bbox 2418 3965 2768 4033; x_wconf 85' lang='lat' dir='ltr'><strong>potissimum</strong></span> <span class='ocrx_word' id='word_1_566' title='bbox 2812 3965 3162 4021; x_wconf 89' lang='lat' dir='ltr'><strong>incursiones</strong></span> <span class='ocrx_word' id='word_1_567' title='bbox 3212 3966 3265 4020; x_wconf 90' lang='lat' dir='ltr'><strong>in</strong></span> <span class='ocrx_word' id='word_1_568' title='bbox 3316 3981 3412 4022; x_wconf 90' lang='lat' dir='ltr'><strong>eos</strong></span> <span class='ocrx_word' id='word_1_569' title='bbox 3464 3967 3656 4033; x_wconf 87' lang='lat' dir='ltr'><strong>facies,</strong></span> 
     </span>
    </p>
   </div>
   <div class='ocr_carea' id='block_1_85' title="bbox 2081 4045 3657 4127">
    <p class='ocr_par' dir='ltr' id='par_1_85' title="bbox 2081 4045 3657 4127">
     <span class='ocr_line' id='line_1_85' title="bbox 2081 4045 3657 4127; baseline 0.003 -18"><span class='ocrx_word' id='word_1_570' title='bbox 2081 4058 2172 4127; x_wconf 91' lang='lat' dir='ltr'><strong>qui</strong></span> <span class='ocrx_word' id='word_1_571' title='bbox 2206 4072 2382 4127; x_wconf 88' lang='lat' dir='ltr'><strong>neque</strong></span> <span class='ocrx_word' id='word_1_572' title='bbox 2410 4072 2575 4111; x_wconf 89' lang='lat' dir='ltr'><strong>arcus</strong></span> <span class='ocrx_word' id='word_1_573' title='bbox 2615 4073 2793 4126; x_wconf 89' lang='lat' dir='ltr'><strong>neque</strong></span> <span class='ocrx_word' id='word_1_574' title='bbox 2816 4045 3250 4125; x_wconf 48' lang='lat' dir='ltr'><strong>jacula&#39;habent,</strong></span> <span class='ocrx_word' id='word_1_575' title='bbox 3279 4057 3373 4112; x_wconf 88' lang='lat' dir='ltr'><strong>sed</strong></span> <span class='ocrx_word' id='word_1_576' title='bbox 3403 4058 3657 4113; x_wconf 88' lang='lat' dir='ltr'><strong>cominus</strong></span> 
     </span>
    </p>
   </div>
   <div class='ocr_carea' id='block_1_86' title="bbox 2081 4149 3658 4221">
    <p class='ocr_par' dir='ltr' id='par_1_86' title="bbox 2081 4149 3658 4221">
     <span class='ocr_line' id='line_1_86' title="bbox 2081 4149 3658 4221; baseline -0.001 -15"><span class='ocrx_word' id='word_1_577' title='bbox 2081 4150 2344 4221; x_wconf 75' lang='lat' dir='ltr'><strong>congredi</strong></span> <span class='ocrx_word' id='word_1_578' title='bbox 2374 4150 2554 4204; x_wconf 89' lang='lat' dir='ltr'><strong>solent</strong></span> <span class='ocrx_word' id='word_1_579' title='bbox 2596 4166 2609 4202; x_wconf 93' lang='lat'><strong>:</strong></span> <span class='ocrx_word' id='word_1_580' title='bbox 2646 4149 2738 4218; x_wconf 92' lang='lat' dir='ltr'><strong>qui</strong></span> <span class='ocrx_word' id='word_1_581' title='bbox 2766 4149 2912 4203; x_wconf 90' lang='lat' dir='ltr'><strong>enim</strong></span> <span class='ocrx_word' id='word_1_582' title='bbox 2950 4149 3191 4203; x_wconf 88' lang='lat' dir='ltr'><strong>arcubus</strong></span> <span class='ocrx_word' id='word_1_583' title='bbox 3226 4150 3457 4220; x_wconf 85' lang='lat' dir='ltr'><strong>telisque</strong></span> <span class='ocrx_word' id='word_1_584' title='bbox 3486 4158 3658 4204; x_wconf 88' lang='lat' dir='ltr'><strong>utun-</strong></span> 
     </span>
    </p>
   </div>
   <div class='ocr_carea' id='block_1_87' title="bbox 2084 4240 3660 4309">
    <p class='ocr_par' dir='ltr' id='par_1_87' title="bbox 2084 4240 3660 4309">
     <span class='ocr_line' id='line_1_87' title="bbox 2084 4240 3660 4309; baseline 0.001 -16"><span class='ocrx_word' id='word_1_585' title='bbox 2084 4250 2194 4306; x_wconf 85' lang='lat' dir='ltr'><strong>tur,</strong></span> <span class='ocrx_word' id='word_1_586' title='bbox 2230 4242 2413 4295; x_wconf 87' lang='lat' dir='ltr'><strong>minus</strong></span> <span class='ocrx_word' id='word_1_587' title='bbox 2450 4240 2667 4295; x_wconf 86' lang='lat' dir='ltr'><strong>insidiis</strong></span> <span class='ocrx_word' id='word_1_588' title='bbox 2692 4240 2816 4293; x_wconf 90' lang='lat' dir='ltr'><strong>istis</strong></span> <span class='ocrx_word' id='word_1_589' title='bbox 2856 4240 3142 4309; x_wconf 86' lang='lat' dir='ltr'><strong>appetendi</strong></span> <span class='ocrx_word' id='word_1_590' title='bbox 3170 4248 3322 4308; x_wconf 88' lang='lat' dir='ltr'><strong>sunt,</strong></span> <span class='ocrx_word' id='word_1_591' title='bbox 3354 4242 3459 4297; x_wconf 91' lang='lat' dir='ltr'><strong>nisi</strong></span> <span class='ocrx_word' id='word_1_592' title='bbox 3491 4242 3660 4297; x_wconf 87' lang='lat' dir='ltr'><strong>dissi-</strong></span> 
     </span>
    </p>
   </div>
   <div class='ocr_carea' id='block_1_88' title="bbox 2082 4328 2918 4399">
    <p class='ocr_par' dir='ltr' id='par_1_88' title="bbox 2082 4328 2918 4399">
     <span class='ocr_line' id='line_1_88' title="bbox 2082 4328 2918 4399; baseline 0 -18"><span class='ocrx_word' id='word_1_593' title='bbox 2082 4329 2192 4399; x_wconf 83' lang='lat' dir='ltr'><strong>pati</strong></span> <span class='ocrx_word' id='word_1_594' title='bbox 2220 4328 2438 4399; x_wconf 79' lang='lat' dir='ltr'><strong>fusique</strong></span> <span class='ocrx_word' id='word_1_595' title='bbox 2467 4336 2646 4382; x_wconf 89' lang='lat' dir='ltr'><strong>castra</strong></span> <span class='ocrx_word' id='word_1_596' title='bbox 2691 4336 2918 4396; x_wconf 85' lang='lat' dir='ltr'><strong>ponant.</strong></span> 
     </span>
    </p>
   </div>
   <div class='ocr_carea' id='block_1_89' title="bbox 2177 4498 3658 4573">
    <p class='ocr_par' dir='ltr' id='par_1_89' title="bbox 2177 4498 3658 4573">
     <span class='ocr_line' id='line_1_89' title="bbox 2177 4498 3658 4573; baseline 0.005 -21"><span class='ocrx_word' id='word_1_597' title='bbox 2177 4499 2265 4553; x_wconf 91' lang='grc'>22.</span> <span class='ocrx_word' id='word_1_598' title='bbox 2305 4498 2505 4556; x_wconf 86' lang='lat' dir='ltr'><strong>Noctes</strong></span> <span class='ocrx_word' id='word_1_599' title='bbox 2539 4500 2679 4570; x_wconf 89' lang='lat' dir='ltr'><strong>elige</strong></span> <span class='ocrx_word' id='word_1_600' title='bbox 2717 4500 2811 4556; x_wconf 89' lang='lat' dir='ltr'><strong>tibi</strong></span> <span class='ocrx_word' id='word_1_601' title='bbox 2849 4502 2915 4556; x_wconf 85' lang='lat' dir='ltr'><strong>ad</strong></span> <span class='ocrx_word' id='word_1_602' title='bbox 2970 4506 3070 4559; x_wconf 84' lang='lat' dir='ltr'><strong>has</strong></span> <span class='ocrx_word' id='word_1_603' title='bbox 3120 4520 3219 4561; x_wconf 91' lang='lat' dir='ltr'><strong>nec</strong></span> <span class='ocrx_word' id='word_1_604' title='bbox 3259 4506 3513 4573; x_wconf 83' lang='lat' dir='ltr'><strong>opinatas</strong></span> <span class='ocrx_word' id='word_1_605' title='bbox 3569 4507 3658 4559; x_wconf 86' lang='lat' dir='ltr'><strong>in-</strong></span> 
     </span>
    </p>
   </div>
   <div class='ocr_carea' id='block_1_90' title="bbox 2087 4592 3659 4664">
    <p class='ocr_par' dir='ltr' id='par_1_90' title="bbox 2087 4592 3659 4664">
     <span class='ocr_line' id='line_1_90' title="bbox 2087 4592 3659 4664; baseline 0.004 -17"><span class='ocrx_word' id='word_1_606' title='bbox 2087 4595 2375 4647; x_wconf 80' lang='lat' dir='ltr'><strong>cursiones</strong></span> <span class='ocrx_word' id='word_1_607' title='bbox 2407 4611 2420 4646; x_wconf 92' lang='lat'><strong>:</strong></span> <span class='ocrx_word' id='word_1_608' title='bbox 2461 4592 2565 4647; x_wconf 85' lang='lat' dir='ltr'><strong>hoc</strong></span> <span class='ocrx_word' id='word_1_609' title='bbox 2594 4605 2697 4660; x_wconf 91' lang='lat' dir='ltr'><strong>est,</strong></span> <span class='ocrx_word' id='word_1_610' title='bbox 2733 4596 2955 4664; x_wconf 88' lang='lat' dir='ltr'><strong>quando</strong></span> <span class='ocrx_word' id='word_1_611' title='bbox 2989 4597 3207 4651; x_wconf 80' lang='lat' dir='ltr'><strong>noveris</strong></span> <span class='ocrx_word' id='word_1_612' title='bbox 3258 4598 3439 4649; x_wconf 90' lang='lat' dir='ltr'><strong>lumen</strong></span> <span class='ocrx_word' id='word_1_613' title='bbox 3489 4597 3659 4654; x_wconf 89' lang='lat' dir='ltr'><strong>totius</strong></span> 
     </span>
    </p>
   </div>
   <div class='ocr_carea' id='block_1_91' title="bbox 391 4675 1974 4752">
    <p class='ocr_par' dir='ltr' id='par_1_91' title="bbox 391 4675 1974 4752">
     <span class='ocr_line' id='line_1_91' title="bbox 391 4675 1974 4752; baseline -0.002 -19"><span class='ocrx_word' id='word_1_614' title='bbox 391 4679 565 4752; x_wconf 75' lang='grc' dir='ltr'>φαίνῃ</span> <span class='ocrx_word' id='word_1_615' title='bbox 634 4682 667 4750; x_wconf 77' lang='grc' dir='ltr'>ὴ</span> <span class='ocrx_word' id='word_1_616' title='bbox 729 4680 965 4751; x_wconf 82' lang='grc' dir='ltr'>σελήνη,</span> <span class='ocrx_word' id='word_1_617' title='bbox 1026 4682 1058 4751; x_wconf 88' lang='grc' dir='ltr'>ἣ</span> <span class='ocrx_word' id='word_1_618' title='bbox 1114 4682 1244 4735; x_wconf 81' lang='grc' dir='ltr'>ὃταν</span> <span class='ocrx_word' id='word_1_619' title='bbox 1299 4675 1445 4743; x_wconf 75' lang='grc' dir='ltr'>οἶδας</span> <span class='ocrx_word' id='word_1_620' title='bbox 1499 4679 1581 4731; x_wconf 77' lang='grc' dir='ltr'>ὅτι</span> <span class='ocrx_word' id='word_1_621' title='bbox 1625 4680 1872 4750; x_wconf 74' lang='grc' dir='ltr'>ἀρκεῖται</span> <span class='ocrx_word' id='word_1_622' title='bbox 1925 4678 1974 4730; x_wconf 73' lang='grc' dir='ltr'>τὲ</span> 
     </span>
    </p>
   </div>
   <div class='ocr_carea' id='block_1_92' title="bbox 2077 4675 3659 4752">
    <p class='ocr_par' dir='ltr' id='par_1_92' title="bbox 2088 4684 3659 4749">
     <span class='ocr_line' id='line_1_92' title="bbox 2088 4684 3659 4749; baseline 0 -11"><span class='ocrx_word' id='word_1_623' title='bbox 2088 4686 2269 4739; x_wconf 86' lang='lat' dir='ltr'><strong>noctis</strong></span> <span class='ocrx_word' id='word_1_624' title='bbox 2308 4684 2630 4747; x_wconf 89' lang='lat' dir='ltr'><strong>satisfacere</strong></span> <span class='ocrx_word' id='word_1_625' title='bbox 2675 4686 2743 4740; x_wconf 90' lang='lat' dir='ltr'><strong>ad</strong></span> <span class='ocrx_word' id='word_1_626' title='bbox 2799 4685 3118 4740; x_wconf 79' lang='lat' dir='ltr'><strong>universum</strong></span> <span class='ocrx_word' id='word_1_627' title='bbox 3178 4688 3281 4740; x_wconf 88' lang='lat' dir='ltr'><strong>iter</strong></span> <span class='ocrx_word' id='word_1_628' title='bbox 3334 4694 3509 4749; x_wconf 90' lang='lat' dir='ltr'><strong>tuum,</strong></span> <span class='ocrx_word' id='word_1_629' title='bbox 3576 4686 3659 4740; x_wconf 82' lang='lat' dir='ltr'><strong>vel</strong></span> 
     </span>
    </p>
   </div>
   <div class='ocr_carea' id='block_1_93' title="bbox 389 4772 1985 4844">
    <p class='ocr_par' dir='ltr' id='par_1_93' title="bbox 389 4772 1985 4844">
     <span class='ocr_line' id='line_1_93' title="bbox 389 4772 1985 4844; baseline 0.001 -20"><span class='ocrx_word' id='word_1_630' title='bbox 389 4772 597 4840; x_wconf 78' lang='grc' dir='ltr'>φέγγος</span> <span class='ocrx_word' id='word_1_631' title='bbox 633 4773 802 4844; x_wconf 77' lang='grc' dir='ltr'>αὐτῆς</span> <span class='ocrx_word' id='word_1_632' title='bbox 829 4773 907 4843; x_wconf 85' lang='grc' dir='ltr'>τῷ</span> <span class='ocrx_word' id='word_1_633' title='bbox 937 4774 1268 4844; x_wconf 81' lang='grc' dir='ltr'>διαστήματι</span> <span class='ocrx_word' id='word_1_634' title='bbox 1314 4774 1412 4843; x_wconf 70' lang='grc' dir='ltr'>τῆς</span> <span class='ocrx_word' id='word_1_635' title='bbox 1462 4774 1589 4843; x_wconf 75' lang='grc' dir='ltr'>ὅλης</span> <span class='ocrx_word' id='word_1_636' title='bbox 1638 4790 1729 4825; x_wconf 89' lang='grc' dir='ltr'><strong>σου</strong></span> <span class='ocrx_word' id='word_1_637' title='bbox 1778 4774 1985 4825; x_wconf 82' lang='grc' dir='ltr'>όδοιπο·</span> 
     </span>
    </p>
   </div>
   <div class='ocr_carea' id='block_1_94' title="bbox 392 4864 1982 4939">
    <p class='ocr_par' dir='ltr' id='par_1_94' title="bbox 392 4864 1982 4939">
     <span class='ocr_line' id='line_1_94' title="bbox 392 4864 1982 4939; baseline 0.002 -23"><span class='ocrx_word' id='word_1_638' title='bbox 392 4864 535 4934; x_wconf 86' lang='grc' dir='ltr'>ρίας,</span> <span class='ocrx_word' id='word_1_639' title='bbox 567 4865 599 4935; x_wconf 82' lang='grc' dir='ltr'>ἢ</span> <span class='ocrx_word' id='word_1_640' title='bbox 634 4866 759 4919; x_wconf 81' lang='grc' dir='ltr'>ὅταν</span> <span class='ocrx_word' id='word_1_641' title='bbox 818 4869 965 4919; x_wconf 74' lang='grc' dir='ltr'>ἐστὶν</span> <span class='ocrx_word' id='word_1_642' title='bbox 1016 4868 1398 4939; x_wconf 79' lang='grc' dir='ltr'>ἀστερόφωτον</span> <span class='ocrx_word' id='word_1_643' title='bbox 1428 4885 1441 4899; x_wconf 92' lang='grc'>·</span> <span class='ocrx_word' id='word_1_644' title='bbox 1488 4869 1572 4922; x_wconf 82' lang='grc' dir='ltr'><strong>ίνα</strong></span> <span class='ocrx_word' id='word_1_645' title='bbox 1620 4866 1695 4938; x_wconf 85' lang='grc' dir='ltr'>μὴ</span> <span class='ocrx_word' id='word_1_646' title='bbox 1741 4869 1769 4919; x_wconf 91' lang='grc' dir='ltr'>ὁ</span> <span class='ocrx_word' id='word_1_647' title='bbox 1817 4883 1982 4935; x_wconf 85' lang='grc' dir='ltr'>στρα-</span> 
     </span>
    </p>
   </div>
   <div class='ocr_carea' id='block_1_95' title="bbox 388 4957 1974 5029">
    <p class='ocr_par' dir='ltr' id='par_1_95' title="bbox 388 4957 1974 5029">
     <span class='ocr_line' id='line_1_95' title="bbox 388 4957 1974 5029; baseline -0.001 -20"><span class='ocrx_word' id='word_1_648' title='bbox 388 4957 481 5020; x_wconf 82' lang='grc' dir='ltr'>τὸς</span> <span class='ocrx_word' id='word_1_649' title='bbox 507 4958 565 5008; x_wconf 88' lang='grc' dir='ltr'><strong>ἐν</strong></span> <span class='ocrx_word' id='word_1_650' title='bbox 596 4957 785 5028; x_wconf 73' lang='grc' dir='ltr'>σκοτίᾳ</span> <span class='ocrx_word' id='word_1_651' title='bbox 815 4959 1135 5029; x_wconf 84' lang='grc' dir='ltr'>περιπατῶν</span> <span class='ocrx_word' id='word_1_652' title='bbox 1166 4958 1521 5029; x_wconf 78' lang='grc' dir='ltr'>συντρίϐηται</span> <span class='ocrx_word' id='word_1_653' title='bbox 1553 4957 1647 5011; x_wconf 76' lang='grc' dir='ltr'>καὶ</span> <span class='ocrx_word' id='word_1_654' title='bbox 1681 4957 1974 5011; x_wconf 83' lang='grc' dir='ltr'>πλανᾶται.</span> 
     </span>
    </p>
   </div>
   <div class='ocr_carea' id='block_1_96' title="bbox 463 5046 1977 5121">
    <p class='ocr_par' dir='ltr' id='par_1_96' title="bbox 463 5046 1977 5121">
     <span class='ocr_line' id='line_1_96' title="bbox 463 5046 1977 5121; baseline 0.001 -21"><span class='ocrx_word' id='word_1_655' title='bbox 463 5046 569 5116; x_wconf 86' lang='grc' dir='ltr'>κγ’.</span> <span class='ocrx_word' id='word_1_656' title='bbox 619 5048 730 5102; x_wconf 71' lang='grc' dir='ltr'><strong>Ἀεὶ</strong></span> <span class='ocrx_word' id='word_1_657' title='bbox 754 5050 811 5103; x_wconf 85' lang='grc' dir='ltr'>δὲ</span> <span class='ocrx_word' id='word_1_658' title='bbox 851 5050 1154 5120; x_wconf 75' lang='grc' dir='ltr'>ἕξπληκτον</span> <span class='ocrx_word' id='word_1_659' title='bbox 1195 5053 1289 5104; x_wconf 73' lang='grc' dir='ltr'>καὶ</span> <span class='ocrx_word' id='word_1_660' title='bbox 1325 5050 1839 5121; x_wconf 81' lang='grc' dir='ltr'>παρεσκευασμένον</span> <span class='ocrx_word' id='word_1_661' title='bbox 1886 5048 1977 5102; x_wconf 83' lang='grc' dir='ltr'>τὸν</span> 
     </span>
    </p>
   </div>
   <div class='ocr_carea' id='block_1_97' title="bbox 394 5140 1982 5211">
    <p class='ocr_par' dir='ltr' id='par_1_97' title="bbox 394 5140 1982 5211">
     <span class='ocr_line' id='line_1_97' title="bbox 394 5140 1982 5211; baseline -0.001 -18"><span class='ocrx_word' id='word_1_662' title='bbox 394 5142 625 5211; x_wconf 64' lang='grc' dir='ltr'>στρατὸν</span> <span class='ocrx_word' id='word_1_663' title='bbox 658 5140 817 5202; x_wconf 88' lang='grc' dir='ltr'>κίνει,</span> <span class='ocrx_word' id='word_1_664' title='bbox 878 5141 970 5193; x_wconf 78' lang='grc' dir='ltr'>καὶ</span> <span class='ocrx_word' id='word_1_665' title='bbox 1025 5141 1192 5211; x_wconf 81' lang='grc' dir='ltr'>μηδὲν</span> <span class='ocrx_word' id='word_1_666' title='bbox 1254 5141 1508 5210; x_wconf 76' lang='grc' dir='ltr'>περισσὸν</span> <span class='ocrx_word' id='word_1_667' title='bbox 1568 5140 1982 5210; x_wconf 78' lang='grc' dir='ltr'>ἐπιφερόμενον,</span> 
     </span>
    </p>
   </div>
   <div class='ocr_carea' id='block_1_98' title="bbox 397 5232 1985 5302">
    <p class='ocr_par' dir='ltr' id='par_1_98' title="bbox 397 5232 1985 5302">
     <span class='ocr_line' id='line_1_98' title="bbox 397 5232 1985 5302; baseline 0 -19"><span class='ocrx_word' id='word_1_668' title='bbox 397 5232 493 5285; x_wconf 78' lang='grc' dir='ltr'>καὶ</span> <span class='ocrx_word' id='word_1_669' title='bbox 547 5232 690 5285; x_wconf 71' lang='grc' dir='ltr'>οὕτω</span> <span class='ocrx_word' id='word_1_670' title='bbox 745 5232 997 5297; x_wconf 75' lang='grc' dir='ltr'>κανόνιξε</span> <span class='ocrx_word' id='word_1_671' title='bbox 1043 5233 1137 5285; x_wconf 76' lang='grc' dir='ltr'>καὶ</span> <span class='ocrx_word' id='word_1_672' title='bbox 1183 5233 1444 5299; x_wconf 77' lang='grc' dir='ltr'>στοχάζου</span> <span class='ocrx_word' id='word_1_673' title='bbox 1496 5232 1630 5302; x_wconf 72' lang='grc' dir='ltr'>πρὸς</span> <span class='ocrx_word' id='word_1_674' title='bbox 1662 5232 1732 5284; x_wconf 88' lang='grc' dir='ltr'><strong>τά</strong></span> <span class='ocrx_word' id='word_1_675' title='bbox 1762 5232 1985 5301; x_wconf 71' lang='grc' dir='ltr'>διαστήοσ</span> 
     </span>
    </p>
   </div>
   <div class='ocr_carea' id='block_1_99' title="bbox 394 5323 1978 5394">
    <p class='ocr_par' dir='ltr' id='par_1_99' title="bbox 394 5323 1978 5394">
     <span class='ocr_line' id='line_1_99' title="bbox 394 5323 1978 5394; baseline 0 -20"><span class='ocrx_word' id='word_1_676' title='bbox 394 5340 544 5394; x_wconf 88' lang='grc' dir='ltr'>ματα</span> <span class='ocrx_word' id='word_1_677' title='bbox 591 5325 704 5394; x_wconf 76' lang='grc'><strong>(28)</strong></span> <span class='ocrx_word' id='word_1_678' title='bbox 745 5326 814 5377; x_wconf 86' lang='grc' dir='ltr'><strong>τά</strong></span> <span class='ocrx_word' id='word_1_679' title='bbox 848 5326 907 5377; x_wconf 94' lang='grc' dir='ltr'><strong>ἐν</strong></span> <span class='ocrx_word' id='word_1_680' title='bbox 953 5325 1030 5393; x_wconf 81' lang='grc' dir='ltr'>τῷ</span> <span class='ocrx_word' id='word_1_681' title='bbox 1079 5323 1249 5394; x_wconf 77' lang='grc' dir='ltr'>μέσῳ,</span> <span class='ocrx_word' id='word_1_682' title='bbox 1308 5323 1447 5375; x_wconf 67' lang='grc' dir='ltr'>ὥστε</span> <span class='ocrx_word' id='word_1_683' title='bbox 1506 5324 1831 5393; x_wconf 79' lang='grc' dir='ltr'>συμμέτρως</span> <span class='ocrx_word' id='word_1_684' title='bbox 1878 5340 1978 5374; x_wconf 64' lang='grc' dir='ltr'>περ</span> 
     </span>
    </p>
   </div>
   <div class='ocr_carea' id='block_1_100' title="bbox 2084 4776 3671 4846">
    <p class='ocr_par' dir='ltr' id='par_1_100' title="bbox 2084 4776 3671 4846">
     <span class='ocr_line' id='line_1_100' title="bbox 2084 4776 3671 4846; baseline 0.002 -17"><span class='ocrx_word' id='word_1_685' title='bbox 2084 4776 2308 4846; x_wconf 87' lang='lat' dir='ltr'><strong>quando</strong></span> <span class='ocrx_word' id='word_1_686' title='bbox 2342 4778 2512 4831; x_wconf 64' lang='lat' dir='ltr'><strong>stellae</strong></span> <span class='ocrx_word' id='word_1_687' title='bbox 2552 4778 2757 4844; x_wconf 87' lang='lat' dir='ltr'><strong>lucent,</strong></span> <span class='ocrx_word' id='word_1_688' title='bbox 2793 4786 2852 4832; x_wconf 89' lang='lat' dir='ltr'><strong>ut</strong></span> <span class='ocrx_word' id='word_1_689' title='bbox 2889 4794 2958 4831; x_wconf 89' lang='lat' dir='ltr'><strong>ne</strong></span> <span class='ocrx_word' id='word_1_690' title='bbox 2991 4776 3269 4832; x_wconf 80' lang='lat' dir='ltr'><strong>exercitus</strong></span> <span class='ocrx_word' id='word_1_691' title='bbox 3311 4778 3365 4830; x_wconf 90' lang='lat' dir='ltr'><strong>in</strong></span> <span class='ocrx_word' id='word_1_692' title='bbox 3419 4777 3671 4832; x_wconf 80' lang='lat' dir='ltr'><strong>tenebris</strong></span> 
     </span>
    </p>
   </div>
   <div class='ocr_carea' id='block_1_101' title="bbox 2088 4868 3481 4938">
    <p class='ocr_par' dir='ltr' id='par_1_101' title="bbox 2088 4868 3481 4938">
     <span class='ocr_line' id='line_1_101' title="bbox 2088 4868 3481 4938; baseline 0.001 -17"><span class='ocrx_word' id='word_1_693' title='bbox 2088 4869 2400 4936; x_wconf 87' lang='lat' dir='ltr'><strong>ambulans,</strong></span> <span class='ocrx_word' id='word_1_694' title='bbox 2428 4869 2664 4924; x_wconf 85' lang='lat' dir='ltr'><strong>alllictus</strong></span> <span class='ocrx_word' id='word_1_695' title='bbox 2704 4868 3170 4938; x_wconf 80' lang='lat' dir='ltr'><strong>perturbatusque</strong></span> <span class='ocrx_word' id='word_1_696' title='bbox 3236 4876 3481 4938; x_wconf 80' lang='lat' dir='ltr'><strong>vagetur.</strong></span> 
     </span>
    </p>
   </div>
   <div class='ocr_carea' id='block_1_102' title="bbox 2174 5044 3663 5118">
    <p class='ocr_par' dir='ltr' id='par_1_102' title="bbox 2174 5044 3663 5118">
     <span class='ocr_line' id='line_1_102' title="bbox 2174 5044 3663 5118; baseline -0.003 -15"><span class='ocrx_word' id='word_1_697' title='bbox 2174 5050 2266 5103; x_wconf 84' lang='grc'><strong>25.</strong></span> <span class='ocrx_word' id='word_1_698' title='bbox 2303 5047 2628 5118; x_wconf 82' lang='lat' dir='ltr'><strong>Expeditum</strong></span> <span class='ocrx_word' id='word_1_699' title='bbox 2667 5054 3029 5117; x_wconf 84' lang='lat' dir='ltr'><strong>paratumque</strong></span> <span class='ocrx_word' id='word_1_700' title='bbox 3076 5044 3379 5099; x_wconf 79' lang='lat' dir='ltr'><strong>exercitum</strong></span> <span class='ocrx_word' id='word_1_701' title='bbox 3442 5059 3663 5117; x_wconf 82' lang='lat' dir='ltr'><strong>semper</strong></span> 
     </span>
    </p>
   </div>
   <div class='ocr_carea' id='block_1_103' title="bbox 2084 5137 3659 5206">
    <p class='ocr_par' dir='ltr' id='par_1_103' title="bbox 2084 5137 3659 5206">
     <span class='ocr_line' id='line_1_103' title="bbox 2084 5137 3659 5206; baseline -0.003 -14"><span class='ocrx_word' id='word_1_702' title='bbox 2084 5147 2324 5203; x_wconf 86' lang='lat' dir='ltr'><strong>moveto,</strong></span> <span class='ocrx_word' id='word_1_703' title='bbox 2363 5139 2455 5206; x_wconf 90' lang='lat' dir='ltr'><strong>qui</strong></span> <span class='ocrx_word' id='word_1_704' title='bbox 2492 5137 2627 5190; x_wconf 73' lang='lat' dir='ltr'><strong>nihil</strong></span> <span class='ocrx_word' id='word_1_705' title='bbox 2674 5149 3150 5203; x_wconf 84' lang='lat' dir='ltr'><strong>supervacaneum</strong></span> <span class='ocrx_word' id='word_1_706' title='bbox 3205 5150 3393 5188; x_wconf 90' lang='lat' dir='ltr'><strong>secum</strong></span> <span class='ocrx_word' id='word_1_707' title='bbox 3456 5141 3659 5201; x_wconf 83' lang='lat' dir='ltr'><strong>gestet.</strong></span> 
     </span>
    </p>
   </div>
   <div class='ocr_carea' id='block_1_104' title="bbox 2087 5226 3663 5299">
    <p class='ocr_par' dir='ltr' id='par_1_104' title="bbox 2087 5226 3663 5299">
     <span class='ocr_line' id='line_1_104' title="bbox 2087 5226 3663 5299; baseline -0.003 -15"><span class='ocrx_word' id='word_1_708' title='bbox 2087 5230 2177 5287; x_wconf 90' lang='lat' dir='ltr'><strong>Sic</strong></span> <span class='ocrx_word' id='word_1_709' title='bbox 2215 5241 2395 5285; x_wconf 84' lang='lat' dir='ltr'><strong>autem</strong></span> <span class='ocrx_word' id='word_1_710' title='bbox 2448 5246 2547 5299; x_wconf 86' lang='lat' dir='ltr'><strong>pro</strong></span> <span class='ocrx_word' id='word_1_711' title='bbox 2602 5228 2709 5281; x_wconf 82' lang='lat' dir='ltr'><strong>lori</strong></span> <span class='ocrx_word' id='word_1_712' title='bbox 2765 5228 3058 5282; x_wconf 86' lang='lat' dir='ltr'><strong>intervallo</strong></span> <span class='ocrx_word' id='word_1_713' title='bbox 3091 5227 3194 5280; x_wconf 89' lang='lat' dir='ltr'><strong>iter</strong></span> <span class='ocrx_word' id='word_1_714' title='bbox 3237 5234 3387 5279; x_wconf 89' lang='lat' dir='ltr'><strong>tuum</strong></span> <span class='ocrx_word' id='word_1_715' title='bbox 3424 5226 3663 5294; x_wconf 84' lang='lat' dir='ltr'><strong>aptabis,</strong></span> 
     </span>
    </p>
   </div>
   <div class='ocr_carea' id='block_1_105' title="bbox 2090 5318 3671 5382">
    <p class='ocr_par' dir='ltr' id='par_1_105' title="bbox 2090 5318 3671 5382">
     <span class='ocr_line' id='line_1_105' title="bbox 2090 5318 3671 5382; baseline -0.004 -5"><span class='ocrx_word' id='word_1_716' title='bbox 2090 5333 2147 5377; x_wconf 88' lang='lat' dir='ltr'><strong>ut</strong></span> <span class='ocrx_word' id='word_1_717' title='bbox 2199 5324 2478 5382; x_wconf 81' lang='lat' dir='ltr'><strong>moderate</strong></span> <span class='ocrx_word' id='word_1_718' title='bbox 2530 5321 2865 5376; x_wconf 87' lang='lat' dir='ltr'><strong>ambulando</strong></span> <span class='ocrx_word' id='word_1_719' title='bbox 2905 5321 3181 5377; x_wconf 82' lang='lat' dir='ltr'><strong>exercitus</strong></span> <span class='ocrx_word' id='word_1_720' title='bbox 3221 5319 3290 5373; x_wconf 91' lang='lat' dir='ltr'><strong>de</strong></span> <span class='ocrx_word' id='word_1_721' title='bbox 3346 5320 3429 5371; x_wconf 87' lang='lat' dir='ltr'><strong>via</strong></span> <span class='ocrx_word' id='word_1_722' title='bbox 3483 5318 3671 5371; x_wconf 81' lang='lat' dir='ltr'><strong>lassus</strong></span> 
     </span>
    </p>
   </div>
   <div class='ocr_carea' id='block_1_106' title="bbox 393 5412 1974 5488">
    <p class='ocr_par' dir='ltr' id='par_1_106' title="bbox 393 5415 1974 5488">
     <span class='ocr_line' id='line_1_106' title="bbox 393 5415 1974 5488; baseline 0 -22"><span class='ocrx_word' id='word_1_723' title='bbox 393 5421 667 5485; x_wconf 80' lang='grc' dir='ltr'>ριπατεῖν,</span> <span class='ocrx_word' id='word_1_724' title='bbox 720 5418 807 5471; x_wconf 82' lang='grc' dir='ltr'>ἵνα</span> <span class='ocrx_word' id='word_1_725' title='bbox 840 5418 915 5488; x_wconf 81' lang='grc' dir='ltr'>μὴ</span> <span class='ocrx_word' id='word_1_726' title='bbox 951 5415 1302 5487; x_wconf 80' lang='grc' dir='ltr'>συντρίὸηται</span> <span class='ocrx_word' id='word_1_727' title='bbox 1352 5418 1381 5467; x_wconf 91' lang='grc' dir='ltr'><strong>ό</strong></span> <span class='ocrx_word' id='word_1_728' title='bbox 1432 5416 1661 5486; x_wconf 80' lang='grc' dir='ltr'>στρατός</span> <span class='ocrx_word' id='word_1_729' title='bbox 1695 5432 1709 5445; x_wconf 74' lang='grc' dir='ltr'><strong>ο</strong></span> <span class='ocrx_word' id='word_1_730' title='bbox 1755 5416 1847 5467; x_wconf 78' lang='grc' dir='ltr'>καὶ</span> <span class='ocrx_word' id='word_1_731' title='bbox 1877 5416 1974 5485; x_wconf 67' lang='grc' dir='ltr'>πρὸ</span> 
     </span>
    </p>
   </div>
   <div class='ocr_carea' id='block_1_107' title="bbox 2077 5412 3679 5488">
    <p class='ocr_par' dir='ltr' id='par_1_107' title="bbox 2091 5412 3679 5479">
     <span class='ocr_line' id='line_1_107' title="bbox 2091 5412 3679 5479; baseline -0.004 -8"><span class='ocrx_word' id='word_1_732' title='bbox 2091 5433 2200 5471; x_wconf 91' lang='lat' dir='ltr'><strong>non</strong></span> <span class='ocrx_word' id='word_1_733' title='bbox 2235 5417 2328 5479; x_wconf 91' lang='lat' dir='ltr'><strong>sit,</strong></span> <span class='ocrx_word' id='word_1_734' title='bbox 2364 5416 2459 5471; x_wconf 87' lang='lat' dir='ltr'><strong>sed</strong></span> <span class='ocrx_word' id='word_1_735' title='bbox 2489 5418 2625 5471; x_wconf 84' lang='lat' dir='ltr'><strong>duas</strong></span> <span class='ocrx_word' id='word_1_736' title='bbox 2659 5426 2783 5470; x_wconf 89' lang='lat' dir='ltr'><strong>ante</strong></span> <span class='ocrx_word' id='word_1_737' title='bbox 2809 5418 2986 5469; x_wconf 90' lang='lat' dir='ltr'><strong>lucem</strong></span> <span class='ocrx_word' id='word_1_738' title='bbox 3022 5416 3187 5469; x_wconf 84' lang='lat' dir='ltr'><strong>horas</strong></span> <span class='ocrx_word' id='word_1_739' title='bbox 3223 5430 3331 5467; x_wconf 92' lang='lat' dir='ltr'><strong>uno</strong></span> <span class='ocrx_word' id='word_1_740' title='bbox 3362 5420 3457 5465; x_wconf 90' lang='lat' dir='ltr'><strong>aut</strong></span> <span class='ocrx_word' id='word_1_741' title='bbox 3492 5412 3679 5465; x_wconf 72' lang='lat' dir='ltr'><strong>altero</strong></span> 
     </span>
    </p>
   </div>
   <div class='ocr_carea' id='block_1_108' title="bbox 392 5500 1974 5581">
    <p class='ocr_par' dir='ltr' id='par_1_108' title="bbox 392 5507 1974 5581">
     <span class='ocr_line' id='line_1_108' title="bbox 392 5507 1974 5581; baseline -0.001 -21"><span class='ocrx_word' id='word_1_742' title='bbox 392 5508 486 5561; x_wconf 82' lang='grc' dir='ltr'><strong>δύο</strong></span> <span class='ocrx_word' id='word_1_743' title='bbox 538 5509 697 5580; x_wconf 76' lang='grc' dir='ltr'>ὡρῶν</span> <span class='ocrx_word' id='word_1_744' title='bbox 755 5511 851 5580; x_wconf 74' lang='grc' dir='ltr'>τῆς</span> <span class='ocrx_word' id='word_1_745' title='bbox 911 5512 1121 5581; x_wconf 74' lang='grc' dir='ltr'>ἡμέρας</span> <span class='ocrx_word' id='word_1_746' title='bbox 1159 5510 1385 5579; x_wconf 78' lang='grc' dir='ltr'>φθάσεις</span> <span class='ocrx_word' id='word_1_747' title='bbox 1440 5508 1691 5578; x_wconf 81' lang='grc' dir='ltr'>πλησίον,</span> <span class='ocrx_word' id='word_1_748' title='bbox 1745 5507 1819 5572; x_wconf 83' lang='grc' dir='ltr'>ὡς</span> <span class='ocrx_word' id='word_1_749' title='bbox 1872 5507 1974 5561; x_wconf 77' lang='grc' dir='ltr'>ἀπὸ</span> 
     </span>
    </p>
   </div>
   <div class='ocr_carea' id='block_1_109' title="bbox 2077 5500 3675 5581">
    <p class='ocr_par' dir='ltr' id='par_1_109' title="bbox 2088 5500 3675 5577">
     <span class='ocr_line' id='line_1_109' title="bbox 2088 5500 3675 5577; baseline -0.004 -16"><span class='ocrx_word' id='word_1_750' title='bbox 2088 5508 2245 5577; x_wconf 81' lang='lat' dir='ltr'><strong>signo</strong></span> <span class='ocrx_word' id='word_1_751' title='bbox 2279 5508 2346 5564; x_wconf 88' lang='lat' dir='ltr'><strong>ab</strong></span> <span class='ocrx_word' id='word_1_752' title='bbox 2378 5507 2617 5565; x_wconf 84' lang='lat' dir='ltr'><strong>hostium</strong></span> <span class='ocrx_word' id='word_1_753' title='bbox 2641 5507 2841 5563; x_wconf 81' lang='lat' dir='ltr'><strong>castris</strong></span> <span class='ocrx_word' id='word_1_754' title='bbox 2889 5505 3060 5575; x_wconf 82' lang='lat' dir='ltr'><strong>absis,</strong></span> <span class='ocrx_word' id='word_1_755' title='bbox 3096 5515 3257 5576; x_wconf 85' lang='lat' dir='ltr'><strong>atque</strong></span> <span class='ocrx_word' id='word_1_756' title='bbox 3288 5504 3360 5557; x_wconf 89' lang='lat' dir='ltr'><strong>ibi</strong></span> <span class='ocrx_word' id='word_1_757' title='bbox 3383 5503 3524 5557; x_wconf 85' lang='lat' dir='ltr'><strong>clam</strong></span> <span class='ocrx_word' id='word_1_758' title='bbox 3551 5500 3675 5555; x_wconf 64' lang='lat' dir='ltr'><strong>col-</strong></span> 
     </span>
    </p>
   </div>
   <div class='ocr_carea' id='block_1_110' title="bbox 1920 5664 2151 5723">
    <p class='ocr_par' dir='ltr' id='par_1_110' title="bbox 1920 5664 2151 5723">
     <span class='ocr_line' id='line_1_110' title="bbox 1920 5664 2151 5723; baseline 0.009 -2"><span class='ocrx_word' id='word_1_759' title='bbox 1920 5664 2151 5723; x_wconf 69' lang='lat' dir='ltr'><strong>NOT/E.</strong></span> 
     </span>
    </p>
   </div>
   <div class='ocr_carea' id='block_1_111' title="bbox 466 5784 1882 5861">
    <p class='ocr_par' dir='ltr' id='par_1_111' title="bbox 466 5784 1882 5861">
     <span class='ocr_line' id='line_1_111' title="bbox 466 5784 1882 5861; baseline -0.003 -18"><span class='ocrx_word' id='word_1_760' title='bbox 466 5789 578 5861; x_wconf 81' lang='grc'>(28)</span> <span class='ocrx_word' id='word_1_761' title='bbox 614 5789 1011 5859; x_wconf 75' lang='grc' dir='ltr'>Διαστήματα.</span> <span class='ocrx_word' id='word_1_762' title='bbox 1050 5788 1420 5853; x_wconf 77' lang='lat' dir='ltr'><strong>Scribehatur,</strong></span> <span class='ocrx_word' id='word_1_763' title='bbox 1466 5784 1882 5856; x_wconf 78' lang='grc' dir='ltr'>σιδιαστήματα.</span> 
     </span>
    </p>
   </div>
  </div>
