4090 6438
425 356 535 421 919

1693 351 1965 411 LEONIS
1992 351 2454 414 PHILOSOPHI

3596 363 3704 427 920

428 465 638 522 locabis
671 464 949 536 quietique
981 464 1164 519 trades
1212 462 1545 530 exercitum,
1570 470 1641 518 ut
1677 465 1998 535 priusquam

2105 464 2224 527 ἑνὸς
2250 464 2282 534 ἥ
2316 463 2568 534 δευτέρου
2596 466 2824 537 σημείου
2854 466 2950 521 τοῦ
2982 468 3091 521 τῶν
3150 469 3363 541 ἐχθρῶν
3408 471 3684 526 ἀπλίκτου

430 560 550 615 dies
572 560 879 623 illucescat,
908 558 1098 613 hostes
1130 556 1381 612 invadas.

501 825 591 879 τι.
626 824 706 877 Ad
756 821 1076 892 hujusmodi
1140 821 1338 877 itinera
1390 820 1560 877 duces
1613 821 1712 876 vite
1779 821 2004 888 habeas,

424 918 515 986 qui
566 924 819 971 accurate
864 915 1009 971 viam
1047 923 1340 981 noverunt,
1423 922 1584 969 utne
1638 922 1789 969 erret
1839 929 2003 969 exer-

425 1009 588 1061 citus.

505 1098 596 1152 25.
638 1095 868 1151 Summo
933 1096 987 1151 in
1036 1095 1255 1151 silentio
1326 1096 1474 1159 sint,
1529 1112 1707 1167 neque
1775 1096 2007 1152 buccina

421 1195 701 1259 personet,
739 1203 916 1257 neque
948 1188 1217 1242 tumultus
1240 1187 1529 1257 quisquam
1562 1188 1703 1242 alius
1748 1188 1860 1242 ﬁat.
1899 1187 2007 1242 Sed

422 1287 468 1333 st
505 1280 664 1350 signo
718 1278 907 1349 aliquo
962 1278 1030 1332 ad
1085 1277 1440 1333 excitandum
1492 1280 1797 1334 exercitum
1861 1294 2005 1349 opus

421 1369 613 1432 fuerit,
639 1368 722 1423 vel
744 1368 931 1432 sibilo,
964 1369 1047 1423 vel
1084 1369 1227 1423 sculi
1263 1369 1521 1438 strepitu,
1555 1369 1639 1423 vel
1672 1384 1803 1424 voce
1831 1370 2007 1440 signi-

424 1461 618 1515 ficetur
647 1461 937 1527 exercitui,
968 1461 1435 1531 quemadmodum
1458 1464 1543 1519 vel
1573 1466 1877 1536 procedere
1919 1447 2005 1522 vel

421 1562 571 1608 stare
597 1561 835 1622 oportet.

508 1645 598 1699 26.
642 1644 709 1699 Ut
739 1660 868 1700 vero
896 1646 1165 1715 strepitus
1195 1661 1261 1701 ac
1305 1647 1512 1705 Stridor
1555 1648 1746 1705 nullus
1775 1648 1869 1715 sit,
1909 1664 2010 1705 nec

2108 556 2203 608 καὶ
2265 557 2443 607 ἐκεῖσε
2505 555 2877 621 λανθανόντως
2929 558 3266 624 ἀναπαύσεις
3318 561 3408 613 τὸν
3447 564 3699 633 στρατὸν,

2177 826 2276 883 κδ’.
2312 830 2403 893 Είς
2451 830 2509 882 δὲ
2554 830 2655 894 τὰς
2711 832 2965 895 τοιαύτας
3037 833 3368 905 ὁδοιπορίας,
3427 836 3513 890 ινα
3571 836 3702 907 ἔχῃς

2109 919 2337 989 ὁδηγοὺς
2384 923 2513 983 τοὺς
2564 922 2706 975 πάνυ
2756 923 3004 993 ἀκριϐῶς
3063 924 3274 988 είδότας
3327 925 3454 988 τοὺς
3503 926 3703 990 τόπους

2109 1013 2187 1076 είς
2211 1013 2272 1066 τὸ
2299 1013 2373 1084 μὴ
2405 1012 2712 1067 πλανᾶσθαι
2742 1015 2833 1068 τὸν
2859 1016 3111 1087 στρατόν.

2179 1110 2277 1159 κε’.
2336 1106 2607 1159 Παντοίαν
2663 1106 2721 1161 δὲ
2767 1107 3000 1177 ἡσυχίαν
3053 1107 3349 1177 ἰχέτωσαν,
3414 1110 3511 1163 καὶ
3562 1112 3702 1182 μήτε

2112 1191 2358 1263 βούκινον
2400 1194 2655 1259 λαλείτω,
2692 1196 2827 1267 μηδέ
2867 1196 3157 1266 οίαδήποτε
3189 1202 3406 1268 κραυγὴ
3441 1200 3699 1266 γινέσθω.

2123 1284 2284 1338 Ἀλλά
2339 1286 2434 1340 ἐάν
2480 1287 2598 1340 ἐστι
2653 1287 2772 1340 δέον
2814 1287 2909 1339 τοῦ
2944 1290 3126 1357 μεῖναι
3169 1288 3262 1341 τὸν
3314 1291 3567 1359 στρατὸν,
3622 1292 3699 1356 ὡς

2112 1379 2282 1445 εἰκὸς,
2330 1381 2363 1449 ἢ
2410 1382 2504 1433 τοῦ
2561 1385 2802 1453 κινῆσαι,
2854 1383 2887 1453 ἢ
2931 1382 3020 1436 διὰ
3050 1384 3406 1455 συριγμοῦ,ἢ
3445 1386 3535 1439 διὰ
3565 1385 3701 1440 κτύ-

2111 1489 2214 1524 που
2248 1474 2595 1543 σκουταρίου,
2649 1473 2682 1544 ἢ
2727 1474 2815 1527 διὰ
2868 1474 3355 1545 παραγγέλματος,
3411 1477 3701 1546 σημαίνειν

2110 1564 2173 1617 τὸ
2206 1564 2468 1635 κίνημαῆ
2504 1565 2605 1635 τὴν
2636 1566 2850 1620 στάσιν.

2182 1654 2294 1721 κς’,
2350 1657 2468 1709 Ἵνα
2516 1657 2571 1709 δὲ
2624 1657 2700 1726 μὴ
2735 1655 2961 1726 θόρυϐος
3017 1657 3128 1711 τῶν
3181 1657 3404 1712 κτύπων
3447 1660 3697 1730 γένηται,

425 1734 481 1787 in
520 1733 921 1804 longitudinem
963 1734 1207 1803 aliquam
1244 1736 1515 1804 producta
1564 1737 1713 1792 acies
1762 1752 2001 1793 errorem

2115 1748 2239 1818 μηδ’
2291 1747 2386 1801 ἐπὶ
2434 1747 2569 1801 πολὺ
2629 1749 2980 1818 ἐκτεινομένη
3034 1750 3067 1818 ὴ
3126 1750 3437 1820 παράταξις
3490 1753 3699 1821 πλάνην

422 1832 587 1893 atque
622 1824 1047 1894 inaequalitatem
1084 1823 1271 1891 faciat,
1320 1841 1445 1896 quae
1484 1842 1572 1882 res
1630 1828 1925 1883 clamorem
1954 1839 2001 1885 et

2112 1805 2208 1894 ἐωξὶ
2263 1840 2561 1910 ἀνισότητα
2617 1843 2776 1910 ποιῇ,
2840 1805 2938 1895 καὶ
2969 1805 3074 1894 ’διά
3125 1805 3285 1895 τούτο
3333 1805 3698 1914 ἐξάνάγκης

422 1916 682 1970 mandata
721 1914 789 1969 ad
821 1916 1244 1987 gubernandum
1277 1917 1584 1972 exercitum
1610 1919 1782 1973 multa
1817 1920 2001 1990 requi-

2111 1931 2363 2002 κραυγὰς
2411 1931 2508 1984 καί¹
2568 1932 2833 2002 μανδάτα,
2887 1930 3029 1984 ὥστε
3084 1933 3179 1985 καὶ
3226 1932 3534 2002 εὔγνωστον
3585 1938 3698 1999 τοῖς

420 2007 512 2072 rit,
532 2014 587 2061 et
621 2007 901 2077 cognitum
944 2007 1200 2063 hostibus
1234 2008 1519 2077 copiarum
1552 2018 1874 2064 nostrarum
1910 2010 2008 2065 ad-

418 2108 647 2153 Ventum
690 2099 843 2165 facit,
871 2109 1159 2170 propterea
1216 2115 1287 2155 ne
1333 2101 1400 2154 ad
1440 2100 1700 2167 frontem,
1735 2102 1789 2157 id
1818 2111 1901 2158 est
1938 2103 2006 2158 ad

416 2191 766 2247 latitudinem
800 2193 1050 2259 multam,
1085 2192 1183 2248 sed
1215 2191 1283 2247 ad
1318 2208 1516 2258 cornu,
1567 2194 1621 2249 id
1681 2201 1769 2250 est
1806 2193 1874 2248 ad
1924 2195 2008 2250 di-

414 2292 627 2338 rectam
678 2282 878 2349 aciem,
931 2282 1398 2352 quemadmodum
1448 2284 1505 2337 in
1552 2286 1917 2342 contubernio
1952 2295 2008 2343 et

416 2374 700 2443 manipulo
750 2374 832 2439 tit,
873 2373 1169 2429 altitudine
1211 2375 1498 2445 copiarum
1538 2376 1788 2433 studiose
1826 2392 2008 2435 asser-

417 2476 568 2519 vata.

483 2558 577 2611 27.
604 2555 707 2613 Ubi
734 2573 905 2628 prope
918 2559 1105 2614 hostes
1126 2559 1330 2614 venerit
1352 2559 1651 2624 exercitus,
1671 2561 1811 2615 clam
1841 2570 2008 2633 atque

414 2650 633 2703 occulte
663 2650 729 2703 ad
761 2650 1063 2720 requietem
1098 2650 1260 2705 dabis
1300 2652 1631 2717 exercitum,
1668 2661 1723 2707 et
1757 2669 1856 2722 pro
1888 2655 1997 2710 loci

416 2742 631 2795 ratione
660 2741 836 2796 aciem
875 2742 1115 2807 instrue,
1150 2740 1349 2797 deinde
1403 2758 1500 2811 per
1549 2744 1687 2799 duos
1736 2753 1831 2799 aut
1895 2755 2006 2803 tres

416 2834 533 2888 dies
583 2833 959 2888 incursionem
997 2832 1182 2898 facito,
1219 2846 1326 2885 non
1380 2832 1437 2886 in
1493 2848 1686 2888 omnes
1737 2844 1920 2904 partes
1952 2848 2008 2892 et

414 2933 649 2995 quatuor
682 2927 852 2980 latera
893 2924 1188 2991 exercitus,
1230 2940 1299 2980 ne
1322 2924 1539 2981 obsessi
1562 2926 1808 2997 undique
1831 2937 1997 2998 atque

414 3018 701 3074 interclusi
756 3026 1030 3087 cogantur
1097 3017 1153 3071 in
1211 3016 1540 3072 densitatem
1576 3024 1631 3072 et
1659 3020 1997 3076 contrahan-

414 3118 525 3171 tur.
551 3111 646 3166 sed
687 3111 1045 3165 securitatem
1089 3107 1351 3174 habeant,
1414 3117 1854 3183 potestatemque
1890 3129 1997 3169 una
2025 3148 2071 3209 α

412 3215 478 3255 ex
512 3210 663 3270 parte
689 3215 796 3270 qua
827 3200 997 3255 velint
1027 3199 1365 3271 aul‘ugieudi.

483 3377 575 3434 28.
605 3376 664 3432 Si
706 3378 1115 3434 multitudinem
1153 3394 1408 3451 magnam
1442 3382 1723 3439 exercitus
1779 3385 1858 3438 tui
1906 3385 2003 3439 ba-

414 3469 568 3535 beas,
602 3483 712 3525 una
748 3472 865 3527 sola
908 3482 1004 3526 aut
1039 3473 1212 3527 altera
1243 3474 1478 3528 buccina
1509 3482 1692 3542 sonet,
1722 3484 1782 3529 ttt
1812 3476 2002 3534 hostes

416 3570 471 3615 te
502 3571 697 3630 putent
728 3577 955 3631 parvum
990 3563 1194 3618 habere
1243 3566 1573 3630 exercitum,
1603 3575 1659 3621 et
1707 3566 1999 3638 decipian-

412 3660 528 3707 tur.
561 3654 659 3708 Sin
716 3670 946 3720 parvum
1004 3656 1214 3711 habeas
1244 3658 1574 3723 exercitum,
1608 3660 1797 3729 plures
1858 3661 1996 3716 buc-

413 3748 555 3802 cinae
582 3757 802 3814 sonent,
852 3756 913 3803 ut
972 3763 1226 3820 magnam
1289 3749 1699 3807 multitudinem
1750 3753 1991 3809 hostium

414 3834 604 3890 venire
634 3837 999 3891 arbitrentur.

483 3928 577 3983 29.
626 3928 830 4000 Copias
856 3929 1127 3999 quasdam
1162 3930 1472 3987 constitues
1516 3947 1581 3987 eo
1636 3940 1885 4004 tempore
1932 3933 2001 3989 ad

414 4039 612 4079 manus
639 4023 1013 4079 conserendas
1046 4023 1280 4091 habiles,
1325 4040 1561 4098 quaeque
1610 4039 1745 4083 suos
1793 4028 1996 4083 iterum

416 4116 710 4172 redeuntes
738 4116 1033 4187 excipiant.

480 4418 939 4476 50.1neutsiones
966 4419 1021 4473 in
1047 4420 1259 4485 hostes,
1298 4421 1344 4476 si
1367 4422 1583 4492 equites
1601 4422 1735 4489 sint,
1764 4430 1883 4478 tuto
1916 4423 2001 4477 fa-

2107 2024 2324 2093 εχθροϊς
2357 2023 2453 2095 τὴν
2485 2024 2793 2095 παρουσίαν
2839 2023 2933 2077 τοῦ
2978 2025 3213 2095 στρατοῦ
3269 2025 3554 2093 γενέσθαι·
3606 2028 3699 2082 διὰ

2106 2116 2266 2169 τοῦτο
2293 2116 2399 2188 χρὴ
2440 2116 2516 2186 μὴ
2560 2116 2652 2168 ἐπὶ
2709 2116 2961 2185 μέτωπον
2992 2118 3158 2187 ἤγουν
3196 2118 3289 2170 ἐπὶ
3313 2118 3527 2189 ἐκταμα
3559 2122 3695 2175 πολὺ

2108 2206 2187 2266 είς
2221 2205 2450 2269 πλάτος,
2488 2205 2625 2259 ἀλλά
2671 2205 2765 2258 ἐπὶ
2794 2206 2986 2277 κέρας,
3044 2207 3321 2261 τουτέστιν
3366 2208 3460 2261 ἐπὶ
3505 2210 3697 2281 ὀρθίαν

2109 2297 2439 2368 παράταξιν,
2502 2299 2577 2360 ὡς
2616 2298 2710 2349 ἐπὶ
2740 2297 2901 2360 ἀκίας
2953 2299 3047 2352 καὶ
3099 2298 3285 2368 στίχου
3331 2300 3473 2353 κατά
3526 2301 3696 2373 οὐράν

2105 2388 2357 2459 ἀλλήλων
2387 2390 2732 2461 περιπατεῖν,
2768 2388 3011 2459 δηλονότι
3041 2389 3137 2443 τοῦ
3192 2391 3390 2462 βάθους
3434 2393 3552 2465 ἤτοι
3598 2395 3701 2449 τοῦ

2107 2480 2317 2550 πάχους
2356 2480 2455 2549 τῆς
2482 2480 2693 2547 τάξεως
2730 2479 3162 2552 φυλαττομένου.

2177 2572 2280 2635 κζ’.
2334 2572 2444 2624 Καὶ
2491 2571 2618 2625 ὅταν
2679 2573 2909 2642 πλησίον
2981 2573 3092 2627 τῶν
3151 2573 3365 2645 ἐχθρῶν
3431 2576 3611 2649 φθάσῃ
3666 2580 3698 2631 ό

2107 2664 2357 2735 στρατὸς,
2413 2664 2535 2718 τότε
2585 2664 2907 2735 λεληθότως,
2960 2666 3054 2718 καὶ
3104 2667 3390 2735 κρυφαίως
3443 2669 3697 2724 ἀνάπαυε

2106 2755 2303 2818 αὐτοὺς
2353 2755 2448 2809 καὶ
2500 2755 2743 2827 ὀρθωσον
2800 2756 2899 2826 τὴν
2947 2757 3141 2822 τάξιν,
3193 2760 3288 2812 καὶ⁸
3344 2761 3419 2825 ὼς
3460 2762 3489 2814 ὀ
3533 2764 3693 2828 τόπος

2105 2845 2437 2916 ἐπιδέχεται,
2482 2848 2590 2900 εἴτε
2622 2847 2711 2901 διὰ
2759 2848 2852 2901 δύο
2882 2847 3018 2919 (29),
3055 2848 3164 2902 εἴτε
3197 2850 3286 2905 διὰ
3311 2853 3481 2920 τριῶν
3510 2856 3694 2925 μερῶν

2103 2940 2203 3010 τὴν
2233 2940 2522 2994 ἐπέλευσιν
2552 2941 2780 3010 ποίησον
2806 2956 2819 2969 ·
2864 2941 2985 2994 οὑδέ
3037 2942 3147 3010 γὰρ
3204 2944 3347 2997 κατὰ
3407 2946 3519 2999 τῶν
3567 2964 3694 3000 τεσ-

2105 3033 2290 3104 σάρων
2324 3033 2507 3105 μερῶν
2543 3034 2722 3104 χρεία,
2763 3034 2851 3087 ἵνα
2885 3034 2960 3105 μὴ
2989 3033 3529 3108 περιλαμδανόμενοι
3554 3058 3694 3093 παν-

2103 3124 2328 3195 ταχόθεν
2366 3127 2416 3179 οί
2471 3126 2659 3197 ἐχθροὶ⁵
2690 3128 2755 3179 ἐκ
2804 3127 3187 3197 περιστάσεως
3238 3130 3691 3201 συμφράξωνται,

2103 3217 2222 3270 ἀλλ’
2258 3220 2349 3272 ἵνα
2404 3218 2602 3289 ἔχωσιν
2652 3220 2841 3275 ἀδειαν
2879 3219 2946 3273 δι’
2974 3219 3094 3284 ἐνὸς
3137 3221 3339 3292 μέρους
3366 3225 3414 3276 οἱ
3449 3225 3695 3289 θέλοντες

2103 3306 2348 3377 φεύγειν.
3400 3350 3403 3353 ,

2171 3399 2281 3470 κη’.
2327 3401 2437 3454 Καὶ
2460 3400 2582 3454 τότε
2612 3400 2710 3454 ἐὰν
2753 3401 2957 3472 πλῆθος
2990 3401 3121 3474 ἔχῃς
3156 3405 3388 3476 στρατοῦ
3422 3406 3482 3459 τὸ
3521 3408 3693 3478 ἐπερο

2101 3493 2353 3564 χόμενον,
2384 3492 2493 3562 ἒνῆ
2528 3493 2621 3546 καὶ
2635 3493 2888 3564 δεύτερον
2926 3495 3195 3550 ἐϐούκινον
3224 3495 3337 3566 (30)
3371 3499 3694 3567 παρασκεύ-

2105 3583 2206 3647 αζε
2242 3583 2445 3647 λαλεῖν,
2479 3583 2566 3637 ἵνα
2591 3583 2727 3654 πρὸς
2757 3583 2939 3651 ὀλίγον
2970 3585 3200 3654 στρατὸν
3233 3584 3517 3647 δοκοῦντες
3548 3585 3695 3654 ἔχειν

2101 3676 2479 3731 λανθάνωνται
2537 3676 2589 3728 οἱ
2647 3674 2917 3746 πολέμιοι.
2966 3677 3029 3728 Et
3092 3676 3150 3729 δὲ
3219 3676 3400 3745 ὀλίγον
3463 3677 3695 3747 στρατὸν

2100 3770 2254 3842 ἔχῃς,
2304 3770 2525 3823 πλείονα
2556 3767 2780 3839 βούκινα
2810 3768 3167 3836 λαλείτωσαν,
3212 3770 3299 3823 ἵνα
3342 3770 3549 3840 πλῆθος
3602 3786 3695 3825 νος

2104 3863 2365 3935 μίζωνται
2391 3861 2452 3915 τὸ
2471 3861 2859 3931 ἐπερχόμενον.

2174 3951 2276 4007 κθ’.
2335 3952 2456 4023 Χρὴ
2510 3951 2569 4004 δέ
2618 3968 2678 4004 σε
2712 3952 2930 4016 πάντως
2975 3951 3206 4022 δύναμίν
3258 3968 3383 4006 τινα
3433 3952 3691 4023 συνιστᾷν

2109 4047 2343 4121 στρατοῦ
2400 4049 2500 4119 τὴν
2550 4047 2883 4119 μιγνύουσαν
2936 4051 3124 4119 χεῖρας
3184 4048 3327 4104 κατὰ
3382 4050 3484 4121 τὴν
3535 4049 3690 4121 ὥραν

2102 4141 2342 4211 ἐκείνην,
2367 4138 2505 4193 ἀλλά
2530 4140 2626 4191 καὶ
2658 4138 2932 4208 εὐκαίρως
2971 4137 3291 4208 ἱσταμένην,
3317 4139 3411 4192 καὶ
3440 4138 3693 4208 ὀφείλους-

2104 4252 2204 4287 σαν
2224 4232 2371 4298 τοὺς,
2395 4231 2471 4295 ὡς
2488 4230 2660 4297 εἰκὸς,
2688 4231 3126 4302 προστρέχοντας
3145 4231 3209 4284 ἐκ
3232 4229 3341 4284 τῶν
3360 4230 3505 4285 ἰδίων
3528 4247 3693 4301 προσ-

2100 4326 2375 4397 δέχεσθαι.

2173 4415 2239 4471 λ’.
2294 4416 2407 4479 Τὰς
2462 4414 2519 4469 δὲ
2565 4412 2708 4469 κατά
2763 4413 3148 4486 καὸαλλαρίων
3198 4410 3411 4482 ἐχθρῶν
3464 4410 3689 4480 ἐφόδους

413 4511 552 4574 eias,
584 4510 743 4579 quasi
778 4509 844 4563 ad
875 4507 1148 4578 publicam
1184 4524 1417 4578 pugnam
1454 4511 1799 4579 procederes,
1844 4521 1906 4567 ttt
1944 4516 1991 4568 si

2108 4509 2346 4580 μάλιστα
2400 4506 2660 4576 ἀσφαλῶς
2700 4506 2857 4560 ποιοῦ
2903 4507 3000 4561 καὶ
3045 4506 3120 4568 ὡς
3163 4504 3259 4557 ἐπὶ
3283 4502 3550 4574 δημοσίας
3579 4501 3689 4571 μά-

408 4603 725 4674 progrcssio
759 4610 853 4654 tua
886 4600 1073 4655 minus
1105 4599 1337 4655 feliciter
1365 4602 1634 4671 procedit,
1668 4602 1761 4657 sed
1800 4604 1987 4660 hostes

407 4693 827 4763 prmsentientes
883 4692 1176 4746 adversum
1234 4698 1286 4745 te
1339 4691 1712 4758 instruantur,
1751 4694 1804 4747 in
1860 4709 1987 4750 sus-

2100 4615 2203 4669 χης
2234 4615 2249 4629 ·
2302 4598 2390 4651 ἵνα
2421 4597 2517 4650 ἐὰν
2546 4597 2615 4649 τὰ
2642 4596 2739 4667 τῆς
2772 4596 2963 4665 ἐφόδου
3015 4596 3091 4665 μὴ
3121 4592 3266 4647 κατά
3304 4593 3507 4647 σκοπὸν
3553 4608 3689 4664 προ-

2093 4692 2249 4761 ἐλθῃ,
2289 4690 2406 4744 ἀλλ’
2445 4692 2495 4743 οἱ
2536 4690 2785 4760 πολέμιοι
2837 4687 3263 4759 προαισθόμενοι
3307 4684 3691 4755 ἀντιπαρατά-

404 4795 565 4854 cepto
596 4784 784 4853 praelia
815 4783 975 4855 quasi
1031 4783 1336 4852 imparatus
1384 4791 1479 4837 aut
1518 4782 1819 4854 dissipatus
1872 4801 1981 4841 non

2103 4787 2313 4851 Ξωνται,
2355 4783 2429 4853 μὴ
2460 4781 2774 4853 ἐλαττωθῇς
2830 4782 2888 4833 ἐν
2946 4783 3014 4850 τῇ
3070 4778 3368 4850 κινουμένῃ
3412 4778 3559 4849 μάχῃ
3608 4776 3725 4886 ὡς.

406 4890 707 4929 δυοοΐοτιε.

548 4891 707 4929 reris.

476 4890 565 5018 ἓξ.
600 4965 656 5019 Si
693 4966 881 5019 hostes
914 4965 1123 5035 pedites
1156 4963 1381 5031 fuerint,
1414 4964 1495 5019 tui
1525 4972 1706 5019 autem
1742 4968 1979 5037 equites,

407 5065 619 5112 certum
649 5065 733 5112 est
766 5058 853 5112 vel
887 5065 940 5113 te
968 5060 1149 5115 hostes
1179 5060 1460 5125 laesurum,
1513 5060 1597 5114 vel
1636 5061 1756 5115 sine
1810 5062 1989 5117 ofl‘en-

2088 4876 2478 4946 ἀπαράσκευος
2508 4872 2604 4925 καὶ
2627 4872 2935 4940 ἀνέτοιμος.

2186 4964 2290 5019 λα’.
2334 4964 2459 5019 Ἐὰν
2493 4964 2603 5035 γὰρ
2643 4962 2800 5026 πεζοὶ
2837 4957 2970 5017 ὦσιν
3014 4961 3065 5013 οἱ
3104 4960 3358 5026 ἐναντίοι,
3408 4955 3688 5012 καὸαλλά-

2102 5074 2208 5129 ριοι
2256 5054 2314 5108 δὲ
2343 5055 2394 5107 οἱ
2436 5053 2577 5125 μετά
2631 5051 2727 5105 σοῦ
2780 5051 3162 5123 ἐπερχόμενοι,
3195 5049 3462 5121 πρόδηλόν
3512 5049 3684 5111 ἐστιν,

1947 5209 2176 5269 NOTAE.

475 5326 586 5397 (29)
614 5327 751 5380 Εἴτε
780 5326 878 5380 διὰ
906 5326 1037 5381 δύο.
1067 5324 1280 5391 Scribe,
1311 5323 1430 5379 εἶτα
1456 5326 1541 5379 διὰ
1567 5325 1679 5379 δύο.

474 5395 589 5469 (30)
629 5397 947 5469 ἰϐύκινον.
1004 5396 1407 5460 liescriberetn,
1432 5397 1715 5469 podxtvov,
1745 5395 1822 5469 uti
1858 5410 1957 5469 pas

398 5465 501 5528 sint
539 5465 655 5523 toto
710 5468 815 5523 hoc
877 5468 1036 5528 lihro,
1068 5476 1122 5520 et
1151 5481 1249 5536 pro
1276 5482 1393 5520 aevo
1431 5466 1648 5520 Leonis.
1686 5465 1792 5521 Sed
1844 5467 1990 5519 inhi-

398 5542 527 5595 bent
556 5556 639 5591 tne
673 5539 921 5607 magistri
948 5536 1143 5591 Graeci.
1183 5539 1419 5607 Squillas:
1454 5537 1757 5607 ίἸόύκινον,
1810 5554 1993 5604 μουσι-

401 5610 519 5671 κὸν,
550 5606 800 5679 ὄργανον,
823 5608 931 5660 ἀπὸ
959 5608 1167 5661 ἱῦύκου.
1214 5606 1373 5679 Hine,
1418 5606 1700 5679 ίϐυκινεῖν,
1732 5616 1786 5661 et
1814 5607 1991 5679 ίϐυκιέ

399 5676 594 5746 νίζεινζ
632 5678 984 5748 Elyntologici
1027 5678 1263 5730 Auctor:
1304 5676 1641 5748 Ἰὀυκι-ιίσαι,
1683 5679 1822 5748 ὅπερ
1854 5678 1994 5730 κατά

405 5746 719 5816 μεταφορὰν
754 5746 973 5813 λέγεται
1001 5748 1321 5813 βουκινίπαι.
1364 5746 1667 5815 Hesychius
1696 5746 1996 5817 ;“16υκινῆο

322 5870 331 5877 ,
405 5835 526 5884 σαι,
592 5818 1011 5884 ἐπευφημῆσαι,
1068 5819 1277 5883 βοῆσαι.
1339 5818 1492 5883 ltcm,
1548 5818 1881 5887 ίευκινητὴς,
1944 5826 1996 5873 ct

2092 5532 2206 5597 θος.
2241 5532 2477 5585 Basilius
2504 5532 2761 5598 patritius
2782 5532 2836 5584 iu

2092 5320 2446 5390 ἰὸυκινάτωρ.
2486 5321 2696 5375 Auctor
2755 5321 3001 5377 incertus
3036 5319 3176 5390 apud
3226 5318 3449 5375 Suidam
3484 5319 3688 5373 εΚατά

2086 5396 2191 5471 τὴν
2219 5392 2540 5471 συμπλοκὴν
2571 5391 2681 5471 τῶν
2694 5391 2969 5471 ,Κελτῶν-
2996 5390 3136 5471 πρὸς
3172 5390 3482 5471 Ῥωμαίους
3504 5390 3687 5470 ἀναρίο

2095 5458 2303 5534 θμτ,τον
2334 5458 2403 5534 ἦν
2431 5458 2507 5513 τδή
2527 5461 2638 5534 τῶν
2669 5461 3011 5534 ίόυκανητῶν
3046 5458 3140 5534 καί
3163 5458 3524 5534 *σαλπιγκτῶν
3548 5459 3688 5534 πλῆ-

2925 5530 3264 5585 attmaehieis
3300 5546 3313 5580 :
3347 5529 3686 5599 Προσθετέον

2093 5605 2149 5657 δὲ
2187 5602 2397 5673 τούτοις
2428 5604 2521 5653 καὶ
2542 5602 2901 5673 τριηραύλην,
2944 5602 3037 5673 καλ
3064 5600 3386 5673 κελευστὴν.
3432 5599 3590 5673 Ἐστι
3626 5599 3684 5650 δὲ

2094 5678 2121 5726 ό
2155 5670 2695 5742 μὲνπίϐουκινάτωρζ
2733 5673 2790 5725 '0
2815 5672 2891 5737 δὲ,
2917 5675 2944 5723 ὁ
2974 5671 3035 5722 τὸ
3064 5670 3376 5742 φλάμουλον
3412 5670 3679 5742 κατέχων.

2101 5740 2404 5813 llesyehitts
2446 5744 2513 5793 ab
2587 5740 2695 5807 ῖ6υ,
2763 5742 3021 5813 adverbio
3080 5740 3300 5807 Ionico;
3357 5740 3556 5797 Suidas
3615 5740 3684 5792 ab

2098 5811 2258 5884 lhyeu
2285 5814 2567 5867 inventore
2598 5829 2795 5868 nomen
2827 5811 3056 5867 derivat.
