4090 6434
399 375 502 440 921

1432 375 1765 435 TACTICA.
1802 401 1868 413 —
1905 375 2421 439 CONSTITUTIO
2452 380 2641 443 XVII.

3598 385 3708 448 9‘22

395 489 481 542 ὅτι
513 487 547 558 ἢ
577 486 804 558 βλάψεις
836 487 950 559 (51)
978 487 1104 551 τοὺς
1136 486 1437 553 ἐναντίους,
1520 488 1767 559 ἀϐλαϐὴς
1792 489 1991 560 ἀναχω-

2109 490 2266 547 sione
2296 494 2695 561 discessurum,
2727 509 2851 549 cum
2879 495 3090 567 pedites
3119 496 3336 571 insequi
3366 498 3505 555 alios
3534 502 3699 570 equi-

400 580 612 650 ρήσεις,
669 580 778 633 τῶν
814 579 995 644 πεζῶν
1036 579 1253 635 διώκειν
1298 582 1428 643 τοὺς
1475 582 1874 654 καϐαλλαρίους
1928 583 1991 637 ού

395 670 739 741 δυναμένων.

467 759 570 830 ψ’.
604 761 668 816 Et
689 761 746 815 δὲ
778 761 1141 835 καδαλλάριοί
1161 765 1301 819 είσιν
1323 766 1419 820 καὶ
1436 767 1485 819 οί
1513 764 1772 830 ὲναντίοι,
1796 767 1902 837 χρή
1931 783 1991 819 σε

397 853 535 921 πρὸς
559 854 631 908 τὰ
663 855 1046 925 συμόαίνοντα
1074 857 1335 922 πολλάκις
1360 857 1579 913 ἐναντία
1601 857 1820 929 ἕτοιμον
1851 854 1993 912 εἶναι

395 948 492 999 καὶ
515 949 1067 1018 παρεσκευασμένον.

468 1038 571 1106 λγ.
607 1038 669 1091 Εἰ
697 1038 755 1092 δὲ
778 1040 835 1093 ἐν
865 1041 1023 1093 νυκτὶ
1055 1039 1246 1109 ἔφοδος
1270 1040 1496 1113 γένηται
1524 1043 1668 1096 κατὰ
1692 1044 1989 1112 φοσσάτου,

397 1126 512 1181 εἴτε
544 1127 605 1179 ὲν
632 1128 842 1200 ἡμέρᾳ,
873 1127 907 1199 ἢ
936 1128 1080 1183 κατά
1129 1130 1446 1194 ὁδευόντων,
1499 1132 1532 1203 ἢ
1569 1133 1710 1187 κατά
1748 1132 1990 1201 τούλδου,

396 1220 478 1273 δεῖ
509 1221 872 1291 ἀφωρισμέναι
903 1222 1161 1292 τάγματα
1194 1223 1343 1293 ἔχειν
1392 1240 1453 1277 σε
1505 1225 1641 1297 πρὸς
1682 1226 1991 1298 διαρπαγὴν

396 1312 507 1368 τῶν
532 1312 880 1384 πραγμάτων
905 1328 919 1341 ·
957 1313 1043 1366 ἵνα
1078 1315 1155 1385 μὴ
1186 1316 1269 1378 είς
1297 1314 1456 1369 τοῦτο
1488 1318 1707 1372 πάντων
1737 1319 1993 1389 ἀσχολου-

402 1404 601 1475 μένων,
649 1407 938 1472 ὲπέλευσις
972 1408 1079 1462 ὑπὸ
1129 1408 1342 1482 ἐχθρῶν
1376 1412 1626 1484 γένηται,
1673 1414 1769 1468 καὶ
1811 1415 1993 1469 κινδυ-

397 1498 567 1573 νεύσῃ
593 1501 621 1554 ό
668 1503 922 1574 στρατός.

467 1592 562 1646 λδ’.
604 1594 717 1659 Τὰς
763 1595 821 1649 δὲ
874 1594 1132 1661 τοιαύτας
1184 1598 1408 1667 ἐφόδους
1448 1599 1549 1664 τὰς
1599 1599 1853 1671 μείζονας
1893 1601 1992 1672 μὲν

398 1684 492 1737 καὶ
546 1685 762 1749 τελείας
810 1685 877 1739 δι’
917 1686 1115 1741 ἑαυτοῦ
1176 1692 1411 1762 ποιήσῃς
1444 1706 1456 1720 ·
1513 1692 1739 1747 δυνατὸν
1797 1694 1855 1747 δέ
1910 1711 1992 1747 σοι

400 1776 602 1848 μᾶλλον
667 1780 765 1833 καὶ
819 1779 910 1834 διὰ
971 1782 1338 1853 τουρμάρχων
1399 1783 1509 1837 τῶν
1565 1784 1660 1837 ἐπὶ
1725 1784 1994 1850 τοιούτοις

2105 595 2191 642 tes
2221 603 2333 641 non
2360 587 2600 659 possint.

2171 762 2261 817 52.
2302 762 2398 818 Sin
2431 752 2653 833 equites
2673 766 2859 824 hostes
2894 766 3120 833 fuerint,
3157 778 3378 840 oportet
3402 780 3458 827 te
3482 773 3549 827 ad
3586 787 3706 828 om-

2101 866 2203 908 nes
2229 868 2394 911 casus
2436 857 2705 914 adversos
2736 866 3049 930 promptum
3081 870 3134 915 et
3172 874 3423 932 paratum
3449 879 3595 920 esse.

2174 1032 2265 1088 33.
2316 1032 2372 1088 Si
2408 1035 2645 1091 interdiu
2681 1045 2776 1091 aut
2812 1048 2978 1093 noctu
3029 1040 3272 1095 incursio
3303 1040 3358 1094 in
3404 1048 3621 1104 castra,
3647 1042 3701 1099 in

2102 1124 2518 1195 impedimenta,
2554 1127 2607 1181 in
2648 1128 2854 1183 milites
2884 1131 2989 1185 iter
3019 1129 3286 1186 facientes
3318 1130 3499 1199 fuerit,
3545 1149 3703 1203 sepa-

2102 1226 2253 1273 ratas
2277 1219 2546 1288 quasdam
2588 1220 2846 1276 cohortes
2884 1222 2950 1275 ad
2986 1237 3171 1277 rerum
3207 1224 3573 1294 direptionem
3608 1227 3702 1279 ha-

2102 1311 2232 1364 bere
2258 1312 2555 1381 oportebit,
2593 1322 2742 1368 utne
2776 1314 3035 1370 omnibus
3077 1316 3261 1371 hacin
3306 1332 3364 1373 re
3389 1320 3699 1391 occupatis,

2101 1402 2351 1458 incursio
2384 1403 2453 1457 ah
2479 1404 2721 1461 inimicis
2753 1406 2846 1458 fiat
2885 1414 2939 1461 et
2972 1408 3339 1475 periclitetur.

2175 1580 2264 1636 5L
2303 1580 2661 1637 lncursiones
2690 1580 2932 1650 majores
2978 1589 3033 1636 et
3064 1581 3346 1638 absolutas
3370 1593 3425 1638 tu
3459 1583 3576 1654 ipse
3604 1600 3702 1656 per

2103 1686 2155 1732 te
2196 1675 2413 1733 facies:
2458 1676 2668 1746 puteris
2718 1676 2884 1731 etiam
2928 1691 3026 1745 per
3078 1678 3427 1732 turmarchas
3459 1678 3525 1733 ad
3558 1678 3701 1734 hanc

2104 1789 2217 1828 rem
2266 1772 2494 1827 idoneos
2530 1772 2636 1827 hoc
2679 1771 2914 1836 eﬂicere,
2966 1772 3061 1841 qui
3095 1772 3267 1826 vicem
3296 1779 3446 1827 tuam
3480 1771 3702 1828 fortitu-

394 1864 687 1936 πράγμασι
718 1867 1007 1939 χρησίμων
1040 1869 1212 1932 αὑτὰς
1241 1870 1509 1938 γίνεσθαι.
1540 1871 1752 1936 Οῖτινες
1818 1874 1991 1927 ἱκανοί

2100 1866 2226 1923 dine
2260 1867 2598 1938 solertiaque
2647 1880 2747 1923 sua
2780 1865 3007 1936 explere
3034 1866 3275 1936 possint.

394 1960 506 2013 είσι
549 1960 644 2014 τὸν
677 1960 768 2015 σὸν
802 1962 967 2015 τόπον
995 1962 1393 2033 ἀναπληρῶσαι
1418 1963 1509 2018 διὰ
1536 1961 1637 2036 τ’ὴν
1668 1965 1995 2021 ἀποδεικνυ-

396 2051 568 2123 μένην
593 2054 650 2104 ὲν
682 2052 866 2116 αὐτοῖς
899 2054 993 2107 καὶ
1025 2052 1279 2125 ἀνδρείαν
1310 2056 1406 2108 καὶ
1434 2056 1742 2126 ἀγχίνοιαν.

464 2142 560 2201 λε’.
608 2146 735 2201 Ἐὰν
760 2146 816 2200 δὲ
846 2148 904 2200 ὲν
935 2150 1001 2219 τῇ
1031 2147 1136 2201 τῶν
1169 2148 1447 2221 πολεμίων
1482 2149 1639 2221 χώρᾳ
1691 2151 1993 2208 εἰσϐάλλων

392 2238 696 2309 ὁδοιπορεῖν
752 2239 954 2312 μέλλῃς
986 2242 1165 2294 ἐκεῖσε
1222 2242 1317 2295 καὶ
1364 2242 1680 2312 πραιδεύειν
1720 2243 1832 2315 (52)
1867 2244 1996 2315 βλά-

392 2329 496 2401 6ης
536 2330 670 2394 ἰδίας
704 2334 898 2404 χωρὶς,
930 2333 1148 2405 πρῶτον
1179 2335 1278 2403 μὲν
1312 2335 1444 2389 ἴδιον
1477 2337 1574 2390 καὶ⁷
1593 2338 1848 2408 ἁρμόδιον
1877 2340 1991 2410 (55)

394 2416 585 2495 καιρὸν
615 2424 962 2492 ὲπιλεύσσου,
990 2420 1146 2490 οὗτος
1186 2427 1243 2481 δέ
1289 2429 1439 2481 ἐστιν
1497 2431 1525 2482 ὁ
1581 2428 1831 2501 ἀσφαλὴς
1890 2430 1992 2500 τῆς

392 2517 764 2589 ἐγχειρήσεως
815 2519 1029 2589 καιρὸς,
1093 2520 1183 2573 ὅτε
1233 2520 1265 2591 ἦ
1300 2520 1594 2592 συμϐαλὼν
1624 2522 1727 2593 ήδη
1756 2525 1871 2588 τοῖς
1900 2526 1991 2594 ἐχ-

396 2608 550 2681 θροῖς
596 2609 747 2683 μάχῃ
780 2611 1094 2684 ἐκράτησας
1145 2611 1349 2679 αὐτῶν,
1398 2613 1431 2685 ἢ
1473 2613 1719 2685 νομίσεις
1761 2615 1842 2669 ὅτι
1890 2618 1991 2671 οὐκ

392 2703 501 2755 εἰσὶ
520 2701 737 2756 δυνατοὶ
761 2703 897 2774 πρὸς
916 2703 1016 2775 τὴν
1042 2706 1142 2776 σὴν
1170 2704 1424 2776 δύναμιν,
1452 2707 1484 2779 ἢ
1517 2707 1647 2761 ὅταν
1680 2708 1989 2781 ἀνετοίμοις

393 2795 578 2859 αὐτοῖς
612 2790 711 2851 καὶ
737 2797 1150 2867 ἀπαρασκεύοις
1178 2798 1353 2864 οὖσιν,
1408 2800 1693 2869 αίφνιδίως
1744 2801 1991 2874 ἐπιτεθῆ-

391 2902 478 2941 ναι
512 2887 839 2959 μελετήσῃς,
879 2887 956 2953 ὡς
992 2889 1091 2961 ήδη
1127 2890 1488 2961 προείπομεν.

466 2978 580 3045 λς’.
637 2981 770 3036 Δέον
818 2998 878 3034 σε
931 2983 1039 3052 πρὸ
1090 2982 1330 3046 πάντων,
1360 2977 1405 3036 ὦ
1436 2983 1732 3055 στρατηγέ,
1769 2983 1989 3038 εἰσϐάλ-

391 3072 556 3128 λοντα
580 3076 660 3138 είς
686 3075 783 3144 τὴν
813 3074 1093 3144 πολεμίων
1118 3075 1243 3145 γῆν,
1277 3076 1377 3147 τῆς
1420 3077 1738 3148 ἀποτροφῆς
1769 3077 1988 3149 φροντί-

396 3183 488 3220 σαι
520 3165 617 3219 τοῦ
653 3165 910 3237 στρατοῦ,
946 3167 1039 3221 καλ⁸
1084 3167 1117 3239 ἢ
1153 3167 1241 3221 διὰ
1272 3168 1555 3241 βασταγῆς
1607 3168 1892 3240 δημοσίας,
1949 3170 1982 3241 ἢ
2014 3218 2061 3281 C

390 3258 459 3311 δι’
493 3259 674 3314 αὐτῶν
707 3259 821 3314 τῶν
861 3260 1233 3332 στρατιωτῶν,
1263 3262 1297 3334 ἢ
1334 3262 1507 3328 ἄλλως
1544 3281 1660 3327 πως
1699 3264 1986 3335 ἐπινοῆσαι

394 3350 663 3421 βαστάσαι
710 3351 1029 3423 ἀποτροφὴν
1080 3352 1175 3405 καὶ
1227 3353 1441 3422 ἀλόγων
1490 3354 1584 3408 καὶ
1635 3353 1939 3424 ἀνθρώπων
1969 3372 1985 3387 ο

393 3440 482 3494 ῖνα
523 3441 598 3514 μὴ
640 3441 768 3513 περὶ
798 3441 973 3512 μέσην
1005 3442 1106 3513 τὴν
1151 3441 1336 3515 χώραν
1389 3443 1545 3513 ἄφνω
1592 3443 1702 3499 τῶν
1752 3444 1986 3517 ἐχθρῶν,

393 3533 471 3597 ὡς
504 3533 674 3601 εἰκὸς,
713 3534 1090 3604 ἀφανιζόντων
1114 3536 1185 3590 τὰ
1214 3536 1408 3608 ἕτοιμα
1444 3536 1561 3609 εἴδη
1604 3538 1984 3611 στενοχωρηθῇ

390 3626 421 3679 ό
451 3627 703 3697 στρατός.

464 3715 563 3783 λζ’.
601 3719 692 3789 Μὴ
725 3716 1086 3792 ἐπιτηδεύσῃς
1131 3718 1188 3773 δὲ
1220 3720 1547 3792 νυκτερινὰς
1584 3722 1895 3794 ὁδοιπορίας
1930 3724 1987 3777 ἐν

395 3809 633 3883 πολεμίᾳ
666 3810 820 3884 χώρα
853 3813 1148 3876 ποιεῖσθαι,
1201 3814 1249 3866 εί
1294 3812 1370 3885 μὴ
1418 3816 1555 3885 πρὸς
1595 3816 1764 3883 ἅπαξ,
1819 3818 1988 3889 ἤγουν

396 3904 529 3975 μίαν
561 3907 655 3957 καὶ
702 3905 897 3978 μόνην,
959 3908 1054 3960 καὶ
1102 3905 1194 3959 τοῦ
1224 3906 1552 3977 λεληθότως,
1610 3910 1739 3973 ι’σως
1798 3909 1989 3983 χρείας

394 3996 706 4065 ἀναγκαίας
753 3996 1031 4068 καλούσης
1080 3999 1165 4061 είς
1214 3998 1275 4051 τὸ
1323 3997 1507 4052 λαθεῖν
1557 4000 1682 4064 τοὺς
1735 4000 1985 4071 ἐχθροὺς,

394 4090 489 4143 καὶ
518 4089 683 4144 τόπον
730 4087 971 4162 δυσχερῆ
1021 4090 1463 4162 προκαταλαϐεῖν
1502 4092 1663 4163 χάριν
1693 4092 1987 4164 ὀχυρώμα-

394 4182 575 4252 το;,ή
622 4181 918 4250 παρελθεῖν
968 4184 1027 4236 ὲν
1085 4181 1256 4254 ἑτέρῳ
1303 4182 1456 4254 τόπῳ
1506 4183 1615 4237 τῶν
1665 4184 1878 4257 ἐχθρῶν
1911 4185 1986 4257 μὴ

392 4273 793 4343 γινωσκόντων.

464 4363 569 4437 λη’.
612 4366 884 4438 Πρότερον
912 4366 967 4420 δὲ
998 4365 1469 4438 περιεργάσασθαί
1502 4384 1561 4420 σε
1592 4367 1793 4421 δεῖκαὶ
1822 4367 1985 4440 ἐρευ-

392 4456 493 4526 νᾷν
520 4457 618 4521 τὰς
644 4456 826 4521 ὁδοὺς,
861 4457 956 4511 καὶ
977 4457 1122 4512 οὕτω
1146 4459 1245 4522 τὰς
1269 4459 1578 4531 ὁδοιπορίας
1610 4460 1901 4516 ποιεῖσθαι.

2167 2145 2256 2200 35.
2296 2144 2355 2200 Si
2396 2145 2464 2200 ad
2492 2143 2976 2215 depopulationem
3007 2149 3062 2197 et
3094 2140 3487 2212 prvedationem
3525 2141 3701 2196 hosti-

2096 2237 2164 2293 lis
2192 2248 2352 2293 terra:
2387 2237 2494 2291 iter
2535 2236 2657 2291 sine
2688 2226 2993 2291 oﬂensiune
3036 2242 3129 2289 tua
3167 2233 3416 2289 facturus
3444 2234 3544 2300 sis,
3579 2233 3696 2303 pri-

2094 2346 2244 2385 mum
2272 2329 2529 2384 idoneum
2565 2336 2864 2398 aptumque
2890 2334 3109 2396 tempus
3129 2325 3339 2396 eligito.
3367 2322 3483 2378 Hoc
3509 2332 3696 2379 alitem

2094 2423 2358 2478 idonettm
2399 2429 2883 2491 opportunumque
2922 2428 3139 2488 tempus
3188 2418 3314 2482 erit,
3365 2432 3489 2471 cum
3524 2417 3571 2471 si
3614 2417 3696 2471 vel

2093 2514 2389 2586 conﬂigere
2419 2528 2543 2568 cum
2587 2511 2845 2567 hostibus
2892 2508 3126 2581 cogitas,
3165 2510 3352 2564 minus
3380 2509 3593 2563 habiles
3625 2508 3696 2562 ad

2094 2606 2468 2664 resistendum
2518 2605 2659 2673 [tibi
2704 2602 3077 2674 reperientur,
3133 2602 3219 2657 vel
3270 2601 3573 2671 imparatos
3609 2601 3697 2655 νισι

2092 2701 2337 2756 omissos
2368 2700 2498 2755 illos
2528 2696 2803 2762 invenies,
2838 2694 3306 2767 quemadmodum
3346 2704 3475 2751 ante
3501 2695 3696 2750 adnuo.

2093 2795 2344 2849 nuimus.

2160 3017 2250 3073 56.
2298 3018 2441 3072 Ante
2471 3014 2658 3069 omnia
2706 3016 3022 3084 irrupturus
3060 3012 3117 3067 in
3158 3010 3415 3068 hostilem
3462 3019 3690 3076 terram,

2089 3120 2437 3167 commeatus
2477 3124 2541 3165 ac
2576 3124 2763 3164 rerum
2806 3107 3250 3163 necessariarum
3290 3105 3557 3161 exercitui
3588 3121 3690 3159 cu-

2094 3219 2211 3259 ram
2240 3218 2419 3273 geres,
2455 3202 2540 3256 vel
2574 3208 2634 3254 ut
2679 3199 2864 3271 aliqua
2907 3206 3131 3254 vectura
3166 3196 3469 3261 communi,
3516 3196 3596 3251 vel
3633 3205 3694 3251 ut

2093 3313 2124 3352 a
2170 3296 2437 3352 militibus
2468 3294 2704 3364 singulis
2735 3292 3119 3361 deportentur,
3163 3290 3269 3343 alia
3313 3289 3509 3359 quavis
3540 3298 3691 3344 certa

2091 3391 2180 3446 via
2215 3400 2329 3445 tum
2359 3388 2642 3443 hominum
2670 3394 2786 3440 tum
2817 3385 3194 3454 jumentorum
3224 3383 3486 3452 pabulum
3528 3384 3691 3437 veha-

2093 3494 2200 3548 tur,
2238 3491 2298 3536 ut
2336 3497 2407 3537 ne
2436 3496 2535 3536 sua
2566 3480 2621 3534 in
2668 3479 2896 3549 regione
2934 3476 3191 3532 hostibus
3221 3475 3405 3529 omnia
3437 3475 3503 3530 ad
3537 3489 3690 3530 com-

2092 3585 2334 3631 meatum
2389 3572 2700 3643 spectantia
2734 3569 3106 3633 vastantibus,
3138 3566 3195 3621 in
3240 3580 3469 3636 magnas
3512 3580 3688 3637 angu-

2091 3666 2227 3725 stias
2259 3674 2389 3719 tuus
2413 3662 2725 3717 adducatur
2761 3659 3059 3715 exercitus.

2165 3760 2255 3813 57.
2294 3756 2494 3811 Hostili
2518 3755 2571 3809 in
2602 3756 2825 3825 regione
2850 3768 2920 3808 ne
2942 3751 3161 3807 coneris
3189 3760 3459 3806 nocturna
3489 3745 3687 3801 itinera

2092 3850 2301 3912 facere,
2361 3846 2471 3903 nisi
2515 3845 2725 3911 semel,
2782 3843 2951 3914 idque
2994 3842 3308 3897 clanculum
3356 3838 3687 3894 necessitate

2092 3941 2435 4013 impellente,
2468 3947 2530 3992 ut
2564 3937 2755 3992 hostes
2780 3936 2972 3999 lateas,
3014 3940 3069 3987 et
3113 3931 3393 3987 diﬂicilem
3437 3929 3681 3997 aliquem

2094 4035 2276 4089 locum
2312 4030 2642 4086 munitionis
2673 4027 2851 4100 gratia
2882 4026 3177 4095 anticipes,
3204 4024 3292 4079 vel
3323 4033 3383 4078 ut
3408 4020 3477 4077 ad
3509 4020 3678 4075 alium

2092 4127 2274 4183 locum
2324 4122 2694 4182 inscientibus
2725 4119 2980 4186 hostibus
3019 4125 3294 4183 transeas,

2094 4456 2099 4459 τ
2162 4395 2258 4451 58.
2291 4393 2481 4449 Primo
2526 4388 2941 4464 perscrutanda:
3001 4385 3515 4460 perlustrandazque
3571 4385 3674 4441 vim

2095 4498 2252 4553 sunt,
2287 4485 2496 4540 deinde
2529 4492 2649 4539 tuto
2681 4482 3076 4555 ingredienda.

466 4547 566 4606 λθ’.
607 4550 797 4604 Πᾶσαν
826 4549 883 4603 δὲ
918 4551 1137 4615 πάντως
1169 4552 1441 4604 ποιεῖσθαι
1490 4553 1749 4624 σπουδὴν,
1783 4554 1871 4607 ἴνα
1903 4572 1985 4607 τι-

2164 4547 2256 4636 '59.
2286 4576 2525 4632 Omnino
2560 4547 2959 4632 elaborandum
3014 4573 3115 4628 abs
3162 4580 3214 4626 te
3254 4577 3361 4632 est,
3398 4576 3456 4621 ut
3510 4581 3683 4636 quos-

394 4640 491 4704 νὰς
514 4641 624 4694 τῶν
670 4644 769 4712 τῆς
797 4641 981 4719 χώρας
1021 4640 1335 4714 ζωγρήσῃς,
1389 4644 1537 4708 ὅπως
1572 4646 1631 4711 ἐξ
1661 4646 1843 4699 αὐτῶν
1885 4648 1989 4719 τὴν

391 4735 505 4790 τῶν
553 4734 765 4807 ἐχθρῶν
807 4735 985 4810 μάθῃς
1012 4736 1262 4808 δύναμιν,
1307 4738 1401 4792 καὶ
1438 4739 1509 4793 τὰ
1547 4739 1728 4795 αὐτῶν
1765 4740 1991 4811 βουλεύ-

396 4846 569 4901 ματα,
593 4830 647 4884 τί
670 4831 779 4901 ἀρα
809 4829 1177 4894 σπουδάζουσι
1205 4832 1453 4904 ποιῆσαι.

468 4920 544 4994 μ’.
586 4923 699 4987 Τάς
728 4925 1029 4995 ἐρωτήσεις
1057 4924 1111 4978 δὲ
1142 4925 1253 4977 τῶν
1283 4926 1675 4996 κρατουμένων
1696 4926 1786 4980 διὰ
1818 4945 1984 4982 σεαυ-

392 5014 489 5069 τοῦ
516 5014 684 5081 ποίει,
712 5016 805 5069 καὶ
831 5016 908 5088 μὴ
930 5015 998 5069 δι’
1032 5017 1222 5089 ἑτέρου
1243 5017 1411 5080 τινός.
1444 5019 1554 5071 Καὶ
1585 5018 1695 5090 γάρ
1727 5021 1987 5086 πολλάκις

324 5127 336 5130 ‘
393 5113 672 5180 ἀναγκαῖά
711 5130 833 5166 τινα
878 5114 975 5167 καὶ
1021 5112 1174 5183 παρά
1218 5115 1399 5168 πᾶσαν
1456 5115 1713 5170 ὑπόνοιαν
1743 5117 1833 5171 διά
1878 5118 1987 5174 τῶν

393 5204 769 5278 ἐρωτωμένων
803 5204 1236 5277 ἐφανερώθησαν

468 5392 581 5457 μα’.
628 5385 791 5440 Ἀλλά
822 5386 958 5458 μηδὲ
978 5387 1090 5449 τοῖς
1119 5385 1530 5461 προσφεύγουσί
1560 5404 1642 5441 σοι
1673 5389 1983 5461 προχείρως

394 5477 646 5544 πίστευε,
677 5477 815 5532 ἀλλά
856 5481 966 5542 τοῖς
1013 5477 1073 5544 ἐξ
1106 5476 1374 5548 αἰφνιδίου
1411 5478 1716 5552 ἐπιδρομῆς
1750 5499 1985 5555 κρατου-

2093 4669 2221 4725 dam
2253 4685 2321 4725 ex
2358 4668 2611 4740 hostibus
2664 4668 2893 4739 capias,
2935 4675 3101 4735 atque
3143 4678 3208 4717 ex
3268 4661 3381 4715 illis
3429 4659 3678 4713 hostium

2091 4762 2283 4831 copias
2324 4762 2694 4832 consiliaque,
2753 4769 2808 4816 et
2846 4758 2981 4831 quid
3033 4754 3311 4828 agendum
3366 4751 3683 4822 suscipiant

2091 4865 2425 4921 cognoscas.

2165 4944 2257 4999 40.
2295 4943 2375 4997 Ad
2405 4957 2501 4999 eos
2533 4942 2631 5013 qui
2665 4942 2961 5011 capiuntur
3017 4934 3401 5006 explorandos
3443 4939 3497 4988 et
3548 4945 3680 4986 exa-

2095 5034 2393 5089 minandos
2425 5033 2663 5103 teipsum
2698 5029 3013 5095 adhibebis,
3068 5041 3246 5097 neque
3285 5040 3381 5096 per
3413 5023 3553 5078 alios
3583 5022 3683 5076 de-

2096 5126 2277 5195 lectos
2310 5127 2459 5181 viros
2495 5123 2690 5180 facias.
2726 5123 2880 5193 Saepe
2912 5121 3062 5176 enim
3081 5117 3397 5175 necessaria
3431 5114 3683 5187 quaedam

2095 5223 2295 5284 praeter
2327 5213 2646 5283 opinionem
2707 5211 2979 5276 incidunt,
3039 5222 3093 5265 et
3125 5208 3194 5263 ab
3242 5208 3311 5263 iis
3350 5202 3684 5259 examinatis

2095 5304 2551 5375 proficiscuntur,
2585 5319 2708 5374 quae
2736 5303 2925 5358 multis
2955 5301 3201 5374 patefieri
3248 5315 3360 5353 non
3381 5295 3609 5351 debent.

2162 5398 2254 5461 41.
2297 5394 2365 5451 lis
2392 5397 2485 5466 qui
2520 5398 2586 5452 ad
2621 5406 2675 5453 te
2707 5395 3037 5467 confugiunt
3064 5410 3130 5449 ne
3167 5392 3335 5448 nimis
3366 5389 3526 5445 facile
3556 5402 3685 5442 cre-

2093 5488 2216 5555 (1³8,
2245 5504 2424 5560 neque
2462 5489 2533 5546 iis
2565 5490 2661 5561 qui
2729 5490 3025 5560 repentina
3076 5487 3314 5558 quadam
3364 5480 3685 5539 incursione

1921 5690 2158 5751 NOTJE.

468 5774 584 5850 (ξε)
621 5774 907 5850 βλάψεις.
935 5778 1313 5845 Scribebatur,
1351 5779 1567 5850 βλάψει.

473 5845 584 5917 (52)
614 5848 987 5917 Ῐιραιδεύειν.
1023 5845 1399 5921 Scribebatur,
1433 5845 1719 5927 π’ροδεύειν

2175 5780 2289 5858 (55)
2319 5787 2427 5845 Kal
2450 5787 2761 5860 ἁρμόδιον.
2794 5787 3013 5847 Censeo
3041 5786 3300 5844 delenda.
