4090 6442
456 368 566 435 923

1726 362 2004 423 LEONIS
2044 361 2505 423 PHILOSOPHI

3619 359 3729 423 92¹ι

453 482 782 550 capiuntur:
820 490 964 546 saepe
996 472 1141 529 enim
1174 481 1291 528 tum
1325 472 1419 541 qui
1453 472 1520 526 ad
1574 480 1629 527 te
1684 472 2024 542 confugiunt,

2144 471 2359 535 μένοις
2404 474 2594 545 ἐπειδὴ
2647 474 2937 544 συμϐαίνει
2973 476 3334 547 πεπλασμένα
3388 478 3481 532 καὶ
3527 479 3590 533 ὲκ
3620 480 3731 533 τῶν

457 580 571 623 tum
603 567 692 635 qui
721 563 1041 633 capiuntur,
1064 562 1334 631 permulta
1364 561 1499 613 falsa
1532 561 1853 630 loquuntur.

526 660 618 713 ιε.
658 658 844 725 Neque
876 654 945 709 iis
979 669 1099 722 quae
1152 654 1220 707 ab
1252 668 1363 707 uno
1399 653 1582 721 aliquo
1622 653 1905 714 dicuntur,
1938 651 2033 706 sed

453 764 575 819 quae
605 763 633 800 a
674 746 932 812 pluribus
964 752 1367 807 memorantur,
1408 742 1626 797 credas.
1690 743 1890 795 Eorum
1936 757 2035 795 au-

451 851 559 895 tem
594 840 1014 894 consensionem
1045 839 1231 908 potius
1293 837 1548 891 attendas
1597 836 1689 905 qui
1748 835 1893 890 bello
1944 850 2034 889 ca-

452 930 702 998 piuntur,
736 942 901 996 quam
940 926 1031 997 qui
1060 926 1360 980 voluntarii
1391 924 1459 978 ad
1483 933 1535 979 te
1575 922 1925 992 confugiunt.

518 1105 606 1158 45.
646 1103 752 1160 Eos
780 1105 873 1173 qui
897 1105 965 1159 ab
992 1104 1247 1160 hostibus
1273 1106 1340 1160 ad
1379 1114 1431 1160 te
1466 1106 1820 1178 confugiunt,
1852 1116 1900 1162 el
1950 1121 2035 1163 se-

448 1205 598 1249 creta
631 1207 794 1267 atque
825 1197 1008 1251 abdita
1040 1198 1291 1268 qumdam
1319 1214 1379 1253 se
1412 1199 1708 1254 enuntiare
1756 1199 1895 1253 velle
1944 1198 2033 1253 di-

447 1296 603 1349 cunt,
628 1287 680 1340 in
715 1289 968 1343 custodia
1002 1296 1213 1355 teneas,
1238 1296 1332 1343 aut
1358 1290 1463 1342 alia
1495 1298 1612 1342 tuta
1645 1291 1863 1345 ratione
1888 1290 2032 1359 apud

448 1386 499 1431 te
540 1394 759 1434 serves:
786 1388 840 1434 et
872 1384 1186 1449 promittas,
1214 1381 1259 1435 si
1295 1395 1427 1434 vero
1459 1381 1777 1451 loquantur,
1820 1390 1873 1436 te
1910 1382 2031 1437 illos

447 1478 907 1525 muneraturum:
967 1473 1053 1526 sin
1117 1472 1482 1537 mentiantur,
1531 1481 1769 1528 mortem
1810 1474 2031 1527 minita-

448 1564 622 1616 beris.

516 1656 605 1709 4t.
632 1655 688 1710 Si
752 1658 991 1713 hostium
1033 1659 1312 1715 exercitus
1368 1660 1613 1730 cOgitur,
1680 1667 1847 1727 tuque
1872 1666 2028 1712 extra

2145 565 2602 633 προσφευγόντων
2625 568 2719 620 καὶ
2744 569 2806 621 ἐκ
2828 568 2937 621 τῶν
2961 571 3350 639 κρατουμένων
3378 570 3655 638 λέγεσθαι.

2213 656 2323 725 μβ¹.
2378 657 2539 711 Ἀλλὰ
2592 660 2730 729 μηδὲ
2768 664 2881 724 τοῖς
2930 661 3038 715 ἀπὸ
3062 662 3181 725 ἐνὸς
3216 662 3378 731 μόνου
3409 662 3725 732 λεγομένοις

2139 747 2361 800 πίστευε
2392 749 2424 819 ἦ
2464 750 2723 820 πρόσεχε,
2772 752 2912 806 ἀλλὰ
2944 756 3009 824 τῇ
3056 756 3120 806 ἐκ
3158 754 3267 807 τῶν
3296 755 3560 809 πλειόνων
3587 774 3726 825 συμ-

2138 839 2315 909 φωνίᾳ
2347 840 2567 904 πείθου,
2604 843 2841 912 μάλιστα
2872 844 2929 897 δὲ
2966 845 3072 897 τῶν
3110 845 3169 910 ἐξ
3193 846 3495 915 ἐπιδρομῆς
3524 847 3730 917 ἀθρόας

2137 931 2530 1001 ἁλισκομένων,
2574 934 2648 997 ὡς
2694 936 2943 1006 εἴπομεν,
3000 938 3143 1008 ἥπερ
3186 938 3295 991 τῶν
3351 940 3728 1009 προσφευγόν-

2137 1042 2266 1078 των.

2210 1121 2321 1182 μγ’.
2364 1113 2508 1185 Πρὸς
2558 1114 2615 1168 δὲ
2658 1114 2784 1177 τοὺς
2823 1116 3269 1186 προσφεύγοντάς
3322 1134 3404 1171 σοι
3457 1118 3566 1171 ἀπὺ
3614 1119 3727 1172 τῶν

2136 1205 2368 1277 ἐχθρῶν,
2395 1209 2488 1260 καί
2507 1223 2627 1260 τινα
2652 1208 2877 1278 μηνύειν
2897 1210 3405 1279 ἐπαγγελλομένους
3426 1212 3726 1282 μυστήρια,

2141 1297 2173 1367 ἢ
2207 1298 2264 1349 ὲν
2294 1298 2514 1367 δεσμοῖς
2543 1299 2779 1366 φύλαττε
2803 1300 2959 1365 τέως,
2987 1301 3019 1370 ἢ
3058 1300 3232 1363 ἄλλως
3257 1318 3375 1364 πως
3400 1301 3536 1368 μετὰ
3556 1302 3727 1369 ἀσφα-

2136 1387 2285 1453 λείας
2312 1387 2424 1459 έχε,
2456 1390 2549 1441 καὶ
2587 1390 2820 1460 πρόλεγε
2856 1392 3036 1452 αὐτοῖς
3060 1390 3268 1460 δωρεὰς
3290 1390 3508 1444 δώσειν
3542 1392 3638 1445 ἐὰν
3667 1392 3726 1446 δὲ

2136 1480 2469 1549 ψεύδωνται,
2501 1482 2715 1535 ἀπείλει
2740 1482 2989 1536 θάνατον.

2209 1659 2314 1727 μδ’.
2372 1659 2499 1712 Ἐὰν
2561 1659 2618 1712 δὲ
2677 1659 3006 1730 συνέστηκεν
3056 1661 3287 1731 στρατὸς
3342 1661 3573 1733 ἐχθρῶν,
3628 1668 3727 1719 καὶ

447 1749 809 1804 munitionem
842 1750 941 1813 sis,
977 1768 1046 1805 ne
1070 1752 1296 1806 militem
1324 1754 1494 1806 ullum
1530 1752 1597 1805 ad
1633 1751 2023 1821 praedationem

2133 1749 2332 1816 ἔξωθεν
2366 1750 2741 1820 ὀχυρωμάτων
2771 1752 2967 1821 διάγῃ,
3021 1751 3095 1821 μὴ
3129 1754 3375 1823 ὲπαφιῇς
3412 1753 3521 1806 τῶν
3555 1771 3727 1825 στρα-

446 1840 923 1913 direptionemque
961 1844 1207 1897 hostium
1249 1845 1459 1911 mittas,
1485 1844 1579 1900 sed
1625 1845 1805 1914 primo
1833 1845 2024 1899 invade

2136 1839 2347 1893 τιωτῶν
2382 1817 2536 1902 τινας
2558 1817 2665 1893 *ἐπὶ
2710 1817 2967 1910 ἁρπαγῆν
3084 1817 3721 1913 ’πραίδαντπραγμάτωὴ

446 1932 592 1992 illos.
626 1942 678 1987 et
710 1935 752 1989 si
782 1935 921 1990 bene
956 1936 1080 1990 belli
1113 1937 1297 1991 exitus
1352 1937 1713 2005 processerit,
1760 1950 1828 1991 ne
1872 1936 2030 1991 dide-

444 2039 539 2078 ras
565 2035 801 2095 tempus,
836 2028 930 2082 scd
972 2028 1101 2082 dum
1148 2028 1202 2081 in
1268 2030 1510 2083 tumultu
1568 2028 1876 2098 timoreque
1913 2028 2031 2083 fue-

444 2118 578 2184 rint,
610 2117 1027 2187 impressionem
1063 2120 1117 2174 iu
1179 2120 1304 2176 illos
1343 2119 1535 2186 facies,
1590 2119 1769 2176 donec
1799 2121 2029 2175 omnino

442 2210 660 2279 disjeCIi
685 2213 1035 2283 dispersique
1070 2212 1296 2279 fuerint,
1321 2221 1492 2285 tuque
1521 2213 1574 2268 in
1608 2220 1727 2268 tuto
1779 2227 1844 2267 ac
1872 2220 2031 2269 extra

445 2304 748 2371 periculum
778 2305 971 2363 fueris.

515 2476 604 2531 45.
641 2476 738 2532 Siu
793 2479 981 2536 hostes
1029 2482 1209 2537 coacti
1275 2482 1501 2547 iuerint,
1537 2482 1787 2552 praelium
1843 2491 2026 2538 tamen

443 2582 507 2622 ac
536 2569 947 2625 dimicationem
977 2572 1291 2642 rejceerint,
1334 2574 1607 2629 contende
1667 2574 1877 2643 junctis
1930 2590 2028 2630 co-

441 2662 549 2730 piis
590 2672 754 2731 alqne
790 2663 1048 2719 adunatis
1084 2666 1376 2721 adversum
1428 2682 1525 2723 eos
1550 2667 1796 2736 prodire,
1824 2678 1878 2722 et
1905 2683 2027 2737 quae

441 2759 568 2802 ante
596 2750 760 2817 pedes
787 2760 916 2805 sunt
946 2754 1130 2807 omnia
1165 2763 1401 2809 vastare.

509 2837 599 2893 46.
627 2837 683 2892 Si
706 2854 802 2907 per
822 2841 1074 2896 eamdem
1117 2844 1261 2897 viam
1298 2844 1496 2898 reditio
1537 2853 1629 2898 tua
1685 2846 1809 2911 erit,
1846 2862 2026 2918 neque

440 2928 699 2985 alimenta
740 2939 832 2985 aut
856 2934 1135 3001 pastiones
1170 2936 1296 2990 ulla:
1326 2937 1437 2992 sint
1470 2948 1760 3007 przeterea,
1816 2956 1883 2996 ue
1909 2952 2021 2996 tum

443 3021 557 3075 haec
589 3023 849 3078 alimenta
880 3039 1002 3095 quae
1030 3035 1158 3082 ante
1228 3028 1396 3098 pedes
1451 3041 1581 3084 sunt
1642 3032 2020 3100 populaberis,

440 3113 537 3167 sed
579 3114 670 3168 ubi
712 3130 969 3171 reversus
1004 3117 1177 3173 fueris
1213 3127 1328 3173 tum
1357 3122 1546 3189 potius
1593 3124 1869 3179 vastabis.

510 3292 601 3345 47.
642 3290 712 3347 Ut
745 3308 814 3349 ne
840 3294 1017 3350 aliena
1057 3296 1110 3350 in
1155 3297 1373 3368 regione
1408 3313 1584 3363 erres,
1616 3300 1668 3354 in
1714 3302 2023 3359 diverticu-

441 3378 508 3434 Iis
546 3389 602 3436 et
627 3383 899 3453 ambiguis
932 3386 1034 3441 viis
1057 3386 1211 3457 signa
1241 3402 1433 3457 pones.
1470 3387 1525 3441 Si
1582 3389 1736 3445 silva:
1790 3392 1935 3447 sint:
1970 3392 2024 3448 in

438 3475 770 3532 arboribus:
802 3478 848 3532 si
878 3477 1041 3548 plana
1087 3481 1458 3550 expositaque
1512 3482 1655 3545 loca,
1701 3484 1754 3537 in
1807 3486 2023 3543 acervis

437 3567 708 3637 lapidum,
765 3579 863 3625 aut
938 3572 1370 3628 sutl‘ossionibus
1442 3576 1772 3644 quibusdam
1836 3581 2022 3649 parvis

434 3661 680 3723 notabis,
716 3673 774 3716 ut
822 3665 918 3734 qui
968 3674 1159 3735 postea
1210 3675 1520 3737 sequuntur
1562 3684 1630 3725 ex
1693 3671 1806 3726 tuis
1839 3673 2021 3730 minus

438 3754 720 3809 aberrent.

508 3932 600 3987 48.
637 3931 789 3999 Quos
813 3933 880 3988 ad
903 3935 1264 4005 prmliandum
1298 3940 1679 4010 segregaveris
1709 3942 2025 4012 atqueemi-

434 4025 597 4092 scris,
643 4028 878 4098 praecipe
907 4039 967 4083 ut
1002 4044 1071 4085 ne
1125 4045 1318 4088 omnes
1379 4033 1811 4104 praedationibus
1850 4050 2021 4090 occu-

434 4124 659 4185 pentur,
692 4118 787 4174 sed
817 4120 982 4177 divisi
1017 4122 1156 4187 sint,
1197 4132 1258 4177 ut
1284 4124 1377 4179 alii
1430 4125 1778 4195 praedentur,
1839 4126 2022 4196 major

434 4227 565 4280 pars
602 4214 1118 4271 illoruminstructa
1157 4218 1222 4270 ad
1262 4219 1698 4284 custodiam,vel
1731 4230 2018 4289 sequatur,

434 4305 554 4357 sive
581 4304 635 4358 iu
668 4306 970 4376 regionem,
1007 4309 1123 4363 sive
1154 4308 1207 4361 in
1262 4318 1449 4363 castra
1495 4310 1764 4375 hostium,
1796 4311 1914 4366 sive
1964 4312 2020 4365 in

433 4404 711 4463 armenta,
746 4397 862 4453 sive
894 4400 947 4452 in
1005 4399 1396 4470 impedimenta
1440 4402 1690 4458 incursio
1743 4402 1853 4458 ulla
1901 4403 2018 4459 ﬁat.

510 4689 600 4746 19.
628 4688 742 4745 Hoc
776 4696 959 4744 autem
983 4687 1152 4743 facies
1186 4689 1406 4757 quando
1438 4691 1713 4749 universis
1773 4708 1898 4750 cum
1926 4711 2021 4750 co-

430 4782 545 4853 piis
573 4783 639 4837 ad
675 4781 1033 4851 praeliandum
1085 4783 1361 4854 procedis,
1384 4792 1469 4839 ut
1508 4799 1578 4839 ne
1631 4800 1823 4843 omnes
1855 4789 2018 4844 simul

434 4876 491 4929 in
528 4876 960 4944 praedationibus
991 4885 1355 4945 oecupeutur.

503 4967 592 5020 50.
621 4968 801 5036 Atque
827 4969 917 5023 ubi
962 4969 1260 5037 pabulandi
1318 4979 1535 5037 tempus
1569 4969 1759 5039 fuerit,
1796 4973 1885 5027 alii
1913 4989 2013 5044 pa-

431 5058 620 5114 bulum
649 5060 933 5127 colligant,
970 5060 1062 5114 alii
1090 5061 1336 5130 apparati
1377 5062 1747 5132 instructique
1776 5079 2016 5134 sequan-

2133 1930 2269 1983 ἀλλὰ
2301 1931 2567 2001 πρότερον
2598 1931 2710 2001 (54)
2746 1932 2979 2003 ἐπέρχου
3008 1933 3129 1985 κατ’
3174 1933 3340 1986 αὐτοῦ
3361 1950 3374 1962 ·
3406 1936 3500 1988 καὶ
3530 1937 3578 1988 εί
3622 1938 3725 2006 μὲν

2133 2021 2317 2085 καλῶς
2355 2022 2547 2095 ἐξέλθῃ
2593 2023 2653 2075 τὸ
2682 2024 2776 2076 τοῦ
2810 2024 3048 2095 πολέμου
3078 2025 3272 2095 πέρας,
3308 2025 3382 2095 μὴ
3418 2027 3722 2083 ἀναϐάλλου

2133 2115 2225 2167 τὸν
2266 2115 2480 2188 καιρὸν,
2524 2115 2639 2169 ἀλλ’
2684 2118 2744 2169 ὲν
2789 2117 2899 2187 ὅσῳ
2933 2119 2991 2169 ὲν
3031 2116 3181 2186 φόϐῳ
3212 2117 3307 2170 καὶ
3336 2121 3549 2187 ταραχῇ
3582 2120 3724 2172 εἰσιν

2134 2208 2184 2260 οἱ
2213 2208 2399 2277 ἐχθροὶ
2436 2208 2683 2261 ἐπιτίθου
2716 2210 2901 2270 αὐτοῖς
2935 2208 3126 2279 μέχρις
3161 2208 3254 2261 τοῦ
3291 2208 3512 2272 τελείως
3544 2226 3721 2263 κατα-

2141 2298 2344 2351 λυθῶσι
2380 2301 2474 2352 καὶ
2518 2299 2949 2367 σκορπισθῶσιν·
2984 2299 3016 2369 ἢ
3061 2298 3327 2368 σύμφωκα
3376 2299 3726 2371 συμφέροντά

2134 2408 2217 2443 σοι
2246 2391 2512 2459 γένωνται
2538 2392 2820 2459 ἀσφαλῶς.

2204 2488 2308 2553 με’.
2362 2482 2487 2535 Ἐὰν
2538 2482 2594 2534 δὲ
2624 2482 2674 2536 oi.
2717 2481 2903 2552 ἐχθροὶ
2952 2481 3214 2535 σύστασιν
3247 2482 3347 2553 μὲν
3384 2483 3718 2553 ποιήσωσιν,

2132 2572 2547 2625 ἀναϐάλλωνται
2592 2573 2647 2625 δὲ
2698 2572 2969 2643 συμμίξαι
3028 2574 3237 2645 μάχηνο
3294 2577 3415 2627 τότε
3451 2574 3721 2638 σπούδαζε

2130 2666 2427 2735 ἡνωμένως
2474 2664 2569 2718 καὶ
2619 2665 3006 2730 ἀδιασπάστως
3054 2670 3403 2740 περιπατεῖν,
3439 2667 3633 2722 καὶτὰ
3658 2669 3720 2722 ἐν

2133 2757 2290 2808 ποσὶν
2316 2755 2622 2823 ἀφανίζειν.
2880 2798 2901 2811 .

2207 2854 2329 2916 pg’.
2357 2849 2419 2900 Εἰ
2450 2848 2504 2900 δὲ
2535 2846 2620 2901 διὰ
2644 2848 2743 2918 τῆς
2768 2848 3024 2920 τοιαύτης
3048 2850 3168 2903 ὁδοῦ
3204 2852 3235 2921 ἡ
3273 2850 3590 2922 ὑποστροφή
3623 2868 3717 2905 σου

2131 2936 2412 2999 ἐλπίζεται
2442 2938 2720 3005 γενέσθαι,
2746 2941 2838 2992 καὶ
2869 2941 2970 2992 οὐκ
2998 2940 3136 2993 εἰσὶν
3160 2941 3318 2995 ἄλλαι
3348 2942 3715 3013 ἀποτροφαὶῆ

2135 3027 2350 3096 βοσκαὶ,
2384 3029 2504 3082 τότε
2534 3029 2715 3097 φείδου
2749 3031 2844 3094 τὰς
2877 3032 2934 3084 ὲν
2968 3031 3147 3095 ποσὶν,
3193 3033 3312 3102 ἦτοι
3346 3032 3407 3085 τὸ
3437 3032 3721 3101 ἀφανίζειν

2054 3154 2096 3213 C
2134 3120 2232 3182 τὰς
2282 3119 2527 3184 δαπάνας
2551 3139 2563 3150 ·
2611 3124 2669 3174 ὲν
2720 3122 2794 3193 τῷ
2832 3123 3196 3193 ὑποστρέφειν
3230 3140 3313 3191 σε,
3347 3124 3468 3177 τότε
3518 3124 3722 3195 μᾶλλον

2134 3212 2367 3281 ἀφάνιζε
2400 3213 2620 3276 ταύτας.

2208 3304 2315 3375 μζ.
2361 3305 2522 3358 Ὥστε
2575 3306 2649 3376 μὴ
2697 3308 2754 3360 ὲν
2784 3309 2850 3378 τῇ
2902 3306 3162 3378 ἀλλοτρίᾳ
3199 3310 3271 3379 γῇ
3317 3307 3625 3362 πλανᾶσθαί
3663 3325 3719 3362 σε

2128 3400 2208 3459 εἰς
2225 3397 2325 3461 τὰς
2354 3399 2529 3463 ὁδοὺς,
2566 3400 2685 3452 δέον
2709 3399 2921 3470 σημεῖὰ
2946 3418 3068 3453 τινα
3095 3403 3153 3454 ὲν
3176 3403 3297 3464 ταῖς
3326 3400 3463 3464 ὁδοῖς
3493 3402 3588 3455 καὶ
3612 3403 3722 3464 τοῖς

2129 3491 2457 3560 ἀμφιϐόλοις
2508 3491 2773 3545 τίθεσθαι.
2837 3493 2963 3546 Ἐὰν
3010 3494 3110 3561 μὲν
3152 3491 3273 3547 ὕλαι
3320 3494 3480 3559 είσὶν,
3518 3496 3575 3547 ὲν
3606 3496 3718 3558 τοῖς

2128 3582 2396 3653 δέναροις·
2430 3584 2479 3636 εἰ
2508 3583 2565 3638 δὲ
2609 3584 2807 3653 γυμνοὶ
2830 3586 2877 3637 οί
2913 3584 3089 3649 τόποι,
3125 3584 3212 3638 διά
3255 3584 3454 3655 σωρῶν
3491 3583 3653 3636 λίθων
3682 3584 3717 3656 ἢ

2132 3674 2539 3745 ὑπορυγμὰτων
2596 3675 2830 3745 μικρῶν,
2893 3674 2983 3728 διά
3038 3674 3097 3727 τὸ
3136 3675 3603 3743 ὲπιγινώσκοντας
3649 3674 3717 3727 δι’

2133 3767 2313 3820 αὐτῶν
2356 3768 2483 3830 τοὺς
2513 3766 2892 3837 ὑστερίζοντας
2944 3767 3008 3819 ἐκ
3045 3764 3137 3819 τοῦ
3175 3764 3409 3836 στρατοῦ
3460 3766 3537 3837 μὴ
3580 3764 3719 3819 πλα-

2134 3858 2331 3912 νᾶσθαι
2365 3858 2462 3929 τὴν
2486 3858 2623 3913 ὁδόν.

2204 3958 2316 4024 μη’.
2362 3952 2559 4017 Ὀσους
2605 3952 2663 4006 δὲ
2705 3954 2787 4017 εἰς
2836 3952 3071 4024 πραίδαν
3123 3950 3394 4023 ἀφορίσῃς
3439 3950 3533 4005 καὶ
3582 3952 3722 4005 ἀπο.

2133 4043 2370 4115 στείλῃς,
2432 4042 2780 4115 παράγγελλε
2818 4043 2893 4115 μὴ
2937 4044 3145 4106 πάντας
3178 4044 3257 4106 είς
3279 4044 3374 4113 τὴν
3403 4041 3721 4113 διαρπαγὴν

2128 4134 2495 4206 ἀσχολεῖσθαι,
2528 4134 2664 4190 ἀλλὰ
2691 4135 3055 4208 διῃρημένους
3082 4131 3222 4191 εἶναι
3243 4150 3257 4165 ⁸
3290 4135 3377 4188 ἵνα
3401 4136 3450 4187 οἱ
3485 4135 3585 4204 μὲν
3615 4136 3720 4187 αὐ-

2130 4227 2238 4281 τῶν
2273 4226 2664 4297 πραιδεύωσιψ
2683 4227 2733 4279 οί
2760 4226 2817 4279 δὲ
2848 4225 3066 4288 πλείους
3088 4225 3265 4277 αὐτῶν
3296 4222 3717 4294 συντεταγμένοι

2131 4320 2379 4373 ἵστανται
2411 4321 2490 4382 είς
2520 4318 2786 4390 φυλακὴν,
2821 4319 2853 4389 ἢ
2894 4316 3401 4390 παρακολουθῶσιν,
3430 4316 3539 4369 εἴτε
3575 4315 3718 4369 κατά

2131 4410 2356 4481 χωρίου,
2400 4409 2510 4462 εἴτε
2539 4408 2683 4463 κατὰ
2722 4409 2993 4478 φοσσάτου
3029 4407 3261 4479 ἐχθρῶν,
3296 4408 3406 4460 είτε
3442 4405 3583 4459 κατὰ
3615 4406 3717 4473 ἀγ-

2054 4494 2099 4550 D
2129 4504 2294 4573 γέλης
2336 4502 2472 4574 (35),
2515 4502 2629 4555 εἴτε
2676 4502 2819 4557 κατὰ
2861 4500 3105 4569 τούλδου,
3160 4499 3194 4571 ἢ
3241 4500 3429 4572 ἐτέρου
3460 4498 3626 4562 τινὸς,
3676 4499 3711 4568 ἠ

2120 4596 2405 4658 ὲπέλευσις
2432 4594 2663 4661 γίνεται.

2180 4687 2304 4760 ’μθ’.
2354 4687 2526 4741 Τοῦτο
2556 4687 2615 4740 δὲ
2658 4687 2802 4741 ποίει
2836 4688 2950 4756 καὶ,
2972 4688 3099 4741 ὅταν
3131 4685 3410 4756 ἡνωμένου
3438 4684 3587 4745 ὄντος
3617 4682 3714 4737 τοῦ

2123 4780 2327 4842 παντὸς
2378 4778 2614 4849 στρατοῦ
2672 4778 2908 4850 πραίδας
2964 4778 3322 4849 ἐγχειρήσῃς,
3378 4778 3458 4839 εἰς
3517 4775 3577 4828 τὸ
3636 4774 3713 4848 μὴ

2122 4873 2332 4935 πάντας
2358 4873 2452 4923 ἐπὶ
2482 4874 2548 4943 τῇ
2575 4872 2799 4942 ἁρπαγῇ
2827 4869 3196 4941 ἀσχολεῖσθαι.

2185 4964 2247 5019 ν’.
2302 4964 2442 5017 Ἀλλ’
2471 4966 2519 5017 εί
2547 4964 2640 5017 καὶ
2672 4964 2935 5033 συλλογῆς
2965 4963 3212 5033 δαπάνης
3236 4960 3426 5033 καιρὸς
3451 4960 3707 5033 γένηται,

2114 5060 2197 5113 δεῖ
2227 5059 2353 5122 τοὺς
2387 5058 2485 5130 μὲν
2514 5058 2814 5125 συλλέγειν,
2849 5059 2974 5120 τοὺς
3021 5057 3077 5109 δὲ
3111 5055 3580 5126 συντεταγμένους
3612 5053 3711 5108 καὶ

429 5161 544 5219 tur,
584 5160 644 5206 ut
677 5168 743 5208 ne
779 5154 826 5208 si
864 5169 1060 5208 omnes
1112 5168 1171 5207 se
1211 5155 1275 5208 ad
1319 5154 1581 5231 pabulum
1640 5155 2012 5224 colligendum

2127 5150 2643 5221 παρατεταγμένους
2678 5147 2997 5201 ἀκολουθεῖν
3017 5165 3031 5178 ·
3062 5146 3204 5200 ὥστε
3234 5146 3452 5201 πάντων
3486 5148 3566 5207 εἰς
3610 5145 3713 5215 ἁρο

427 5248 823 5312 converterint,
851 5255 903 5300 et
930 5247 1110 5301 subita
1154 5247 1401 5315 quatdam
1439 5247 1695 5316 irruptio,
1724 5258 1818 5302 aut
1876 5249 2017 5303 insi-

428 5336 534 5390 diae
556 5336 781 5403 fuerint,
819 5336 921 5407 ipsi
948 5337 1203 5407 imparati
1250 5338 1543 5407 sparsique
1596 5341 2009 5409 opprimantur,

427 5431 558 5500 quia
582 5445 919 5487 serevocare
971 5430 1038 5484 ad
1095 5429 1341 5486 ordinem
1396 5434 1803 5504 stationemque
1850 5449 2011 5489 suam

427 5535 539 5577 non
578 5531 834 5592 possunt.

2118 5245 2301 5316 παγὴν
2338 5246 2371 5315 ἥ
2414 5243 2682 5313 συλλογὴν
2727 5242 2835 5295 τὼν
2864 5242 3185 5312 ἐπιτηδείων
3214 5239 3410 5312 χρειῶν
3452 5238 3713 5308 ἀσχολου-

2129 5339 2328 5410 μένων,
2363 5338 2437 5409 pi}
2466 5336 2851 5407 αἰφνιδιασμόν
2895 5352 3019 5389 τινα
3052 5334 3085 5405 ἦ
3131 5334 3431 5406 ἐγκρυμμα
3465 5332 3570 5386 ὑπὸ
3600 5330 3710 5385 τῶν

2124 5430 2381 5484 ἐναντίων
2419 5430 2598 5502 συμϐῇ
2645 5427 2938 5498 γενέσθαι·
2981 5429 3029 5480 εί
3065 5425 3174 5496 γὰρ
3203 5424 3386 5495 συμϐῇ
3432 5422 3590 5476 τοῦτο
3632 5419 3710 5493 μὴ

2122 5522 2294 5575 ὄντων
2316 5522 2496 5576 αὐτῶν
2517 5520 2989 5591 συντεταγμένων,
3030 5519 3091 5573 οὐ
3124 5517 3442 5590 δυνήσονται
3486 5513 3710 5575 ἑαυτοὺς

2124 5613 2589 5667 ἀνακαλέσασθαι.

1963 5700 2195 5759 NOTAE.

650 5791 830 5867 (index
859 5790 1274 5867 Laurentianus
1312 5813 1418 5852 una
1453 5799 1663 5867 integra
1699 5803 1887 5852 charta
1923 5798 2011 5853 hie
2053 5800 2277 5854 niutilus
2305 5806 2408 5855 est.

502 5856 614 5925 (ὅῦ)
650 5861 809 5911 Κατὰ
840 5861 1119 5929 ἀγγὲλης.
1148 5866 1363 5934 Scribe,
1401 5869 1541 5921 κατά
1568 5856 1792 5939 ἀγέλης.
