4090 6436
377 366 486 428 923
1470 368 1778 427 TACTICA
1791 365 2389 427 .—CONSTITUTIO
2433 366 2621 427 XVII.
3545 373 3651 436 926

450 488 550 535 va’.
596 481 764 534 Ὅταν
793 480 849 533 δὲ
880 481 984 551 χρὴ
1019 479 1113 532 τοῦ
1140 479 1253 549 (56)
1286 481 1552 548 αἰφνιδίου
1584 481 1678 543 τὰς
1706 481 1960 549 ἐγχειρή-

2136 480 2226 534 51.
2258 479 2491 545 Quando
2524 477 2839 548 repentinas
2881 479 3096 548 aliquas
3150 480 3524 548 incursiones,
3570 485 3653 539 vel

382 591 497 636 σεις
552 573 694 625 κατά
747 589 912 625 τινων
942 572 1289 641 Σκυθικῶνῇ
1336 591 1494 624 τινων
1537 571 1739 643 ὁμοίων
1787 569 1957 623 ἐθνῶν

2080 584 2259 626 :ontra
2283 571 2573 641 Scythicas
2591 572 2839 625 nationes
2857 580 2952 625 aut
2968 573 3106 626 alias
3125 573 3441 643 hujusmodi
3462 589 3654 644 gentes

380 665 677 726 ποιεῖσθαι,
701 664 791 717 διὰ
824 664 884 717 τὸ
906 664 1141 734 μάλιστα
1167 662 1499 730 ἀνύποπτον,
1531 662 1640 733 χρὴ
1672 662 1810 732 μετὰ
1838 677 1963 714 σκο-

2080 662 2314 717 'acturus
2332 679 2413 726 es,
2437 662 2696 715 utomnia
2722 664 2894 733 magis
2912 663 3233 733 suspicione
3253 676 3499 731 careant,
3515 680 3652 719 con-

382 757 486 811 ποῦ
530 756 598 809 τά
630 773 689 809 τε
720 755 857 825 δάση
908 757 1002 809 καὶ
1045 755 1142 819 τὰς
1171 756 1478 825 δυσχωρίας
1528 754 1821 825 προσέχειν
1868 753 1963 806 καὶ

2080 756 2230 811 lensa
2281 758 2395 808 loca
2436 754 2907 823 tliilicultatcsqnc
2967 757 3254 826 regionum
3310 758 3651 827 speculatori

378 846 778 917 διερευνᾶσθαι.
847 846 955 899 Καὶ
1014 844 1189 907 οὕτως
1247 844 1656 915 προορδινεύειν
1728 845 1835 915 χρὴ
1896 844 1963 897 τὰ

382 939 570 1009 βάνδα,
601 939 680 1001 είς
706 937 770 990 τὸ
796 936 997 990 εἰδέναι
1029 937 1188 999 αὐτὰ,
1218 939 1368 989 ποῖον
1408 935 1647 1006 πρῶτον,
1686 937 1779 990 καὶ
1811 939 1964 989 ποῖον

377 1030 654 1101 δεύτερον,
698 1031 795 1081 καὶ
844 1031 995 1081 ποῖον
1049 1029 1255 1098 τρίτον,
1302 1029 1398 1081 καὶ⁹
1442 1027 1641 1096 ἑφεξῆς
1688 1027 1966 1096 ὀφείλουσι

380 1124 735 1192 περιπατεῖν·
774 1120 868 1173 καὶ
898 1121 1131 1188 μάλιστα
1162 1121 1259 1173 ἐὰν
1288 1120 1376 1172 διὰ.
1407 1119 1609 1173 στενῶν
1652 1119 1834 1172 τόπων
1874 1118 1969 1187 ἔφ-

382 1216 497 1277 οδος
529 1213 756 1281 γίνεται·
794 1212 887 1265 καὶ
918 1212 1007 1264 ἵνα
1038 1213 1113 1282 μὴ
1143 1212 1478 1281 συγχέωνται
1511 1209 1750 1281 βραδέως
1782 1210 1840 1262 ὲν
1890 1207 1969 1277 τῷ

380 1302 731 1374 διαμερισμῷ
763 1302 1153 1372 συνέρχωνται.

452 1391 552 1462 νβ’.
599 1394 788 1459 ’Ἄφνω
814 1390 923 1461 γὰρ
953 1390 1054 1457 τῆς
1084 1387 1422 1451 ὲπιλεύσεως
1449 1386 1765 1457 γινομένης,
1788 1386 1837 1438 εί
1869 1385 1967 1456 μὲν

384 1485 472 1538 διὰ
523 1484 618 1537 δύο
672 1482 890 1551 τρόπων
950 1481 1254 1551 ἐπιτήδειόν
1312 1481 1429 1532 ἐστι
1485 1479 1586 1548 τὴν
1650 1479 1968 1547 ἐγχείρησιν

387 1574 746 1646 ποιήσασθαι,
793 1573 874 1626 δεῖ
931 1573 1020 1627 τὸν
1067 1571 1298 1639 στρατὸν
1346 1572 1428 1633 είς
1471 1569 1565 1623 δύο
1624 1567 1967 1639 μερίζεσθαι,

386 1668 484 1722 καὶ
526 1667 586 1719 τὸ
617 1665 715 1735 μὲν
760 1664 818 1717 ἓν
853 1664 1016 1734 μέρος
1054 1663 1352 1733 λαμϐάνειν
1383 1662 1416 1732 ἢ
1448 1662 1539 1715 τὸν
1576 1662 1883 1731 μεράρχην,
1912 1660 1971 1711 ὃν

384 1761 430 1812 oi
466 1757 685 1811 παλαιοὶ
716 1755 1131 1825 ὑποστράτηγον
1174 1753 1379 1822 ἔλεγον,
1407 1753 1441 1822 ἦ
1471 1753 1561 1806 τὸν
1588 1752 1965 1823 τουρμάρχην,

386 1850 418 1920 ἦ
445 1852 617 1903 ὁποῖοι
643 1849 905 1917 ἄρχοντες
929 1846 1025 1916 τὴν
1066 1846 1253 1914 ἔφοδον
1282 1844 1581 1899 ποιοῦνται.
1614 1842 1719 1896 Δύο
1750 1844 1968 1905 πάντως

382 1944 655 2014 ἄρχοντας
701 1939 918 2011 πρῶτον
958 1940 1053 1993 καὶ
1082 1938 1333 2008 δεύτερον
1374 1939 1453 2000 είς
1494 1936 1561 1990 τὰ
1584 1936 1674 1989 δύο
1702 1936 1845 2005 μέρη
1872 1933 1972 1988 ἕνα

385 2033 509 2088 καθ’
536 2033 769 2086 ἕκαστον
819 2029 1142 2100 ἐπιστῆσαι,
1199 2030 1293 2082 καὶ
1340 2029 1403 2082 τὸ
1436 2028 1533 2098 μὲν
1568 2026 1626 2080 ἒν
1678 2026 1863 2096 μέρος,
1894 2023 1970 2086 ώς

386 2126 621 2196 εἴρηται,
648 2122 741 2175 τὸν
762 2122 859 2175 ἕνα
876 2121 1113 2191 ἄρχοντα
1130 2119 1477 2190 ὲξάπληκτον
1500 2118 1667 2188 ἔχειν,
1684 2118 1780 2170 καὶ
1800 2115 1971 2186 χωρὶς

386 2218 635 2281 τούλδου,
682 2216 777 2267 καὶ
820 2215 1199 2281 προκόπτοντα
1238 2213 1312 2275 ώς
1341 2219 1400 2265 ιε’
1439 2218 1534 2265 καὶ
1563 2218 1606 2264 κ’
1636 2210 1829 2279 μιλίων
1852 2207 1971 2261 διά-

388 2325 571 2380 στημα
611 2306 697 2360 διὰ
736 2305 917 2358 τόπων
965 2305 1263 2373 ἀγνώστων
1304 2303 1514 2357 ἐκεῖθεν
1547 2301 1813 2373 ἄρχεσθαι
1868 2299 1969 2368 τῆς

387 2400 618 2470 πραίδας
646 2397 786 2449 ὥστε
812 2397 905 2448 ἐπὶ
926 2398 988 2448 τὸ
1016 2396 1179 2467 μέρος
1217 2394 1311 2447 τοῦ
1339 2393 1648 2465 στρατηγοῦ
1674 2390 1930 2461 ἔρχεσθαι
1951 2404 1967 2419 ·

387 2493 481 2544 τὸν
522 2487 827 2558 στρατηγὸν
873 2487 1065 2555 ἔχοντα
1090 2486 1149 2538 τὸ
1178 2485 1307 2539 ἄλλο
1344 2488 1510 2555 μέρος
1541 2484 1629 2536 διὰ
1654 2483 1749 2551 τῆς
1777 2481 1971 2551 ἑτέρας

387 2577 564 2648 ἀρχῆς
608 2576 717 2628 τῶν
763 2574 979 2645 χωρίων
1028 2573 1331 2627 εἰσϐάλλειν
1361 2574 1456 2627 καὶ
1507 2570 1845 2643 πραιδεύειν,
1876 2570 1973 2622 καὶ

387 2668 731 2738 ἀμφοτέρους
780 2669 860 2728 εἰς
908 2664 1154 2732 άπαντὴν
1179 2664 1422 2735 ἀλλήλων
1472 2662 1825 2733 ἐρχομένους,
1880 2659 1974 2714 καὶ

390 2757 787 2829 πραιδεύοντας
824 2758 891 2811 τά
924 2760 981 2810 ὲν
1014 2758 1165 2828 μέσῳ
1192 2757 1390 2827 χωρία,
1423 2758 1482 2809 ὲν
1505 2748 1551 2824 ᾧ
1578 2753 1973 2823 συμφθάσωσιν

390 2856 470 2917 είς
498 2852 758 2924 ἑσπέραν,
803 2846 981 2905 ἐκεῖσε
1012 2854 1069 2905 ὲν
1095 2851 1173 2921 τῷ
1200 2850 1313 2920 ἅμα
1338 2848 1675 2903 ἁπλικευειν.
1722 2847 1815 2899 Ἐκ
1853 2844 1975 2898 τού-

389 2964 483 3001 του
516 2945 623 3016 γὰρ
656 2945 751 2998 καὶ
798 2944 1058 3013 ἀσφαλῶς
1086 2945 1119 3013 ἡ
1160 2943 1476 3011 ἐγχείρησις
1525 2939 1756 3007 γίνεται,
1798 2936 1894 2991 καὶ
1921 2938 1971 2989 οἱ

390 3038 778 3107 διαφεύγοντες
825 3036 933 3089 τῶν
991 3035 1203 3106 ἐχθρῶν
1247 3034 1338 3088 τὸν
1386 3033 1483 3086 ἕνα
1513 3031 1692 3085 αὐτῶν
1718 3030 1796 3100 τῷ
1827 3029 1974 3099 ἄλλῳ

394 3131 821 3201 περιπίπτουσιν
850 3130 1150 3201 ἀδοκήτως,
1182 3127 1300 3198 μηδ’
1337 3124 1770 3194 ὲπισυναχθῆναι
1815 3121 1973 3175 δυνά-

398 3237 571 3288 μενοι.

467 3402 568 3464 νγ’.
613 3396 673 3447 Et
711 3394 768 3447 δὲ
823 3393 924 3465 μία
964 3393 1111 3445 ἐστὶν
1141 3393 1175 3463 ἡ
1221 3390 1504 3460 ἐπιτηδεία
1535 3389 1651 3453 ὁδὸς
1692 3389 1759 3441 δι’
1787 3385 1854 3461 ἧς
1878 3390 1977 3459 τὴν

397 3488 648 3558 εἰσϐολὴν
701 3486 844 3539 κατά
891 3484 990 3556 τὴν
1040 3484 1149 3537 τῶν
1188 3483 1400 3554 ἐχθρῶν
1429 3482 1653 3536 δυνατὸν
1687 3480 1974 3549 γενέσθαι,

397 3580 504 3652 χρὴ
536 3579 630 3631 καὶ
678 3576 851 3640 οὕτως
896 3576 987 3628 τὸν
1032 3574 1264 3645 στρατὸν
1313 3572 1733 3642 διανεμηθῆναι.
1778 3571 1885 3624 Καὶ
1918 3570 1980 3623 τὸ

400 3672 501 3742 μὲν
530 3670 727 3741 δίοιρον
747 3669 859 3740 (37)
888 3667 1055 3721 αὑτοῦ
1084 3668 1117 3738 ἢ
1144 3668 1232 3720 κα¹ι
1253 3666 1314 3719 τὸ
1336 3665 1496 3718 πλέον
1519 3664 1711 3718 τούτου
1743 3663 1979 3733 ἐξάπλη-

400 3779 529 3815 κτον
566 3762 658 3815 καὶ
701 3759 1002 3830 ὲνδύναμον
1049 3759 1141 3813 τὸν
1190 3756 1607 3828 ὑποστράτηγον
1658 3754 1976 3824 λαμϐάνειν,

402 3853 497 3907 καὶ
531 3852 667 3922 μετὰ
692 3849 788 3904 τοῦ
819 3850 948 3903 ἰδίου
971 3847 1136 3904 αὑτοῦ
1164 3850 1221 3901 ὲν
1247 3841 1291 3915 ᾧ
1314 3846 1476 3908 αὐτὸς
1505 3845 1765 3899 τάσσεται
1787 3842 1979 3913 βάνδου

402 3944 713 4017 ἔμπροσθεν
744 3945 964 3998 πάντων
1002 3940 1447 4013 προηγήσασθαι,
1483 3938 1680 4009 ἔχοντα
1711 3936 1829 4006 μεθ’
1861 3938 1984 3989 ἐαυ-

399 4034 495 4089 τοῦ
522 4035 729 4097 πάντας
754 4034 879 4095 τοὺς
910 4033 1016 4087 τῶν
1046 4031 1348 4101 ταγμάτων
1375 4028 1542 4081 αὑτοῦ
1570 4027 1860 4098 ἄρχοντας,
1888 4026 1982 4080 καὶ

399 4129 527 4181 ὅταν
558 4126 635 4196 τῷ
677 4125 881 4197 πρώτῳ
909 4124 1095 4197 χωρίῳ
1137 4124 1336 4193 ἐπιστῇ
1373 4120 1509 4192 πρὸς
1538 4120 1637 4190 τὴν
1669 4119 1834 4172 αὐτοῦ
1889 4117 1982 4169 δύ-

402 4236 592 4289 ναμιν,
645 4216 945 4288 ἀφορίζειν,
996 4214 1106 4269 εἴτε
1169 4214 1250 4277 ἓν,
1309 4215 1420 4267 εἴτε
1480 4210 1574 4264 δύο
1620 4210 1804 4281 βάνδα,
1842 4208 1985 4262 ὥστε

398 4311 523 4371 τοὺς
561 4307 661 4377 μὲν
710 4307 1044 4378 πραιδεύειν,
1079 4306 1205 4367 τοὺς
1247 4304 1304 4358 δὲ
1335 4304 1629 4372 φυλάττειν
1656 4302 1779 4365 τοὺς
1817 4317 1983 4371 πραι-

398 4401 705 4464 δευθέντας.

2066 847 2230 901 alicui
2285 848 2437 916 prius
2478 847 2875 915 perlustrandae
2920 858 3071 908 sunt,
3139 850 3323 917 itaque
3380 850 3529 905 acies
3560 850 3648 902 in-

2066 937 2347 993 struendae
2377 946 2435 990 ut
2490 940 2663 991 sciant
2698 953 2890 992 omnes
2922 952 3042 1008 qua:
3068 939 3268 993 cohors
3291 940 3485 1009 prima,
3516 953 3640 1008 qua

2067 1032 2331 1097 secunda,
2351 1045 2471 1100 quae
2497 1031 2659 1084 tertia
2676 1046 2797 1084 esse
2813 1029 3038 1093 debeat;
3061 1043 3222 1100 atque
3248 1033 3325 1085 ita
3358 1048 3424 1085 ex
3457 1033 3654 1087 ordine

2068 1123 2366 1187 ambulent,
2394 1123 2439 1175 si
2482 1136 2577 1191 per
2603 1123 2887 1191 angustias
2910 1122 3125 1192 aliquas
3164 1124 3453 1177 transituri
3491 1124 3600 1178 sint
3635 1163 3651 1187 ,

2064 1217 2179 1264 tum
2239 1212 2404 1265 etiam
2460 1221 2519 1263 ut
2572 1226 2639 1265 ne
2682 1212 2899 1267 tardius
2958 1212 3013 1265 in
3056 1212 3305 1268 ordinem
3337 1213 3647 1269 aridum-udi

2070 1311 2220 1365 sunt,
2281 1302 2657 1356 instruantur.

2142 1394 2231 1448 52.
2266 1394 2458 1447 Subita
2489 1394 2739 1447 incursio
2793 1394 2975 1464 aliqua
3007 1396 3054 1449 si
3094 1394 3276 1449 futura
3324 1397 3415 1460 sit,
3464 1397 3507 1451 si
3556 1409 3654 1466 per

2071 1484 2182 1538 duo
2211 1485 2331 1538 loca
2362 1485 2467 1538 iter
2500 1484 2853 1539 commodum
2886 1485 3002 1538 ﬁeri
3030 1494 3236 1554 potest,
3272 1486 3323 1539 in
3360 1487 3499 1540 duas
3522 1502 3652 1555 par-

2073 1585 2155 1629 tes
2188 1577 2471 1630 exercitus
2493 1575 2792 1639 dividatur,
2827 1584 2881 1629 et
2914 1576 3071 1629 alteri
3113 1579 3253 1646 parti
3312 1579 3498 1647 praesit
3536 1595 3653 1632 me-

2074 1664 2294 1729 rarcha,
2334 1679 2499 1735 quem
2532 1664 2746 1733 antiqui
2803 1666 3134 1733 principem,
3172 1666 3290 1720 sive
3348 1682 3655 1737 proprmto-

2076 1772 2191 1812 rem
2221 1759 2515 1824 vocabant,
2547 1758 2642 1827 qui
2672 1758 3169 1812 etiamturmarcha
3211 1759 3438 1813 dicitur.
3478 1762 3653 1825 Quot-

2069 1864 2287 1919 cunque
2306 1850 2454 1904 enim
2492 1857 2544 1903 et
2568 1850 2984 1919 qualescunque
3014 1850 3264 1905 homines
3300 1852 3502 1906 fuerint
3556 1851 3653 1921 qui

2074 1942 2450 1996 incursionem
2507 1939 2705 1995 [actiui
2762 1951 2916 2008 sunt,
2975 1941 3119 1996 duos
3177 1943 3304 1997 illos
3365 1944 3654 2013 praefectos

2081 2034 2316 2103 primum
2353 2032 2771 2103 secundumque
2801 2031 3033 2104 deliges.
3065 2035 3243 2103 Atque
3304 2036 3473 2089 altera
3524 2034 3655 2105 qui-

2076 2126 2199 2180 dem
2228 2140 2376 2195 pars,
2410 2124 2874 2195 quemadmodum
2926 2134 3052 2179 ante
3091 2124 3230 2193 dixi,
3291 2127 3547 2198 expedita
3600 2135 3656 2181 et

2074 2217 2196 2271 sine
2226 2216 2355 2270 ullis
2380 2216 2790 2284 impedimentis
2838 2216 3119 2285 procedat,
3176 2226 3230 2271 et
3264 2228 3553 2288 postquam
3584 2219 3653 2274 ad

2072 2306 2394 2378 quindecim
2441 2306 2527 2360 vel
2587 2305 2782 2377 viginti
2819 2306 3133 2360 milliarium
3184 2308 3533 2363 intervallum
3586 2314 3654 2365 ah

2073 2400 2197 2453 aliis
2222 2398 2522 2461 ahfuerint,
2556 2414 2653 2468 per
2672 2400 2789 2452 ioca
2816 2399 3096 2469 incognita
3136 2408 3304 2469 atque
3326 2416 3395 2454 ex
3427 2402 3658 2473 obliquo

2075 2491 2249 2560 posita
2298 2490 2531 2559 praedari
2599 2490 2888 2559 incipiant,
2929 2489 3088 2558 quasi
3137 2490 3208 2543 ad
3265 2490 3657 2560 imperatorem

2072 2582 2261 2636 venire
2287 2581 2509 2635 vellent.
2574 2580 2879 2649 Imperator
2909 2587 3094 2634 autem
3144 2580 3413 2650 reliquam
3442 2590 3654 2652 partem

2077 2675 2306 2739 habens,
2341 2672 2566 2728 aliunde
2598 2673 2843 2744 regionis
2902 2672 3174 2743 incipiens
3207 2674 3382 2728 irruat
3407 2684 3463 2729 et
3512 2690 3655 2745 pras-

2074 2768 2255 2832 detur,
2284 2778 2447 2836 atque
2484 2765 2623 2820 adeo
2655 2765 2881 2835 utrique
2934 2767 3189 2821 cominus
3238 2768 3304 2819 ad
3362 2782 3422 2822 se
3463 2776 3656 2822 mutuo

2076 2863 2376 2920 venientes,
2407 2872 2529 2926 quae
2557 2857 2609 2909 in
2643 2856 2822 2910 medio
2848 2858 3027 2925 posita
3068 2866 3197 2911 sunt
3232 2857 3350 2911 loca
3407 2860 3653 2929 depopu-

2076 2949 2276 3012 lentur,
2308 2948 2483 3003 donec
2511 2946 2579 3001 ad
2604 2962 2885 3017 vesperam
2939 2963 3109 3001 unum
3141 2948 3194 3001 in
3227 2949 3406 3002 locum
3463 2965 3655 3019 perve-

2078 3040 2257 3092 niant.
2296 3037 2409 3092 lloc
2441 3039 2603 3093 modo
2628 3039 2719 3094 ﬁet
2752 3049 2809 3092 ut
2839 3047 2954 3092 tuta
2986 3038 3235 3093 incursio
3293 3040 3345 3093 in
3386 3040 3507 3094 illos
3539 3041 3655 3106 iiat,

2078 3138 2133 3184 et
2159 3131 2347 3185 hostes
2364 3131 2458 3201 qui
2492 3131 2548 3185 in
2592 3132 2821 3187 alteram
2848 3143 3059 3202 partem
3094 3130 3429 3202 aufugerim,
3470 3134 3523 3187 in
3574 3134 3657 3188 al-

2080 3231 2254 3276 teram
2289 3222 2357 3277 de
2391 3224 2691 3292 improviso
2744 3223 2993 3278 incidant
3043 3242 3057 3277 :
3118 3238 3299 3294 neque
3356 3226 3659 3281 convenire

2078 3330 2249 3368 unum
2281 3316 2335 3369 in
2369 3318 2548 3369 locum
2574 3314 2813 3384 possint.

2152 3406 2241 3460 53.
2292 3406 2350 3459 Si
2384 3420 2493 3460 una
2558 3414 2772 3460 tantum
2818 3404 3017 3460 idonea
3066 3407 3152 3461 via
3192 3409 3285 3472 sit,
3345 3424 3443 3479 per
3487 3425 3655 3480 quam

2082 3497 2315 3566 irruptio
2344 3497 2398 3551 in
2437 3497 2625 3553 hostes
2649 3496 2898 3552 iacienda
2933 3498 3024 3562 sit,
3060 3498 3163 3552 hoc
3192 3500 3353 3555 modo
3383 3503 3658 3556 exercitus

2082 3589 2378 3643 dividatur.
2409 3588 2595 3644 Bessis
2624 3589 2766 3658 ejus,
2794 3596 2886 3641 aut
2916 3604 2982 3642 eo
3006 3589 3243 3658 amplius
3270 3590 3338 3644 ab
3376 3592 3660 3661 hypostra-

2082 3689 2228 3751 tego,
2264 3681 2316 3735 id
2346 3692 2450 3747 est,
2495 3681 2745 3752 principe
2780 3682 2896 3736 sive
2929 3693 3268 3752 propraetore
3312 3692 3537 3740 strenua
3576 3697 3660 3741 at-

2082 3787 2191 3840 que
2226 3772 2481 3842 expedita
2519 3773 2793 3842 capiatur,
2859 3781 2913 3828 et
2966 3776 3069 3829 sub
3095 3789 3162 3830 eo
3231 3790 3449 3846 quoque
3498 3792 3659 3831 suum

2086 3863 2322 3919 handum
2359 3864 2431 3918 sit
2476 3881 2489 3917 :
2539 3864 2803 3933 princeps
2860 3873 3042 3919 autem
3074 3867 3375 3936 assumptis
3432 3868 3663 3935 reliquis

2084 3957 2328 4011 omnium
2356 3955 2668 4011 cohortium
2730 3970 2955 4010 suarum
3012 3956 3312 4025 praefectis,
3348 3967 3475 4011 ante
3528 3959 3661 4013 reli-

2085 4065 2226 4117 quos
2286 4062 2479 4103 omnes
2537 4047 2828 4117 procedat,
2875 4055 3038 4117 atque
3085 4049 3175 4104 ubi
3226 4052 3404 4119 primo
3436 4052 3491 4104 in
3538 4052 3665 4107 loco

2085 4142 2420 4205 constiterit,
2464 4155 2493 4195 e
2520 4140 2697 4209 copiis
2726 4140 2842 4194 suis
2876 4154 3042 4193 unam
3095 4147 3262 4210 atque
3311 4142 3537 4197 alteram
3573 4158 3665 4199 co-

2086 4233 2301 4287 hortem
2340 4240 2608 4302 segreget,
2642 4238 2701 4285 ut
2736 4232 2829 4286 alii
2886 4230 3222 4303 praedeutur,
3260 4234 3351 4289 alii
3389 4233 3663 4305 praedato-

2087 4341 2178 4383 res
2203 4326 2272 4382 ab
2304 4325 2505 4396 injuria
2532 4332 2883 4381 conservent.

473 4492 568 4546 νδ’.
618 4492 797 4546 Καλὸν
837 4492 894 4546 δέ
943 4492 1092 4545 ἐστιν
1121 4492 1178 4543 ὲν
1226 4492 1337 4553 τοῖς
1370 4488 1606 4560 πρώτοις
1642 4487 1862 4560 χωρίοις
1903 4486 1976 4557 μὴ

2158 4508 2249 4562 54.
2296 4504 2557 4572 Quamvis
2615 4505 2857 4574 spatiosa
2900 4504 3022 4559 loca
3074 4503 3304 4569 fuerint,
3353 4521 3422 4562 ne
3482 4513 3667 4562 tamen

400 4584 571 4637 πολλὰ
604 4584 769 4655 eavea
812 4582 1193 4655 ἀφορίζεσθαι,
1224 4583 1327 4635 κᾶν
1369 4584 1418 4634 ει
1460 4581 1672 4651 μεγάλα
1703 4579 1980 4653 συμϐαίνει

397 4677 469 4728 τὰ
516 4675 690 4746 χωρία
746 4671 905 4729 εἶναι.
977 4672 1402 4743 Ἐπιφθάζοντος
1454 4670 1564 4741 γὰρ
1613 4670 1838 4724 ὄπισθεν
1887 4668 1980 4722 τοῦ

402 4768 641 4839 στρατοῦ
687 4768 747 4820 οὐ
781 4768 979 4822 δίδοται
1020 4767 1208 4839 καιρὸς
1241 4765 1751 4827 ἀντικαταστάσεως
1783 4764 1895 4826 τοῖς
1926 4764 1984 4815 ὲν

402 4862 587 4923 αὐτοῖς
629 4857 1062 4929 εὑρισκομένοις.
1114 4857 1405 4927 Συντόμως
1432 4855 1525 4910 τὸν
1568 4856 1984 4926 ὑποστράτηγον

401 4952 496 5006 ἐπὶ
526 4952 594 5004 τὰ
630 4952 818 5021 πρόσω
851 4951 948 5021 τὴν
986 4950 1220 5022 πάροδον
1270 4948 1596 5023 ποιούμενον
1648 4947 1849 5019 ὁμοίως
1892 4946 1987 4999 καὶ

402 5047 481 5108 εἰς
506 5044 574 5096 τά
604 5042 769 5096 λοιπὰ
811 5044 987 5113 χωρία
1014 5041 1236 5111 ἑφεξῆς,
1278 5042 1438 5096 τοῦτο
1480 5042 1654 5095 ποιεῖν
1686 5040 1880 5112 μέχρις
1920 5038 1989 5093 ἂν

404 5134 787 5204 ὲπαρκὲσωσιν
837 5134 907 5186 τὰ
965 5132 1171 5205 παρασὶ
1224 5131 1478 5202 διδόμενα
1514 5131 1629 5201 (58)
1689 5128 1842 5201 αὐτῷ
1892 5128 1989 5181 τά-

404 5243 612 5296 γματα.
646 5225 820 5280 Αὐτὸν
853 5224 1268 5295 ὑποστράτηγον
1302 5222 1554 5292 ἐξωτέρω
1593 5222 1811 5276 πάντων
1841 5221 1991 5290 εὑρι-

405 5320 673 5390 σκόμενον
701 5319 781 5372 δεῖ
817 5318 947 5390 τρία
977 5318 1010 5388 ἢ
1042 5317 1286 5386 τέσσαρα
1329 5315 1496 5386 βάνδα
1527 5314 1654 5386 ἄχρι
1679 5314 1867 5385 χιλίων
1898 5316 1989 5368 ἁν-

404 5412 547 5482 δρῶν
584 5412 869 5481 χρησίμων
917 5411 1045 5479 περὶ
1095 5408 1258 5460 αὐτὸν
1302 5406 1470 5476 ἔχειν,
1515 5405 1620 5467 ἓως
1655 5404 1866 5467 τελείας
1898 5404 1989 5459 τοῦ

408 5506 734 5574 πράγματος
765 5502 1067 5563 ἐκϐάσεως,
1106 5501 1273 5571 ἤγουν
1312 5498 1414 5566 τῆς
1463 5495 1677 5565 ἐφόδου,
1718 5496 1806 5549 ἴνα
1839 5496 1997 5566 βίγλα

406 5596 640 5667 ἀκριϐὴς
672 5597 768 5648 καὶ
801 5593 1075 5663 ἀσφάλεια
1100 5594 1210 5651 τοῖς
1237 5590 1442 5652 λοιποῖς
1469 5586 1722 5656 γένηται.

2092 4601 2293 4653 inultas
2322 4597 2581 4651 cohortes
2636 4596 2831 4666 primis
2888 4597 2941 4650 in
3008 4596 3145 4651 locis
3194 4612 3446 4665 separes:
3506 4596 3665 4652 festi-

2092 4698 2258 4745 nante
2282 4689 2429 4743 enim
2466 4704 2494 4741 a
2523 4696 2675 4757 tergo
2697 4688 2966 4752 exercitu,
3000 4687 3188 4742 nullus
3221 4687 3377 4741 locus
3405 4687 3669 4756 relinqui-

2094 4788 2185 4833 tur
2216 4779 2480 4833 adversus
2501 4792 2597 4833 eos
2633 4792 2693 4832 se
2724 4777 3056 4841 instruendi,
3094 4786 3147 4829 et
3195 4777 3314 4830 sine
3354 4776 3463 4830 ulla
3516 4792 3673 4831 more

2096 4873 2352 4942 princeps
2375 4885 2593 4940 semper
2646 4869 2879 4923 ulterius
2934 4867 3339 4937 progrediatur.
3403 4866 3672 4923 Similiter

2099 4962 2327 5032 reliquis
2362 4960 2416 5014 in
2448 4960 2589 5016 locis
2616 4958 2718 5012 hoc
2745 4956 2930 5021 faciat,
2970 4954 3217 5025 quandiu
3277 4957 3356 5010 illi
3408 4957 3677 5011 cohortes

2098 5054 2313 5108 tradin
2341 5052 2638 5106 adfuerint.
2672 5048 2987 5118 Principem
3032 5063 3161 5102 vero
3194 5047 3374 5117 ipsum
3398 5055 3525 5102 ante
3552 5063 3665 5101 om.

2097 5159 2195 5198 nes
2228 5143 2367 5198 alios
2391 5140 2805 5213 procedentem,
2839 5138 2946 5192 tria
2973 5147 3067 5191 aut
3094 5147 3331 5208 quatuor
3390 5137 3567 5190 handa
3599 5136 3673 5189 ad

2097 5236 2245 5290 mille
2285 5236 2529 5288 virorum
2554 5246 2845 5285 numerum
2899 5245 3090 5285 secum
3146 5231 3345 5285 haheat
3396 5242 3569 5298 usque
3605 5229 3679 5283 ad

2097 5327 2400 5398 perfectum
2433 5325 2511 5379 rei
2537 5322 2703 5391 hujus
2748 5322 2866 5377 sive
2921 5321 3261 5378 incursionis
3319 5321 3552 5385 exitum,
3613 5330 3679 5375 ut

2096 5418 2343 5475 excubiae
2377 5416 2591 5471 exteris
2616 5421 2891 5469 accuratae
2920 5413 3071 5469 ﬁant.

1944 5679 2175 5735 NOT/E.

482 5802 591 5871 ('56)
626 5801 748 5869 Χρὴ
784 5800 909 5855 τοῦ.
942 5796 1083 5852 Puto
1111 5798 1278 5871 scrib.
1311 5798 1417 5868 χρὴ
1448 5799 1510 5851 ὲκ
1541 5798 1657 5852 τοῦ.

485 5875 857 5941 (ὖἹὶΔίοιρον.
892 5871 1107 5937 Scribe,
1131 5870 1396 5941 δίμοιρον.

2173 5798 2285 5867 (58)
2325 5798 2398 5853 Τὰ
2442 5750 2682 5868 παρασί.
2711 5797 3011 5869 διδόμενα.
3046 5797 3259 5864 Scribe,
3294 5797 3362 5852 τά
3394 5796 3684 5869 παραδιδό-

2108 5886 2266 5940 μενα.
